4076 5310
608 221 748 284 1083

597 428 785 486 cissitn
806 432 874 488 ad
894 435 1307 507 obpugnationis
1320 448 1558 505 studium
1585 428 1955 529 succedentes,
1976 466 2176 533 nullam

596 515 706 573 illis
752 520 833 575 vel
866 522 1140 602 paululum
1188 532 1488 601 respirandi
1538 538 1606 572 "°
1653 546 1863 615 copiam
1910 550 2172 624 facerent,

594 610 953 685 suspicantes,
978 617 1117 684 quod
1145 631 1364 691 propter
1384 626 1618 699 inopiam
1642 650 1822 693 rerum
1847 646 2087 712 omnium
2107 649 2172 681 δυ

593 696 787 767 quibus
834 701 939 756 vita
969 699 1204 763 humana
1251 719 1546 773 sustentari
1580 723 1742 791 solet,
1772 727 2064 800 dimicandi
2094 737 2173 794 la-

588 786 777 844 borem
809 807 917 856 non
966 796 1057 852 diu
1089 800 1367 862 toleraturi
1399 808 1594 868 forent.
1626 816 1705 872 Ita
1736 794 2019 891 christiani
2060 840 2171 891 toto

584 892 903 951 paraseeve,
936 894 1046 953 toto
1076 892 1301 952 sabbato
1324 897 1393 930 δι’
1422 915 1612 961 sancto
1651 925 1821 983 usque
1849 919 1915 972 ad
1948 924 2168 985 terciam

587 964 614 985 ..
730 971 746 985 .

584 964 702 1026 fere
730 971 931 1055 horam
953 984 1222 1048 paschalis
1270 990 1376 1046 diei
1406 994 1592 1062 (Mart.
1622 964 1823 1077 25,57).
1845 1009 1963 1067 sine
1994 980 2163 1075 intere

582 1062 841 1135 missione
862 1069 1342 1149 obpugnabantur;
1377 1100 1476 1142 nec
1503 1089 1584 1145 eis
1614 1062 1825 1153 hostilis
1848 1100 2164 1171 itnprobLtas

579 1154 664 1207 vel
696 1158 966 1237 tnodirutn
1003 1171 1259 1238 temporis
1292 1186 1582 1247 pttnctum,
1630 1201 1738 1255 quo
1764 1191 1956 1248 saltem
1989 1201 2161 1256 somni

576 1252 928 1328 perceptione
958 1273 1183 1331 corpora
1214 1281 1543 1338 recrearent,
1568 1275 1895 1351 indulgebat.
1930 1286 2063 1344 Nam
2090 1293 2160 1347 “9

578 1332 758 1407 cibum
789 1356 843 1399 et
878 1360 1058 1417 pottnu
1082 1394 1096 1418 ,
1128 1371 1229 1411 nec
1260 1370 1487 1418 mortem
1535 1382 1646 1437 pra:
1678 1374 1848 1430 oculis
1876 1378 2156 1454 habentes,

579 1430 846 1454 -|...'—.l«-A'
878 1452 889 1454 Α
948 1448 959 1454 ‘
1190 1447 1202 1454 ³

574 1430 983 1506 desiderabant,
1015 1458 1134 1512 nec,
1159 1447 1202 1501 si
1232 1464 1557 1530 magnopere
1583 1461 2003 1543 desideraretur,
2029 1430 2156 1543 quid

573 1533 874 1590 sumerem,
907 1532 1149 1590 omnium
1198 1538 1418 1611 inopes,
1459 1545 1865 1611 habebant”.
1912 1536 2157 1635 Cumque

574 1608 663 1665 die
692 1615 883 1683 tercio,
931 1618 1115 1679 labore
1158 1636 1213 1681 et
1248 1629 1422 1689 inedia
1453 1639 1721 1711 exhausti,
1756 1646 1822 1708 ad
1849 1608 2152 1710 extrembm

570 1704 964 1775 pervenissent,
996 1723 1048 1764 et
1083 1713 1241 1771 fortia
1275 1706 1599 1805 plerumque
1636 1743 1862 1790 conatos
1883 1737 1951 1771 ⁴¹⁸
1984 1742 2153 1801 virtus
2186 1719 2226 1778 Β

563 1788 772 1866 jejunio
831 1797 1058 1858 infracta
1108 1806 1506 1884 frustraretur,
1555 1802 1772 1890 quidam
1812 1843 1876 1883 ex
1922 1848 2151 1893 numero

566 1876 989 1952 presbiterorum
1011 1888 1356 1971 exclamavit,
1385 1924 1488 1964 non
1514 1896 1659 1969 recte
1680 1932 1773 1975 eos
1798 1936 1977 1992 agere,
2006 1930 2149 1997 quod

566 1972 617 1997 ,_
651 1991 711 1997 μ
912 1984 925 1997 .
1030 1989 1043 1997 .

560 2257 744 2318 pterea
777 2256 990 2324 plaeete
1019 2264 1118 2319 sib’
1139 2307 1153 2333 ,
1189 2278 1244 2322 ttt
1269 2286 1328 2325 se
1357 2274 1649 2347 dederent,
1683 2291 1993 2365 praesertim
2014 2310 2139 2351 cum

560 2340 626 2365 ...2
652 2343 767 2365 In-..
842 2347 854 2365 9
1014 2355 1025 2365 ⁸
1104 2358 1113 2365 ·
1257 2361 1269 2365 ⁸

559 2340 805 2400 triduana
831 2347 944 2415 jam
976 2355 1303 2414 abstinentia
1339 2365 1666 2427 militaribus
1715 2376 1874 2435 rebus
1919 2360 2015 2449 eos
2058 2385 2141 2441 in.

554 2429 714 2487 utiles
744 2449 967 2504 prorsus
1000 2446 1359 2519 reddidisset;
1393 2471 1498 2511 non
1526 2473 1647 2516 esse
1678 2464 1789 2521 Deo
1818 2443 2034 2528 ditlieile
2080 2485 2139 2551 ut

554 2518 748 2551 Δωρὶς..
780 2526 855 2551 ηε..
892 2538 934 2551 Δ.
968 2532 1025 2551 -.1.
1067 2535 1079 2551 ι
1172 2546 1180 2551 .
1328 2542 1339 2551 .
1389 2543 1401 2551 .

552 2518 752 2577 deditis
777 2526 858 2582 eis
886 2538 940 2584 et
964 2532 1033 2586 ab
1065 2535 1219 2592 hoste
1257 2542 1358 2596 snb
1379 2543 1567 2617 jugum
1601 2551 1780 2609 missis
1821 2545 2135 2627 miseriter;

550 2611 699 2668 diam
736 2631 1038 2691 praestaret,
1077 2631 1167 2697 qui
1219 2649 1347 2692 suos
1399 2643 1595 2699 totiens
1635 2649 1802 2704 etiam
1847 2652 1900 2723 in
1946 2656 2133 2714 ultima

550 2706 880 2765 necessitate
912 2717 1197 2777 conclusos
1226 2726 1550 2786 mirabiliter
1572 2734 1893 2810 liberasset;
1933 2755 1990 2800 ut
2032 2753 2134 2806 hoc

545 2806 761 2863 quoque
792 2799 1041 2873 inferret,
1075 2809 1338 2871 barbaros
1371 2835 1711 2894 nequaquam
1740 2842 1962 2902 propter
1986 2836 2131 2907 ipsos

545 2882 913 2907 ..ηηειημμέ-
1000 2904 1008 2907 μ
1168 2900 1199 2907 -λ
1269 2906 1274 2907 ν

1455 2882 1470 2890 -
1566 2882 1579 2894 ι
1740 2882 1790 2899 r‘
1812 2882 1951 2902 ’1⁷⁷⁷⁸
1986 2882 1999 2890 ⁵
2045 2882 2128 2895 vv“

543 2882 873 2944 occilendos
900 2900 1049 2949 tanto
1076 2900 1353 2962 molimine
1381 2915 1763 2989 grassarhsed
1787 2930 1844 2976 ut
1871 2882 2128 2994 pecuiiias

541 2983 730 3028 eorum
763 2978 1066 3051 auferrent;
1097 2991 1294 3059 quibus
1341 2999 1387 3053 si
1431 2988 1586 3070 petiti
1625 2978 1887 3078 fuissent:
1929 3015 2125 3077 liberos
2155 3032 2196 3081 ιζ

541 3073 638 3115 eos
664 3063 917 3138 deinceps
948 3071 1289 3152 intactosque
1306 3087 1424 3144 sine
1455 3094 1533 3165 vi,
1553 3096 1673 3154 sine
1698 3100 1943 3161 molestia
1972 3109 2123 3167 abire
2153 3087 2196 3120 υ

540 3165 820 3220 passuros.
867 3160 1088 3228 Placnit,
1105 3175 1392 3234 consilium
1422 3164 1696 3255 omnibus,
1740 3196 2034 3268 statimque
2056 3204 2124 3257 ab

1683 3246 1696 3255 ,
1751 3246 2033 3268 ἥκητ--
2056 3246 2122 3257 ..υ

541 3246 709 3301 armis
737 3251 803 3303 ad
834 3268 1026 3322 preces
1052 3262 1216 3332 v'et'si,
1261 3286 1359 3339 per
1382 3273 1758 3351 interpretem,
1806 3297 1863 3341 ιιι
1889 3305 1942 3344 ιιι
1973 3293 2124 3350 dedi-

539 3335 748 3394 cionetu
779 3347 1178 3422 acciperentur,
1212 3362 1465 3431 orabant.
1515 3371 1631 3439 Quo
1668 3390 1977 3448 comperto,
2011 3386 2117 3442 dux

548 3427 568 3448 ,
588 3430 664 3448 __.
862 3439 872 3448 .

1276 3427 1279 3431 ,
1525 3427 1559 3439 η
1610 3427 1621 3428 ,
1676 3427 1977 3448 --__-,-.--,
2013 3427 2117 3442 ..η

535 3427 773 3490 Arabum
824 3439 992 3497 citato
1036 3461 1176 3519 equo
1219 3453 1270 3506 in
1302 3457 1508 3524 primos
1537 3464 1791 3536 advolat,
1829 3483 1884 3527 et
1909 3485 2117 3534 ceteros

534 3521 751 3587 quidem
799 3527 1013 3603 longius
1043 3552 1382 3612 summovet,
1411 3536 1627 3616 cavens,
1658 3573 1748 3621 ne,
1784 3570 1986 3621 temere
2018 3569 2116 3622 ad-

536 3610 702 3669 missa
749 3622 1139 3697 multitudine,
1192 3628 1370 3704 praeda
1426 3645 1653 3709 confuse
1698 3651 2111 3715 distraheretur.

532 3698 653 3771 ipse
697 3707 883 3766 decem
928 3725 984 3771 et
1036 3733 1242 3792 septem
1287 3729 1735 3796 Itonoratissimos
1781 3748 1957 3815 gentis
2005 3766 2115 3806 suae

529 3809 715 3853 secum
763 3818 1086 3876 assumens,
1137 3828 1316 3875 castra
1368 3823 1644 3894 ingressus
1693 3843 1775 3888 est
1845 3843 2110 3909 patentia,

530 3886 716 3909 ..ΑΙΣ-.Α
780 3908 785 3909 γ
824 3896 838 3909 I
996 3908 1001 3909 ν

1427 3886 1452 3894 ν
1710 3886 1745 3887 νί
1763 3886 1771 3888 ‘
1845 3886 2110 3909 r""'""“"

530 3886 722 3944 relicto
768 3896 838 3949 ad
885 3908 1070 3965 portas
1100 3910 1337 3974 praesidii
1385 3930 1546 3971 causa
1596 3921 1703 3976 filio
1731 3940 1849 3992 suo,
1882 3947 1949 3985 ne
1990 3935 2111 3998 quis

531 3975 662 3998 P._.A
694 3996 713 3998 η
826 3985 837 3998 ι
977 3993 987 3998 ·
1015 3993 1023 3998 ⁵
1119 3996 1125 3998 ·
1149 3997 1153 3998 ⁷

1682 3975 1685 3976 ν
1733 3975 1849 3992 -.η
1882 3975 1948 3985 ..ν
1991 3975 2111 3998 .,....,

529 3975 672 4033 ωηο
690 3985 886 4052 praedae
904 3993 1092 4048 avidus
1115 3996 1186 4030 ⁸³⁸
1206 4012 1327 4070 post
1351 4020 1410 4059 se
1438 4023 1541 4063 non
1568 4023 1791 4069 vocatus
1822 4018 1889 4051 “7
1914 4022 2111 4078 irrum-

528 4078 702 4136 peret.
737 4075 981 4150 Cumque
1029 4086 1264 4149 admotis
1313 4096 1477 4153 scalis
1529 4101 1581 4155 in
1612 4109 1986 4177 cmnaculnm,
2017 4116 2107 4171 ubi

525 4158 866 4238 Mogontinus
888 4172 958 4206 “3
982 4187 1035 4230 et
1052 4179 1518 4256 Babenbergensis
1539 4194 1775 4268 episcOpi
1802 4200 2104 4273 latitabant,

523 4268 647 4310 cum
678 4263 865 4329 paucis
908 4271 1272 4340 ascendisset,
1301 4276 1769 4355 Babcnbergensis
1794 4290 1862 4322 ⁶¹⁹
1892 4296 2104 4364 cpisco-

519 4359 643 4415 pus,
671 4352 796 4420 cui,
851 4355 978 4412 licet
1016 4364 1391 4430 Juniartctate
1436 4385 1609 4441 esset,
1657 4387 1837 4436 tamen
1880 4397 2105 4457 propter
2133 4395 2181 4453 ι)

518 4441 778 4501 virtutum
802 4457 1216 4524 praerogativam
1248 4473 1301 4517 et
1331 4467 1503 4522 tocius
1528 4474 1776 4542 corporis
1821 4478 2099 4535 admiran-

518 4531 643 4585 dam
671 4534 986 4607 dignitateut
1016 4550 1322 4620 prtecipuus
1363 4572 1390 4608 ιι
1426 4563 1636 4616 cunctis
1671 4565 1846 4619 honor
1887 4569 2099 4626 delere-

515 4622 695 4694 batur,
728 4645 917 4700 rogare
944 4653 1064 4694 eum
1097 4656 1282 4714 cmptt,
1301 4656 1382 4713 ιιι,
1409 4655 1660 4710 omnibus
1688 4673 1808 4727 quae
1829 4659 1898 4692 “°
1926 4662 2098 4718 habe-

516 4722 640 4768 rent
686 4733 855 4788 usque
901 4727 967 4780 ad
1024 4733 1377 4792 novissimum
1427 4744 1783 4809 quadrantem
1837 4750 2091 4819 sublatis,

512 4804 686 4862 nudos
715 4826 775 4866 se
802 4815 952 4873 abirc
972 4820 1195 4880 sineret.
1228 4827 1318 4881 ille
1346 4837 1401 4884 et
1426 4831 1648 4888 victoria
1679 4836 1851 4891 elatus
1883 4850 1934 4894 et
1959 4858 2093 4912 pra:-

516 4903 601 4952 ter
624 4898 921 4975 ingenitam
948 4929 1158 4973 morum
1185 4917 1496 4978 barbariem
1522 4941 1742 4996 accepta
1772 4924 1986 5003 qumque
2014 4944 2092 4990 tot

584 5107 657 5185 ιβ’
683 5115 981 5185 reSpirendi
1007 5121 1061 5174 4.
1183 5122 1250 5155 ⁸η
1278 5124 1529 5178 omnibus
1556 5125 1610 5180 4.
1645 5129 1697 5183 5.

509 5178 700 5280 (deleto
736 5178 834 5280 ne?
871 5201 1032 5280 ante"
1060 5194 1342 5280 mortem).
1394 5278 1400 5279 γ
1462 5195 1550 5279 7f“
1584 5197 1917 5280 [Iabepinu-w
1945 5204 1976 5257 ιι.

513 5250 764 5280 ηηηιξιιηη
803 5254 822 5280 ι

1744 256 2091 325 ιΑιιΒειιτι
2129 268 2691 344 HERSFELDENSIS

601 337 743 393 citer
769 338 1051 402 duodecim
1077 348 1314 419 milibus,
1348 355 1683 431 partiuntur,
1727 376 1790 423 ut
1819 368 1912 428 alii
1940 375 2062 433 aliis
2095 380 2180 435 vl.-

3734 312 3875 373 1084

2182 386 2255 447 ,Α
2282 393 2754 461 congressionibus
2781 399 2936 458 clade
2965 405 3186 467 nimium
3213 410 3487 488 elici-atus,
3539 418 3646 487 ait,
3680 436 3744 479 se
3776 429 3872 481 ad-

2278 484 2569 539 versus.”
2597 502 2692 544 eos
2724 490 2840 561 jam
2894 498 3073 554 triduo
3097 518 3204 559 non
3238 484 3356 564 sine
3389 514 3589 580 grandi
3623 484 3874 588 dampno

2277 573 2548 632 exercitus
2584 580 2755 636 suisea
2780 595 2961 643 mente
2988 589 3182 649 bellum
3214 600 3465 667 gessisse,
3495 612 3557 658 ut
3586 607 3713 663 suis
3740 624 3873 664 con-

2275 656 2570 721 ditionibus
2610 683 2739 741 erga
2785 673 2958 732 victos
2999 656 3265 753 uteretur,
3314 704 3424 745 non
3452 656 3609 763 'quas
3637 697 3715 729 δ”
3764 700 3870 769 ipsi

2273 751 2729 827 constituissent;
2762 777 2831 818 ne
2872 779 3002 838 ergo
3046 769 3184 827 falsa
3231 751 3326 846 spe
3355 751 3744 853 eluderentur,
3784 751 3868 856 se,

2270 843 2525 903 omnibus
2551 862 2671 917 quae
2716 852 2989 912 haberent.
3018 843 3274 931 sublatis,
3316 883 3508 926 carnes
3539 890 3745 930 eorum
3775 893 3867 935 co-

2269 946 2567 993 mesturum
2597 949 2652 999 et
2679 948 2992 1015 sanguinem
3041 952 3361 1013 bibiturum.
3407 960 3518 1018 Nec
3568 978 3867 1041 moratus,

2267 1022 2490 1082 linteum
2521 1029 2614 1097 ⁸³³,
2658 1048 2765 1103 quo
2798 1034 2961 1108 caput
2991 1058 3141 1098 more
3180 1050 3359 1117 gentis
3400 1052 3475 1084 ⁸⁸⁵
3501 1056 3862 1135 ohvolverat,

2265 1117 2576 1184 expediens,
2609 1119 2752 1205 facto
2782 1126 3017 1195 vinculo,
3048 1131 3098 1186 in
3129 1136 3327 1192 colluut
3360 1142 3605 1216 episcOpi
3640 1132 3859 1223 injecit.

2266 1206 2595 1280 Episcopus,
2626 1198 2685 1267 ut
2718 1228 2836 1273 erat
2882 1223 2967 1275 vir
3014 1221 3254 1283 liberalis
3301 1238 3651 1289 verecundia-
3683 1237 3761 1273 ⁸³⁸
3786 1251 3857 1294 et

2262 1308 2487 1353 matura:
2508 1303 2793 1360 admodum
2816 1312 3118 1380 gravitatis,
3136 1315 3483 1387 ignominiam
3510 1338 3621 1377 non
3647 1326 3855 1393 ferens,

2263 1397 2414 1445 tanto
2457 1393 2573 1448 nisu
2607 1411 2845 1467 pugnum
2889 1403 2939 1456 ei
2988 1404 3132 1459 dedit
3163 1402 3214 1460 in
3246 1408 3462 1474 faciem,
3491 1422 3553 1466 ut
3595 1432 3713 1472 uno
3743 1418 3857 1498 ictu

2259 1491 2661 1538 consternatum
2690 1490 2757 1542 ad
2784 1490 3153 1559 pavimentum
3183 1512 3355 1568 usque
3380 1503 3729 1572 praecipitem
3760 1491 3855 1563 da;

2258 1578 2372 1634 ret,
2415 1573 2719 1631 vociferans
2764 1578 3018 1651 insuper,
3048 1585 3199 1654 prius
3241 1603 3365 1642 eum
3394 1606 3591 1659 poenas
3618 1610 3725 1663 pro
3752 1598 3851 1652 im-

2256 1657 2456 1726 pietate
2476 1663 2746 1731 daturttm,
2771 1672 2912 1738 quod
2941 1672 3179 1743 impnras
3202 1657 3467 1749 man'usﬁin
3495 1657 3852 1742 sacerdotem

2256 1747 2455 1806 Christi
2481 1756 2738 1826 profanus
2757 1769 2813 1814 et
2836 1761 3114 1820 idololatra
3138 1747 3353 1826 mittere
3376 1777 3849 1845 presumpsissct.

2251 1838 2471 1897 lrrttunt
2514 1847 2761 1914 protinus
2808 1852 2899 1907 alii
2945 1854 3129 1912 clerici
3179 1868 3233 1914 et
3280 1838 3428 1928 laici,
3480 1873 3540 1920 et
3573 1875 3691 1920 tam
3725 1869 3851 1924 huic

2245 2300 2375 2355 riori
2401 2301 2471 2351 δὲθ
2499 2313 2656 2374 parte
2702 2306 2773 2363 ιη
2801 2312 3204 2383 consistebant,
3234 2318 3333 2388 ipsi
3366 2337 3593 2391 quoque
3626 2324 3721 2379 bis
3751 2326 3865 2396 qui.

2241 2395 2383 2462 apud
2425 2408 2687 2457 secrant
2730 2401 2968 2458 Arabum
3015 2398 3348 2480 principibus
3400 2413 3549 2469 idem
3588 2395 3859 2486 'faciunta

2243 2482 2370 2538 Dein
2394 2486 2463 2519 “'
2484 2487 2604 2543 laici
2632 2504 2843 2557 omnes,
2869 2494 3082 2551 sublato
3109 2498 3161 2552 in
3183 2500 3347 2555 altum
3375 2502 3649 2570 clamore,
3680 2522 3843 2561 vocas

2240 2580 2400 2642 toque
2429 2574 2483 2629 in
2525 2578 2784 2634 auxilium
2813 2581 2917 2636 sibi
2958 2587 3198 2642 omniunt
3229 2605 3411 2644 rerum
3459 2595 3669 2663 opilice
3696 2595 3837 2662 Deo,

2236 2677 2425 2720 rursus
2448 2682 2600 2724 arma
2624 2674 3018 2742 capessunt”,
3044 2681 3332 2735 maceriam
3362 2694 3671 2754 occupant,
3697 2702 3837 2757 pra:-

2234 2754 2453 2823 sidium,
2486 2761 2628 2828 quod
2654 2762 2804 2817 circa
2831 2777 3015 2835 portas
3041 2781 3182 2835 erat,
3209 2777 3465 2833 conserta
3498 2793 3674 2831 manu
3707 2777 3834 2833 fun-

2232 2846 2365 2900 dunt
2395 2846 2712 2919 fugantque,
2737 2862 2789 2908 et
2813 2856 2897 2919 sic
2921 2856 3152 2926 alacres,
3184 2862 3262 2916 sic
3289 2862 3569 2921 innovatis
3598 2867 3834 2938 inepino

2231 2952 2483 2994 successu
2531 2942 2767 3009 viribus,
2824 2946 3023 3017 ubique
3058 2965 3177 3009 rem
3219 2963 3520 3024 peragunt,
3579 2966 3642 3010 ut
3690 2958 3829 3012 nihil

2230 3023 2587 3096 lassitudinis,
2619 3032 2751 3086 nihil
2786 3034 3110 3093 incommodi
3139 3055 3204 3095 ex
3232 3041 3480 3097 triduana
3509 3045 3595 3098 eis
3640 3047 3830 3100 inedia

2227 3128 2281 3175 et
2301 3121 2487 3178 labore
2537 3128 3100 3199 accesisse‘putares.
3147 3131 3503 3189 Alacritatem
3562 3143 3826 3202 tantam,

2229 3225 2450 3283 repente
2498 3232 2564 3271 ex
2620 3220 2844 3288 trepidis
2889 3223 3050 3277 rebus
3099 3231 3155 3277 et
3181 3224 3374 3278 ultima
3426 3226 3829 3294 desperatione

2225 3318 2497 3372 coortam,
2518 3310 2742 3365 nimium
2772 3314 3023 3367 admirati
3047 3315 3281 3380 Arabes,
3309 3330 3414 3371 nec
3450 3318 3618 3373 aliam
3664 3320 3827 3398 ηργί-

2221 3399 2351 3453 tatis
2378 3401 2537 3471 hujus
2565 3418 2784 3459 causam
2825 3409 3107 3478 suspicati,
3151 3426 3313 3480 quam
3344 3413 3489 3482 quod
3513 3414 3583 3467 de
3604 3416 3824 3483 princi-

2219 3489 2379 3560 pibus
2399 3493 2512 3547 suis
2536 3504 2808 3565 sumptum
2838 3498 3027 3557 fuisset
3050 3500 3393 3570 supplicium,
3428 3503 3821 3562 infestissimis

2220 3580 2417 3634 animis
2444 3582 2495 3636 in
2523 3598 2756 3655 pugnam
2785 3599 2970 3654 ruunt,
3001 3600 3056 3645 et
3082 3591 3233 3646 facto.
3253 3608 3443 3663 grege,
3477 3611 3580 3665 per
3608 3612 3771 3651 arma
3800 3640 3818 3661 ,

2216 3682 2315 3737 per
2333 3671 2479 3727 viros
2527 3674 2583 3727 in
2609 3686 2791 3731 castra
2830 3693 3180 3750 perrumpere
3207 3681 3275 3714 “°
3314 3694 3534 3751 parant.
3571 3686 3639 3741 Et
3687 3696 3818 3741 acta

2216 3775 2305 3817 res
2326 3762 2483 3827 foret,
2515 3765 2617 3821 nisi
2646 3778 2858 3825 mature
2877 3770 2943 3803 ⁸⁸¹
2966 3781 3087 3826 orto
3115 3775 3341 3828 consilio
3364 3777 3657 3835 christiani
3692 3781 3819 3833 vin-

2214 3861 2330 3908 ctos
2364 3868 2429 3908 eo
2461 3855 2579 3911 loco
2604 3859 2877 3929 principes
2908 3870 3218 3918 statuerent
3242 3864 3310 3896 δ”
3336 3867 3428 3920 tibi
3458 3870 3815 3926 atrocissima

2215 3942 2296 3998 vis
2324 3944 2557 4000 hostium
2605 3958 2660 4002 et
2699 3951 3065 4007 creberrimus
3093 3954 3319 4008 telorum
3368 3956 3549 4012 imber
3594 3960 3816 4013 incum-

2212 4036 2397 4102 bebat,
2428 4042 2673 4108 apposito
2697 4058 2860 4113 super
2882 4045 3059 4114 capita
3089 4063 3276 4102 eorum
3303 4049 3659 4118 spiculatore,
3712 4054 3808 4121 qui

2211 4127 2517 4184 districtum
2556 4132 2608 4185 in
2659 4135 2909 4190 manibus
2941 4137 3178 4207 gladium
3225 4148 3450 4205 tenens,
3483 4141 3809 4196 clamitabat

2209 4232 2307 4285 per
2329 4202 2707 4289 interpretem,
2742 4223 2844 4277 nisi
2877 4228 2946 4279 ab
2980 4228 3384 4298 obpugnatione
3406 4231 3802 4299 quiescerent,

2209 4322 2316 4361 non
2348 4311 2517 4365 armis
2539 4326 2596 4366 se
2622 4312 2775 4368 advel
2790 4332 2909 4369 sum
2938 4332 3034 4372 eos
3059 4319 3152 4373 sed
3185 4320 3495 4390 principum
3526 4321 3805 4392 capitibus

2208 4399 2580 4457 dimicaturos.
2628 4403 2763 4460 Ttnn
2806 4407 2906 4477 ipsi
2938 4410 3242 4479 principes,
3269 4427 3410 4481 quos
3441 4424 3648 4479 prater
3680 4415 3805 4469 vin-

2207 4489 2450 4546 culorum
2492 4496 2845 4552 acerbitatem
2880 4499 3170 4555 itnminens
3221 4518 3441 4573 quoque
3483 4504 3802 4560 cervicibus

2204 4582 2418 4651 gladius
2458 4586 2807 4644 vehementer
2855 4593 3120 4661 angebat,
3168 4610 3292 4648 cum
3342 4611 3549 4666 magno
3590 4596 3799 4666 eiulatu

2205 4688 2331 4727 suos
2360 4676 2775 4731 obtestabantur
2797 4719 2811 4742 ,
2844 4688 2903 4733 ut
2928 4681 3261 4738 moderatius
3303 4695 3564 4754 agerent,
3597 4701 3670 4741 ne
3699 4688 3806 4742 oh-

2203 4764 2403 4817 stinate
2433 4774 2706 4821 certamen
2738 4768 2985 4845 hostibus
3014 4770 3327 4837 inferentes,
3360 4788 3457 4841 eos
3488 4774 3556 4828 ad
3589 4776 3803 4845 suppli-

2201 4853 2343 4907 cium
2391 4870 2687 4924 necemque
2736 4842 2931 4925 suam,
2984 4877 3108 4917 cum
3161 4864 3330 4918 incisa
3360 4864 3434 4900 ”'
3487 4866 3800 4936 spestl9'l)

2200 4931 2447 4997 esset“.
2466 4947 2660 5016 venite,
2691 4948 3114 5008 inﬂatmnarent.
3142 4952 3323 5010 Patris
3351 4956 3604 5026 periculo
3644 4965 3800 5013 atto-

1762 5030 1765 5033 ’
1787 5041 1868 5096 VA
1878 5044 2015 5100 ΒΙΑΣ
2090 5049 2488 5113 LECTIONES.

1806 5131 1877 5165 ⁸³⁸
1900 5135 2177 5224 εειὺὺιιιιιςι.
2196 5142 2248 5195 5.
2293 5145 2565 5224 saltatori.

2107 5208 2177 5241 ⁴¹⁸
2220 5225 2443 5269 conatus
2474 5215 2527 5270 Εἰ.

3085 5165 3138 5206 c.
3175 5160 3229 5207 et
3262 5168 3318 5222 p.
3374 5164 3610 5208 mortem
3661 5157 3717 5211 4.
3758 5158 3796 5213 5

2662 5147 2733 5180 δι’
2772 5147 2888 5203 Non
2932 5150 3038 5204 'atn
3085 5165 3138 5206 c.
3175 5160 3318 5222 etp.
3374 5164 3610 5208 mortem
3661 5157 3717 5211 4.
3758 5158 3796 5213 5

2663 5217 2683 5248 °
2718 5219 2873 5272 avide
3059 5221 3130 5253 δι’
3183 5233 3407 5278 vocatos
3437 5224 3493 5277 5.
3572 5225 3619 5258 “
3676 5243 3799 5280 ma-

2614 5214 2683 5248 "e
2718 5219 2873 5272 avide
