4076 5310
311 244 332 295 l
344 243 448 299 083

1499 248 1838 308 ANNALES.
1881 282 1948 293 —
1986 251 2103 307 ΑΝ.
2145 250 2301 317 1085.
2348 268 2357 279 “

3409 251 3546 307 1086

308 357 455 416 nitus
484 351 626 416 illius
666 352 819 411 ducis
845 354 1114 421 Arabum,
1160 370 1319 426 quem
1348 357 1415 411 ad
1443 368 1651 427 portam
1691 360 1813 414 atrii
1846 375 1874 414 a
1906 369 1948 425 Α
1980 362 2115 416 riam
2171 371 2389 419 ventum
2444 369 2543 427 est,
2599 360 2908 418 Gunthcms
2960 358 3421 431 Babe’nhcrgeusis
3475 362 3547 394 ⁸⁸⁸

307 457 461 516 patre
481 459 645 497 causa
660 446 891 513 praesidii
919 462 975 499 re
1002 446 1167 499 ictum
1189 460 1350 515 supra
1376 450 1689 515 memoravi,
1708 450 1873 503 citato

308 538 476 610 gradu
507 538 559 590 in
584 536 1013 603 confertissimos
1054 552 1272 592 suorum
1301 554 1501 594 cuneos
1528 555 1585 594 se
1613 542 1788 605 dedit,
1819 550 1869 597 et

307 627 534 689 furentis
561 627 833 699 exercitus
878 628 1135 697 impetum
1188 642 1318 681 voce
1355 637 1412 682 et
1451 644 1612 683 manu
1646 631 1877 698 increpi-

309 727 427 772 tans
474 717 725 782 retinuit,
768 725 823 770 et
868 719 971 771 tela
1022 717 1075 770 iu
1124 717 1309 775 hostes
1352 716 1539 785 jacere
1570 720 1871 787 prohibuit,

307 822 427 877 quze
448 806 520 838 ⁸³⁸
547 822 652 860 nou
688 807 893 868 hostes,
941 814 999 859 ut
1041 807 1141 876 ipsi
1171 816 1458 877 putarent,
1485 811 1578 863 sed
1605 810 1874 879 principes

306 898 387 952 sui
410 897 641 967 propriis
662 898 969 966 pectoribus
991 898 1266 966 excepturi
1297 899 1492 953 forent.
1523 898 1624 955 Per
1647 899 1785 969 hanc
1807 899 1875 941 ⁸³⁸

306 988 647 1043 occasionem
681 978 953 1057 paululun
984 980 1249 1051 abiarntis
1268 998 1319 1049 et
1345 989 1650 1044 incursione
1684 987 1752 1021 ⁸³⁷
1780 1005 1870 1043 va-

305 1081 520 1136 catione
546 1080 693 1144 data,
725 1082 956 1137 nuncius
976 1080 1121 1135 venit
1153 1081 1205 1135 itt
1233 1092 1408 1135 castra
1442 1082 1506 1134 ad
1528 1082 1873 1143 christianos,

308 1171 503 1225 missus
548 1172 617 1225 ab
656 1170 742 1227 his
787 1171 876 1240 qui
929 1172 981 1223 in
1035 1186 1325 1240 parasceve
1372 1171 1624 1227 omnibus
1663 1156 1875 1240 amissis

307 1261 436 1314 nudi
466 1270 521 1315 et
549 1261 719 1316 saucii
751 1276 920 1331 usque
952 1260 1177 1314 llamqu
1223 1274 1408 1331 perten
1434 1266 1620 1316 lerant.
1659 1263 1707 1318 Is
1736 1279 1876 1317 anta-

306 1354 544 1408 ritudine
572 1365 625 1407 et
657 1364 803 1408 metu
836 1353 1095 1409 confectis
1119 1355 1387 1409 mentibus
1419 1371 1670 1424 magnum
1700 1354 1877 1410 attulit

305 1445 679 1516 refrigerium,
735 1446 1011 1512 indicans,
1062 1447 1251 1501 ducem
1298 1449 1564 1516 prtedicta:
1607 1450 1872 1513 civitatis,

305 1533 428 1589 licet
458 1550 747 1603 paganum,
767 1536 947 1590 divino
976 1545 1177 1601 tamen,
1207 1546 1263 1590 ut
1288 1539 1596 1606 putabatur,
1623 1538 1874 1592 instinctu

304 1624 630 1688 animatum,
664 1640 786 1679 cum
822 1626 1127 1695 ingentibus
1152 1627 1323 1696 copiis
1353 1629 1420 1681 ad
1458 1629 1604 1698 ipsos
1643 1629 1875 1683 liberan-

305 1714 403 1768 dos
431 1714 707 1769 advenire.
739 1713 849 1769 Nec
887 1715 1055 1770 latere
1092 1695 1265 1785 potuit
1299 1695 1551 1772 Arabitas
1579 1719 1872 1771 advenicn-
1907 1695 1947 1751 Β

306 1808 440 1862 tium
475 1808 710 1864 hostium
756 1808 930 1874 fama;
971 1809 1262 1877 statimque
1310 1823 1530 1872 omnes,
1562 1810 1767 1862 aversis
1807 1810 1874 1865 ab

305 1902 533 1959 aliorum
563 1904 961 1973 obpugnatione
985 1904 1051 1957 ad
1090 1918 1148 1957 se
1176 1904 1319 1973 ipsos
1353 1902 1641 1960 salvandos
1667 1905 1873 1974 cogita-

304 1997 565 2061 tionibus,
593 1997 854 2065 prtecipiti
891 1997 1015 2065 fuga
1038 2037 1052 2059 .
1083 2011 1192 2066 quo
1224 2010 1492 2065 quemque
1518 1995 1587 2027 ⁸³⁸
1609 2012 1731 2065 spes
1754 2012 1877 2051 eva-

303 2088 464 2143 dendi
495 2088 741 2151 vocabat,
775 2086 1105 2141 dilabuntur.
1146 2086 1201 2140 ln
1252 2100 1315 2139 ea
1358 2086 1717 2155 trepidatione
1747 2087 1872 2140 dum

303 2176 394 2231 alii
424 2178 491 2229 ad
524 2176 628 2230 alia
658 2177 896 2231 curanda
937 2176 1342 2241 discurrerent,
1387 2191 1530 2230 unus
1569 2176 1872 2231 vinctorum

304 2270 499 2332 evasit,
528 2284 690 2338 opera
715 2285 843 2325 usus
866 2270 1155 2325 Sarraceni
1177 2271 1477 2339 cujusdam,
1502 2286 1660 2339 quem
1686 2273 1873 2327 ducem

305 2363 520 2418 itineris
560 2364 840 2418 christiani
872 2365 1170 2428 habebant,
1218 2373 1369 2418 tanto
1392 2365 1632 2418 onmium
1668 2364 1873 2427 dolore,

307 2464 455 2509 tanto
483 2456 702 2525 gemitu.
734 2465 793 2511 ut
833 2456 901 2511 ab
930 2472 1016 2519 eo,
1048 2456 1205 2525 cujus
1246 2456 1574 2533 indulgentia
1614 2456 1874 2509 dimissus

306 2543 508 2609 fuerat,
552 2546 637 2600 vix
679 2562 873 2600 manus
922 2547 1232 2601 inhiberent
1259 2546 1349 2599 “’.
1400 2545 1510 2600 Nec
1556 2545 1726 2599 multo
1754 2554 1875 2615 post

304 2635 409 2691 dux
435 2636 568 2704 ipse,
594 2645 651 2691 ut
682 2638 990 2693 nunciatum
1023 2637 1232 2700 fuerat,
1276 2652 1399 2691 cum
1435 2636 1676 2691 exercitu
1708 2636 1874 2689 adve-

303 2727 403 2791 nit,
427 2727 758 2796 paciiiceque
785 2728 838 2783 in
864 2728 1063 2782 atrium
1102 2744 1130 2781 a
1156 2727 1226 2761 ⁸⁸⁸
1254 2727 1567 2783 cltristianis
1594 2738 1876 2797 susceptus

304 2829 415 2884 est;
446 2822 723 2889 suspensis
775 2830 951 2877 tamen
1002 2822 1253 2876 omnibus
1293 2821 1436 2875 inter
1473 2836 1621 2889 Spem
1663 2830 1717 2873 et
1763 2836 1875 2874 me-

306 2916 420 2962 tum
443 2949 458 2971 .
491 2925 557 2964 ne
588 2908 727 2964 forte
769 2927 876 2965 non
922 2910 1133 2965 sublata
1173 2910 1454 2964 calamitas
1491 2912 1581 2964 sel
1614 2909 1785 2963 hostis
1805 2908 1872 2941 ⁸⁸⁸

307 3007 515 3056 tantum
573 3011 807 3054 mutatus
856 3011 1040 3065 esset,
1087 3010 1144 3055 et
1188 3009 1407 3070 propter
1454 3000 1741 3054 novitatem
1796 3000 1870 3053 rei
1902 3026 1946 3087 ϐ

306 3087 520 3145 difﬁcile
575 3089 958 3154 credentibus,
1014 3091 1157 3159 quod
1223 3100 1447 3144 satanas
1505 3089 1574 3121 ⁸⁸’
1627 3099 1872 3145 satanam

305 3181 511 3245 eicere,
570 3180 674 3237 hoc
735 3189 819 3236 est
877 3195 1121 3252 paganus
1183 3196 1452 3251 paganttm
1520 3181 1588 3234 ab
1653 3180 1878 3235 infesta-

307 3269 454 3325 tione
476 3269 892 3325 Christianorum
921 3269 1177 3324 cohibere
1207 3270 1385 3324 vellet.
1417 3270 1598 3325 Primo
1638 3272 1874 3324 onmium

302 3359 515 3416 vinctos
540 3361 638 3415 sibi
667 3361 973 3429 praesentari
998 3361 1181 3433 Jllssll.
1223 3360 1369 3427 Quos
1414 3377 1536 3416 cum
1579 3371 1876 3431 aspemssct

303 3457 359 3503 et
382 3464 499 3518 qua:
521 3448 660 3504 facta
684 3448 899 3506 fuerant
918 3452 1108 3509 ordine
1130 3453 1367 3508 audisset
1388 3493 1402 3516 ,
1442 3454 1706 3508 maximas
1729 3453 1874 3508 chri-

303 3537 494 3593 stianis
521 3538 725 3608 gratias
755 3539 860 3608 agit
881 3554 977 3608 pro
1008 3541 1288 3611 magnifice
1319 3543 1483 3610 gestis
1517 3544 1678 3598 rebus
1703 3554 1755 3597 et
1784 3557 1880 3597 c1-

303 3626 552 3695 pugnatis
581 3627 656 3682 rei
688 3627 913 3697 publica:
932 3632 1213 3686 acerrimis
1239 3633 1504 3695 hostibus,
1536 3633 1624 3702 qtti
1654 3648 1875 3702 regnum

301 3714 639 3773 Babilonium
676 3717 789 3786 jam
820 3735 914 3789 per
940 3722 1139 3776 multos
1179 3739 1351 3778 annos
1389 3725 1622 3779 assiduis
1654 3726 1875 3794 popula-

302 3804 542 3863 tionibus
566 3805 910 3863 infestassent
931 3821 985 3865 et
1007 3827 1229 3881 magnas
1251 3813 1565 3883 plerumque
1590 3815 1874 3867 adversum

302 3911 361 3951 se
390 3897 687 3954 instructas
711 3899 855 3954 acies
883 3902 1172 3958 commisso
1197 3904 1496 3957 certamine
1524 3903 1877 3959 obtrivissent

302 3988 392 4045 ⁸⁸³.
423 3990 673 4047 Traditus
698 4008 792 4048 eos
814 3994 1148 4059 custodibus,
1171 3997 1281 4065 regi
1306 3995 1703 4051 Bahiloniorum
1725 3996 1875 4051 vivos

301 4082 511 4135 servari
544 4087 817 4151 praecepit.
848 4089 987 4158 Ipse,
1015 4100 1235 4159 accepta
1266 4106 1295 4143 a
1327 4090 1644 4145 cltristianis
1674 4100 1874 4159 quanta

303 4186 628 4229 convenerat
667 4180 893 4245 pecunia
963 4197 1147 4236 secum
1196 4196 1290 4236 eos
1339 4183 1564 4237 Batnqu
1601 4182 1872 4253 perduxit.

300 4261 452 4325 Inde.
488 4266 728 4322 adhibito
767 4268 848 4322 eis
895 4271 1265 4338 expeditorum
1307 4287 1564 4338 Juvenum
1600 4273 1873 4341 praesidio,

1974 453 2277 522 episcopus.
2325 454 2457 508 heu!
2508 456 2797 509 immatura
2833 461 3007 508 morte
3060 463 3385 523 praeventus.
3419 470 3546 524 pro-

1974 556 2144 609 spera:
2166 556 2228 594 ac
2248 542 2381 595 laetae
2407 543 2732 597 rcversionis
2760 541 3037 612 lugubrem
3064 542 3313 597 omnibus
3341 544 3544 600 exitum

1950 633 2123 709 ffecit.
2182 634 2420 687 Decessit
2472 636 2620 703 (I98)
2675 642 2852 686 autem
2907 633 2973 685 l0
3027 631 3296 687 Kalendas
3322 633 3547 705 Augusti

1976 724 2108 795 (Jul.
2137 725 2251 792 25),
2280 733 2436 791 aetate
2480 724 2687 792 integra
2717 725 2783 778 ad
2824 723 2890 754 ⁸⁸⁷
2917 721 3297 792 pet-fruendum
3332 723 3431 781 hoc
3461 738 3553 781 se-

1975 817 2099 871 culo
2133 816 2366 869 maxime
2396 824 2606 868 matura
2630 815 2720 877 ⁸⁸⁸,
2752 815 2833 867 vir
2852 825 3050 883 prater
3084 829 3294 867 morum
3320 814 3549 880 gloriam

1975 919 2029 965 et
2055 911 2247 964 anima:
2276 910 2499 965 divicias
2549 912 2793 978 corporis
2840 920 3055 979 quoque
3100 910 3255 965 bonis
3284 911 3551 979 adprime

1976 1010 2220 1056 ornatus.
2250 998 2418 1054 Natus
2444 1005 2562 1053 erat
2592 1014 2658 1053 ex
2703 998 2893 1066 primis
2922 998 3128 1067 palatii,
3174 999 3401 1068 privatis
3429 1012 3551 1070 pos-

1977 1090 2307 1144 sessionibus
2377 1098 2573 1157 pneter
2634 1087 3000 1156 episcopatum
3064 1087 3545 1153 alllnetttissimus,

1952 1177 2157 1250 .lingtta
2205 1186 2481 1247 promptus
2534 1186 2589 1231 et
2626 1174 2874 1237 consilio,
2923 1177 3118 1233 litteris
3157 1179 3399 1235 eruditus
3439 1187 3547 1231 tam

1978 1268 2176 1321 divinis
2202 1282 2363 1336 quam
2410 1265 2681 1327 humanis,
2731 1274 2842 1319 tum
2888 1274 3095 1335 statura
3127 1279 3177 1321 et
3226 1268 3411 1323 forma:
3441 1268 3549 1321 (διδ

1976 1359 2157 1428 gantia
2206 1338 2269 1414 ac
2304 1338 2482 1413 tocius
2520 1358 2762 1425 corporis
2794 1357 3103 1423 integritate
3146 1359 3218 1411 ita
3251 1359 3319 1391 ⁸⁸⁵
3351 1359 3549 1415 ceteris
3604 1404 3613 1410 .

1975 1446 2045 1480 ⁶⁸⁰
2073 1450 2316 1505 eminens
2360 1447 2696 1507 mortalibus,
2749 1455 2802 1499 ut
2838 1447 2889 1499 itt
2943 1447 3032 1499 illo
3081 1448 3551 1505 Hicrosolimitano

1956 1526 2172 1612 itinere
2208 1554 2273 1590 cx
2325 1538 2547 1613 urbibus
2586 1546 2640 1591 et
2687 1538 2833 1605 agris
2889 1539 3167 1607 spectandi
3212 1538 3328 1604 ejus
3372 1538 3554 1596 studio

1977 1627 2323 1697 prollttcrettt,
2362 1637 2410 1681 et
2451 1630 2586 1683 bene
2611 1645 2792 1683 secum
2820 1643 3000 1682 actum
3031 1630 3397 1692 crcderct,cui
3423 1645 3546 1685 eum

1979 1720 2159 1773 videre
2205 1721 2543 1788 contigisset.
2577 1720 2729 1776 Unde
2772 1736 2916 1785 cum,
2950 1721 3140 1789 positis
3167 1721 3246 1775 eis
3287 1722 3343 1774 in
3371 1722 3551 1776 divcr.

1976 1812 2141 1875 sorio,
2176 1811 2491 1880 plerumque
2541 1812 2694 1867 turba
2753 1813 3118 1881 intemperans
3164 1822 3384 1881 propter
3425 1826 3548 1866 eum

1975 1903 2136 1957 nimis
2185 1904 2406 1957 molesta
2456 1902 2611 1964 foret,
2668 1904 2979 1974 compulsus
3027 1913 3112 1959 cst
3163 1905 3487 1973 aliquotiens
3518 1921 3547 1959 a

1976 1992 2176 2044 ceteris
2199 1992 2489 2061 episcopis.
2509 2001 2566 2045 ut
2591 1992 2642 2046 itt
2673 1992 2942 2061 publicum
2965 1994 3300 2061 procederet,
3327 2003 3377 2047 et
3404 1994 3551 2048 obsi-

1977 2082 2189 2136 dentem
2242 2081 2384 2137 fores
2420 2083 2488 2115 ⁸⁸⁸
2535 2083 2931 2137 multitudinem
2990 2100 3088 2138 suo
3146 2085 3452 2151 spectaculo
3517 2101 3549 2140 a

1976 2183 2276 2228 ceterorum
2313 2175 2597 2229 vexatione
2633 2185 2901 2229 avocaret.
2931 2175 3157 2230 Tantum
3190 2177 3331 2230 hunc
3365 2186 3547 2231 trans-

1977 2263 2149 2317 itoria:
2210 2263 2482 2319 fclicitatis
2555 2265 2895 2334 splendorem
2961 2267 3081 2319 vita:
3133 2267 3437 2325 innocentia
3498 2275 3556 2322 et

1975 2370 2185 2408 morum
2216 2357 2566 2423 temperantia
2600 2358 2885 2411 clariorem
2926 2357 2978 2411 in
3012 2373 3081 2412 eo
3109 2359 3547 2413 cumulatiorem-

1976 2461 2082 2515 que
2113 2434 2403 2499 faciebant.
2436 2445 2568 2499 Nam
2598 2428 2801 2501 tantam
2850 2448 2902 2501 in
2945 2464 3004 2503 sc
3049 2449 3329 2518 utriusque
3356 2450 3426 2483 ⁸⁸⁵
3458 2452 3558 2503 ho-

1977 2536 2138 2589 minis
2164 2536 2413 2606 gloriam,
2455 2552 2617 2605 quam
2657 2552 2845 2591 omnes
2886 2538 3241 2603 mirabantur,
3271 2539 3417 2595 solus
3443 2540 3554 2609 ipse

1976 2624 2047 2678 ita
2074 2624 2142 2656 ⁸⁵³
2175 2635 2393 2694 propter
2424 2625 2589 2680 Deum
2621 2628 3060 2696 contetnpuehat,
3091 2638 3149 2682 ut
3174 2629 3375 2685 intimae
3410 2645 3546 2699 quo-

1975 2730 2078 2783 que
2128 2715 2453 2773 conditionis
2501 2717 2809 2771 hominibus
2859 2718 3169 2788 popularem
3205 2734 3264 2775 se
3308 2735 3555 2775 commu-

1977 2824 2205 2876 nemque
2227 2809 2570 2875 praeberenet
2594 2823 2622 2860 a
2646 2809 2937 2862 servissuis
2954 2810 3265 2879 plermnque
3286 2810 3556 2865 maximas

1975 2900 2260 2951 verborum
2319 2898 2675 2953 contumelias
2728 2900 2929 2954 inultus
2980 2902 3269 2970 acciperet.
3338 2900 3552 2957 Celehri

1976 3008 2105 3061 ergo
2130 3008 2320 3062 pompa
2349 2993 2552 3047 funeris
2582 2994 2634 3046 in
2667 2993 2896 3062 patriam
2921 3003 3240 3063 reportatus,
3265 3004 3321 3049 ct
3343 2994 3555 3065 magnis

1976 3086 2216 3137 omnium
2248 3086 2336 3152 qui
2369 3100 2491 3139 eum
2527 3095 2789 3139 noverant
2822 3086 3127 3156 planctibus
3174 3095 3457 3161 exceptus,
3498 3086 3553 3141 in

1978 3174 2403 3244 Bahenhergensi
2435 3176 2682 3237 ecclesia,
2717 3177 2804 3229 tthi
2841 3194 2868 3229 a
2902 3193 3070 3246 puero
3109 3179 3433 3238 adoleverat.
3468 3192 3555 3232 se-

1976 3266 2158 3333 pultus
2204 3277 2306 3321 est.
2361 3267 2631 3320 Successit
2657 3269 2705 3320 ei
2746 3269 2798 3321 in
2835 3269 3145 3337 episcopatu
3192 3269 3553 3324 llcrimannus

1937 3351 1945 3359 ’
1978 3356 2326 3412 vicedumnus
2354 3358 2500 3425 (l99)
2529 3358 2885 3426 Mogontinus,
2930 3375 3018 3428 qttt
3051 3362 3102 3413 in
3134 3364 3318 3414 eadem
3366 3360 3553 3415 Hiero-

1977 3447 2283 3500 solimitana
2334 3450 2761 3517 peregrinatione
2826 3452 3192 3516 constitutus,
3245 3453 3368 3506 dum
3423 3468 3547 3506 eum

1978 3537 2342 3593 invalescente
2370 3539 2559 3592 tnorbo
2586 3540 2652 3592 ad
2682 3541 2885 3594 exitum
2920 3541 3097 3608 urgeri
3132 3542 3364 3605 videret,
3407 3541 3553 3609 lcga-

1979 3628 2176 3680 tionem
2211 3629 2465 3697 praemisit
2495 3630 2561 3682 ad
2608 3630 2942 3685 necessarios
2972 3646 3118 3695 suos,
3152 3630 3347 3699 quibus
3377 3632 3553 3699 patria

1976 3715 2244 3768 excedens
2275 3730 2383 3769 suae
2413 3715 2489 3769 rei
2537 3715 2818 3769 familiaris
2854 3716 3307 3785 dispensationem
3338 3717 3548 3786 delega-

1976 3816 2369 3875 verat,petens,
2388 3814 2446 3860 ut
2469 3807 2569 3860 sibi
2592 3808 2657 3859 ad
2687 3807 3301 3878 episcopatum,quaqua
3330 3817 3552 3878 possent

1978 3898 2210 3961 ratione,
2237 3898 2438 3951 aditum
2467 3896 2847 3967 patefacerent.
2900 3900 3051 3964 Quod
3083 3908 3138 3954 et
3183 3900 3371 3955 sedulo
3409 3898 3552 3954 fece-

1977 3996 2124 4051 runt,
2154 3987 2371 4056 profuso
2405 3988 2455 4041 itt
2487 3989 2875 4058 coemptionem
2926 3988 3044 4058 ejus
3091 3990 3298 4059 argenti
3343 3999 3398 4046 et
3432 3988 3549 4044 auri

1978 4077 2336 4132 inaestimabili
2367 4079 2618 4146 pondere.

2047 4175 2317 4228 Eilbcrtus
2337 4173 2406 4205 ⁸⁸⁸
2436 4173 2637 4227 Patavii
2664 4176 2946 4243 episcopus
2973 4175 3100 4228 obiit
3121 4174 3427 4245 (Mai..27);
3459 4173 3549 4230 cui

1976 4264 2189 4318 Alttnan
2232 4264 2573 4333 cappellanus
2624 4265 2982 4333 imperatricis
3019 4266 3089 4297 ⁸⁸⁸
3116 4265 3399 4331 successit,
3432 4266 3547 4335 qui,

299 4367 372 4407 ne
403 4369 506 4425 qua
538 4357 715 4411 denuo
745 4358 1010 4412 latronum
1063 4361 1372 4416 incursione
1414 4364 1872 4431 periclitarentur,
1907 4356 1953 4413 Ι)
1978 4360 2103 4413 dum
2137 4360 2250 4427 ipso
2276 4367 2518 4426 tempore
2540 4372 2661 4410 cum
2694 4357 2891 4410 celeris
2932 4356 3264 4425 principibus
3298 4356 3550 4410 llieroso-

300 4456 474 4512 usque
498 4442 903 4500 Hierosolimam
934 4464 1027 4503 eos
1065 4452 1284 4518 perduci
1323 4450 1504 4518 jussit.
1551 4451 1692 4506 Nihil
1725 4453 1877 4507 dein-

300 4547 428 4603 ceps
456 4534 781 4592 dilﬁcultatis
823 4539 1115 4605 ineundo,
1149 4541 1283 4595 nihil
1330 4542 1382 4596 in
1429 4542 1704 4597 redeundo
1754 4560 1876 4613 pcr-

300 4625 467 4693 pessi,
502 4624 706 4681 Liciam
734 4641 1115 4696 pervenerunt,
1138 4633 1341 4702 gratias
1369 4632 1439 4664 ⁸⁸⁸
1483 4633 1593 4688 Deo
1630 4634 1866 4689 referen-

302 4722 385 4769 tes
413 4718 573 4785 quod,
605 4721 837 4774 emensis
863 4720 932 4752 ⁸⁸⁸
982 4732 1059 4776 tot
1086 4739 1264 4777 rerum
1294 4724 1695 4793 asperitatibus,
1723 4725 1874 4779 vivos

300 4818 396 4858 eos
415 4815 469 4858 et
501 4806 793 4864 incolumes
841 4810 893 4863 in
939 4800 1109 4864 tutuin
1150 4814 1493 4868 restituisset.
1541 4814 1619 4868 Ex
1648 4815 1747 4869 hoc
1776 4830 1871 4885 per

300 4894 720 4951 Christianorum
754 4898 886 4953 fines
929 4901 1158 4954 reditttm
1205 4901 1524 4957 facientibus
1569 4907 1748 4959 omnia
1782 4920 1869 4958 cc-

299 4984 500 5042 debant
549 5004 616 5043 ex
648 4992 935 5046 sententia.
970 4990 1167 5047 Verum
1200 5005 1550 5063 posteaquam
1598 4996 1649 5049 in
1688 4996 1867 5064 Unga-

1977 4448 2158 4502 limam
2187 4449 2410 4510 abisset,
2447 4463 2540 4516 per
2566 4447 2927 4499 interventum
2960 4446 3319 4514 imperatricis
3353 4447 3551 4501 absens

1976 4539 2282 4609 designatus
2311 4547 2394 4591 est
2426 4551 2729 4606 cpiscopus.
2776 4536 3031 4590 Arnolfus
3056 4535 3379 4590 Wormacia:
3440 4536 3553 4606 epi-

1975 4646 2194 4699 scopus,
2233 4630 2317 4682 vir
2366 4629 2690 4697 pontiﬁcalis
2759 4628 3036 4682 modestia}
3095 4638 3149 4682 et
3204 4628 3549 4691 sanctitatis,

1976 4720 2229 4790 migravit
2259 4718 2324 4771 ad
2358 4718 2672 4783 Dominum;
2707 4719 3077 4786 successitque
3101 4717 3150 4770 ei
3184 4716 3254 4748 ⁸⁸⁸
3284 4715 3555 4768 Adalbcro

1974 4812 2065 4876 ⁸⁸⁷,
2107 4809 2402 4865 monachus
2454 4823 2518 4861 ex
2573 4810 2903 4863 monasterio
2949 4808 3121 4860 sancti
3169 4804 3333 4867 Galli,
3387 4803 3560 4857 frater

1974 4901 2220 4955 Ruodolfi
2247 4899 2316 4932 ⁸⁸⁸
2351 4898 2521 4959 ducis,
2555 4915 2663 4952 uno
2694 4897 2829 4968 pede
2853 4897 3074 4951 omnino
3100 4894 3317 4956 debilis.
3340 4893 3427 4948 vir
3463 4907 3569 4960 per

1974 4991 2150 5044 omnia
2199 4992 2396 5060 dignus
2453 4989 2969 5057 spcctacnlo.‘Erat
3020 4985 3165 5039 enim
3226 4981 3581 5041 fortitudinis

1567 5084 1799 5139 VARIA‘]
1842 5081 2244 5141 LECTIONES.

367 5164 440 5203 ⁸³⁸
465 5170 555 5236 qui
581 5168 635 5221 5.

293 5237 330 5270 ι.
386 5238 421 5272 at
515 5237 635 5272 δυο

712 5171 782 5204 ⁸³⁸
824 5172 961 5227 deest
988 5172 1039 5225 4.

515 5237 588 5270 ιιι
609 5241 865 5274 εισιΙΙιιιηυιο
897 5244 928 5274 τι

1117 5169 1184 5202 ⁸³⁷
1227 5173 1626 5227 incursionibus
1658 5179 1707 5231 l.

985 5243 1012 5276 Δ
1070 5240 1101 5276 κ
1159 5257 1355 5278 opmnnr

1815 5176 1885 5207 ⁸³³
1923 5190 2272 5250 quocumque

1453 5243 1523 5274 ⁸⁵³
1550 5248 1901 5282 ιιΙιιῖι-ηἶςροιιι
1937 5245 1965 5282 λ

3427 5162 3497 5198 ιιι
3530 5176 3592 5226 ι.

3376 5231 3449 5265 ⁸³⁸
3476 5236 3599 5284 Im-

2454 5171 2522 5203 ‘”
2550 5173 2824 5227 inhiberet
2853 5173 2905 5225 4.
3006 5168 3075 5201 ⁸³⁸
3105 5170 3247 5223 deest
3277 5166 3326 5219 l.

2083 5245 2153 5278 ιιι
2182 5235 2281 5284 ἶννιι
2311 5243 2361 5284 5.
2457 5242 2525 5274 ⁸⁸⁸
2556 5244 2787 5284 mimi-cie
2826 5243 2873 5284 L
2917 5241 3200 5284 immensis
3228 5235 3283 5284 5.
