4076 5310
574 213 710 276 1087

562 605 904 675 antiquitatis
954 622 1294 684 monstrum,
1348 619 1397 675 si
1443 622 1514 677 ab
1558 605 1749 684 inferis
1804 605 2141 706 emergeret,

558 698 825 769 stupentis
851 702 1036 772 populi
1063 705 1250 764 oculos
1279 710 1335 766 in
1370 728 1431 769 se
1464 723 1628 789 atque
1655 734 1752 777 ora
1776 698 2147 799 converteret.

625 876 741 935 Rex
789 882 1131 942 nativitatem
1164 801 1680 959 Βέηξέξῖἓοειπίω
1707 902 1780 941 ⁸³⁸
1813 906 1965 982 (20f)
1995 912 2137 970 cele-

549 967 752 1027 bravit.
784 972 887 1031 Ubi
924 978 994 1034 ab
1040 979 1158 1048 ipso
1196 983 1311 1054 jam
1362 986 1518 1047 initio
1569 967 1830 1056 autumni‘
1862 967 2143 1072 usquead

548 1074 670 1116 eam
699 1073 908 1132 partem
938 1067 1133 1128 hiemis
1161 1082 1437 1147 tamquam
1468 1086 1680 1142 stativis
1707 1094 1902 1149 castris
1922 1067 1979 1150 se
2004 1112 2134 1152 con-

552 1152 811 1225 tinuerat,
849 1174 1096 1232 sumptus
1126 1167 1331 1226 habens
1364 1178 1525 1240 regia:
1556 1186 1968 1252 magnificentiae
1994 1195 2134 1248 mul-

546 1249 659 1343 tum
692 1247 949 1319 impares.
1002 1253 1134 1311 Nam
1174 1271 1376 1329 praeter
1400 1282 1570 1335 pauca
1617 1247 1737 1343 qua:
1767 1293 1832 1337 ex
1868 1284 2128 1342 reditibus

542 1331 612 1366 “°
646 1339 845 1407 regalis
889 1343 1005 1399 fisci
1036 1349 1327 1408 veniebant
1353 1357 1439 1411 vel
1472 1375 1594 1431 qua:
1622 1366 1847 1425 abbates
1874 1376 2127 1432 coactitio

539 1421 609 1456 ⁸⁸⁸
640 1425 901 1487 famulatu
941 1436 1349 1512 ministrabant,
1404 1459 1586 1507 cetera
1638 1471 1817 1514 omnia
1869 1479 1922 1518 in
1973 1468 2125 1521 cotti-

536 1514 728 1573 dianos
751 1516 824 1552 “'
848 1537 980 1578 usus
999 1524 1115 1594 ejus
1140 1535 1451 1594 cottidianis
1470 1540 1563 1575 δ”*
1589 1544 1848 1618 impensis
1869 1556 2123 1611 emeban-

535 1611 643 1658 tur.
688 1607 803 1665 Hoc
830 1612 966 1670 adeo
1001 1616 1166 1674 fiebat
1194 1623 1320 1680 odio
1356 1607 2116 1717 Premensis.archiepiscopi,

530 1709 692 1806 quem
716 1714 911 1801 emnes
936 1709 1368 1774 criminabantur
1412 1723 1513 1779 sub
1557 1739 1818 1797 praetextu
1849 1708 2010 1806 regia:
2035 1708 2117 1796 fa;
2148 1708 2193 1770 Β

529 1785 863 1848 miliaritatis
886 1802 1256 1865 monarchiam
1280 1785 1573 1883 usurpasse
1597 1785 2115 1898 manil‘estaeatyran-

529 1873 698 1898 nu,“
739 1889 781 1898 _.
814 1882 828 1895 .
900 1886 913 1898 .

526 1873 787 1976 pidisi-et
812 1882 916 1954 ipsi
957 1902 1089 1961 ergo
1117 1907 1377 1955 consueta
1409 1873 1523 1973 regi
1567 1910 1792 1966 servitia
1836 1873 2111 1976 detracta-

523 1964 665 2071 bant
685 1967 783 2040 “',
821 1983 877 2029 et
905 1976 995 2035 ille
1016 1982 1068 2036 in
1095 1983 1232 2042 alias
1260 1993 1408 2062 regni
1432 1964 1615 2063 partes
1640 2015 1818 2070 regem
1844 2006 2112 2071 abducere

522 2057 763 2130 nolebat,
802 2079 869 2122 ne
902 2069 1112 2129 scilicet
1133 2091 1257 2132 cum
1287 2081 1410 2138 aliis
1442 2087 1778 2159 principibus
1806 2070 2111 2155 communi-

519 2149 696 2250 cando
749 2154 1112 2230 principatum
1164 2149 1515 2230 consiliorum
1569 2149 1634 2235 et.
1676 2181 2104 2258 familiaritatis,

517 2237 634 2341 ipse
661 2243 998 2353 sibialiquid
1026 2254 1373 2319 innniuueret
1395 2265 1466 2300 "“
1497 2269 1563 2325 dc
1587 2237 2105 2353 fastigioVu—s—urpatie

515 2332 935 2438 singularitatis.
967 2344 1071 2403 Sed
1119 2366 1224 2408 non
1266 2356 1406 2413 ultra
1452 2360 1612 2419 laturi
1658 2332 1912 2438 injuriam
1955 2332 2104 2432 vide-

512 2421 711 2533 bantur
735 2432 1008 2533 principes
1042 2445 1214 2514 regni.
1242 2447 1647 2526 Archiepiscopi
1679 2421 2025 2533 Bfogontinus
2046 2478 2102 2526 et

510 2512 851 2628 IColoniensis
897 2540 1020 2583 cum
1069 2512 1286 2602 ceteris,
1330 2512 1527 2610 quibus
1557 2512 1702 2603 cura:
1729 2512 1850 2608 οἴω
1875 2569 1965 2611 res
1996 2573 2097 2628 pu-

530 2604 643 2628 .12--
730 2627 737 2628 κ
812 2615 826 2628 ³
1188 2627 1195 2628 ’
1822 2619 1828 2625 '

568 2605 670 2675 ica,
717 2615 909 2679 crebra
944 2627 1322 2687 conventicula
1361 2630 1656 2703 faciebant,
1698 2619 1867 2714 atque
1907 2605 2096 2706 omhes

1643 2693 1656 2703 ,
1703 2693 1865 2714 ---τη
1909 2693 2095 2706 -.πηνα

506 2693 580 2811 in!
593 2712 898 2773 commune,
931 2712 1059 2780 quid
1108 2714 1252 2773 facto
1277 2735 1412 2791 opus
1448 2738 1611 2795 esset,
1640 2734 1925 2792 consulere
1954 2740 2095 2811 rogi-

505 2788 712 2899 tab'ant.
739 2795 870 2855 Dein
889 2802 1000 2872 jam
1023 2806 1202 2864 adulta
1219 2817 1642 2887 conspiratione,
1666 2824 1807 2881 diem
1825 2788 2093 2899 generalis

502 2879 755 2998 col'lnoqpii
775 2894 1024 2950 omnibus
1042 2898 1284 2959 indixere
1303 2910 1455 2978 regni
1470 2879 2089 2998 principibnséanuar.)

501 2982 561 3027 ut
584 2974 890 3037 Triburiam
921 2992 1327 3063 convenientes,
1352 2998 1699 3061 Premcnsem
1724 2974 2087 3083 archiepisco:

497 3079 648 3135 pum,
710 3084 1050 3135 communem
1110 3075 1353 3143 omnium
1406 3091 1638 3162 hostem,
1697 3103 2078 3162 communibus

1004 3633 1058 3689 in
1110 3637 1293 3695 villam
1343 3642 1716 3717 lngilncheim,
1755 3651 1909 3721 cujus
1935 3669 2063 3724 pars

484 3705 663 3813 aliqua
710 3716 778 3770 ad
830 3730 1073 3780 nostrum
1125 3744 1337 3800 quoque
1389 3741 1771 3796 monasterium
1802 3746 2057 3813 pertinet,

483 3796 815 3898 bospitatum
848 3809 1083 3868 divcrlit.
1111 3815 1212 3872 Ubi
1243 3796 1369 3876 dum
1402 3825 1600 3881 milites
1622 3829 1739 3898 ejus
1767 3796 1835 3886 ab
1865 3796 2058 3892 incolis

480 3888 693 3952 praedas
717 3907 936 3964 agerent
970 3911 1024 3958 et
1064 3904 1138 3959 illi
1183 3909 1248 3962 ad
1289 3928 1441 3969 arma
1469 3917 1866 3978 conclamantes
1895 3941 2058 3983 manu

480 3990 540 4031 se
564 3979 840 4042 vindicare
865 3991 1192 4065 niterentur,
1231 4012 1386 4059 atrox
1419 4023 1596 4080 pugna
1635 4024 1821 4079 coorta
1869 4027 1971 4073 est.
1999 4019 2095 4076 ln'

479 4074 751 4177 qua.dum
796 4079 1085 4144 Wernheri
1134 4109 1317 4151 comes
1347 4074 1726 4161 adferendum
1752 4108 1864 4166 suis
1899 4125 2055 4181 opem

1752 4157 1863 4166 η--
1902 4157 2055 4181 νβ...

477 4157 706 4258 impigre
735 4169 1085 4248 discurreret,
1118 4198 1148 4237 a
1179 4188 1411 4254 quodam
1437 4194 1606 4249 nostri
1639 4201 1948 4256 monasterii
1977 4204 2059 4258 vi-

1725 226 2074 307 LAMBERTI
2111 251 2683 320 nsasrscosssm-

564 344 803 402 magnae,
838 331 1126 395 edacitatis
1172 339 1379 415 nimiae,
1405 348 1781 412 crassitudinis
1812 365 1993 427 tantae,
2028 378 2149 434 quae
2174 368 2228 431 Α
2255 368 2412 436 trice,

566 425 960 496 aspicientibus
982 430 1264 491 horrorem
1297 438 1470 509 magis
1493 440 1763 507 incuteret
1788 464 1949 519 quam
1975 425 2147 513 admi-

566 514 866 583 rationem;
898 532 1000 577 nee
1040 522 1117 577 ita
1148 527 1489 586 centimanus
1518 532 1671 603 gigas
1700 514 1848 612 (206)
1878 552 1971 598 aut
1998 545 2153 617 aliud,

3305 243 3411 257 Μ

3713 285 3849 346 1088

2450 371 2602 428 clava
2647 389 2938 445 percussus
2987 379 3041 437 in
3082 382 3280 453 capite,
3318 387 3549 457 corruit,
3580 401 3753 464 atque
3787 396 3851 448 ad

2249 475 2428 531 regem
2461 465 2755 521 semivivus
2784 477 2867 523 est
2897 481 3220 540 reportatus.
3255 474 3585 539 Admonitus
3612 487 3688 542 ab
3724 484 3848 559 api.

2246 552 2426 621 scopis
2451 555 2542 623 qui
2576 566 2872 624 praasentes
2894 572 3065 623 erant.
3086 573 3145 617 ut
3175 581 3274 634 pro
3304 572 3543 636 peccatis
3566 578 3689 632 suis
3706 552 3841 651 θέο,

2245 642 2299 698 in
2350 653 2599 702 extremo
2640 647 2754 716 jam
2800 652 2997 720 spiritu
3046 657 3399 723 constitutus,
3452 642 3843 738 satisfaceret,

2241 749 2408 806 seque
2434 737 2877 799 Hervcldensinm
2929 748 3315 833 mpnachorum
3346 755 3607 822 precibus
3659 737 3843 819 inter?

2239 836 2479 898 emptum
2523 835 2939 903 recognoscens,
2989 837 3172 893 villam
3224 840 3492 906 Kirhbero
3518 847 3615 913 ⁸η.
3671 865 3842 918 quam

2238 918 2436 988 injuste
2490 922 2785 992 invaserat,
2834 928 3297 990 redderet:nullo
3328 936 3490 993 modo
3526 940 3841 1013 adquievit,

2236 1010 2409 1067 donec
2458 1014 2697 1087 episcopi
2742 1032 3013 1076 consensu
3069 1020 3214 1078 facto
3260 1010 3656 1084 minitarentur
3689 1048 3755 1089 se

2234 1115 2445 1158 sacram
2500 1108 2939 1165 communionem
2979 1113 3232 1169 morienti
3285 1132 3390 1171 non
3436 1118 3693 1180 daturus.
3726 1124 3835 1179 nisi

2230 1194 2383 1263 prius
2410 1198 2544 1250 tanti
2582 1201 2789 1268 peccati
2814 1202 3053 1270 pondere
3082 1221 3142 1260 se
3165 1221 3544 1263 exonerassct.
3580 1211 3679 1269 Sic
3706 1224 3831 1268 tan-

2230 1281 2350 1337 dem
2385 1285 2589 1355 pudore
2631 1290 2804 1359 magis
2842 1306 3003 1360 quam
3050 1294 3312 1365 religione
3348 1298 3527 1355 victus
3559 1303 3829 1372 reddidit,

2227 1373 2520 1445 statimque
2549 1377 2655 1431 vita
2679 1382 2935 1436 excessit.
2981 1380 3199 1439 Statuta
3232 1388 3323 1443 die
3345 1391 3519 1445 tristis
3552 1392 3610 1446 in
3637 1409 3827 1464 regem

2225 1467 2466 1521 omnium
2496 1469 2695 1533 vultus,
2728 1472 2898 1527 tristis
2928 1482 3047 1528 erat
3079 1481 3369 1542 sententia,
3413 1491 3476 1535 ut
3514 1492 3615 1537 aut
3654 1500 3827 1558 regno

2224 1569 2283 1609 se
2307 1555 2607 1624 abdicaret,
2632 1569 2725 1614 aut
2747 1564 3215 1636 archiepiscopum
3244 1568 3598 1627 Premensem
3625 1590 3659 1628 a
3687 1555 3821 1633 eon-

2222 1634 2364 1701 siliis
2383 1649 2496 1704 suis
2522 1658 2687 1721 atque
2731 1669 2762 1707 a
2803 1655 2952 1726 regni
2983 1634 3256 1712 consortio
3292 1674 3597 1723 amoveret.
3624 1666 3821 1739 Tergi-

2219 1739 2460 1800 versanti
2500 1749 2555 1795 et
2595 1741 2724 1813 quid
2761 1745 2938 1814 potius
2976 1745 3198 1818 eligeret
3231 1750 3502 1810 hmsitanti
3536 1757 3818 1828 archiepi-

2171 1885 2175 1889 ,
2216 1842 2414 1900 scopus
2457 1834 2744 1889 consilium
2775 1836 2943 1903 dedit,
2995 1846 3055 1892 ut
3092 1843 3333 1910 proxima
3371 1856 3558 1912 nocte,
3612 1850 3817 1908 ablatis

2213 1935 2395 1975 secum
2432 1923 2587 1994 regni
2636 1925 2956 1996 insignibus,
2998 1929 3138 1985 clam
3183 1934 3487 2006 aufugeret,
3525 1948 3585 1994 et
3614 1939 3815 1998 Costa.

2211 2012 2349 2067 riam
2396 2022 2492 2068 aut
2539 2015 2593 2070 in
2629 2015 2794 2071 alium
2835 2017 3012 2075 locum
3061 2037 3120 2078 se
3172 2025 3462 2094 reciperet,
3488 2030 3583 2084 ubi
3639 2032 3713 2085 ab
3743 2033 3819 2065 ⁸η

2210 2101 2406 2171 injuria
2439 2113 2589 2161 tutus
2616 2107 2774 2173 foret,
2799 2109 2969 2165 donec
3003 2114 3157 2167 turba
3208 2114 3325 2170 bazc
3356 2120 3806 2188 conquiesceret.

2205 2190 2545 2251 Adveniente
2578 2212 2825 2267 vespera,
2875 2202 3160 2258 thesauros
3187 2203 3259 2241 ⁸⁸⁸
3292 2208 3471 2279 regios
3502 2225 3609 2280 per
3629 2214 3807 2288 satel-~

2204 2281 2328 2338 lites
2349 2293 2403 2339 et
2432 2286 2610 2341 socios
2655 2288 2862 2346 fraudis
2893 2307 3007 2347 sua:
3044 2291 3157 2362 jam
3186 2308 3480 2367 exportare
3525 2284 3801 2372 cmperat,

2203 2388 2324 2429 cum
2352 2386 2570 2445 repente
2591 2379 2658 2434 ad
2682 2380 2960 2438 ministros
2983 2385 3126 2455 regis
3146 2388 3432 2444 consilium
3454 2390 3584 2456 hoc,
3612 2395 3803 2449 nescio

2201 2481 2310 2536 quo
2360 2468 2580 2536 indicio,
2638 2478 2998 2543 permanavit.
3040 2478 3142 2547 Qui
3195 2483 3376 2538 statim
3417 2487 3596 2555 raptis
3627 2488 3801 2542 armis

2199 2559 2393 2613 curtim
2434 2561 2636 2632 regiam
2665 2562 3178 2636 circumdederunt,
3211 2579 3491 2642 totamque
3529 2575 3799 2647 deinceps

2196 2657 2412 2705 noctem
2438 2650 2701 2708 ducentes
2726 2654 3070 2727 pervigilem,
3101 2673 3168 2715 ne
3184 2661 3314 2729 quid
3334 2663 3460 2716 novi
3483 2666 3796 2732 accideret,

2196 2740 2569 2799 asservabant.
2632 2744 2801 2800 Facto
2856 2763 3017 2804 mane
3076 2735 3316 2808 infensis
3385 2755 3527 2811 adeo
3588 2758 3796 2813 animis

2193 2847 2381 2888 omnes
2404 2834 2457 2887 in
2486 2835 2954 2908 archiepiscOpum
2983 2842 3159 2896 coorti
3192 2851 3338 2907 sunt,
3367 2853 3428 2899 ut
3469 2860 3572 2902 nee
3603 2850 3793 2902 mani-

2191 2924 2291 2978 bus
2324 2933 2741 2995 temperassent,
2775 2929 2876 2984 nisi
2920 2932 3068 3001 regia
3120 2932 3375 3001 majestas
3416 2936 3505 2990 vix
3540 2947 3598 2991 et
3639 2953 3791 3008 aegre

2113 3048 2156 3109 ε
2191 3016 2529 3075 iracundiam
2560 3020 2915 3077 cohibuisset.
2935 3022 3340 3081 Contumeliose
3364 3028 3550 3098 itaque
3570 3030 3791 3100 ejectus

2184 3118 2268 3166 est
2294 3110 2360 3165 de
2385 3120 2537 3165 curte
2569 3113 2716 3182 regia
2743 3129 2864 3168 cum
2888 3117 3142 3172 omnibus
3168 3119 3473 3189 tyrannidis
3503 3114 3621 3176 sure
3655 3122 3785 3176 fau-

2183 3201 2413 3266 toribus,
2439 3202 2693 3272 misitqne
2717 3220 2839 3259 cum
2867 3220 2932 3260 eo
2961 3223 3056 3262 rex
3085 3210 3379 3263 amicorum
3404 3226 3636 3266 suorum
3668 3229 3783 3268 non

2181 3292 2447 3348 modicam
2498 3309 2739 3359 manum,
2789 3313 2859 3351 ne
2899 3298 3106 3354 scilicet
3141 3301 3208 3355 ab
3244 3301 3454 3357 aemulis
3494 3304 3611 3358 suis
3644 3304 3783 3360 insi-

2179 3384 2297 3438 dias
2327 3384 2378 3438 in
2407 3384 2490 3438 via
2527 3394 2824 3456 pateretur.
2856 3388 2947 3445 Sic
2978 3389 3174 3446 iterum
3197 3392 3270 3429 ⁸⁶⁹
3300 3408 3486 3448 rerum
3516 3395 3783 3465 publica-

2173 3491 2293 3530 rum
2337 3476 2741 3534 administratio
2776 3480 2843 3535 ad
2898 3482 3183 3553 episcopos
3226 3484 3420 3553 rediit,
3455 3495 3518 3540 ut
3563 3488 3774 3559 singuli

2170 3567 2284 3622 suis
2309 3567 2533 3632 vicibus,
2577 3569 2706 3639 quid
2757 3572 2894 3643 regi,
2941 3574 3070 3643 quid
3128 3575 3205 3630 rei
3256 3575 3491 3653 publica:
3520 3578 3673 3635 facto
3698 3580 3776 3611 ⁸⁷⁵

2166 3672 2303 3729 Opus
2346 3666 2515 3724 esset,
2547 3660 2907 3729 prmviderent
2936 3663 3111 3734 (202).

2240 3750 2350 3804 Rex
2379 3752 2580 3822 pascha
2600 3750 2667 3785 ‘7‘
2699 3752 2931 3825 Trajecti
2948 3755 3095 3827 (205)
3107 3756 3404 3813 celebravit
3422 3758 3620 3831 (April.
3638 3759 3761 3831 {6).

2235 3843 2582 3899 Eberhardus
2634 3844 2992 3902 Treverorum
3031 3851 3475 3921 archiepiscopus
3521 3845 3654 3907 dum
3698 3853 3756 3908 in

2162 3934 2390 3990 sabbato
2412 3936 2482 3968 ‘7'
2508 3945 2697 3993 sancto
2721 3938 2870 4010 (204)
2902 3949 3066 3996 tantm
3088 3942 3191 3997 diei
3218 3943 3523 3997 misterium
3553 3942 3761 4000 solem-

2160 4026 2303 4081 niter
2340 4028 2537 4098 populo
2582 4030 2921 4085 exhibuisset
2952 4031 3146 4102 (April.
3199 4032 3313 4098 15),
3363 4050 3651 4104 regressus
3700 4034 3755 4090 in

2159 4118 2517 4173 secretarium
2546 4118 2616 4152 ⁸⁷³
2646 4120 2817 4191 (205),
2851 4132 3017 4191 caput
3056 4123 3109 4176 in
3152 4122 3330 4178 sinum
3378 4125 3752 4180 archidiaconi

2157 4206 2463 4273 reclinavit,
2515 4208 3103 4281 circumstantibnsque
3138 4212 3401 4269 fratribus
3426 4254 3443 4279 ,
3492 4214 3751 4285 spiritum

1072 4246 1079 4248 .
1197 4246 1209 4254 ,
1517 4246 1606 4249 η.-
1640 4246 1948 4256 ---ν-.-ωκηυ
1988 4246 2029 4258 υ.
2159 4246 2463 4273 ,νυ-ιιιανιη
2515 4246 3103 4281 υιιυυιιιοιιιηιιυυδιιυῠ
3138 4246 3401 4269 ιισιιιυυδ
3426 4254 3443 4279 ν
3492 4246 3596 4285 ργιι
3612 4246 3751 4270 “Ulli

475 4246 685 4312 lissimo
709 4264 1002 4336 mancipio,
1034 4272 1144 4339 vel,
1182 4284 1239 4329 ut
1263 4278 1353 4334 alii
1386 4281 1585 4353 ferunt,
1614 4302 1645 4342 a
1673 4287 1870 4345 femina
1899 4293 2061 4348 salta-
2089 4306 2139 4365 ι)
2165 4297 2423 4352 exalavit.
2475 4298 2857 4377 Episcopatum
2910 4300 3029 4373 ejus
3079 4318 3178 4374 per
3222 4304 3593 4361 interventum
3649 4304 3753 4371 "ﬂ

543 4501 614 4605 ζ’
980 4517 1284 4605 Ml"nreti_b_t_is_
1304 4546 1441 4605 corr.
1471 4535 1734 4593 reditibus
1758 4538 1812 4595 4.
1844 4542 2144 4599 redditihus
2298 4546 2366 4580 “‘
2394 4559 2583 4604 coacto
2609 4551 2665 4605 5.
2740 4550 2836 4586 ἰη’

1080 4571 1086 4573 .
1109 4571 1278 4581 --υ-...α
1304 4571 1380 4585 vv:
1398 4571 1441 4587 ιο
1474 4571 1734 4593 ιυηιιιυυδ
1758 4571 1812 4595 ⁴Ι¹ο
1846 4571 2085 4597 ιυυυιιιιιι

471 4571 523 4675 1.
551 4577 1028 4675 misglet‘rectabant
1176 4597 1247 4629 ‘5‘
1271 4599 1592 4675 imminuere
1612 4607 1666 4662 4.
1700 4610 2010 4675 immineret
2032 4614 2085 4666 5.

468 4641 1094 4744 ἑ·.ε.ἶῗ-1¹3ε’²ξ³υι·υε.έο
1126 4641 1778 4741 δεηιρὲῗῖἔέἑῖἼῗέιιέἱὶἒ

494 4713 999 4782 "intercessionem
1022 4713 1075 4785 ὅ.

2864 4555 3096 4623 quottid.
3119 4556 3172 4610 4.
3204 4556 3258 4611 5.
3333 4556 3405 4589 m
3428 4555 3650 4615 mittere
3686 4560 3743 4613 (Ι.

2163 4615 2241 4695 εδξ
2265 4628 2411 4695 esset
2430 4620 2484 4673 4.
2560 4621 2631 4695 ⁴ᾲ⁸⁸
2662 4623 2735 4695 ita
2758 4623 2811 4695 l.
2836 4615 3131 4695 Kirchberg
3156 4626 3208 4680 5.
3236 4627 3289 4680 4.
3319 4626 3374 4681 5.
3450 4628 3523 4660 “7
3598 4632 3743 4683 deest

1817 4681 1873 4737 5.
1950 4681 2019 4714 510
2046 4685 2108 4737 de

2215 4684 2272 4741 4.
2346 4688 2412 4721 ⁸⁷¹
2442 4693 2645 4760 pascite
2669 4693 2723 4748 5.
2799 4692 2870 4726 ’⁸⁷⁸
2899 4681 3167 4751 εαὺθιοῖ.
3244 4696 3316 4733 ⁸⁷³
3344 4681 3653 4755 sacrarium
3682 4699 3737 4755 ί.

1963 4836 2195 4894 NOTAE.

460 4987 517 5042 4.
540 4988 626 5042 69.

536 4915 684 5042 ἓῖυῦ)
711 4924 972 5004 centimaq
987 4945 1036 4991 με
1062 4931 1229 5003 gigas.
1256 4932 1467 5003 liorat.,
1489 4938 1588 4995 Od.
1618 4940 1683 5007 ll,
1719 4942 1802 5009 l7,
1831 4946 1927 5014 l4;
1957 4947 2041 5016 lli,
2134 4951 2399 5042 episcopo,
2444 4969 2504 5008 eo
2548 4962 2779 5042 tempore
2815 4956 3110 5042 inﬁcuria,‘
3144 4960 3417 5042 communi
3430 4960 3736 5032 principum
