4076 5310
292 230 431 288 {089

1492 227 1825 286 ANNALES.
1867 259 1932 269 -—-
1965 227 2082 286 AN.
2123 229 2281 289 1069.

3388 235 3525 296 lusu

291 339 627 399 Coloniensis
667 338 1058 412 archiepispOpi
1111 341 1346 410 suscepit
1379 339 1566 395 Cuono
1607 339 1854 410 prreposi-
1881 342 1928 400 Λ
1957 339 2121 396 ullum
2152 343 2382 399 dabatur
2403 359 2736 416 responsum.
2791 344 3027 402 Tandem
3055 335 3289 404 effractis
3317 350 3522 406 foribus

295 444 379 486 tus
406 431 475 462 "'
495 430 848 486 Cnloniensis.
905 433 1156 485 Graviter
1192 441 1246 484 ct
1291 431 1504 500 indigne
1549 431 1708 483 nimis
1741 429 1858 483 tulit

295 535 403 580 tam
432 525 606 578 clerus
629 539 787 592 quam
820 524 1043 592 populus
1073 524 1454 589 Treverorum,
1498 526 1638 594 quod
1674 526 1774 592 ipsi
1804 525 1858 578 in

293 616 690 671 electioneth
720 614 938 668 admissi
963 614 1299 680 consultique
1329 631 1433 668 non
1461 625 1661 676 essent,
1695 629 1857 682 seque

294 704 527 758 vicissim
556 702 913 755 hortabantur
947 741 960 765 ,
1008 712 1065 754 ut
1109 701 1370 769 insignem
1418 703 1557 755 hanc
1586 711 1860 754 contume-

291 795 418 848 liam
444 793 638 862 insigni
673 791 852 860 aliquo
885 791 1132 859 exctnplo
1159 791 1416 844 eluerent.
1461 791 1590 843 Erat
1617 801 1745 844 tunc
1789 789 1858 822 ""

292 883 549 950 temporis
578 880 748 949 major
775 881 964 934 domus
1020 879 1167 947 (206)
1219 879 1458 932 ecclesia:
1500 879 1858 933 Treverorum

293 975 594 1029 Dietericus
614 972 686 1005 ⁸⁷⁸
736 987 919 1026 comes
946 1012 958 1035 ,
1003 971 1314 1025 adolescens
1358 981 1464 1024 tam
1497 982 1685 1025 natura
1709 972 1859 1027 ferox

279 1081 451 1136 quam
479 1074 653 1120 a-tate.
681 1063 730 1118 Is
753 1064 857 1126 die,
875 1079 980 1132 quo
1003 1063 1283 1132 episcopus
1309 1063 1491 1116 urbem
1525 1066 1860 1133 ingressurus

292 1162 646 1232 sperabatur,
697 1171 825 1213 cum
863 1159 1169 1228 ingentibus
1219 1159 1390 1228 copiis
1444 1159 1491 1213 ci
1516 1159 1730 1213 obviam
1789 1159 1859 1192 ⁸⁷⁸

293 1249 574 1321 processit,
607 1257 767 1318 atque
796 1249 848 1301 in
879 1248 996 1315 ipso
1018 1247 1152 1302 lucis
1181 1247 1516 1317 crepusculo,
1545 1248 1856 1317 priusquam

291 1339 524 1408 hospitio
549 1337 962 1407 progrederetur
993 1375 1006 1399 ,
1059 1351 1222 1406 super
1249 1352 1369 1390 eum
1404 1337 1630 1401 irruens,
1661 1351 1860 1406 paucos

292 1432 545 1485 resistere
581 1437 904 1497 temptantes
933 1429 1129 1483 occidit
1159 1469 1174 1491 ,
1227 1439 1438 1484 ceteros
1484 1431 1699 1499 inopino
1749 1440 1856 1485 ter-

289 1537 412 1579 rore
437 1523 711 1593 perculsos
737 1523 894 1576 facile
936 1521 1068 1575 fudit
1101 1523 1432 1591 fugavitque,
1460 1537 1609 1591 opes,
1637 1538 1770 1591 quas
1789 1521 1859 1555 ’⁵⁸⁸

290 1613 646 1683 amplissimas
671 1612 978 1675 advexerat,
1005 1611 1223 1680 diripuit
1240 1611 1329 1676 “",
1351 1612 1523 1680 ipsum
1549 1612 1858 1682 episcopum

288 1713 502 1774 captum
543 1705 904 1772 traditumque
928 1704 982 1756 in
1008 1718 1196 1757 manus
1223 1704 1538 1758 carnificum
1560 1744 1573 1764 ,
1629 1703 1696 1757 de
1726 1720 1858 1773 rupe

287 1796 550 1850 altissima
574 1793 897 1863 praecipitari
931 1801 985 1846 et
1030 1792 1106 1846 sic
1158 1792 1385 1846 interﬁci
1413 1792 1592 1862 jussit.
1653 1792 1860 1861 Corpus

287 1884 401 1953 ejus
428 1900 456 1937 a
487 1883 746 1953 religiosis
787 1882 917 1935 viris
947 1881 1230 1936 collectum
1259 1891 1421 1951 atque
1453 1883 1504 1936 in
1534 1883 1860 1937 monasterio

289 1972 555 2028 Doleiensi
586 1971 730 2040 (207)
755 1970 1019 2039 sepultum
1045 1980 1158 2036 est;
1212 1971 1298 2024 ubi
1333 1988 1501 2040 usque
1530 1972 1583 2026 in
1621 1987 1860 2042 praesens

290 2071 502 2131 tempus
552 2062 786 2130 magnis,
818 2071 877 2114 ut
899 2059 1099 2125 fertur,
1130 2061 1404 2116 miraculis
1442 2062 1696 2116 divinitus
1721 2076 1860 2130 saepe

288 2151 609 2206 illustratur.
684 2150 957 2206 Successit
1004 2152 1053 2205 ei
1105 2151 1157 2206 in
1191 2153 1557 2222 episcopatum
1600 2153 1735 2209 Uolo
1764 2152 1856 2219 δ”,

289 2244 652 2298 concordante
702 2242 755 2296 in
813 2242 1132 2297 electionem
1175 2241 1291 2311 ejus
1345 2251 1452 2297 tam
1510 2244 1658 2299 clero
1698 2260 1858 2314 quam

287 2333 506 2402 pepulo.

356 2423 409 2477 ln
435 2423 586 2479 festis
607 2424 950 2494 paschalibus
980 2440 1076 2494 per
1104 2427 1506 2496 quatuordccim
1539 2428 1652 2483 fere
1676 2439 1860 2486 noctes

278 2515 570 2570 continuas
597 2528 802 2570 cometa
837 2517 905 2549 ⁸⁸³
952 2518 1264 2586 apparebat.
1337 2520 1455 2585 Quo
1513 2521 1566 2574 in
1622 2533 1861 2590 tempore

283 2611 442 2660 atrox
501 2615 553 2659 et
581 2605 912 2661 lacrimabile
943 2607 1104 2662 nimis
1151 2608 1394 2676 pradium
1426 2610 1495 2641 ηδ
1539 2610 1741 2666 factum
1780 2621 1861 2666 est

283 2681 344 2752 in
399 2699 642 2766 partibus
704 2698 1002 2766 aquilonis;
1059 2700 1109 2753 in
1161 2715 1267 2769 quo
1308 2717 1396 2756 rex
1437 2701 1858 2772 Anglisaxonum

288 2783 400 2842 tres
433 2804 586 2855 rcges
615 2803 733 2841 cum
767 2789 976 2845 infinito
1002 2807 1188 2848 eorum
1219 2793 1288 2830 ⁸⁸⁸
1319 2795 1560 2850 exercitu
1599 2812 1766 2852 usaue
1794 2797 1859 2851 ad

291 2878 692 2931 intcrnitionem
726 2879 938 2933 delevit.

361 2967 471 3020 Rex
518 2967 807 3022 Friteslare
851 2969 919 3001 ⁸⁸⁸
965 2971 1186 3027 veniens
1213 2973 1436 3044 (Mati),
1485 2976 1856 3045 gravissimam
1885 2998 1930 3060 ε

289 3056 664 3125 aegritudinem
692 3058 898 3121 incidit,
926 3060 997 3113 ita
1029 3069 1085 3113 ut
1117 3077 1145 3114 a
1186 3062 1408 3118 medicis
1457 3066 1856 3134 desperaretur,

287 3153 344 3197 ct
383 3145 652 3215 principes
694 3147 758 3199 de
788 3149 934 3218 regni
978 3151 1317 3206 successione
1363 3154 1586 3208 consilia
1616 3154 1863 3212 conferre

292 3237 599 3305 cmpissent.
637 3237 681 3291 Α
709 3253 813 3307 qua
846 3239 1158 3296 inﬁrmitate
1186 3243 1406 3298 vixdum
1434 3245 1585 3314 plene
1617 3261 1860 3316 resump-

295 3325 363 3379 tis
387 3325 604 3388 viribus,
620 3336 964 3396 pentecosten
989 3329 1283 3388 Herveldize
1305 3334 1596 3389 celebravit
1611 3335 1758 3406 (Jun.
1785 3337 1862 3408 4).

294 3413 405 3468 Nec
435 3415 605 3469 multo
639 3426 761 3486 post
805 3419 1024 3488 nuptias
1049 3421 1101 3474 in
1142 3421 1392 3478 Triburia
1431 3425 1578 3496 regio
1604 3435 1862 3496 apparatu

295 3505 624 3571 celebravit,
666 3507 719 3560 in
749 3509 1130 3577 conjunctione
1162 3512 1370 3568 Bertbas
1396 3513 1464 3546 ⁸⁸⁷
1492 3516 1713 3578 recinat.
1743 3516 1865 3572 filiae

293 3595 503 3653 Ottonis
533 3601 860 3656 marcbionis
887 3602 1162 3657 Italorum.

363 3690 704 3759 Reginherus
726 3693 1012 3750 Misnensis
1035 3697 1317 3767 episcopus
1342 3699 1497 3766 obiit;
1523 3700 1607 3754 cui
1631 3700 1864 3756 Craft‘“

295 3781 613 3850 praepositus
641 3781 1004 3839 Goslariensis
1043 3788 1321 3842 successit.
1365 3788 1471 3844 Sed
1498 3789 1544 3844 is
1585 3791 1709 3844 dum
1750 3806 1866 3847 sus-

296 3884 450 3944 cepto
477 3874 790 3943 episcopatu
817 3872 1119 3929 Goslariam
1150 3877 1422 3944 venisset,
1463 3888 1584 3949 post
1617 3879 1867 3936 refectio-

297 3982 418 4020 nem
466 3966 518 4020 in
570 3967 899 4033 cubiculum,
948 3968 1038 4021 ubi
1087 3969 1370 4024 thesauros
1419 3986 1586 4037 suos,
1638 3987 1864 4042 quorum

298 4058 498 4114 nimius
549 4069 759 4115 amator
781 4070 902 4114 erat
923 4100 938 4125 ,
965 4061 1108 4117 nullo
1137 4063 1356 4119 conscio
1386 4063 1653 4120 infuderat
1677 4106 1692 4130 ,
1713 4067 1867 4136 quasi

297 4147 569 4216 paululum
609 4150 946 4218 requiescere
969 4151 1177 4217 volens,
1203 4168 1322 4209 sese
1344 4155 1580 4209 inclusit.
1628 4156 1870 4224 Cumque

295 4234 404 4303 jam
435 4236 520 4290 die
543 4247 798 4307 vergente
855 4239 906 4292 in
935 4254 1215 4308 vesperam
1251 4252 1448 4311 praeter
1489 4246 1705 4298 modum
1738 4259 1870 4298 con-

1961 433 2318 502 irrumpentes
2349 476 2363 501 ,
2417 437 2735 492 invenerunt
2802 455 2924 493 cum
2969 438 3152 493 fractis
3203 442 3520 506 cervicibus,

1960 521 2140 575 colore
2193 531 2352 587 lelru,
2399 528 2701 582 exanimem
2732 568 2747 591 ,
2809 528 2938 596 ipsis
2989 529 3254 583 thesauris
3288 530 3355 563 ⁸⁸⁸
3410 531 3527 587 suis

1962 612 2319 667 miserabilem
2343 615 2409 648 “°
2432 617 2480 668 in
2506 618 2721 671 modum
2754 619 3114 673 incubantem.
3148 621 3524 692 Episcopatum

1959 716 2056 768 pro
2108 719 2173 758 eo
2255 707 2488 775 suscepit
2547 708 2770 772 Benno,
2840 712 3106 778 pra'dielte
3166 712 3529 774 Guslariensis

1959 795 2201 849 ecclesia:
2226 798 2539 852 canonicus.

2616 888 2869 946 MLXVII.

2029 975 2156 1030 Otto
2202 979 2444 1032 marcbio
2497 977 2893 1049 Tlmringormn
2948 985 3112 1049 obiit,
3163 987 3522 1056 gaudentibus

1961 1064 2244 1119 admodum
2279 1066 2330 1119 in
2357 1075 2528 1121 morte
2560 1068 2676 1138 ejus
2726 1072 2974 1125 onmibus
3018 1072 3304 1145 Tburingis
3343 1074 3432 1139 δυ,
3459 1088 3526 1131 eo

1961 1158 2102 1226 quod
2146 1158 2259 1227 ipse
2304 1159 2511 1227 primus
2555 1177 2621 1214 ex
2656 1162 2987 1230 principibus
3016 1163 3436 1234 Tlmringorum,
3465 1166 3527 1221 ut

1958 1246 2271 1314 praedictum
2335 1257 2416 1300 est
2476 1247 2682 1314 (207‘),
2730 1249 2967 1303 decimas
3009 1266 3071 1305 ex
3135 1254 3246 1306 suis
3283 1255 3335 1308 in
3382 1255 3527 1308 Thu-

1960 1336 2132 1405 ringia
2164 1338 2592 1405 possessionibus
2643 1341 2769 1392 dare
2793 1344 3154 1396 consensisset
3177 1384 3191 1406 ,
3217 1353 3268 1396 et
3306 1360 3402 1413 per
3427 1346 3528 1399 hoc

1959 1428 2320 1481 calamitatem
2366 1433 2652 1482 maximam
2699 1433 2842 1500 genti
2867 1447 2976 1484 sua:
3015 1433 3282 1488 invexisse
3323 1437 3532 1491 videres

1963 1527 2067 1573 tur.
2148 1517 2420 1573 Marcbam
2445 1520 2512 1552 δ”
2548 1521 2663 1589 ejus
2705 1521 2968 1591 Egbertus
2997 1563 3011 1588 ,
3071 1525 3328 1592 patruelis
3364 1528 3528 1600 regis,

1962 1609 2212 1676 suscepit.

2031 1697 2334 1752 Einhardus
2367 1697 2640 1768 Spirensis
2667 1699 2953 1768 cpiscopus
2981 1701 3112 1754 obiit
3137 1717 3152 1765 ;
3205 1702 3289 1756 cui
3319 1700 3534 1756 Heinri-

1959 1805 2053 1844 cus
2092 1791 2393 1854 successit,
2464 1789 2824 1846 Goslariensis
2886 1791 3125 1846 ecclesiae
3197 1794 3528 1858 canonicus,

1962 1890 2128 1935 tantae
2162 1881 2234 1914 m
2263 1883 2506 1952 dignitati
2545 1884 2629 1936 vix
2657 1884 2783 1937 dum
2815 1900 2910 1953 per
2934 1895 3144 1940 aetatem
3173 1897 3438 1952 maturus,
3478 1895 3534 1940 et

1961 1985 2066 2023 non
2093 1978 2202 2024 tam
2236 1969 2502 2024 electione
2557 1972 2862 2041 principum
2892 1975 2959 2026 ad
2989 1975 3127 2028 banc
3157 1986 3444 2044 provectus
3463 1974 3536 2007 ⁸⁵⁸

1960 2074 2122 2126 quam
2155 2059 2486 2128 indulgentia
2516 2060 2658 2130 regis
2684 2099 2699 2124 ,
2743 2061 2829 2114 cui
2879 2061 2932 2114 in
2962 2063 3152 2130 puerili
3177 2073 3333 2118 tetate
3362 2063 3539 2120 fuerat

1961 2148 2382 2204 familiarissime
2447 2159 2774 2205 assentatus.
2853 2151 3037 2206 Benno
3107 2154 3539 2226 Osenburgeusis

1960 2240 2242 2308 cpisc0pus
2293 2238 2427 2293 obiit
2476 2238 2636 2306 (Nov.
2666 2239 2824 2311 25.);
2864 2241 2952 2295 cui
2993 2241 3131 2297 alius
3185 2243 3370 2298 Benuo
3406 2260 3536 2300 suc-

1960 2329 2148 2386 cessit.

2032 2421 2144 2477 Rex
2189 2422 2242 2476 in
2283 2423 2570 2478 nativitate
2609 2425 2780 2479 sancti
2835 2424 3048 2480 Martini
3095 2425 3396 2483 Goslariam
3445 2442 3540 2484 ve—

1961 2511 2114 2565 nieus
2155 2510 2318 2581 (Nov.
2353 2513 2484 2580 IL),
2544 2513 2782 2583 graviter
2829 2513 3092 2568 inlirmari
3124 2515 3327 2584 coepit,
3375 2524 3537 2585 atque

1960 2603 2149 2656 eadem
2185 2603 2481 2658 valitudine
2505 2619 2603 2675 per
2653 2604 2852 2660 multos
2883 2605 2998 2661 dies
3054 2605 3347 2674 laborans,
3395 2606 3536 2664 lecto

1963 2691 2260 2756 recubabat
2836 2765 2840 2768 η

2615 2782 2899 2840 MLXVIII.

2031 2873 2145 2927 Rex
2174 2873 2514 2929 nativitatem
2542 2874 2752 2930 Domini
2781 2874 3062 2938 Goslariae,
3094 2875 3322 2932 necdum
3362 2891 3537 2947 sospt-

1963 2947 2073 3016 tate
2119 2963 2186 3017 ad
2218 2964 2434 3033 plenum
2463 2974 2778 3033 recuperata
2806 3004 2821 3030 ,
2877 2965 3208 3025 celebravit;
3248 2981 3407 3034 aquo
3436 2967 3538 3036 Eg-

1963 3054 2148 3108 bertus
2175 3052 2248 3085 ⁸⁹⁸
2273 3054 2532 3115 marchio,
2579 3055 2787 3109 exactis
2819 3053 3010 3108 diebus
3038 3054 3210 3118 festis,
3241 3055 3535 3124 digressus,

1965 3159 2086 3198 cum
2117 3159 2179 3199 se
2221 3145 2273 3198 in
2303 3160 2399 3198 sua
2449 3146 2783 3214 recepisset,
2835 3145 3045 3199 modica
3084 3145 3230 3199 febre
3275 3144 3541 3214 pulsatus,

1967 3236 2255 3290 terminum
2280 3235 2405 3290 vitae
2440 3237 2665 3306 accepit.
2698 3235 2803 3290 Sed
2845 3236 3119 3290 marcbam
3152 3236 3326 3290 adhuc
3351 3237 3540 3291 vivens

1966 3326 2299 3394 adquisie‘rat
2318 3327 2424 3379 lilio
2438 3341 2556 3389 suo,
2573 3327 2877 3382 tenerrima:
2896 3326 3072 3380 aetatis
3092 3325 3352 3380 infantulo
3368 3325 3538 3395 (208},

1965 3435 2123 3490 quem
2151 3419 2200 3474 ei
2248 3420 2406 3473 vidua
2433 3419 2580 3489 (209)
2607 3419 2758 3473 ducis
2786 3417 2857 3450 ⁸⁵⁸⁸
2882 3418 3099 3472 Ottonis
3139 3419 3206 3472 de
3248 3416 3542 3471 Swinefurt

1965 3519 2254 3582 pepererat
2273 3511 2384 3576 m;
2437 3511 2523 3564 cui
2556 3517 2734 3563 tamen
2784 3508 2898 3578 ipse
2922 3508 3110 3577 paucis
3149 3507 3338 3562 diebus
3387 3515 3541 3560 ante-

1966 3618 2126 3670 quam
2159 3601 2268 3655 vita
2299 3601 2584 3656 excederet
2606 3599 2886 3670 repudium
2918 3599 3156 3653 scribere
3185 3597 3539 3665 cogitaverat,

1967 3701 2023 3746 et
2070 3704 2262 3748 contra
2318 3692 2464 3762 leges
2519 3706 2584 3745 ac
2629 3689 2698 3724 ⁸³⁸
2745 3699 2950 3744 statuta
3006 3702 3272 3744 canonum
3327 3687 3542 3740 viduam

1968 3781 2184 3837 Ottonis
2241 3780 2572 3836 marcltiouis
2640 3778 2987 3832 matrimonio
3057 3776 3156 3831 sibi
3200 3776 3426 3845 jungcre
3450 3775 3540 3838 "",

1967 3873 2111 3943 quod
2141 3875 2255 3928 haec
2285 3873 2458 3927 forma
2490 3872 2790 3942 elegantior
2823 3881 2876 3925 et
2901 3867 3140 3925 efferatis
3171 3868 3412 3923 muribus
3431 3866 3544 3924 suis

1963 3966 2285 4036 Oportunior
2314 3963 2616 4027 videretur;
2667 3962 2759 4016 sed
2805 3977 2950 4016 mors
2975 3968 3239 4030 oportune
3277 3960 3346 3991 ⁸⁰⁰
3375 3962 3542 4014 inter-

1970 4057 2191 4110 veniens
2215 4054 2453 4109 nefarios
2492 4063 2720 4107 conatus
2750 4052 2819 4083 ⁸⁰¹
2849 4052 2967 4120 ejus
2991 4051 3296 4119 intercepit.

2040 4147 2322 4216 Ravenger
2369 4144 2676 4213 patriarcha
2726 4142 3085 4211 Aquileiensis
3118 4141 3188 4173 ⁸⁰²
3229 4141 3405 4206 obiit;
3456 4141 3545 4196 cui

1972 4238 2303 4307 Sigehardus
2325 4234 2679 4289 cancellarius
2701 4232 2992 4296 successit;
3018 4247 3114 4302 pro
3133 4246 3241 4302 quo
3265 4232 3398 4286 Βίὺο
3420 4247 3546 4286 εειιιιι

299 4327 757 4398 suetudinemque‘
797 4343 948 4384 suam
1002 4347 1193 4386 somno
1253 4335 1526 4404 indulgere
1574 4335 1866 4398 videretur,
1895 4331 1948 4390 D
1974 4330 2226 4387 cellarius
2252 4337 2336 4384 est
2361 4327 2726 4383 substitutus‘.

300 4428 413 4469 rem
437 4416 704 4472 insolitam
738 4421 1000 4475 mirantes
1037 4423 1393 4488 cubicularii,
1431 4424 1644 4493 pulsare
1667 4425 1866 4478 ostium

300 4518 601 4577 coeperunt.
672 4510 778 4567 Sed
805 4528 906 4568 nec
953 4513 1298 4582 pulsantibus
1321 4530 1422 4570 nec
1445 4515 1867 4573 vociferantibus

2043 4511 2158 4567 Rex
2188 4508 2522 4566 nativitatem
2548 4413 3062 4560 Deilliild?goslarim
3106 4499 3256 4574 (210)
3300 4500 3555 4558 celebra-

370 4681 414 4754 ')
451 4683 695 4740 Ecclesra
723 4689 895 4743 sancti
920 4688 1068 4744 Petri
1109 4690 1162 4744 in
1187 4689 1366 4746 Monte
1395 4691 1474 4761 (in
1500 4707 1574 4746 m.
1597 4708 1644 4748 ε.
1683 4709 1738 4764 p.
1760 4693 1816 4748 4.
1849 4659 1953 4780 5.)ίί
1974 4700 2166 4748 exusta
2192 4695 2275 4743 est
2300 4700 2432 4741 xvm
2469 4681 2740 4738 Kalendas
2776 4679 3105 4781 Decembris.
3159 4679 3287 4733 add.
3327 4679 3381 4735 5.
3405 4677 3462 4733 Α.
3490 4677 3550 4734 5.

1561 4823 1793 4879 VARI/IS
1828 4787 2226 4879 LEcTIONEs.

384 4905 775 4986 "thunoACol.
801 4932 853 4984 p.
881 4919 934 4973 '5.
1011 4917 1083 4950 ³⁷⁸
1113 4932 1161 4969 e.
1187 4917 1303 4986 ejus
1343 4921 1394 4974 l.

299 4979 356 5033 5.
438 4979 529 5055 “1
558 4979 856 5055 adduxerat
902 4988 1140 5055 dirupuit
1180 4979 1226 5041 ιζ

301 5065 441 5102 corr.
465 5049 766 5106 friteslaree
796 5053 848 5107 4.
936 5049 1105 5110 mila
1142 5059 1193 5111 1.
1219 5061 1411 5116 bertbe
1459 5059 1573 5112 rell.

1343 4921 1394 4974 l.
1489 4918 1559 4951 ⁸⁷⁷
1589 4931 1696 4975 tum
1723 4922 1795 4976 5?
1871 4921 1943 4953 ’⁸⁷⁸
1975 4920 2285 4976 Diedericus
2318 4916 2368 4969 l.
2396 4912 2465 4994 ,4.
2493 4910 2546 4974 5,

1323 4991 1394 5022 ἰδ’
1434 4991 1508 5024 ειη
1561 4990 1584 5024 Α
1681 4992 1749 5024 s83
1792 4994 1932 5024 Λαυρ
1982 4991 2015 5024 ’ξ
2128 4990 2199 5021 bss
2237 4997 2502 5024 nrnmmm

1434 4991 1509 5042 ita
1558 4990 1613 5043 4.
1681 4992 1749 5024 ‘3’
1790 4994 1932 5047 deest
1982 4991 2034 5042 Ξ.

1459 5059 1573 5112 rell.
1678 5062 1746 5096 ⁸⁸⁸
1777 5064 1935 5120 crabt
1978 5060 2060 5112 ιδ.

2624 4909 2694 4941 ⁸⁷⁸
2721 4923 2772 4961 ο.
2818 4907 2865 4961 ei
2905 4906 2958 4960 5.
3038 4902 3108 4935 ⁸⁸⁸

2128 4990 2199 5021 ’⁸⁸⁸⁵
2237 4983 2502 5055 premium
2525 4981 2584 5055 _'5
2675 4979 2748 5011 ⁸⁸⁸
2797 4978 2936 5055 licet}
2990 4974 3044 5028 5-

2135 5059 2203 5092 ⁸⁸³³
2235 5045 2508 5110 thezauris
2525 5051 2578 5104 5.
2609 5063 2663 5104 ut
2687 5045 2956 5112 semper!”

3170 4916 3330 4971 quam
3382 4898 3439 4971 Ξ.
3497 4903 3580 4963 ἃ.

3148 4969 3216 5005 ⁸⁸³
3264 4969 3596 5033 friteslarie

302 5119 356 5170 in
383 5133 455 5173 m.
479 5119 869 5177 incumbentem
892 5127 946 5181 4.
1015 5126 1082 5158 m
1110 5104 1384 5182 ιυτίιιιτίιι.
1452 5104 1840 5182 δ”ιιιτιι-ιειιὶειῖίι

1979 5104 2448 5182 ἧιέτεὶιίιιῖλψῖθδ
2480 5131 2606 5174 ante
2631 5121 2684 5173 5.
2758 5104 2828 5146 "3
2852 5113 3138 5182 profectus
3170 5115 3214 5164 ι-
3243 5109 3298 5162 4.
3365 5104 3435 5135 ’⁸³⁸
3470 5123 3616 5165 ερη

3075 5042 3156 5074 “9°
3183 5037 3615 5103 miserabiliter
