4076 5310
518 213 541 267 l
553 206 656 267 095

1663 215 2006 273 LAMBERTI
2034 214 2608 275 llERSFELDENSlS

2293 92 2375 106 me.

3658 222 3806 281 [C96

516 315 676 393 quam
704 335 770 377 ex
794 308 1002 378 ratione
1031 338 1144 380 rem
1188 332 1422 394 gereret,
1455 323 1795 396 indignantes
1829 326 2032 395 clerici,
2061 345 2091 384 a
2120 335 2170 395 Α
2196 331 2504 400 superiores
2552 332 2680 386 facti
2714 370 2728 400 ,
2776 333 3060 406 plerosque
3116 350 3179 391 ex
3232 334 3493 392 militibus
3543 312 3806 409 episcopi

516 410 897 468 communione
935 413 1052 483 ejus
1105 428 1165 469 se
1221 414 1492 471 abstinere
1536 427 1821 487 coeperunt
1878 431 2098 490 propter

515 504 869 559 simoniacam
899 505 1151 570 heresim,
1185 521 1284 576 per
1336 521 1497 576 quam
1544 508 1911 578 episcOpatum
1940 525 2098 565 usur-

516 608 672 662 passe
702 593 1016 658 dicebatur;
1064 593 1114 646 id
1146 608 1359 666 quoque
1384 596 1432 650 ei
1468 596 1684 651 crimini
1716 599 1927 663 dantes,
1951 599 2096 668 quod

516 681 803 752 plerosque
828 683 1071 737 ecclesia:
1100 682 1382 739 thesauros
1410 683 1607 740 furtive
1629 686 1960 742 abstulisset.
1981 688 2096 756 Qua

514 772 860 827 accusatione
922 772 1147 827 Romam
1197 775 1438 845 perlata,
1524 775 1801 831 Romanus
1856 778 2093 847 pontifex

515 869 765 920 mandata
802 866 1001 921 direxit
1026 865 1336 936 Mogontino
1390 868 1818 939 archiepiscopo,
1881 884 1952 925 ne
1989 869 2095 924 ullo

516 956 672 1009 modo
696 956 763 1010 ab
790 971 855 1011 eo
886 966 1326 1021 consecraretur,
1373 957 1543 1011 donec
1590 957 1646 1012 in
1673 957 1756 1012 sui
1809 959 2093 1027 praesentia

515 1060 678 1123 causa
703 1045 1017 1114 diligentius
1049 1045 1424 1100 ventilaretur.
1452 1042 1658 1101 Tolosae
1714 1046 1861 1120 (220)
1888 1050 2094 1118 episco-

515 1150 614 1203 pus
640 1136 804 1201 obiit;
830 1137 917 1190 cui
962 1135 1096 1191 Bibo
1125 1136 1482 1191 cancellarius
1511 1139 1811 1205 successit;
1860 1154 1960 1209 pro
1988 1154 2095 1209 quo

513 1223 785 1278 Adalbero
807 1211 880 1257 ἰε
911 1226 1209 1281 canonicus
1226 1225 1514 1297 Mettensis
1542 1226 1611 1260 '“
1632 1227 1992 1285 cancellarins
2012 1237 2097 1284 est

513 1313 838 1369 substitutus
865 1313 953 1370 ⁸³⁸.

1203 1407 1417 1463 MLXX.

586 1500 700 1555 Rex
728 1502 1062 1556 nativitatem
1096 1501 1308 1556 Domini
1333 1501 1594 1573 Frisingae
1627 1501 1945 1559 celebravit.

588 1595 885 1665 Episcopus
915 1593 1254 1666 Mogontinus
1274 1601 1330 1649 et
1355 1593 1693 1651 Coloniensis
1714 1607 1768 1650 et
1789 1596 2095 1653 Babenber-

2198 431 2567 493 peremerunt,
2620 434 2914 496 captosque
2964 426 3035 458 '“
3082 426 3362 482 seditionis
3411 439 3683 481 auctores
3732 446 3807 483 ex

2199 509 2375 565 edicto
2404 512 2549 582 regis
2577 513 2629 566 in
2665 514 2880 568 vincula
2923 516 3270 585 conjeccrnnt
3296 516 3386 567 '".
3421 514 3540 569 Rex
3598 533 3809 571 aseen-

2195 596 2401 651 sionem
2441 596 2654 653 Domini
2695 600 3093 667 Quidelenburc
3130 602 3203 635 ⁸¹⁶
3239 603 3399 673 (Mai.
3451 603 3566 674 t3),
3599 617 3811 674 pente-

2196 698 2382 744 costen
2412 688 2720 747 Mersebnrc
2769 692 2838 724 "'
2889 695 3184 750 celebravit
3232 694 3388 767 (Mai.
3422 695 3540 767 25).

2265 777 2720 848 Angustissimum
2750 781 2822 815 ⁸⁸⁸
2850 783 2905 837 itt
2946 782 3341 851 Quidelenburc
3387 778 3458 820 ⁸⁸⁸
3521 786 3805 858 templum

2195 882 2318 922 cum
2381 869 2633 928 onmibus
2701 873 2924 943 attiguis
2989 874 3092 929 sibi
3152 875 3438 944 aediliciis,
3511 878 3804 933 incertum

2196 958 2379 1013 divina
2426 958 2633 1016 ultione
2682 977 2749 1017 an
2807 963 3029 1019 fortuita
3087 964 3432 1032 calamitate,
3494 968 3801 1023 incensum

2196 1058 2361 1117 atque
2391 1050 2444 1104 in
2472 1052 2684 1107 cineres
2712 1055 2994 1109 redactum
3042 1065 3125 1111 est
3159 1054 3328 1127 (εει).

2266 1140 2459 1198 Clarus
2486 1156 2553 1199 eo
2589 1153 2828 1215 tempore
2880 1147 2934 1201 in
2987 1146 3188 1217 palatio
3234 1146 3304 1179 ⁸⁸⁰
3353 1158 3409 1204 et
3459 1164 3680 1221 magna:
3739 1152 3799 1206 in

2194 1244 2256 1284 re
2280 1230 2496 1300 publica
2533 1234 2876 1290 auctoritatis
2925 1247 3043 1293 erat
3076 1231 3147 1268 ⁸⁶¹
3186 1237 3310 1293 Οιιο
3360 1239 3469 1293 dux
3500 1238 3799 1310 Bajoario-

2197 1335 2339 1375 rum.
2380 1320 2487 1378 Sed
2520 1324 2661 1379 sicut
2711 1340 2926 1397 semper
2976 1326 3201 1398 gloriam
3249 1330 3401 1399 sequi
3449 1329 3593 1385 solet
3649 1331 3798 1385 invi-

2197 1412 2303 1476 dia,
2336 1411 2641 1470 invidentes
2686 1415 2736 1470 ei
2784 1415 3025 1487 plerique
3085 1418 3334 1474 homines
3377 1435 3640 1490 nequam,
3697 1421 3793 1492 qui

2195 1501 2414 1556 malitia:
2442 1518 2553 1557 suae
2602 1508 2898 1573 potentiam
2926 1500 2996 1539 m
3025 1509 3142 1579 ejus
3168 1519 3328 1579 atque
3355 1502 3427 1543 ³⁸³
3458 1511 3794 1567 immodera-

2197 1599 2308 1644 tam
2358 1592 2582 1662 gloriam
2636 1595 2857 1650 obstare
2914 1599 3284 1667 querebantur
3351 1599 3422 1632 '“
3452 1641 3469 1667 ,
3548 1600 3794 1656 sollicite

517 1689 699 1759 gensis
727 1704 756 1742 a
786 1687 1005 1743 domino
1042 1686 1339 1757 apostolico
1387 1686 1623 1752 evocati,
1655 1688 1883 1743 Romam
1928 1705 2093 1744 vene-
2125 1669 2170 1728 Β
2198 1686 2653 1753 opportunitatem
2689 1686 2753 1741 ad
2797 1690 3209 1760 opprimendum
3258 1706 3381 1747 eum
3440 1695 3790 1763 quaerebant.

516 1787 663 1832 runt.
687 1776 763 1833 lbi
793 1779 1079 1849 episcopus
1116 1775 1582 1849 Babenbergensis
1622 1788 1929 1844 accusatus,
1954 1779 2098 1851 quod

517 1885 614 1939 per
643 1870 990 1925 simoniacam
1027 1868 1259 1925 heresim
1295 1870 1418 1923 data
1461 1871 1690 1939 pecunia
1730 1872 2097 1944 episcopatum

515 1959 829 2028 invasisset,
844 1962 1008 2016 multa
1023 1972 1077 2015 et
1092 1962 1334 2030 preciosa
1350 1976 1571 2016 munera
1587 1977 1737 2032 papae
1757 1963 1901 2018 dedit
1924 1964 2096 2035 (221),

517 2065 570 2110 et
599 2070 695 2125 per
725 2056 836 2109 haec
867 2052 1145 2108 etl‘eratam
1174 2052 1461 2108 adversum
1491 2066 1552 2107 se
1587 2051 1654 2085 “'
1702 2062 1938 2110 mentem
1983 2054 2099 2124 ejus

514 2148 584 2204 ad
624 2155 827 2201 tantam
855 2146 1323 2201 mansuetudinem
1354 2146 1588 2212 reduxit,
1626 2155 1708 2214 nt,
1730 2148 1822 2217 qui
1851 2163 1957 2203 non
1978 2148 2099 2204 sine

515 2236 758 2308 periculo
803 2238 1027 2292 honoris
1055 2246 1108 2291 et
1144 2236 1344 2307 gradus
1371 2236 1452 2291 sui
1483 2251 1743 2293 evasurus
1782 2239 2093 2309 putabatur,

518 2344 623 2380 non
668 2326 839 2380 solum
884 2327 1261 2397 itnpnnitatem
1328 2328 1593 2393 criminis,
1642 2329 1786 2400 quod
1830 2329 2099 2401 objectum

517 2417 713 2484 fuerat,
735 2427 1183 2487 consequeretur,
1206 2419 1298 2473 sed
1325 2419 1487 2473 etiam
1508 2419 1729 2490 pallium
1750 2429 1807 2475 et
1831 2420 1933 2474 alia
1954 2435 2100 2491 qua-

519 2510 641 2562 dam
674 2508 1173 2578 arcltiepiscOpatns
1203 2508 1434 2579 insignia
1457 2510 1525 2565 ab
1551 2507 1622 2541 “'
1649 2510 1778 2565 sede
1804 2510 2098 2580 apostolica

518 2615 616 2671 pro
645 2597 1022 2653 benedictione
1067 2600 1392 2667 perciperet.
1439 2598 1779 2669 Mogontinns
1833 2598 2101 2669 archiepit-

520 2707 718 2761 scopus
746 2691 889 2745 ultro
911 2706 971 2745 se
1003 2691 1316 2760 episcopatu
1350 2690 1607 2746 abdicare
1642 2698 1807 2762 atque
1846 2690 1900 2744 in
1929 2689 2098 2745 otium

519 2784 744 2853 privatm
762 2780 1191 2836 conversationis
1212 2782 1464 2835 secedere
1486 2795 1809 2851 magnopere
1820 2780 2097 2849 cupiebat;

522 2872 615 2927 sed
644 2882 752 2926 tam
789 2871 1013 2924 Rontani
1057 2869 1330 2940 pontiﬁcis
1373 2869 1697 2923 auctoritate
1723 2883 1882 2937 quam
1912 2883 2100 2925 eorum

522 2964 614 3033 qni
644 2972 941 3032 praesentes
986 2969 1144 3015 erant
1196 2961 1583 3015 maturioribns
1623 2959 1866 3016 consiliis
1908 2961 1998 3014 vix
2045 2971 2101 3015 et
2125 2995 2173 3059 ο

520 3066 667 3121 {egre
687 3054 949 3106 abductus
973 3064 1055 3106 est
1082 3067 1110 3106 a
1150 3052 1442 3106 sententia.
1479 3051 1679 3107 Omnes
1720 3051 1773 3106 in
1815 3066 2101 3107 commune

522 3142 721 3200 acerbe
753 3144 1045 3215 objurgati,
1082 3143 1225 3215 quod
1254 3157 1440 3198 sacros
1468 3144 1686 3198 ordines
1710 3157 1806 3212 per
1841 3143 2102 3198 simonia-

524 3249 645 3289 cani
678 3233 913 3289 heresim
965 3234 1263 3287 venderent
1294 3240 1350 3287 et
1382 3233 1688 3287 ementibus
1730 3230 2101 3288 iudill‘erenter

524 3324 989 3378 communicarent
1016 3336 1314 3393 manusque
1343 3322 1715 3391 imponerent;
1745 3323 1978 3387 tandem,
2014 3335 2103 3376 ac-

522 3421 681 3485 cepto
704 3412 778 3446 ⁸⁸⁹
799 3414 867 3468 ab
903 3415 982 3469 eis
1007 3411 1361 3483 jurejurando
1395 3413 1539 3482 quod
1589 3412 1703 3467 haec
1733 3411 1962 3467 ulterius
2020 3411 2102 3465 l‘a-

523 3505 665 3561 Cturi
698 3521 802 3560 non
823 3512 1030 3571 essent,
1056 3505 1110 3558 in
1137 3519 1232 3559 sua
1258 3519 1382 3559 cum
1410 3510 1546 3572 pace
1570 3503 1776 3558 dimissi
1809 3512 1956 3558 sunt.

514 3588 517 3591 λ
596 3597 714 3652 Dux
745 3597 1163 3667 Lnteringornm
1196 3595 1267 3628 "°
1299 3595 1631 3660 Gotel‘ridus,
1670 3595 1922 3650 omnibus
1966 3609 2104 3664 pene

508 3690 688 3748 terris
736 3674 1108 3762 magnitudine
1142 3704 1363 3744 suarum
1406 3703 1590 3743 rerum
1634 3697 1909 3757 gestarum
1955 3702 2105 3743 com-

524 3791 712 3852 pertus
731 3789 785 3835 et
809 3781 1082 3849 cognitus,
1106 3780 1245 3834 obiit
1270 3778 1387 3850 (an.
1420 3778 1580 3843 1069,
1608 3777 1733 3833 Dec.
1757 3778 1872 3849 ει),
1895 3788 1949 3834 et
1974 3777 2104 3833 Ver-

512 3872 687 3926 .dnnis
713 3869 783 3902 ⁸⁸¹
813 3869 1058 3939 sepultus
1080 3877 1195 3933 est;
1227 3870 1314 3922 cui
1345 3868 1486 3922 illius
1508 3868 1625 3938 ejus
1652 3868 1850 3924 Gozelo
1883 3868 1954 3902 ⁸⁸⁹
1983 3883 2104 3924 suc—

522 3962 716 4031 cessit,
794 3960 1102 4032 pracStantis
1150 3959 1367 4028 quidem
1415 3959 1579 4012 animi
1632 3959 1964 4025 adolescens,
2012 3959 2106 4014 sed

525 4059 808 4130 gibbosus.
830 4080 903 4099 -ι
930 4049 1220 4113 Udalricns
1254 4047 1327 4081 ⁵⁸⁸
1379 4050 1627 4105 marchio
1685 4049 2106 4107 Carentinorum

523 4153 661 4207 obiit
689 4149 858 4223 (222).

2198 1770 2381 1841 itaque
2408 1775 2691 1842 quendam,
2746 1776 2966 1848 Egenen
3023 1780 3262 1845 nomine,
3313 1783 3589 1837 hominem
3638 1785 3794 1854 iuges

2199 1878 2390 1928 ttuunt,
2438 1866 2533 1920 sed
2587 1865 2734 1921 omni
2788 1866 3114 1940 ﬂagitiorum
3169 1885 3365 1941 genere
3412 1871 3789 1940 infamatum,

2199 1955 2253 2010 in
2287 1971 2472 2012 necem
2499 1958 2830 2030 exitiumque
2856 1957 2973 2028 ejus
3018 1963 3467 2018 subornaverunt.
3498 1963 3552 2019 ls
3577 1965 3791 2018 crimen

2198 2048 2457 2103 adversus
2485 2064 2606 2104 cum
2637 2049 2850 2116 detulit,
2891 2054 3032 2121 quod
3071 2066 3134 2109 se
3175 2055 3241 2107 ad
3292 2054 3653 2108 occidendum
3707 2066 3793 2108 τό·

2196 2153 2319 2209 gem
2386 2140 2641 2210 precibus
2702 2150 2758 2197 et
2812 2143 3291 2213 pollicitationibus
3353 2143 3538 2199 multis
3615 2159 3794 2215 smpe-

2198 2245 2425 2285 nnmero
2487 2230 2873 2300 sollicitasset,
2940 2242 3105 2306 atque
3175 2236 3228 2290 in
3272 2235 3342 2268 ⁵⁶⁸
3397 2246 3791 2307 argumentum

2199 2319 2323 2375 fidei
2389 2319 2625 2391 gladium
2672 2323 3001 2392 ostentabat,
3050 2340 3211 2396 quem
3247 2327 3350 2382 sibi
3397 2325 3465 2381 ab
3492 2333 3562 2381 e‘o
3599 2327 3655 2380 in
3690 2329 3793 2381 bos

2202 2420 2310 2468 tam
2340 2412 2638 2470 sceleratos
2661 2411 2734 2447 ⁸⁸⁸
2762 2414 3103 2487 nefariosque
3150 2430 3280 2474 usus
3303 2417 3373 2452 ⁸⁸⁷
3400 2419 3590 2473 datum
3640 2433 3795 2472 asse-

2201 2502 2397 2567 rebat;
2430 2502 2475 2558 si
2530 2503 2885 2570 inllciaretur,
2931 2514 3180 2575 paratum
3233 2523 3294 2563 se
3337 2509 3528 2579 quovis
3573 2506 3792 2576 judicio

2198 2593 2381 2649 verbis
2416 2594 2529 2650 suis
2573 2594 2734 2649 ﬁdem
2775 2594 2974 2652 facere.
3009 2596 3125 2665 Qua
3153 2599 3501 2653 accusatione
3526 2596 3780 2667 vulgata,

2200 2685 2279 2749 hi,
2310 2699 2446 2752 quos
2482 2683 2696 2740 ratione
2740 2687 3045 2742 communis
3091 2686 3358 2742 commodi
3386 2686 3458 2719 ⁸⁸³
3486 2687 3790 2755 aliquando

2200 2774 2532 2840 ollenderat,
2583 2790 2773 2832 omnes
2822 2776 3015 2832 infensi
3064 2777 3351 2847 infestique
3397 2762 3671 2843 aderant,
3735 2786 3793 2832 et

2202 2869 2536 2926 iracundiam
2568 2869 2711 2941 regis
2745 2870 3001 2925 adversus
3029 2884 3152 2925 eum
3201 2854 3539 2927 inﬂammare
3565 2880 3788 2926 summa

2200 2961 2297 3027 vi,
2349 2975 2560 3015 summa
2618 2974 2720 3030 ope
2779 2959 3112 3015 nitebantur.
3167 2961 3332 3031 Igitur
3389 2975 3484 3015 rex
3535 2977 3665 3017 eum
3713 2960 3789 2997 “’

2203 3049 2529 3122 Mogontiam
2558 3064 2679 3104 cum
2713 3048 2909 3104 ceteris
2952 3049 3287 3119 principibus
3333 3049 3400 3103 ad
3448 3049 3790 3120 colloquium

2202 3140 2447 3195 evocavit
2479 3138 2679 3210 (lum),
2711 3140 2840 3209 quid
2888 3138 3124 3195 delatum
3169 3148 3311 3196 esset
3359 3142 3633 3210 exposuit,
3685 3156 3790 3195 ne—

2202 3232 2461 3305 gantiqne
2510 3231 2755 3286 inducias
2802 3232 2855 3286 in
2907 3246 3002 3288 sex
3046 3232 3374 3288 ebdomadas
3402 3232 3474 3266 ⁸⁷⁸
3504 3234 3678 3299 dedit,
3727 3242 3792 3288 ut

2202 3325 2456 3381 Kalendis
2482 3324 2705 3394 Augusti
2733 3323 3033 3379 Goslariam
3082 3324 3329 3391 veniens,
3374 3325 3649 3395 objectum
3678 3326 3794 3380 cri-

2203 3430 2349 3481 men,
2380 3429 2698 3485 congressus
2721 3414 2793 3448 '"
2846 3430 2968 3470 cum
2996 3424 3316 3471 accusatore
3363 3429 3486 3482 suo,
3520 3432 3687 3471 manu
3714 3406 3790 3450 ⁸⁷⁵

2202 3506 2421 3578 propria
2449 3505 2720 3562 refelleret
2747 3505 2837 3559 ⁸⁷³.
2866 3504 3000 3561 Cum
3046 3507 3099 3561 in
3130 3507 3243 3563 haec
3271 3506 3433 3562 verba
3483 3508 3789 3563 discessum

2202 3606 2369 3664 esset,
2419 3596 2629 3653 causari
2674 3596 2948 3667 principes
3009 3597 3074 3652 de
3118 3597 3409 3668 iniquitate
3454 3599 3790 3654 conditionis

2204 3693 2508 3757 coeperunt,
2554 3699 2655 3740 nec
2700 3686 2899 3740 bonum
2950 3699 3052 3741 nec
3104 3700 3317 3755 aequum
3362 3700 3485 3742 esse
3517 3687 3789 3755 dicentes,

2205 3786 2267 3834 nt
2325 3779 2489 3834 homo
2549 3775 2954 3843 nobilissimus,
3001 3776 3361 3847 integerrima:
3404 3778 3548 3848 apud
3600 3793 3791 3833 omnes

2202 3870 2643 3936 existimationis,
2696 3885 2798 3925 nec
2843 3869 2950 3925 ulla
2992 3884 3245 3940 umquam
3288 3869 3498 3926 sinistri
3532 3871 3792 3925 ‘rnmoris

2205 3963 2422 4020 macula
2488 3963 2875 4029 attaminatus,
2929 3978 3148 4018 manum
3213 3961 3465 4018 conferre
3501 3960 3793 4030 juberetnr

2207 4070 2330 4110 cum
2377 4051 2596 4109 homine
2640 4051 3093 4119 sceleratissimo,
3134 4052 3226 4124 qui
3273 4053 3318 4107 si
3365 4052 3494 4123 quid
3544 4052 3792 4123 ingenuis

2209 4146 2338 4201 tatis
2382 4160 2412 4200 a
2456 4145 2770 4216 parentibus
2811 4146 3150 4214 accepisset,
3212 4145 3264 4200 id
3306 4159 3404 4215 per
3464 4143 3648 4210 furta,
3696 4158 3793 4215 per

510 4303 514 4307 ,
572 4244 712 4309 ,Βοχ
766 4244 966 4314 pascha
1024 4241 1079 4296 in
1133 4232 1536 4295 llildenesbeim
1598 4232 1748 4305 (225)
1813 4234 2111 4292 celebravit
2210 4236 2515 4300 latrocinia,
2565 4235 2797 4304 denique
2839 4249 2938 4304 per
2983 4235 3164 4289 omnia
3192 4230 3267 4269 ’τι
3295 4235 3551 4290 vitiorum
3593 4234 3792 4304 probra

524 4336 680 4404 (Apr.
712 4334 789 4404 4).
822 4333 896 4387 lbi
928 4334 1070 4387 inter
1101 4329 1303 4384 milites
1348 4327 1491 4397 regis
1515 4331 1573 4381 et
1619 4323 1818 4380 milites
1870 4326 2108 4397 episcopi
2138 4333 2185 4394 ι)
2207 4329 2319 4400 jam
2348 4329 2548 4384 dudum
2595 4327 2980 4383 oblitter‘asset.
3013 4327 3107 4384 llle
3148 4337 3325 4383 tamen
3372 4335 3428 4383 et
3470 4327 3791 4398 indignitate

527 4423 726 4479 seditio
756 4423 900 4477 facta
927 4429 1030 4477 est.
1064 4419 1171 4476 Sed
1197 4418 1398 4473 milites
1447 4417 1590 4489 regis
1620 4418 1675 4472 in
1728 4419 2112 4490 congressione

2220 4422 2298 4476 rei
2327 4418 2589 4476 cﬁ‘eratns
2617 4427 2673 4476 et
2699 4417 2810 4475 Deo
2836 4420 3160 4475 innocentiae
3195 4433 3306 4475 suae
3362 4425 3499 4473 teste
3546 4426 3605 4472 et
3659 4431 3789 4472 con-

1781 4578 2018 4637 VARUE
2057 4576 2463 4639 LECTlONES.

597 4697 674 4739 ἰδ
695 4696 951 4753 adelbero
964 4696 1020 4750 5.
1042 4693 1098 4748 4.
1125 4693 1177 4749 5.
1255 4692 1324 4727 '“
1347 4699 1607 4748 metensts
1626 4694 1681 4750 5.
1702 4692 1914 4761 εωρίυσ.
1985 4693 2059 4725 ⁸⁸⁸
2076 4707 2123 4748 s.
2146 4704 2233 4750 est
2251 4695 2305 4748 5.
2380 4691 2451 4725 ’⁸⁷
2469 4692 2608 4748 deest
2626 4686 2679 4748 5.
2752 4683 2825 4727 ³⁵³
2851 4710 2881 4749 a
2899 4695 2950 4749 4.
2978 4685 3048 4749 δερ
3118 4689 3189 4728 ⁸⁸⁸
3206 4691 3278 4761 ab
3302 4690 3368 4747 iis
3389 4706 3503 4747 acc.
3520 4682 3578 4747 5.
3625 4681 3695 4724 ⁸⁸⁸
3715 4692 3789 4748 ltr-

528 4768 904 4839 theringorutu
937 4767 991 4821 1.
1024 4766 1078 4820 4.
1153 4764 1224 4797 ⁵⁸¹
1254 4764 1571 4818 verdunisse
1593 4764 1647 4818 5.
1722 4760 1794 4796 ""
1816 4761 2138 4843 Godel'ridus
2173 4766 2223 4819 1.
2252 4763 2565 4844 Gotel‘ridus
2589 4766 2945 4886 μαρανθεήὲτο
2967 4761 3167 4844 Gozelo
3189 4760 3242 4815 4.
3266 4761 3588 4817 Godefridus
3616 4765 3707 4831 qui
3736 4772 3789 4818 et

528 4840 736 4886 aneln
768 4836 849 4886 th.
882 4837 952 4870 ⁸³³
972 4839 1045 4886 ita
1067 4851 1261 4886 omnes.
1337 4832 1410 4865 ⁸⁸⁸
1433 4841 1618 4886 οαυτίος
1642 4835 1698 4886 4.
1776 4833 1847 4864 ⁸⁵⁸
1861 4844 2204 4886 coniceretur
2218 4834 2271 4886 4.
2348 4834 2419 4866 ⁵⁵⁸
2443 4833 2833 4886 Ontdtlenbnm
2893 4874 2904 4885 .
2933 4831 3329 4886 Ontdelenbura
3351 4832 3405 4885 4.
3430 4832 3485 4886 5.
3559 4833 3633 4867 ⁸⁸⁷
3652 4830 3789 4886 Iler-

508 4832 745 4895 ‘Gozelo
768 4836 849 4891 ib.
882 4837 952 4870 ⁸⁸³
972 4839 1045 4890 ita
1067 4851 1261 4889 omnes.
1337 4832 1410 4905 Ψ
1433 4841 1618 4905 captos
1642 4833 1847 4905 ιιεμεξι
1861 4833 2204 4905 coniceretur
2213 4834 2271 4905 _4.
2320 4832 2833 4905 7‘?‘7Quidileitb_urg

1798 4902 2187 4974 Quidelinbnrg
2211 4903 2265 4956 5.
2292 4903 2698 4974 Quidelenbnrg
2720 4902 2777 4974 75.
2808 4901 2822 4905 ’
2854 4903 2925 4974 “9
2954 4902 3182 4974 pailacio
3207 4913 3325 4974 erat
3343 4902 3404 4974 5.
3417 4971 3452 4974 _
3474 4901 3545 4936 ⁸⁸⁸
3569 4904 3710 4956 deest
3733 4902 3785 4974 3.

1850 4971 1922 5003 '“
1949 4971 2251 5018 nimi-ahala
2278 4971 2329 5018 ι-

529 4910 734 4979 sebut'g
756 4908 810 4961 5.
828 4908 889 4979 4.
914 4896 1539 4979 5.h_”‘_Augusstintum
1562 4904 1646 4979 5._
1690 4896 1763 4979 ⁸ξ⁹

531 4973 603 5012 tm
626 4973 768 5018 Αοῖιο
812 4978 846 5018 Δ
972 4977 1041 5009 ιω
1085 4974 1201 5018 nine
1230 4973 1405 5018 inane
1434 4987 1587 5018 suam
1636 4975 1667 5018 i-
1701 4974 1753 5018 Δ-

2893 4874 2904 4885 .
2933 4831 3329 4902 Quidelenburg
3351 4832 3405 4885 4.
3430 4832 3488 4902 5.
3559 4830 3789 4887 "fller-

2424 4972 2496 5007 ⁵6⁸
2541 4970 2689 5018 Διερεὶ
2714 4973 2766 5018 ες-
2839 4973 2910 5007 ⁸⁸⁸
2950 4970 3220 5018 ἕξριηηιος
3245 4970 3300 5018 5.
3385 4971 3453 5004 “7
3481 4989 3550 5018 an
3580 4970 3787 5018 ausus?
