4076 5310
274 285 410 342 1'07

1506 282 1847 340 ANNALES.
1885 313 1955 324 —-
1992 282 2112 336 ΑΝ.
2157 282 2315 338 ωιο.

3393 278 3529 334 1998

268 399 385 455 scio
430 397 638 463 fretus,
714 413 835 453 cum
898 399 1109 468 quovis,
1175 398 1339 451 etiam
1384 397 1621 469 indigno,
1683 396 1847 451 etiam
1879 401 1923 461 Α
1956 411 2315 467 agrorumque
2360 396 2617 458 cultores,
2666 397 2708 450 si
2762 411 2897 466 quos
2946 395 3056 450 fors
3106 397 3176 429 ⁸⁸⁸
3227 396 3533 454 obtulisset»

268 498 466 562 praeter
499 489 707 560 natales
738 504 886 555 suos,
918 504 1159 558 pugnare
1203 488 1460 553 malebat,
1496 504 1657 558 quam
1716 488 1850 541 tanti

271 579 494 636 sceleris
523 580 829 649 suscipioue
869 580 1063 634 teneri.
1098 578 1262 650 Igitur
1290 580 1377 633 die
1407 587 1605 633 statuta
1635 580 1700 632 ad
1730 594 1857 647 pro-

272 671 414 726 xima
443 670 704 727 Goslarite
732 671 847 725 loca
892 687 1015 725 cum
1063 678 1273 724 armata
1320 670 1662 724 multitudine
1708 669 1855 723 venit

271 758 430 830 (Aug.
483 760 795 829 I);missis
818 760 884 815 ad
944 774 1123 829 regem
1178 758 1392 812 nunciis
1450 757 1762 820 mandavit,
1808 756 1850 810 si

271 850 372 905 sibi
401 852 472 891 ⁸⁷³
505 861 619 905 tuto
649 852 859 916 venire,
904 851 948 905 si
998 859 1115 904 tuto
1154 865 1374 904 causam
1423 850 1605 904 dicere
1645 847 1850 911 liceret,

270 948 516 1009 paratum
568 956 627 995 se
669 955 853 995 coram
913 940 1143 1002 venire,
1204 947 1258 992 et
1298 938 1643 1003 conditione,
1691 952 1852 1006 quam

270 1030 540 1100 principes
580 1031 728 1099 regni
757 1045 967 1101 mquam
1001 1031 1358 1099 iudicassent,
1411 1030 1639 1092 crimen,
1695 1027 1853 1095 cujus

272 1121 614 1177 insimulatus
642 1121 842 1185 fuerat,
875 1122 1140 1176 refellere.
1179 1120 1295 1176 Rex
1335 1120 1401 1173 ad
1441 1122 1553 1173 haec
1594 1119 1855 1174 atrociter

267 1221 327 1264 et
352 1213 549 1265 acerbe
581 1211 879 1280 respondit,
930 1227 988 1265 se
1033 1211 1082 1265 ei
1130 1226 1229 1265 nec
1276 1211 1329 1264 in
1380 1210 1644 1264 veniendo
1675 1209 1851 1263 necin

269 1315 430 1355 causa
461 1299 688 1355 dicenda
725 1314 910 1368 pacem
939 1308 1031 1352 aut
1076 1300 1424 1354 securitatem
1473 1297 1715 1367 polliceri
1745 1314 1760 1360 ;
1798 1296 1853 1350 id

270 1388 445 1443 solum
504 1401 829 1460 espectare,
891 1389 1126 1459 ntjuxta
1176 1389 1486 1443 condictum
1550 1387 1852 1441 Goslariam

270 1482 570 1535 Comminus
611 1481 860 1545 veniret,
901 1490 955 1536 et
1005 1482 1049 1535 si
1101 1480 1229 1550 quid
1271 1480 1338 1534 de
1405 1479 1714 1533 innocentia
1757 1492 1851 1532 sua

269 1578 662 1638 praesumeret,
706 1580 956 1625 conserta
1000 1586 1123 1625 cum
1178 1570 1490 1625 adversario
1530 1585 1629 1623 suo
1666 1584 1849 1633 manu,

269 1662 579 1731 aequissimo
612 1665 784 1735 judici
832 1664 940 1719 Deo
989 1681 1101 1718 rem
1156 1664 1537 1728 commiteret;
1589 1666 1642 1718 ni
1680 1665 1731 1718 id
1776 1664 1853 1718 fa-

270 1762 439 1816 ceret,
497 1754 841 1818 se,‘omissa
899 1754 1072 1825 legum
1128 1754 1504 1808 dissidentium
1559 1755 1848 1817 simultate,
1884 1737 1928 1797 Β

269 1844 508 1917 relegato
535 1849 926 1901 sententiarum
966 1847 1286 1907 certamine.
1318 1860 1414 1915 pro
1442 1844 1695 1900 convicto
1718 1859 1849 1899 con-

268 1934 522 2009 fessaque
552 1954 673 1996 eum
708 1940 761 1994 in
813 1941 943 1993 tanti
980 1939 1053 1971 "‘
1082 1939 1307 1993 sceleris
1338 1938 1614 1992 immanite
1643 1938 1855 1993 habitu-

274 2044 415 2083 rum.
448 2030 639 2086 ltelato
673 2032 739 2086 ad
770 2032 959 2087 ducent
986 2032 1086 2086 hoc
1118 2045 1396 2099 responso,
1428 2044 1529 2084 nec
1555 2038 1729 2083 tutum
1755 2044 1855 2085 nec

270 2120 406 2176 satis
436 2122 720 2176 honestum
775 2122 891 2191 ejus
940 2123 1009 2154 ⁸⁷⁷
1062 2121 1364 2176 rationibus
1412 2120 1585 2173 visum
1637 2129 1718 2175 est
1770 2119 1855 2175 his

268 2213 361 2283 qui
395 2223 541 2267 recte
567 2213 615 2267 ei
643 2214 950 2269 consultum
982 2213 1292 2284 cupiebant,
1345 2220 1405 2265 ut
1436 2212 1516 2267 sic
1547 2210 1853 2266 inﬂamma-

270 2314 340 2358 ta:
396 2306 680 2358 adversum
743 2318 802 2359 se
860 2305 1003 2376 regis
1060 2303 1354 2358 iracundia!
1409 2300 1738 2355 illudendum
1796 2315 1857 2356 se

268 2394 689 2464 vexandumque
719 2395 1001 2464 objieeret,
1056 2409 1179 2449 cum
1232 2393 1356 2456 sibi,
1408 2391 1634 2463 integris
1681 2392 1856 2447 adlmc

270 2484 433 2539 rebus
463 2492 518 2539 et
567 2485 796 2541 crimine
846 2486 1073 2541 necdum
1106 2484 1476 2554 comprobato,
1511 2492 1629 2538 tuto
1671 2497 1855 2538 coram

268 2574 458 2627 venire
501 2590 607 2628 non
661 2575 940 2641 licuisset;
1007 2576 1150 2646 quod
1195 2584 1301 2629 tam
1336 2575 1461 2645 jure
1514 2574 1630 2630 cadi
1694 2589 1855 2644 quam

263 2661 388 2732 jure
424 2662 524 2718 fori
566 2665 816 2720 omnibus
866 2680 1082 2735 semper
1132 2666 1259 2730 reis,
1289 2667 1541 2720 omnibus
1595 2664 1648 2719 in
1678 2666 1858 2721 causis

271 2753 533 2810 licuisset.
581 2755 657 2812 Ita
698 2758 865 2813 incisa
916 2759 988 2791 m
1038 2773 1132 2829 spe
1181 2759 1375 2824 venite,
1413 2759 1630 2813 intectis
1673 2759 1855 2822 rebus,

271 2853 325 2909 in
360 2864 455 2903 sua
480 2864 537 2905 se
559 2850 784 2921 recepit,
815 2850 985 2907 satius
1007 2859 1223 2922 putans,
1250 2851 1427 2921 quoad
1456 2860 1658 2921 posset,
1692 2852 1859 2905 armis

270 2939 497 2995 salutem
551 2943 708 3007 tueri,
757 2957 920 3013 quam
967 2944 1035 2997 ad
1082 2943 1152 2975 "’
1203 2942 1569 2997 exsaturanda
1619 2940 1856 2996 hostium

273 3045 496 3086 suorum
525 3033 648 3087 odia
681 3033 913 3102 turpiter
940 3048 1092 3088 more
1117 3033 1383 3103 pecudum
1425 3031 1683 3102 jugulari.
1728 3031 1860 3087 Pos-

273 3133 392 3179 tera
422 3126 508 3181 die
539 3139 632 3179 rex
674 3126 949 3196 principes
993 3127 1260 3191 Saxontte,
1293 3137 1433 3197 quon
1465 3142 1531 3181 ex
1562 3126 1645 3181 bis
1674 3140 1857 3179 ormn-

273 3218 374 3273 dns
404 3228 547 3275 esset
584 3229 638 3274 et
667 3220 720 3275 hi
750 3230 969 3292 propter
995 3221 1235 3291 privatas
1266 3219 1579 3275 inimicitias
1624 3217 1859 3273 maxime

274 3307 504 3364 invisum
557 3324 682 3366 eum
733 3312 1033 3375 haberent,
1079 3310 1403 3367 sententiam
1459 3323 1621 3378 super
1667 3322 1734 3363 eo
1786 3305 1859 3340 ⁸⁸⁸

274 3402 507 3469 rogavit.
555 3400 656 3469 Qui
692 3417 814 3457 eum
857 3411 1133 3472 tamquam
1173 3400 1444 3456 manifesti
1487 3398 1731 3454 criminis
1768 3398 1858 3453 de-

272 3493 598 3562 prehensum
630 3512 780 3551 reum
813 3497 1110 3566 majestatis
1147 3494 1550 3565 iudicaverunt,
1580 3504 1655 3561 et,
1688 3494 1731 3550 si
1767 3510 1857 3549 ca-

268 3593 512 3655 peretur,
545 3587 761 3656 capitali
792 3588 844 3643 in
875 3602 996 3643 eum
1023 3590 1292 3644 sententia
1319 3587 1855 3643 animadvertendum

274 3673 392 3731 fore
446 3677 820 3733 decreverunt.
870 3679 1015 3736 Illico
1053 3680 1212 3735 amici
1278 3681 1423 3750 regis
1462 3678 1607 3734 ferro
1650 3687 1702 3733 et
1733 3678 1857 3748 igne

276 3769 427 3843 (225)
483 3773 735 3843 persequi
785 3789 932 3839 eum,
979 3774 1173 3845 singuli
1225 3789 1322 3844 pro
1373 3772 1516 3828 virili
1570 3773 1854 3843 portione,

272 3862 704 3931 aggrediuntur;
738 3863 979 3934 plerique
1005 3866 1168 3920 etiam
1201 3879 1299 3919 nec
1344 3864 1447 3919 fide
1475 3879 1601 3934 erga
1652 3878 1853 3935 regem,

279 3967 378 4008 nec
404 3955 581 4010 studio
611 3971 739 4027 erga
790 3970 900 4011 rem
947 3955 1239 4026 publicam,
1290 3971 1390 4009 nec
1421 3954 1625 4009 ultione
1671 3954 1854 4025 cujus-

280 4056 438 4114 quam
492 4045 720 4115 privatae
785 4046 1043 4115 injuriae,
1108 4048 1201 4103 sed
1260 4047 1373 4101 sola
1421 4047 1489 4079 ⁸⁸⁸
1545 4046 1854 4115 rapinarum

280 4137 613 4205 cupiditate,
663 4154 814 4195 arma
869 4150 1061 4196 contra
1104 4157 1227 4196 eum
1274 4141 1512 4212 capiunt.
1552 4140 1737 4209 Itaque
1784 4139 1852 4172 ⁸⁸⁸

281 4227 515 4299 undique
543 4228 760 4294 laxatis,
803 4230 970 4286 immo
1014 4232 1186 4301 ruptis
1222 4233 1424 4287 irarum
1471 4230 1716 4294 habenis,
1741 4244 1858 4286 om-

283 4335 380 4377 nes
423 4323 477 4379 in
522 4338 646 4380 eum
694 4326 927 4388 irrunnt,
972 4329 1171 4398 praedia
1216 4327 1338 4399 ejus
1386 4338 1442 4383 et
1484 4327 1857 4398 possessiones

1953 489 2302 552 obtruncant,
2336 487 2589 547 lacerant,
2615 484 2886 557 jugulant.
2921 486 3012 542 Sic
3039 496 3316 557 postremo
3337 500 3536 561 praeter

1954 580 2171 633 modum
2206 579 2632 647 modestiamqne
2667 578 2742 631 ira
2767 577 2965 631 immod
3003 577 3534 635 ratiordebacbaba-

1956 676 2062 728 tur,
2090 676 2150 720 ut
2178 682 2275 719 nec
2306 670 2371 720 ab
2393 666 2756 721 ecclesiis-nec
2780 667 3013 736 templis,
3045 683 3162 736 qua:
3186 666 3273 723 ille
3298 670 3536 740 propriis

1956 756 2213 824 impensis
2251 755 2362 811 Deo
2392 766 2794 819 construxerat,
2843 757 3055 812 hostilis
3093 760 3315 814 smvitia:
3364 762 3534 831 impe-

1956 856 2043 903 tus
2074 857 2416 918 temperaret.
2470 847 2671 903 Dcinde
2703 865 2794 902 rex
2823 850 3049 905 collecto
3079 852 3324 905 exercitu
3355 867 3534 919 egres-

1955 952 2067 1003 sus,
2094 946 2390 992 extremam
2423 937 2572 1005 operi
2598 953 2813 992 manum
2838 955 2935 1008 per
2953 954 3013 994 se
3036 941 3208 1010 ipsum
3240 942 3489 1011 imposuit
3517 959 3532 1003 ;

1953 1029 2225 1099 principes
2246 1044 2380 1098 quos
2408 1028 2457 1082 ei
2482 1030 2947 1097 consanguinitate
2985 1030 3064 1085 vel
3101 1031 3203 1086 alia
3234 1032 3537 1087 necessitu-

1955 1119 2080 1174 dine
2095 1119 2359 1173 obnoxios
2376 1127 2616 1179 noverat,
2640 1125 2728 1172 aut
2752 1121 2987 1189 acceptis
2998 1121 3275 1176 obsidibus
3286 1122 3445 1190 autju
3455 1136 3535 1178 re-

1949 1205 2199 1275 jurando,
2228 1223 2294 1262 ne
2340 1206 2406 1261 ad
2431 1223 2554 1262 eum
2579 1206 2901 1275 deficerent,
2933 1210 3211 1282 obligavit.
3240 1210 3533 1266 Castellum

1954 1299 2071 1369 ejus
2121 1298 2448 1354 Hanenstein
2479 1298 2658 1369 (226),
2698 1314 2729 1353 a
2778 1314 2886 1369 quo
2939 1299 3003 1354 ad
3057 1302 3292 1371 primum
3345 1302 3531 1355 statim

1954 1387 2077 1441 belli
2111 1396 2372 1442 terrorem
2400 1389 2707 1458 praesidium
2740 1388 3028 1443 abductum
3071 1390 3267 1455 fuerat,
3297 1390 3535 1444 funditus

1954 1480 2121 1534 everti
2142 1480 2326 1550 jussit.
2356 1480 2460 1533 Alii
2489 1480 2731 1545 castello,
2760 1480 2902 1550 quod
2951 1478 3257 1550 Tesenberg
3287 1482 3358 1515 ⁸⁸⁵
3382 1482 3533 1548 (2‘27)

1956 1569 2194 1638 dicitur,
2244 1573 2544 1627 exercitum
2598 1572 2713 1642 jam
2784 1573 3118 1629 admoverat.
3178 1575 3283 1631 Sed
3332 1576 3386 1630 In
3439 1578 3531 1645 qui

1956 1664 2100 1718 intus
2138 1673 2313 1729 erant,
2345 1666 2446 1719 etsi
2487 1663 2589 1719 loci
2619 1665 2725 1719 situ
2759 1665 3205 1734 Inexpugnabiles
3248 1668 3451 1733 essent,
3479 1678 3533 1723 et

1955 1755 2124 1825 copiis
2171 1756 2421 1810 omnibus
2451 1771 2571 1825 quae
2625 1755 3052 1810 administrando
3094 1755 3236 1811 bello
3288 1773 3534 1812 necessa-

1955 1861 2050 1901 rtte
2085 1854 2240 1900 erant
2271 1843 2472 1900 affatim
2505 1845 2806 1911 allluerent,
2862 1847 3004 1901 ultro
3035 1855 3215 1901 tamen
3246 1861 3305 1901 se
3333 1847 3534 1902 dedere

1955 1951 2117 2008 quam
2169 1936 2463 2007 ancipitem
2512 1934 2637 1992 belli
2691 1937 2958 1992 fortunam
3014 1947 3279 2009 temptare
3332 1938 3537 1994 malue-

1955 2032 2099 2080 runt.
2128 2025 2335 2081 Relicto
2378 2026 2487 2081 illic
2531 2028 2808 2096 praesidio,
2857 2045 2950 2083 rex
3004 2029 3057 2083 in
3105 2029 3362 2084 ulteriora
3414 2029 3531 2085 loca

1956 2113 2023 2169 ad
2070 2115 2459 2173 demoliendas,
2492 2117 2679 2171 uxoris
2723 2131 2937 2187 quoque
2995 2116 3112 2184 ejus
3163 2119 3537 2188 possessiones

1958 2196 2465 2280 (228)‘exercitum
2519 2209 2769 2273 abduxit,
2814 2210 2972 2264 villas
3017 2209 3212 2264 multas
3253 2211 3444 2281 Opibus
3477 2217 3537 2267 et

1955 2303 2199 2358 adificiis
2243 2304 2619 2357 ornatissimas
2665 2302 2942 2366 incendit,
2990 2302 3129 2356 bona
3181 2302 3425 2370 diripuit.
3479 2300 3532 2355 in

1958 2394 2212 2449 mulieres
2258 2400 2312 2446 et
2356 2407 2554 2461 pueros
2593 2421 2663 2432 -—
2706 2406 2832 2447 nam
2888 2392 2987 2446 viri
3033 2392 3087 2445 in
3130 2402 3338 2446 montes
3380 2398 3436 2444 et
3480 2392 3532 2444 in

1958 2485 2128 2540 saltus
2163 2484 2236 2517 ⁸⁸⁸
2267 2484 2454 2540 devios
2492 2499 2550 2538 se
2596 2484 2916 2539 abdiderant
2945 2513 3016 2524 ——
3044 2482 3183 2539 foeda
3217 2491 3273 2537 ct
3315 2481 3533 2536 hostilia

1959 2580 2123 2634 multa
2148 2579 2421 2633 commisit
2445 2595 2460 2644 ;
2496 2586 2754 2648 tantaque
2793 2578 2846 2632 in
2876 2592 2938 2631 ea
2967 2575 3309 2646 expeditione
3338 2572 3532 2629 acerba

1956 2676 2013 2723 et
2057 2669 2293 2724 crudelia
2340 2668 2578 2738 perpessi
2608 2676 2725 2722 sunt
2775 2682 2806 2721 a
2852 2682 2980 2738 rege
3021 2666 3241 2736 proprio
3289 2665 3534 2719 homines

1960 2759 2275 2815 innocentes
2301 2767 2355 2815 et
2387 2758 2527 2813 nulla
2577 2759 2766 2813 saltem
2804 2756 3107 2827 suspicione
3144 2754 3387 2811 criminis
3434 2770 3533 2808 cu-

1954 2850 2203 2920 jusquam
2234 2850 2500 2915 infamati,
2534 2859 2592 2903 ut
2619 2849 2751 2903 nihil
2781 2848 3048 2913 acerbius,
3081 2846 3215 2902 nihil
3262 2846 3534 2902 crudelius

1963 2957 1993 2997 a
2037 2941 2289 2997 barbaris
2331 2938 2537 3009 perpeti
2591 2938 2914 3008 potuissent.
2955 2936 3196 2992 Tandem
3234 2936 3340 2990 dux
3404 2934 3533 2992 Otto

1961 3033 2271 3103 perdoluit,
2339 3039 2396 3085 et
2441 3029 2810 3085 calamitatum
2860 3029 3096 3099 pondere
3140 3037 3389 3097 superata
3451 3035 3536 3082 est

1961 3124 2266 3178 constantia
2328 3122 2623 3193 patientiae.
2669 3121 2853 3190 Itaque
2903 3119 3193 3189 assumptis
3241 3133 3423 3173 secum
3466 3119 3535 3173 ad

1962 3218 2062 3272 tria
2110 3217 2257 3272 milia
2300 3217 2431 3270 viris
2474 3215 2662 3270 electis
2719 3223 2775 3269 et
2815 3213 2960 3267 omni
3004 3212 3257 3266 militaris
3298 3208 3535 3280 discipli-

1961 3328 2041 3367 nzc
2100 3311 2280 3367 studio
2341 3307 2676 3370 exercitatis,
2735 3309 2994 3378 impetum
3067 3308 3118 3361 in
3184 3303 3534 3373 Thuringiam

1960 3401 2129 3466 fecit,
2173 3400 2330 3454 villas
2387 3399 2582 3469 regalis
2634 3398 2745 3451 tisci
2774 3437 2788 3461 ,
2834 3397 2995 3450 rebus
3036 3396 3247 3450 cunctis
3313 3391 3537 3449 afﬂuen-

1962 3492 2219 3555 tissimas,
2252 3488 2516 3550 incendit,
2557 3487 2792 3557 prretlam
2841 3486 3065 3539 amttam
3111 3484 3314 3553 abegit.
3342 3494 3396 3538 et
3437 3483 3538 3537 mi-

1958 3583 2082 3637 lites
2127 3595 2287 3646 suos,
2335 3593 2564 3647 quorum
2606 3575 2891 3647 plerosque
2925 3574 2993 3629 ad
3047 3575 3362 3629 societatem
3410 3572 3535 3628 belli

1959 3673 2071 3731 sola
2098 3688 2222 3743 spes
2248 3663 2558 3742 rapinarum
2593 3669 2873 3732 allexerat,
2906 3674 3006 3722 hac
3027 3667 3258 3737 primum
3288 3668 3537 3724 mercede

1960 3767 2223 3825 inescatit
2268 3765 2511 3833 fidosque
2538 3777 2601 3817 ac
2654 3760 2837 3815 firmos
2872 3758 2972 3813 sibi
3016 3755 3213 3813 effecit.
3242 3758 3319 3812 Ita
3365 3773 3535 3829 popu-

1960 3858 2225 3913 labundus
2275 3854 2415 3909 ultra
2469 3848 3108 3920 Ilescbenewege(229),
3155 3851 3422 3919 pervenit.
3457 3848 3533 3902 lbi

1958 3947 2352 4005 conﬂuentibus
2402 3944 2468 3999 ad
2533 3958 2590 3998 se
2641 3952 2895 4013 agrorum
2945 3955 3165 3995 suorum
3217 3938 3534 3999 cultoribus.

1959 4040 2158 4111 quibus
2194 4037 2394 4093 milites
2442 4033 2587 4105 regis
2635 4041 2835 4103 praeter
2891 4032 3143 4085 miseram
3196 4029 3361 4083 vitam
3402 4027 3540 4083 nihil

1961 4131 2227 4201 reliquum
2258 4127 2520 4189 fecerant,
2577 4133 2785 4195 partem
2820 4122 3058 4193 aliquam
3090 4122 3305 4192 praedm
3355 4122 3540 4176 distri-

1958 4222 2094 4285 buit,
2135 4220 2361 4274 verbera
2411 4215 2482 4249 ⁸⁸⁸
2531 4215 2726 4271 divina:
2771 4211 3257 4267 animadversionis
3306 4209 3540 4265 fertibus

1961 4313 2159 4368 animis
2190 4310 2421 4365 tolerare
2449 4304 2750 4364 admonuit.
2782 4313 2837 4357 et
2869 4318 2963 4372 pro
2996 4316 3056 4356 se
3083 4300 3337 4370 quoniam
3381 4314 3537 4354 arma

283 4412 418 4471 alias
446 4414 724 4488 diripiunt,
758 4391 996 4483 vastant,
1051 4391 1364 4485 incendunt,
1417 4391 1697 4475 ministros
1741 4417 1860 4487 ejus
1888 4420 1936 4479 υ
1962 4408 2104 4464 ferre
2136 4419 2240 4459 ηοη
2265 4409 2485 4472 possem
2515 4396 2684 4467 (πο).
2735 4393 3051 4463 suppliciter
3077 4394 3148 4469 ad
3197 4391 3366 4446 Deum
3413 4401 3538 4445 νοω

1557 4547 1793 4605 ῩΑΒΙίΕ
1834 4538 2241 4603 LECTIONES.

343 4669 423 4703 ν’
447 4676 506 4723 ιιι
540 4671 585 4723 si
627 4670 702 4724 I‘.
777 4667 848 4699 ³⁷⁸
890 4673 1036 4719 tanta
1077 4666 1130 4720 ι.
1207 4666 1279 4700 ll"
1302 4666 1443 4720 deest
1483 4664 1537 4718 5.

285 4742 336 4797 I.
384 4738 464 4795 Μ
534 4736 606 4772 ⁸³³
635 4753 754 4794 sors
796 4737 847 4792 4.
883 4737 935 4791 5.
1010 4737 1082 4769 ⁸⁸⁸
1116 4736 1415 4806 Tesinberg
1463 4736 1534 4790 I‘.

1612 4663 1685 4699 ⁸⁷⁸
1728 4660 1927 4717 inscisa
1951 4658 2005 4712 ὅ.
2030 4654 2085 4710 4.

1611 4731 1681 4769 us
1718 4732 1884 4788 sanos
1912 4728 1968 4783 ι,
2038 4726 2112 4757 ⁸⁸⁸
2162 4720 2326 4778 verba
2365 4718 2420 4772 5.

2161 4653 2231 4685 ⁸⁷³
2253 4650 2392 4703 deest
2419 4647 2471 4700 6.
2549 4643 2617 4675 ⁸⁸⁸
2644 4657 2768 4698 eum
2805 4640 2858 4694 '5.
2933 4640 2998 4669 ’κ’
3038 4639 3211 4694 solum
3236 4637 3290 4692 ι.
3365 4638 3434 4670 ⁸⁸⁸
3464 4637 3541 4693 Ita

1834 4840 2063 4900 ΝΟΤᾸΞ.

354 4971 504 5044 (225)
542 4970 700 5044 Apud
713 4969 898 5044 alios:
931 4987 1036 5024 rem
1066 4969 1281 5044 [lamnis
1345 4962 1583 5044 et_[err¢_),
1617 4959 1787 5044 Morte
1807 4970 1855 5043 et

296 5030 555 5097 Vtilcmt'os
581 5030 820 5103 ducibus,
869 5056 1045 5110 gerere
1066 5030 1179 5110 ,'_cl:.
1215 5035 1375 5104 Casp.
1407 5033 1593 5087 Barth.
1641 5030 1711 5085 ad
1739 5030 1859 5084 Bri-

284 5111 691 5200 ί⁰¹3ληίῖἓ¹ί¹ίὲιέτξ
722 5111 807 5200 ¹ε¹¹’
836 5107 1300 5200 ???2.P.2_%91-.
1354 5173 1408 5200 ε..
1458 5110 1741 5200 ..-μεως

1207 5175 1300 5200 --.Ι
1354 5173 1408 5200 ε...
1458 5171 1676 5200 ..-ιυηιηη
1704 5168 1830 5200 nu-

1955 4950 2334 5012 derbornensi,
2365 4947 2492 5003 olim
2524 4944 2577 4999 in
2610 4939 2933 5012 patrimonio
2959 4939 3157 4993 ducum
3187 4935 3550 5012 Brunsvicum

1957 5006 2264 5080 gluttukll.
2297 5006 2379 5076 Cf.
2418 5006 2780 5082 Fitrstettberg
2807 5010 3142 5066 Monument.
3183 5006 3548 5082 Qaderborn.,

2219 5075 2487 5167 ljascov”
2518 5084 2554 5139 l.
2583 5099 2658 5146 c.,
2687 5075 2861 5154 p.34,
2916 5090 3029 5133 n0t.
3080 5093 3130 5133 a.
3185 5075 3478 5140 Schrader,
3511 5078 3555 5133 ι.

1961 5163 1989 5200 λ
2066 5179 2099 5200 n
2154 5163 2259 5200 ΙΩΑ
2286 5177 2389 5200 can
