4076 5310
478 198 694 293 «ang.

476 331 663 385 facere
706 326 987 399 ﬂagitavit.
1039 326 1250 381 lntcrea
1317 325 1620 397 Tlmringi,

477 418 683 491 aliquot
719 432 892 472 annos
926 424 1270 470 sacramento
1318 414 1760 480 obstrinxissent,
1797 429 1862 470 ne
1894 415 2062 471 latro-

477 523 577 565 nes
625 516 719 563 aut
770 515 1019 577 raptores
1069 506 1267 562 inultos
1312 507 1575 571 sinerent,
1628 521 1808 561 rerum
1842 522 2061 561 suarum

478 599 868 672 direptionibus
899 598 1233 665 exacerbati,
1262 599 1329 653 ad
1358 614 1506 654 arma
1532 597 1896 663 conclamant,
1927 615 2062 655 cou-

477 694 709 764 globatis
738 708 966 763 propere
996 692 1064 725 ⁸⁸⁷
1107 692 1415 763 ingentilms
1451 691 1650 760 copiis,
1690 691 1873 750 hostes
1899 707 1929 747 e
1968 709 2060 748 ve-

476 785 637 855 stigio
704 783 1107 854 insequuntur,
1163 783 1509 851 inventisque
1567 782 1699 838 baut
1757 785 1946 853 procul
1997 785 2064 840 ab

476 875 912 947 llesehcnewcge
943 876 1015 908 ⁸³⁸
1048 878 1354 942 certamen}
1384 873 1629 943 inferunt
1660 876 1689 930 4
1719 874 1901 933 Nonas
1932 876 2066 948 Sep-

477 967 704 1022 tembris
734 965 901 1037 (Sept.
935 966 1011 1039 2).
1041 965 1150 1022 Nec
1192 966 1284 1038 diu
1312 981 1513 1036 anceps
1543 982 1723 1043 pugna
1779 968 2065 1025 fuit.'Nam

462 1058 547 1132 3"
579 1060 665 1114 his
709 1045 800 1128 qui
837 1075 956 1114 cum
1008 1063 1144 1115 duce
1177 1058 1377 1115 Ottone
1424 1068 1581 1113 erant
1612 1059 1841 1130 impigre
1871 1076 2066 1117 occur-

478 1152 746 1215 santibus,
775 1152 862 1206 vix
887 1152 1118 1222 primam
1151 1150 1319 1219 praelii
1345 1151 1636 1221 procellam
1658 1153 1986 1211 sustinentes
2003 1154 2056 1209 in

478 1240 659 1314 fugam
688 1251 997 1317 vertuntur,
1024 1249 1079 1297 et
1101 1241 1189 1295 alii
1206 1241 1266 1296 in
1291 1229 1570 1312 proximos
1588 1251 1801 1299 montes
1825 1252 1880 1299 et
1900 1243 2067 1299 silvas

479 1333 733 1396 evadere,
757 1332 959 1404 aliijper
982 1332 1081 1387 iter
1103 1331 1173 1364 ⁸⁹⁰
1195 1347 1303 1402 quo
1329 1342 1586 1388 venerant
1609 1335 1790 1390 citatis
1810 1335 1966 1405 equis
1987 1351 2068 1391 re-

477 1424 613 1478 verti
635 1423 727 1489 θοι,
752 1437 965 1478 summo
988 1424 1271 1478 conamine
1300 1420 1636 1491 nitebantur,
1658 1425 1792 1481 haut
1815 1426 1946 1481 satis
1970 1440 2066 1480 au-

477 1519 683 1590 spicato
708 1525 1022 1588 temptatam
1068 1515 1302 1572 fortunae
1342 1517 1519 1575 aleam
1552 1518 1905 1575 detestantes.
1949 1517 2068 1589 Ipse

476 1609 726 1679 denique,
750 1608 840 1678 qui
877 1607 1053 1678 primo
1082 1615 1141 1662 ut
1171 1623 1259 1663 res
1302 1609 1590 1664 certamini
1633 1597 2068 1665 committeretur

480 1676 1199 1768 vehementissimusauctor
1222 1698 1577 1770 incentorque
1601 1699 1798 1765 fuerat,
1826 1700 2065 1772 ltnotge-
2101 1676 2144 1734 Β

480 1803 570 1844 rus
592 1788 662 1820 ⁸⁸⁸
680 1802 862 1844 comes
879 1788 1052 1861 (251),
1077 1788 1124 1843 is
1145 1804 1289 1844 nunc
1309 1789 1518 1859 primus
1534 1788 1775 1862 fugiendi
1792 1799 1983 1845 auctor
2002 1805 2077 1846 ac.

477 1880 700 1953 signifer
725 1881 1038 1951 apparebat,
1062 1880 1339 1952 omnique,
1364 1890 1422 1937 ut
1442 1882 1601 1952 vulgo
1629 1883 1849 1948 dicitur,
1906 1892 2067 1938 vento

483 1972 701 2027 citatior
754 1981 966 2028 montes
1010 1981 1082 2028 et.
1107 1972 1272 2028 colles
1317 1973 1610 2029 modernus
1633 1973 1702 2005 ⁸⁸³
1733 1973 1968 2029 lditbum
1995 1973 2067 2007 m

480 2062 629 2134 (252)
659 2062 1078 2121 transmittebat.
1099 2064 1350 2119 Trecenti
1373 2063 1495 2134 plus
1513 2064 1599 2120 vel
1621 2065 1801 2121 minus
1820 2065 1891 2097 ⁸⁹¹⁵
1921 2065 1975 2120 in
1999 2081 2063 2121 ea

479 2157 862 2228 congressione
913 2171 979 2212 ex
1038 2157 1332 2230 Thuringis
1379 2170 1737 2227 corruerunt;
1787 2175 1854 2217 ex
1903 2169 2064 2231 parte

477 2245 651 2301 altera
684 2262 822 2301 unus
850 2246 1084 2313 occisus,
1120 2248 1226 2303 duo
1256 2258 1382 2304 sunt
1426 2250 1717 2305 vulnerati.
1764 2251 1880 2305 Dux
1913 2251 2060 2314 Otto.

478 2335 631 2405 signo
680 2336 917 2407 receptui
968 2337 1113 2403 dato,
1164 2352 1289 2392 cum
1335 2352 1367 2392 a
1408 2338 1558 2395 caede
1610 2339 1845 2395 hostium
1884 2340 1969 2395 vix
2009 2349 2065 2396 et

476 2441 622 2497 aegre
669 2425 897 2483 militem
947 2443 1102 2483 suum
1150 2437 1479 2495 revocasset,
1513 2430 1845 2501 aliquamdiu
1876 2432 1929 2485 in
1958 2432 2064 2488 eis-

479 2518 600 2572 dem
651 2519 849 2576 castris
896 2528 1269 2576 commoratus
1296 2529 1399 2587 est,
1456 2530 1511 2577 et
1558 2530 1814 2593 vergente
1849 2521 1963 2591 jam
2007 2524 2063 2578 in

478 2627 761 2685 vesperam
814 2613 923 2679 die,
978 2614 1266 2684 plerosque
1325 2613 1600 2685 principes
1657 2614 1930 2670 exercitus
1977 2616 2063 2671 sui

478 2706 718 2775 singulos
741 2704 812 2738 ³³⁸
839 2705 893 2760 in
923 2720 1019 2760 sua
1051 2719 1172 2761 cum
1200 2718 1336 2776 pace
1367 2704 1596 2760 dimisit.
1635 2704 1774 2775 Ipse,
1803 2706 2063 2762 adhibitis

479 2798 582 2854 sibi
626 2807 862 2868 quantas
908 2810 993 2852 res
1039 2812 1265 2868 poscere
1291 2797 1576 2853 videbatur
1607 2798 1798 2868 copiis,
1831 2798 1883 2853 in
1917 2800 2061 2854 ulte-

479 2891 681 2946 riorem
725 2890 1021 2945 Saxoniam
1052 2888 1365 2956 contendit;
1409 2889 1590 2961 ibique
1626 2898 1793 2946 totam
1825 2891 2061 2947 hiemem

481 2997 652 3052 usque
683 2980 750 3036 ad
776 2980 1119 3036 nativitatem
1148 2978 1361 3035 Domini
1391 2980 1596 3051 exegit,
1622 2981 1824 3050 partim
1857 2982 2063 3053 rapinis

481 3082 535 3127 et
580 3068 1073 3141 depraedationibus
1113 3068 1392 3135 victitans,
1438 3068 1637 3139 partim
1665 3082 1732 3124 ex
1765 3070 2064 3140 possessio-

480 3160 643 3216 uibus
689 3158 867 3229 Magni
910 3157 1149 3223 comitis,
1205 3169 1368 3227 quem
1418 3155 1544 3213 belli
1591 3158 2064 3230 periculorumque

480 3250 721 3305 munium
749 3250 953 3305 socium
986 3257 1042 3303 et
1061 3249 1389 3306 innocentia:
1419 3264 1531 3305 sum
1551 3250 1621 3283 ⁸³⁷
1651 3250 2062 3309 devotissimum

481 3352 813 3419 assertorem
860 3341 1112 3396 habebat.
1145 3339 1197 3396 ls
1227 3340 1371 3396 ﬁlius
1398 3350 1514 3396 erat
1543 3340 1758 3398 Ottonis
1784 3342 1934 3414 (255)
1963 3343 2062 3399 du-

478 3436 557 3490 cis
608 3434 879 3501 Saxonim,
918 3432 1171 3504 egregius
1211 3431 1548 3498 adolescens,
1594 3433 1720 3490 boni
1748 3433 1818 3466 “7
1842 3434 2061 3506 ctaequi

480 3527 532 3581 in
565 3542 693 3597 pace
727 3542 889 3598 supra
918 3541 1090 3582 annos
1114 3541 1243 3582 suos
1265 3527 1726 3594 servantissimus,
1753 3536 1810 3583 ct
1835 3527 1889 3582 in
1920 3527 2062 3584 bello

480 3621 702 3675 audacia
735 3630 793 3676 et
824 3621 1025 3678 virtute
1070 3620 1296 3676 militari
1345 3620 1475 3677 nulli
1517 3625 1807 3678 secundus.
1846 3622 2062 3679 Perlato

480 3714 546 3766 ad
579 3728 757 3784 regem
806 3713 1006 3768 nuneio
1053 3722 1288 3783 acceptae
1315 3713 1386 3745 ³⁹⁸
1412 3712 1466 3767 in
1516 3712 1954 3786 lleschenewege
1989 3715 2083 3750 ⁵³³-

479 3805 650 3860 cladis
691 3805 912 3861 omissis
957 3806 1121 3861 rebus
1158 3805 1304 3871 aliis,
1344 3805 1650 3862 Goslariam
1684 3807 1932 3863 concitus
1968 3824 2056 3864 re-

478 3897 698 3962 meavit,
748 3910 852 3951 nec
895 3895 1021 3951 inde
1067 3910 1297 3966 usquam
1336 3895 1406 3928 ⁶⁰⁰
1441 3905 1566 3951 ante
1591 3897 1925 3952 nativitatem
1950 3897 2053 3952 Do-

484 3988 612 4042 mini
658 3987 924 4043 abscessit
955 3987 1046 4054 σοι,
1101 3987 1302 4043 timens
1347 3987 1577 4056 scilicet,
1628 4003 1696 4045 ne
1735 3996 1840 4044 tam
1873 4004 2055 4045 caram

482 4088 697 4149 tumque
718 4087 997 4149 acceptam
1042 4078 1145 4133 sibi
1166 4077 1373 4144 villam,
1423 4094 1589 4150 quam
1638 4094 1738 4150 pro
1787 4082 1963 4151 patria
1993 4096 2058 4135 ae

478 4185 575 4237 pro
605 4169 715 4226 lare
738 4170 1039 4227 domestico
1063 4168 1348 4227 Teutonici
1374 4171 1443 4203 ⁶⁰¹
1474 4185 1631 4244 reges
1650 4172 1886 4230 incolere
1912 4173 2057 4230 soliti

1609 214 1959 272 LAMBERTI
2000 211 2573 270 [IERSFELDENDIS

1681 327 1772 396 qui
1831 341 1891 382 se
1943 334 2069 381 ante
2099 336 2143 395 Α
2178 333 2358 390 erant,
2386 325 2570 380 hostes
2606 338 2701 394 per
2730 323 3033 381 absentiam
3074 324 3214 394 ejus,
3250 322 3393 393 quod
3425 322 3668 381 minitari
3698 333 3775 389 ct.

3612 208 3764 264 uso

2164 416 2372 472 crebris
2399 430 2666 486 usurpare
2693 416 3034 472 sermonibus
3059 415 3401 481 dicebantur,
3443 415 3494 469 in
3538 414 3769 474 favillas

2165 505 2486 574 cineresque
2516 506 2846 576 redigerent.

2180 582 2183 585 ’
2232 593 2531 650 Adalberto
2571 593 2644 626 ⁶⁰³
2689 594 3017 649 Wormacia:
3062 595 3367 667 episcopus,
3411 596 3651 666 propria,
3695 605 3771 653 ιιι

2167 683 2338 741 fertur
2364 685 2457 753 θθδ,
2489 687 2846 745 crassitudine
2872 687 3215 758 praefocatus,
3259 688 3493 754 interiit;
3543 690 3628 748 cui
3663 690 3751 761 ‘9'

2167 776 2501 832 Adalbertus
2525 778 2808 833 successit.
3510 840 3513 841 ν

2237 869 2407 926 Aribo
2436 870 2508 901 ⁶⁰⁶
2535 871 2819 936 diaconus,
2866 870 3036 928 frater
3076 872 3397 929 Willehelmi
3439 883 3494 929 et
3534 873 3767 931 Ottonis

2168 969 2565 1029 marchionum,
2598 963 2812 1019 occisus
2840 973 2924 1019 est
2944 979 2972 1018 a
3003 966 3237 1035 propriis
3264 967 3461 1022 serviis
3491 968 3626 1031 suis,
3664 969 3757 1021 vir

2170 1058 2278 1104 tam
2308 1036 2508 1108 divinis
2532 1067 2697 1122 quam
2727 1052 3065 1108 secularibus
3099 1053 3296 1110 litteris
3337 1056 3587 1126 adprime
3631 1072 3763 1113 eru-

2169 1140 2335 1208 ditus,
2366 1135 2461 1198 sed
2486 1152 2708 1214 propter
2735 1144 3013 1201 lasciviam
3039 1161 3359 1217 morumque
3386 1148 3759 1219 intemperan-

2171 1237 2299 1293 tiam
2332 1239 2528 1293 merito
2555 1239 2713 1293 bonis
2741 1240 2993 1295 omnibus
3016 1241 3200 1312 gravis
3222 1251 3274 1294 et
3307 1241 3534 1296 invisus.

2241 1329 2583 1383 Silvestrium
2649 1331 2904 1385 arborum
2970 1332 3159 1385 eadem
3210 1347 3332 1402 qum
3385 1333 3566 1401 priore
3610 1348 3765 1386 anno

2170 1420 2426 1476 sterilitas
2465 1422 2787 1490 permansit.
2830 1421 2936 1478 Sed
2972 1423 3257 1479 vinearum
3305 1432 3457 1478 tanta
3499 1423 3769 1480 fertilitas

2169 1511 2290 1575 fuit,
2321 1522 2378 1566 ut
2405 1513 2676 1583 plerisque
2710 1514 2761 1569 in
2789 1513 2922 1571 locis
2950 1530 3061 1586 prae
3086 1515 3429 1571 multitudine
3451 1516 3541 1571 vix
3568 1516 3757 1587 colligi

2171 1604 2440 1660 vindemia
2463 1613 2666 1675 posset.
2718 1592 2721 1593 ν

2842 1684 3124 1767 MLXXL’
3606 1754 3611 1759 ,

2239 1783 2353 1839 Rex
2376 1786 2712 1841 nativitatem
2737 1787 2946 1842 Domini
2971 1788 3232 1845 Goslaria:
3254 1788 3403 1861 (251)
3427 1789 3760 1845 celebravit.

2167 1873 2244 1943 Ibi
2288 1890 2385 1947 per
2426 1878 2791 1934 interventum
2831 1879 3105 1935 Ruodoltii
3146 1880 3215 1912 ’θ’
3247 1879 3405 1937 ducis
3449 1880 3766 1936 Snevorum

2171 1967 2323 2023 Welf
2350 1969 2446 2032 σθ’,
2481 1970 2621 2024 ﬁlius
2665 1971 2899 2027 Azzonis
2946 1972 3277 2028 marchionis
3321 1972 3604 2039 Italorum,
3651 1974 3767 2027 du-

2166 2069 2346 2115 catum
2388 2059 2651 2130 Bajoariae
2683 2061 2753 2094 ⁶⁰⁹
2782 2063 3039 2131 suscepit.
3069 2062 3120 2117 ls
3147 2063 3312 2118 tiliam
3354 2062 3571 2118 Ottonis
3600 2063 3766 2117 duris

2166 2150 2537 2222 Bajoariorum
2560 2168 2784 2209 uxorem
2808 2157 3056 2219 duxerat,
3081 2164 3138 2209 et
3168 2156 3238 2187 ⁸³⁸
3262 2170 3356 2226 per
3370 2153 3762 2225 jusjurandum

2166 2243 2338 2298 altera
2366 2244 2482 2316 jam
2508 2244 2630 2301 vice
2656 2245 3006 2300 matrimonio
3039 2246 3196 2302 [idem
3224 2246 3467 2311 dixerat;
3492 2246 3763 2316 quamdiu

2166 2334 2349 2404 itaque
2388 2346 2475 2391 res
2506 2336 2810 2406 tranquilla:
2850 2337 2919 2368 ⁸η
2956 2347 3135 2404 erant,
3161 2338 3412 2408 quamdiu
3445 2337 3609 2392 etiam
3644 2336 3769 2393 bel-

2169 2425 2278 2482 lum
2343 2437 2549 2485 temere
2613 2437 2854 2499 coeptum
2915 2431 3033 2486 sine
3096 2431 3287 2501 grandi
3348 2429 3760 2500 permutatione

2166 2535 2347 2576 rerum
2394 2522 2575 2577 sedari
2623 2536 2783 2591 posse
2823 2523 3097 2593 sperabat,
3145 2522 3446 2578 maritalem
3490 2521 3653 2576 uxori
3685 2521 3762 2553 ⁸³⁸

2166 2608 2422 2666 all‘ectum
2462 2620 2518 2666 et
2563 2610 2824 2667 honorem
2869 2612 3172 2675 deferebat.
3203 2621 3258 2667 et
3288 2627 3508 2667 causam
3549 2611 3759 2676 soceri,

2167 2711 2430 2772 quantum
2460 2711 2695 2773 poterat,
2723 2702 2888 2757 armis
2928 2711 2981 2758 et
3018 2702 3260 2757 consiliis
3284 2702 3535 2757 tuebatur
3562 2699 3758 2772 (255');

2166 2802 2223 2847 at
2249 2793 2337 2851 ubi
2399 2794 2786 2849 animadvertit
2820 2794 2998 2849 datam
3032 2796 3084 2849 in
3114 2810 3238 2849 eum
3261 2793 3604 2869 sententiam
3643 2793 3748 2857 ⁶¹³,

2163 2894 2219 2941 et
2243 2884 2443 2940 bellum
2495 2885 2940 2956 iracundiamqne
2984 2887 3129 2959 regis
3179 2885 3352 2955 magis
3395 2886 3452 2940 in
3500 2885 3617 2939 dies
3655 2884 3761 2938 ad-

2090 3018 2138 3080 Ο
2167 2991 2360 3033 versus
2405 2992 2532 3032 eum
2583 2979 2936 3047 crudescere,
2973 2980 3119 3049 leges
3179 2994 3369 3035 omnes
3425 2979 3763 3048 vinculaque

2167 3069 2371 3135 omnia,
2397 3069 2592 3140 quibus
2617 3069 2852 3126 vicissim
2882 3071 3337 3142 propinquitatem
3366 3069 3752 3137 ﬁrmaverant,

2167 3160 2421 3230 abrupit;
2452 3162 2623 3216 satius
2669 3170 2869 3232 putans
2914 3161 3137 3233 perjurii
3185 3162 3391 3217 crimen
3438 3169 3493 3216 et
3536 3160 3758 3215 violata:

2166 3252 2293 3308 ﬁdei
2323 3253 2709 3310 verecundiam
2736 3254 3027 3320 sustinere,
3063 3268 3225 3325 quam
3273 3269 3361 3309 res
3398 3268 3525 3309 suas
3553 3251 3761 3309 ﬂoren-

2168 3344 2414 3400 tissimas
2437 3344 2738 3418 desperatis
2759 3360 2822 3400 ac
2842 3344 3071 3415 perditis
3094 3344 3210 3416 ejus
3236 3344 3399 3399 rebus
3426 3343 3755 3407 admiscere.

2164 3437 2232 3496 Et
2274 3438 2449 3509 primo
2491 3437 2545 3491 in
2586 3445 2694 3492 tam
2733 3438 2960 3508 trepidis
3000 3440 3162 3493 rebus
3206 3437 3356 3508 (256)
3409 3436 3612 3506 petenti
3659 3434 3735 3465 ⁸³⁸

2167 3529 2439 3585 auxilium
2470 3529 2778 3601 denegavit,
2816 3528 2939 3585 dein
2969 3529 3038 3561 ⁸η
3068 3529 3235 3584 tiliam
3259 3529 3378 3600 ejus
3401 3544 3431 3583 a
3460 3526 3756 3597 complexi-

2166 3623 2268 3678 bus
2312 3622 2424 3679 suis
2454 3632 2510 3679 et
2540 3623 2682 3677 thori
2726 3623 3002 3679 consortio
3037 3622 3340 3694 segregavit
3385 3620 3633 3692 patrique
3666 3635 3755 3674 rc-

2166 3712 2358 3779 misit;
2395 3721 2671 3784 postremo
2711 3712 2778 3767 ad
2808 3712 2981 3782 ipsum
3025 3713 3143 3784 ejus
3189 3713 3443 3768 ducatum
3475 3724 3751 3780 occupan-

2166 3803 2291 3857 dum
2341 3819 2556 3858 omnem
2601 3817 2824 3873 operam
2875 3803 3127 3869 intendit,
3175 3803 3309 3858 nihil
3360 3802 3511 3873 pensi
3544 3801 3754 3857 habens

2165 3893 2334 3965 (257),
2394 3903 2654 3963 quantum
2704 3895 2844 3960 auri,
2895 3904 3157 3965 quantum
3204 3897 3437 3966 argenti,
3484 3902 3750 3964 quantum

2164 3984 2431 4039 redituum
2461 3999 2523 4038 ac
2547 3984 2945 4054 possessionum
2978 3986 3048 4061 ⁸1⁸
3074 3986 3413 4056 dilapidaret,
3446 3983 3749 4039 dummodo

2165 4073 2309 4143 quod
2331 4073 2584 4144 cupiebat
2612 4084 3013 4144 assequeretur.
3048 4076 3295 4132 Directus
3323 4085 3406 4131 est
3438 4091 3567 4146 ergo
3593 4073 3749 4129 dolus

2166 4167 2221 4221 in
2245 4180 2407 4221 manu
2424 4166 2540 4237 ejus
2564 4166 2631 4198 ⁶¹⁷
2650 4166 2823 4238 (258),
2847 4177 2902 4222 ct
2917 4169 3243 4243 potuit°"et
3264 4168 3511 4234 invaluit,
3536 4165 3748 4223 cunctis

1754 4304 1990 4362 νΑῆιῶ
2029 4305 2437 4364 LECTIONES.

552 4425 617 4456 5"
643 4438 808 4493 prope
832 4422 881 4478 4.
958 4424 1029 4457 ⁵⁸⁸
1060 4422 1463 4493 Heschenwege
1484 4424 1541 4478 5.
1571 4493 1579 4495 Α
1615 4422 1685 4495 ’ξιξ
1713 4421 1918 4495 Νηει-ιι.Δ
1972 4422 2139 4495 "fita
2170 4422 2223 4495 5.
2252 4423 2457 4491 pariter
2479 4440 2619 4495 corr.
2645 4437 2741 4495 per
2762 4423 2866 4495 iter
2883 4423 2940 4495 β.
2968 4421 3178 4495 pariter
3204 4421 3250 4475 l.
3275 4420 3352 4495 5?
3395 4418 3496 4495 “‘3‘
3519 4420 3661 4473 deest
3687 4419 3743 4474 5.

479 4494 547 4525 ‘9‘
590 4497 663 4548 ita
702 4492 756 4548 5.
796 4494 852 4548 4.
930 4495 1001 4527 ⁸⁸³
1027 4495 1314 4550 moderans
1333 4492 1409 4549 4.
1464 4494 1535 4525 ⁸³⁵
1570 4493 1784 4547 iditbim
1815 4492 1869 4546 5.
1895 4492 1946 4547 4.
2024 4493 2094 4525 ⁸⁸³⁸
2122 4494 2370 4549 minusve
2402 4496 2450 4549 l.

466 4567 530 4629 ,5.
562 4564 771 4637 accepit
801 4565 857 4637 4.
930 4566 999 4637 “f’
1031 4566 1431 4637 lleschenwege
1459 4566 1515 4637 5.
1535 4563 2039 4637 ,Ηρδςιιθῃειιυιιθεβ
2072 4563 2145 4637 1.-
2206 4563 2285 4637 f°°
2320 4580 2488 4637 usque
2514 4564 2567 4619 4.
2647 4566 2716 4597 ⁶⁰¹
2736 4563 2975 4637 recessit
3002 4563 3057 4616 5.
3084 4563 3268 4637 abccss

960 4634 1030 4668 ⁸⁸³⁸
1050 4631 1433 4690 Adalberus'l.
1466 4634 1734 4689 Adelbero
1760 4631 2180 4689 Wormatiensis
2205 4632 2258 4690 5.
2336 4631 2613 4689 “‘l'eruut
2637 4636 2690 4690 5.
2768 4635 2838 4666 °°'
2860 4650 2908 4689 c.
2940 4634 3003 4687 Δ.
3036 4649 3081 4687 s.
3115 4633 3299 4687 desunt
3331 4631 3386 4686 5.
3463 4631 3533 4664 ⁸⁸⁸
3578 4631 3746 4684 Eribo

484 4635 644 4689 leui-ri
669 4635 719 4687 1.
746 4636 799 4689 4.
827 4635 881 4690 5.

478 4707 531 4757 4.
573 4704 735 4758 Kriho
763 4707 812 4760 1.

481 4777 547 4807 ⁶¹²
596 4776 776 4830 uxoris
797 4776 851 4831 5.

888 4706 957 4737 “7
983 4707 1057 4759 ita
1086 4705 1139 4759 4.

960 4775 1029 4807 ⁶¹³
1054 4791 1174 4832 esse
1204 4791 1249 4830 s.
1285 4778 1336 4831 1.

1239 4705 1309 4738 ὀε
1340 4705 1458 4761 Wel
1489 4706 1544 4759 5.
1641 4705 1710 4737 ωε

1239 4774 1728 4831 ,1.συάααδ.

2530 4494 2601 4526 ⁸³³⁵
2640 4489 2837 4565 singuli
2868 4493 2921 4548 4.
2970 4489 3067 4565 ἶν’
3094 4494 3231 4565 deest
3342 4561 3369 4565 __
3392 4489 3749 4565 '"ﬂel'fF‘P‘c

2217 4562 2285 4595 ⁶⁰⁰
2320 4580 2488 4633 usque
2514 4564 2567 4619 4.
2647 4561 2975 4619 σοι’νθορδεὶι
3002 4563 3057 4616 5.
3084 4561 3394 4633 δυσί)εεὶιᾷ
3471 4561 3542 4633 Ψ
3572 4561 3750 4633 Ilien-

1641 4705 1710 4737 ⁶⁰⁹
1753 4703 2130 4769 Bajoariorum
2152 4703 2206 4757 5.
2284 4704 2353 4736 ⁶¹⁰
2399 4719 2547 4759 et—
2578 4706 2794 4761 dixerat
2837 4707 3021 4758 desunt
3069 4703 3123 4756 5.
3201 4702 3265 4734 ⁶¹¹
3307 4701 3660 4771 intranquille
3684 4701 3747 4756 5.

1641 4786 1643 4822 ὲ
1673 4777 1728 4829 5.
1828 4774 1898 4806 ⁶¹⁸
1926 4775 2119 4829 deinde
2145 4773 2201 4827 4.
2302 4775 2372 4807 ⁸³⁸
2402 4790 2453 4829 n.
2484 4791 2702 4829 suarum
2733 4777 2783 4829 l.
2870 4774 2936 4805 “7
2964 4775 3016 4828 in
3045 4789 3207 4828 manu
3237 4772 3352 4829 eius
3387 4790 3476 4829 per
3512 4788 3747 4828 errorem

1962 4790 2119 4829 Clllllc
2145 4790 2201 4827 4'.

2302 4775 2372 4807 m
2402 4790 2453 4844 p.
2484 4791 2702 4829 suarum
2733 4777 2783 4830 1.
2870 4774 2936 4805 ⁶¹⁷
2964 4775 3016 4828 in
3045 4789 3207 4828 manu
3237 4772 3352 4842 ejus
3385 4790 3476 4844 per
3512 4788 3747 4828 errorem

482 4848 728 4925 repetitur
756 4845 809 4900 5.
887 4847 956 4879 ⁸³³
1006 4848 1183 4918 potuit
1209 4863 1385 4903 omnes
1408 4845 1549 4917 quod
1574 4855 1622 4901 et
1642 4846 1792 4911 edin,
1840 4845 1931 4899 sed
1972 4844 2099 4914 fort.
2180 4845 2355 4914 patuit
2391 4846 2740 4900 scribendum.

2012 4957 2248 5015 NOTAE.

552 5076 697 5147 (251)
774 5077 1154 5147 de_Biclstcin
1214 5076 1280 5133 ad
1342 5076 1640 5141 Werram;
1687 5089 1737 5129 v.
1782 5076 2054 5130 Gebhardi

481 5148 792 5273 {iiiﬁt.l).g%g..
831 5148 993 5217 Abb.,
1047 5149 1109 5204 Ill
1140 5189 1155 5216 ,
1205 5166 1258 5220 p.
1310 5148 1413 5251 1112
1455 5158 1577 5232 sqq.
1628 5144 1833 5253 Wenck
1860 5183 1887 5251 ,Α
1924 5144 1961 5196 l.
1994 5143 2054 5208 l.,

550 5260 563 5281 ,
610 5236 660 5286 p.
703 5236 792 5273 ou.
1374 5248 1379 5251 -
1780 5248 1809 5286 ~A
1859 5248 1887 5286 η

1778 5283 2053 5310 n..:..:........

856 5290 871 5310 I
906 5289 1061 5310 “_-__I
1122 5305 1224 5310 _._-_
1275 5290 1305 5310 η
1364 5299 1441 5310 -.Α

774 5078 840 5133 de
870 5139 876 5141 Α
902 5077 1154 5134 Biclstcin
1214 5076 1280 5133 ad
1342 5076 1640 5141 Werram;
1687 5089 1737 5129 v.
1782 5072 2056 5130 Gebhardi
2090 5080 2135 5137 υ
2162 5073 2324 5129 ctioni
2346 5090 2533 5131 ansam
2558 5076 2770 5131 dedisse
2791 5077 3022 5133 videtur.

2236 5144 2385 5216 (255)
2412 5145 2695 5203 0rdulfum
2722 5145 2814 5202 alii
2841 5158 3055 5203 vocant.

2417 5216 2766 5310 épnéaltahl.
2801 5217 2977 5310 n'tli'nus
3004 5229 3153 5310 rege
3178 5238 3190 5272 :
3224 5217 3556 5294 Babeuberg.
