4076 5310
380 254 500 309 lll'l

1138 242 1151 261 -ι
1208 224 1253 261 ’κ
1288 235 1299 250 ’
1602 244 1937 301 ANNALES.
1980 274 2047 284 —
2083 242 2197 298 AN.
2238 245 2385 300 107l-

3470 243 3489 294 1
3513 244 3606 297 202

371 367 798 431 detestantibus,
841 366 982 436 quod
1029 363 1386 420 c.arissimam
1428 370 1589 431 atque
1626 359 1937 430 Opinatissi-
1965 362 2012 421 Α
2042 357 2351 420 abduceret,
2384 370 2550 426 seque
2573 355 2684 427 regi
2707 354 2871 425 justis
2927 353 3330 411 conditionibus
3352 353 3419 385 ⁶¹⁹
3442 354 3605 408 dede-

370 473 514 513 mam
545 458 597 511 in
627 471 689 510 re
714 456 927 526 publica
967 456 1283 525 dignitatem
1323 463 1433 506 tam
1468 450 1607 506 fmda
1642 452 1939 506 ambitione

372 548 443 580 ⁸¹⁸
482 547 774 617 polluisset.
827 545 1062 600 Noverat
1110 560 1225 609 rex,
1274 544 1405 598 haut
1450 542 1583 596 satis
1621 542 1937 612 pl.:citurum

368 638 704 709 principibus
731 633 1018 706 Bajoariae,
1057 636 1199 703 quod
1235 634 1338 688 hoc
1372 644 1483 687 tum
1512 633 1579 664 ⁶²⁰
1605 642 1793 687 contra
1824 646 1938 686 m0-

370 742 485 783 rem
502 736 560 780 et
575 727 685 794 jus,
708 733 819 779 tum
841 726 970 795 ipsis
991 724 1307 779 inconsultis
1326 723 1528 778 factum
1556 722 1742 778 fuisset
1764 720 1934 792 (259).

370 825 423 871 et
453 825 739 886 propterea
768 814 1093 884 quantocius
1121 814 1199 868 ire
1226 814 1281 867 in
1314 811 1615 880 Bajoariam
1640 813 1931 884 cogitabat,

366 912 429 961 ut
476 906 790 971 tumultum,
833 906 877 960 si
928 906 1051 975 quis
1090 904 1228 959 forte
1256 905 1516 968 oriretur,
1547 920 1644 973 per
1670 920 1727 960 se
1759 905 1933 973 ipsum

364 996 707 1065 reprimeret.
744 994 851 1049 Sed
880 1010 911 1049 e
936 996 1147 1048 diverso
1176 995 1304 1049 baut
1331 994 1546 1048 nescius
1572 1004 1709 1058 erat,
1747 995 1791 1048 si
1822 994 1935 1064 ipse

367 1083 576 1151 longius
623 1083 844 1148 abisset,
877 1085 1057 1138 hostes
1086 1082 1207 1137 ilico
1252 1083 1304 1136 in
1346 1081 1647 1137 Goslariam
1677 1083 1936 1153 impetum

369 1172 606 1227 facturos
637 1184 693 1228 et
729 1172 1091 1230 clarissimum
1135 1172 1266 1226 illud
1317 1171 1467 1240 regni
1522 1171 1849 1226 domicilium
1881 1172 1934 1226 in

368 1266 437 1297 ⁶¹¹
469 1267 705 1321 cinerem
743 1266 1078 1321 redacturos.
1110 1265 1347 1334 Accepto
1371 1282 1397 1316 ει
1427 1262 1785 1318 familiaribus
1825 1264 1936 1318 suis

366 1357 614 1412 consilio.
646 1359 904 1426 quosdam
952 1355 1201 1410 Saxonia:
1237 1356 1507 1424 principes
1552 1354 1660 1408 illic
1701 1353 1934 1423 praesidii

366 1463 530 1504 causa
580 1448 829 1517 reliquit;
866 1456 922 1503 et
953 1448 1088 1516 ipse,
1121 1447 1261 1502 sicut
1290 1447 1617 1508 instituerat,
1654 1445 1710 1500 in
1747 1445 1934 1510 Bajoa-

366 1542 503 1595 riam
533 1540 802 1611 proficisci
831 1541 1078 1609 parabat.
1109 1539 1311 1592 Interea
1340 1538 1446 1591 dux
1469 1536 1595 1592 Otto
1617 1537 1806 1591 videns
1830 1536 1932 1591 sibi

368 1630 498 1685 nihil
520 1629 632 1698 jam
662 1630 776 1699 spei
809 1630 1075 1699 reliquum
1117 1644 1260 1694 esse,
1308 1626 1463 1696 cujus
1487 1638 1541 1684 et
1572 1629 1710 1683 bona
1751 1629 1932 1684 omnia

2040 457 2142 508 ret,
2190 447 2291 501 sub
2327 444 2634 514 iuramento
2674 461 2732 501 se
2761 445 2811 499 ei
2856 445 3199 516 promittere,
3247 443 3388 515 quod
3420 451 3474 497 et
3510 458 3606 497 ve-

2039 534 2185 589 niam
2232 535 2419 605 culpze,
2448 534 2603 603 cujus
2644 533 2985 590 insimulatus
3024 533 3217 599 fuerat,
3267 543 3322 589 et
3362 534 3606 589 omnium

2037 639 2155 694 qua:
2176 624 2300 694 jure
2326 624 2449 679 belli
2485 626 2745 680 amiserat
2798 623 3191 680 restitutionem
3233 625 3285 679 ei
3325 623 3395 656 “°
3422 639 3452 678 a
3480 638 3608 692 rege

2038 716 2373 785 impetraret.
2410 716 2696 771 Annueute
2720 730 2808 780 eo,
2838 730 2952 770 rem
2988 715 3055 768 ad
3084 729 3268 785 regem
3311 713 3522 778 detulit,
3552 722 3608 768 et

2036 820 2159 860 eum
2193 807 2324 860 haut
2353 805 2649 860 difficutter
2679 807 2729 859 in
2760 805 3080 860 sententiam
3116 804 3357 868 adduxit,
3407 806 3607 874 quippe

2035 912 2158 950 cum
2193 897 2389 952 taedere
2410 912 2534 951 eum
2555 896 2666 964 jam
2696 894 2823 950 belli
2853 898 3124 967 cepisset,
3186 897 3329 966 quod
3384 906 3606 966 propter

2036 984 2307 1054 privatum
2353 986 2589 1040 hominis
2618 1001 2858 1040 amorem
2891 1001 2922 1039 a
2952 987 3287 1057 principibus
3329 1001 3427 1055 per
3457 987 3608 1056 iuge-

2035 1078 2185 1129 nium
2236 1075 2373 1129 trahi
2418 1089 2483 1128 ac
2529 1075 2764 1141 segniter
2790 1077 2900 1146 geri
2935 1076 3165 1130 videbat.
3191 1077 3333 1132 Pace
3360 1091 3457 1146 per
3474 1075 3599 1144 jus-

2029 1167 2320 1236 iurandum
2377 1166 2650 1234 utrimque
2700 1165 2950 1231 firmata,
3005 1168 3233 1223 inducite
3286 1167 3426 1223 data:
3477 1178 3603 1224 sunt

2034 1260 2217 1317 Ottoni
2252 1260 2372 1314 duci
2406 1274 2574 1328 usque
2609 1260 2661 1313 in
2700 1258 2928 1328 pascha,
2964 1268 3023 1313 ut
3053 1258 3327 1314 Coloniam
3360 1260 3602 1325 veniens,
3649 1311 3655 1317 .

2037 1354 2372 1409 dedicionem
2425 1352 2541 1422 lege
2586 1367 2750 1422 quam
2801 1351 3076 1421 principes
3115 1367 3322 1422 aequam
3369 1351 3603 1421 jndicas-
3648 1409 3652 1413 .

2035 1451 2155 1497 sent
2202 1442 2506 1512 perficeret.
2544 1441 2689 1495 later
2719 1441 2818 1495 has
2848 1441 3115 1506 inducias,
3166 1443 3292 1496 dum
3322 1443 3430 1496 dux
3458 1442 3602 1499 'Otte

2034 1532 2358 1597 exercitum,
2403 1532 2641 1602 singulos
2680 1532 2734 1586 in
2773 1547 2894 1597 sua,
2931 1531 3244 1597 dimisisset,
3290 1532 3507 1588 Rethcri
3537 1535 3603 1566 ⁸³⁸

2034 1638 2217 1678 comes
2254 1621 2427 1693 (245),
2476 1622 2713 1691 partium
2764 1619 2883 1690 ejus
2927 1621 3062 1675 haut
3104 1619 3221 1676 leve
3252 1628 3605 1687 momentum,

365 1723 577 1776 flaimna
623 1722 832 1777 hostilis
877 1718 1264 1791 absumpsisset
1303 1730 1359 1775 et
1402 1723 1657 1775 ducatum
1703 1721 1842 1776 alius
1878 1721 1932 1776 in
1963 1692 2007 1751 Β
2033 1715 2247 1771 occisus
2269 1723 2351 1771 est
2374 1715 2443 1769 ab
2468 1714 2717 1770 hostibus
2738 1712 2852 1768 suis
2873 1721 3095 1783 propter
3119 1712 3381 1783 quasdam
3411 1713 3480 1744 ⁶³¹
3500 1715 3608 1783 pri-

365 1828 516 1867 snam
560 1812 900 1882 potissimum
950 1810 1328 1866 contumeliam
1372 1812 1674 1872 invasisset,
1720 1812 1930 1877 statuit,

363 1917 477 1956 rem
507 1902 559 1956 in
586 1910 891 1957 extremum
917 1899 1203 1954 discrimen
1232 1899 1520 1962 adducere,
1553 1908 1607 1953 et
1630 1914 1752 1953 cuni
1786 1915 1930 1969 rege,

362 1993 456 2047 ubi
506 1992 739 2062 primum
783 1990 937 2060 copia
983 1989 1157 2056 fieret,
1203 1990 1414 2044 collatis
1453 1990 1622 2060 signis
1652 1990 1931 2045 dimicare.

361 2083 551 2152 Itaque
579 2090 818 2136 montem
856 2081 947 2150 qui
978 2080 1178 2135 dicitur
1207 2078 1492 2149 llasengun
1518 2078 1666 2150 (240)
1702 2095 1934 2150 occupa-

360 2175 442 2228 vit
479 2174 548 2205 ⁶¹¹
576 2171 878 2244 (Januar.),
918 2180 978 2224 ut
1007 2170 1053 2224 is
1081 2169 1290 2225 scilicet
1333 2170 1596 2224 militibus
1628 2170 1764 2233 suis,
1801 2185 1935 2238 quo-

362 2264 756 2332 inodocumque
795 2277 883 2316 res
912 2262 965 2315 in
997 2262 1189 2331 praelia
1214 2262 1553 2325 cecidissent,
1587 2263 1825 2331 receptui
1855 2262 1933 2317 fo—

362 2360 468 2408 ret.
498 2353 632 2406 Eum
654 2352 746 2417 ⁶²⁸,
778 2353 882 2407 etsi
913 2362 1107 2407 natura
1130 2362 1183 2406 et
1208 2352 1312 2407 situ
1343 2352 1459 2421 ipso
1482 2352 1616 2406 satis
1643 2352 1929 2417 munitum,

360 2441 710 2496 munitiorem
761 2451 940 2496 tamen
989 2457 1150 2495 manu
1191 2450 1353 2511 atque
1384 2456 1547 2509 opere
1576 2440 1724 2508 fecit,
1755 2441 1934 2509 ibique

352 2542 618 2589 convecta
658 2548 721 2588 ex
755 2532 1268 2603 circumjacentibus
1306 2534 1451 2604 agris
1491 2535 1698 2604 praeda,
1754 2551 1931 2605 regem

360 2624 796 2694 praestolabatur.
824 2622 938 2677 [lex
987 2635 1209 2693 accepto
1251 2625 1449 2679 nuncio
1490 2624 1619 2679 nihil
1666 2635 1928 2691 moratus,

357 2723 593 2783 quantas
622 2712 674 2767 in
708 2728 769 2766 ea
797 2713 1155 2782 trepidatione
1183 2715 1351 2783 potuit
1371 2715 1553 2785 cupias
1582 2730 1648 2768 ex
1672 2698 1930 2782 Saxonia,

357 2800 424 2858 ex
450 2805 518 2836 m
550 2804 591 2857 Τ
597 2804 844 2875 huringia
873 2813 1036 2873 atque
1067 2803 1137 2837 ⁸³⁸
1165 2820 1230 2859 ex
1262 2806 1451 2859 llassia
1481 2806 1766 2861 celerrime
1801 2822 1932 2861 con-

359 2895 549 2949 traxit.
594 2894 804 2948 Ceteris
854 2894 1225 2963 principibus,
1278 2898 1369 2966 qui
1424 2896 1635 2965 longius
1682 2896 1925 2961 aberant,

356 2985 660 3049 mandavit,
707 2993 785 3049 ut,
817 2984 863 3038 si
888 2984 1027 3039 forte
1055 3000 1141 3040 res
1166 2986 1285 3039 sine
1316 3001 1463 3039 mera
1490 2994 1545 3040 et
1576 2985 1931 3041 diuturnitate

350 3074 553 3130 confici
587 3091 695 3129 non
728 3085 933 3145 posset,
965 3075 1066 3130 sibi
1088 3090 1249 3145 quam
1278 3076 1440 3130 citius
1468 3086 1686 3146 possent
1719 3087 1928 3132 armata

356 3179 522 3218 manu
551 3172 955 3220 concurrerent.
995 3163 1294 3219 Plurimum
1322 3181 1387 3220 eo
1419 3175 1655 3236 tempore
1683 3182 1779 3222 rex
1809 3184 1933 3223 con-

350 3253 499 3309 siliis
554 3254 807 3309 utebatur
848 3255 1147 3310 Eberhardi
1202 3257 1418 3311 comitis
1477 3256 1624 3328 (2H)
1675 3260 1932 3329 sapientis

356 3344 653 3398 admodum
702 3344 822 3397 viri.
877 3344 925 3399 ls
972 3345 1167 3399 videns
1224 3347 1431 3410 hostes,
1489 3346 1567 3401 sic
1609 3348 1677 3402 ad
1729 3349 1929 3404 bellum

358 3434 709 3495 exercitatos,
744 3434 824 3487 sic
865 3434 980 3504 ipsa
1006 3434 1120 3503 jam
1139 3434 1222 3466 ⁴¹⁶
1251 3436 1648 3506 desperatione,
1677 3453 1794 3506 qum
1823 3438 1933 3507 ple-

358 3538 596 3593 rumque
620 3524 899 3579 timidis‘"
924 3526 1087 3579 etiam
1107 3516 1361 3580 virtutem
1386 3527 1583 3582 addere
1609 3529 1745 3583 solet.
1762 3526 1955 3602 (242),

360 3611 641 3679 eﬂ'eratos,
688 3614 807 3695 sine
861 3630 1054 3685 magno
1101 3615 1424 3672 detrimento
1464 3619 1540 3672 rei
1581 3619 1805 3688 publium
1833 3636 1934 3678 nec

363 3708 506 3763 vinci
536 3724 634 3764 nec
656 3723 873 3765 vmcere
903 3725 1081 3779 posse,
1107 3711 1240 3765 abiit
1261 3713 1326 3766 ad
1351 3712 1543 3767 ducem
1567 3713 1637 3747 ⁸³⁸
1658 3712 1931 3781 Ottonem,

358 3814 596 3869 eumque
618 3814 716 3869 per
736 3799 903 3855 Deum
932 3798 1194 3857 obtestari
1216 3804 1407 3874 coepit,
1435 3820 1505 3861 ne
1535 3821 1592 3861 se
1621 3821 1852 3877 suosque
1879 3809 1932 3864 in

364 3896 575 3942 tantum
616 3889 906 3944 discrimen
936 3891 1326 3961 praecipitaret;
1373 3895 1601 3949 necdum
1634 3898 1682 3951 ei
1710 3914 1929 3953 omnem

364 3998 518 4053 spem
548 3984 744 4050 venias,
771 4000 986 4040 omnem
1018 3988 1317 4056 respirandi
1353 3987 1667 4045 facultatem
1689 4005 1928 4062 ereptam

358 4092 515 4146 esse;
568 4079 615 4134 si
648 4079 714 4135 de
751 4088 955 4148 monte,
996 4096 1157 4152 quem
1202 4095 1579 4153 occupaverat,
1634 4090 1937 4147 exercitum

2033 1815 2187 1862 vatas
2217 1807 2540 1862 simultates.
3170 1844 3173 1847 ι

2103 1901 2336 1956 Sarielio
2376 1901 2544 1955 abbas
2587 1897 2933 1954 Corbeiensis
2979 1896 3140 1958 obiit;
3194 1896 3283 1951 cui
3316 1895 3603 1952 Wernberi
3648 1944 3655 1957 ,

2040 1992 2133 2054 ⁸³³,
2166 1990 2405 2056 ejusdem
2433 1992 2667 2046 eoenobii
2698 1990 3013 2056 monachus,
3040 1990 3320 2045 successit.

2106 2084 2244 2149 Rex,
2278 2085 2417 2139 sicut
2456 2084 2790 2147 instituerat,
2822 2082 2875 2136 in
2909 2081 3214 2150 Bajoariam
3242 2081 3393 2146 abiit,
3427 2079 3608 2150 ibique

2035 2177 2350 2247 compositis
2378 2176 2743 2239 mediocriter,
2766 2183 2926 2246 prout
2954 2181 3065 2228 tum
3092 2173 3246 2243 copia
3280 2181 3422 2237 erat,
3451 2172 3603 2243 regni

2036 2268 2298 2338 negociis,
2343 2268 2410 2321 ad
2461 2266 2668 2321 Renum
2700 2264 2772 2297 ⁸³⁸
2809 2264 2969 2319 rediit
3022 2262 3259 2334 (τιμίω.
3313 2261 3606 2317 Castellum

2036 2357 2374 2430 llamerslein
2404 2358 2473 2390 ⁸³⁵
2502 2355 2675 2428 (244),
2718 2356 2860 2425 quod
2897 2370 2927 2409 a
2965 2354 3341 2425 superioribus
3388 2352 3607 2421 regibus

2026 2450 2137 2520 jam
2168 2449 2296 2505 olim
2321 2448 2560 2503 dirutum
2593 2447 2769 2502 fuerat
2794 2444 2975 2517 (ω),
3005 2460 3218 2499 summo
3246 2445 3365 2499 uisu
3401 2443 3606 2496 instau-

2033 2541 2194 2596 ravit.
2225 2540 2435 2594 Pascha
2464 2537 2701 2593 Colonia:
2725 2535 3021 2592 celebravit
3050 2533 3240 2606 (April.
3273 2532 3389 2603 24),
3426 2531 3606 2600 ibique

2035 2648 2228 2689 rursus
2273 2632 2459 2688 Ottoni
2506 2629 2629 2686 duci
2677 2630 2922 2686 inducias
2954 2642 3123 2697 usque
3163 2627 3218 2681 in
3256 2633 3604 2697 pentecosten

2033 2725 2198 2781 dedit.
2230 2724 2438 2779 Exacta
2467 2722 2812 2778 solemnitate
2846 2720 3112 2790 paschali,
3161 2718 3422 2773 Leo’dium
3460 2716 3609 2771 abiit

2034 2814 2122 2869 ⁸⁸⁸.
2155 2815 2231 2887 lbi
2271 2815 2337 2869 ad
2382 2828 2506 2868 eum
2550 2812 2712 2866 vidua
2754 2811 3054 2866 Balduvvini
3084 2810 3153 2842 “4"
3190 2808 3410 2863 cornitis
3438 2808 3603 2872 venit,

2034 2905 2193 2976 regi-.e
2222 2902 2520 2971 maiestatis
2562 2901 2924 2972 patrocinium
2967 2909 3225 2969 expetens
3263 2907 3451 2953 contra
3488 2900 3610 2952 vio-

2035 2993 2260 3047 lentiam
2308 2992 2823 3062 improbitatemque
2850 2990 2918 3023 ⁸³⁸
2946 2989 3231 3045 Ruotberti
3275 2989 3369 3063 Ψ,
3420 2988 3607 3044 fratris
3646 3046 3651 3051 τ

2038 3086 2343 3140 Balduwiui
2395 3085 2482 3148 ⁸³⁷,
2532 3085 2713 3155 quiet
2756 3072 2979 3138 fratrem
3023 3082 3207 3153 prtulio
3254 3082 3453 3135 victum
3495 3080 3607 3134 vita
3642 3122 3651 3131 .

2035 3178 2321 3247 privasset,
2348 3185 2403 3231 et
2430 3177 2749 3231 comitatum
2778 3176 2917 3245 ejus,
2942 3172 3179 3243 expulsis
3204 3188 3374 3229 uxore
3397 3181 3451 3226 et
3474 3171 3608 3225 libe-
3646 3216 3653 3229 ,

2035 3269 2131 3333 ris,
2168 3267 2433 3321 tiranniea
2461 3266 2783 3321 crudelitate
2807 3273 3145 3335 occupasset.
3308 3312 3329 3335 η

2104 3358 2222 3413 Νοιι
2267 3358 2542 3425 ingratum
2586 3356 2835 3412 fortassis
2878 3356 3069 3431 lectori
3112 3355 3314 3423 fecero,
3354 3357 3411 3414 si
3441 3362 3610 3427 gesta:

2036 3450 2112 3504 rei
2152 3449 2432 3504 historiam
2469 3463 2633 3515 quam
2674 3449 2859 3516 paucis
2884 3455 3073 3517 potero
3099 3447 3398 3502 absolvam.
3423 3446 3481 3501 ln
3506 3462 3605 3518 co-

2037 3542 2231 3596 mitatu
2273 3539 2575 3594 Balduwini
2620 3538 2687 3570 ⁸³⁷
2720 3538 2944 3608 ejusque
2975 3537 3176 3605 familia
3200 3539 3255 3593 id
3284 3537 3471 3592 multis
3491 3538 3607 3607 jam

2036 3633 2231 3689 Seculis
2291 3632 2616 3686 servabatur
2683 3630 2839 3699 quasi
2897 3630 3165 3683 sancitum
3225 3627 3344 3698 lege
3415 3642 3647 3698 perpe-I

2037 3733 2227 3793 tua,;ut
2250 3738 2387 3778 unus
2404 3723 2655 3783 filiorum,
2671 3721 2762 3791 qui
2781 3720 2918 3790 patri
2934 3719 3269 3790 potissimum
3292 3717 3606 3787 placuisset,

2036 3831 2231 3871 nomen
2280 3815 2451 3885 patris
2508 3814 2776 3882 acciperet
2807 3811 2874 3846 “°
2901 3819 2956 3865 et
3002 3808 3071 3845 m
3100 3810 3274 3865 tocius
3337 3808 3607 3885 Flaudria:

2037 3909 2401 3980 principatum
2477 3905 2625 3962 solus
2674 3903 3002 3960 hereditaria
3059 3905 3399 3980 successione
3468 3902 3610 3957 obti-

2041 4010 2214 4064 neret,
2251 4000 2416 4055 ceteri
2453 4012 2582 4053 vero
2614 3996 2808 4059 fratres
2837 4004 2931 4050 aut
2961 3995 3087 4050 huic
3119 3994 3320 4057 subditi
3354 3995 3610 4064 dictoque

2039 4094 2476 4162 obtemperantes
2548 4087 2620 4119 ’δ’
2661 4086 2942 4157 iugloriam
2996 4086 3163 4141 vitam
3193 4086 3477 4152 ducerent,
3512 4094 3610 4143 aut

1638 4196 1869 4255 VARLE
1908 4199 2313 4258 LECTIONES.

418 4283 509 4316 -ιιο

541 4283 645 4354 poll
689 4285 832 4340 amb.
875 4285 927 4339 4.

369 4353 439 4389 ⁶²⁶
487 4353 625 4409 deest
675 4357 728 4409 5.
775 4356 886 4424 jam
926 4355 1042 4424 ipsa
1086 4355 1138 4409 5.
1216 4354 1283 4385 ⁶²⁷
1330 4356 1500 4409 eciam
1548 4358 1660 4409 tim.
1699 4358 1754 4410 5.
1830 4360 1899 4402 ⁸³⁸
1951 4362 2218 4414 adducere
2244 4360 2296 4410 5.
2373 4361 2441 4391 ⁶²⁹
2468 4359 2606 4412 deest
2638 4362 2689 4410 4.

369 4419 438 4454 ⁶³²
460 4425 597 4477 deest
626 4424 681 4477 4.
756 4425 824 4457 ⁸³⁸
865 4425 1162 4479 Werenlier
1184 4423 1238 4477 5.
1272 4424 1551 4478 Vuernher
1580 4426 1652 4478 Γ.
1727 4428 1796 4459 ⁸³⁵
1826 4428 2069 4483 Rhenum
2098 4431 2153 4483 4.
2227 4429 2298 4460 ⁸³⁵
2323 4427 2715 4483 Hannnerstein
2739 4428 2772 4481 5

1893 4445 2069 4483 renum
2098 4440 2153 4483 4.
2227 4440 2298 4460 ’⁸⁸
2323 4440 2715 4484 ﬂammersteln
2739 4440 2791 4481 ὗ.

369 4419 438 4454 συ
460 4425 597 4477 de“;
626 4424 681 4477 4,
756 4419 824 4457 ⁸³⁸
865 4419 1162 4479 \Verenlier
1184 4423 1238 4477 5.
1272 4424 1551 4478 Vuernher
1580 4426 1652 4478 Γ.

1019 4284 1090 4317 ⁶¹⁰
1117 4282 1245 4338 dum
1272 4285 1327 4338 5.
1402 4285 1467 4316 ⁸¹¹
1515 4286 1568 4340 in
1599 4302 1646 4340 c.
1692 4305 1738 4341 r.
1769 4290 1953 4345 desunt
1978 4293 2031 4345 5.
2105 4291 2175 4322 ⁵²²
2223 4291 2361 4343 deest
2388 4291 2441 4344 5.

2531 4289 2602 4321 ⁸⁸³
2632 4304 2752 4343 cum
2780 4288 2832 4341 4.
2863 4288 2915 4341 5.
2992 4288 3062 4319 ⁸³⁸
3105 4297 3157 4344 et
3208 4288 3264 4341 4.
3344 4289 3417 4320 ⁸⁸⁸
3454 4299 3509 4343 et
3560 4291 3608 4343 Ι.

2786 4356 2855 4388 ⁸³⁸
2886 4362 3025 4410 deest
3066 4359 3119 4410 5.
3197 4358 3263 4388 ⁶³¹
3296 4358 3523 4413 Recheri
3549 4360 3603 4415 5.

2884 4427 2953 4459 ⁸³⁸
2976 4426 3108 4480 adiit
3130 4428 3184 4480 4.
3261 4428 3332 4460 ⁸³¹
3362 4429 3607 4483 Balduini

368 4494 423 4570 5.
467 4493 570 4570 ,⁸³⁸
595 4496 735 4570 deest
763 4496 815 4549 5.
874 4496 961 4570 f"
980 4494 1221 4570 ltiitberti
1253 4510 1449 4570 omnes.
1524 4494 1591 4527 διο
1616 4512 1666 4565 p.
1694 4511 1746 4565 p.
1775 4514 1970 4554 nomen
2003 4501 2169 4570 patris
2193 4499 2504 4570 placuisset,
2536 4513 2731 4553 nomen
2753 4497 2924 4569 patris
2949 4500 3221 4568 acciperet
3245 4498 3301 4554 5.
3372 4499 3439 4530 ⁶¹⁵¹
3462 4508 3516 4556 et
3540 4529 3610 4543 -—
3640 4504 3646 4509 ’

370 4563 636 4621 obtineret
662 4566 844 4620 desunt
873 4564 935 4619 5.-
999 4563 1066 4596 ⁶⁵²
1097 4574 1318 4632 temper.
1352 4563 1406 4618 5.

1889 4658 2116 4718 NOTAE.

354 4750 395 4831 ’ν
441 4744 588 4831 ςὲδ9)
627 4743 710 4800 Cf.
755 4745 1077 4813 Tbictmar.,
1123 4743 1185 4810 ν,
1299 4746 1387 4815 (ex
1429 4761 1538 4816 quo
1584 4745 1928 4812 Αιίθίυοωυεν
1964 4757 2013 4814 ι)

370 4815 593 4958 εἷ’-ἕξει)
639 4885 698 4958 l_n
739 4885 955 4958 llassia,
1002 4884 1286 4958 nasungen
1334 4902 1420 4940 am
1468 4882 1925 4944 Ilabiclitswalde.

372 4951 460 5009 Cf.
485 4951 713 5019 Wénck,
737 4956 773 5012 l.
805 4956 843 5021 ι,
866 4956 952 5021 lll,
981 4972 1032 5025 p.
1063 4956 1154 5019 40,
1191 4951 1246 5010 ᾖ.
1274 4957 1329 5011 li.

445 5024 592 5094 (241)
641 5024 719 5078 Ex
759 5036 936 5079 mente
978 5025 1272 5091 Gebhardi,
1328 5030 1329 5033 “

375 5107 409 5122 ιι
460 5094 558 5122 ,ηδ
586 5109 683 5122 nnt-

641 5024 719 5122 E"
759 5025 1304 5122 2ἶῗέ¹ξξη9ῗ¹ζξ¹ἲῗῖίὲἷιε
1328 5026 1618 5122 ίὶίῗξῖεξέῗηῖ.
1636 5027 1938 5122 shall:

2134 4788 2147 4800 .
2211 4786 2227 4800 .
2292 4788 2304 4800 .
2373 4789 2386 4801 .
2456 4749 2480 4798 .‘
2533 4750 2670 4800 labor
2706 4748 2900 4800 ultimus
2921 4751 3078 4798 omnia
3097 4764 3283 4810 secum,

2135 4816 2186 4862 Si
2205 4816 2455 4872 desinent,
2489 4813 2672 4874 habet;
2696 4813 2798 4861 sola
2815 4822 2892 4862 est
2918 4815 2990 4861 via
3027 4813 3221 4864 vincere
3245 4814 3404 4874 victis,

2131 4875 2408 4925 Formidare
2435 4871 2553 4922 nihil

2107 4963 2526 5039 (243)_Vi_det_ur
2568 4941 2735 5039 fuisse
2781 4980 2966 5039 comes
3086 4963 3262 5039 Insula
3296 4961 3649 5039 ffiiselvrer.
3684 4996 3687 4999 -

2037 5033 2174 5122 (leti):
2345 5035 2754 5122 ‘Guden.,.c_od.
2804 5034 3080 5122 dipl.nlll.,
3116 5035 3162 5114 .I,
3190 5050 3250 5122 .p.
3442 5033 3557 5122 tibi
3591 5064 3664 5108 ιι,
