4076 5310
403 277 539 331 1133

1577 264 1924 320 LAHBERTI
1966 255 2523 316 IIEBSFELDENSIS

3527 260 3665 312 1101»

398 404 626 468 peregre
678 385 938 458 profecti,
978 384 1147 455 magis
1199 382 1432 454 propriis
1469 383 1630 436 rebus
1679 381 1845 450 gestis
1883 377 1983 432 flo-
2016 381 2056 439 Α
2089 375 2187 429 dus
2210 372 2561 441 omniumque
2589 387 2769 426 rerum
2813 385 2978 441 egens
3019 372 3106 425 vix
3153 381 3205 426 et
3251 387 3397 441 :rgre
3427 372 3480 426 in
3516 371 3673 426 littus

401 497 523 543 rere
569 479 978 544 contenderent,
1027 491 1188 547 quam
1238 475 1328 540 "",
1365 473 1587 529 desidiae
1614 488 1676 526 ac
1723 469 1985 527 socordia:

403 573 592 636 dediti,
622 578 923 642 egestatem
950 583 1102 622 suam
1134 582 1268 620 vana
1295 565 1558 635 majorum
1583 564 1836 632 opinione
1859 576 1986 616 con-

403 663 728 718 solarentur.
766 659 880 714 Hoc
909 658 1118 713 scilicet
1174 656 1336 710 fiebat
1380 669 1465 719 ne,
1514 656 1565 708 in
1599 655 1780 723 plures
1816 653 1985 707 divisa

320 760 326 768 ‘
403 751 708 824 provincia,
733 749 957 804 claritas
988 747 1132 802 illius
1152 745 1371 800 familia
1401 760 1498 815 per
1529 747 1763 814 inopiam
1801 744 1875 798 rei
1911 742 1990 796 fa-

405 832 638 901 miliaris
690 843 963 899 obsolerct
1017 839 1187 912 (216).
1247 838 1416 908 Igitur
1465 853 1585 892 cum
1641 837 1991 891 Baldnwinns

404 934 587 990 senior
631 932 768 988 duos
799 931 1076 1002 genuisset
1119 929 1281 994 filios,
1314 928 1690 983 Baldnwinum
1728 937 1783 980 et
1820 925 1991 980 Ruot-

403 1025 621 1080 bertum
651 1022 741 1087 ⁸⁸⁸,
771 1021 1146 1076 Balduwinnm
1179 1021 1421 1074 omnium
1470 1037 1591 1090 quae
1621 1020 1859 1074 habebat
1901 1021 1991 1074 lie-

405 1114 590 1170 redem
646 1111 900 1178 instituit,
950 1111 1246 1166 Ruotberto
1297 1110 1387 1177 “',
1439 1111 1527 1166 ubi
1577 1111 1812 1182 primum
1863 1123 1993 1164 aetas

406 1207 672 1264 faciendis
706 1205 992 1276 stipendiis
1023 1213 1234 1259 matura
1267 1205 1378 1259 visa
1403 1215 1508 1270 est,
1544 1219 1708 1258 naves
1757 1203 1992 1274 paravit,

405 1315 616 1360 aurum,
647 1307 926 1368 argentum
957 1306 1011 1351 et
1049 1307 1259 1352 ceteras
1291 1295 1598 1368 longinqua:
1636 1295 1994 1366 profectionis

407 1394 682 1461 impensas
732 1388 937 1444 affatim
987 1389 1234 1458 prmbuit,
1261 1389 1532 1460 jussitque
1589 1399 1649 1442 ut
1694 1389 1760 1443 ad
1806 1397 1996 1460 gentes

409 1493 629 1538 exteras
659 1483 800 1545 'iret,
830 1490 905 1546 et,
939 1481 984 1536 si
1036 1481 1120 1535 vir
1164 1490 1329 1545 esset,
1368 1481 1588 1552 prapria
1642 1480 1744 1535 sibi
1796 1481 1998 1534 virtute

413 1591 639 1646 regnum
683 1574 1018 1643 diviciasque
1053 1584 1293 1643 pararet.
1329 1573 1419 1628 Ille
1443 1573 1582 1645 patri
1623 1573 1994 1644 acquiescens,

411 1677 687 1740 assumpta
725 1683 907 1724 secum
942 1667 1306 1732 multitudine,
1337 1684 1440 1738 qua
1491 1668 1639 1738 regio
1670 1666 1995 1737 prmgravari

2088 465 2257 520 evasit
2285 463 2454 532 (ΞΠ).
2493 461 2695 516 Dehinc
2741 471 3018 531 assumpto
3044 460 3255 532 plebeio
3288 461 3494 527 habitu,
3527 462 3678 518 inter

2089 570 2204 621 eos,
2253 555 2345 624 qui
2400 553 2814 607 Hierosolimam
2856 569 3017 608 causa
3060 554 3325 608 orationis
3356 556 3673 624 pergebant,

2089 647 2608 716 ConstantinOpoliai
2641 647 2722 700 ire
2755 646 3001 716 parabat.
3022 658 3249 702 vocatus
3277 647 3348 679 “°
3369 665 3434 700 eo
3459 649 3678 703 crebris

2091 741 2452 813 legationibus
2478 739 2977 794 Nortlnnannorum
3010 738 3075 771 ⁶⁸¹
3107 739 3278 806 (248),
3309 740 3398 810 qni
3439 740 3541 794 sub
3571 739 3668 794 im-

2093 844 2346 905 peratore
2377 833 2446 865 ⁸³²
2478 832 3083 902 Constantinopolitano
3113 831 3439 895 militabant,
3473 833 3689 903 quiqne‘

2092 929 2160 987 ei.
2193 928 2236 982 si
2269 927 2394 982 illuc
2421 933 2632 980 veniret
2677 925 2846 981 totius
2875 923 3101 979 Graecia:
3127 925 3490 995 principatum
3523 923 3680 994 pelti-

2095 1022 2372 1077 cebantur.
2467 1020 2572 1074 Sed
2629 1019 2924 1088 imperator
2993 1017 3677 1089 Constantinopolitanus,

2095 1121 2370 1182 comperto
2413 1111 2516 1166 hoc
2566 1109 2817 1171 consilio,
2872 1109 3063 1163 omnia.
3111 1108 3352 1173 ﬂumina,
3410 1123 3507 1178 per
3559 1121 3682 1176 quae

2097 1204 2364 1257 transitus
2392 1202 2461 1234 ⁸⁸³
2496 1203 2548 1256 in
2574 1200 2822 1254 Greciam
2851 1215 2972 1253 esse
2999 1209 3235 1269 poterat,
3278 1198 3540 1268 appo~ttis
3583 1212 3682 1252 cu-

2097 1294 2366 1356 stodibus,
2397 1292 2677 1348 observari
2725 1290 2876 1354 fecit,
2907 1301 2964 1345 nt
3001 1293 3371 1361 deprehensus
3416 1289 3541 1344 ilico
3570 1297 3686 1341 tru-

2097 1387 2394 1440 cidaretur.
2440 1385 2530 1440 Sic
2565 1394 2792 1439 conatus
2841 1394 3191 1454 cmptumqne
3236 1381 3351 1451 ejus
3372 1381 3443 1413 m
3469 1380 3686 1434 irritum

2101 1476 2217 1530 fuit.
2263 1474 2503 1530 Tandem
2537 1476 2828 1530 advertens
2875 1476 2953 1529 sic
3005 1474 3296 1528 infeliciter
3332 1472 3434 1526 sibi
3487 1471 3690 1524 cedere

2101 1585 2499 1641 quamcumque
2531 1571 2673 1624 viam
2725 1579 3044 1640 temptasset
3072 1565 3465 1638 amplificandae
3501 1563 3694 1634 glorirc

2102 1679 2232 1728 stur,
2264 1663 2520 1730 deinceps
2549 1661 2601 1715 in
2635 1669 2956 1731 perpetuum
2973 1659 3043 1692 “'
3073 1660 3142 1714 ab
3165 1659 3568 1732 oppugnatione
3592 1670 3692 1709 ες-

411 1760 721 1824 videbatur,
756 1773 947 1812 navem
980 1759 1247 1824 ascendit,
1279 1768 1333 1813 et
1356 1759 1408 1813 in
1435 1756 1716 1814 Calliciam
1750 1759 1826 1814 ire
1851 1772 1999 1812 cam-
2032 1732 2073 1788 Β
2107 1767 2346 1811 terarum
2380 1755 2620 1822 gentium
2677 1755 2916 1808 animum
2949 1753 3217 1810 avocavit.
3248 1761 3412 1820 atque
3460 1751 3510 1803 in
3558 1749 3697 1804 Fre-

414 1865 538 1921 qne,
568 1851 613 1905 si
645 1850 785 1905 votis
814 1848 956 1904 Deus
977 1863 1289 1904 successum
1313 1849 1617 1911 annuisset,
1642 1847 1742 1902 sibi
1767 1847 2000 1902 subdere

414 1939 690 2012 cogitavit.
719 1937 968 2008 Cumque
995 1947 1115 2009 post
1140 1953 1343 2008 paucos
1364 1939 1480 1994 dies
1511 1938 1576 1992 ad
1623 1939 1803 2009 ignota
1849 1953 1999 2006 qna:-

415 2031 540 2085 dam
580 2029 762 2084 littora
802 2027 1172 2099 applicuisset,
1213 2037 1267 2084 et
1313 2043 1568 2100 egressus
1608 2028 1679 2059 “'
1711 2029 1764 2082 in
1797 2036 1998 2082 terram

415 2122 484 2177 ab
515 2120 703 2176 incolis
733 2120 833 2175 loci
863 2121 1072 2190 praedas
1103 2135 1264 2192 agere
1291 2123 1572 2192 cmpisset,
1602 2121 1673 2176 illi
1709 2137 1776 2177 ex
1823 2120 1999 2176 omni-

417 2212 517 2268 bus
545 2212 792 2282 partibus
813 2211 880 2242 “’
914 2210 982 2264 ad
1011 2213 1304 2267 arcendam
1337 2214 1450 2267 vim
1488 2213 1610 2268 ilico
1647 2214 1843 2268 armati
1874 2228 2005 2268 con-

419 2301 665 2360 venitt'nt.
698 2303 862 2358 Facta
891 2305 1294 2374 congressione,
1325 2319 1450 2358 eum
1479 2303 1566 2370 ⁸⁸⁸,
1598 2321 1719 2359 cum
1741 2303 2003 2374 aliquam-

417 2399 506 2452 diu
539 2385 770 2468 pugnam
805 2395 1017 2452 fortiter
1046 2396 1416 2461 sustinuisset,
1467 2395 1518 2449 in
1542 2395 1733 2466 fugam
1764 2403 2002 2460 vertunt,

418 2489 714 2558 fugientem
764 2503 934 2558 usque
966 2489 1032 2543 ad
1061 2503 1229 2542 naves
1264 2497 1686 2557 persequuntur,
1720 2487 2006 2557 sociosque

416 2580 531 2649 ejus
579 2596 716 2650 pene
760 2580 826 2634 ad
871 2580 1277 2634 internitiouem
1311 2590 1687 2648 prosternunt.
1733 2579 1850 2651 Ipse
1880 2596 2005 2635 cum

419 2672 608 2742 paucis
636 2671 720 2725 vix
775 2670 898 2742 fuga
948 2671 1185 2742 elapsus,
1225 2671 1292 2724 ad
1327 2680 1535 2740 patrem
1573 2680 1736 2726 tanta:
1785 2670 2009 2724 calami-

425 2766 554 2820 tatis
582 2765 808 2819 nuntius
840 2764 1020 2820 rediit.
1061 2763 1103 2817 A
1133 2779 1242 2833 quo
1275 2773 1498 2834 propter
1543 2765 1681 2819 male
1711 2774 1889 2835 gestas
1920 2779 2008 2818 res

425 2857 812 2912 contumeliose
844 2856 1113 2926 repulsus,
1167 2857 1268 2909 alia
1325 2872 1539 2910 rursum
1594 2857 1703 2921 via,
1752 2857 2008 2926 quoniam

425 2950 528 3004 hac
551 2966 656 3004 non
681 2950 1052 3012 successisset,
1073 2949 1344 3004 fortunam
1374 2959 1642 3019 temptare
1669 2951 2006 3020 aggreditur,

2104 1849 2240 1903 siam
2270 1847 2439 1918 (249),
2476 1861 2596 1916 qua:
2620 1847 2848 1902 confinis
2875 1855 2954 1902 est
3003 1844 3298 1908 Flandriae,
3324 1843 3409 1897 cui
3452 1840 3692 1895 Tliiede—

2106 1942 2250 1995 ricus
2274 1940 2344 1971 ⁸⁸⁸
2371 1941 2642 2007 quoidam
2680 1955 2884 2004 comes,
2931 1949 2987 1994 et
3029 1947 3150 2008 post
3181 1939 3324 1992 hunc
3369 1936 3438 1968 ⁸⁵⁷
3466 1933 3698 1990 Floren-

2107 2033 2232 2095 tius,
2263 2030 2432 2087 frater
2455 2034 2593 2103 ejus,
2629 2034 3012 2103 imperaverat,
3042 2031 3398 2101 irruptionem
3433 2027 3579 2083 fecit.
3606 2026 3703 2080 Bis

2108 2124 2178 2179 ibi
2207 2125 2502 2180 commisso
2535 2124 2721 2193 praelio
2751 2125 2925 2179 victus
2947 2131 3001 2178 et
3033 2122 3104 2155 ’⁸³
3158 2123 3376 2193 fugatus
3414 2129 3516 2175 est.
3548 2117 3700 2173 Tan-

2107 2214 2226 2269 dem
2261 2216 2451 2270 incola:
2479 2215 2602 2280 loci,
2623 2215 2806 2270 multis
2835 2213 3223 2270 certaminibus
3255 2211 3528 2280 exhausti,
3571 2225 3702 2285 eum

2109 2305 2348 2360 animum
2379 2304 2497 2374 ejus
2534 2305 2617 2361 vel
2648 2307 2712 2359 ad
2739 2314 2968 2360 mortem
2993 2303 3078 2358 vel
3105 2305 3170 2358 ad
3201 2303 3480 2358 victoriam
3528 2301 3706 2356 obsti-

2108 2407 2290 2453 natum
2317 2407 2626 2462 cernerent,
2654 2398 2799 2452 ultro
2830 2412 2887 2452 se
2911 2397 2958 2451 ei
2989 2397 3315 2452 dediderunt
3341 2396 3513 2465 (⁸250).
3543 2392 3706 2458 Quod

2107 2491 2196 2547 ubi
2251 2491 2420 2546 frater
2460 2491 2577 2562 ejus
2625 2491 2972 2545 Balduwinns
3018 2486 3510 2559 comperit—jam
3549 2487 3706 2540 enim

2110 2591 2262 2652 pater
2285 2581 2398 2650 ejus
2430 2581 2617 2635 morbo
2648 2598 2713 2636 ac
2744 2583 2896 2637 senio
2927 2581 3208 2636 confectus
3238 2592 3446 2634 natura:
3475 2593 3706 2634 conces-

2111 2684 2366 2741 serat-—,
2397 2684 2610 2730 armata
2666 2676 3014 2731 multitudine
3059 2676 3144 2732 bis
3177 2690 3299 2730 eum
3325 2673 3543 2728 sedibus
3575 2689 3709 2742 prn-

2113 2766 2331 2818 tnrbare
2361 2761 2432 2800 ⁶⁸⁹
2457 2782 2648 2839 magna
2674 2767 2744 2832 vi,
2767 2783 2961 2836 magno
2986 2767 3262 2822 molimine
3285 2766 3506 2837 parabat
3526 2764 3702 2835 (251).

2111 2857 2209 2912 Cui
2237 2873 2358 2911 cum
2387 2860 2630 2914 exercitu
2689 2861 2980 2915 adventani
3011 2861 3344 2915 Rnotbertus
3391 2857 3462 2892 “°
3496 2859 3708 2928 legatos

2113 2949 2330 3004 obviam
2379 2952 2546 3015 misit,
2583 2951 2862 3006 obtestans
2901 2969 2997 3024 per
3045 2953 3234 3015 Deum,
3268 2961 3326 3006 ut
3372 2966 3432 3007 se
3477 2950 3704 3005 fratrem

427 3041 610 3096 omnia
643 3051 888 3110 paratus,
922 3041 1088 3094 etiam
1123 3049 1366 3113 extrqna
1397 3041 1626 3109 perpeti,
1666 3051 1722 3095 ut
1745 3041 2008 3097 maculam
2039 3078 2082 3139 Ο
2115 3062 2276 3100 suum
2331 3045 2794 3108 reminisceretur,
2834 3059 2932 3098 nec
2964 3044 3087 3114 jura
3133 3041 3529 3113 germanitatis,
3560 3038 3706 3110 apud

422 3142 659 3188 veterem
696 3129 854 3186 factis
885 3129 1281 3185 recentioribus
1319 3129 1544 3185 clueret.
1591 3131 1874 3202 Reparatis
1909 3147 2010 3185 tia--

421 3224 579 3278 vibns
610 3232 666 3278 et
691 3237 918 3278 numero
941 3221 1172 3276 militum
1217 3223 1538 3289 instaurato,
1569 3225 1793 3280 marinis
1815 3225 2010 3280 iterant

422 3313 683 3369 ﬂuctibus
717 3329 777 3368 se
821 3313 1073 3375 credidit,
1110 3313 1160 3367 in
1206 3312 1483 3385 regionem
1517 3315 1888 3386 longinquam,
1920 3318 2009 3373 ubi

431 3409 614 3462 sedem
647 3407 866 3478 vaganti
897 3406 1038 3462 Deus
1069 3405 1138 3438 “’
1165 3407 1635 3472 ostendisset,'iter
1660 3405 1920 3463 facturus.
1947 3409 2015 3464 Et

427 3514 554 3554 ecce
570 3507 692 3570 post
714 3515 915 3569 paucos
931 3498 1046 3553 dies
1066 3506 1385 3568 tempestate
1404 3497 1751 3554 infestissima
1777 3501 1980 3556 circum
1993 3531 2012 3542 -

433 3603 652 3656 ventus,
683 3592 868 3648 multis
896 3607 1120 3648 suorum
1150 3589 1434 3663 naufragio
1463 3591 1704 3658 amissis,
1753 3593 1868 3664 ipse
1917 3610 2017 3649 nu-

2115 3143 2378 3198 barbaros
2409 3155 2620 3210 quoque
2642 3154 2860 3207 semper
2890 3147 3277 3194 sancrosancta
3307 3146 3362 3190 et
3416 3137 3700 3200 inviolata,

2116 3233 2416 3305 pollueret;
2449 3231 2805 3285 misereretur
2836 3229 3016 3300 potius
3049 3227 3524 3298 peregrinationis,
3559 3225 3708 3280 labo-

2120 3343 2239 3382 rum
2269 3338 2324 3381 et
2352 3323 2746 3386 calamitatum,
2782 3321 2835 3374 in
2865 3321 3060 3391 quibus
3092 3329 3257 3374 totam
3299 3328 3513 3374 aetatem
3548 3331 3705 3372 Suam

2122 3419 2468 3485 detrivisset;
2499 3419 2760 3490 gauderet
2787 3415 2898 3486 ipse
2929 3414 3116 3469 beatus
3141 3413 3211 3445 ⁶⁶¹
3239 3421 3386 3467 sorte
3412 3426 3506 3465 sua
3531 3407 3706 3478 (232).

2121 3511 2264 3582 quod
2317 3519 2487 3565 totam
2540 3509 2844 3565 communis
2894 3507 3066 3561 uatris
3116 3506 3509 3566 lizereditatem,
3539 3515 3707 3572 quam
3759 3493 3764 3496 ’

2120 3601 2244 3671 jure
2271 3605 2515 3674 gentium
2550 3617 2736 3658 secum
2765 3601 3009 3656 dividere
3055 3601 3350 3662 debuisset,
3398 3597 3544 3652 solus
3589 3596 3709 3649 sine

1773 3710 2005 3770 V’ARIIE
2047 3714 2448 3772 LECTIONES.

500 3824 568 3855 N
603 3823 743 3876 deest
772 3821 824 3875 5.
901 3821 970 3852 '“
1010 3819 1307 3876 Rubertnm
1364 3821 1419 3876 5.
1456 3822 1780 3880 Rutberlum
1829 3825 1886 3881 4.
1939 3828 1994 3882 5.
2059 3829 2356 3885 Rnbertnm
2397 3831 2451 3884 1.
2499 3847 2702 3898 semper

500 3909 758 3956 eruntque.
833 3891 901 3923 “‘
938 3892 1212 3956 ingressus
1260 3892 1314 3945 4.
1385 3893 1452 3924 ⁸⁸⁷
1493 3894 1632 3948 deest
1666 3895 1720 3949 4.
1797 3895 1867 3936 ⁸³⁸
1905 3913 1954 3952 c.
1991 3911 2180 3956 contra
2213 3917 2337 3956 eum
2366 3902 2438 3956 al.
2471 3902 2524 3955 4.
2602 3902 2670 3933 “’

430 3895 758 3965 plerumque.
806 3891 901 3965 _‘“
934 3892 1212 3965 ingressus
1260 3892 1314 3945 4.
1385 3893 1452 3965 δέ’
1493 3894 1632 3948 deest
1666 3895 1720 3949 4.

433 3961 756 4017 mannorntn
805 3962 860 4014 5.
929 3961 1357 4028 "'imparatore
1391 3962 1445 4015 4.
1523 3965 1593 3996 ⁸⁸³
1636 3975 1787 4020 trans
1823 3983 1942 4023 esse

433 4038 483 4090 1.
511 4033 564 4088 4.
641 4033 710 4070 ⁸⁵⁷
749 4046 874 4087 eum
913 4031 968 4086 4.
1045 4031 1114 4064 °"
1156 4047 1219 4087 ac
1257 4032 1334 4087 5?
1373 4033 1443 4065 “’
1482 4037 1804 4104 perturbare
1840 4040 1902 4093 1"
1933 4031 1987 4094 4'.

1967 3979 2074 4041 pot.
2111 3973 2164 4026 in
2191 3989 2242 4040 g.
2271 3974 2326 4028 5.

2069 4043 2138 4074 ⁸⁶⁰
2179 4045 2252 4097 ita
2281 4043 2335 4098 4.

2760 3831 2890 3902 fere.
2968 3831 3040 3864 m
3078 3827 3361 3902 Rntberto
3389 3829 3445 3884 5.

2602 3902 2670 3933 ⁸⁸⁸
2708 3899 2848 3956 deest
2869 3902 2922 3956 5.
2999 3904 3068 3935 ⁶⁸ο
3115 3903 3318 3957 vocatis
3349 3901 3402 3954 5.
3483 3899 3551 3932 ⁸⁸⁸
3576 3899 3716 3953 Nor-

2404 3972 2477 4045 ‘f’f
2510 3973 2650 4045 deest
2679 3973 2732 4045 5.
2811 3971 2882 4005 ⁸⁵⁸
2909 3974 3137 4045 imperp.
3165 3973 3220 4027 4.
3299 3970 3370 4003 ⁸⁸⁸
3391 3971 3715 4028 Τιιίόειιίιυδ

2415 4043 2480 4074 ⁸⁸³
2523 4043 2664 4097 deest
2693 4042 2748 4096 4.

1963 4130 2193 4190 ΝΟΤΛΕ.

507 4213 786 4312 (iam;
806 4213 1881 4312 liis‘trii'“.masters}:latest".
1924 4223 2021 4312 de?
2054 4255 2102 4312 ι)

433 4287 789 4366 Geseblecltts
819 4287 914 4366 der
938 4302 1050 4366 von
1102 4287 1416 4366 Scbliell‘en.
1467 4287 1698 4366 (Cassel,
1741 4293 1909 4366 _l_784,
1963 4297 2020 4366 4)

475 4398 489 4435 .
545 4359 634 4435 _5_I.
669 4367 795 4435 nat;
828 4357 906 4435 1,Δ
937 4355 1016 4435 2..
1039 4366 1130 4435 et:
1160 4359 1254 4413 Die
1282 4355 1691 4435 alinigsterialen.
1741 4363 1852 4418 Vou
1883 4355 2025 4435 Aug.

489 4429 623 4504 rein.
662 4444 715 4480 v.
758 4425 1112 4504 Furtlt_(CoIn
1142 4444 1228 4484 am
1289 4430 1462 4504 Illiein
1512 4433 1668 4504 1856,
1699 4435 1778 4504 8).
1809 4450 1864 4504 p.
1896 4425 2020 4492 855.

437 4529 510 4542 -
531 4498 895 4571 H‘ermannus,
916 4497 1409 4571 de__restanratioue
1432 4502 1489 4557 S.
1517 4497 2021 4571 Martini'Tornac"

440 4585 533 4640 ap.
567 4568 836 4640 Daebery,
862 4569 950 4640 ed.
981 4567 1044 4640 11,
1074 4585 1197 4640 pag.
1239 4570 1364 4638 892,
1413 4575 1526 4628 hac
1555 4575 1756 4631 rectius
1800 4577 1870 4629 ita
1903 4567 2027 4631 nar;

440 4637 564 4694 rare
596 4637 846 4692 videtur:
879 4637 1224 4714 Balduinu},
1249 4644 1340 4714 qui
1389 4641 1590 4698 Insula:
1631 4646 1802 4714 jacet,
1839 4648 2025 4702 timens

440 4727 505 4766 ne
527 4717 640 4786 post
667 4717 883 4786 mortem
934 4724 1086 4786 suain
1113 4711 1323 4786 seditio
1371 4711 1676 4768 nasceretur
1721 4717 1858 4770 inter
1885 4718 2027 4786 [ilics

361 4821 372 4836 .
441 4778 566 4838 suos
592 4778 917 4833 Balduinum
946 4789 993 4832 et
1024 4778 1332 4845 Robertum,
1364 4793 1528 4836 totam
1563 4793 1756 4838 terram
1789 4778 1940 4841 suam
1973 4789 2028 4842 in

437 4847 968 4936 vittisuanlduino
998 4850 1162 4936 dedit,
1190 4863 1237 4936 et
1263 4854 1538 4936 optimates
1568 4870 1694 4910 suos
1726 4857 2027 4936 [conuitium

441 4930 492 4994 et
521 4918 1160 4994 ﬁdelitatem‘prornitere
1201 4918 1343 4993 fecit,
1374 4925 1448 4977 ita
1492 4934 1548 4976 ut
1593 4927 1736 4994 apud
1765 4927 2029 4982 Aldenar-

444 4992 570 5043 dum
600 5003 758 5054 super
787 4989 1034 5054 reliquiae
1055 4989 1354 5047 sanctorum
1381 4989 1637 5054 prasente
1661 5005 1809 5054 patre
1839 5008 1887 5050 et
1919 4997 2030 5054 ﬁlio

2200 4227 2352 4298 (219)
2392 4227 2432 4282 1.
2463 4242 2514 4283 e.
2553 4226 2941 4298 IIolilandiama

2199 4297 2349 4369 (250)
2390 4298 2581 4369 Nupsit
2628 4297 2911 4364 Gertrudi,
2941 4301 3115 4354 viduae
3158 4299 3376 4356 comitis
3412 4299 3710 4367 Florentii;

2127 4371 2199 4426 cf.
2247 4369 2522 4425 Wilbeltn.
2557 4371 2826 4425 Getnmet.
2881 4381 3028 4424 cont.
3061 4370 3196 4438 VIII,
3253 4371 3356 4439 I4;
3399 4372 3712 4428 Albel'icuin

2126 4458 2191 4497 ex
2223 4439 2489 4503 Gnidone,
2518 4457 2566 4493 a.
2600 4441 2756 4495 1072.
2793 4439 2882 4496 W.

2199 4510 2346 4582 (251)
2378 4510 2697 4582 “mamilius
2722 4521 2870 4582 recte
2895 4511 3216 4568 Lambertus
3236 4515 3453 4582 tradere
3476 4514 3714 4569 videtur.

2128 4580 2475 4654 Hermanuns
2500 4580 2696 4654 Torin,
2718 4582 2753 4634 1.
2780 4581 2836 4639 Ι..
2867 4583 3076 4652 pergit:
3113 4583 3194 4636 15.
3224 4581 3349 4638 Post
3373 4585 3575 4654 aliquot
3596 4602 3716 4638 vero

2128 4667 2294 4704 annos
2322 4653 2545 4704 milliens
2598 4651 2923 4721 Balduinum
2952 4651 3258 4721 germanum
3323 4651 3476 4708 suum
3522 4657 3716 4721 defun-

2129 4733 2264 4796 ctum
2290 4730 2342 4796 e_t_
2381 4723 2435 4773 in
2457 4724 2711 4796 Δςιιβξηοιζίο
2746 4719 3100 4796 Hggnodiensi
3127 4723 3408 4794 sepultum,
3443 4719 3718 4796 liliumque

2128 4793 2242 4860 ejus
2296 4789 2582 4862 Eruulfum
2621 4792 2739 4861 jam
2783 4789 3190 4846 Flaudrensem'
3223 4789 3462 4850 comitem
3491 4789 3712 4862 factum,

2128 4859 2444 4933 quibusdam
2491 4859 2764 4933 Flan’dria:
2805 4865 3126 4933 principibus
3159 4876 3349 4918 secrete
3393 4859 3712 4928 conuocatis,

2129 4931 2410 4998 multisque
2437 4932 2740 4985 muneribus
2781 4931 3075 5001 promissis,
3116 4933 3433 4988 Flandriam
3477 4936 3714 4998 intrarit,

2131 5001 2584 5052 nrmtermissonue
2608 5002 2902 5050 iuramenta
2917 5009 3054 5048 ηηηή
3087 5005 3276 5046 feram!
3325 5007 3514 5046 bellum
3531 5018 3714 5044 ι-ιηοιη,
