4076 5310
482 327 617 382 ΗυἹ
666 356 671 363 ·

1630 341 1907 398 LAMBER
1924 343 1976 397 ΓΙ
2019 343 2573 400 ΒΕΠΞΗΞῌΠΞΝΞΙΒ

3602 332 3742 394 ηδε

539 441 738 519 (Ma-3.)
772 449 991 506 Fratres
1032 451 1098 506 de
1139 452 1468 509 monasterio
1497 451 1787 510 Stabulaus
1814 456 1883 488 ⁸⁸⁸
1905 456 2054 527 (257)
2085 466 2128 522 Α
2230 457 2625 528 Megiuwardus
2648 455 2819 512 abbas
2850 453 3137 525 Aegiensis
3165 451 3429 523 dignitate
3457 465 3554 505 sua
3593 436 3747 507 ultro

465 536 707 605 cottidie
738 555 898 607 aures
950 556 1135 613 regias
1177 543 1547 598 obtendebant
1595 544 1743 616 (258)
1772 561 1872 615 pro
1903 562 2055 616 repe-

467 626 668 686 titione
704 631 1022 686 monasterii
1044 630 1515 697 Malmendrensis,
1553 635 1700 702 quod
1733 636 1915 691 abbati
1938 650 2057 693 ere-

466 728 652 791 ptum,
692 738 788 778 rex
822 723 1053 787 consilio
1099 723 1407 779 Premensis
1451 724 1711 797 episc0pi,
1758 736 1816 780 ut
1862 728 2056 797 praedi-

474 822 622 868 ctum
654 822 736 868 est
762 812 932 884 (259),
978 815 1122 869 dono
1166 815 1390 869 dederat
1431 815 1738 872 Coloniensi
1772 820 2051 889 archiepi-

473 915 662 973 scopo.
690 902 933 972 Cumque
957 904 1089 967 nihil
1114 904 1182 937 ⁸⁸³
1209 904 1300 960 ille
1334 906 1610 978 precibus,
1639 908 1772 962 nihil
1793 909 2051 977 lacrimis,

472 993 607 1061 nihil
645 993 760 1063 ipsa
796 996 1201 1067 pernrgentium
1252 997 1321 1029 ⁶⁹⁰
1361 999 1772 1071 importunitate
1811 1018 2055 1058 movere—

473 1083 767 1149 turlinito
786 1086 1034 1151 consilio,
1063 1095 1139 1152 et,
1171 1097 1231 1163 ut
1277 1089 1470 1155 fertur,
1510 1091 1688 1145 divina
1728 1093 2052 1149 revelatione

473 1175 545 1231 ad
590 1174 692 1230 hoc
720 1175 1023 1231 faciendum
1077 1178 1315 1244 incitati,
1357 1195 1481 1235 ossa
1523 1181 1665 1237 beati
1702 1183 1937 1241 Remacli
1984 1187 2051 1218 ⁶⁹¹

471 1262 674 1330 levant,
720 1265 978 1321 Leodium
1010 1267 1280 1334 deferunt,
1320 1280 1399 1336 et,
1440 1286 1564 1341 rege
1587 1273 1655 1304 σε’
1684 1274 1884 1329 celebri
1918 1291 2053 1346 quo-

474 1353 595 1409 dam
624 1353 745 1410 loco
785 1356 1090 1410 convivium
1135 1368 1348 1427 agente,
1397 1374 1561 1431 super
1604 1377 1844 1418 mensam
1881 1366 2049 1434 ipsam

474 1454 772 1513 apponunt,
804 1446 1152 1501 obsecrantes
1180 1463 1276 1517 per
1298 1450 1487 1515 Deum,
1521 1461 1599 1515 ut,
1633 1453 1677 1507 si
1716 1454 1890 1509 minus
1918 1455 2052 1511 filio-

471 1550 615 1601 rum,
651 1537 846 1592 saltem
905 1539 1074 1607 patris
1123 1526 1605 1598 m'misereretur
1658 1545 1730 1577 ⁸³³
1779 1547 2049 1613 jamcum

470 1612 690 1680 Christo
715 1628 995 1697 regnantis
1029 1637 1081 1683 et
1110 1630 1178 1686 de
1209 1630 1419 1698 injuriis
1450 1635 1561 1689 suis
1607 1612 1826 1691 cottidie
1857 1639 1925 1692 ad
1958 1639 2051 1693 tri-

468 1716 634 1771 bunal
664 1720 853 1773 aeterni
893 1717 1093 1789 iudicis
1127 1723 1602 1792 proclamationem
1652 1728 1926 1793 facientis;
1962 1730 2049 1787 cui

2158 562 2216 603 se
2245 547 2537 610 abdicavit.
2576 546 2820 602 oﬂ‘ensus
2865 553 2978 599 tum
3004 542 3357 598 infestatione
3396 542 3743 611 quorundam

2158 638 2388 693 militum
2426 652 2677 702 suorum,
2701 635 2793 706 qui
2815 650 2938 695 eum
2965 632 3220 704 gravibus
3244 633 3587 688 contumeliis
3607 632 3746 687 affe—

2157 737 2365 791 cerant,
2410 737 2523 782 tum
2574 726 2978 797 importunitate
3023 726 3188 794 regis,
3216 724 3311 794 qui
3353 724 3743 795 frequentibus

2154 834 2281 875 eum
2309 817 2501 874 edictis
2553 819 2802 888 urgebat,
2852 825 2910 870 ut
2967 815 3167 884 prsidia
3221 815 3561 879 monasterii,
3616 828 3751 883 qua

2156 924 2265 968 tam
2293 911 2408 982 ejus
2441 927 2603 981 quam
2645 911 2886 980 priorum
2935 908 3194 963 abbatum
3227 907 3517 976 largitione
3543 906 3747 977 dilapi-

2153 1002 2281 1056 data
2329 1001 2419 1055 vix
2453 999 2566 1069 jam
2608 1000 2665 1053 in
2710 1013 2841 1052 usus
2888 996 3118 1051 fratrum
3169 995 3414 1051 sutiicere
3463 1004 3750 1066 poterant,

2154 1090 2417 1147 militibus
2451 1090 2565 1146 suis
2596 1089 2661 1122 ⁸⁸³
2693 1089 2747 1142 in
2799 1087 3127 1142 beneficium
3149 1094 3423 1155 erogaret.
3469 1084 3527 1138 ln
3559 1085 3745 1139 locum

2154 1180 2270 1248 ejus
2313 1196 2419 1237 non
2466 1195 2564 1250 per
2604 1178 2895 1233 electionis
2917 1177 3138 1236 ostium.
3172 1176 3265 1230 sed
3296 1190 3393 1244 per
3426 1174 3748 1229 simoniacze

2155 1273 2411 1325 hereseos
2448 1268 2778 1330 cuniculum,
2809 1267 3058 1337 protinus
3089 1265 3285 1336 irrupit
3322 1264 3635 1339 Buobertus‘
3664 1263 3748 1295 ⁷⁸⁸

2154 1363 2321 1417 abbas
2368 1360 2857 1430 Babenbergensis,
2905 1366 3267 1425 cognomento
3308 1355 3749 1419 Nummularius,

2152 1452 2522 1507 annumeratis
2558 1450 2610 1504 in
2647 1449 2898 1503 aerarium
2936 1446 3081 1515 regis
3116 1445 3262 1500 mille
3312 1444 3491 1514 pondo
3517 1444 3743 1515 argenti

2151 1545 2427 1616 purissimi
2476 1542 2645 1615 (261).
2672 1541 2771 1597 Hic
2818 1539 3211 1596 sordidissimis
3240 1539 3309 1570 ⁷⁰³
3352 1537 3654 1607 quaestibus
3682 1546 3744 1591 et

2152 1638 2349 1701 usuris,
2386 1651 2521 1705 quas
2548 1637 2717 1690 etiam
2758 1633 3000 1704 privatus
3053 1632 3229 1686 adhuc
3287 1631 3341 1684 in
3397 1628 3777 1684 monasterio.

2151 1735 2473 1784 exercuerat
2502 1728 2570 1759 τ⁰²
2598 1757 2637 1792 ,-
2666 1725 2931 1780 infinitam
2964 1723 3067 1776 sibi
3124 1722 3409 1792 pecuniam
3455 1717 3728 1774 conﬂave-

469 1810 577 1865 nisi
606 1824 703 1864 sua
743 1813 1079 1881 restitueret,
1128 1816 1269 1871 ultra
1312 1818 1360 1873 ei
1402 1830 1625 1890 pmpter
1652 1822 1931 1891 penuriam
1965 1838 2050 1878 re-
2083 1798 2124 1856 Β
2155 1826 2256 1882 rat,
2290 1827 2344 1872 et
2376 1824 2663 1886 propterea
2707 1821 2912 1867 mortes
2940 1812 3315 1882 episcoporum
3364 1820 3421 1863 et
3460 1808 3533 1841 ⁷⁰³
3564 1806 3740 1861 abba-

470 1914 592 1981 rum
624 1892 1053 1961 necessariarum
1084 1905 1364 1961 militaturi
1395 1925 1498 1964 non
1539 1898 1738 1966 essent.
1772 1911 1884 1968 [loc
1923 1928 2051 1983 snp-

467 1989 777 2059 piicationis
790 2009 1007 2065 genere,
1030 1998 1172 2066 quod
1194 1998 1260 2052 ad
1284 2000 1602 2068 captandam
1627 2001 2047 2059 benivolentiam

468 2094 841 2161 comparatum
885 2086 1080 2153 fuerat,
1120 2104 1215 2143 rex
1248 2106 1401 2145 versa
1431 2092 1552 2148 vicc
1596 2094 1820 2150 nimium
1856 2096 2048 2152 effera-

469 2182 581 2237 tus,
612 2176 859 2232 concitus
892 2192 970 2244 se,
1002 2179 1206 2236 relictis
1234 2181 1428 2252 epulis,
1478 2184 1532 2239 in
1574 2186 1829 2254 palatium
1874 2192 2047 2259 prorio

465 2264 604 2334 puit,
631 2275 684 2320 et
712 2282 820 2338 quo
847 2270 1097 2341 exemplo
1142 2273 1194 2327 in
1226 2275 1499 2342 abbatem,
1533 2286 1641 2333 tam
1672 2280 1895 2336 audacis
1920 2280 2044 2338 facti

467 2358 827 2437 incentorem,
860 2363 1298 2421 animadvertere
1334 2369 1576 2435 deberet,
1616 2371 1807 2440 plenus
1842 2375 2043 2429 irarum

467 2448 757 2517 cogitabat.
796 2450 901 2506 Sed
937 2469 1063 2510 ecce
1104 2471 1310 2523 mensa,
1367 2459 1452 2514 cui
1496 2463 1848 2531 superposito
1892 2476 2045 2520 erant

466 2551 635 2592 sacrae
667 2538 908 2610 reliquiae
943 2542 1124 2614 (260),
1169 2545 1349 2599 divina
1399 2547 1599 2602 virtute
1648 2550 1926 2607 confracta
1976 2553 2043 2587 ⁸³⁵

465 2631 694 2696 corruit,
745 2632 1102 2704 ministroque
1156 2638 1318 2707 regis,
1366 2638 1497 2693 haut
1544 2641 1760 2695 obscuri
1813 2644 2044 2699 nominis

462 2720 604 2786 viro,
656 2710 829 2779 crura
868 2725 1141 2794 pedesque
1200 2729 1492 2796 contrivit;
1545 2720 1635 2799 qui
1687 2733 1846 2802 paulo
1897 2746 2039 2804 post,

463 2821 688 2865 exorata
737 2827 835 2882 per
878 2814 1322 2872 intercessionem
1372 2819 1513 2874 beati
1559 2820 1796 2877 Rcmacli
1843 2824 2043 2895 pietate

464 2900 668 2967 divina,
721 2904 793 2958 ita
848 2906 1093 2975 pristina:
1136 2909 1423 2966 restitutus
1451 2923 1534 2967 est
1564 2916 1809 2983 sospitati
1851 2918 1954 2985 ⁵⁸⁸,
1984 2928 2045 2975 ut

464 3005 534 3044 ne
557 2991 624 3026 “7
648 2994 871 3050 cicatrix
901 2997 1118 3067 quidem
1150 3000 1202 3053 in
1238 3011 1617 3071 argumentum
1651 3005 1883 3064 laesionis
1911 3009 2041 3065 abo-

2153 1916 2261 1961 tum
2292 1907 2450 1961 anxia
2498 1903 2874 1975 expectatione
2922 1901 3031 1970 jam
3088 1899 3288 1954 dudum
3337 1897 3738 1967 suspiraverat.

2148 1996 2391 2066 Cumque
2420 2010 2515 2051 eos
2556 1994 2760 2049 diutius
2787 1992 3017 2048 vivendo
3046 2000 3169 2045 vota
3223 2005 3320 2044 sua
3365 1978 3419 2044 et
3458 1986 3744 2044 effrenatae

2149 2087 2465 2141 ambitionis
2493 2086 2780 2156 impetum,
2812 2100 2919 2154 quo
2962 2098 3203 2153 prmceps
3238 2080 3571 2149 rapiebatur.
3606 2095 3735 2133 mo-

2149 2179 2257 2235 rari
2297 2178 2535 2248 graviter
2569 2186 2624 2231 et
2663 2175 3137 2247 impatientissime
3182 2176 3369 2238 ferret,
3400 2187 3465 2227 eo
3494 2172 3745 2226 vesaniae

2146 2271 2340 2336 evasit,
2373 2277 2433 2324 ut
2462 2276 2661 2339 praeter
2688 2266 2901 2323 occulta
2947 2266 3020 2337 7,“
3050 2280 3297 2331 munera,
3348 2263 3546 2333 quibus
3585 2263 3742 2317 auri-

2146 2362 2477 2418 culariorum
2539 2359 2696 2415 favor
2739 2358 3085 2413 redimendus
3148 2365 3295 2423 erat,
3344 2356 3460 2426 regi
3510 2363 3749 2411 centum

2144 2456 2324 2525 pondo
2354 2453 2470 2509 auri
2498 2452 2861 2522 promitteret,
2895 2459 2979 2516 ut,
3018 2448 3195 2518 ejecto
3222 2447 3435 2503 eximite
3466 2445 3748 2502 sanctita‘

2146 2548 2215 2601 tis
2238 2547 2355 2601 viro
2401 2545 2597 2600 abbate
2638 2543 2971 2607 Widerado,
3021 2540 3122 2596 sibi
3167 2539 3388 2596 abbatia
3439 2537 3745 2592 Fuldensis

2144 2638 2470 2692 traderetur.
2501 2636 2564 2690 Et
2597 2632 2861 2704 profecto,
2898 2630 3043 2704 quod
3084 2631 3291 2687 nefarie
3325 2629 3745 2698 concupiverat,

2141 2727 2558 2802 ﬂagitiosissime
2586 2726 2930 2790 obtinuisset,
2980 2724 3085 2779 nisi
3129 2723 3312 2794 pauci,
3338 2721 3536 2790 quibus
3585 2720 3740 2791 leges

2142 2819 2525 2874 ecclesiasticae
2552 2817 2784 2889 pecunia
2811 2817 3053 2871 cariores
3083 2825 3261 2878 erant,
3292 2813 3345 2866 in
3372 2804 3564 2866 faciem
3584 2809 3741 2879 regi,

2143 2928 2212 2967 ne
2244 2911 2296 2966 id
2327 2910 2532 2965 faceret
2558 2909 2664 2976 7",
2695 2910 3054 2964 obstitissent.
3100 2906 3152 2963 Is
3183 2904 3737 2977 pscudomouaclius,

2141 3006 2317 3061 dicam
2363 3002 2675 3073 expressius
2710 3002 2760 3056 vi
2809 3000 3011 3056 doloris
3056 2999 3340 3070 impulsus,
3387 2998 3433 3051 is
3498 2993 3734 3066 angelus

465 3079 575 3173 lita:
619 3081 1037 3153 relinqueretur.
1087 3088 1267 3158 Atque
1322 3091 1397 3144 ita
1447 3080 1701 3163 deinceps
1738 3112 1835 3165 per
1873 3108 2038 3155 totam
2068 3133 2114 3193 ο
2145 3106 2352 3150 satana:
2381 3091 2797 3163 transﬁguratus
2822 3090 2875 3144 in
2915 3088 3163 3161 angelum
3197 3087 3351 3151 lucis,
3381 3086 3455 3141 ita
3483 3095 3739 3139 sanctam

462 3170 679 3228 noctem
730 3187 1156 3248 sequentemque
1206 3180 1347 3235 diem
1398 3172 1547 3239 ta'nta
1591 3187 1737 3241 circa
1794 3198 2037 3245 sanctum

464 3282 664 3337 corpus
689 3260 1017 3323 coruscabat
1048 3270 1434 3329 miraculorum
1485 3275 1793 3344 multitudo,
1838 3288 2040 3336 utcor-

461 3350 638 3434 porali
661 3362 1060 3431 quodammodo
1098 3362 1523 3432 proclamatione
1554 3369 1827 3426 videretur
1852 3373 2042 3433 beatus

462 3451 753 3508 Rcmaclus
790 3451 882 3524 jus
918 3469 1074 3508 suum
1103 3455 1467 3524 expostulare.
1503 3457 1765 3515 Attonitis
1794 3463 2041 3522 omnibus

416 3575 426 3586 .
461 3548 627 3594 tantae
656 3542 733 3597 rei
764 3543 1025 3609 novitate,
1055 3559 1149 3599 rex
1183 3545 1379 3602 timore
1411 3548 1886 3606 vehementissnno
1913 3569 2039 3609 cor-

460 3640 668 3701 reptus,
727 3647 795 3687 ne
842 3632 1019 3699 'forte,
1049 3634 1094 3689 si
1125 3643 1499 3704 cunctaretur,
1547 3641 1780 3697 Milesiis
1822 3643 1876 3697 in
1915 3658 2038 3700 eum

462 3727 709 3792 protinus
758 3725 829 3757 ⁸³⁸
877 3726 1013 3782 ultio
1063 3730 1411 3797 procederet,
1477 3747 1582 3786 non
1637 3733 1806 3788 solum
1860 3735 2038 3791 ablata

463 3814 724 3878 restituit,
774 3815 868 3870 sed
920 3818 1228 3873 recentibus
1268 3819 1431 3872 etiam
1489 3821 1643 3875 donis
1681 3838 1777 3891 pro
1827 3825 2040 3879 munifi-

464 3906 639 3960 centia
680 3907 826 3974 regia
862 3908 1151 3975 magnifice
1201 3911 1514 3967 cumulavit.
1560 3911 1695 3967 Hine
1741 3916 2034 3985 digressus,

462 4004 833 4066 pentecostem
881 3996 1194 4053 Halberstat
1240 4000 1537 4059 celebravit
1572 3987 1743 4073 ’(Ιιιη.
1794 4006 1905 4076 12).
1960 4008 2034 4062 lbi

463 4089 733 4145 Ottonein
763 4089 954 4144 ducem
1005 4098 1326 4160 ceterosque
1361 4092 1646 4161 ingenuos,
1670 4094 1775 4163 qui
1821 4109 1941 4149 cum
1971 4111 2035 4152 co

461 4194 614 4233 arma
644 4187 832 4235 contra
865 4194 976 4234 rem
1022 4180 1290 4249 publicam
1323 4182 1617 4252 sumpsisse
1653 4172 2034 4255 arguimantur,

462 4270 516 4323 in
564 4271 897 4327 dediciouem
951 4273 1228 4342 suscepit,
1280 4274 1724 4344 principibusque
1782 4279 1930 4348 regni
1981 4278 2032 4333 in

463 4363 702 4423 custodia
745 4365 1019 4420 habendos
1048 4374 1103 4419 et
1140 4374 1344 4421 statuto
1381 4366 1470 4422 die
1509 4366 1612 4423 sibi
1670 4369 2035 4425 restituendos

469 4458 867 4510 commendavit
897 4456 1050 4528 (Jun.
1094 4458 1204 4522 i4).

2142 3196 2197 3242 et
2228 3185 2528 3257 angelicam
2568 3184 2959 3240 monachorum
2996 3179 3386 3253 professionem
3419 3176 3739 3241 infamavit,

2143 3280 2406 3349 corrupit,
2464 3276 2699 3343 vitiavit,
2745 3282 2805 3330 ut
2854 3272 3107 3332 monachi
3145 3270 3349 3328 nostris
3396 3267 3734 3338 temporibus

2138 3359 2303 3441 etqbe
2345 3368 2399 3425 in
2439 3368 2525 3424 his
2560 3352 2879 3439 regionibus
2924 3378 3032 3419 non
3099 3360 3410 3417 innocentia
3453 3359 3735 3414 aestimen-

2143 3470 2235 3533 tur‘
2257 3459 2328 3493 ⁷⁸⁸
2370 3470 2534 3531 atque
2576 3458 2888 3529 integritate
2917 3457 3042 3510 vita:
3063 3496 3078 3521 ,
3109 3453 3203 3509 sed
3232 3452 3537 3523 quantitate
3560 3466 3731 3520 pecu-

2142 3553 2265 3619 nire,
2296 3566 2398 3606 nec
2437 3559 2715 3621 quaeratur
2761 3550 2814 3603 in
2842 3545 3130 3601 abbatibus
3159 3543 3445 3614 eligendis,
3476 3542 3600 3612 quis
3644 3540 3729 3594 di-

2139 3643 2299 3714 gnius
2329 3642 2401 3673 "°"
2442 3656 2694 3711 pratesse,
2727 3638 2818 3693 sed
2864 3636 2987 3707 quis
3028 3634 3209 3689 carius
3243 3632 3514 3687 abbatiam
3553 3629 3730 3700 possit

2140 3748 2344 3788 emere.
2369 3733 2444 3787 Ita
2474 3733 2693 3802 proprio
2724 3728 2886 3805 hujus
2927 3727 2999 3760 "°°
3027 3727 3249 3781 invento
3279 3739 3417 3779 novo
3448 3732 3609 3792 atque
3643 3722 3728 3775 in-

2139 3824 2319 3878 fausto
2363 3822 2522 3891 hujus
2549 3822 2624 3855 ⁷⁰⁸
2653 3820 2905 3890 aucupio,
2937 3819 3054 3874 haec
3081 3818 3133 3871 in
3162 3814 3446 3875 ecclesiam
3479 3813 3728 3867 introdu-

2137 3923 2223 3969 cta
2255 3923 2339 3970 est
2369 3913 2722 3977 consuetudo,
2752 3919 2810 3965 ut
2848 3909 3080 3965 abbatize
3102 3907 3321 3977 publice
3358 3903 3575 3957 venales
3589 3918 3718 3971 pro;

2137 4006 2432 4061 stituantur
2458 4004 2510 4058 in
2544 4002 2740 4074 palatio
2769 4001 2863 4066 ποθ,
2912 4013 3011 4055 nec
3041 3999 3329 4068 quisquam
3378 3994 3514 4048 tanti
3558 4007 3725 4046 vena-

2144 4098 2226 4153 les
2256 4111 2556 4167 proponere
2588 4104 2771 4165 queat,
2798 4095 2928 4164 quin
2957 4091 3207 4162 protinus
3235 4096 3536 4159 emptorem
3568 4084 3744 4138 inveo'

2135 4189 2271 4253 niat,
2299 4186 2584 4241 monachis
2630 4186 2773 4239 inter
2813 4200 2870 4238 se
2896 4197 3003 4237 non
3035 4181 3101 4236 de
3130 4177 3473 4235 observantia
3519 4173 3725 4246 regula:

2098 4271 2103 4277 ’
2136 4281 2251 4336 zelo
2277 4281 2435 4345 bono,
2465 4279 2558 4334 sed
2587 4278 2654 4332 de
2683 4275 2980 4345 quaestibus
3007 4282 3063 4329 et
3086 4272 3266 4329 usuris
3295 4271 3413 4326 zelo
3433 4268 3507 4301 7“
3536 4282 3724 4322 amaro

2135 4372 2604 4426 contendentibus.
2653 4369 2761 4425 Sed
2810 4369 2927 4423 haec
2952 4376 3013 4422 ut
3042 4367 3202 4438 digne
3255 4363 3441 4420 deﬂeri
3483 4362 3720 4433 possint,

2064 4470 2122 4528 n
2141 4476 2238 4531 pro
2273 4460 2640 4529 magnitudine
2685 4473 2788 4514 sua
2820 4465 2875 4513 et
2902 4456 3125 4528 proprio
3171 4454 3445 4510 volumine
3472 4463 3528 4508 et
3549 4448 3725 4522 proli-

1732 4571 1966 4627 VARIIE
2008 4572 2410 4628 LECTlONES.

1096 4682 1163 4714 θον
1208 4682 1296 4738 ille
1319 4683 1484 4737 nichil
1531 4686 1584 4737 π.

471 4746 544 4783 ⁸³⁷⁸
572 4752 859 4803 miseretur
892 4751 941 4804 Ι.
990 4753 1311 4807 misereatur
1349 4756 1419 4806 i‘.
1530 4756 1598 4786 ³⁸⁸
1642 4746 1807 4808 fracia
1839 4754 1893 4815 4.,

469 4817 541 4849 ’³ο
601 4821 671 4872 ila
708 4820 768 4872 4.
806 4820 1076 4889 Rupertus
1116 4822 1168 4876 5.
1246 4825 1317 4861 τοι
1361 4825 1690 4879 sordissimis
1712 4825 1765 4877 4.

462 4889 586 4952 giae
639 4890 686 4942 id
722 4892 899 4945 facere
941 4891 992 4945 4.
1057 4893 1128 4924 ⁷⁸⁸
1157 4894 1483 4949 estimantur
1511 4895 1566 4947 4.
1611 4894 1663 4946 5.

461 4960 547 4991 ἰα’
589 4959 733 5014 sceio
765 4961 815 5016 1.

535 4677 605 4715 ⁸⁸⁸
632 4681 933 4747 proturbati
968 4683 1018 4735 :l.

1663 4685 1730 4717 ⁶⁹⁰
1761 4701 1859 4755 per
1910 4692 2193 4755 urgentum
2233 4686 2286 4737 4.
2314 4684 2366 4737 5.

1663 4756 1807 4808 ’racta
1839 4754 1891 4807 4.
1992 4755 2063 4786 ⁸⁸⁸
2101 4756 2321 4808 sanitati
2352 4755 2384 4808 4

2101 4764 2321 4808 sanitati
2352 4764 2404 4808 4.

1842 4825 1913 4856 ⁷⁰²
1942 4836 2259 4879 excrevcrat
2294 4826 2348 4878 4.

1760 4894 1830 4926 ⁹⁰⁷
1862 4895 2055 4965 dignus
2106 4894 2159 4948 ’5.
2201 4896 2277 4948 1⁸.

1976 5082 2207 5139 NOTAE.
2380 5123 2384 5126 ι

2445 4684 2507 4715 ⁸⁸³
2540 4683 2794 4739 Reinardi
2821 4684 2876 4739 5.

2482 4755 2549 4786 ⁸³⁵⁷
2589 4770 2689 4808 nec
2729 4755 2778 4807 4.

2424 4825 2496 4856 "”
2535 4833 2589 4878 et
2621 4841 2671 4877 a.
2709 4824 2893 4875 desunt
2923 4822 2977 4877 4.

2378 4895 2448 4926 ⁷⁰⁸
2488 4893 2791 4963 litijusmodi
2846 4892 2900 4944 5.

2954 4684 3023 4716 ⁶”
3050 4682 3159 4752 regi
3182 4682 3237 4736 4.
3313 4681 3383 4716 ⁸⁵³

2883 4752 2954 4785 ⁸⁸⁸
3004 4748 3142 4807 deest
3186 4755 3239 4807 5.
3342 4748 3427 4783 '9"
3465 4765 3620 4805 suum
3662 4748 3716 4801 5.

3065 4822 3139 4854 7”
3166 4820 3343 4875 oculta
3368 4820 3423 4875 5.
3519 4820 3590 4852 ⁷⁸⁸
3627 4832 3721 4873 re-

2999 4892 3071 4925 m
3126 4890 3354 4961 pallacio
3397 4890 3453 4944 5.
3505 4888 3719 4958 περίεις.

3416 4696 3469 4750 p.
3502 4678 3638 4732 tanti
3664 4678 3719 4750 ξ,

3092 5188 3158 5202 ΑΛ
