4076 5310
148 442 165 455 ο
241 368 379 426 ίιοθ

1472 369 1810 424 ANNALES.
1854 400 1921 408 —-
1958 368 2068 423 AN.
2122 369 2268 422 i07l.

3356 376 3490 430 1110

236 485 390 541 xiore
415 497 553 552 opus
585 481 783 537 habent
811 481 1069 553 tragedia.
1115 481 1197 536 Ad
1237 492 1474 553 emptum
1516 485 1698 554 potius
1728 500 1815 538 ιερ-
1851 495 1888 545 ,.\
1921 483 2100 537 roli’"
2129 491 2179 536 et
2206 483 2436 551 plurima
2464 484 2768 538 servitia'm
2808 483 3004 553 quibus
3026 484 3185 539 etiam
3230 485 3285 540 iu
3315 502 3373 542 re
3408 489 3490 546 fa-

234 582 535 629 vertamur.
601 574 913 628 Advocatus
969 571 1260 643 Augiensis
1293 577 1606 632 monasterii
1665 587 1816 647 post-

234 682 402 736 quam
416 664 789 734 pecuniarium
817 664 961 719 hunc
976 664 1225 718 abbatem
1248 665 1503 723 advenire
1527 669 1811 739 comperit,

230 768 287 811 et
322 756 527 827 quanta
562 755 851 827 largitione
879 754 1085 810 aditum
1109 756 1213 811 sibi
1242 757 1296 811 in
1319 758 1462 813 ovile
1482 758 1692 815 Christi
1726 760 1812 814 lu-

228 862 337 916 pus
361 863 529 918 rapax
558 846 902 917 patefecisset
944 848 1167 915 audivit,
1206 848 1373 905 missa
1419 850 1633 906 obviam
1666 852 1812 923 iega—

229 937 401 1019 tione,
435 940 780 995 denunciavit
809 939 857 994 ei
895 940 997 994 sub
1018 939 1459 998 interminatione
1481 943 1671 999 salutis
1694 959 1816 1013 pro-

228 1032 366 1100 priae
390 1073 405 1098 ,
445 1047 514 1085 ne
551 1032 693 1085 intra
736 1031 1112 1101 possessiones
1160 1030 1452 1103 Augiensis
1497 1035 1811 1090 monasterii

226 1128 586 1191 praesumeret
618 1123 905 1188 accedere;
966 1122 1207 1191 alioquin
1253 1138 1613 1187 occursurum
1664 1114 1721 1181 se
1761 1136 1813 1181 et

226 1221 442 1269 armata
467 1229 633 1268 manu
659 1213 1059 1269 vindicaturum
1091 1214 1147 1268 in
1174 1213 1478 1269 libertatem
1533 1232 1672 1285 quos
1698 1217 1812 1285 ipse

226 1314 340 1358 tam
366 1320 495 1360 caro
520 1305 876 1360 mercimonio
897 1306 1120 1360 emisset
1145 1304 1199 1359 in
1228 1306 1563 1361 servitutem.
1604 1306 1697 1362 llis
1723 1308 1812 1363 ille

223 1397 454 1463 auditis,
478 1396 708 1451 nimium
735 1396 919 1451 animo
955 1405 1340 1452 consternatus
1375 1407 1492 1463 est,
1534 1406 1649 1451 tum
1684 1414 1812 1468 pro-

222 1496 350 1556 pter
370 1503 586 1558 gravem
604 1487 873 1557 jacturam
900 1488 1254 1558 pecuniarum
1280 1503 1527 1556 suarum,
1550 1497 1665 1543 tum
1687 1502 1813 1558 pro-

221 1586 347 1649 pter
386 1587 631 1648 ereptum
671 1578 773 1634 sibi
819 1587 1101 1649 tamquam
1140 1580 1207 1634 de
1250 1577 1538 1646 faucibus,
1588 1580 1676 1635 cui
1717 1582 1809 1635 diu

220 1669 388 1751 anxie
414 1669 700 1738 inhiasset,
729 1671 1013 1725 honorem.
1039 1670 1103 1724 Et
1120 1670 1295 1740 primo
1321 1671 1541 1741 quidem
1568 1672 1809 1727 animum

218 1757 537 1865 ;nduxerat,
576 1778 690 1817 rem
723 1763 893 1816 armis
920 1762 1155 1831 experiri
1196 1761 1345 1833 (262)
1381 1770 1455 1829 et,
1488 1771 1547 1817 ut
1574 1763 1681 1817 dici
1718 1779 1810 1818 so-

237 1861 315 1919 et,
358 1853 541 1923 ignem
575 1853 753 1924 gladio
780 1853 1015 1907 scrutari
1046 1851 1228 1924 (265),
1287 1852 1391 1907 hoc
1417 1861 1502 1908 est
1544 1854 1807 1909 simonia-

217 1944 430 1998 cam'm
473 1944 708 1999 heresim
739 1944 1047 2000 homicidiis
1078 1944 1389 2012 cumulare;
1430 1944 1523 1999 sed
1556 1960 1807 2000 asseren-

216 2031 371 2090 libus
405 2034 492 2090 his
533 2036 624 2106 qui
654 2052 780 2091 cum
809 2052 875 2091 eo
911 2043 1067 2091 erant
1091 2078 1105 2103 ,
1164 2051 1329 2106 supra
1356 2034 1504 2091 vires
1533 2053 1663 2093 suas
1688 2052 1809 2093 esse

216 2127 534 2198 negocium,
573 2128 825 2195 confuso,
882 2136 942 2183 ut
978 2128 1202 2199 dignum
1239 2136 1358 2182 erat
1387 2169 1400 2195 ,
1458 2136 1513 2183 et
1557 2128 1807 2185 confecto

214 2220 408 2274 animo
443 2218 577 2273 abiit
607 2219 662 2272 in
694 2220 1070 2289 possessiones
1097 2219 1280 2275 fratris
1313 2219 1422 2285 sui,
1458 2219 1806 2290 praestolatu-

213 2325 314 2366 rus
353 2310 426 2364 ibi
462 2326 603 2380 quos
636 2311 814 2365 exitus
846 2319 954 2365 tam
995 2312 1064 2342 ⁷¹¹
1102 2311 1349 2365 tristibus
1384 2311 1555 2365 initiis
1593 2310 1706 2365 fors
1736 2312 1807 2343 ⁷³³

211 2409 363 2458 esset
402 2401 651 2457 allatura.
691 2398 825 2458 Nam
871 2403 1143 2458 abbatiam
1176 2401 1678 2473 Babenbergensem
1716 2403 1802 2457 in-

214 2500 365 2547 terea
389 2503 704 2564 susceperat
729 2493 1049 2562 Ekebertus,
1074 2495 1473 2550 Gorziensis”
1503 2494 1805 2564 disciplina:

216 2585 546 2641 monachus.
572 2586 655 2640 Ad
675 2587 831 2656 cujus
856 2587 1162 2657 ingressum
1193 2600 1384 2641 omnes
1410 2587 1662 2656 protinus
1693 2584 1803 2641 fra—

214 2683 347 2742 tres,
383 2691 526 2746 quos
559 2678 710 2747 prior
735 2678 823 2732 ille
853 2678 1021 2733 abbas
1049 2679 1187 2745 suis,
1226 2678 1327 2733 hoc
1359 2686 1443 2733 est
1464 2678 1803 2734 mercatoriaa'

215 2775 380 2837 atque
400 2769 673 2823 usuraria:
698 2768 832 2824 artis
857 2769 1162 2839 disciplinis
1198 2769 1529 2836 instituerat,
1560 2777 1615 2825 et
1642 2771 1800 2840 quasi

215 2852 443 2912 filios’”
475 2861 719 2929 paterm
762 2860 816 2915 i’n
848 2860 1013 2915 vitam
1055 2875 1347 2932 moresque
1383 2876 1515 2917 suos
1548 2863 1797 2932 pedibus,

216 2958 275 3003 ut
308 2949 543 3017 dicitur,
581 2951 659 3007 ire
692 2951 839 3023 (264)
868 2952 1148 3021 docuerat,
1196 2961 1473 3024 tamquam
1510 2952 1639 3009 folia
1677 2970 1800 3026 qua:

214 3051 375 3095 vento
400 3052 691 3112 raptantur
711 3043 1147 3116 diffugerunt”.

1918 574 2116 628 miliari
2151 574 2471 643 plerumque
2500 575 2611 630 sibi
2654 574 3095 631 commodissime
3138 575 3401 645 aﬂ‘uerat;
3438 589 3492 636 et

1915 667 2119 721 idcirco
2145 665 2457 719 munera'm
2513 682 2613 721 sua
2652 674 2771 720 rata
2807 665 2943 719 ei“m
2974 681 3214 733 manere,
3246 655 3488 739 cupidis-

1915 752 2052 814 sime
2075 757 2307 812 volebat.
2345 750 2495 811 Unde
2516 755 2828 827 Mogontino
2868 757 3492 831 archiepiscopogravi-

1914 861 1997 907 ter
2024 848 2397 915 succensebat,
2426 849 2571 918 quod
2626 864 2734 903 non
2782 849 2965 903 statim
2992 865 3140 917 eum,
3166 853 3490 924 contemptis

1914 940 2340 1011 obstrepentium
2393 938 2622 994 fratrum
2693 939 3104 1016 simultatibus,
3159 943 3485 1001 ordinasset.

1916 1034 2020 1090 Sed
2049 1035 2139 1089 ille
2168 1030 2461 1087 immobilis
2482 1030 2874 1100 persistebatin
2903 1032 3192 1099 sententia,
3218 1033 3351 1089 illud
3379 1052 3490 1105 prm

1914 1142 1972 1181 se
2002 1126 2201 1190 ferens,
2233 1139 2397 1194 quam
2412 1123 2482 1153 ⁷³⁸
2523 1121 2920 1177 terribiliterm
2947 1138 3092 1178 anno
3121 1127 3487 1195 superiorem

1912 1234 1942 1271 a
1974 1234 2108 1289 papa
2131 1232 2230 1287 pro
2253 1215 2416 1270 simili
2445 1230 2610 1270 causa
2639 1213 2959 1284 objurgatus
3001 1202 3213 1281 fuisset,
3241 1227 3296 1271 et
3322 1233 3487 1287 quam

1912 1311 2000 1363 vix
2028 1317 2081 1363 et
2132 1323 2273 1379 τινετο
2328 1306 2446 1361 sine
2495 1306 2732 1375 dampno
2780 1306 2979 1375 gradus
3009 1306 3092 1360 sui
3124 1309 3405 1376 evasisset,
3435 1320 3490 1365 ct

1912 1400 2056 1469 quod
2083 1407 2269 1468 postea
2302 1397 2609 1451 recentibus
2636 1395 2830 1450 litteris
2881 1396 3026 1450 sedis
3059 1399 3388 1467 apostolicae,
3420 1418 3488 1455 ne

1913 1492 2031 1544 sine
2057 1488 2472 1559 diligentissima
2524 1486 2868 1543 discussione
2899 1503 3098 1542 manus
3130 1489 3208 1543 illi
3238 1490 3485 1561 impone.
3546 1484 3547 1489 “

1912 1590 2014 1647 ret,
2045 1580 2414 1636 commonitus
2442 1578 2653 1636 fuisset.

1981 1695 2166 1766 Itaque
2188 1694 2516 1751 instantibus
2536 1694 2648 1765 jam
2678 1691 2935 1748 Kalendis
2958 1693 3221 1763 Augusti,
3251 1708 3347 1750 rex
3371 1694 3487 1750 Mo-

1914 1790 2152 1860 gontiam
2180 1787 2889 1859 properabat,cupiensipse
2903 1785 2959 1839 in
2987 1785 3333 1859 discussione
3345 1787 3485 1841 tanti

1912 1878 2122 1951 negocii
2152 1894 2276 1933 cum
2323 1878 2731 1948 archiepiscopo
2763 1876 3014 1948 cognitor
3052 1875 3313 1932 assidere.
3343 1876 3487 1937 inter

1909 1988 1975 2027 eu
1983 1974 2146 2027 ndmn
2161 1966 2497 2027 iierveldiam
2510 1973 2677 2027 venit.
2693 1971 2821 2026 inde
2833 1970 3128 2042 digressus,
3139 1972 3229 2028 die
3240 1980 3486 2042 posterea

1911 2064 1965 2117 in
1979 2063 2159 2118 villam
2174 2064 2246 2095 ⁷⁸⁸
2260 2078 2383 2133 quae
2394 2063 2592 2118 dicitur
2606 2061 2921 2117 Utenhusen
2936 2062 3009 2094 7“
3022 2061 3485 2131 (266)‘prandendi

1908 2154 2081 2225 gratia
2123 2152 2356 2208 divertit.
2406 2152 2654 2222 Cumque
2703 2150 2893 2207 refecti
2924 2151 3039 2222 jam
3083 2151 3486 2207 ferventissimo

1907 2246 2242 2301 accelerandi
2258 2245 2470 2301 itineris
2481 2245 2659 2300 studio
2682 2245 2928 2300 certatim
2943 2258 3135 2300 omnes
3155 2245 3394 2301 caballos
3407 2262 3488 2301 re-

1905 2344 2169 2406 peterent,
2197 2336 2405 2392 accedit
2446 2343 2508 2390 ut
2528 2334 2828 2406 Liupoldus
2843 2334 2911 2390 de
2924 2332 3209 2404 Mershurg
3223 2333 3297 2365 ⁷³⁸
3311 2331 3483 2403 (267),

1906 2430 2126 2501 quidam
2153 2429 2267 2500 regi
2295 2428 2633 2495 carissimus,
2664 2426 2822 2498 cujus
2850 2440 3015 2497 opera
3051 2432 3106 2481 et
3127 2425 3374 2481 consiliis
3404 2424 3485 2480 fa-

1905 2518 2274 2574 miliarissime
2300 2517 2379 2572 uti
2408 2517 2603 2572 solitus
2622 2523 2759 2584 erat,
2790 2515 3000 2571 caballo
3025 2511 3164 2568 forte
3187 2513 3482 2577 laberetur.

1902 2621 1958 2668 et
1980 2611 2200 2682 proprio
2234 2625 2498 2665 mucrone
2524 2607 2883 2674 transfossus,
2903 2606 3177 2676 expiraret
3200 2604 3289 2660 7".
3314 2604 3485 2675 Cujus

1902 2702 2185 2758 calamitas
2225 2699 2552 2755 intolerabili
2580 2698 2650 2732 ’⁸³
2677 2697 2865 2754 dolore
2889 2705 2945 2752 et
2990 2694 3252 2751 maestitia
3301 2709 3483 2766 regem

1901 2794 2173 2861 confecit,
2216 2794 2508 2862 statimque
2555 2789 2895 2847 Herveldiam
2923 2789 2996 2821 '”
3051 2794 3389 2859 reportatum
3424 2787 3482 2842 in

1901 2884 2081 2939 medio
2102 2882 2345 2938 ecclesiae
2367 2896 2493 2936 cum
2520 2879 2803 2951 magniﬁca
2824 2876 3069 2935 funebris
3096 2876 3257 2932 oﬂicii
3284 2890 3480 2947 pompa

1900 2977 2184 3047 sepelevit;
2214 2975 2284 3031 50
2306 2989 2527 3046 quoque
2554 2958 2779 3028 mansos
2803 2985 2904 3041 pro
2923 2970 3105 3025 anima
3143 2970 3263 3040 ejus
3289 2984 3482 3029 mona—

1900 3070 2066 3125 sterio
2113 3066 2441 3123 contradidit
2468 3063 2616 3136 (268)
2644 3065 2714 3134 ⁸ὶιι
2748 3064 2871 3119 loco
2908 3061 3003 3118 aui
3045 3061 3246 3117 dicitur
3281 3060 3479 3116 Merte-

284 3152 625 3224 Karolusm,
659 3156 749 3213 cui
788 3172 884 3212 rex
920 3156 1397 3213 Constantiensem
1424 3167 1796 3228 episcopatum
1827 3171 1872 3233 ρ
1902 3160 2163 3217 nefelt’“
2203 3159 2375 3230 (269).
2426 3157 2684 3213 Notatum
2726 3164 2910 3211 autem
2955 3162 3059 3222 est,
3107 3154 3255 3210 hunc
3300 3153 3480 3225 ipsum

213 3243 456 3311 dederat,
497 3249 733 3303 assiduis
770 3249 1290 3318 proclamationibus
1320 3264 1419 3319 pro
1458 3249 1799 3305 ordinatione

212 3351 310 3391 sua
350 3338 538 3393 sedem
570 3340 923 3410 apostolicam
965 3341 1286 3411 appellabat.
1329 3339 1564 3396 Econtra
1604 3339 1798 3397 fratres

214 3426 661 3486 Constantienses
706 3432 979 3487 obstinata
1033 3432 1382 3488 contentione
1439 3432 1794 3487 obiuctaban-

216 3525 324 3585 tur,
353 3536 422 3574 ne
451 3528 645 3575 contra
679 3538 953 3579 canonum
995 3524 1242 3578 instituta
1282 3524 1352 3589 is,
1381 3523 1475 3594 qui
1503 3532 1697 3594 prazter
1724 3524 1797 3579 si-

217 3609 521 3665 moniacam
555 3612 789 3668 heresim
816 3612 946 3669 furti
969 3630 1187 3686 quoque
1223 3615 1571 3671 insimulatus
1592 3615 1792 3681 fuerat,

218 3699 320 3753 sibi
353 3702 644 3772 episcopus
694 3702 1057 3760 ordinaretur.
1106 3704 1282 3776 Papa,
1331 3723 1456 3761 cum
1493 3707 1541 3761 ei
1582 3707 1795 3761 molesti

216 3799 414 3857 essent,
451 3794 819 3864 cognitionem
854 3812 1036 3851 causa:
1072 3813 1102 3851 a
1133 3813 1192 3853 se
1217 3798 1284 3852 ad
1311 3798 1380 3829 '“9
1424 3798 1794 3868 archiepisco-

217 3894 343 3947 pum
401 3881 777 3955 Mogontinum
842 3889 1048 3958 rejecit,
1090 3889 1363 3960 jussitque
1411 3898 1487 3956 ut,
1547 3892 1796 3960 utrisque

216 3974 421 4029 vocatis
461 3976 529 4030 ad
563 3976 848 4045 sinodum,
896 3996 1011 4034 rem
1047 3980 1456 4050 diligentissime
1489 3982 1790 4047 ventilaret,

218 4069 271 4114 et
311 4063 359 4118 si
403 4067 633 4123 crimina
686 4087 809 4140 quae
861 4071 1258 4141 objiciebantur
1286 4073 1355 4104 ⁷²⁰
1403 4073 1648 4128 refellere
1684 4089 1793 4128 non

220 4164 437 4222 posset,
480 4161 627 4214 nulla
684 4177 808 4216 eum
863 4163 1073 4218 ratione
1117 4174 1484 4220 consecraret.
1546 4163 1659 4220 Hac
1727 4165 1794 4221 de

219 4256 379 4311 causa
422 4249 675 4306 sinodum
715 4254 1159 4325 archiepiscopus
1197 4254 1483 4327 Mogontiae
1514 4256 1707 4311 indixit
1738 4256 1791 4310 in

221 4347 454 4392 mensem
477 4340 784 4413 Augustum
810 4346 980 4416 (265).
1018 4345 1128 4400 Rex
1168 4348 1628 4403 concertationem
1652 4348 1793 4402 hanc

222 4422 406 4495 iniquo
429 4434 580 4489 valde
607 4436 792 4490 animo
823 4436 1045 4503 ferebat,
1093 4446 1311 4507 propter
1346 4438 1639 4493 amicitiam
1680 4436 1790 4492 Ka-

1899 3254 2137 3326 gladium
2185 3252 2389 3319 fuisse,
2442 3267 2553 3321 quo
2606 3249 3011 3307 famosissimus
3058 3250 3337 3320 quondam
3386 3264 3479 3303 rex

1899 3345 2182 3401 Hunorum
2220 3343 2384 3397 Attila
2420 3342 2474 3396 in
2513 3357 2704 3397 necem
2751 3332 3177 3396 christianorum
3215 3348 3379 3413 atque
3424 3340 3480 3394 in

1898 3437 2172 3493 excidium
2220 3435 2518 3491 Galliarum
2563 3434 2838 3489 hostiliter
2891 3432 3226 3488 debachatus
3280 3432 3476 3486 fuerat.

1898 3527 2054 3584 llunc
2091 3526 2359 3597 siquidem
2387 3525 2574 3595 regina
2604 3522 2992 3594 Ungariorum,
3021 3529 3200 3577 mater
3238 3519 3481 3577 Salomo-

1898 3619 1984 3674 nis
2012 3616 2188 3688 regis,
2241 3615 2367 3670 duci
2412 3612 2789 3683 Bajoariorum
2834 3610 3020 3665 Ottoni
3057 3610 3203 3665 dono
3236 3609 3476 3673 dederat,

1897 3726 2019 3766 cum
2060 3702 2147 3779 co:
2170 3715 2491 3780 suggerente
2525 3713 2689 3776 atque
2731 3703 2803 3737 ⁷³⁸
2843 3704 3118 3758 annitente
3163 3716 3258 3756 rex
3306 3699 3476 3755 ﬁlium

1896 3804 2015 3873 ejus
2046 3803 2099 3857 in
2136 3818 2359 3872 regnum
2388 3809 2675 3871 paternum
2702 3797 3062 3865 restituisset;
3095 3813 3329 3867 cumque
3351 3810 3476 3851 eum

1895 3893 2006 3947 dux
2030 3890 2154 3946 Otto
2185 3892 2296 3945 filio
2322 3889 2452 3945 Dedi
2476 3888 2811 3944 marchionis
2832 3884 2963 3941 Dedi
2988 3886 3194 3956 juniori
3223 3885 3275 3939 in
3313 3901 3477 3955 argu-

1896 3991 2140 4037 mentum
2175 3982 2480 4053 pignusque
2515 3978 2804 4035 individua:
2832 3975 3137 4033 dilectionis
3173 3976 3238 4031 ad
3261 3983 3476 4044 tempus

1894 4073 2251 4144 pI'IBSllllSSCl,
2283 4072 2395 4142 illo,
2426 4080 2487 4126 ut
2522 4069 2840 4140 praedictum
2866 4076 2950 4122 est
2979 4065 3147 4137 (270),
3172 4074 3473 4135 perempto,

1895 4164 2028 4234 regi,
2055 4170 2109 4216 et
2135 4177 2230 4232 per
2274 4177 2454 4231 regem
2496 4159 2762 4229 Liupoldo
2814 4157 2942 4212 huic
2986 4172 3120 4212 casu
3157 4155 3470 4209 obvenerat.

1896 4252 2048 4308 Unde
2075 4252 2321 4321 plerique
2348 4250 2503 4304 ducis
2540 4246 2755 4303 Ottonis
2794 4246 3065 4311 fautores,
3094 4245 3279 4300 divino
3328 4245 3477 4298 hunc

1889 4341 2095 4412 judicio
2132 4356 2227 4410 per
2264 4355 2388 4393 eum
2423 4339 2518 4408 qui
2554 4337 2709 4393 ducis
2756 4334 2969 4391 Ottonis
3008 4335 3203 4390 fuisset
3236 4334 3471 4405 gladium

1893 4434 2135 4489 occisum
2166 4430 2692 4500 interpretabantur,
2721 4443 2787 4484 eo
2817 4427 2963 4497 quod
2991 4427 3056 4483 ad
3096 4427 3249 4481 illum
3285 4442 3473 4496 perse-

1509 4571 1746 4625 VARl/E
1784 4564 2187 4625 LECTIONES.

389 4682 723 4753 synlonicam
750 4684 801 4737 5.
878 4684 1069 4753 “’jam
1093 4684 1144 4737 5.
1221 4684 1293 4715 ⁷⁸⁸
1321 4700 1444 4738 sors
1464 4684 1515 4737 ὃ.
1539 4683 1590 4738 5.

224 4743 292 4774 ’⁷³⁸
319 4743 548 4806 Carolus
576 4753 627 4805 '5.
703 4754 773 4785 ⁷¹⁹
803 4743 1025 4807 deest].

221 4812 290 4893 7."
320 4818 453 4893 Huia
485 4820 535 4893 ξί·
628 4823 698 4893 ’γε
734 4824 875 4893 deest
1055 4824 1123 4854 ⁷⁸⁷
1166 4825 1432 4893 superiori
1465 4825 1517 4877 4.

1667 4683 1737 4715 ⁷¹¹⁵
1764 4679 2073 4738 Gorsiensis
2091 4678 2141 4731 4.
2216 4677 2286 4707 ⁷⁸⁸
2310 4674 2453 4730 filius
2469 4674 2520 4728 5.

1115 4754 1183 4784 ⁷¹⁰
1211 4754 1526 4809 obiciuntur
1554 4755 1604 4808 4.
1684 4755 1752 4784 ⁷²¹
1792 4751 1971 4806 Caroli
2005 4751 2056 4802 5.

1115 4824 1123 4852 ’
1166 4825 1432 4876 suneriori
1465 4825 1517 4876 4.
1611 4824 1682 4857 ⁷³⁸
1709 4824 1828 4876 villa
1864 4822 1915 4873 5.
1992 4820 2056 4851 ⁷³⁸

260 4842 284 4843 ⁷⁷
316 4842 453 4937 “tua
485 4842 535 4874 ἱ).
633 4842 698 4853 ""
734 4842 875 4877 αεεει
909 4844 960 4876 ἱ).
1061 4842 1118 4854 ⁵⁸⁷
1166 4842 1432 4893 δυρενιοιη
1465 4842 1517 4877 ιι.
1617 4842 1682 4857 ’⁵⁸³
1709 4842 1828 4879 Villi!
1864 4842 1915 4873 Ο.
1996 4842 2059 4851 ’·“’
2096 4842 2397 4871 νωιιιιυδυιι
2436 4842 2491 4894 ιιι
2567 4842 2639 4894 ἠ’
2682 4842 2841 4868 mutu

225 4882 291 4983 ἐξ
330 4889 703 4983 ..εξεῆὲδοηεηεῖ-
762 4892 1038 4983 Waller
1080 4893 1299 4983 quidem
1346 4895 1422 4983 2'9.
1459 4883 2491 4983 limus1-d9..”;.d€€3":‘..?;.::"'
2544 4882 2841 4983 ELEPBIE‘BS:

330 4958 671 5015 intollerabiii
698 4958 1196 5017 corn—intolerabili
1226 4964 1277 5018 4.
1353 4964 1423 4996 ⁷³³
1461 4958 1745 5020 llerueldie
1773 4963 1825 5016 4.

2596 4672 2667 4744 "fi
2686 4671 2826 4744 patri
2843 4672 2895 4726 5.
2913 4672 2965 4726 4.
3042 4672 3110 4703 ⁷¹⁷
3130 4671 3469 4744 fugierunté.

2574 4742 2644 4773 ⁷³³
2685 4741 2941 4797 universa
2986 4743 3038 4797 5.
3127 4741 3212 4774 7"
3236 4742 3377 4795 deest
3416 4741 3467 4793 5.

2576 4812 2646 4844 ’³ο
2680 4811 3051 4868 Merci‘sburch
3083 4813 3135 4865 4.
3176 4810 3473 4881 Luipoldus

2576 4883 2841 4950 iupuldus.
2954 4884 3022 4916 7“
3061 4882 3207 4938 illico
3249 4896 3370 4950 exp.
3418 4880 3468 4931 1.

3061 4899 3207 4938 111100
3249 4899 3370 4938 ϐΧῐ).
3418 4899 3468 4931 '1.

2133 4748 2203 4778 7"
2247 4746 2389 4798 deest
2432 4745 2484 4799 5.

1992 4820 2060 4851 ⁷³³
2085 4816 2397 4871 Vtenhusen
2435 4814 2486 4866 5.

1902 4960 1971 4990 ⁷³⁵
2009 4955 2381 5011 Mcrtenefeldt
2406 4954 2458 5007 5.
2545 4953 2614 4984 ’⁷³⁸
2652 4954 2793 5008 ἄθρει
2817 4955 2867 5007 ὗ-

1701 5094 1929 5152 NOTAE.
