4076 5310
250 260 446 313 1117

1541 263 1881 319 ANNALES.
1913 293 1985 302 —-
2016 263 2125 317 AN.
2168 265 2321 319 1072.

3423 268 3587 323 “73'

253 378 395 425 stu
422 370 496 423 :io
540 369 848 425 divinarum
893 386 1108 440 rerum,
1154 381 1328 430 totam
1366 389 1588 447 cperam
1634 374 1884 447 pecuniis
1912 379 1959 438 Α
1987 384 2129 444 rant,
2155 377 2306 433 solus
2328 393 2475 433 nunc
2502 392 2628 449 rege
2657 375 2959 444 fruebatur,
2988 387 3236 449 receptus
3264 398 3372 437 non
3398 387 3567 441 modo

250 467 349 517 et
382 456 691 531 quaestibus
720 461 1070 518 insumebant
1090 462 1181 539 ⁷⁷⁵.
1212 463 1278 518 lli
1301 480 1401 535 pro
1426 466 1661 521 abbatiis
1687 473 1743 521 et
1769 466 1886 536 epi-

253 556 626 625 scopatibus
651 572 812 612 aures
832 558 1139 629 principum
1162 560 1472 630 importune
1491 561 1883 627 obtundebant.

256 654 344 703 et
396 648 468 702 ad
505 648 749 704 honores
791 651 1195 707 ecclesiasticos
1234 667 1346 707 non
1388 653 1476 706 via
1508 652 1796 718 virtutum,
1826 660 1889 705 ut

258 742 547 812 majores
592 745 767 799 nostri
821 755 1248 813 consueverant,
1290 747 1385 802 sed
1429 762 1527 816 per
1571 746 1886 801 ambitionis

184 852 199 861 ·
260 840 644 901 praeruptum
684 842 741 888 et
787 835 929 889 male
964 844 1248 905 partarum
1290 835 1647 905 pecuniarum
1692 833 1884 904 profu-

260 923 519 977 sionem
533 925 1203 997 grassabanturaDeuique
1216 926 1270 981 in
1284 927 1683 996 coemptionem
1702 943 1765 981 ex
1775 926 1885 996 igui

263 1012 535 1069 honoris
570 1029 769 1070 aureos
816 1024 1031 1071 montes
1068 1016 1290 1072 cottidie
1317 1016 1705 1086 promittebant
1734 1015 1882 1086 (275)
1918 1008 1921 1009 ⁷

263 1105 693 1176 sccularesque
752 1115 1030 1177 emptores
1085 1108 1396 1179 largitionis
1452 1123 1566 1164 suae
1618 1108 1884 1163 immode-

263 1196 482 1249 rantia
529 1197 919 1266 excludebant,
969 1214 1071 1255 nec
1106 1200 1358 1255 venditor
1400 1207 1611 1255 tantum
1650 1200 1884 1254 audebat

263 1297 624 1355 exposcere,
650 1297 918 1359 quantum
942 1300 1157 1365 emptor
1180 1299 1408 1361 paratus
1432 1298 1550 1345 erat
1577 1291 1858 1346 exsolvere

264 1372 603 1433 Mirabatur
628 1383 885 1449 mundus,
920 1384 1064 1438 unde
1099 1391 1286 1437 tantus
1315 1383 1672 1452 pecuniarum
1713 1390 1883 1438 scate-

263 1466 380 1524 i'et
412 1470 630 1540 fluvius,
662 1474 807 1529 unde
841 1474 997 1532 Cresi
1041 1485 1096 1531 et
1136 1476 1352 1531 Tantali
1395 1490 1527 1545 Opes
1554 1475 1607 1528 in
1638 1476 1880 1545 privatos

266 1561 554 1621 homines
576 1575 850 1638 congesta:
889 1567 1141 1634 fuissent,
1174 1576 1228 1623 et
1260 1583 1356 1623 eos
1385 1567 1734 1637 potissimum
1774 1567 1877 1621 ho-

268 1652 476 1709 mines
512 1656 606 1726 qui
632 1658 813 1714 crucis
869 1659 1185 1714 scandalum
1202 1664 1269 1713 ‘et
1292 1658 1627 1729 paupertatis
1655 1656 1871 1711 titulum

266 1743 635 1816 praeferrent,
658 1757 711 1803 et
738 1758 936 1820 praeter
960 1750 1262 1820 simplicem
1288 1749 1495 1804 victum
1532 1760 1588 1803 et
1613 1748 1869 1803 vestitum

269 1838 436 1909 nihil
472 1842 550 1895 rei
579 1841 864 1899 familiaris
890 1845 1091 1900 habere
1119 1860 1178 1900 se
1208 1845 1588 1899 mentirentur.
1624 1842 1735 1898 lsta
1773 1842 1875 1897 Do-

268 1931 487 1987 minici
513 1935 626 2004 agri
655 1935 862 2007 zizania
889 1936 1106 2007 (Matth.
1130 1953 1261 2003 ιιιι,
1289 1935 1380 2001 50,
1408 1935 1520 2006 40),
1548 1937 1664 1991 Ι]ωο
1699 1935 1873 1990 vinea:

272 2021 390 2078 Dei
416 2025 570 2080 arida
608 2037 884 2083 sarmenta
917 2038 972 2085 et
1020 2030 1216 2101 stipula
1237 2028 1457 2084 teternis
1498 2028 1713 2099 ignibus
1741 2043 1875 2097 pra}-

269 2122 482 2183 parata
506 2122 680 2171 totum
708 2118 849 2173 sacri
868 2121 1045 2190 gregis
1066 2136 1265 2190 corpus
1294 2119 1454 2189 quasi
1482 2120 1608 2174 tabo
1634 2119 1872 2188 quodam

272 2206 616 2273 infecerant,
647 2217 720 2275 et,
753 2212 1054 2266 secundum
1077 2212 1421 2282 Apostolum,
1454 2212 1730 2267 modicum
1766 2209 1874 2265 fer-

274 2307 544 2353 mentum
572 2308 740 2354 totam
772 2311 1092 2372 corruperat
1116 2319 1355 2358 massam
1378 2301 1433 2375 (I
1455 2301 1578 2357 Cor.
1602 2319 1656 2369 v,
1693 2301 1771 2374 6),
1800 2302 1872 2356 ita

274 2399 348 2445 ut
375 2407 571 2447 omnes
609 2393 816 2449 similes
845 2396 1273 2463 mstimaremur,
1321 2410 1423 2451 nec
1469 2410 1593 2451 esse
1625 2395 1678 2448 in
1713 2393 1871 2449 nobis

275 2494 579 2556 putaretur
618 2488 712 2557 qui
759 2486 959 2543 faceret
1002 2490 1229 2556 bonum,
1277 2505 1388 2545 non
1433 2505 1555 2545 esse
1599 2505 1775 2560 usque
1804 2488 1871 2543 ad

275 2590 467 2651 unum
499 2575 671 2647 (Pscl.
719 2593 829 2643 xlv,
872 2578 945 2649 1).
991 2578 1218 2648 Propter
1250 2579 1362 2635 hoc
1400 2579 1673 2649 principes
1716 2579 1870 2649 regni

280 2668 358 2722 ad
412 2668 800 2723 instituendam
846 2670 900 2723 in
956 2670 1143 2726 Galliis
1196 2671 1363 2727 divini
1409 2672 1617 2727 servitii
1663 2672 1870 2729 scolam

280 2755 683 2827 Transalpinos
705 2761 1004 2816 monachos
1026 2763 1343 2830 evocabant,
1360 2770 1632 2818 nostrates
1662 2771 1867 2828 autem,

281 2852 625 2923 quicumque
653 2852 706 2906 in
738 2852 957 2907 illorum
986 2855 1232 2911 instituta
1274 2856 1419 2913 ultro
1446 2857 1744 2912 concedere
1770 2871 1870 2911 no-

281 2943 545 3009 luissent,
575 2946 642 2999 de
682 2946 1031 3002 monasteriis
1056 2963 1181 3003 cum
1212 2948 1508 3021 ignominia
1551 2949 1863 3018 cjiciebant.

1988 469 2042 522 in
2071 471 2304 538 gratiam
2336 479 2390 525 et
2415 469 2862 537 familiaritatem,
2890 472 2986 527 sed
3014 488 3152 542 pene
3178 474 3232 528 in
3250 477 3401 546 regni
3426 493 3558 533 con-

1986 562 2217 616 sortium
2241 570 2295 615 et
2320 563 2565 621 omnium
2588 578 2711 618 aute
2731 563 2946 633 publice
2971 564 3055 619 vel
3083 564 3332 635 privatim
3356 571 3560 639 agenda

1985 658 2143 705 erant
2169 651 2506 706 societatem.
2551 650 2629 706 lta
2660 668 2839 722 regem
2871 652 3079 708 callidis
3122 656 3565 726 subreptionibus

1986 758 2148 798 suum
2194 742 2416 798 fecerat.
2473 742 2578 798 Sed
2623 744 2690 808 is,
2741 745 2935 799 morbo
2964 754 3019 800 et
3044 755 3201 802 astate
3240 748 3562 816 exhaustus,

1985 850 2111 890 cum
2128 835 2220 889 diu
2236 850 2332 904 per
2342 835 2804 905 quuisitissimas
2826 838 3163 894 medicorum
3179 855 3376 910 operas
3400 844 3565 897 morti

1936 970 1940 976 .
1986 926 2297 981 obluctatus
2324 925 2545 991 fuisset,
2575 927 2733 997 quasi
2763 936 3012 985 naturam
3056 939 3173 986 arte
3198 932 3417 988 eludere
3444 948 3565 1003 pos-

1984 1026 2100 1083 set,
2144 1019 2417 1074 mediante
2443 1019 2860 1090 quadragesima
2883 1062 2900 1087 ,
2949 1020 3014 1076 16
3059 1022 3330 1079 Kalendas
3364 1023 3567 1094 Aprilis

1985 1098 2172 1183 (Hart.
2206 1110 2295 1181 l7)
2323 1111 2565 1166 debitum
2596 1112 2896 1166 conditioni
2924 1115 3218 1183 persolvit,
3249 1124 3303 1171 et
3328 1117 3569 1186 pertina-

1983 1204 2137 1261 cibus
2166 1202 2308 1258 odiis
2353 1203 2662 1270 hominum,
2692 1203 2838 1274 quod
2870 1188 3171 1276 numquam
3212 1215 3467 1277 potuerat
3491 1208 3570 1262 vi—

1979 1296 2177 1361 vendo,
2208 1296 2425 1351 tandem
2454 1297 2751 1367 aliquando
2790 1296 3058 1352 satisfecit
3085 1300 3389 1354 moriendo.
3437 1300 3570 1357 Erat

1980 1387 2138 1458 plane
2164 1387 2250 1440 vir
2276 1387 2613 1443 admiranda:
2641 1388 3105 1457 compunetionis,
3139 1398 3193 1444 et
3218 1390 3566 1461 potissimum

1979 1480 2111 1535 dum
2138 1480 2436 1535 salutarem
2469 1478 2580 1534 Deo
2607 1479 2843 1533 hostiam
2892 1479 3197 1536 immolaret
3232 1490 3382 1537 totus
3411 1484 3464 1536 in
3494 1484 3571 1537 la-

1979 1571 2184 1627 crimas
2233 1570 2505 1625 cllluebat.
2558 1569 2723 1640 Virgo
2774 1585 3016 1640 quoque,
3066 1579 3128 1626 ut
3172 1571 3467 1639 ferebatur,
3498 1574 3568 1628 ab

1979 1671 2139 1718 utero
2186 1662 2379 1716 matris
2429 1660 2803 1732 permanebat.
2858 1658 2962 1714 Sed
3013 1662 3112 1717 has
3152 1663 3208 1716 in
3248 1678 3315 1717 eo
3341 1663 3571 1719 virtutes

1976 1755 2209 1809 nimium
2255 1753 2308 1807 in
2356 1753 2532 1807 oculis
2578 1752 2863 1806 hominum
2905 1769 3123 1808 morum
3182 1754 3473 1808 insolentia
3514 1759 3571 1809 et

1969 1847 2249 1918 jactantia:
2275 1845 2468 1900 levitas
2508 1842 2887 1898 obfuscabant.
2929 1842 3144 1915 Corpus
3173 1845 3293 1915 ejus
3324 1861 3390 1900 ex
3435 1845 3569 1900 Gos’

1974 1938 2115 1992 laria
2142 1938 2198 1991 in
2227 1937 2411 1991 sedem
2441 1935 2787 2005 episc0patus
2814 1934 2900 1991 sui
2928 1936 3168 1991 delatum
3197 1945 3361 2007 atque
3391 1936 3568 2006 sepul-

1975 2039 2093 2086 tum
2120 2038 2224 2084 est.

2045 2121 2157 2175 Rex
2191 2120 2401 2191 palmas
2430 2117 2673 2172 Coloniae
2705 2117 2855 2188 (Apr.
2898 2116 2971 2189 l),
3004 2121 3209 2189 pascha
3238 2119 3565 2190 Trajecti'”

1974 2212 2270 2269 celebravit
2297 2210 2447 2280 (Apr.
2478 2209 2554 2281 8).
2585 2208 2689 2264 Ubi
2712 2210 2842 2265 dum
2873 2210 2923 2263 ei
2952 2212 3186 2280 populus
3213 2212 3567 2266 vehementer

1974 2305 2314 2374 obstreperet
2358 2317 2459 2372 pro
2507 2301 2724 2371 injuriis
2801 2309 2857 2354 et
2904 2302 3312 2357 calamitatibus
3362 2303 3565 2372 quibus

1972 2388 2177 2468 passim
2189 2411 2284 2466 per
2304 2401 2477 2449 totum
2498 2408 2732 2465 regnum
2749 2393 3073 2449 innocentes
3091 2393 3563 2465 opprimebantur,

1926 2540 1933 2547 ,
1972 2487 2162 2557 pupilli
2189 2496 2243 2541 et
2265 2485 2439 2540 vidum
2459 2484 2876 2554 diripiebantur,
2914 2485 3245 2541 monasteria
3259 2493 3313 2540 et
3325 2480 3567 2540 ecclesia:

1974 2578 2365 2644 vastabantur,
2406 2585 2460 2631 et
2486 2577 2664 2646 ruptis
2717 2576 2980 2647 iniquitas
3027 2578 3256 2633 habenis
3301 2578 3356 2631 in
3402 2592 3566 2632 omne

1972 2670 2119 2745 quod
2164 2669 2429 2725 voluisset
2476 2667 2691 2724 facinus
2739 2668 2962 2739 impune
3009 2669 3347 2724 bachabatur
3386 2686 3398 2723 :
3446 2650 3585 2738 per-I

1972 2770 2157 2818 motus
2185 2761 2404 2816 tandem
2429 2760 2515 2815 vel
2539 2759 2657 2829 ipsa
2679 2759 2762 2815 rei
2788 2760 3084 2815 acerbitate
3112 2760 3199 2815 vel
3224 2759 3566 2831 proclaman-

1971 2854 2110 2909 tium
2139 2851 2573 2924 importunitate,
2605 2850 2978 2907 annitentibus
3008 2851 3063 2906 in
3091 2852 3196 2907 hoc
3226 2850 3403 2922 ipsum
3434 2866 3565 2905 cun.

1970 2945 2073 3001 clis
2101 2945 2255 3018 regni
2282 2943 2642 3016 principibus,
2671 2942 2918 2998 exoravit
2960 2942 3345 2998 Colonienscm
3388 2942 3565 2998 archi-

282 3034 404 3106 Ego
435 3045 613 3091 tamen
635 3080 649 3103 ,
679 3047 741 3093 ut
779 3038 1024 3110 praedixi,
1055 3039 1123 3093 ad
1150 3055 1246 3096 eos
1283 3041 1506 3095 veniens
1526 3081 1540 3106 ,
1583 3047 1638 3094 et
1676 3055 1772 3111 per
1801 3040 1867 3111 f4
1895 3055 1938 3116 ε
1970 3038 2320 3108 episcopum,
2368 3044 2431 3090 ut
2456 3041 2583 3106 post
2610 3048 2671 3089 se
2714 3049 2900 3088 rerum
2941 3034 3282 3105 publicarum
3326 3033 3561 3089 admini-

285 3126 621 3182 ebdomadas
649 3129 720 3161 ⁷⁷⁵
748 3129 893 3200 apud
917 3145 1012 3185 eos
1042 3130 1237 3199 partim
1268 3129 1323 3183 in
1364 3129 1585 3185 Salefclt
1626 3131 1718 3197 ⁷⁷⁸,
1749 3146 1872 3200 par-

286 3216 387 3270 tim
420 3218 473 3271 in
504 3216 761 3291 Sigeberg
788 3231 1182 3284 commoratus,
1224 3221 1582 3275 animadverti
1648 3228 1868 3275 nostras

286 3321 457 3376 quam
486 3308 702 3364 illorum
718 3312 1142 3367 consuetudines
1161 3311 1359 3382 regulae
1389 3312 1563 3366 sancti
1592 3310 1867 3367 Benedicti

285 3399 487 3457 melius
526 3417 860 3471 congruere,
906 3404 952 3459 si
994 3412 1105 3459 tam
1149 3413 1369 3460 tenaces
1409 3405 1675 3474 propositi
1719 3403 1866 3470 (276)

285 3504 509 3562 tamque
551 3494 710 3566 rigidi
752 3512 1104 3566 paternarum
1149 3501 1468 3567 nostrarum:
1509 3497 1866 3551 traditionum

286 3585 635 3642 mmulatores
663 3588 925 3643 vellemus
954 3588 1208 3643 existere.

357 3676 815 3747 Archiepiscopus
863 3677 1211 3748 Mogontinus
1258 3694 1289 3733 a
1339 3677 1631 3733 festivitate
1692 3676 1866 3731 sancti

288 3763 563 3823 Michaelis
592 3784 769 3838 usque
798 3769 852 3822 in
897 3778 1243 3839 pcntecosten
1286 3770 1427 3823 mala
1456 3768 1752 3823 valitudine
1794 3766 1867 3820 la-

290 3854 533 3920 borabat,
566 3854 638 3909 ita
669 3851 918 3911 ut'etiam
962 3857 1347 3926 desperaretur
1375 3873 1404 3911 a
1452 3856 1679 3911 medicis
1715 3861 1769 3909 et
1799 3854 1866 3909 de

294 3947 634 4002 successione
662 3948 782 4017 ejus
808 3948 1054 4019 plerique
1084 3949 1464 4006 intentissimis
1490 3948 1686 4005 studiis
1713 3956 1863 4004 sata-

294 4045 491 4110 gerent.

361 4127 585 4186 Karolus
628 4130 734 4197 ⁷⁷⁷,
778 4147 939 4202 quem
982 4132 1051 4187 ab
1090 4131 1406 4202 episcopatu
1454 4129 1861 4185 Constantiensi

295 4218 555 4289 dejectum
585 4236 751 4291 supra
777 4222 1035 4290 diximus,
1077 4238 1361 4293 regressus
1401 4222 1467 4276 ad
1513 4220 1865 4291 Magadabur-

297 4326 503 4384 gensem
533 4312 819 4380 diocesim,
848 4312 880 4367 6
911 4312 1181 4369 Kalendas
1208 4313 1453 4368 Januarii
1487 4311 1641 4366 obiit.
1728 4314 1733 4321 ’

931 4404 1194 4460 MLXXII.

362 4492 466 4549 Rex
513 4495 847 4551 nativitatem
898 4494 1115 4551 Domini
1165 4495 1491 4551 Wormaciaa
1545 4493 1853 4550 celebravit.

296 4579 428 4653 lnde,
457 4597 741 4658 peregrata
770 4587 1049 4658 aliquanta
1079 4585 1232 4658 regni
1261 4585 1751 4657 parte,Goslariam
1781 4600 1863 4639 rc—

298 4687 519 4744 gressus,
551 4685 721 4737 totam
751 4678 951 4733 ibidem
975 4678 1047 4711 ⁷⁷⁸
1071 4677 1544 4749 quadragesimam
1571 4675 1769 4746 exegit.

360 4762 720 4834 Burchardus,
746 4769 1081 4825 camerarius
1109 4767 1508 4840 archiepiscopi
1535 4766 1855 4839 Mogontini,

299 4853 568 4925 episcopus
593 4858 878 4915 ordinatus
905 4868 990 4915 est
1019 4860 1075 4914 in
1103 4859 1336 4916 Basilea.

359 4941 570 5001 Primus
614 4954 743 5004 tunc
789 4950 842 5005 in
872 4951 1077 5021 palatio
1108 4960 1226 5006 crat
1262 4950 1593 5007 Adalbertus
1621 4952 1692 4984 ⁷⁷⁷
1734 4951 1862 5007 Pre-

1971 3128 2292 3183 strationem
2336 3126 2661 3196 susciperet.
2695 3122 2797 3178 Diu
2828 3125 2917 3180 ille
2944 3125 3147 3181 restitit
3173 3125 3406 3196 petenti,
3437 3141 3562 3195 par-

1969 3219 2069 3274 tim
2133 3218 2396 3273 memoria
2443 3224 2693 3272 veterum
2745 3215 3115 3287 injuriarum,
3163 3218 3365 3288 partim
3429 3217 3561 3287 quia

1969 3310 2135 3364 homo
2162 3317 2312 3363 totus
2341 3308 2396 3362 in
2441 3307 2614 3362 Deum
2645 3322 2950 3377 suspensus
2977 3308 3178 3363 divinis
3212 3324 3379 3377 quam
3409 3323 3561 3363 secu-

1968 3398 2179 3454 laribus
2209 3399 2447 3469 negotiis
2468 3396 2759 3467 implicari
2798 3397 3104 3452 maluisset.
3151 3395 3454 3468 Superatus
3482 3405 3562 3452 ta-

1970 3506 2094 3545 men
2134 3489 2494 3544 unanimitate
2521 3489 2590 3521 m
2622 3488 3053 3559 postulantium,
3096 3488 3369 3557 privatum
3412 3504 3561 3544 com-

1967 3581 2191 3636 modum
2242 3580 2460 3652 publico
2510 3579 2841 3651 postposuit.
2896 3577 3037 3633 Tum
3064 3579 3138 3611 ⁷⁸²
3184 3579 3421 3649 primum
3465 3595 3558 3634 res

1966 3672 2183 3744 publica
2214 3671 2269 3725 in
2317 3672 2611 3743 pristinum
2658 3677 2861 3726 statum
2910 3670 3342 3741 dignitatemque
3388 3669 3558 3726 refor-

1967 3762 2108 3817 mari
2137 3762 2322 3832 coepit,
2354 3761 2616 3832 frenaque
2646 3761 2845 3831 injecta
2875 3769 3006 3816 sunt
3030 3761 3251 3832 vaganti
3282 3777 3458 3832 usque
3486 3761 3556 3815 ad

1967 3854 2021 3908 id
2069 3862 2282 3922 tempus
2328 3853 2560 3909 licentia:
2609 3851 2778 3923 (277).
2827 3850 2966 3906 Nam
3015 3867 3140 3907 cum
3190 3868 3286 3907 rex
3333 3867 3553 3908 omnem

1964 3963 2257 4004 causarum
2279 3946 2648 4015 cognitionem
2672 3959 2703 4001 a
2731 3959 2791 4000 se
2812 3944 2880 3999 ad
2910 3944 3386 4014 archiepiscopum
3418 3952 3555 3997 tam-

1964 4056 2130 4111 quam
2160 4039 2228 4094 ad
2253 4047 2462 4110 patrem
2493 4052 2557 4093 ac
2584 4036 2656 4069 ⁷⁸³
2686 4035 2881 4091 salutis
2912 4050 3026 4090 sua:
3050 4041 3289 4090 tutorem
3319 4034 3555 4105 rejiccre

1964 4134 2187 4197 soleret,
2219 4132 2309 4186 ille
2336 4146 2437 4187 nec
2466 4129 2638 4201 gratia
2669 4128 2998 4198 cujusquam
3028 4141 3129 4181 nec
3173 4125 3300 4181 odio
3336 4125 3403 4178 ab
3430 4124 3554 4193 jure

1964 4225 2033 4280 ad
2062 4223 2321 4293 injuriam
2350 4202 2613 4292 umquam
2641 4220 2839 4275 abduci
2868 4226 3116 4288 poterat,
3147 4218 3241 4272 scd
3265 4216 3554 4286 judicabat

1964 4315 2169 4381 omnia,
2201 4315 2345 4370 sicut
2387 4314 2651 4383 scriptum
2686 4312 2801 4376 est,
2846 4310 2964 4364 sine
3007 4323 3369 4378 personarum
3398 4322 3554 4367 acce_

1888 4389 1933 4448 ί)
1962 4407 2148 4477 ptione
2189 4404 2243 4476 (I
2273 4404 2422 4459 Petr.
2456 4420 2505 4470 ι,
2540 4402 2648 4473 l7),
2693 4416 2795 4457 nec
2842 4400 3201 4455 considerans
3256 4413 3550 4470 personam

1965 4497 2221 4568 pauperis
2251 4496 2305 4550 in
2329 4496 2536 4566 judicio
2561 4537 2575 4561 ,
2626 4508 2728 4548 nec
2755 4492 3037 4547 bonorans
3074 4492 3284 4545 vultum
3311 4490 3551 4561 potentis

1967 4589 2156 4662 (Levii.
2203 4604 2317 4655 xxx,
2350 4586 2459 4657 15).
2492 4586 2718 4652 Divitcs,
2750 4584 2796 4640 si
2838 4584 2933 4654 qui
2962 4599 3059 4654 per
3086 4582 3383 4653 potentiam
3413 4596 3551 4652 pau-

1963 4697 2123 4753 peres
2163 4680 2501 4750 oppressisse
2539 4677 2705 4733 delati
2745 4674 3005 4742 fuissent,
3056 4674 3406 4730 severissima
3434 4674 3550 4728 ani-

1963 4771 2346 4829 madversione
2366 4756 2687 4840 castigavit;
2719 4767 2941 4823 castella
2983 4780 3175 4821 eorum
3194 4806 3209 4831 ,
3241 4780 3364 4835 quae
3407 4765 3554 4821 male

1961 4865 2248 4935 agentibus
2283 4861 2594 4933 perfugium
2637 4866 2825 4925 erant,
2858 4855 3103 4912 funditus
3144 4855 3316 4921 everti
3349 4854 3553 4925 jussit;
3651 4862 3658 4869 '

1960 4956 2254 5027 plerosque
2281 4969 2348 5009 ex
2376 4953 2531 5024 ipsis,
2560 4960 2615 5008 et
2643 4965 2840 5024 genere
2867 4957 2922 5003 et
2949 4947 3151 5019 opibus
3171 4944 3518 5003 clarissimos
3539 4990 3561 5017 ,
3592 4954 3595 4957 '

301 5038 484 5094 mensis
532 5039 1007 5111 archiepiscopus,
1054 5044 1187 5113 qui,
1219 5043 1595 5112 ‘tiiumpbatis
1643 5046 1859 5100 acmulTs
1957 5047 2013 5101 in
2042 5046 2262 5104 vincula
2291 5042 2546 5114 coniecit.
2602 5043 2745 5098 inter
2781 5054 2923 5111 quos
2962 5039 3116 5094 illum
3157 5042 3348 5092 nostra
3390 5040 3575 5097 aetate

297 5124 417 5196 διιίε,
445 5131 543 5201 qui
570 5145 696 5185 eum
723 5140 848 5190 ante
875 5133 1084 5204 aliquot
1111 5151 1287 5192 annos
1329 5135 1397 5189 de
1445 5134 1647 5202 palatio
1676 5137 1855 5207 ejece—

1957 5137 2466 5195 nominatissimum
2512 5134 2734 5207 Egeneu
2757 5175 2771 5201 ,
2800 5131 2895 5203 qui
2922 5130 3048 5185 duci
3072 5126 3451 5199 Bajoariorum
3480 5127 3587 5172 ἐκ

1585 5247 1817 5303 VARUS
1860 5248 2260 5308 LECTIONES.
