  <div class='ocr_page' id='page_1' title='image "/cluster/home/n/w/nwhite01/storage/ocr_20150623/146/hvd.32044015471832/573.png"; bbox 0 0 4076 5310; ppageno 0'>
   <div class='ocr_carea' id='block_1_1' title="bbox 466 194 600 251">
    <p class='ocr_par' dir='ltr' id='par_1_1' title="bbox 466 194 600 251">
     <span class='ocr_line' id='line_1_1' title="bbox 466 194 600 251; baseline 0.03 -4"><span class='ocrx_word' id='word_1_1' title='bbox 466 194 600 251; x_wconf 80' lang='grc'><strong>1119</strong></span> 
     </span>
    </p>
   </div>
   <div class='ocr_carea' id='block_1_2' title="bbox 1628 207 2579 266">
    <p class='ocr_par' dir='ltr' id='par_1_2' title="bbox 1628 207 2579 266">
     <span class='ocr_line' id='line_1_2' title="bbox 1628 207 2579 266; baseline 0.002 -3"><span class='ocrx_word' id='word_1_2' title='bbox 1628 207 1979 265; x_wconf 67' lang='grc' dir='ltr'><strong>ιΑΜΒΕΒΤι</strong></span> <span class='ocrx_word' id='word_1_3' title='bbox 2012 208 2579 266; x_wconf 76' lang='lat' dir='ltr'><strong>HERSFELDENSIS</strong></span> 
     </span>
    </p>
   </div>
   <div class='ocr_carea' id='block_1_3' title="bbox 3612 174 3782 251">
    <p class='ocr_par' dir='ltr' id='par_1_3' title="bbox 3612 174 3782 251">
     <span class='ocr_line' id='line_1_3' title="bbox 3612 174 3782 251; baseline -0.012 0"><span class='ocrx_word' id='word_1_4' title='bbox 3612 174 3782 251; x_wconf 61' lang='lat' dir='ltr'><strong>tito</strong></span> 
     </span>
    </p>
   </div>
   <div class='ocr_carea' id='block_1_4' title="bbox 462 316 3787 421">
    <p class='ocr_par' dir='ltr' id='par_1_4' title="bbox 462 316 3787 421">
     <span class='ocr_line' id='line_1_4' title="bbox 462 316 3787 421; baseline 0 -50"><span class='ocrx_word' id='word_1_5' title='bbox 462 316 650 421; x_wconf 50' lang='grc' dir='ltr'><strong>(ξηραί</strong></span> <span class='ocrx_word' id='word_1_6' title='bbox 679 319 1017 421; x_wconf 70' lang='lat' dir='ltr'><strong>calamitatis</strong></span> <span class='ocrx_word' id='word_1_7' title='bbox 1059 331 1222 378; x_wconf 69' lang='lat' dir='ltr'><strong>tanta:</strong></span> <span class='ocrx_word' id='word_1_8' title='bbox 1249 338 1417 421; x_wconf 75' lang='lat' dir='ltr'><strong>causa</strong></span> <span class='ocrx_word' id='word_1_9' title='bbox 1457 325 1756 421; x_wconf 74' lang='lat' dir='ltr'><strong>extiterat,</strong></span> <span class='ocrx_word' id='word_1_10' title='bbox 1786 342 1913 383; x_wconf 86' lang='lat' dir='ltr'><strong>cum</strong></span> <span class='ocrx_word' id='word_1_11' title='bbox 1942 328 2058 397; x_wconf 89' lang='lat' dir='ltr'><strong>plu-</strong></span> <span class='ocrx_word' id='word_1_12' title='bbox 2083 330 2132 388; x_wconf 74' lang='grc' dir='ltr'>Α</span> <span class='ocrx_word' id='word_1_13' title='bbox 2158 343 2338 399; x_wconf 81' lang='lat' dir='ltr'><strong>gnem.</strong></span> <span class='ocrx_word' id='word_1_14' title='bbox 2373 326 2452 383; x_wconf 88' lang='lat' dir='ltr'><strong>Ibi</strong></span> <span class='ocrx_word' id='word_1_15' title='bbox 2480 341 2701 399; x_wconf 82' lang='lat' dir='ltr'><strong>quoque</strong></span> <span class='ocrx_word' id='word_1_16' title='bbox 2729 324 2856 380; x_wconf 87' lang='lat' dir='ltr'><strong>Otto</strong></span> <span class='ocrx_word' id='word_1_17' title='bbox 2876 323 2988 379; x_wconf 86' lang='lat' dir='ltr'><strong>dux</strong></span> <span class='ocrx_word' id='word_1_18' title='bbox 3026 320 3407 393; x_wconf 83' lang='lat' dir='ltr'><strong>Bajoariorum</strong></span> <span class='ocrx_word' id='word_1_19' title='bbox 3447 327 3578 390; x_wconf 91' lang='lat' dir='ltr'><strong>post</strong></span> <span class='ocrx_word' id='word_1_20' title='bbox 3614 318 3787 372; x_wconf 80' lang='lat' dir='ltr'><strong>inte-</strong></span> 
     </span>
    </p>
   </div>
   <div class='ocr_carea' id='block_1_5' title="bbox 466 409 3781 496">
    <p class='ocr_par' dir='ltr' id='par_1_5' title="bbox 466 409 3781 496">
     <span class='ocr_line' id='line_1_5' title="bbox 466 409 3781 496; baseline 0 -35"><span class='ocrx_word' id='word_1_21' title='bbox 466 409 605 463; x_wconf 73' lang='lat' dir='ltr'><strong>rimi</strong></span> <span class='ocrx_word' id='word_1_22' title='bbox 626 409 890 467; x_wconf 86' lang='lat' dir='ltr'><strong>adversus</strong></span> <span class='ocrx_word' id='word_1_23' title='bbox 918 428 1042 468; x_wconf 87' lang='lat' dir='ltr'><strong>eum</strong></span> <span class='ocrx_word' id='word_1_24' title='bbox 1073 429 1173 485; x_wconf 88' lang='lat' dir='ltr'><strong>pro</strong></span> <span class='ocrx_word' id='word_1_25' title='bbox 1200 413 1429 485; x_wconf 79' lang='lat' dir='ltr'><strong>privatis</strong></span> <span class='ocrx_word' id='word_1_26' title='bbox 1454 415 1671 486; x_wconf 85' lang='lat' dir='ltr'><strong>injuriis</strong></span> <span class='ocrx_word' id='word_1_27' title='bbox 1698 426 1752 474; x_wconf 90' lang='lat' dir='ltr'><strong>et</strong></span> <span class='ocrx_word' id='word_1_28' title='bbox 1777 418 2056 489; x_wconf 75' lang='lat' dir='ltr'><strong>deprzeda-</strong></span> <span class='ocrx_word' id='word_1_29' title='bbox 2156 438 2315 496; x_wconf 83' lang='lat' dir='ltr'><strong>grum</strong></span> <span class='ocrx_word' id='word_1_30' title='bbox 2344 435 2549 477; x_wconf 91' lang='lat' dir='ltr'><strong>annum</strong></span> <span class='ocrx_word' id='word_1_31' title='bbox 2578 417 2880 474; x_wconf 89' lang='lat' dir='ltr'><strong>dedicionis</strong></span> <span class='ocrx_word' id='word_1_32' title='bbox 2910 430 3024 473; x_wconf 73' lang='lat' dir='ltr'><strong>sua:</strong></span> <span class='ocrx_word' id='word_1_33' title='bbox 3059 413 3292 486; x_wconf 83' lang='lat' dir='ltr'><strong>gratiam</strong></span> <span class='ocrx_word' id='word_1_34' title='bbox 3324 412 3468 484; x_wconf 85' lang='lat' dir='ltr'><strong>regis</strong></span> <span class='ocrx_word' id='word_1_35' title='bbox 3507 409 3741 480; x_wconf 78' lang='lat' dir='ltr'><strong>recepit</strong></span> <span class='ocrx_word' id='word_1_36' title='bbox 3762 452 3781 475; x_wconf 86' lang='lat'><strong>,</strong></span> 
     </span>
    </p>
   </div>
   <div class='ocr_carea' id='block_1_6' title="bbox 468 499 2054 579">
    <p class='ocr_par' dir='ltr' id='par_1_6' title="bbox 468 499 2054 579">
     <span class='ocr_line' id='line_1_6' title="bbox 468 499 2054 579; baseline 0.009 -27"><span class='ocrx_word' id='word_1_37' title='bbox 468 499 711 557; x_wconf 77' lang='lat' dir='ltr'><strong>tionibus</strong></span> <span class='ocrx_word' id='word_1_38' title='bbox 752 501 943 558; x_wconf 82' lang='lat' dir='ltr'><strong>faciem</strong></span> <span class='ocrx_word' id='word_1_39' title='bbox 993 505 1137 577; x_wconf 85' lang='lat' dir='ltr'><strong>regis</strong></span> <span class='ocrx_word' id='word_1_40' title='bbox 1184 506 1644 577; x_wconf 88' lang='lat' dir='ltr'><strong>interpellassent,</strong></span> <span class='ocrx_word' id='word_1_41' title='bbox 1690 512 1865 566; x_wconf 90' lang='lat' dir='ltr'><strong>teneri</strong></span> <span class='ocrx_word' id='word_1_42' title='bbox 1906 510 2054 579; x_wconf 79' lang='lat' dir='ltr'><strong>fecit,</strong></span> 
     </span>
    </p>
   </div>
   <div class='ocr_carea' id='block_1_7' title="bbox 469 596 2059 673">
    <p class='ocr_par' dir='ltr' id='par_1_7' title="bbox 469 596 2059 673">
     <span class='ocr_line' id='line_1_7' title="bbox 469 596 2059 673; baseline 0.009 -28"><span class='ocrx_word' id='word_1_43' title='bbox 469 605 707 662; x_wconf 87' lang='lat' dir='ltr'><strong>eumque</strong></span> <span class='ocrx_word' id='word_1_44' title='bbox 734 596 940 652; x_wconf 82' lang='lat' dir='ltr'><strong>catenis</strong></span> <span class='ocrx_word' id='word_1_45' title='bbox 955 607 1241 654; x_wconf 89' lang='lat' dir='ltr'><strong>oneratum</strong></span> <span class='ocrx_word' id='word_1_46' title='bbox 1261 601 1582 671; x_wconf 89' lang='lat' dir='ltr'><strong>plerumque</strong></span> <span class='ocrx_word' id='word_1_47' title='bbox 1598 602 1667 657; x_wconf 90' lang='lat' dir='ltr'><strong>ad</strong></span> <span class='ocrx_word' id='word_1_48' title='bbox 1684 605 2059 673; x_wconf 83' lang='lat' dir='ltr'><strong>spectaculum</strong></span> 
     </span>
    </p>
   </div>
   <div class='ocr_carea' id='block_1_8' title="bbox 470 683 2063 768">
    <p class='ocr_par' dir='ltr' id='par_1_8' title="bbox 470 683 2063 768">
     <span class='ocr_line' id='line_1_8' title="bbox 470 683 2063 768; baseline 0.013 -34"><span class='ocrx_word' id='word_1_49' title='bbox 470 683 616 754; x_wconf 75' lang='lat' dir='ltr'><strong>vulgi</strong></span> <span class='ocrx_word' id='word_1_50' title='bbox 644 685 837 743; x_wconf 90' lang='lat' dir='ltr'><strong>deduci</strong></span> <span class='ocrx_word' id='word_1_51' title='bbox 862 689 1062 758; x_wconf 81' lang='lat' dir='ltr'><strong>jussit,</strong></span> <span class='ocrx_word' id='word_1_52' title='bbox 1093 692 1158 746; x_wconf 90' lang='lat' dir='ltr'><strong>ad</strong></span> <span class='ocrx_word' id='word_1_53' title='bbox 1191 693 1606 764; x_wconf 81' lang='lat' dir='ltr'><strong>gratiﬁcandam</strong></span> <span class='ocrx_word' id='word_1_54' title='bbox 1645 696 1854 752; x_wconf 91' lang='lat' dir='ltr'><strong>scilicet</strong></span> <span class='ocrx_word' id='word_1_55' title='bbox 1891 713 2063 768; x_wconf 88' lang='lat' dir='ltr'><strong>popu-</strong></span> 
     </span>
    </p>
   </div>
   <div class='ocr_carea' id='block_1_9' title="bbox 471 773 2061 854">
    <p class='ocr_par' dir='ltr' id='par_1_9' title="bbox 471 773 2061 854">
     <span class='ocr_line' id='line_1_9' title="bbox 471 773 2061 854; baseline 0.009 -27"><span class='ocrx_word' id='word_1_56' title='bbox 471 773 669 831; x_wconf 90' lang='lat' dir='ltr'><strong>larium</strong></span> <span class='ocrx_word' id='word_1_57' title='bbox 715 778 916 837; x_wconf 91' lang='lat' dir='ltr'><strong>animis</strong></span> <span class='ocrx_word' id='word_1_58' title='bbox 973 783 1179 854; x_wconf 78' lang='lat' dir='ltr'><strong>regiam</strong></span> <span class='ocrx_word' id='word_1_59' title='bbox 1229 785 1600 840; x_wconf 90' lang='lat' dir='ltr'><strong>severitatem.</strong></span> <span class='ocrx_word' id='word_1_60' title='bbox 1652 785 1943 844; x_wconf 89' lang='lat' dir='ltr'><strong>Postremo</strong></span> <span class='ocrx_word' id='word_1_61' title='bbox 1994 802 2061 843; x_wconf 91' lang='lat' dir='ltr'><strong>eo</strong></span> 
     </span>
    </p>
   </div>
   <div class='ocr_carea' id='block_1_10' title="bbox 472 868 2062 949">
    <p class='ocr_par' dir='ltr' id='par_1_10' title="bbox 472 868 2062 949">
     <span class='ocr_line' id='line_1_10' title="bbox 472 868 2062 949; baseline 0.012 -31"><span class='ocrx_word' id='word_1_62' title='bbox 472 868 884 940; x_wconf 84' lang='lat' dir='ltr'><strong>moderamine,</strong></span> <span class='ocrx_word' id='word_1_63' title='bbox 933 890 997 930; x_wconf 91' lang='lat' dir='ltr'><strong>ea</strong></span> <span class='ocrx_word' id='word_1_64' title='bbox 1047 876 1314 933; x_wconf 84' lang='lat' dir='ltr'><strong>industria</strong></span> <span class='ocrx_word' id='word_1_65' title='bbox 1364 886 1529 949; x_wconf 89' lang='lat' dir='ltr'><strong>atque</strong></span> <span class='ocrx_word' id='word_1_66' title='bbox 1574 881 1900 936; x_wconf 89' lang='lat' dir='ltr'><strong>auctoritate</strong></span> <span class='ocrx_word' id='word_1_67' title='bbox 1945 896 2062 937; x_wconf 88' lang='lat' dir='ltr'><strong>rem</strong></span> 
     </span>
    </p>
   </div>
   <div class='ocr_carea' id='block_1_11' title="bbox 470 961 2063 1041">
    <p class='ocr_par' dir='ltr' id='par_1_11' title="bbox 470 961 2063 1041">
     <span class='ocr_line' id='line_1_11' title="bbox 470 961 2063 1041; baseline 0.01 -30"><span class='ocrx_word' id='word_1_68' title='bbox 470 961 763 1030; x_wconf 83' lang='lat' dir='ltr'><strong>tractabat,</strong></span> <span class='ocrx_word' id='word_1_69' title='bbox 793 972 856 1020; x_wconf 93' lang='lat' dir='ltr'><strong>ut</strong></span> <span class='ocrx_word' id='word_1_70' title='bbox 880 965 1127 1037; x_wconf 80' lang='lat' dir='ltr'><strong>profecto</strong></span> <span class='ocrx_word' id='word_1_71' title='bbox 1154 969 1481 1040; x_wconf 79' lang='lat' dir='ltr'><strong>ambigeres,</strong></span> <span class='ocrx_word' id='word_1_72' title='bbox 1512 971 1811 1041; x_wconf 88' lang='lat' dir='ltr'><strong>pontiﬁcali</strong></span> <span class='ocrx_word' id='word_1_73' title='bbox 1836 988 1962 1029; x_wconf 89' lang='lat' dir='ltr'><strong>eum</strong></span> <span class='ocrx_word' id='word_1_74' title='bbox 1992 988 2063 1027; x_wconf 89' lang='lat' dir='ltr'><strong>an</strong></span> 
     </span>
    </p>
   </div>
   <div class='ocr_carea' id='block_1_12' title="bbox 473 1052 2065 1156">
    <p class='ocr_par' dir='ltr' id='par_1_12' title="bbox 473 1052 2065 1156">
     <span class='ocr_line' id='line_1_12' title="bbox 473 1052 2065 1156; baseline 0.01 -50"><span class='ocrx_word' id='word_1_75' title='bbox 473 1052 626 1156; x_wconf 76' lang='lat' dir='ltr'><strong>regio</strong></span> <span class='ocrx_word' id='word_1_76' title='bbox 664 1057 887 1156; x_wconf 79' lang='lat' dir='ltr'><strong>nomine</strong></span> <span class='ocrx_word' id='word_1_77' title='bbox 923 1059 1228 1130; x_wconf 82' lang='lat' dir='ltr'><strong>digniorem</strong></span> <span class='ocrx_word' id='word_1_78' title='bbox 1267 1061 1570 1132; x_wconf 84' lang='lat' dir='ltr'><strong>judicares,</strong></span> <span class='ocrx_word' id='word_1_79' title='bbox 1621 1072 1789 1136; x_wconf 87' lang='lat' dir='ltr'><strong>atque</strong></span> <span class='ocrx_word' id='word_1_80' title='bbox 1841 1065 1895 1120; x_wconf 91' lang='lat' dir='ltr'><strong>in</strong></span> <span class='ocrx_word' id='word_1_81' title='bbox 1936 1081 2065 1137; x_wconf 80' lang='lat' dir='ltr'><strong>rege</strong></span> 
     </span>
    </p>
   </div>
   <div class='ocr_carea' id='block_1_13' title="bbox 475 1148 2063 1229">
    <p class='ocr_par' dir='ltr' id='par_1_13' title="bbox 475 1148 2063 1229">
     <span class='ocr_line' id='line_1_13' title="bbox 475 1148 2063 1229; baseline 0.009 -31"><span class='ocrx_word' id='word_1_82' title='bbox 475 1148 616 1213; x_wconf 90' lang='lat' dir='ltr'><strong>ipso,</strong></span> <span class='ocrx_word' id='word_1_83' title='bbox 646 1148 743 1218; x_wconf 86' lang='lat' dir='ltr'><strong>qui</strong></span> <span class='ocrx_word' id='word_1_84' title='bbox 772 1150 829 1205; x_wconf 91' lang='lat' dir='ltr'><strong>in</strong></span> <span class='ocrx_word' id='word_1_85' title='bbox 858 1152 1007 1207; x_wconf 92' lang='lat' dir='ltr'><strong>cultu</strong></span> <span class='ocrx_word' id='word_1_86' title='bbox 1030 1162 1197 1224; x_wconf 88' lang='lat' dir='ltr'><strong>atque</strong></span> <span class='ocrx_word' id='word_1_87' title='bbox 1211 1156 1462 1210; x_wconf 90' lang='lat' dir='ltr'><strong>socordia</strong></span> <span class='ocrx_word' id='word_1_88' title='bbox 1477 1171 1616 1226; x_wconf 91' lang='lat' dir='ltr'><strong>pene</strong></span> <span class='ocrx_word' id='word_1_89' title='bbox 1636 1174 1876 1229; x_wconf 63' lang='lat' dir='ltr'><strong>praeceps</strong></span> <span class='ocrx_word' id='word_1_90' title='bbox 1906 1159 2063 1226; x_wconf 87' lang='lat' dir='ltr'><strong>ierat,</strong></span> 
     </span>
    </p>
   </div>
   <div class='ocr_carea' id='block_1_14' title="bbox 475 1245 2067 1319">
    <p class='ocr_par' dir='ltr' id='par_1_14' title="bbox 475 1245 2067 1319">
     <span class='ocr_line' id='line_1_14' title="bbox 475 1245 2067 1319; baseline 0.009 -28"><span class='ocrx_word' id='word_1_91' title='bbox 475 1245 761 1307; x_wconf 83' lang='lat' dir='ltr'><strong>paternam</strong></span> <span class='ocrx_word' id='word_1_92' title='bbox 814 1246 1076 1302; x_wconf 75' lang='lat' dir='ltr'><strong>virtutem</strong></span> <span class='ocrx_word' id='word_1_93' title='bbox 1134 1256 1190 1302; x_wconf 90' lang='lat' dir='ltr'><strong>et</strong></span> <span class='ocrx_word' id='word_1_94' title='bbox 1231 1248 1305 1280; x_wconf 82' lang='grc'><strong>⁷⁸⁸</strong></span> <span class='ocrx_word' id='word_1_95' title='bbox 1351 1257 1613 1319; x_wconf 90' lang='lat' dir='ltr'><strong>paternos</strong></span> <span class='ocrx_word' id='word_1_96' title='bbox 1674 1265 1859 1307; x_wconf 87' lang='lat' dir='ltr'><strong>mores</strong></span> <span class='ocrx_word' id='word_1_97' title='bbox 1914 1251 2067 1307; x_wconf 82' lang='lat' dir='ltr'><strong>brevi</strong></span> 
     </span>
    </p>
   </div>
   <div class='ocr_carea' id='block_1_15' title="bbox 475 1334 860 1392">
    <p class='ocr_par' dir='ltr' id='par_1_15' title="bbox 475 1334 860 1392">
     <span class='ocr_line' id='line_1_15' title="bbox 475 1334 860 1392; baseline 0.018 -7"><span class='ocrx_word' id='word_1_98' title='bbox 475 1334 860 1392; x_wconf 85' lang='lat' dir='ltr'><strong>exsuscitaret.</strong></span> 
     </span>
    </p>
   </div>
   <div class='ocr_carea' id='block_1_16' title="bbox 538 1422 2067 1508">
    <p class='ocr_par' dir='ltr' id='par_1_16' title="bbox 538 1422 2067 1508">
     <span class='ocr_line' id='line_1_16' title="bbox 538 1422 2067 1508; baseline 0.01 -30"><span class='ocrx_word' id='word_1_99' title='bbox 538 1422 660 1480; x_wconf 79' lang='lat' dir='ltr'><strong>‘Rex</strong></span> <span class='ocrx_word' id='word_1_100' title='bbox 680 1427 1010 1501; x_wconf 85' lang='lat' dir='ltr'><strong>Aquisgrani</strong></span> <span class='ocrx_word' id='word_1_101' title='bbox 1026 1433 1096 1465; x_wconf 77' lang='grc'><strong>⁷⁸⁸</strong></span> <span class='ocrx_word' id='word_1_102' title='bbox 1114 1433 1411 1503; x_wconf 84' lang='lat' dir='ltr'><strong>profectus,</strong></span> <span class='ocrx_word' id='word_1_103' title='bbox 1433 1445 1683 1491; x_wconf 89' lang='lat' dir='ltr'><strong>sanetum</strong></span> <span class='ocrx_word' id='word_1_104' title='bbox 1700 1435 1902 1507; x_wconf 87' lang='lat' dir='ltr'><strong>Spcum</strong></span> <span class='ocrx_word' id='word_1_105' title='bbox 1918 1435 2067 1508; x_wconf 71' lang='lat'><strong>(278)</strong></span> 
     </span>
    </p>
   </div>
   <div class='ocr_carea' id='block_1_17' title="bbox 477 1516 2072 1598">
    <p class='ocr_par' dir='ltr' id='par_1_17' title="bbox 477 1516 2072 1598">
     <span class='ocr_line' id='line_1_17' title="bbox 477 1516 2072 1598; baseline 0.009 -28"><span class='ocrx_word' id='word_1_106' title='bbox 477 1516 854 1576; x_wconf 79' lang='lat' dir='ltr'><strong>confessorem</strong></span> <span class='ocrx_word' id='word_1_107' title='bbox 916 1532 971 1579; x_wconf 90' lang='lat' dir='ltr'><strong>et</strong></span> <span class='ocrx_word' id='word_1_108' title='bbox 1013 1522 1303 1581; x_wconf 91' lang='lat' dir='ltr'><strong>brachium</strong></span> <span class='ocrx_word' id='word_1_109' title='bbox 1347 1528 1482 1598; x_wconf 88' lang='lat' dir='ltr'><strong>justi</strong></span> <span class='ocrx_word' id='word_1_110' title='bbox 1546 1527 1859 1594; x_wconf 89' lang='lat' dir='ltr'><strong>Simeonis,</strong></span> <span class='ocrx_word' id='word_1_111' title='bbox 1911 1528 2072 1598; x_wconf 85' lang='lat' dir='ltr'><strong>cujus</strong></span> 
     </span>
    </p>
   </div>
   <div class='ocr_carea' id='block_1_18' title="bbox 480 1610 2068 1690">
    <p class='ocr_par' dir='ltr' id='par_1_18' title="bbox 480 1610 2068 1690">
     <span class='ocr_line' id='line_1_18' title="bbox 480 1610 2068 1690; baseline 0.008 -28"><span class='ocrx_word' id='word_1_112' title='bbox 480 1610 686 1665; x_wconf 85' lang='lat' dir='ltr'><strong>mentio</strong></span> <span class='ocrx_word' id='word_1_113' title='bbox 715 1622 800 1668; x_wconf 90' lang='lat' dir='ltr'><strong>est</strong></span> <span class='ocrx_word' id='word_1_114' title='bbox 824 1614 877 1668; x_wconf 90' lang='lat' dir='ltr'><strong>in</strong></span> <span class='ocrx_word' id='word_1_115' title='bbox 908 1617 1210 1690; x_wconf 83' lang='lat' dir='ltr'><strong>evangelio,</strong></span> <span class='ocrx_word' id='word_1_116' title='bbox 1242 1627 1295 1674; x_wconf 91' lang='lat' dir='ltr'><strong>et</strong></span> <span class='ocrx_word' id='word_1_117' title='bbox 1322 1629 1487 1689; x_wconf 89' lang='lat' dir='ltr'><strong>caput</strong></span> <span class='ocrx_word' id='word_1_118' title='bbox 1510 1619 1786 1676; x_wconf 84' lang='lat' dir='ltr'><strong>Anastasii</strong></span> <span class='ocrx_word' id='word_1_119' title='bbox 1815 1619 2068 1675; x_wconf 85' lang='lat' dir='ltr'><strong>monachi</strong></span> 
     </span>
    </p>
   </div>
   <div class='ocr_carea' id='block_1_19' title="bbox 481 1702 2073 1783">
    <p class='ocr_par' dir='ltr' id='par_1_19' title="bbox 481 1702 2073 1783">
     <span class='ocr_line' id='line_1_19' title="bbox 481 1702 2073 1783; baseline 0.008 -29"><span class='ocrx_word' id='word_1_120' title='bbox 481 1712 537 1755; x_wconf 91' lang='lat' dir='ltr'><strong>et</strong></span> <span class='ocrx_word' id='word_1_121' title='bbox 562 1702 805 1761; x_wconf 88' lang='lat' dir='ltr'><strong>martiris</strong></span> <span class='ocrx_word' id='word_1_122' title='bbox 821 1706 1165 1780; x_wconf 90' lang='lat' dir='ltr'><strong>aliorumque</strong></span> <span class='ocrx_word' id='word_1_123' title='bbox 1192 1720 1508 1767; x_wconf 90' lang='lat' dir='ltr'><strong>sanctorum</strong></span> <span class='ocrx_word' id='word_1_124' title='bbox 1537 1712 1797 1783; x_wconf 88' lang='lat' dir='ltr'><strong>reliquias</strong></span> <span class='ocrx_word' id='word_1_125' title='bbox 1820 1712 1894 1768; x_wconf 90' lang='lat' dir='ltr'><strong>ibi</strong></span> <span class='ocrx_word' id='word_1_126' title='bbox 1921 1725 2073 1768; x_wconf 84' lang='lat' dir='ltr'><strong>acce-</strong></span> 
     </span>
    </p>
   </div>
   <div class='ocr_carea' id='block_1_20' title="bbox 480 1792 2071 1876">
    <p class='ocr_par' dir='ltr' id='par_1_20' title="bbox 480 1792 2071 1876">
     <span class='ocr_line' id='line_1_20' title="bbox 480 1792 2071 1876; baseline 0.008 -29"><span class='ocrx_word' id='word_1_127' title='bbox 480 1792 562 1863; x_wconf 88' lang='lat' dir='ltr'><strong>pit</strong></span> <span class='ocrx_word' id='word_1_128' title='bbox 582 1798 811 1866; x_wconf 89' lang='lat' dir='ltr'><strong>atquein</strong></span> <span class='ocrx_word' id='word_1_129' title='bbox 831 1796 1238 1859; x_wconf 74' lang='lat' dir='ltr'><strong>Hasterburc’&quot;</strong></span> <span class='ocrx_word' id='word_1_130' title='bbox 1259 1805 1563 1860; x_wconf 89' lang='lat' dir='ltr'><strong>transtulit.</strong></span> <span class='ocrx_word' id='word_1_131' title='bbox 1587 1804 1839 1861; x_wconf 85' lang='lat' dir='ltr'><strong>Treveris</strong></span> <span class='ocrx_word' id='word_1_132' title='bbox 1851 1819 2071 1876; x_wconf 87' lang='lat' dir='ltr'><strong>quoque</strong></span> 
     </span>
    </p>
   </div>
   <div class='ocr_carea' id='block_1_21' title="bbox 484 1885 2070 1966">
    <p class='ocr_par' dir='ltr' id='par_1_21' title="bbox 484 1885 2070 1966">
     <span class='ocr_line' id='line_1_21' title="bbox 484 1885 2070 1966; baseline 0.008 -27"><span class='ocrx_word' id='word_1_133' title='bbox 484 1887 629 1955; x_wconf 89' lang='lat' dir='ltr'><strong>apud</strong></span> <span class='ocrx_word' id='word_1_134' title='bbox 679 1885 940 1946; x_wconf 89' lang='lat' dir='ltr'><strong>Sanctum</strong></span> <span class='ocrx_word' id='word_1_135' title='bbox 987 1892 1278 1950; x_wconf 91' lang='lat' dir='ltr'><strong>Paulinum</strong></span> <span class='ocrx_word' id='word_1_136' title='bbox 1341 1896 1410 1950; x_wconf 82' lang='grc'><strong>15</strong></span> <span class='ocrx_word' id='word_1_137' title='bbox 1465 1912 1697 1966; x_wconf 88' lang='lat' dir='ltr'><strong>corpora</strong></span> <span class='ocrx_word' id='word_1_138' title='bbox 1750 1906 2070 1953; x_wconf 89' lang='lat' dir='ltr'><strong>sanctorum</strong></span> 
     </span>
    </p>
   </div>
   <div class='ocr_carea' id='block_1_22' title="bbox 486 1975 2075 2060">
    <p class='ocr_par' dir='ltr' id='par_1_22' title="bbox 486 1975 2075 2060">
     <span class='ocr_line' id='line_1_22' title="bbox 486 1975 2075 2060; baseline 0.009 -30"><span class='ocrx_word' id='word_1_139' title='bbox 486 1975 738 2047; x_wconf 57' lang='lat' dir='ltr'><strong>Thebae,</strong></span> <span class='ocrx_word' id='word_1_140' title='bbox 769 1992 830 2038; x_wconf 93' lang='lat' dir='ltr'><strong>ut</strong></span> <span class='ocrx_word' id='word_1_141' title='bbox 854 1994 1081 2054; x_wconf 78' lang='lat' dir='ltr'><strong>putatur</strong></span> <span class='ocrx_word' id='word_1_142' title='bbox 1109 1986 1200 2055; x_wconf 75' lang='grc'><strong>⁷⁸⁵,</strong></span> <span class='ocrx_word' id='word_1_143' title='bbox 1223 1988 1454 2060; x_wconf 84' lang='lat' dir='ltr'><strong>legionis</strong></span> <span class='ocrx_word' id='word_1_144' title='bbox 1489 1998 1703 2059; x_wconf 89' lang='lat' dir='ltr'><strong>reperta</strong></span> <span class='ocrx_word' id='word_1_145' title='bbox 1748 1998 1898 2054; x_wconf 87' lang='lat' dir='ltr'><strong>sunt,</strong></span> <span class='ocrx_word' id='word_1_146' title='bbox 1941 2004 2075 2060; x_wconf 88' lang='lat' dir='ltr'><strong>quo-</strong></span> 
     </span>
    </p>
   </div>
   <div class='ocr_carea' id='block_1_23' title="bbox 486 2072 2076 2152">
    <p class='ocr_par' dir='ltr' id='par_1_23' title="bbox 486 2072 2076 2152">
     <span class='ocr_line' id='line_1_23' title="bbox 486 2072 2076 2152; baseline 0.006 -27"><span class='ocrx_word' id='word_1_147' title='bbox 486 2086 610 2126; x_wconf 87' lang='lat' dir='ltr'><strong>rum</strong></span> <span class='ocrx_word' id='word_1_148' title='bbox 640 2072 711 2105; x_wconf 72' lang='lat' dir='ltr'><strong><em>m</em></strong></span> <span class='ocrx_word' id='word_1_149' title='bbox 740 2074 856 2131; x_wconf 65' lang='lat' dir='ltr'><strong>haec</strong></span> <span class='ocrx_word' id='word_1_150' title='bbox 884 2078 1128 2148; x_wconf 89' lang='lat' dir='ltr'><strong>nomina,</strong></span> <span class='ocrx_word' id='word_1_151' title='bbox 1160 2080 1213 2134; x_wconf 91' lang='lat' dir='ltr'><strong>in</strong></span> <span class='ocrx_word' id='word_1_152' title='bbox 1244 2081 1447 2136; x_wconf 90' lang='lat' dir='ltr'><strong>tabulis</strong></span> <span class='ocrx_word' id='word_1_153' title='bbox 1476 2082 1747 2152; x_wconf 85' lang='lat' dir='ltr'><strong>plumbeis</strong></span> <span class='ocrx_word' id='word_1_154' title='bbox 1770 2081 1918 2152; x_wconf 72' lang='lat'>(279)</span> <span class='ocrx_word' id='word_1_155' title='bbox 1948 2097 2076 2136; x_wconf 86' lang='lat' dir='ltr'><strong>con-</strong></span> 
     </span>
    </p>
   </div>
   <div class='ocr_carea' id='block_1_24' title="bbox 487 2164 2072 2241">
    <p class='ocr_par' dir='ltr' id='par_1_24' title="bbox 487 2164 2072 2241">
     <span class='ocr_line' id='line_1_24' title="bbox 487 2164 2072 2241; baseline 0.006 -22"><span class='ocrx_word' id='word_1_156' title='bbox 487 2164 711 2234; x_wconf 88' lang='lat' dir='ltr'><strong>scripta,</strong></span> <span class='ocrx_word' id='word_1_157' title='bbox 742 2166 942 2225; x_wconf 88' lang='lat' dir='ltr'><strong>ibidem</strong></span> <span class='ocrx_word' id='word_1_158' title='bbox 973 2180 1190 2241; x_wconf 88' lang='lat' dir='ltr'><strong>reperta</strong></span> <span class='ocrx_word' id='word_1_159' title='bbox 1218 2170 1349 2228; x_wconf 75' lang='lat' dir='ltr'><strong>Sunt</strong></span> <span class='ocrx_word' id='word_1_160' title='bbox 1375 2191 1387 2227; x_wconf 90' lang='lat'><strong>:</strong></span> <span class='ocrx_word' id='word_1_161' title='bbox 1417 2171 1740 2240; x_wconf 88' lang='lat' dir='ltr'><strong>Palmatius,</strong></span> <span class='ocrx_word' id='word_1_162' title='bbox 1771 2172 2072 2241; x_wconf 77' lang='lat' dir='ltr'><strong>Tirsus&#39;“,</strong></span> 
     </span>
    </p>
   </div>
   <div class='ocr_carea' id='block_1_25' title="bbox 486 2253 2073 2333">
    <p class='ocr_par' dir='ltr' id='par_1_25' title="bbox 486 2253 2073 2333">
     <span class='ocr_line' id='line_1_25' title="bbox 486 2253 2073 2333; baseline 0.007 -23"><span class='ocrx_word' id='word_1_163' title='bbox 486 2253 826 2332; x_wconf 63' lang='lat' dir='ltr'><strong>Maxentius,</strong></span> <span class='ocrx_word' id='word_1_164' title='bbox 890 2260 1290 2331; x_wconf 90' lang='lat' dir='ltr'><strong>Constantius,</strong></span> <span class='ocrx_word' id='word_1_165' title='bbox 1347 2263 1734 2333; x_wconf 88' lang='lat' dir='ltr'><strong>Crescentius,</strong></span> <span class='ocrx_word' id='word_1_166' title='bbox 1789 2264 2073 2333; x_wconf 83' lang='lat' dir='ltr'><strong>Justinus,</strong></span> 
     </span>
    </p>
   </div>
   <div class='ocr_carea' id='block_1_26' title="bbox 488 2345 2079 2438">
    <p class='ocr_par' dir='ltr' id='par_1_26' title="bbox 488 2345 2079 2438">
     <span class='ocr_line' id='line_1_26' title="bbox 488 2345 2079 2438; baseline 0.01 -36"><span class='ocrx_word' id='word_1_167' title='bbox 488 2345 758 2438; x_wconf 52' lang='lat' dir='ltr'><strong>Leander,</strong></span> <span class='ocrx_word' id='word_1_168' title='bbox 788 2350 1125 2423; x_wconf 78' lang='lat' dir='ltr'><strong>Alexander,</strong></span> <span class='ocrx_word' id='word_1_169' title='bbox 1161 2354 1320 2412; x_wconf 91' lang='lat' dir='ltr'><strong>Soter</strong></span> <span class='ocrx_word' id='word_1_170' title='bbox 1346 2357 1416 2389; x_wconf 72' lang='grc'><strong>⁷³⁸</strong></span> <span class='ocrx_word' id='word_1_171' title='bbox 1434 2400 1449 2424; x_wconf 93' lang='grc'><em>,</em></span> <span class='ocrx_word' id='word_1_172' title='bbox 1480 2356 1759 2413; x_wconf 85' lang='lat' dir='ltr'><strong>Hormista</strong></span> <span class='ocrx_word' id='word_1_173' title='bbox 1788 2357 1859 2389; x_wconf 76' lang='grc'><strong>⁷⁸⁸</strong></span> <span class='ocrx_word' id='word_1_174' title='bbox 1879 2399 1894 2423; x_wconf 91' lang='grc'><em>,</em></span> <span class='ocrx_word' id='word_1_175' title='bbox 1923 2355 2079 2427; x_wconf 82' lang='lat' dir='ltr'><strong>Papi-</strong></span> 
     </span>
    </p>
   </div>
   <div class='ocr_carea' id='block_1_27' title="bbox 488 2440 2076 2520">
    <p class='ocr_par' dir='ltr' id='par_1_27' title="bbox 488 2440 2076 2520">
     <span class='ocr_line' id='line_1_27' title="bbox 488 2440 2076 2520; baseline 0.006 -26"><span class='ocrx_word' id='word_1_176' title='bbox 488 2440 627 2506; x_wconf 87' lang='lat' dir='ltr'><strong>rius,</strong></span> <span class='ocrx_word' id='word_1_177' title='bbox 670 2440 967 2513; x_wconf 88' lang='lat' dir='ltr'><strong>Constans,</strong></span> <span class='ocrx_word' id='word_1_178' title='bbox 1009 2445 1294 2504; x_wconf 75' lang='lat' dir='ltr'><strong>Iovianus.</strong></span> <span class='ocrx_word' id='word_1_179' title='bbox 1341 2448 1594 2520; x_wconf 88' lang='lat' dir='ltr'><strong>Dumque</strong></span> <span class='ocrx_word' id='word_1_180' title='bbox 1634 2465 1702 2505; x_wconf 83' lang='lat' dir='ltr'><strong>ex</strong></span> <span class='ocrx_word' id='word_1_181' title='bbox 1744 2448 1939 2519; x_wconf 89' lang='lat' dir='ltr'><strong>cripta,</strong></span> <span class='ocrx_word' id='word_1_182' title='bbox 1984 2449 2076 2504; x_wconf 87' lang='lat' dir='ltr'><strong>ubi</strong></span> 
     </span>
    </p>
   </div>
   <div class='ocr_carea' id='block_1_28' title="bbox 490 2533 2084 2612">
    <p class='ocr_par' dir='ltr' id='par_1_28' title="bbox 490 2533 2084 2612">
     <span class='ocr_line' id='line_1_28' title="bbox 490 2533 2084 2612; baseline 0.007 -26"><span class='ocrx_word' id='word_1_183' title='bbox 490 2533 667 2589; x_wconf 84' lang='lat' dir='ltr'><strong>sancti</strong></span> <span class='ocrx_word' id='word_1_184' title='bbox 704 2537 1013 2604; x_wconf 88' lang='lat' dir='ltr'><strong>pausabant</strong></span> <span class='ocrx_word' id='word_1_185' title='bbox 1054 2539 1227 2611; x_wconf 81' lang='lat'><strong>(280),</strong></span> <span class='ocrx_word' id='word_1_186' title='bbox 1257 2548 1406 2606; x_wconf 80' lang='lat' dir='ltr'><strong>terra</strong></span> <span class='ocrx_word' id='word_1_187' title='bbox 1444 2548 1777 2612; x_wconf 76' lang='lat' dir='ltr'><strong>portaretur,</strong></span> <span class='ocrx_word' id='word_1_188' title='bbox 1822 2556 1886 2598; x_wconf 92' lang='lat' dir='ltr'><strong>os</strong></span> <span class='ocrx_word' id='word_1_189' title='bbox 1912 2542 2084 2612; x_wconf 84' lang='lat' dir='ltr'><strong>quod—</strong></span> 
     </span>
    </p>
   </div>
   <div class='ocr_carea' id='block_1_29' title="bbox 490 2624 2084 2705">
    <p class='ocr_par' dir='ltr' id='par_1_29' title="bbox 490 2624 2084 2705">
     <span class='ocr_line' id='line_1_29' title="bbox 490 2624 2084 2705; baseline 0.007 -28"><span class='ocrx_word' id='word_1_190' title='bbox 490 2624 617 2679; x_wconf 86' lang='lat' dir='ltr'><strong>dam</strong></span> <span class='ocrx_word' id='word_1_191' title='bbox 646 2625 865 2684; x_wconf 87' lang='lat' dir='ltr'><strong>incaute</strong></span> <span class='ocrx_word' id='word_1_192' title='bbox 892 2630 1218 2701; x_wconf 89' lang='lat' dir='ltr'><strong>projectum,</strong></span> <span class='ocrx_word' id='word_1_193' title='bbox 1250 2634 1572 2705; x_wconf 86' lang='lat' dir='ltr'><strong>sanguinem</strong></span> <span class='ocrx_word' id='word_1_194' title='bbox 1614 2633 1753 2689; x_wconf 82' lang='lat' dir='ltr'><strong>fudit</strong></span> <span class='ocrx_word' id='word_1_195' title='bbox 1772 2648 1880 2688; x_wconf 91' lang='lat' dir='ltr'><strong>non</strong></span> <span class='ocrx_word' id='word_1_196' title='bbox 1914 2634 2084 2688; x_wconf 89' lang='lat' dir='ltr'><strong>modi-</strong></span> 
     </span>
    </p>
   </div>
   <div class='ocr_carea' id='block_1_30' title="bbox 492 2722 2079 2798">
    <p class='ocr_par' dir='ltr' id='par_1_30' title="bbox 492 2722 2079 2798">
     <span class='ocr_line' id='line_1_30' title="bbox 492 2722 2079 2798; baseline 0.006 -27"><span class='ocrx_word' id='word_1_197' title='bbox 492 2731 643 2784; x_wconf 88' lang='lat' dir='ltr'><strong>cum,</strong></span> <span class='ocrx_word' id='word_1_198' title='bbox 660 2727 716 2774; x_wconf 90' lang='lat' dir='ltr'><strong>et</strong></span> <span class='ocrx_word' id='word_1_199' title='bbox 730 2736 906 2791; x_wconf 87' lang='lat' dir='ltr'><strong>usque</strong></span> <span class='ocrx_word' id='word_1_200' title='bbox 922 2722 1083 2779; x_wconf 79' lang='lat' dir='ltr'><strong>hodie</strong></span> <span class='ocrx_word' id='word_1_201' title='bbox 1098 2733 1382 2794; x_wconf 86' lang='lat' dir='ltr'><strong>permanet</strong></span> <span class='ocrx_word' id='word_1_202' title='bbox 1408 2726 1887 2797; x_wconf 82' lang='lat' dir='ltr'><strong>sanguinolentum</strong></span> <span class='ocrx_word' id='word_1_203' title='bbox 1906 2725 2079 2798; x_wconf 76' lang='grc'><strong>(281).</strong></span> 
     </span>
    </p>
   </div>
   <div class='ocr_carea' id='block_1_31' title="bbox 496 2802 2087 2886">
    <p class='ocr_par' dir='ltr' id='par_1_31' title="bbox 496 2802 2087 2886">
     <span class='ocr_line' id='line_1_31' title="bbox 496 2802 2087 2886; baseline 0.006 -24"><span class='ocrx_word' id='word_1_204' title='bbox 496 2802 574 2862; x_wconf 88' lang='lat' dir='ltr'><strong>De</strong></span> <span class='ocrx_word' id='word_1_205' title='bbox 600 2811 856 2878; x_wconf 87' lang='lat' dir='ltr'><strong>passione</strong></span> <span class='ocrx_word' id='word_1_206' title='bbox 898 2828 1092 2869; x_wconf 86' lang='lat' dir='ltr'><strong>eorum</strong></span> <span class='ocrx_word' id='word_1_207' title='bbox 1133 2815 1251 2872; x_wconf 64' lang='lat' dir='ltr'><strong>haec</strong></span> <span class='ocrx_word' id='word_1_208' title='bbox 1288 2817 1358 2872; x_wconf 89' lang='lat' dir='ltr'><strong>ab</strong></span> <span class='ocrx_word' id='word_1_209' title='bbox 1385 2832 1490 2872; x_wconf 91' lang='lat' dir='ltr'><strong>nos</strong></span> <span class='ocrx_word' id='word_1_210' title='bbox 1516 2817 1587 2872; x_wconf 91' lang='lat' dir='ltr'><strong>ab</strong></span> <span class='ocrx_word' id='word_1_211' title='bbox 1615 2816 1749 2886; x_wconf 89' lang='lat' dir='ltr'><strong>ipsis</strong></span> <span class='ocrx_word' id='word_1_212' title='bbox 1792 2815 2087 2872; x_wconf 79' lang='lat' dir='ltr'><strong>Treveren-</strong></span> 
     </span>
    </p>
   </div>
   <div class='ocr_carea' id='block_1_32' title="bbox 497 2900 2084 2976">
    <p class='ocr_par' dir='ltr' id='par_1_32' title="bbox 497 2900 2084 2976">
     <span class='ocr_line' id='line_1_32' title="bbox 497 2900 2084 2976; baseline 0.006 -22"><span class='ocrx_word' id='word_1_213' title='bbox 497 2900 651 2958; x_wconf 85' lang='lat' dir='ltr'><strong>sibus</strong></span> <span class='ocrx_word' id='word_1_214' title='bbox 678 2904 879 2974; x_wconf 86' lang='lat' dir='ltr'><strong>scripta</strong></span> <span class='ocrx_word' id='word_1_215' title='bbox 908 2907 1119 2976; x_wconf 87' lang='lat' dir='ltr'><strong>perlata</strong></span> <span class='ocrx_word' id='word_1_216' title='bbox 1144 2915 1274 2963; x_wconf 90' lang='lat' dir='ltr'><strong>sunt</strong></span> <span class='ocrx_word' id='word_1_217' title='bbox 1307 2926 1321 2962; x_wconf 88' lang='lat'><strong>:</strong></span> <span class='ocrx_word' id='word_1_218' title='bbox 1357 2928 1375 2960; x_wconf 76' lang='grc' dir='ltr'>ι</span> <span class='ocrx_word' id='word_1_219' title='bbox 1410 2907 1760 2964; x_wconf 82' lang='lat' dir='ltr'><strong>Rictiovarus</strong></span> <span class='ocrx_word' id='word_1_220' title='bbox 1788 2909 1879 2976; x_wconf 74' lang='grc'>⁷³³,</span> <span class='ocrx_word' id='word_1_221' title='bbox 1909 2908 2084 2964; x_wconf 80' lang='lat' dir='ltr'><strong>Maxi-</strong></span> 
     </span>
    </p>
   </div>
   <div class='ocr_carea' id='block_1_33' title="bbox 2103 1673 2145 1731">
    <p class='ocr_par' dir='ltr' id='par_1_33' title="bbox 2103 1673 2145 1731">
     <span class='ocr_line' id='line_1_33' title="bbox 2103 1673 2145 1731; baseline 0 0"><span class='ocrx_word' id='word_1_222' title='bbox 2103 1673 2145 1731; x_wconf 87' lang='grc' dir='ltr'><strong>Β</strong></span> 
     </span>
    </p>
   </div>
   <div class='ocr_carea' id='block_1_34' title="bbox 2156 508 3789 583">
    <p class='ocr_par' dir='ltr' id='par_1_34' title="bbox 2156 508 3789 583">
     <span class='ocr_line' id='line_1_34' title="bbox 2156 508 3789 583; baseline -0.009 -13"><span class='ocrx_word' id='word_1_223' title='bbox 2156 515 2282 570; x_wconf 90' lang='lat' dir='ltr'><strong>data</strong></span> <span class='ocrx_word' id='word_1_224' title='bbox 2324 513 2407 568; x_wconf 87' lang='lat' dir='ltr'><strong>vel</strong></span> <span class='ocrx_word' id='word_1_225' title='bbox 2439 511 2551 583; x_wconf 81' lang='lat' dir='ltr'><strong>regi</strong></span> <span class='ocrx_word' id='word_1_226' title='bbox 2576 509 2662 565; x_wconf 88' lang='lat' dir='ltr'><strong>vel</strong></span> <span class='ocrx_word' id='word_1_227' title='bbox 2708 509 2796 565; x_wconf 88' lang='lat' dir='ltr'><strong>his</strong></span> <span class='ocrx_word' id='word_1_228' title='bbox 2842 508 2939 579; x_wconf 92' lang='lat' dir='ltr'><strong>qui</strong></span> <span class='ocrx_word' id='word_1_229' title='bbox 2962 508 3075 579; x_wconf 88' lang='lat' dir='ltr'><strong>regi</strong></span> <span class='ocrx_word' id='word_1_230' title='bbox 3120 521 3220 577; x_wconf 93' lang='lat' dir='ltr'><strong>pro</strong></span> <span class='ocrx_word' id='word_1_231' title='bbox 3261 521 3328 560; x_wconf 90' lang='lat' dir='ltr'><strong>eo</strong></span> <span class='ocrx_word' id='word_1_232' title='bbox 3365 509 3789 576; x_wconf 79' lang='lat' dir='ltr'><strong>suggesserant</strong></span> 
     </span>
    </p>
   </div>
   <div class='ocr_carea' id='block_1_35' title="bbox 2158 601 3424 674">
    <p class='ocr_par' dir='ltr' id='par_1_35' title="bbox 2158 601 3424 674">
     <span class='ocr_line' id='line_1_35' title="bbox 2158 601 3424 674; baseline -0.008 -13"><span class='ocrx_word' id='word_1_233' title='bbox 2158 622 2267 663; x_wconf 89' lang='lat' dir='ltr'><strong>non</strong></span> <span class='ocrx_word' id='word_1_234' title='bbox 2296 605 2510 661; x_wconf 85' lang='lat' dir='ltr'><strong>modica</strong></span> <span class='ocrx_word' id='word_1_235' title='bbox 2535 602 2789 674; x_wconf 89' lang='lat' dir='ltr'><strong>portione</strong></span> <span class='ocrx_word' id='word_1_236' title='bbox 2814 601 3142 673; x_wconf 63' lang='lat' dir='ltr'><strong>praediorum</strong></span> <span class='ocrx_word' id='word_1_237' title='bbox 3172 613 3424 654; x_wconf 91' lang='lat' dir='ltr'><strong>suorum.</strong></span> 
     </span>
    </p>
   </div>
   <div class='ocr_carea' id='block_1_36' title="bbox 2229 683 3793 761">
    <p class='ocr_par' dir='ltr' id='par_1_36' title="bbox 2229 683 3793 761">
     <span class='ocr_line' id='line_1_36' title="bbox 2229 683 3793 761; baseline -0.009 -9"><span class='ocrx_word' id='word_1_238' title='bbox 2229 696 2346 752; x_wconf 81' lang='lat' dir='ltr'><strong>Rex</strong></span> <span class='ocrx_word' id='word_1_239' title='bbox 2399 696 2456 750; x_wconf 90' lang='lat' dir='ltr'><strong>in</strong></span> <span class='ocrx_word' id='word_1_240' title='bbox 2499 694 2782 749; x_wconf 89' lang='lat' dir='ltr'><strong>nativitate</strong></span> <span class='ocrx_word' id='word_1_241' title='bbox 2828 691 3002 750; x_wconf 89' lang='lat' dir='ltr'><strong>sancti</strong></span> <span class='ocrx_word' id='word_1_242' title='bbox 3048 690 3238 747; x_wconf 83' lang='lat' dir='ltr'><strong>Jacobi</strong></span> <span class='ocrx_word' id='word_1_243' title='bbox 3268 688 3403 761; x_wconf 80' lang='lat' dir='ltr'><strong>(Jul.</strong></span> <span class='ocrx_word' id='word_1_244' title='bbox 3453 686 3549 757; x_wconf 79' lang='grc'><strong>25)</strong></span> <span class='ocrx_word' id='word_1_245' title='bbox 3604 683 3793 740; x_wconf 82' lang='lat' dir='ltr'><strong>Wor-</strong></span> 
     </span>
    </p>
   </div>
   <div class='ocr_carea' id='block_1_37' title="bbox 2162 776 3790 856">
    <p class='ocr_par' dir='ltr' id='par_1_37' title="bbox 2162 776 3790 856">
     <span class='ocr_line' id='line_1_37' title="bbox 2162 776 3790 856; baseline -0.009 -11"><span class='ocrx_word' id='word_1_246' title='bbox 2162 790 2352 845; x_wconf 79' lang='lat' dir='ltr'><strong>maciae</strong></span> <span class='ocrx_word' id='word_1_247' title='bbox 2398 787 2642 844; x_wconf 91' lang='lat' dir='ltr'><strong>occurrit</strong></span> <span class='ocrx_word' id='word_1_248' title='bbox 2687 786 2854 841; x_wconf 87' lang='lat' dir='ltr'><strong>matri</strong></span> <span class='ocrx_word' id='word_1_249' title='bbox 2885 801 2998 841; x_wconf 66' lang='lat' dir='ltr'><strong>suae</strong></span> <span class='ocrx_word' id='word_1_250' title='bbox 3037 783 3234 856; x_wconf 81' lang='lat' dir='ltr'><strong>Agneti</strong></span> <span class='ocrx_word' id='word_1_251' title='bbox 3284 779 3650 852; x_wconf 88' lang='lat' dir='ltr'><strong>imperatrici,</strong></span> <span class='ocrx_word' id='word_1_252' title='bbox 3704 776 3790 831; x_wconf 83' lang='lat' dir='ltr'><strong>de</strong></span> 
     </span>
    </p>
   </div>
   <div class='ocr_carea' id='block_1_38' title="bbox 2163 869 3789 951">
    <p class='ocr_par' dir='ltr' id='par_1_38' title="bbox 2163 869 3789 951">
     <span class='ocr_line' id='line_1_38' title="bbox 2163 869 3789 951; baseline -0.01 -14"><span class='ocrx_word' id='word_1_253' title='bbox 2163 880 2541 951; x_wconf 89' lang='lat' dir='ltr'><strong>Transalpinis</strong></span> <span class='ocrx_word' id='word_1_254' title='bbox 2571 880 2817 951; x_wconf 88' lang='lat' dir='ltr'><strong>partibus</strong></span> <span class='ocrx_word' id='word_1_255' title='bbox 2858 875 3140 941; x_wconf 89' lang='lat' dir='ltr'><strong>redeunti;</strong></span> <span class='ocrx_word' id='word_1_256' title='bbox 3185 874 3278 930; x_wconf 91' lang='lat' dir='ltr'><strong>ubi</strong></span> <span class='ocrx_word' id='word_1_257' title='bbox 3317 888 3411 928; x_wconf 88' lang='lat' dir='ltr'><strong>sex</strong></span> <span class='ocrx_word' id='word_1_258' title='bbox 3453 878 3551 926; x_wconf 91' lang='lat' dir='ltr'><strong>aut</strong></span> <span class='ocrx_word' id='word_1_259' title='bbox 3577 869 3660 902; x_wconf 78' lang='grc' dir='ltr'><strong>ἠ’</strong></span> <span class='ocrx_word' id='word_1_260' title='bbox 3702 882 3789 921; x_wconf 84' lang='lat' dir='ltr'><strong>eo</strong></span> 
     </span>
    </p>
   </div>
   <div class='ocr_carea' id='block_1_39' title="bbox 2165 961 3792 1053">
    <p class='ocr_par' dir='ltr' id='par_1_39' title="bbox 2165 961 3792 1053">
     <span class='ocr_line' id='line_1_39' title="bbox 2165 961 3792 1053; baseline -0.009 -24"><span class='ocrx_word' id='word_1_261' title='bbox 2165 974 2401 1053; x_wconf 86' lang='lat' dir='ltr'><strong>amplius</strong></span> <span class='ocrx_word' id='word_1_262' title='bbox 2428 986 2603 1028; x_wconf 91' lang='lat' dir='ltr'><strong>annos</strong></span> <span class='ocrx_word' id='word_1_263' title='bbox 2626 973 2741 1044; x_wconf 91' lang='lat' dir='ltr'><strong>jam</strong></span> <span class='ocrx_word' id='word_1_264' title='bbox 2770 970 3053 1026; x_wconf 86' lang='lat' dir='ltr'><strong>demorata</strong></span> <span class='ocrx_word' id='word_1_265' title='bbox 3091 965 3303 1032; x_wconf 80' lang='lat' dir='ltr'><strong>fuerat,</strong></span> <span class='ocrx_word' id='word_1_266' title='bbox 3334 964 3438 1021; x_wconf 88' lang='lat' dir='ltr'><strong>sub</strong></span> <span class='ocrx_word' id='word_1_267' title='bbox 3466 961 3647 1018; x_wconf 80' lang='lat' dir='ltr'><strong>nimia</strong></span> <span class='ocrx_word' id='word_1_268' title='bbox 3678 976 3792 1015; x_wconf 76' lang='lat' dir='ltr'><strong>au-</strong></span> 
     </span>
    </p>
   </div>
   <div class='ocr_carea' id='block_1_40' title="bbox 2166 1057 3789 1126">
    <p class='ocr_par' dir='ltr' id='par_1_40' title="bbox 2166 1057 3789 1126">
     <span class='ocr_line' id='line_1_40' title="bbox 2166 1057 3789 1126; baseline -0.01 -3"><span class='ocrx_word' id='word_1_269' title='bbox 2166 1066 2411 1123; x_wconf 89' lang='lat' dir='ltr'><strong>steritate</strong></span> <span class='ocrx_word' id='word_1_270' title='bbox 2450 1064 2621 1119; x_wconf 90' lang='lat' dir='ltr'><strong>vitam</strong></span> <span class='ocrx_word' id='word_1_271' title='bbox 2668 1063 2985 1126; x_wconf 88' lang='lat' dir='ltr'><strong>instituens,</strong></span> <span class='ocrx_word' id='word_1_272' title='bbox 3016 1059 3154 1114; x_wconf 88' lang='lat' dir='ltr'><strong>adeo</strong></span> <span class='ocrx_word' id='word_1_273' title='bbox 3202 1057 3275 1091; x_wconf 82' lang='grc'>⁸⁰⁰</span> <span class='ocrx_word' id='word_1_274' title='bbox 3321 1062 3382 1111; x_wconf 93' lang='lat' dir='ltr'><strong>ut</strong></span> <span class='ocrx_word' id='word_1_275' title='bbox 3406 1068 3789 1112; x_wconf 84' lang='lat' dir='ltr'><strong>communem</strong></span> 
     </span>
    </p>
   </div>
   <div class='ocr_carea' id='block_1_41' title="bbox 2167 1144 3786 1217">
    <p class='ocr_par' dir='ltr' id='par_1_41' title="bbox 2167 1144 3786 1217">
     <span class='ocr_line' id='line_1_41' title="bbox 2167 1144 3786 1217; baseline -0.01 -2"><span class='ocrx_word' id='word_1_276' title='bbox 2167 1160 2537 1215; x_wconf 85' lang='lat' dir='ltr'><strong>humanarum</strong></span> <span class='ocrx_word' id='word_1_277' title='bbox 2582 1155 2783 1210; x_wconf 90' lang='lat' dir='ltr'><strong>virium</strong></span> <span class='ocrx_word' id='word_1_278' title='bbox 2828 1165 3146 1207; x_wconf 86' lang='lat' dir='ltr'><strong>mensuram</strong></span> <span class='ocrx_word' id='word_1_279' title='bbox 3193 1149 3480 1204; x_wconf 85' lang='lat' dir='ltr'><strong>excederet</strong></span> <span class='ocrx_word' id='word_1_280' title='bbox 3516 1144 3786 1217; x_wconf 83' lang='lat' dir='ltr'><strong>jejunio—</strong></span> 
     </span>
    </p>
   </div>
   <div class='ocr_carea' id='block_1_42' title="bbox 2167 1238 3784 1320">
    <p class='ocr_par' dir='ltr' id='par_1_42' title="bbox 2167 1238 3784 1320">
     <span class='ocr_line' id='line_1_42' title="bbox 2167 1238 3784 1320; baseline -0.012 -13"><span class='ocrx_word' id='word_1_281' title='bbox 2167 1268 2291 1308; x_wconf 91' lang='lat' dir='ltr'><strong>rum</strong></span> <span class='ocrx_word' id='word_1_282' title='bbox 2338 1266 2402 1306; x_wconf 91' lang='lat' dir='ltr'><strong>ac</strong></span> <span class='ocrx_word' id='word_1_283' title='bbox 2448 1248 2759 1320; x_wconf 82' lang='lat' dir='ltr'><strong>vigiliarum</strong></span> <span class='ocrx_word' id='word_1_284' title='bbox 2819 1243 3103 1316; x_wconf 91' lang='lat' dir='ltr'><strong>patientia.</strong></span> <span class='ocrx_word' id='word_1_285' title='bbox 3168 1238 3517 1296; x_wconf 82' lang='lat' dir='ltr'><strong>Reversionis</strong></span> <span class='ocrx_word' id='word_1_286' title='bbox 3579 1243 3784 1291; x_wconf 80' lang='lat' dir='ltr'><strong>autem</strong></span> 
     </span>
    </p>
   </div>
   <div class='ocr_carea' id='block_1_43' title="bbox 2169 1327 3782 1415">
    <p class='ocr_par' dir='ltr' id='par_1_43' title="bbox 2169 1327 3782 1415">
     <span class='ocr_line' id='line_1_43' title="bbox 2169 1327 3782 1415; baseline -0.012 -15"><span class='ocrx_word' id='word_1_287' title='bbox 2169 1344 2289 1415; x_wconf 90' lang='lat' dir='ltr'><strong>ejus</strong></span> <span class='ocrx_word' id='word_1_288' title='bbox 2316 1344 2371 1397; x_wconf 91' lang='lat' dir='ltr'><strong>in</strong></span> <span class='ocrx_word' id='word_1_289' title='bbox 2400 1341 2630 1397; x_wconf 87' lang='lat' dir='ltr'><strong>Galliam</strong></span> <span class='ocrx_word' id='word_1_290' title='bbox 2660 1340 2779 1394; x_wconf 62' lang='lat' dir='ltr'><strong>haec</strong></span> <span class='ocrx_word' id='word_1_291' title='bbox 2805 1352 2971 1393; x_wconf 87' lang='lat' dir='ltr'><strong>causa</strong></span> <span class='ocrx_word' id='word_1_292' title='bbox 3006 1342 3143 1390; x_wconf 89' lang='lat' dir='ltr'><strong>erat.</strong></span> <span class='ocrx_word' id='word_1_293' title='bbox 3180 1329 3486 1387; x_wconf 77' lang='lat' dir='ltr'><strong>Ruodolfus</strong></span> <span class='ocrx_word' id='word_1_294' title='bbox 3533 1327 3607 1361; x_wconf 78' lang='lat'><strong>&#39;“</strong></span> <span class='ocrx_word' id='word_1_295' title='bbox 3661 1328 3782 1381; x_wconf 74' lang='lat' dir='ltr'><strong>dux</strong></span> 
     </span>
    </p>
   </div>
   <div class='ocr_carea' id='block_1_44' title="bbox 2172 1419 3784 1506">
    <p class='ocr_par' dir='ltr' id='par_1_44' title="bbox 2172 1419 3784 1506">
     <span class='ocr_line' id='line_1_44' title="bbox 2172 1419 3784 1506; baseline -0.009 -14"><span class='ocrx_word' id='word_1_296' title='bbox 2172 1436 2386 1492; x_wconf 71' lang='lat' dir='ltr'><strong>Suevia:</strong></span> <span class='ocrx_word' id='word_1_297' title='bbox 2416 1433 2564 1506; x_wconf 70' lang='lat'><strong>(285)</strong></span> <span class='ocrx_word' id='word_1_298' title='bbox 2610 1433 2679 1487; x_wconf 90' lang='lat' dir='ltr'><strong>ab</strong></span> <span class='ocrx_word' id='word_1_299' title='bbox 2708 1431 2795 1487; x_wconf 92' lang='lat' dir='ltr'><strong>his</strong></span> <span class='ocrx_word' id='word_1_300' title='bbox 2821 1430 2917 1502; x_wconf 91' lang='lat' dir='ltr'><strong>qui</strong></span> <span class='ocrx_word' id='word_1_301' title='bbox 2945 1429 2997 1484; x_wconf 88' lang='lat' dir='ltr'><strong>ei</strong></span> <span class='ocrx_word' id='word_1_302' title='bbox 3048 1426 3189 1482; x_wconf 89' lang='lat' dir='ltr'><strong>male</strong></span> <span class='ocrx_word' id='word_1_303' title='bbox 3219 1423 3536 1480; x_wconf 89' lang='lat' dir='ltr'><strong>consultum</strong></span> <span class='ocrx_word' id='word_1_304' title='bbox 3587 1419 3784 1490; x_wconf 76' lang='lat' dir='ltr'><strong>cupie-</strong></span> 
     </span>
    </p>
   </div>
   <div class='ocr_carea' id='block_1_45' title="bbox 2170 1514 3787 1595">
    <p class='ocr_par' dir='ltr' id='par_1_45' title="bbox 2170 1514 3787 1595">
     <span class='ocr_line' id='line_1_45' title="bbox 2170 1514 3787 1595; baseline -0.013 -9"><span class='ocrx_word' id='word_1_305' title='bbox 2170 1531 2305 1586; x_wconf 89' lang='lat' dir='ltr'><strong>bant</strong></span> <span class='ocrx_word' id='word_1_306' title='bbox 2350 1535 2641 1583; x_wconf 89' lang='lat' dir='ltr'><strong>accusatus</strong></span> <span class='ocrx_word' id='word_1_307' title='bbox 2687 1524 2832 1595; x_wconf 87' lang='lat' dir='ltr'><strong>apud</strong></span> <span class='ocrx_word' id='word_1_308' title='bbox 2864 1536 3047 1593; x_wconf 89' lang='lat' dir='ltr'><strong>regem</strong></span> <span class='ocrx_word' id='word_1_309' title='bbox 3094 1519 3273 1575; x_wconf 79' lang='lat' dir='ltr'><strong>fuerat</strong></span> <span class='ocrx_word' id='word_1_310' title='bbox 3317 1515 3464 1587; x_wconf 90' lang='lat' dir='ltr'><strong>quod</strong></span> <span class='ocrx_word' id='word_1_311' title='bbox 3513 1514 3787 1585; x_wconf 83' lang='lat' dir='ltr'><strong>iniquum</strong></span> 
     </span>
    </p>
   </div>
   <div class='ocr_carea' id='block_1_46' title="bbox 2174 1607 3788 1692">
    <p class='ocr_par' dir='ltr' id='par_1_46' title="bbox 2174 1607 3788 1692">
     <span class='ocr_line' id='line_1_46' title="bbox 2174 1607 3788 1692; baseline -0.011 -14"><span class='ocrx_word' id='word_1_312' title='bbox 2174 1621 2379 1692; x_wconf 88' lang='lat' dir='ltr'><strong>aliquid</strong></span> <span class='ocrx_word' id='word_1_313' title='bbox 2444 1627 2637 1675; x_wconf 90' lang='lat' dir='ltr'><strong>contra</strong></span> <span class='ocrx_word' id='word_1_314' title='bbox 2694 1633 2879 1688; x_wconf 80' lang='lat' dir='ltr'><strong>regem</strong></span> <span class='ocrx_word' id='word_1_315' title='bbox 2934 1622 3238 1684; x_wconf 90' lang='lat' dir='ltr'><strong>contraque</strong></span> <span class='ocrx_word' id='word_1_316' title='bbox 3301 1626 3419 1665; x_wconf 90' lang='lat' dir='ltr'><strong>rem</strong></span> <span class='ocrx_word' id='word_1_317' title='bbox 3490 1607 3788 1679; x_wconf 68' lang='lat' dir='ltr'><strong>puhllcam</strong></span> 
     </span>
    </p>
   </div>
   <div class='ocr_carea' id='block_1_47' title="bbox 2173 1699 3789 1782">
    <p class='ocr_par' dir='ltr' id='par_1_47' title="bbox 2173 1699 3789 1782">
     <span class='ocr_line' id='line_1_47' title="bbox 2173 1699 3789 1782; baseline -0.011 -12"><span class='ocrx_word' id='word_1_318' title='bbox 2173 1715 2489 1779; x_wconf 87' lang='lat' dir='ltr'><strong>moliretur;</strong></span> <span class='ocrx_word' id='word_1_319' title='bbox 2532 1719 2753 1782; x_wconf 87' lang='lat' dir='ltr'><strong>propter</strong></span> <span class='ocrx_word' id='word_1_320' title='bbox 2799 1709 2948 1781; x_wconf 92' lang='lat' dir='ltr'><strong>quod</strong></span> <span class='ocrx_word' id='word_1_321' title='bbox 3005 1705 3240 1763; x_wconf 82' lang='lat' dir='ltr'><strong>assiduis</strong></span> <span class='ocrx_word' id='word_1_322' title='bbox 3282 1700 3658 1773; x_wconf 83' lang='lat' dir='ltr'><strong>legationibus</strong></span> <span class='ocrx_word' id='word_1_323' title='bbox 3716 1699 3789 1754; x_wconf 78' lang='lat' dir='ltr'><strong>ad</strong></span> 
     </span>
    </p>
   </div>
   <div class='ocr_carea' id='block_1_48' title="bbox 2172 1794 3790 1875">
    <p class='ocr_par' dir='ltr' id='par_1_48' title="bbox 2172 1794 3790 1875">
     <span class='ocr_line' id='line_1_48' title="bbox 2172 1794 3790 1875; baseline -0.009 -14"><span class='ocrx_word' id='word_1_324' title='bbox 2172 1806 2372 1862; x_wconf 91' lang='lat' dir='ltr'><strong>curtim</strong></span> <span class='ocrx_word' id='word_1_325' title='bbox 2408 1804 2636 1875; x_wconf 86' lang='lat' dir='ltr'><strong>regiam,</strong></span> <span class='ocrx_word' id='word_1_326' title='bbox 2686 1810 2747 1857; x_wconf 89' lang='lat' dir='ltr'><strong>ut</strong></span> <span class='ocrx_word' id='word_1_327' title='bbox 2798 1815 3023 1856; x_wconf 89' lang='lat' dir='ltr'><strong>causam</strong></span> <span class='ocrx_word' id='word_1_328' title='bbox 3078 1799 3307 1865; x_wconf 88' lang='lat' dir='ltr'><strong>diceret,</strong></span> <span class='ocrx_word' id='word_1_329' title='bbox 3344 1794 3790 1851; x_wconf 85' lang='lat' dir='ltr'><strong>accersiebatur.</strong></span> 
     </span>
    </p>
   </div>
   <div class='ocr_carea' id='block_1_49' title="bbox 2175 1885 3790 1965">
    <p class='ocr_par' dir='ltr' id='par_1_49' title="bbox 2175 1885 3790 1965">
     <span class='ocr_line' id='line_1_49' title="bbox 2175 1885 3790 1965; baseline -0.009 -11"><span class='ocrx_word' id='word_1_330' title='bbox 2175 1898 2281 1954; x_wconf 89' lang='lat' dir='ltr'><strong>Sed</strong></span> <span class='ocrx_word' id='word_1_331' title='bbox 2319 1898 2431 1963; x_wconf 90' lang='lat' dir='ltr'><strong>ille,</strong></span> <span class='ocrx_word' id='word_1_332' title='bbox 2492 1897 2620 1951; x_wconf 90' lang='lat' dir='ltr'><strong>licet</strong></span> <span class='ocrx_word' id='word_1_333' title='bbox 2673 1895 2742 1950; x_wconf 89' lang='lat' dir='ltr'><strong>ab</strong></span> <span class='ocrx_word' id='word_1_334' title='bbox 2790 1894 2950 1965; x_wconf 89' lang='lat' dir='ltr'><strong>culpa</strong></span> <span class='ocrx_word' id='word_1_335' title='bbox 2991 1890 3426 1947; x_wconf 89' lang='lat' dir='ltr'><strong>remotissimum</strong></span> <span class='ocrx_word' id='word_1_336' title='bbox 3474 1903 3535 1943; x_wconf 90' lang='lat' dir='ltr'><strong>se</strong></span> <span class='ocrx_word' id='word_1_337' title='bbox 3585 1885 3790 1952; x_wconf 81' lang='lat' dir='ltr'><strong>sciret.</strong></span> 
     </span>
    </p>
   </div>
   <div class='ocr_carea' id='block_1_50' title="bbox 2174 1980 3791 2056">
    <p class='ocr_par' dir='ltr' id='par_1_50' title="bbox 2174 1980 3791 2056">
     <span class='ocr_line' id='line_1_50' title="bbox 2174 1980 3791 2056; baseline -0.007 -11"><span class='ocrx_word' id='word_1_338' title='bbox 2174 1990 2505 2045; x_wconf 90' lang='lat' dir='ltr'><strong>conterritus</strong></span> <span class='ocrx_word' id='word_1_339' title='bbox 2547 1997 2731 2043; x_wconf 91' lang='lat' dir='ltr'><strong>tamen</strong></span> <span class='ocrx_word' id='word_1_340' title='bbox 2769 1987 2926 2043; x_wconf 89' lang='lat' dir='ltr'><strong>ducis</strong></span> <span class='ocrx_word' id='word_1_341' title='bbox 2973 1984 3240 2056; x_wconf 70' lang='lat' dir='ltr'><strong>Bajoaria:</strong></span> <span class='ocrx_word' id='word_1_342' title='bbox 3296 1980 3513 2038; x_wconf 90' lang='lat' dir='ltr'><strong>Ottonis</strong></span> <span class='ocrx_word' id='word_1_343' title='bbox 3570 1981 3791 2036; x_wconf 82' lang='lat' dir='ltr'><strong>recenti</strong></span> 
     </span>
    </p>
   </div>
   <div class='ocr_carea' id='block_1_51' title="bbox 2174 2072 3789 2152">
    <p class='ocr_par' dir='ltr' id='par_1_51' title="bbox 2174 2072 3789 2152">
     <span class='ocr_line' id='line_1_51' title="bbox 2174 2072 3789 2152; baseline -0.007 -14"><span class='ocrx_word' id='word_1_344' title='bbox 2174 2082 2425 2152; x_wconf 83' lang='lat' dir='ltr'><strong>exemplo</strong></span> <span class='ocrx_word' id='word_1_345' title='bbox 2474 2089 2528 2137; x_wconf 90' lang='lat' dir='ltr'><strong>et</strong></span> <span class='ocrx_word' id='word_1_346' title='bbox 2570 2082 2805 2136; x_wconf 79' lang='lat' dir='ltr'><strong>aliomm</strong></span> <span class='ocrx_word' id='word_1_347' title='bbox 2843 2079 3214 2152; x_wconf 86' lang='lat' dir='ltr'><strong>quorundam,</strong></span> <span class='ocrx_word' id='word_1_348' title='bbox 3254 2092 3396 2148; x_wconf 88' lang='lat' dir='ltr'><strong>quos</strong></span> <span class='ocrx_word' id='word_1_349' title='bbox 3438 2090 3536 2131; x_wconf 85' lang='lat' dir='ltr'><strong>rex</strong></span> <span class='ocrx_word' id='word_1_350' title='bbox 3576 2072 3789 2145; x_wconf 68' lang='lat' dir='ltr'><strong>pracci-</strong></span> 
     </span>
    </p>
   </div>
   <div class='ocr_carea' id='block_1_52' title="bbox 2176 2165 3793 2247">
    <p class='ocr_par' dir='ltr' id='par_1_52' title="bbox 2176 2165 3793 2247">
     <span class='ocr_line' id='line_1_52' title="bbox 2176 2165 3793 2247; baseline -0.007 -16"><span class='ocrx_word' id='word_1_351' title='bbox 2176 2177 2347 2247; x_wconf 88' lang='lat' dir='ltr'><strong>pitata</strong></span> <span class='ocrx_word' id='word_1_352' title='bbox 2398 2174 2668 2231; x_wconf 88' lang='lat' dir='ltr'><strong>sententia</strong></span> <span class='ocrx_word' id='word_1_353' title='bbox 2709 2175 2917 2243; x_wconf 86' lang='lat' dir='ltr'><strong>absque</strong></span> <span class='ocrx_word' id='word_1_354' title='bbox 2958 2171 3304 2227; x_wconf 85' lang='lat' dir='ltr'><strong>discussione</strong></span> <span class='ocrx_word' id='word_1_355' title='bbox 3342 2168 3585 2240; x_wconf 82' lang='lat' dir='ltr'><strong>legitima</strong></span> <span class='ocrx_word' id='word_1_356' title='bbox 3635 2165 3793 2221; x_wconf 55' lang='lat' dir='ltr'><strong>damc</strong></span> 
     </span>
    </p>
   </div>
   <div class='ocr_carea' id='block_1_53' title="bbox 2177 2256 3792 2338">
    <p class='ocr_par' dir='ltr' id='par_1_53' title="bbox 2177 2256 3792 2338">
     <span class='ocr_line' id='line_1_53' title="bbox 2177 2256 3792 2338; baseline -0.009 -14"><span class='ocrx_word' id='word_1_357' title='bbox 2177 2275 2461 2338; x_wconf 90' lang='lat' dir='ltr'><strong>pnaverat,</strong></span> <span class='ocrx_word' id='word_1_358' title='bbox 2516 2274 2721 2321; x_wconf 89' lang='lat' dir='ltr'><strong>temere</strong></span> <span class='ocrx_word' id='word_1_359' title='bbox 2768 2265 2826 2319; x_wconf 90' lang='lat' dir='ltr'><strong>in</strong></span> <span class='ocrx_word' id='word_1_360' title='bbox 2890 2261 3194 2334; x_wconf 87' lang='lat' dir='ltr'><strong>periculum</strong></span> <span class='ocrx_word' id='word_1_361' title='bbox 3257 2276 3316 2317; x_wconf 90' lang='lat' dir='ltr'><strong>se</strong></span> <span class='ocrx_word' id='word_1_362' title='bbox 3370 2259 3502 2315; x_wconf 89' lang='lat' dir='ltr'><strong>dare</strong></span> <span class='ocrx_word' id='word_1_363' title='bbox 3537 2256 3792 2313; x_wconf 82' lang='lat' dir='ltr'><strong>nolebat.</strong></span> 
     </span>
    </p>
   </div>
   <div class='ocr_carea' id='block_1_54' title="bbox 2179 2350 3795 2429">
    <p class='ocr_par' dir='ltr' id='par_1_54' title="bbox 2179 2350 3795 2429">
     <span class='ocr_line' id='line_1_54' title="bbox 2179 2350 3795 2429; baseline -0.009 -15"><span class='ocrx_word' id='word_1_364' title='bbox 2179 2358 2429 2429; x_wconf 89' lang='lat' dir='ltr'><strong>Cumque</strong></span> <span class='ocrx_word' id='word_1_365' title='bbox 2467 2364 2613 2412; x_wconf 89' lang='lat' dir='ltr'><strong>esset</strong></span> <span class='ocrx_word' id='word_1_366' title='bbox 2648 2354 2981 2425; x_wconf 87' lang='lat' dir='ltr'><strong>imperatrici</strong></span> <span class='ocrx_word' id='word_1_367' title='bbox 3005 2353 3074 2408; x_wconf 90' lang='lat' dir='ltr'><strong>ob</strong></span> <span class='ocrx_word' id='word_1_368' title='bbox 3104 2360 3264 2407; x_wconf 78' lang='lat' dir='ltr'><strong>vetus</strong></span> <span class='ocrx_word' id='word_1_369' title='bbox 3306 2350 3565 2406; x_wconf 88' lang='lat' dir='ltr'><strong>meritum</strong></span> <span class='ocrx_word' id='word_1_370' title='bbox 3618 2362 3795 2401; x_wconf 87' lang='lat' dir='ltr'><strong>suum</strong></span> 
     </span>
    </p>
   </div>
   <div class='ocr_carea' id='block_1_55' title="bbox 2181 2442 3794 2521">
    <p class='ocr_par' dir='ltr' id='par_1_55' title="bbox 2181 2442 3794 2521">
     <span class='ocr_line' id='line_1_55' title="bbox 2181 2442 3794 2521; baseline -0.009 -14"><span class='ocrx_word' id='word_1_371' title='bbox 2181 2450 2618 2521; x_wconf 85' lang='lat' dir='ltr'><strong>acceptissimus,</strong></span> <span class='ocrx_word' id='word_1_372' title='bbox 2657 2447 3062 2519; x_wconf 88' lang='lat' dir='ltr'><strong>propinquitate</strong></span> <span class='ocrx_word' id='word_1_373' title='bbox 3101 2446 3268 2500; x_wconf 90' lang='lat' dir='ltr'><strong>etiam</strong></span> <span class='ocrx_word' id='word_1_374' title='bbox 3320 2442 3613 2499; x_wconf 84' lang='lat' dir='ltr'><strong>devinctus</strong></span> <span class='ocrx_word' id='word_1_375' title='bbox 3654 2455 3794 2510; x_wconf 79' lang='lat' dir='ltr'><strong>pro-</strong></span> 
     </span>
    </p>
   </div>
   <div class='ocr_carea' id='block_1_56' title="bbox 2182 2532 3794 2615">
    <p class='ocr_par' dir='ltr' id='par_1_56' title="bbox 2182 2532 3794 2615">
     <span class='ocr_line' id='line_1_56' title="bbox 2182 2532 3794 2615; baseline -0.007 -16"><span class='ocrx_word' id='word_1_376' title='bbox 2182 2556 2302 2615; x_wconf 88' lang='lat' dir='ltr'><strong>pter</strong></span> <span class='ocrx_word' id='word_1_377' title='bbox 2338 2543 2507 2598; x_wconf 87' lang='lat' dir='ltr'><strong>tiliam</strong></span> <span class='ocrx_word' id='word_1_378' title='bbox 2546 2542 2689 2613; x_wconf 88' lang='lat' dir='ltr'><strong>ejus,</strong></span> <span class='ocrx_word' id='word_1_379' title='bbox 2712 2556 2837 2613; x_wconf 70' lang='lat' dir='ltr'><strong>qua:</strong></span> <span class='ocrx_word' id='word_1_380' title='bbox 2860 2540 2933 2574; x_wconf 81' lang='grc'><strong>⁸⁰¹</strong></span> <span class='ocrx_word' id='word_1_381' title='bbox 2956 2539 3029 2606; x_wconf 89' lang='lat' dir='ltr'><strong>ei,</strong></span> <span class='ocrx_word' id='word_1_382' title='bbox 3063 2547 3125 2594; x_wconf 92' lang='lat' dir='ltr'><strong>ut</strong></span> <span class='ocrx_word' id='word_1_383' title='bbox 3146 2538 3465 2610; x_wconf 66' lang='lat' dir='ltr'><strong>praedictum</strong></span> <span class='ocrx_word' id='word_1_384' title='bbox 3488 2543 3573 2591; x_wconf 81' lang='lat' dir='ltr'><strong>est</strong></span> <span class='ocrx_word' id='word_1_385' title='bbox 3607 2532 3794 2605; x_wconf 64' lang='grc'><strong>(284),</strong></span> 
     </span>
    </p>
   </div>
   <div class='ocr_carea' id='block_1_57' title="bbox 2184 2628 3797 2709">
    <p class='ocr_par' dir='ltr' id='par_1_57' title="bbox 2184 2628 3797 2709">
     <span class='ocr_line' id='line_1_57' title="bbox 2184 2628 3797 2709; baseline -0.01 -15"><span class='ocrx_word' id='word_1_386' title='bbox 2184 2647 2465 2709; x_wconf 87' lang='lat' dir='ltr'><strong>nupserat,</strong></span> <span class='ocrx_word' id='word_1_387' title='bbox 2495 2635 2590 2692; x_wconf 92' lang='lat' dir='ltr'><strong>sed</strong></span> <span class='ocrx_word' id='word_1_388' title='bbox 2634 2635 2778 2690; x_wconf 87' lang='lat' dir='ltr'><strong>intra</strong></span> <span class='ocrx_word' id='word_1_389' title='bbox 2815 2633 2885 2666; x_wconf 70' lang='grc'><strong>⁸⁸³³</strong></span> <span class='ocrx_word' id='word_1_390' title='bbox 2919 2648 3128 2704; x_wconf 91' lang='lat' dir='ltr'><strong>paucos</strong></span> <span class='ocrx_word' id='word_1_391' title='bbox 3164 2631 3283 2687; x_wconf 89' lang='lat' dir='ltr'><strong>dies</strong></span> <span class='ocrx_word' id='word_1_392' title='bbox 3327 2628 3616 2684; x_wconf 74' lang='lat' dir='ltr'><strong>celebrata:</strong></span> <span class='ocrx_word' id='word_1_393' title='bbox 3659 2640 3797 2680; x_wconf 82' lang='lat' dir='ltr'><strong>con-</strong></span> 
     </span>
    </p>
   </div>
   <div class='ocr_carea' id='block_1_58' title="bbox 2180 2716 3795 2801">
    <p class='ocr_par' dir='ltr' id='par_1_58' title="bbox 2180 2716 3795 2801">
     <span class='ocr_line' id='line_1_58' title="bbox 2180 2716 3795 2801; baseline -0.009 -17"><span class='ocrx_word' id='word_1_394' title='bbox 2180 2727 2483 2801; x_wconf 88' lang='lat' dir='ltr'><strong>junctionis</strong></span> <span class='ocrx_word' id='word_1_395' title='bbox 2508 2726 2840 2790; x_wconf 88' lang='lat' dir='ltr'><strong>decesserat,</strong></span> <span class='ocrx_word' id='word_1_396' title='bbox 2855 2722 3025 2790; x_wconf 89' lang='lat' dir='ltr'><strong>misit,</strong></span> <span class='ocrx_word' id='word_1_397' title='bbox 3040 2735 3273 2792; x_wconf 90' lang='lat' dir='ltr'><strong>eamque</strong></span> <span class='ocrx_word' id='word_1_398' title='bbox 3285 2717 3504 2775; x_wconf 85' lang='lat' dir='ltr'><strong>obnixis</strong></span> <span class='ocrx_word' id='word_1_399' title='bbox 3526 2716 3795 2788; x_wconf 82' lang='lat' dir='ltr'><strong>precibus</strong></span> 
     </span>
    </p>
   </div>
   <div class='ocr_carea' id='block_1_59' title="bbox 2186 2807 3799 2884">
    <p class='ocr_par' dir='ltr' id='par_1_59' title="bbox 2186 2807 3799 2884">
     <span class='ocr_line' id='line_1_59' title="bbox 2186 2807 3799 2884; baseline -0.012 -7"><span class='ocrx_word' id='word_1_400' title='bbox 2186 2821 2241 2877; x_wconf 93' lang='lat' dir='ltr'><strong>in</strong></span> <span class='ocrx_word' id='word_1_401' title='bbox 2256 2818 2485 2876; x_wconf 90' lang='lat' dir='ltr'><strong>Galliam</strong></span> <span class='ocrx_word' id='word_1_402' title='bbox 2506 2816 2773 2883; x_wconf 84' lang='lat' dir='ltr'><strong>evocavit,</strong></span> <span class='ocrx_word' id='word_1_403' title='bbox 2788 2816 2856 2871; x_wconf 91' lang='lat' dir='ltr'><strong>ad</strong></span> <span class='ocrx_word' id='word_1_404' title='bbox 2875 2814 3169 2871; x_wconf 90' lang='lat' dir='ltr'><strong>sedandam</strong></span> <span class='ocrx_word' id='word_1_405' title='bbox 3182 2827 3304 2884; x_wconf 63' lang='lat' dir='ltr'><strong>qua:</strong></span> <span class='ocrx_word' id='word_1_406' title='bbox 3341 2809 3625 2865; x_wconf 83' lang='lat' dir='ltr'><strong>oriebatur</strong></span> <span class='ocrx_word' id='word_1_407' title='bbox 3654 2807 3799 2860; x_wconf 82' lang='lat' dir='ltr'><strong>inte-</strong></span> 
     </span>
    </p>
   </div>
   <div class='ocr_carea' id='block_1_60' title="bbox 2188 2903 3793 2980">
    <p class='ocr_par' dir='ltr' id='par_1_60' title="bbox 2188 2903 3793 2980">
     <span class='ocr_line' id='line_1_60' title="bbox 2188 2903 3793 2980; baseline -0.009 -12"><span class='ocrx_word' id='word_1_408' title='bbox 2188 2913 2317 2969; x_wconf 89' lang='lat' dir='ltr'><strong>stini</strong></span> <span class='ocrx_word' id='word_1_409' title='bbox 2342 2911 2469 2967; x_wconf 89' lang='lat' dir='ltr'><strong>belli</strong></span> <span class='ocrx_word' id='word_1_410' title='bbox 2512 2908 2910 2980; x_wconf 83' lang='lat' dir='ltr'><strong>tempestatem.</strong></span> <span class='ocrx_word' id='word_1_411' title='bbox 2944 2906 3079 2961; x_wconf 90' lang='lat' dir='ltr'><strong>Nam</strong></span> <span class='ocrx_word' id='word_1_412' title='bbox 3124 2905 3356 2960; x_wconf 90' lang='lat' dir='ltr'><strong>ﬁrmiter</strong></span> <span class='ocrx_word' id='word_1_413' title='bbox 3391 2903 3535 2973; x_wconf 91' lang='lat' dir='ltr'><strong>apud</strong></span> <span class='ocrx_word' id='word_1_414' title='bbox 3568 2916 3629 2955; x_wconf 90' lang='lat' dir='ltr'><strong>se</strong></span> <span class='ocrx_word' id='word_1_415' title='bbox 3670 2907 3793 2955; x_wconf 86' lang='lat' dir='ltr'><strong>sta-</strong></span> 
     </span>
    </p>
   </div>
   <div class='ocr_carea' id='block_1_61' title="bbox 498 2994 3793 3077">
    <p class='ocr_par' dir='ltr' id='par_1_61' title="bbox 498 2994 3793 3077">
     <span class='ocr_line' id='line_1_61' title="bbox 498 2994 3793 3077; baseline 0 -31"><span class='ocrx_word' id='word_1_416' title='bbox 498 2994 669 3048; x_wconf 77' lang='lat' dir='ltr'><strong>miani</strong></span> <span class='ocrx_word' id='word_1_417' title='bbox 715 2995 1061 3067; x_wconf 84' lang='lat' dir='ltr'><strong>imperatoris</strong></span> <span class='ocrx_word' id='word_1_418' title='bbox 1116 2998 1443 3070; x_wconf 78' lang='lat' dir='ltr'><strong>praefectus,</strong></span> <span class='ocrx_word' id='word_1_419' title='bbox 1493 3001 1761 3072; x_wconf 81' lang='lat' dir='ltr'><strong>legionem</strong></span> <span class='ocrx_word' id='word_1_420' title='bbox 1811 3000 2085 3058; x_wconf 84' lang='lat' dir='ltr'><strong>Thebeam</strong></span> <span class='ocrx_word' id='word_1_421' title='bbox 2116 3019 2158 3077; x_wconf 72' lang='grc' dir='ltr'><strong>ρ</strong></span> <span class='ocrx_word' id='word_1_422' title='bbox 2189 3012 2389 3070; x_wconf 87' lang='lat' dir='ltr'><strong>tuerat,</strong></span> <span class='ocrx_word' id='word_1_423' title='bbox 2418 3003 2465 3059; x_wconf 90' lang='lat' dir='ltr'><strong>si</strong></span> <span class='ocrx_word' id='word_1_424' title='bbox 2503 3017 2609 3073; x_wconf 85' lang='lat' dir='ltr'><strong>pax</strong></span> <span class='ocrx_word' id='word_1_425' title='bbox 2642 3016 2752 3056; x_wconf 88' lang='lat' dir='ltr'><strong>non</strong></span> <span class='ocrx_word' id='word_1_426' title='bbox 2779 3000 3153 3065; x_wconf 86' lang='lat' dir='ltr'><strong>convenisset,</strong></span> <span class='ocrx_word' id='word_1_427' title='bbox 3192 3005 3403 3051; x_wconf 92' lang='lat' dir='ltr'><strong>armata</strong></span> <span class='ocrx_word' id='word_1_428' title='bbox 3445 2994 3633 3066; x_wconf 88' lang='lat' dir='ltr'><strong>potius</strong></span> <span class='ocrx_word' id='word_1_429' title='bbox 3664 3008 3793 3047; x_wconf 82' lang='lat' dir='ltr'><strong>ma-</strong></span> 
     </span>
    </p>
   </div>
   <div class='ocr_carea' id='block_1_62' title="bbox 496 3087 2089 3164">
    <p class='ocr_par' dir='ltr' id='par_1_62' title="bbox 496 3087 2089 3164">
     <span class='ocr_line' id='line_1_62' title="bbox 496 3087 2089 3164; baseline 0.006 -24"><span class='ocrx_word' id='word_1_430' title='bbox 496 3087 658 3155; x_wconf 86' lang='lat' dir='ltr'><strong>jussu</strong></span> <span class='ocrx_word' id='word_1_431' title='bbox 703 3088 877 3159; x_wconf 89' lang='lat' dir='ltr'><strong>ipsius</strong></span> <span class='ocrx_word' id='word_1_432' title='bbox 925 3090 1357 3164; x_wconf 85' lang='lat' dir='ltr'><strong>circumquaque</strong></span> <span class='ocrx_word' id='word_1_433' title='bbox 1410 3101 1753 3164; x_wconf 89' lang='lat' dir='ltr'><strong>persecutus.</strong></span> <span class='ocrx_word' id='word_1_434' title='bbox 1810 3093 2089 3150; x_wconf 87' lang='lat' dir='ltr'><strong>Treverim</strong></span> 
     </span>
    </p>
   </div>
   <div class='ocr_carea' id='block_1_63' title="bbox 501 3181 2093 3258">
    <p class='ocr_par' dir='ltr' id='par_1_63' title="bbox 501 3181 2093 3258">
     <span class='ocr_line' id='line_1_63' title="bbox 501 3181 2093 3258; baseline 0.007 -25"><span class='ocrx_word' id='word_1_435' title='bbox 501 3188 724 3249; x_wconf 86' lang='lat' dir='ltr'><strong>propter</strong></span> <span class='ocrx_word' id='word_1_436' title='bbox 770 3181 918 3252; x_wconf 91' lang='lat' dir='ltr'><strong>ipsos</strong></span> <span class='ocrx_word' id='word_1_437' title='bbox 958 3183 992 3237; x_wconf 74' lang='grc'>4</span> <span class='ocrx_word' id='word_1_438' title='bbox 1037 3181 1222 3240; x_wconf 87' lang='lat' dir='ltr'><strong>Nonas</strong></span> <span class='ocrx_word' id='word_1_439' title='bbox 1263 3184 1516 3241; x_wconf 88' lang='lat' dir='ltr'><strong>Octobris</strong></span> <span class='ocrx_word' id='word_1_440' title='bbox 1557 3194 1643 3241; x_wconf 91' lang='lat' dir='ltr'><strong>est</strong></span> <span class='ocrx_word' id='word_1_441' title='bbox 1680 3186 1983 3258; x_wconf 86' lang='lat' dir='ltr'><strong>ingressus,</strong></span> <span class='ocrx_word' id='word_1_442' title='bbox 2037 3198 2093 3244; x_wconf 90' lang='lat' dir='ltr'><strong>et</strong></span> 
     </span>
    </p>
   </div>
   <div class='ocr_carea' id='block_1_64' title="bbox 503 3272 2092 3351">
    <p class='ocr_par' dir='ltr' id='par_1_64' title="bbox 503 3272 2092 3351">
     <span class='ocr_line' id='line_1_64' title="bbox 503 3272 2092 3351; baseline 0.004 -24"><span class='ocrx_word' id='word_1_443' title='bbox 503 3272 695 3328; x_wconf 89' lang='lat' dir='ltr'><strong>eadem</strong></span> <span class='ocrx_word' id='word_1_444' title='bbox 742 3274 831 3329; x_wconf 88' lang='lat' dir='ltr'><strong>die</strong></span> <span class='ocrx_word' id='word_1_445' title='bbox 879 3275 1079 3331; x_wconf 89' lang='lat' dir='ltr'><strong>occidit</strong></span> <span class='ocrx_word' id='word_1_446' title='bbox 1106 3276 1182 3332; x_wconf 87' lang='lat' dir='ltr'><strong>ibi</strong></span> <span class='ocrx_word' id='word_1_447' title='bbox 1230 3277 1301 3309; x_wconf 67' lang='lat'><strong>7”</strong></span> <span class='ocrx_word' id='word_1_448' title='bbox 1326 3278 1521 3334; x_wconf 90' lang='lat' dir='ltr'><strong>ducem</strong></span> <span class='ocrx_word' id='word_1_449' title='bbox 1570 3278 1818 3349; x_wconf 89' lang='lat' dir='ltr'><strong>ejusdem</strong></span> <span class='ocrx_word' id='word_1_450' title='bbox 1860 3279 2092 3351; x_wconf 85' lang='lat' dir='ltr'><strong>legionis</strong></span> 
     </span>
    </p>
   </div>
   <div class='ocr_carea' id='block_1_65' title="bbox 505 3363 2094 3443">
    <p class='ocr_par' dir='ltr' id='par_1_65' title="bbox 505 3363 2094 3443">
     <span class='ocr_line' id='line_1_65' title="bbox 505 3363 2094 3443; baseline 0.005 -25"><span class='ocrx_word' id='word_1_451' title='bbox 505 3363 727 3421; x_wconf 88' lang='lat' dir='ltr'><strong>Tirsum</strong></span> <span class='ocrx_word' id='word_1_452' title='bbox 755 3367 826 3399; x_wconf 73' lang='grc'><strong>⁷⁸⁵</strong></span> <span class='ocrx_word' id='word_1_453' title='bbox 855 3383 979 3423; x_wconf 89' lang='lat' dir='ltr'><strong>cum</strong></span> <span class='ocrx_word' id='word_1_454' title='bbox 1002 3370 1260 3426; x_wconf 86' lang='lat' dir='ltr'><strong>omnibus</strong></span> <span class='ocrx_word' id='word_1_455' title='bbox 1287 3371 1640 3427; x_wconf 87' lang='lat' dir='ltr'><strong>comitatibus</strong></span> <span class='ocrx_word' id='word_1_456' title='bbox 1668 3372 1804 3428; x_wconf 90' lang='lat' dir='ltr'><strong>suis.</strong></span> <span class='ocrx_word' id='word_1_457' title='bbox 1833 3370 2094 3443; x_wconf 87' lang='lat' dir='ltr'><strong>Sequenti</strong></span> 
     </span>
    </p>
   </div>
   <div class='ocr_carea' id='block_1_66' title="bbox 505 3458 2093 3527">
    <p class='ocr_par' dir='ltr' id='par_1_66' title="bbox 505 3458 2093 3527">
     <span class='ocr_line' id='line_1_66' title="bbox 505 3458 2093 3527; baseline 0.004 -14"><span class='ocrx_word' id='word_1_458' title='bbox 505 3465 688 3513; x_wconf 88' lang='lat' dir='ltr'><strong>autem</strong></span> <span class='ocrx_word' id='word_1_459' title='bbox 714 3459 802 3515; x_wconf 90' lang='lat' dir='ltr'><strong>die</strong></span> <span class='ocrx_word' id='word_1_460' title='bbox 829 3458 1178 3527; x_wconf 86' lang='lat' dir='ltr'><strong>Palmatium,</strong></span> <span class='ocrx_word' id='word_1_461' title='bbox 1211 3463 1514 3520; x_wconf 75' lang='lat' dir='ltr'><strong>Treverica:</strong></span> <span class='ocrx_word' id='word_1_462' title='bbox 1543 3465 1780 3523; x_wconf 87' lang='lat' dir='ltr'><strong>civitatis</strong></span> <span class='ocrx_word' id='word_1_463' title='bbox 1808 3467 2093 3521; x_wconf 92' lang='lat' dir='ltr'><strong>consulem</strong></span> 
     </span>
    </p>
   </div>
   <div class='ocr_carea' id='block_1_67' title="bbox 504 3548 2097 3629">
    <p class='ocr_par' dir='ltr' id='par_1_67' title="bbox 504 3548 2097 3629">
     <span class='ocr_line' id='line_1_67' title="bbox 504 3548 2097 3629; baseline 0.006 -25"><span class='ocrx_word' id='word_1_464' title='bbox 504 3558 561 3605; x_wconf 86' lang='lat' dir='ltr'><strong>et</strong></span> <span class='ocrx_word' id='word_1_465' title='bbox 583 3548 873 3620; x_wconf 87' lang='lat' dir='ltr'><strong>patricium</strong></span> <span class='ocrx_word' id='word_1_466' title='bbox 893 3595 906 3622; x_wconf 94' lang='lat'><strong>,</strong></span> <span class='ocrx_word' id='word_1_467' title='bbox 939 3570 1064 3610; x_wconf 89' lang='lat' dir='ltr'><strong>cum</strong></span> <span class='ocrx_word' id='word_1_468' title='bbox 1095 3556 1351 3612; x_wconf 90' lang='lat' dir='ltr'><strong>omnibus</strong></span> <span class='ocrx_word' id='word_1_469' title='bbox 1379 3557 1625 3628; x_wconf 88' lang='lat' dir='ltr'><strong>ejusdem</strong></span> <span class='ocrx_word' id='word_1_470' title='bbox 1668 3557 1908 3613; x_wconf 88' lang='lat' dir='ltr'><strong>civitatis</strong></span> <span class='ocrx_word' id='word_1_471' title='bbox 1951 3558 2097 3629; x_wconf 88' lang='lat' dir='ltr'><strong>prin—</strong></span> 
     </span>
    </p>
   </div>
   <div class='ocr_carea' id='block_1_68' title="bbox 505 3642 2097 3712">
    <p class='ocr_par' dir='ltr' id='par_1_68' title="bbox 505 3642 2097 3712">
     <span class='ocr_line' id='line_1_68' title="bbox 505 3642 2097 3712; baseline 0.006 -16"><span class='ocrx_word' id='word_1_472' title='bbox 505 3642 719 3712; x_wconf 89' lang='lat' dir='ltr'><strong>cipibus</strong></span> <span class='ocrx_word' id='word_1_473' title='bbox 765 3644 1054 3702; x_wconf 81' lang='lat' dir='ltr'><strong>interfecit.</strong></span> <span class='ocrx_word' id='word_1_474' title='bbox 1088 3645 1279 3703; x_wconf 88' lang='lat' dir='ltr'><strong>Tereia</strong></span> <span class='ocrx_word' id='word_1_475' title='bbox 1306 3664 1437 3703; x_wconf 88' lang='lat' dir='ltr'><strong>vero</strong></span> <span class='ocrx_word' id='word_1_476' title='bbox 1476 3649 1565 3704; x_wconf 92' lang='lat' dir='ltr'><strong>die</strong></span> <span class='ocrx_word' id='word_1_477' title='bbox 1608 3650 1810 3705; x_wconf 69' lang='lat' dir='ltr'><strong>aedem</strong></span> <span class='ocrx_word' id='word_1_478' title='bbox 1852 3651 2097 3706; x_wconf 82' lang='lat' dir='ltr'><strong>exercuit</strong></span> 
     </span>
    </p>
   </div>
   <div class='ocr_carea' id='block_1_69' title="bbox 507 3733 2095 3811">
    <p class='ocr_par' dir='ltr' id='par_1_69' title="bbox 507 3733 2095 3811">
     <span class='ocr_line' id='line_1_69' title="bbox 507 3733 2095 3811; baseline 0.005 -23"><span class='ocrx_word' id='word_1_479' title='bbox 507 3733 563 3788; x_wconf 93' lang='lat' dir='ltr'><strong>in</strong></span> <span class='ocrx_word' id='word_1_480' title='bbox 592 3734 747 3804; x_wconf 88' lang='lat' dir='ltr'><strong>plebe</strong></span> <span class='ocrx_word' id='word_1_481' title='bbox 791 3752 957 3793; x_wconf 81' lang='lat' dir='ltr'><strong>sexus</strong></span> <span class='ocrx_word' id='word_1_482' title='bbox 998 3740 1306 3811; x_wconf 88' lang='lat' dir='ltr'><strong>utriusque.</strong></span> <span class='ocrx_word' id='word_1_483' title='bbox 1341 3738 1550 3795; x_wconf 81' lang='lat' dir='ltr'><strong>Horum</strong></span> <span class='ocrx_word' id='word_1_484' title='bbox 1596 3751 1780 3797; x_wconf 90' lang='lat' dir='ltr'><strong>autem</strong></span> <span class='ocrx_word' id='word_1_485' title='bbox 1807 3743 2095 3799; x_wconf 85' lang='lat' dir='ltr'><strong>martirum</strong></span> 
     </span>
    </p>
   </div>
   <div class='ocr_carea' id='block_1_70' title="bbox 507 3829 2098 3905">
    <p class='ocr_par' dir='ltr' id='par_1_70' title="bbox 507 3829 2098 3905">
     <span class='ocr_line' id='line_1_70' title="bbox 507 3829 2098 3905; baseline 0.006 -24"><span class='ocrx_word' id='word_1_486' title='bbox 507 3840 740 3897; x_wconf 84' lang='lat' dir='ltr'><strong>corpora</strong></span> <span class='ocrx_word' id='word_1_487' title='bbox 787 3829 1208 3887; x_wconf 88' lang='lat' dir='ltr'><strong>innumerabilia</strong></span> <span class='ocrx_word' id='word_1_488' title='bbox 1257 3831 1314 3887; x_wconf 92' lang='lat' dir='ltr'><strong>in</strong></span> <span class='ocrx_word' id='word_1_489' title='bbox 1360 3832 1536 3888; x_wconf 87' lang='lat' dir='ltr'><strong>sancti</strong></span> <span class='ocrx_word' id='word_1_490' title='bbox 1575 3831 1793 3889; x_wconf 90' lang='lat' dir='ltr'><strong>Paulini</strong></span> <span class='ocrx_word' id='word_1_491' title='bbox 1833 3835 2098 3905; x_wconf 76' lang='lat' dir='ltr'><strong>archiepi-</strong></span> 
     </span>
    </p>
   </div>
   <div class='ocr_carea' id='block_1_71' title="bbox 2193 3086 3796 3167">
    <p class='ocr_par' dir='ltr' id='par_1_71' title="bbox 2193 3086 3796 3167">
     <span class='ocr_line' id='line_1_71' title="bbox 2193 3086 3796 3167; baseline -0.007 -17"><span class='ocrx_word' id='word_1_492' title='bbox 2193 3113 2288 3164; x_wconf 91' lang='lat' dir='ltr'><strong>nu,</strong></span> <span class='ocrx_word' id='word_1_493' title='bbox 2318 3095 2501 3167; x_wconf 89' lang='lat' dir='ltr'><strong>quoad</strong></span> <span class='ocrx_word' id='word_1_494' title='bbox 2555 3100 2759 3165; x_wconf 90' lang='lat' dir='ltr'><strong>posset,</strong></span> <span class='ocrx_word' id='word_1_495' title='bbox 2798 3092 3030 3148; x_wconf 89' lang='lat' dir='ltr'><strong>salutem</strong></span> <span class='ocrx_word' id='word_1_496' title='bbox 3066 3091 3240 3158; x_wconf 89' lang='lat' dir='ltr'><strong>tueri,</strong></span> <span class='ocrx_word' id='word_1_497' title='bbox 3290 3103 3454 3160; x_wconf 85' lang='lat' dir='ltr'><strong>quam</strong></span> <span class='ocrx_word' id='word_1_498' title='bbox 3486 3086 3707 3157; x_wconf 89' lang='lat' dir='ltr'><strong>probris</strong></span> <span class='ocrx_word' id='word_1_499' title='bbox 3735 3093 3796 3139; x_wconf 86' lang='lat' dir='ltr'><strong>et</strong></span> 
     </span>
    </p>
   </div>
   <div class='ocr_carea' id='block_1_72' title="bbox 2192 3179 3790 3256">
    <p class='ocr_par' dir='ltr' id='par_1_72' title="bbox 2192 3179 3790 3256">
     <span class='ocr_line' id='line_1_72' title="bbox 2192 3179 3790 3256; baseline -0.008 -11"><span class='ocrx_word' id='word_1_500' title='bbox 2192 3187 2540 3246; x_wconf 91' lang='lat' dir='ltr'><strong>contumeliis</strong></span> <span class='ocrx_word' id='word_1_501' title='bbox 2560 3185 2975 3242; x_wconf 83' lang='lat' dir='ltr'><strong>deformandum</strong></span> <span class='ocrx_word' id='word_1_502' title='bbox 3005 3184 3169 3256; x_wconf 66' lang='lat' dir='ltr'><strong>regite</strong></span> <span class='ocrx_word' id='word_1_503' title='bbox 3183 3199 3242 3239; x_wconf 89' lang='lat' dir='ltr'><strong>se</strong></span> <span class='ocrx_word' id='word_1_504' title='bbox 3262 3181 3478 3236; x_wconf 90' lang='lat' dir='ltr'><strong>tradere</strong></span> <span class='ocrx_word' id='word_1_505' title='bbox 3504 3179 3790 3250; x_wconf 70' lang='lat' dir='ltr'><strong>potentias.</strong></span> 
     </span>
    </p>
   </div>
   <div class='ocr_carea' id='block_1_73' title="bbox 2193 3272 3791 3353">
    <p class='ocr_par' dir='ltr' id='par_1_73' title="bbox 2193 3272 3791 3353">
     <span class='ocr_line' id='line_1_73' title="bbox 2193 3272 3791 3353; baseline -0.007 -17"><span class='ocrx_word' id='word_1_506' title='bbox 2193 3281 2539 3353; x_wconf 85' lang='lat' dir='ltr'><strong>lmperatrix,</strong></span> <span class='ocrx_word' id='word_1_507' title='bbox 2566 3294 2901 3351; x_wconf 90' lang='lat' dir='ltr'><strong>quamquam</strong></span> <span class='ocrx_word' id='word_1_508' title='bbox 2928 3285 3126 3333; x_wconf 90' lang='lat' dir='ltr'><strong>cuncta</strong></span> <span class='ocrx_word' id='word_1_509' title='bbox 3176 3275 3346 3332; x_wconf 91' lang='lat' dir='ltr'><strong>seculi</strong></span> <span class='ocrx_word' id='word_1_510' title='bbox 3387 3273 3614 3345; x_wconf 84' lang='lat' dir='ltr'><strong>negocia</strong></span> <span class='ocrx_word' id='word_1_511' title='bbox 3656 3272 3791 3326; x_wconf 74' lang='lat' dir='ltr'><strong>reli-</strong></span> 
     </span>
    </p>
   </div>
   <div class='ocr_carea' id='block_1_74' title="bbox 2194 3370 3792 3447">
    <p class='ocr_par' dir='ltr' id='par_1_74' title="bbox 2194 3370 3792 3447">
     <span class='ocr_line' id='line_1_74' title="bbox 2194 3370 3792 3447; baseline -0.008 -18"><span class='ocrx_word' id='word_1_512' title='bbox 2194 3376 2373 3447; x_wconf 87' lang='lat' dir='ltr'><strong>gionis</strong></span> <span class='ocrx_word' id='word_1_513' title='bbox 2401 3375 2627 3430; x_wconf 87' lang='lat' dir='ltr'><strong>obtentu</strong></span> <span class='ocrx_word' id='word_1_514' title='bbox 2653 3372 2708 3427; x_wconf 92' lang='lat' dir='ltr'><strong>in</strong></span> <span class='ocrx_word' id='word_1_515' title='bbox 2731 3380 3054 3442; x_wconf 87' lang='lat' dir='ltr'><strong>perpetuum</strong></span> <span class='ocrx_word' id='word_1_516' title='bbox 3090 3370 3418 3441; x_wconf 88' lang='lat' dir='ltr'><strong>ahjurasset,</strong></span> <span class='ocrx_word' id='word_1_517' title='bbox 3447 3382 3549 3421; x_wconf 90' lang='lat' dir='ltr'><strong>nec</strong></span> <span class='ocrx_word' id='word_1_518' title='bbox 3591 3381 3621 3420; x_wconf 92' lang='lat' dir='ltr'><strong>a</strong></span> <span class='ocrx_word' id='word_1_519' title='bbox 3662 3380 3792 3435; x_wconf 86' lang='lat' dir='ltr'><strong>pro-</strong></span> 
     </span>
    </p>
   </div>
   <div class='ocr_carea' id='block_1_75' title="bbox 2196 3456 3793 3537">
    <p class='ocr_par' dir='ltr' id='par_1_75' title="bbox 2196 3456 3793 3537">
     <span class='ocr_line' id='line_1_75' title="bbox 2196 3456 3793 3537; baseline -0.009 -14"><span class='ocrx_word' id='word_1_520' title='bbox 2196 3468 2376 3537; x_wconf 84' lang='lat' dir='ltr'><strong>posito</strong></span> <span class='ocrx_word' id='word_1_521' title='bbox 2404 3475 2587 3521; x_wconf 89' lang='lat' dir='ltr'><strong>tamen</strong></span> <span class='ocrx_word' id='word_1_522' title='bbox 2634 3480 2737 3519; x_wconf 91' lang='lat' dir='ltr'><strong>suo</strong></span> <span class='ocrx_word' id='word_1_523' title='bbox 2775 3464 3005 3518; x_wconf 89' lang='lat' dir='ltr'><strong>nimium</strong></span> <span class='ocrx_word' id='word_1_524' title='bbox 3032 3462 3105 3494; x_wconf 68' lang='grc'><strong>⁸⁰⁸</strong></span> <span class='ocrx_word' id='word_1_525' title='bbox 3131 3461 3429 3516; x_wconf 85' lang='lat' dir='ltr'><strong>abhorrere</strong></span> <span class='ocrx_word' id='word_1_526' title='bbox 3462 3472 3563 3512; x_wconf 92' lang='lat' dir='ltr'><strong>nec</strong></span> <span class='ocrx_word' id='word_1_527' title='bbox 3606 3456 3678 3510; x_wconf 88' lang='lat' dir='ltr'><strong>ab</strong></span> <span class='ocrx_word' id='word_1_528' title='bbox 3706 3471 3793 3510; x_wconf 88' lang='lat' dir='ltr'><strong>ec-</strong></span> 
     </span>
    </p>
   </div>
   <div class='ocr_carea' id='block_1_76' title="bbox 2196 3548 3789 3624">
    <p class='ocr_par' dir='ltr' id='par_1_76' title="bbox 2196 3548 3789 3624">
     <span class='ocr_line' id='line_1_76' title="bbox 2196 3548 3789 3624; baseline -0.009 -6"><span class='ocrx_word' id='word_1_529' title='bbox 2196 3561 2503 3618; x_wconf 87' lang='lat' dir='ltr'><strong>clesiastica</strong></span> <span class='ocrx_word' id='word_1_530' title='bbox 2537 3558 2820 3614; x_wconf 71' lang='lat' dir='ltr'><strong>iunctione</strong></span> <span class='ocrx_word' id='word_1_531' title='bbox 2844 3557 3083 3612; x_wconf 89' lang='lat' dir='ltr'><strong>alienum</strong></span> <span class='ocrx_word' id='word_1_532' title='bbox 3119 3552 3238 3609; x_wconf 85' lang='lat' dir='ltr'><strong>fore</strong></span> <span class='ocrx_word' id='word_1_533' title='bbox 3270 3550 3563 3624; x_wconf 81' lang='lat' dir='ltr'><strong>judicavit,</strong></span> <span class='ocrx_word' id='word_1_534' title='bbox 3592 3549 3640 3604; x_wconf 93' lang='lat' dir='ltr'><strong>si</strong></span> <span class='ocrx_word' id='word_1_535' title='bbox 3671 3548 3789 3603; x_wconf 88' lang='lat' dir='ltr'><strong>viro</strong></span> 
     </span>
    </p>
   </div>
   <div class='ocr_carea' id='block_1_77' title="bbox 2197 3639 3791 3726">
    <p class='ocr_par' dir='ltr' id='par_1_77' title="bbox 2197 3639 3791 3726">
     <span class='ocr_line' id='line_1_77' title="bbox 2197 3639 3791 3726; baseline -0.011 -15"><span class='ocrx_word' id='word_1_536' title='bbox 2197 3656 2402 3726; x_wconf 81' lang='lat' dir='ltr'><strong>Optime</strong></span> <span class='ocrx_word' id='word_1_537' title='bbox 2421 3668 2549 3725; x_wconf 82' lang='lat' dir='ltr'><strong>erga</strong></span> <span class='ocrx_word' id='word_1_538' title='bbox 2577 3668 2636 3708; x_wconf 92' lang='lat' dir='ltr'><strong>se</strong></span> <span class='ocrx_word' id='word_1_539' title='bbox 2656 3651 2852 3706; x_wconf 90' lang='lat' dir='ltr'><strong>merito</strong></span> <span class='ocrx_word' id='word_1_540' title='bbox 2881 3650 2935 3704; x_wconf 92' lang='lat' dir='ltr'><strong>in</strong></span> <span class='ocrx_word' id='word_1_541' title='bbox 2955 3648 3202 3720; x_wconf 85' lang='lat' dir='ltr'><strong>angustis</strong></span> <span class='ocrx_word' id='word_1_542' title='bbox 3222 3645 3389 3702; x_wconf 91' lang='lat' dir='ltr'><strong>rebus</strong></span> <span class='ocrx_word' id='word_1_543' title='bbox 3422 3659 3579 3719; x_wconf 89' lang='lat' dir='ltr'><strong>opem</strong></span> <span class='ocrx_word' id='word_1_544' title='bbox 3621 3639 3791 3696; x_wconf 84' lang='lat' dir='ltr'><strong>ferret</strong></span> 
     </span>
    </p>
   </div>
   <div class='ocr_carea' id='block_1_78' title="bbox 2198 3732 3782 3815">
    <p class='ocr_par' dir='ltr' id='par_1_78' title="bbox 2198 3732 3782 3815">
     <span class='ocr_line' id='line_1_78' title="bbox 2198 3732 3782 3815; baseline -0.009 -14"><span class='ocrx_word' id='word_1_545' title='bbox 2198 3755 2253 3801; x_wconf 91' lang='lat' dir='ltr'><strong>et</strong></span> <span class='ocrx_word' id='word_1_546' title='bbox 2279 3745 2392 3800; x_wconf 92' lang='lat' dir='ltr'><strong>ﬁlio</strong></span> <span class='ocrx_word' id='word_1_547' title='bbox 2423 3742 2737 3815; x_wconf 89' lang='lat' dir='ltr'><strong>juveniliter</strong></span> <span class='ocrx_word' id='word_1_548' title='bbox 2789 3738 3155 3796; x_wconf 88' lang='lat' dir='ltr'><strong>tumultuanti</strong></span> <span class='ocrx_word' id='word_1_549' title='bbox 3193 3736 3419 3792; x_wconf 90' lang='lat' dir='ltr'><strong>modum</strong></span> <span class='ocrx_word' id='word_1_550' title='bbox 3460 3732 3782 3804; x_wconf 84' lang='lat' dir='ltr'><strong>imponeret.</strong></span> 
     </span>
    </p>
   </div>
   <div class='ocr_carea' id='block_1_79' title="bbox 2200 3827 3783 3907">
    <p class='ocr_par' dir='ltr' id='par_1_79' title="bbox 2200 3827 3783 3907">
     <span class='ocr_line' id='line_1_79' title="bbox 2200 3827 3783 3907; baseline -0.009 -15"><span class='ocrx_word' id='word_1_551' title='bbox 2200 3838 2361 3894; x_wconf 81' lang='lat' dir='ltr'><strong>Venit</strong></span> <span class='ocrx_word' id='word_1_552' title='bbox 2397 3838 2582 3907; x_wconf 91' lang='lat' dir='ltr'><strong>itaque</strong></span> <span class='ocrx_word' id='word_1_553' title='bbox 2627 3833 3022 3900; x_wconf 80' lang='lat' dir='ltr'><strong>Wormaciam,</strong></span> <span class='ocrx_word' id='word_1_554' title='bbox 3076 3829 3416 3901; x_wconf 88' lang='lat' dir='ltr'><strong>amplissimo</strong></span> <span class='ocrx_word' id='word_1_555' title='bbox 3447 3827 3647 3896; x_wconf 89' lang='lat' dir='ltr'><strong>stipata</strong></span> <span class='ocrx_word' id='word_1_556' title='bbox 3681 3840 3783 3879; x_wconf 79' lang='lat' dir='ltr'><strong>nu—</strong></span> 
     </span>
    </p>
   </div>
   <div class='ocr_carea' id='block_1_80' title="bbox 510 3919 1213 3999">
    <p class='ocr_par' dir='ltr' id='par_1_80' title="bbox 510 3919 1213 3999">
     <span class='ocr_line' id='line_1_80' title="bbox 510 3919 1213 3999; baseline 0.004 -27"><span class='ocrx_word' id='word_1_557' title='bbox 510 3920 662 3988; x_wconf 85' lang='lat' dir='ltr'><strong>scopi</strong></span> <span class='ocrx_word' id='word_1_558' title='bbox 689 3919 874 3989; x_wconf 88' lang='lat' dir='ltr'><strong>jacent</strong></span> <span class='ocrx_word' id='word_1_559' title='bbox 903 3923 1152 3999; x_wconf 87' lang='lat' dir='ltr'><strong>ecclesia.</strong></span> <span class='ocrx_word' id='word_1_560' title='bbox 1194 3941 1213 3975; x_wconf 84' lang='grc'><strong>›</strong></span> 
     </span>
    </p>
   </div>
   <div class='ocr_carea' id='block_1_81' title="bbox 2200 3916 3786 3990">
    <p class='ocr_par' dir='ltr' id='par_1_81' title="bbox 2200 3916 3786 3990">
     <span class='ocr_line' id='line_1_81' title="bbox 2200 3916 3786 3990; baseline -0.011 -4"><span class='ocrx_word' id='word_1_561' title='bbox 2200 3946 2354 3986; x_wconf 91' lang='lat' dir='ltr'><strong>mero</strong></span> <span class='ocrx_word' id='word_1_562' title='bbox 2390 3929 2650 3984; x_wconf 89' lang='lat' dir='ltr'><strong>abbatum</strong></span> <span class='ocrx_word' id='word_1_563' title='bbox 2679 3934 2734 3981; x_wconf 90' lang='lat' dir='ltr'><strong>et</strong></span> <span class='ocrx_word' id='word_1_564' title='bbox 2760 3925 3182 3990; x_wconf 90' lang='lat' dir='ltr'><strong>monachorum,</strong></span> <span class='ocrx_word' id='word_1_565' title='bbox 3229 3929 3283 3975; x_wconf 91' lang='lat' dir='ltr'><strong>et</strong></span> <span class='ocrx_word' id='word_1_566' title='bbox 3334 3918 3654 3990; x_wconf 61' lang='lat' dir='ltr'><strong>praedictum</strong></span> <span class='ocrx_word' id='word_1_567' title='bbox 3694 3916 3786 3971; x_wconf 84' lang='lat' dir='ltr'><strong>du-</strong></span> 
     </span>
    </p>
   </div>
   <div class='ocr_carea' id='block_1_82' title="bbox 582 4007 2095 4088">
    <p class='ocr_par' dir='ltr' id='par_1_82' title="bbox 582 4007 2095 4088">
     <span class='ocr_line' id='line_1_82' title="bbox 582 4007 2095 4088; baseline 0.004 -23"><span class='ocrx_word' id='word_1_568' title='bbox 582 4007 696 4066; x_wconf 82' lang='lat' dir='ltr'><strong>Rex</strong></span> <span class='ocrx_word' id='word_1_569' title='bbox 725 4014 1105 4069; x_wconf 85' lang='lat' dir='ltr'><strong>ascensionem</strong></span> <span class='ocrx_word' id='word_1_570' title='bbox 1134 4015 1205 4047; x_wconf 74' lang='grc'><strong>⁷³⁸</strong></span> <span class='ocrx_word' id='word_1_571' title='bbox 1232 4013 1451 4070; x_wconf 80' lang='lat' dir='ltr'><strong>Domini</strong></span> <span class='ocrx_word' id='word_1_572' title='bbox 1481 4015 1746 4072; x_wconf 72' lang='lat' dir='ltr'><strong>Goslaria:</strong></span> <span class='ocrx_word' id='word_1_573' title='bbox 1778 4017 1935 4087; x_wconf 83' lang='lat' dir='ltr'><strong>(Mai.</strong></span> <span class='ocrx_word' id='word_1_574' title='bbox 1973 4017 2059 4088; x_wconf 85' lang='lat' dir='ltr'><strong>l7)</strong></span> <span class='ocrx_word' id='word_1_575' title='bbox 2080 4060 2095 4085; x_wconf 94' lang='lat'><strong>,</strong></span> 
     </span>
    </p>
   </div>
   <div class='ocr_carea' id='block_1_83' title="bbox 2200 4010 3781 4091">
    <p class='ocr_par' dir='ltr' id='par_1_83' title="bbox 2200 4010 3781 4091">
     <span class='ocr_line' id='line_1_83' title="bbox 2200 4010 3781 4091; baseline -0.009 -13"><span class='ocrx_word' id='word_1_576' title='bbox 2200 4039 2341 4091; x_wconf 87' lang='lat' dir='ltr'><strong>cem,</strong></span> <span class='ocrx_word' id='word_1_577' title='bbox 2384 4036 2511 4077; x_wconf 90' lang='lat' dir='ltr'><strong>cum</strong></span> <span class='ocrx_word' id='word_1_578' title='bbox 2543 4018 2866 4089; x_wconf 84' lang='lat' dir='ltr'><strong>interposita</strong></span> <span class='ocrx_word' id='word_1_579' title='bbox 2891 4016 2997 4072; x_wconf 88' lang='lat' dir='ltr'><strong>ﬁde</strong></span> <span class='ocrx_word' id='word_1_580' title='bbox 3042 4014 3387 4071; x_wconf 85' lang='lat' dir='ltr'><strong>Coloniensis</strong></span> <span class='ocrx_word' id='word_1_581' title='bbox 3414 4020 3468 4067; x_wconf 90' lang='lat' dir='ltr'><strong>et</strong></span> <span class='ocrx_word' id='word_1_582' title='bbox 3491 4010 3781 4065; x_wconf 70' lang='lat' dir='ltr'><strong>Moaontini</strong></span> 
     </span>
    </p>
   </div>
   <div class='ocr_carea' id='block_1_84' title="bbox 512 4103 3785 4206">
    <p class='ocr_par' dir='ltr' id='par_1_84' title="bbox 512 4103 3785 4206">
     <span class='ocr_line' id='line_1_84' title="bbox 512 4103 3785 4206; baseline -0.005 -33"><span class='ocrx_word' id='word_1_583' title='bbox 909 4104 1276 4206; x_wconf 43' lang='lat' dir='ltr'><strong>{lagadahurg</strong></span> <span class='ocrx_word' id='word_1_584' title='bbox 1322 4108 1391 4140; x_wconf 80' lang='grc'><strong>⁷⁹⁷</strong></span> <span class='ocrx_word' id='word_1_585' title='bbox 1439 4107 1736 4164; x_wconf 84' lang='lat' dir='ltr'><strong>celebravit</strong></span> <span class='ocrx_word' id='word_1_586' title='bbox 1765 4109 1911 4181; x_wconf 71' lang='lat'><strong>(282)</strong></span> <span class='ocrx_word' id='word_1_587' title='bbox 1937 4108 2095 4183; x_wconf 72' lang='grc' dir='ltr'><strong>[Μαί.</strong></span> <span class='ocrx_word' id='word_1_588' title='bbox 2202 4117 2273 4148; x_wconf 69' lang='grc' dir='ltr'><strong>⁸ου</strong></span> <span class='ocrx_word' id='word_1_589' title='bbox 2310 4113 2848 4183; x_wconf 85' lang='lat' dir='ltr'><strong>archiepiscoporum</strong></span> <span class='ocrx_word' id='word_1_590' title='bbox 2896 4125 3085 4165; x_wconf 91' lang='lat' dir='ltr'><strong>coram</strong></span> <span class='ocrx_word' id='word_1_591' title='bbox 3116 4108 3375 4173; x_wconf 88' lang='lat' dir='ltr'><strong>venisset,</strong></span> <span class='ocrx_word' id='word_1_592' title='bbox 3412 4105 3564 4161; x_wconf 90' lang='lat' dir='ltr'><strong>omni</strong></span> <span class='ocrx_word' id='word_1_593' title='bbox 3592 4105 3664 4136; x_wconf 75' lang='lat'><strong>&#39;°&#39;</strong></span> <span class='ocrx_word' id='word_1_594' title='bbox 3687 4103 3785 4158; x_wconf 78' lang='lat' dir='ltr'><strong>cri-</strong></span> 
     </span>
    </p>
   </div>
   <div class='ocr_carea' id='block_1_85' title="bbox 510 4192 3783 4281">
    <p class='ocr_par' dir='ltr' id='par_1_85' title="bbox 510 4192 3783 4281">
     <span class='ocr_line' id='line_1_85' title="bbox 510 4192 3783 4281; baseline 0.002 -36"><span class='ocrx_word' id='word_1_595' title='bbox 510 4192 624 4281; x_wconf 76' lang='lat'><strong>27].</strong></span> <span class='ocrx_word' id='word_1_596' title='bbox 659 4192 762 4252; x_wconf 88' lang='lat' dir='ltr'><strong>Ubi</strong></span> <span class='ocrx_word' id='word_1_597' title='bbox 791 4196 1084 4255; x_wconf 84' lang='lat' dir='ltr'><strong>Adalberto</strong></span> <span class='ocrx_word' id='word_1_598' title='bbox 1129 4200 1200 4232; x_wconf 67' lang='lat'><strong>&quot;3</strong></span> <span class='ocrx_word' id='word_1_599' title='bbox 1242 4199 1525 4257; x_wconf 86' lang='lat' dir='ltr'><strong>Premensi</strong></span> <span class='ocrx_word' id='word_1_600' title='bbox 1569 4202 2012 4273; x_wconf 89' lang='lat' dir='ltr'><strong>archiepisc0po,</strong></span> <span class='ocrx_word' id='word_1_601' title='bbox 2044 4204 2100 4259; x_wconf 89' lang='lat' dir='ltr'><strong>in</strong></span> <span class='ocrx_word' id='word_1_602' title='bbox 2203 4208 2368 4263; x_wconf 89' lang='lat' dir='ltr'><strong>minis</strong></span> <span class='ocrx_word' id='word_1_603' title='bbox 2416 4203 2732 4275; x_wconf 84' lang='lat' dir='ltr'><strong>suspicione</strong></span> <span class='ocrx_word' id='word_1_604' title='bbox 2781 4201 3044 4267; x_wconf 86' lang='lat' dir='ltr'><strong>absolvit,</strong></span> <span class='ocrx_word' id='word_1_605' title='bbox 3113 4199 3410 4269; x_wconf 85' lang='lat' dir='ltr'><strong>statimque</strong></span> <span class='ocrx_word' id='word_1_606' title='bbox 3473 4194 3783 4267; x_wconf 87' lang='lat' dir='ltr'><strong>compositis</strong></span> 
     </span>
    </p>
   </div>
   <div class='ocr_carea' id='block_1_86' title="bbox 511 4288 3783 4377">
    <p class='ocr_par' dir='ltr' id='par_1_86' title="bbox 511 4288 3783 4377">
     <span class='ocr_line' id='line_1_86' title="bbox 511 4288 3783 4377; baseline -0 -35"><span class='ocrx_word' id='word_1_607' title='bbox 511 4288 951 4361; x_wconf 79' lang='lat' dir='ltr'><strong>quadragesima,</strong></span> <span class='ocrx_word' id='word_1_608' title='bbox 981 4301 1043 4348; x_wconf 88' lang='lat' dir='ltr'><strong>ut</strong></span> <span class='ocrx_word' id='word_1_609' title='bbox 1068 4294 1386 4364; x_wconf 65' lang='lat' dir='ltr'><strong>praedictum</strong></span> <span class='ocrx_word' id='word_1_610' title='bbox 1430 4302 1535 4361; x_wconf 89' lang='lat' dir='ltr'><strong>est,</strong></span> <span class='ocrx_word' id='word_1_611' title='bbox 1570 4292 1850 4377; x_wconf 80' lang='lat' dir='ltr'><strong>defuncto,</strong></span> <span class='ocrx_word' id='word_1_612' title='bbox 1888 4311 2101 4352; x_wconf 89' lang='lat' dir='ltr'><strong>succes-</strong></span> <span class='ocrx_word' id='word_1_613' title='bbox 2131 4336 2173 4377; x_wconf 12' lang='lat' dir='ltr'><strong>ns</strong></span> <span class='ocrx_word' id='word_1_614' title='bbox 2203 4304 2426 4368; x_wconf 89' lang='lat' dir='ltr'><strong>propter</strong></span> <span class='ocrx_word' id='word_1_615' title='bbox 2462 4311 2584 4366; x_wconf 76' lang='lat' dir='ltr'><strong>quae</strong></span> <span class='ocrx_word' id='word_1_616' title='bbox 2612 4302 2857 4360; x_wconf 86' lang='lat' dir='ltr'><strong>venerat,</strong></span> <span class='ocrx_word' id='word_1_617' title='bbox 2898 4309 2926 4347; x_wconf 87' lang='lat' dir='ltr'><strong>a</strong></span> <span class='ocrx_word' id='word_1_618' title='bbox 2966 4291 3080 4347; x_wconf 90' lang='lat' dir='ltr'><strong>ﬁlio</strong></span> <span class='ocrx_word' id='word_1_619' title='bbox 3136 4290 3405 4347; x_wconf 90' lang='lat' dir='ltr'><strong>abscessit</strong></span> <span class='ocrx_word' id='word_1_620' title='bbox 3430 4289 3524 4355; x_wconf 72' lang='grc' dir='ltr'><strong>δον,</strong></span> <span class='ocrx_word' id='word_1_621' title='bbox 3578 4295 3640 4342; x_wconf 83' lang='grc' dir='ltr'><strong>ιιι</strong></span> <span class='ocrx_word' id='word_1_622' title='bbox 3681 4302 3783 4341; x_wconf 91' lang='lat' dir='ltr'><strong>non</strong></span> 
     </span>
    </p>
   </div>
   <div class='ocr_carea' id='block_1_87' title="bbox 514 4361 3784 4458">
    <p class='ocr_par' dir='ltr' id='par_1_87' title="bbox 514 4361 3784 4458">
     <span class='ocr_line' id='line_1_87' title="bbox 514 4361 3784 4458; baseline -0.001 -25"><span class='ocrx_word' id='word_1_623' title='bbox 514 4394 693 4434; x_wconf 78' lang='lat' dir='ltr'><strong>sarem</strong></span> <span class='ocrx_word' id='word_1_624' title='bbox 720 4384 1006 4440; x_wconf 89' lang='lat' dir='ltr'><strong>constituit</strong></span> <span class='ocrx_word' id='word_1_625' title='bbox 1044 4385 1357 4441; x_wconf 90' lang='lat' dir='ltr'><strong>Liemarum</strong></span> <span class='ocrx_word' id='word_1_626' title='bbox 1380 4429 1394 4454; x_wconf 91' lang='lat'><strong>,</strong></span> <span class='ocrx_word' id='word_1_627' title='bbox 1425 4374 1645 4456; x_wconf 80' lang='lat' dir='ltr'><strong>optimae</strong></span> <span class='ocrx_word' id='word_1_628' title='bbox 1685 4388 1800 4458; x_wconf 87' lang='lat' dir='ltr'><strong>spei</strong></span> <span class='ocrx_word' id='word_1_629' title='bbox 1838 4388 2098 4457; x_wconf 88' lang='lat' dir='ltr'><strong>juvenem</strong></span> <span class='ocrx_word' id='word_1_630' title='bbox 2131 4361 2177 4421; x_wconf 81' lang='lat' dir='ltr'>D</span> <span class='ocrx_word' id='word_1_631' title='bbox 2204 4399 2317 4445; x_wconf 87' lang='lat' dir='ltr'><strong>tam</strong></span> <span class='ocrx_word' id='word_1_632' title='bbox 2347 4387 2555 4444; x_wconf 87' lang='lat' dir='ltr'><strong>carnali</strong></span> <span class='ocrx_word' id='word_1_633' title='bbox 2609 4385 2899 4441; x_wconf 67' lang='lat' dir='ltr'><strong>affectione</strong></span> <span class='ocrx_word' id='word_1_634' title='bbox 2958 4398 3125 4455; x_wconf 90' lang='lat' dir='ltr'><strong>quam</strong></span> <span class='ocrx_word' id='word_1_635' title='bbox 3166 4380 3481 4438; x_wconf 88' lang='lat' dir='ltr'><strong>communis</strong></span> <span class='ocrx_word' id='word_1_636' title='bbox 3518 4376 3784 4434; x_wconf 87' lang='lat' dir='ltr'><strong>commodi</strong></span> 
     </span>
    </p>
   </div>
   <div class='ocr_carea' id='block_1_88' title="bbox 513 4469 3783 4550">
    <p class='ocr_par' dir='ltr' id='par_1_88' title="bbox 513 4469 3783 4550">
     <span class='ocr_line' id='line_1_88' title="bbox 513 4469 3783 4550; baseline -0.001 -26"><span class='ocrx_word' id='word_1_637' title='bbox 513 4478 568 4525; x_wconf 83' lang='lat' dir='ltr'><strong>et</strong></span> <span class='ocrx_word' id='word_1_638' title='bbox 596 4473 841 4529; x_wconf 88' lang='lat' dir='ltr'><strong>omnium</strong></span> <span class='ocrx_word' id='word_1_639' title='bbox 872 4475 1181 4533; x_wconf 90' lang='lat' dir='ltr'><strong>liberalium</strong></span> <span class='ocrx_word' id='word_1_640' title='bbox 1229 4480 1429 4533; x_wconf 88' lang='lat' dir='ltr'><strong>artium</strong></span> <span class='ocrx_word' id='word_1_641' title='bbox 1461 4478 1656 4549; x_wconf 86' lang='lat' dir='ltr'><strong>peritia</strong></span> <span class='ocrx_word' id='word_1_642' title='bbox 1685 4479 1929 4550; x_wconf 87' lang='lat' dir='ltr'><strong>adprime</strong></span> <span class='ocrx_word' id='word_1_643' title='bbox 1970 4480 2103 4535; x_wconf 87' lang='lat' dir='ltr'><strong>insi-</strong></span> <span class='ocrx_word' id='word_1_644' title='bbox 2205 4481 2417 4536; x_wconf 90' lang='lat' dir='ltr'><strong>ratione</strong></span> <span class='ocrx_word' id='word_1_645' title='bbox 2443 4478 2511 4533; x_wconf 90' lang='lat' dir='ltr'><strong>ad</strong></span> <span class='ocrx_word' id='word_1_646' title='bbox 2541 4478 2683 4533; x_wconf 92' lang='lat' dir='ltr'><strong>hanc</strong></span> <span class='ocrx_word' id='word_1_647' title='bbox 2719 4475 2985 4532; x_wconf 89' lang='lat' dir='ltr'><strong>secularis</strong></span> <span class='ocrx_word' id='word_1_648' title='bbox 3021 4472 3234 4547; x_wconf 86' lang='lat' dir='ltr'><strong>negocii</strong></span> <span class='ocrx_word' id='word_1_649' title='bbox 3264 4469 3783 4527; x_wconf 87' lang='lat' dir='ltr'><strong>administrationem</strong></span> 
     </span>
    </p>
   </div>
   <div class='ocr_carea' id='block_1_89' title="bbox 1832 4608 2509 4666">
    <p class='ocr_par' dir='ltr' id='par_1_89' title="bbox 1832 4608 2509 4666">
     <span class='ocr_line' id='line_1_89' title="bbox 1832 4608 2509 4666; baseline 0.004 -4"><span class='ocrx_word' id='word_1_650' title='bbox 1832 4608 2068 4664; x_wconf 73' lang='lat' dir='ltr'><strong>VARUE</strong></span> <span class='ocrx_word' id='word_1_651' title='bbox 2105 4609 2509 4666; x_wconf 83' lang='lat' dir='ltr'><strong>LECTIONES.</strong></span> 
     </span>
    </p>
   </div>
   <div class='ocr_carea' id='block_1_90' title="bbox 587 4716 3787 4825">
    <p class='ocr_par' dir='ltr' id='par_1_90' title="bbox 587 4716 3787 4825">
     <span class='ocr_line' id='line_1_90' title="bbox 587 4716 3787 4825; baseline -0.002 -54"><span class='ocrx_word' id='word_1_652' title='bbox 587 4716 660 4825; x_wconf 52' lang='lat'><strong>1&#39;:</strong></span> <span class='ocrx_word' id='word_1_653' title='bbox 674 4725 857 4825; x_wconf 46' lang='lat' dir='ltr'><strong>“atque</strong></span> <span class='ocrx_word' id='word_1_654' title='bbox 886 4719 939 4774; x_wconf 89' lang='lat'><strong>5.</strong></span> <span class='ocrx_word' id='word_1_655' title='bbox 1038 4719 1108 4754; x_wconf 77' lang='grc'><strong>⁷⁸³</strong></span> <span class='ocrx_word' id='word_1_656' title='bbox 1130 4722 1460 4793; x_wconf 85' lang='lat' dir='ltr'><strong>aquasgrani</strong></span> <span class='ocrx_word' id='word_1_657' title='bbox 1497 4722 1543 4777; x_wconf 87' lang='lat' dir='ltr'><strong>l.</strong></span> <span class='ocrx_word' id='word_1_658' title='bbox 1577 4723 1653 4777; x_wconf 81' lang='lat'><strong>5?</strong></span> <span class='ocrx_word' id='word_1_659' title='bbox 1743 4721 1813 4753; x_wconf 78' lang='grc'><strong>⁷⁸⁷</strong></span> <span class='ocrx_word' id='word_1_660' title='bbox 1840 4719 2178 4825; x_wconf 72' lang='lat' dir='ltr'><strong>Harteshurg</strong></span> <span class='ocrx_word' id='word_1_661' title='bbox 2207 4723 2259 4777; x_wconf 92' lang='lat'><strong>5.</strong></span> <span class='ocrx_word' id='word_1_662' title='bbox 2295 4722 2346 4777; x_wconf 84' lang='lat'><strong>5.</strong></span> <span class='ocrx_word' id='word_1_663' title='bbox 2380 4722 2710 4792; x_wconf 80' lang='lat' dir='ltr'><strong>hartespurg</strong></span> <span class='ocrx_word' id='word_1_664' title='bbox 2742 4720 2790 4774; x_wconf 88' lang='grc'><strong>1.</strong></span> <span class='ocrx_word' id='word_1_665' title='bbox 2868 4718 2938 4751; x_wconf 76' lang='grc'><strong>⁷⁸⁸</strong></span> <span class='ocrx_word' id='word_1_666' title='bbox 2976 4726 3172 4789; x_wconf 90' lang='lat' dir='ltr'><strong>putant</strong></span> <span class='ocrx_word' id='word_1_667' title='bbox 3208 4719 3261 4772; x_wconf 86' lang='lat'><strong>5.</strong></span> <span class='ocrx_word' id='word_1_668' title='bbox 3345 4716 3417 4748; x_wconf 77' lang='grc'><strong>⁷⁸⁸</strong></span> <span class='ocrx_word' id='word_1_669' title='bbox 3458 4726 3694 4785; x_wconf 82' lang='lat' dir='ltr'><strong>quorum</strong></span> <span class='ocrx_word' id='word_1_670' title='bbox 3722 4740 3787 4752; x_wconf 71' lang='lat'><strong>~—</strong></span> 
     </span>
     <span class='ocr_line' id='line_1_91' title="bbox 713 4782 3781 4825; baseline 0 0"><span class='ocrx_word' id='word_1_671' title='bbox 713 4798 863 4825; x_wconf 72' lang='grc' dir='ltr'><strong>οοηηο</strong></span> <span class='ocrx_word' id='word_1_672' title='bbox 888 4790 918 4825; x_wconf 68' lang='grc' dir='ltr'><strong><em>Α</em></strong></span> <span class='ocrx_word' id='word_1_673' title='bbox 1014 4791 1085 4823; x_wconf 75' lang='lat'><strong>190</strong></span> <span class='ocrx_word' id='word_1_674' title='bbox 1118 4791 1322 4825; x_wconf 47' lang='lat' dir='ltr'><strong>unum.”</strong></span> <span class='ocrx_word' id='word_1_675' title='bbox 1355 4794 1377 4825; x_wconf 82' lang='grc' dir='ltr'><strong><em>ι</em></strong></span> <span class='ocrx_word' id='word_1_676' title='bbox 1439 4792 1472 4825; x_wconf 73' lang='lat' dir='ltr'><strong>&#39;x</strong></span> <span class='ocrx_word' id='word_1_677' title='bbox 1580 4794 1649 4825; x_wconf 73' lang='lat' dir='ltr'><strong>1n</strong></span> <span class='ocrx_word' id='word_1_678' title='bbox 1679 4790 1880 4825; x_wconf 67' lang='grc' dir='ltr'><strong>αησιια..</strong></span> <span class='ocrx_word' id='word_1_679' title='bbox 1912 4792 1933 4825; x_wconf 71' lang='grc' dir='ltr'><strong><em>Α</em></strong></span> <span class='ocrx_word' id='word_1_680' title='bbox 2000 4792 2028 4825; x_wconf 70' lang='grc' dir='ltr'><strong><em>ι</em></strong></span> <span class='ocrx_word' id='word_1_681' title='bbox 2171 4794 2216 4825; x_wconf 77' lang='lat' dir='ltr'><strong><em>n</em></strong></span> <span class='ocrx_word' id='word_1_682' title='bbox 2262 4792 2551 4825; x_wconf 60' lang='grc' dir='ltr'><strong>Πηυωςοιι..</strong></span> <span class='ocrx_word' id='word_1_683' title='bbox 2586 4791 2638 4825; x_wconf 70' lang='grc' dir='ltr'><strong>ι·</strong></span> <span class='ocrx_word' id='word_1_684' title='bbox 2732 4791 2802 4822; x_wconf 74' lang='lat' dir='ltr'><strong>na</strong></span> <span class='ocrx_word' id='word_1_685' title='bbox 2838 4783 3210 4825; x_wconf 66' lang='grc' dir='ltr'><strong>ηἰηίςηιιαι-ῐηα</strong></span> <span class='ocrx_word' id='word_1_686' title='bbox 3239 4788 3272 4825; x_wconf 68' lang='grc' dir='ltr'><strong>Α</strong></span> <span class='ocrx_word' id='word_1_687' title='bbox 3386 4786 3460 4819; x_wconf 66' lang='lat' dir='ltr'><strong>res</strong></span> <span class='ocrx_word' id='word_1_688' title='bbox 3498 4784 3700 4825; x_wconf 71' lang='lat' dir='ltr'><strong>ihidpm</strong></span> <span class='ocrx_word' id='word_1_689' title='bbox 3734 4782 3781 4825; x_wconf 69' lang='lat'><strong>3-</strong></span> 
     </span>
    </p>
   </div>
   <div class='ocr_carea' id='block_1_91' title="bbox 516 4782 3783 4863">
    <p class='ocr_par' dir='ltr' id='par_1_91' title="bbox 516 4782 3783 4863">
     <span class='ocr_line' id='line_1_92' title="bbox 516 4782 3783 4863; baseline -0.002 -21"><span class='ocrx_word' id='word_1_690' title='bbox 516 4782 863 4863; x_wconf 39' lang='lat' dir='ltr'><strong>{unadesunt</strong></span> <span class='ocrx_word' id='word_1_691' title='bbox 1014 4791 1085 4863; x_wconf 58' lang='lat'><strong>79°</strong></span> <span class='ocrx_word' id='word_1_692' title='bbox 1118 4782 1335 4863; x_wconf 59' lang='lat' dir='ltr'><strong>Tvrsus</strong></span> <span class='ocrx_word' id='word_1_693' title='bbox 1355 4794 1405 4847; x_wconf 83' lang='grc'><strong>1.</strong></span> <span class='ocrx_word' id='word_1_694' title='bbox 1439 4792 1491 4847; x_wconf 86' lang='lat'><strong>5.</strong></span> <span class='ocrx_word' id='word_1_695' title='bbox 1526 4794 1649 4863; x_wconf 12' lang='lat'><strong>17&quot;&quot;</strong></span> <span class='ocrx_word' id='word_1_696' title='bbox 1679 4790 1880 4863; x_wconf 88' lang='lat' dir='ltr'><strong>Sother</strong></span> <span class='ocrx_word' id='word_1_697' title='bbox 1912 4792 1962 4845; x_wconf 90' lang='grc'><strong>1.</strong></span> <span class='ocrx_word' id='word_1_698' title='bbox 1996 4792 2048 4846; x_wconf 68' lang='grc'><strong>4.</strong></span> <span class='ocrx_word' id='word_1_699' title='bbox 2146 4782 2216 4825; x_wconf 63' lang='grc' dir='ltr'><strong>ῖ⁹¹</strong></span> <span class='ocrx_word' id='word_1_700' title='bbox 2261 4792 2551 4848; x_wconf 87' lang='lat' dir='ltr'><strong>Hormisda</strong></span> <span class='ocrx_word' id='word_1_701' title='bbox 2575 4782 2638 4845; x_wconf 73' lang='grc'><strong>’1⁸</strong></span> <span class='ocrx_word' id='word_1_702' title='bbox 2679 4782 2707 4792; x_wconf 58' lang='grc' dir='ltr'>ν</span> <span class='ocrx_word' id='word_1_703' title='bbox 2732 4791 2802 4863; x_wconf 56' lang='grc' dir='ltr'><strong>’θξ</strong></span> <span class='ocrx_word' id='word_1_704' title='bbox 2838 4782 3211 4863; x_wconf 69' lang='lat' dir='ltr'><strong>Rictibuarius</strong></span> <span class='ocrx_word' id='word_1_705' title='bbox 3238 4788 3290 4841; x_wconf 76' lang='grc'><strong>4.</strong></span> <span class='ocrx_word' id='word_1_706' title='bbox 3386 4782 3700 4863; x_wconf 54' lang='lat' dir='ltr'><strong>&quot;&quot;ibidem</strong></span> <span class='ocrx_word' id='word_1_707' title='bbox 3734 4782 3783 4836; x_wconf 75' lang='lat'><strong>5.</strong></span> 
     </span>
    </p>
   </div>
   <div class='ocr_carea' id='block_1_92' title="bbox 513 4853 3785 4935">
    <p class='ocr_par' dir='ltr' id='par_1_92' title="bbox 513 4853 3785 4935">
     <span class='ocr_line' id='line_1_93' title="bbox 513 4853 3785 4935; baseline -0.003 -20"><span class='ocrx_word' id='word_1_708' title='bbox 513 4856 585 4935; x_wconf 42' lang='grc' dir='ltr'><strong>’.θ’</strong></span> <span class='ocrx_word' id='word_1_709' title='bbox 624 4857 859 4935; x_wconf 72' lang='lat' dir='ltr'><strong>Tyrsum</strong></span> <span class='ocrx_word' id='word_1_710' title='bbox 890 4861 967 4935; x_wconf 75' lang='lat' dir='ltr'><strong>i&#39;_</strong></span> <span class='ocrx_word' id='word_1_711' title='bbox 1014 4862 1086 4935; x_wconf 50' lang='lat' dir='ltr'><strong>&quot;f</strong></span> <span class='ocrx_word' id='word_1_712' title='bbox 1104 4853 1410 4935; x_wconf 76' lang='lat' dir='ltr'><strong>ascendens</strong></span> <span class='ocrx_word' id='word_1_713' title='bbox 1437 4862 1787 4935; x_wconf 9' lang='lat' dir='ltr'><strong>derGoslaria</strong></span> <span class='ocrx_word' id='word_1_714' title='bbox 1806 4862 2018 4935; x_wconf 27' lang='lat'><strong>5.”?</strong></span> <span class='ocrx_word' id='word_1_715' title='bbox 2052 4865 2421 4935; x_wconf 82' lang='lat' dir='ltr'><strong>magadeburg</strong></span> <span class='ocrx_word' id='word_1_716' title='bbox 2443 4864 2496 4918; x_wconf 89' lang='lat'><strong>5.</strong></span> <span class='ocrx_word' id='word_1_717' title='bbox 2562 4863 2645 4935; x_wconf 23' lang='lat'><strong>‘7’.”</strong></span> <span class='ocrx_word' id='word_1_718' title='bbox 2671 4863 2750 4915; x_wconf 80' lang='lat' dir='ltr'><strong>ita</strong></span> <span class='ocrx_word' id='word_1_719' title='bbox 2779 4861 2841 4935; x_wconf 44' lang='grc'><strong>1.</strong></span> <span class='ocrx_word' id='word_1_720' title='bbox 2905 4860 3141 4935; x_wconf 39' lang='grc' dir='ltr'><strong>’ἥξει-5.</strong></span> <span class='ocrx_word' id='word_1_721' title='bbox 3217 4858 3460 4935; x_wconf 26' lang='grc' dir='ltr'><strong>εξοβᾴεειι</strong></span> <span class='ocrx_word' id='word_1_722' title='bbox 3486 4854 3542 4911; x_wconf 74' lang='grc'><strong>4.</strong></span> <span class='ocrx_word' id='word_1_723' title='bbox 3621 4854 3689 4887; x_wconf 80' lang='grc'><strong>³⁹¹</strong></span> <span class='ocrx_word' id='word_1_724' title='bbox 3714 4853 3785 4907; x_wconf 82' lang='lat' dir='ltr'><strong>ita</strong></span> 
     </span>
    </p>
   </div>
   <div class='ocr_carea' id='block_1_93' title="bbox 516 4927 3357 5010">
    <p class='ocr_par' dir='ltr' id='par_1_93' title="bbox 516 4927 3357 5010">
     <span class='ocr_line' id='line_1_94' title="bbox 516 4927 3357 5010; baseline -0.002 -21"><span class='ocrx_word' id='word_1_725' title='bbox 516 4927 567 4983; x_wconf 72' lang='grc'><strong>4.</strong></span> <span class='ocrx_word' id='word_1_726' title='bbox 646 4930 717 5010; x_wconf 62' lang='grc'><strong>⁸9³</strong></span> <span class='ocrx_word' id='word_1_727' title='bbox 747 4946 912 5003; x_wconf 87' lang='lat' dir='ltr'><strong>quam</strong></span> <span class='ocrx_word' id='word_1_728' title='bbox 940 4933 994 4987; x_wconf 72' lang='grc'><strong>4.</strong></span> <span class='ocrx_word' id='word_1_729' title='bbox 1070 4934 1140 4967; x_wconf 70' lang='grc'><strong>⁸⁸³</strong></span> <span class='ocrx_word' id='word_1_730' title='bbox 1170 4934 1310 4989; x_wconf 87' lang='lat' dir='ltr'><strong>inter</strong></span> <span class='ocrx_word' id='word_1_731' title='bbox 1339 4932 1392 4988; x_wconf 77' lang='grc'><strong>4.</strong></span> <span class='ocrx_word' id='word_1_732' title='bbox 1470 4934 1542 4966; x_wconf 57' lang='grc' dir='ltr'><strong>⁸⁰δ</strong></span> <span class='ocrx_word' id='word_1_733' title='bbox 1568 4933 1710 4987; x_wconf 77' lang='lat' dir='ltr'><strong>deest</strong></span> <span class='ocrx_word' id='word_1_734' title='bbox 1741 4932 1793 4987; x_wconf 79' lang='lat'><strong>5.</strong></span> <span class='ocrx_word' id='word_1_735' title='bbox 1870 4933 1940 4964; x_wconf 82' lang='grc'><strong>⁸⁰⁵</strong></span> <span class='ocrx_word' id='word_1_736' title='bbox 1968 4927 2479 5005; x_wconf 56' lang='lat' dir='ltr'><strong>Maguntinensis&#39;5.</strong></span> <span class='ocrx_word' id='word_1_737' title='bbox 2554 4931 2627 4965; x_wconf 81' lang='grc'><strong>⁸⁰⁶</strong></span> <span class='ocrx_word' id='word_1_738' title='bbox 2654 4947 2781 4987; x_wconf 88' lang='lat' dir='ltr'><strong>cum</strong></span> <span class='ocrx_word' id='word_1_739' title='bbox 2811 4932 2864 4987; x_wconf 87' lang='lat'><strong>5.</strong></span> <span class='ocrx_word' id='word_1_740' title='bbox 2941 4931 3011 4962; x_wconf 82' lang='grc'><strong>⁸⁰⁷</strong></span> <span class='ocrx_word' id='word_1_741' title='bbox 3042 4928 3278 4986; x_wconf 88' lang='lat' dir='ltr'><strong>abcessit</strong></span> <span class='ocrx_word' id='word_1_742' title='bbox 3303 4929 3357 4984; x_wconf 83' lang='lat'><strong>5.</strong></span> 
     </span>
    </p>
   </div>
   <div class='ocr_carea' id='block_1_94' title="bbox 2052 5046 2284 5103">
    <p class='ocr_par' dir='ltr' id='par_1_94' title="bbox 2052 5046 2284 5103">
     <span class='ocr_line' id='line_1_95' title="bbox 2052 5046 2284 5103; baseline 0.004 -1"><span class='ocrx_word' id='word_1_743' title='bbox 2052 5046 2284 5103; x_wconf 72' lang='lat' dir='ltr'><strong>NOT/E.</strong></span> 
     </span>
    </p>
   </div>
   <div class='ocr_carea' id='block_1_95' title="bbox 552 5133 2110 5243">
    <p class='ocr_par' dir='ltr' id='par_1_95' title="bbox 552 5133 2110 5243">
     <span class='ocr_line' id='line_1_96' title="bbox 552 5133 2110 5243; baseline 0.001 -29"><span class='ocrx_word' id='word_1_744' title='bbox 552 5232 562 5243; x_wconf 41' lang='lat'>.</span> <span class='ocrx_word' id='word_1_745' title='bbox 595 5159 846 5243; x_wconf 42' lang='grc' dir='ltr'><strong>(ἵζω-ξ.</strong></span> <span class='ocrx_word' id='word_1_746' title='bbox 875 5162 1391 5243; x_wconf 44' lang='lat' dir='ltr'><strong>SpeuslAcqnfessor</strong></span> <span class='ocrx_word' id='word_1_747' title='bbox 1410 5204 1424 5227; x_wconf 91' lang='lat'><strong>,</strong></span> <span class='ocrx_word' id='word_1_748' title='bbox 1457 5160 1617 5230; x_wconf 88' lang='lat' dir='ltr'><strong>cujus</strong></span> <span class='ocrx_word' id='word_1_749' title='bbox 1646 5161 1764 5215; x_wconf 91' lang='lat' dir='ltr'><strong>dies</strong></span> <span class='ocrx_word' id='word_1_750' title='bbox 1794 5133 2110 5216; x_wconf 80' lang='lat' dir='ltr'><strong>anniversa-</strong></span> 
     </span>
    </p>
   </div>
   <div class='ocr_carea' id='block_1_96' title="bbox 520 5232 1373 5310">
    <p class='ocr_par' dir='ltr' id='par_1_96' title="bbox 520 5232 1373 5310">
     <span class='ocr_line' id='line_1_97' title="bbox 520 5232 1373 5310; baseline 0 -24"><span class='ocrx_word' id='word_1_751' title='bbox 520 5232 1016 5310; x_wconf 32' lang='lat' dir='ltr'><strong>riulsinciditind.</strong></span> <span class='ocrx_word' id='word_1_752' title='bbox 1047 5234 1118 5289; x_wconf 73' lang='lat'><strong>28</strong></span> <span class='ocrx_word' id='word_1_753' title='bbox 1144 5232 1373 5310; x_wconf 71' lang='lat' dir='ltr'><strong>Januar.</strong></span> 
     </span>
    </p>
   </div>
   <div class='ocr_carea' id='block_1_97' title="bbox 2207 4720 2790 4792">
    <p class='ocr_par' dir='ltr' id='par_1_97' title="bbox 2207 4720 2790 4792">
     <span class='ocr_line' id='line_1_98' title="bbox 2207 4720 2790 4792; baseline -0.005 -16"><span class='ocrx_word' id='word_1_754' title='bbox 2207 4723 2259 4777; x_wconf 92' lang='lat'><strong>5.</strong></span> <span class='ocrx_word' id='word_1_755' title='bbox 2295 4722 2346 4777; x_wconf 84' lang='lat'><strong>5.</strong></span> <span class='ocrx_word' id='word_1_756' title='bbox 2380 4722 2710 4792; x_wconf 80' lang='lat' dir='ltr'><strong>hartespurg</strong></span> <span class='ocrx_word' id='word_1_757' title='bbox 2742 4720 2790 4774; x_wconf 89' lang='grc'><strong>1.</strong></span> 
     </span>
    </p>
   </div>
   <div class='ocr_carea' id='block_1_98' title="bbox 2197 4791 2638 4848">
    <p class='ocr_par' dir='ltr' id='par_1_98' title="bbox 2197 4791 2638 4848">
     <span class='ocr_line' id='line_1_99' title="bbox 2197 4791 2638 4848; baseline -0.002 -2"><span class='ocrx_word' id='word_1_758' title='bbox 2197 4794 2216 4823; x_wconf 80' lang='grc'>¹</span> <span class='ocrx_word' id='word_1_759' title='bbox 2261 4792 2551 4848; x_wconf 87' lang='lat' dir='ltr'><strong>Hormisda</strong></span> <span class='ocrx_word' id='word_1_760' title='bbox 2586 4791 2638 4845; x_wconf 83' lang='grc'><strong>1·</strong></span> 
     </span>
    </p>
   </div>
   <div class='ocr_carea' id='block_1_99' title="bbox 2293 5150 3783 5230">
    <p class='ocr_par' dir='ltr' id='par_1_99' title="bbox 2293 5150 3783 5230">
     <span class='ocr_line' id='line_1_100' title="bbox 2293 5150 3783 5230; baseline -0.003 -17"><span class='ocrx_word' id='word_1_761' title='bbox 2293 5157 2444 5230; x_wconf 77' lang='lat'><strong>(280)</strong></span> <span class='ocrx_word' id='word_1_762' title='bbox 2466 5157 2570 5230; x_wconf 83' lang='lat' dir='ltr'><strong>Cf.</strong></span> <span class='ocrx_word' id='word_1_763' title='bbox 2600 5156 2789 5211; x_wconf 88' lang='lat' dir='ltr'><strong>Barth.</strong></span> <span class='ocrx_word' id='word_1_764' title='bbox 2816 5156 3089 5211; x_wconf 89' lang='lat' dir='ltr'><strong>animadv.</strong></span> <span class='ocrx_word' id='word_1_765' title='bbox 3122 5155 3191 5211; x_wconf 90' lang='lat' dir='ltr'><strong>ad</strong></span> <span class='ocrx_word' id='word_1_766' title='bbox 3216 5154 3432 5210; x_wconf 90' lang='lat' dir='ltr'><strong>Briton.</strong></span> <span class='ocrx_word' id='word_1_767' title='bbox 3462 5150 3699 5224; x_wconf 85' lang='lat' dir='ltr'><strong>Philipp.</strong></span> <span class='ocrx_word' id='word_1_768' title='bbox 3723 5150 3783 5208; x_wconf 83' lang='lat' dir='ltr'><strong>lli</strong></span> 
     </span>
    </p>
   </div>
   <div class='ocr_carea' id='block_1_100' title="bbox 2218 5229 2790 5310">
    <p class='ocr_par' dir='ltr' id='par_1_100' title="bbox 2218 5229 2790 5310">
     <span class='ocr_line' id='line_1_101' title="bbox 2218 5229 2790 5310; baseline 0 0"><span class='ocrx_word' id='word_1_769' title='bbox 2218 5229 2431 5310; x_wconf 58' lang='lat' dir='ltr'><strong>78mg</strong></span> <span class='ocrx_word' id='word_1_770' title='bbox 2463 5229 2714 5310; x_wconf 50' lang='lat' dir='ltr'><strong>sesqu-</strong></span> <span class='ocrx_word' id='word_1_771' title='bbox 2778 5297 2790 5310; x_wconf 94' lang='lat'><strong>.</strong></span> 
     </span>
    </p>
   </div>
   <div class='ocr_carea' id='block_1_101' title="bbox 3510 5291 3652 5310">
    <p class='ocr_par' dir='ltr' id='par_1_101' title="bbox 3510 5291 3652 5310">
     <span class='ocr_line' id='line_1_102' title="bbox 3510 5291 3652 5310; baseline 0 0"><span class='ocrx_word' id='word_1_772' title='bbox 3510 5291 3549 5310; x_wconf 58' lang='lat' dir='ltr'><strong>ﬁ</strong></span> <span class='ocrx_word' id='word_1_773' title='bbox 3634 5293 3652 5310; x_wconf 75' lang='grc'><strong>1</strong></span> 
     </span>
    </p>
   </div>
  </div>
