4076 5310
204 288 335 345 Illi

1473 273 1804 332 ANNALES.
1840 306 1908 315 -——
1937 270 2046 326 AN.
2084 270 2238 327 1073.

3351 234 3491 329 ita:

199 414 261 458 se
291 398 582 455 adductam
637 396 845 468 liquido
902 394 1115 452 cunctis
1168 391 1500 464 patefaceret
1533 389 1625 444 ⁸⁸⁸.
1666 387 1788 443 Dux
1823 393 1863 449 Α
1892 384 2216 456 :egritudine
2250 383 2530 449 decoctus,
2566 397 2693 438 cum
2732 398 3025 439 evasurum
3064 397 3123 440 se
3152 382 3485 456 desperaret.

198 505 419 562 quoque
450 504 480 543 a
502 504 625 559 rege
658 488 918 543 dimissus
948 486 1003 542 in
1029 501 1182 556 pace,
1209 484 1460 555 protinus
1486 498 1545 538 se
1588 480 1644 535 in
1683 495 1783 534 sua

199 583 421 650 recepit,
459 586 670 635 certum
698 586 887 633 tenens
940 592 1050 632 non
1096 592 1162 631 ex
1212 576 1423 646 integro
1454 572 1685 628 abolitas
1717 571 1786 625 ab

198 672 385 726 animo
423 671 569 743 regis
627 670 961 735 inimicitias,
979 669 1075 724 sed
1100 668 1407 738 ademptam
1448 664 1665 720 interim
1696 676 1789 716 nov

199 764 354 820 cendi
369 762 681 820 facultatem
696 778 836 817 esse.
860 760 938 816 lbi
961 761 1124 815 etiam
1147 758 1303 830 Hugo
1316 755 1696 813 Cloniacensis
1716 752 1787 785 ’θ’

197 858 389 924 abbas,
420 857 515 928 qui
550 872 673 912 cum
703 855 1050 926 imperatricc
1069 869 1136 909 eo
1159 853 1475 915 advenerat,
1507 848 1788 904 Ruoberto

196 948 268 981 ⁸⁸³
302 948 565 1021 Augiensi
608 948 789 1003 abbati
828 946 1061 1002 Romani
1103 945 1375 1016 pontificis
1434 942 1690 997 mandata
1735 944 1790 993 et

196 1038 410 1095 litteras
457 1040 671 1105 detulit,
701 1038 847 1110 quod
885 1038 1093 1094 scilicet
1139 1036 1452 1107 apostolica:
1477 1033 1624 1090 sedis
1651 1046 1789 1086 ana-

196 1132 436 1185 themate
459 1129 525 1185 dc
551 1145 781 1199 corpore
801 1129 1046 1183 ecclesia:
1067 1128 1329 1197 prazcisus
1350 1126 1417 1159 ⁸¹¹
1441 1131 1607 1190 esset,
1639 1119 1789 1193 quod

196 1239 361 1278 omne
385 1223 435 1277 ei
466 1223 709 1277 divinum
738 1219 973 1276 officium
999 1228 1193 1291 praeter
1223 1219 1583 1289 psalmodiam
1621 1218 1792 1278 inter-

195 1316 405 1371 dictum
439 1323 606 1380 esset,
653 1313 801 1384 quod
850 1311 1031 1368 omnis
1068 1312 1117 1366 ei
1168 1311 1222 1365 in
1272 1320 1594 1381 perpetuum
1622 1316 1694 1353 '”
1720 1317 1789 1372 ad

194 1407 471 1462 abbatiam
520 1405 850 1476 Augiensem
901 1404 988 1458 vel
1044 1402 1111 1458 ad
1168 1402 1409 1472 aliquam
1467 1404 1787 1475 dignitatem

194 1498 624 1555 ecclesiasticam
666 1510 926 1551 accessus
992 1494 1246 1550 occlusus
1287 1502 1459 1562 esset;
1501 1505 1789 1567 propterea

198 1589 462 1660 quod,de
498 1587 801 1643 simoniaca
830 1586 1011 1642 heresi
1036 1584 1407 1652 insimulatus,
1447 1594 1502 1640 et
1541 1594 1603 1641 ut
1645 1588 1793 1658 obje-

192 1687 347 1735 ctum
379 1678 587 1734 crimen
618 1682 876 1747 purgaret
900 1676 965 1730 ad
1017 1674 1272 1731 sinodum
1325 1675 1568 1731 secundo
1599 1692 1664 1733 ac
1688 1686 1792 1734 ter-

192 1771 284 1827 cio
310 1778 556 1835 vocatus,
586 1768 774 1823 venire
794 1767 1115 1823 distulisset.
1161 1764 1238 1822 lta
1287 1767 1375 1823 ille
1401 1769 1720 1838 compulsus
1757 1786 1788 1825 a

191 1875 345 1931 rege,
373 1860 627 1915 baculum
657 1858 1008 1929 pastoralem,
1034 1874 1199 1928 quem
1230 1874 1337 1913 non
1370 1866 1431 1913 ut
1474 1866 1662 1929 pastor
1692 1860 1789 1916 sed

189 1959 257 2006 ut
288 1952 701 2008 mercennarius
729 1959 1093 2022 usurpaverat
1126 1951 1217 2018 δι’,
1256 1952 1429 2006 multa
1471 1967 1599 2007 cum
1630 1968 1788 2009 ama-

188 2041 434 2097 ritudine
461 2040 715 2096 reddidit.

263 2131 427 2188 Clara
466 2141 521 2187 et
553 2132 782 2188 celebris
802 2131 959 2187 valde
987 2130 1078 2187 his
1094 2132 1433 2202 temporibus
1457 2148 1555 2204 per
1583 2131 1787 2190 Gallias

186 2234 313 2282 erat
347 2224 612 2281 memoria
643 2224 818 2280 sancti
844 2222 1062 2279 Sebaldi
1098 2223 1170 2256 ⁸η
1207 2226 1263 2279 in
1299 2223 1607 2298 Nurinberg
1629 2226 1699 2258 ⁸¹⁸
1733 2233 1788 2281 et

186 2317 373 2373 sancti
394 2315 702 2372 Heimeradi
722 2315 793 2347 ⁸¹⁶
814 2315 868 2369 in
898 2312 1193 2386 Hasengun
1218 2315 1287 2347 ⁸¹⁷
1315 2315 1488 2389 (285),
1511 2326 1566 2373 et
1586 2334 1786 2389 magno

185 2407 523 2479 populorum
561 2422 834 2461 concursu
880 2404 951 2437 ⁸³⁸
1010 2405 1233 2461 cottidie
1271 2404 1783 2477 frequentabantur,

185 2506 416 2571 propter
464 2499 535 2531 ⁸¹⁹
586 2499 973 2568 opitulationes
1023 2514 1148 2568 quae
1193 2498 1457 2554 divinitus
1513 2500 1625 2556 illic
1661 2500 1785 2556 lano

186 2592 488 2665 guentibus
516 2607 892 2663 saepenumero
911 2589 1336 2648 conferebantur
1363 2592 1453 2647 "°.

262 2682 722 2755 Arcbiepiscopus
767 2683 1116 2755 Mogontinus
1164 2683 1218 2739 in
1253 2684 1538 2740 nativitate
1582 2693 1785 2742 sanctae

185 2771 380 2832 Maria:
411 2774 578 2846 (Sept.
619 2776 674 2846 8)
712 2774 986 2847 Mogontia
1015 2790 1294 2845 egressus,
1327 2791 1456 2832 cum
1508 2776 1564 2832 in
1610 2776 1782 2833 Galli-

186 2855 335 2923 ciam
360 2868 517 2939 quasi
542 2869 806 2925 orationis
842 2884 1005 2925 causa
1025 2866 1419 2940 profectionem
1447 2868 1780 2937 simulasset,

188 2961 247 3015 in
279 2958 634 3017 Cloniacense
667 2962 736 2993 ⁸³¹
779 2961 1171 3017 monasterium
1215 2962 1444 3018 secessit
1473 2960 1657 3032 (286),
1694 2962 1781 3018 di-

1892 474 2113 530 abbatia
2150 482 2205 528 et
2238 474 2502 545 pastorali
2546 473 2836 545 dignitate,
2868 490 3035 546 quam
3067 490 3164 544 per
3192 476 3487 531 inﬁrmita-

1890 571 1998 621 tem
2034 565 2423 621 administrare
2471 581 2581 620 non
2635 573 2869 631 poterat,
2915 566 2948 619 5
3000 565 3124 622 Idus
3172 565 3490 624 Decembris

1888 655 2035 709 ultro
2060 670 2120 710 se
2140 654 2434 719 abdicavit,
2469 670 2614 709 anno
2644 665 2934 727 postquam
2967 656 3152 711 abbati
3170 656 3489 730 Meginhero

1890 753 2236 801 successerat
2262 744 2334 777 ⁸²⁷
2369 744 2586 799 decimo
2629 746 2800 801 tcrcio
2840 746 2953 816 jam
2991 757 3206 803 exacto.
3254 749 3489 806 Succes-

1891 837 2072 907 sitque
2115 836 2164 890 ei
2201 836 2454 906 protinus
2496 838 2797 893 secundum
2843 838 3013 910 ipsius
3054 843 3485 911 postulationem

1891 926 1957 982 H.
1990 927 2140 998 (287)
2179 928 2424 998 ejusdem
2455 930 2691 984 emnobii
2722 933 3048 988 monachus.

1960 1018 2236 1075 Adalbero
2277 1020 2350 1053 ⁸²³
2386 1019 2669 1077 Mettensis
2723 1023 2794 1055 “'
2845 1025 3138 1096 episcopus
3176 1028 3345 1095 obiit;
3396 1032 3488 1086 cui

1892 1108 2261 1167 Herimannus
2322 1109 2643 1169 Leodiensis
2696 1117 3022 1186 prtepositus
3071 1121 3337 1176 succ.ssit
3393 1121 3485 1175 ⁸έο.

2545 1202 2831 1261 MLXXIII.

1962 1290 2078 1349 Rex
2135 1294 2473 1351 nativitatem
2538 1295 2757 1353 Domini
2805 1298 3123 1375 Babenberg
3169 1304 3485 1362 celebravit.

1891 1381 1970 1438 lbi
1996 1384 2294 1443 Berhtoldo
2319 1389 2387 1421 '“
2426 1390 2552 1445 duci
2579 1390 3003 1448 Carnotcnsium
3044 1394 3192 1468 (£88)
3223 1399 3485 1455 ducatum

1891 1476 2011 1532 sine
2071 1479 2310 1551 legitima
2364 1482 2710 1539 discussione
2761 1485 2974 1541 absenti
3029 1487 3098 1518 “'
3150 1490 3397 1558 abstulit,
3434 1501 3489 1547 et

1890 1567 2228 1627 Marcwardo
2253 1571 2323 1604 ⁸³³
2350 1573 2568 1628 cuidam
2586 1576 2896 1646 propinquo
2926 1594 3029 1633 suo
3053 1580 3295 1637 tradidit.
3332 1581 3487 1638 11υο-

1891 1660 2073 1717 dolfus
2098 1661 2170 1695 ”‘
2193 1678 2417 1735 quoque
2436 1665 2544 1720 dux
2577 1664 2881 1723 Suevorum
2915 1673 3210 1728 tumultum
3248 1674 3487 1747 ahqucm

1823 1741 1864 1794 Β
1891 1755 1971 1809 rei
2005 1756 2239 1825 publica:
2291 1759 2597 1815 machinari
2662 1761 3080 1821 formidabatur.
3133 1766 3237 1823 Sed
3280 1741 3491 1826 discuro

1890 1853 2073 1902 rentes
2108 1848 2387 1919 utrimque
2423 1847 2740 1921 frequentes
2765 1852 2948 1924 legati,
2987 1856 3233 1924 etillum,
3261 1873 3331 1913 ne
3357 1873 3491 1929 prae-

1890 1935 2256 2009 cipitariterin
2295 1954 2449 1994 arma
2485 1952 2771 2010 prorueret
2807 1944 2898 2011 κ’,
2937 1952 2991 2001 et
3019 1963 3224 2018 regem,
3263 1967 3332 2005 ne
3357 1966 3492 2007 cuia-

1892 2036 2126 2084 ctantem
2154 2030 2431 2086 obstinata
2468 2033 2887 2103 importunitate
2921 2038 3235 2108 lacesseret,
3279 2043 3485 2098 salubri
3538 2076 3543 2080 ο

1887 2122 2263 2178 moderamine
2293 2124 2622 2181 rttinebant.
2650 2126 2727 2182 lbi
2757 2144 2978 2200 quoque
3015 2130 3365 2189 Coloniensis
3403 2151 3490 2191 ar-

1887 2214 2290 2286 chiepiscopus,
2306 2216 2551 2274 offensus
2564 2218 2650 2275 his
2664 2236 2788 2291 qum
2806 2223 3040 2291 plurima
3051 2235 3251 2295 praeter
3264 2242 3487 2298 aequum

1886 2317 1941 2364 et
1964 2308 2170 2363 bonum
2194 2308 2395 2364 fiebant
2424 2309 2476 2365 in
2503 2312 2728 2381 palatio,
2752 2315 2907 2383 petiit
2928 2332 2959 2369 a
2979 2331 3103 2389 rege
3141 2319 3483 2376 vacationem

1886 2400 2144 2470 deinceps
2172 2401 2291 2456 dari
2316 2401 2387 2433 ⁸⁸⁸
2422 2403 2527 2475 sibi
2563 2405 2633 2460 ab
2664 2421 2849 2461 rerum
2878 2407 3222 2477 publicarum
3251 2412 3488 2467 admini-

1887 2492 2151 2549 stratione
2190 2492 2282 2561 ⁶³⁷,
2325 2505 2586 2554 causatus
2636 2499 2690 2553 in
2745 2500 2959 2556 senium
3003 2502 3120 2573 jam
3168 2513 3484 2576 vergentem

1884 2593 2098 2640 atatem
2118 2592 2173 2640 et
2196 2586 2489 2645 laboriosis
2516 2591 2669 2661 regni
2708 2593 2949 2663 negociis
2974 2595 3156 2652 minus
3192 2597 3487 2670 minusque

1884 2677 1940 2732 in
1970 2676 2086 2733 dies
2115 2678 2493 2736 sufﬁcientem.
2536 2681 2695 2750 Quod
2753 2699 2849 2739 rex
2900 2686 3034 2742 haut
3066 2688 3354 2746 difficulter
3385 2706 3488 2747 an—

1883 2770 2024 2837 nuit,
2056 2771 2186 2841 quia
2214 2773 2396 2842 pravis
2418 2773 2739 2832 libidinibus
2767 2777 2884 2833 suis
2909 2786 2963 2833 et
3005 2779 3344 2851 juvenilibus
3374 2784 3488 2841 ine-

1881 2863 2012 2933 ptiis
2048 2863 2119 2896 ⁸³⁸
2155 2864 2271 2935 jam
2305 2865 2513 2921 dudum
2571 2868 3032 2926 animadverterat
3075 2887 3203 2928 eum
3245 2877 3486 2946 graviter

1882 2954 2084 3011 offendi
2112 2963 2167 3011 et
2212 2957 2560 3030 plerumque,
2602 2970 2872 3031 quantum
2910 2962 3061 3019 salva
3133 2966 3285 3038 regia
3312 2968 3487 3024 “’di-

187 3053 489 3125 missisque
513 3054 598 3109 bis
637 3054 730 3125 qui
779 3069 887 3108 una
915 3062 1196 3120 venerant,
1227 3054 1494 3111 abdicatis
1515 3054 1585 3087 ⁸¹¹
1614 3056 1778 3110 etiam
1808 3085 1852 3144 ε
1883 3048 2088 3121 gnitate
2124 3056 2356 3119 poterat,
2402 3067 2503 3121 pro
2539 3051 2684 3107 virili
2730 3055 2984 3124 portione
3021 3057 3215 3113 obniti.
3266 3056 3318 3114 Is
3354 3075 3486 3132 ergo

188 3144 454 3201 omnibus
476 3161 597 3216 qua:
633 3145 890 3212 habebat,
922 3145 1115 3200 statuit
1145 3146 1219 3201 ibi
1245 3146 1504 3217 deinceps
1530 3147 1778 3217 privatus

186 3243 407 3290 atatem
440 3251 620 3307 agere,
648 3245 811 3308 atque
852 3237 921 3292 ab
959 3237 1108 3292 omni
1154 3238 1486 3293 secularium
1518 3240 1779 3309 negocio-

186 3342 318 3381 rum
362 3328 590 3398 strepitu
637 3328 741 3383 sub
780 3327 1104 3383 voluntariie
1143 3328 1479 3398 paupertatis
1525 3328 1687 3384 titulo
1726 3329 1781 3384 in

186 3427 514 3488 perpetuum
547 3417 752 3475 feriari.
800 3418 907 3475 Sed
943 3418 1094 3474 brevi
1124 3418 1359 3490 perstitit
1388 3420 1445 3475 in
1479 3420 1778 3490 proposito.

188 3509 503 3584 ltevocante
538 3530 663 3570 eum
701 3522 811 3570 tam
848 3514 995 3580 clero
1026 3528 1192 3583 quam
1236 3513 1439 3584 populo
1473 3511 1782 3584 Mogontia-

187 3604 349 3660 censi
368 3604 459 3671 m,
476 3606 567 3661 vix
594 3605 665 3638 9"
685 3615 739 3662 et
762 3621 904 3677 aegre
923 3605 1233 3661 abstractus
1259 3604 1325 3660 de
1348 3607 1706 3674 monasterio,
1725 3605 1780 3661 in

190 3693 428 3749 natalem
480 3696 653 3752 sancti
690 3695 920 3752 Andrea:
946 3694 1108 3766 (Nov.
1143 3684 1513 3768 50)'apostoli
1553 3696 1784 3770 Mogon-

188 3784 327 3839 tlam
354 3780 545 3853 rediit,
564 3796 727 3857 atque
747 3802 887 3858 opus
932 3787 1165 3842 arduum
1195 3800 1361 3859 quam
1385 3791 1791 3861 prazcipitanter

190 3876 530 3947 arripuerat,
576 3887 687 3936 tam
726 3880 1158 3951 praecipitanter,
1205 3883 1466 3953 quoniam
1506 3886 1787 3941 communi

189 3967 442 4024 omnium
472 3972 754 4027 sententia:
789 3970 1058 4027 obluctari
1095 3987 1204 4027 non
1240 3981 1485 4044 poterat,
1519 3974 1781 4033 deseruit.

265 4057 620 4118 Ruothardus
646 4064 715 4095 ⁸²⁵
750 4063 919 4118 abbas
946 4060 1328 4121 Herveldensis
1356 4081 1543 4121 mense
1574 4052 1784 4123 Janua-

189 4151 280 4207 rio
311 4152 384 4185 m
420 4162 685 4226 aegrotare
720 4154 904 4225 cmpit,
944 4161 999 4209 et
1036 4153 1118 4210 sic
1148 4170 1246 4225 per
1278 4171 1485 4212 annum
1524 4157 1787 4213 continua

1885 3140 1977 3195 ubi
2000 3156 2059 3196 se
2086 3141 2142 3195 in
2158 3157 2257 3197 sua
2290 3143 2513 3213 recepit,
2552 3160 2646 3200 rex
2670 3145 2764 3214 διο,
2811 3155 3092 3219 tamquam
3135 3151 3486 3209 severissima

1884 3233 2165 3305 pedagogo
2180 3235 2468 3304 liberatus,
2496 3238 2683 3292 statim
2715 3239 2768 3294 in
2797 3241 2983 3296 omnia
3029 3258 3228 3314 genera
3258 3242 3487 3317 ﬂagitio-

1887 3342 2034 3394 rum,
2072 3326 2251 3397 ruptis
2287 3329 2546 3384 omnibus
2591 3331 2871 3387 modestiaa
2895 3339 2948 3386 et
2975 3335 3349 3403 temperantiae
3380 3334 3488 3391 fre-

1884 3418 1992 3485 nis,
2020 3419 2351 3490 przecipitem
2370 3437 2429 3477 se
2457 3422 2624 3478 dedit.

1955 3511 2168 3568 Montes
2191 3528 2382 3570 omnes
2410 3515 2809 3586 colliculosque
2848 3514 3104 3571 Samnite
3138 3523 3194 3572 et
3242 3515 3486 3575 Thurin-

1884 3604 1986 3676 gim
2038 3606 2280 3663 castellis
2310 3607 2696 3664 munitissimis
2746 3608 3023 3677 extruxit,
3055 3610 3485 3684 praesidiumque

1884 3696 2147 3768 imposuit
2179 3699 2349 3771 (289).
2376 3699 2587 3768 Quibus
2610 3717 2736 3757 cum
2761 3702 2932 3757 victui
2959 3704 3271 3760 necessaria
3297 3704 3482 3761 minus
3554 3762 3559 3767 ,

1896 3790 2225 3860 sufﬁcerent,
2264 3793 2516 3864 permisit
2565 3802 2627 3849 ut
2667 3809 2734 3849 ex
2790 3794 3058 3865 proximis
3095 3796 3239 3855 villis
3259 3805 3312 3852 et
3334 3797 3485 3869 agris

1893 3882 2081 3941 hostili
2106 3899 2259 3940 more
2280 3886 2490 3956 praedas
2517 3894 2759 3958 agerent,
2780 3894 2835 3941 ct
2865 3888 2932 3943 ad
2975 3888 3091 3960 ipsa
3121 3889 3343 3945 castella
3364 3905 3486 3945 mu-

1892 3976 2089 4032 nienda
2113 3977 2543 4050 circumquaque
2568 3986 2854 4035 manentes
2881 3988 3157 4052 cogerent,
3186 3989 3241 4036 et
3280 3981 3486 4051 impcn-
3528 4010 3533 4014 -

1891 4083 1983 4125 sas
2023 4068 2228 4125 affatim
2282 4080 2624 4139 convectare,
2655 4079 2707 4127 et
2751 4088 2848 4142 per
2893 4089 2953 4128 se
2990 4072 3140 4142 ipsos
3184 4074 3368 4129 servili
3411 4072 3479 4104 °“

1894 4176 2059 4217 manu
2080 4163 2349 4219 desudare
2373 4164 2463 4218 m.
2514 4162 2716 4218 Verum
2748 4180 2815 4219 ne
2859 4162 3163 4219 manifesta:
3191 4164 3483 4220 tirannidis

1477 4268 1718 4326 VARUE
1754 4270 2159 4331 LECTIONES.

266 4360 337 4393 ⁸⁸⁸
358 4360 685 4432 patefecerct
711 4360 785 4438 4._
836 4362 907 4438 "f
936 4360 1480 4438 Cluniaeeus_is_5.5._
1536 4363 1799 4438 “f__it¢_z_4.
1831 4362 2076 4438 Buperto
2093 4366 2155 4438 5_._
2222 4367 2289 4400 ⁸¹¹
2309 4369 2587 4438 prescisus
2602 4369 2655 4422 5.
2729 4369 2800 4401 ⁸³³

2819 4379 3134 4441 perpetuam
3165 4372 3219 4426 4.
3297 4371 3368 4405 ⁸⁸³
3392 4387 3482 4431 oc-

189 4441 500 4535 cupaverat.
517 4447 643 4488 cum
673 4432 846 4488 multa
876 4432 929 4488 4.
1009 4433 1080 4465 m
1116 4433 1335 4487 Seboldi
1369 4432 1418 4487 1.
1452 4433 1506 4487 4.
1577 4432 1647 4465 ⁸⁸⁸
1688 4432 1980 4507 Nurnberg
2016 4438 2066 4491 1.
2111 4432 2420 4510 Nurmlierg
2460 4441 2513 4494 5.
2590 4440 2663 4471 ⁸³⁸
2690 4432 2959 4497 Ηρῐῖῐετέό
3006 4443 3055 4497 1.
3104 4441 3392 4500 Ilemeradi
3421 4446 3477 4501 5.

189 4539 265 4616 1"
282 4537 537 4616 Ηςιξεεμη
558 4537 610 4616 _5.
682 4539 753 4571 ⁸η
783 4554 1137 4616 magnahpop.
1169 4538 1547 4616 concursione
1568 4540 1622 4595 5.
1651 4540 2104 4616 __f’"_prppter-f-
2121 4543 2547 4616 conferebantur
2563 4548 2750 4601 desunt
2769 4546 2822 4600 4.
2896 4545 2967 4577 ⁸¹⁰
2980 4543 3479 4616 frequentabantur

189 4608 248 4664 5.
312 4609 397 4689 (‘1‘
418 4608 780 4689 Qluniacense
809 4608 946 4689 5::5.
969 4608 1130 4689 (ituri.
1162 4626 1300 4665 corr.
1329 4609 1486 4689 glori.
1521 4611 1575 4689 4_.
1606 4608 2092 4689 j"_abdicans_4.
2161 4614 2237 4689 ff?
2258 4614 2569 4685 Mogonticn
2600 4618 2654 4672 5.
2722 4617 2793 4689 ⁸2⁸
2820 4615 2993 4689 vix—
3017 4608 3351 4689 biogontiam
3379 4621 3478 4675 de-

188 4688 320 4734 sunt
348 4680 401 4735 5.
430 4680 483 4734 4.
515 4681 568 4735 5.
598 4690 648 4735 et
678 4698 765 4751 ap.
809 4680 937 4734 Nic.
972 4681 1036 4736 de
1063 4679 1256 4783 ευριπ.
1333 4681 1406 4713 ⁸³⁸
1436 4681 1517 4735 ita
1542 4681 1577 4736 4
1606 4680 1928 4738 Ruthardus
1956 4681 2075 4738 rell.
2158 4685 2230 4718 m
2259 4679 2449 4740 mense
2486 4702 2600 4741 uno
2630 4704 2700 4743 an
2744 4688 2797 4743 5.
2843 4686 3083 4757 januarii
3109 4679 3165 4743 4.

188 4751 359 4783 mea“
394 4751 419 4783 ι
517 4751 589 4783 828
623 4751 883 4783 Διῑηηιο-η
913 4752 947 4783 ’Χ
1006 4751 1031 4783 ι
1156 4752 1199 4783 ιο
1231 4751 1486 4783 "nonanis
1518 4752 1540 4783 Α
1601 4752 1632 4783 ’ζ
1694 4755 1886 4783 ..υ-..λη
1983 4753 2055 4783 830
2095 4752 2154 4783 1..
2206 4756 2225 4783 ι
2287 4756 2424 4783 η..--
2457 4754 2660 4783 ---Ι-...
2713 4768 2784 4783 --ι
2829 4759 2905 4783 ιι-
2947 4759 3116 4783 ..-..L:-
3160 4775 3165 4783 .

187 4751 362 4807 cessit
386 4751 442 4806 4.
517 4751 589 4783 ⁸³⁸
613 4751 884 4807 Adclbero
912 4752 966 4806 '5.
1000 4751 1054 4806 4.

189 4818 1065 4905 gloriose_:leronim‘eﬁocﬂrum
1102 4820 1223 4905 ﬂos.

3258 4688 3329 4721 ⁸³⁷
3359 4704 3483 4747 suo-

1179 4752 1199 4784 °
1228 4751 1490 4825 Metensjs
1518 4752 1652 4825 1.5.
1690 4755 1907 4825 “cpias.
1929 4821 1961 4825 _
1983 4752 2155 4825 ⁸³⁰γιιι
2195 4756 2251 4811 4.
2283 4756 2425 4810 linea
2451 4754 2660 4825 expleta
2705 4768 2784 4813 est
2823 4751 2905 4812 liis
2947 4759 3116 4813 verbis
3153 4775 3172 4813 :
3204 4758 3481 4816 Succurre

1319 4822 1389 4856 ⁸³⁸
1420 4821 1676 4880 Bertoldo
1726 4821 1779 4880 5.
1830 4824 1883 4879 5.
1929 4821 2226 4882 Bertholdo
2254 4827 2305 4881 1.
2383 4827 2455 4860 ⁸³³

2526 4838 2630 4882 eest
2660 4830 2713 4885 5.
2789 4829 2862 4862 ⁸³³
2904 4832 3247 4887 marewardo
3275 4831 3330 4885 4.
3408 4829 3479 4862 ""

189 4891 356 4973 ita_4.
432 4891 502 4973 '_“
531 4899 717 4973 rueret
736 4891 798 4973 A5.
838 4963 852 4973 _
875 4892 1105 4973 ’πέρι-ς
1131 4892 1199 4973 4.
1229 4893 1330 4973 ,⁸³⁷
1359 4892 1866 4973 Ξφῐῐξξξι..211..“⁸ξ⁸
1894 4894 2130 4973 inceptis
2156 4897 2212 4973 4.
2289 4897 2360 4935 ⁸³⁸
2388 4899 2539 4972 regia
2567 4900 2715 4972 dign.
2750 4900 2901 4958 salva
2942 4899 2996 4954 5.
3046 4914 3094 4955 s.
3129 4901 3280 4973 regia
3308 4898 3479 4968 maia

189 4969 345 5017 state
380 4962 469 5018 vel
514 4962 785 5033 dignitate
824 4963 877 5018 4.
956 4961 1027 4995 “°
1058 4962 1201 5017 deest
1229 4962 1282 5019 5.
1358 4960 1430 4997 '"
1460 4963 1556 5017 vili
1582 4965 1637 5021 4.

276 5169 414 5180 Jan...
448 5168 514 5180 Α-
568 5169 633 5180 -.ι
649 5177 654 5179 .
796 5167 829 5180 α
897 5167 944 5180 θ’
982 5167 995 5180 ο

1714 4964 1787 4999 ⁸⁸⁸
1815 4964 2134 5024 desiderare
2179 4968 2234 5025 5.

1696 5076 1931 5134 ΝΟΤᾸΞ.
