4076 5310
658 271 803 337 ιιέὂ

1796 268 2146 323 LAMBERTI
2186 268 2746 324 HEBSFELDENSIS

3800 276 3921 330 iiii

654 386 958 445 notaretur,
1008 378 1055 434 si
1094 386 1284 433 contra
1333 377 1651 433 innocentes
1688 386 1852 449 atque
1905 381 1961 433 in
2018 394 2240 449 regnum
2276 364 2515 438 Alatroci
2546 397 2813 452 responso
2838 380 3280 454 archiepiscopus
3310 386 3528 455 repulit,
3554 385 3775 442 scilicet
3803 404 3923 457 pra:-

654 471 936 542 proprium
985 479 1099 524 tam
1138 470 1371 524 barbara
1405 471 1725 526 crudelitate
1760 480 2105 542 grassaretur
2135 487 2149 535 ;
2192 476 2251 523 ut

656 563 985 633 impietatem
1028 577 1185 617 suam
1223 563 1460 632 quadam
1510 562 1792 632 religionis
1835 563 2015 631 specie
2066 562 2252 631 pallia-

658 670 760 728 ret,
788 661 1259 731 archiepiscopum
1291 660 1360 692 3"
1383 661 1761 732 Mogontinum
1785 662 1962 717 modis
1990 663 2248 718 omnibus

656 754 942 828 instigavit
976 761 1037 807 ut
1080 753 1473 808 deeimationes
1537 752 1875 822 Thuringize,
1924 753 2065 807 sicut
2121 763 2248 809 ante

654 847 839 917 plures
863 860 1039 899 annos
1076 845 1405 910 instituerat,
1443 844 1713 913 exigeret;
1753 844 2020 913 pollicens
2077 860 2137 899 se
2176 840 2248 877 ⁸⁸⁸

653 939 703 993 ei
734 939 788 992 in
808 937 1072 1008 exigendo
1086 952 1299 992 summa
1329 950 1430 1005 ope
1463 936 1783 1002 affuturum,
1809 937 1945 990 etm
1974 936 2123 991 dicto
2154 937 2249 992 οὶ)-

657 1038 961 1099 temperare
1004 1029 1251 1083 nolentes
1286 1027 1434 1098 regia
1469 1028 1754 1098 majestate
1787 1036 2140 1096 coacturum;
2181 1046 2243 1085 ea

654 1131 835 1176 tamen
878 1120 1129 1190 pactione
1190 1129 1250 1174 ut
1286 1120 1529 1189 ipsarum
1558 1119 1979 1174 decimationum
2034 1130 2243 1190 partem

655 1214 781 1282 sibi,
813 1228 936 1283 quae
964 1220 1018 1266 et
1053 1212 1214 1282 regiae
1239 1210 1656 1281 magnificentia:
1692 1218 1746 1265 et
1766 1218 1918 1265 tanto
1945 1212 2117 1266 labori
2144 1229 2243 1267 suo

654 1306 817 1376 digna
847 1303 1007 1369 foret,
1039 1296 1318 1367 tribueret.
1374 1301 1449 1356 Ita
1474 1302 1765 1372 episcopus
1809 1302 2107 1358 vanissima
2150 1320 2246 1375 spe

656 1395 954 1460 animatus,
979 1394 1231 1449 sinodum
1277 1393 1468 1448 indixit
1497 1394 1551 1447 in
1612 1391 1937 1462 Erphesfurt
1957 1392 1990 1448 6
2025 1393 2153 1466 ldus
2176 1396 2245 1428 8“

658 1485 839 1541 Martii
867 1485 1036 1557 (290).
1073 1484 1268 1557 [MarL
1306 1484 1390 1538 10.
1402 1484 1419 1557 j

729 1576 946 1632 Statuto
995 1577 1082 1631 die
1132 1577 1321 1631 aderat
1367 1593 1484 1642 rex,
1534 1576 1721 1631 aderat
1775 1577 2239 1649 archiepiscopus,

658 1670 889 1741 stipatus
935 1676 1165 1739 uterque
1208 1684 1406 1739 magno
1445 1684 1606 1739 grege
1660 1668 2118 1739 philosophorum
2147 1672 2240 1739 3",

659 1760 827 1814 immo
869 1761 1259 1831 sophistarum,
1304 1775 1447 1831 quos
1484 1775 1552 1815 ex
1593 1759 1826 1815 diversis
1855 1761 1989 1816 locis
2030 1778 2246 1819 summo

659 1853 840 1908 studio
868 1852 1266 1919 consciverant,
1297 1861 1355 1907 ut
1381 1867 1621 1907 canones
1651 1853 1755 1908 sibi
1786 1858 1898 1908 non
1926 1868 2027 1923 pro
2052 1855 2131 1909 rei
2152 1872 2248 1911 ve-

656 1946 838 2010 ritate,
869 1944 962 2001 sed
1022 1960 1121 2013 pro
1148 1944 1389 2013 episcOpi
1415 1943 1695 1998 voluntate
1734 1943 2244 2013 interpretarentur,

659 2044 715 2091 et
741 2042 965 2090 causam
1020 2035 1159 2106 ejus,
1214 2035 1475 2106 quoniam
1525 2034 1595 2066 “3
1655 2035 1793 2091 veris
1834 2051 1944 2090 non
1975 2044 2244 2105 poterant,

658 2127 972 2198 sophisticis
1001 2126 1069 2159 3“
1100 2125 1515 2197 allegationibus
1547 2127 1886 2181 robor-arent.
1920 2126 2248 2183 Assidebant

657 2233 789 2291 ergo
816 2235 943 2273 cum
996 2234 1126 2289 rege
1179 2226 1235 2273 et
1286 2218 1695 2288 archiepiscopo
1746 2218 2070 2291 Mogmitino
2099 2219 2249 2277 Heri-

659 2325 896 2368 mauuus
935 2309 1401 2383 Babeubergeusis
1441 2310 1754 2381 episcopus,
1799 2310 1962 2367 Ileoel
2002 2310 2249 2370 Hildebe-

659 2405 985 2461 sheimensis
1023 2405 1328 2474 episcopus,
1388 2402 1537 2473 Eppo
1593 2403 1881 2460 Citicensis
1935 2404 2243 2476 episcopus,

659 2496 847 2551 Βόηηο
891 2494 1362 2567 Osenbruggensis
1404 2494 1473 2526 ³⁸⁰
1517 2494 1835 2564 episc0pus;
1881 2494 1977 2565 qui
2019 2512 2127 2552 non
2177 2499 2246 2553 ad

657 2588 1053 2643 discutiendam
1077 2588 1234 2658 juxta
1260 2585 1661 2643 ecclesiasticas
1699 2586 1847 2658 leges
1877 2604 2097 2643 causam
2130 2586 2248 2643 fue-

657 2679 1041 2745 rant‘evoeati,
1073 2680 1169 2735 sed
1220 2686 1279 2733 ut
1336 2679 1390 2734 id
1432 2678 1579 2749 quod
1618 2695 1714 2733 rex
1752 2679 1966 2733 volebat
2004 2686 2119 2732 arte
2162 2679 2245 2734 di-

660 2771 862 2826 ctionis
889 2779 944 2825 et
987 2771 1380 2825 sententiarum
1422 2768 1681 2840 pondere,
1715 2779 1989 2839 postremo
2026 2786 2243 2840 quaqua

659 2870 883 2932 possent
923 2861 1134 2916 ratione
1177 2869 1231 2917 et
1270 2862 1501 2917 consilio
1544 2860 1878 2928 obtinerent;
1910 2877 2242 2931 quamquam

659 2953 902 3023 plerique
924 2968 1122 3028 eorum
1158 2952 1215 3007 id
1261 2952 1407 3023 quod
1450 2968 1545 3006 rex
1586 2952 1909 3007 moliebatur
1948 2952 2241 3007 vehemen-

2351 488 2597 528 eessores
2631 489 2763 529 suos
2800 490 2899 529 sua
2949 484 3107 531 etate
3132 492 3230 546 pro
3269 493 3370 531 suo
3398 478 3673 532 arbitratu
3701 479 3925 534 ecclesia

2349 561 2444 617 Dei
2466 565 2775 619 moderatos
2802 564 2990 633 fuisse,
3017 582 3219 637 eosque
3248 569 3475 624 rudibus
3501 570 3560 623 in
3587 570 3698 624 fide
3724 571 3925 625 audito-

2349 655 2500 710 ribus
2524 664 2576 711 et
2603 672 2738 726 pene
2766 657 2946 713 adhuc
2974 660 3245 729 neopbitis
3271 660 3341 692 ³⁸⁸
3376 661 3459 716 lac
3486 650 3679 731 potum
3704 663 3926 729 dedisse,

2348 763 2458 801 non
2495 763 2699 816 escam,
2727 756 2781 803 et
2805 750 3037 820 sapienti
3078 751 3482 820 dispensatione
3528 754 3709 807 multa
3760 755 3928 809 indul-

2348 837 2506 903 sisse,
2538 852 2661 907 quin
2687 854 2947 908 processu
2996 841 3275 911 temporis,
3336 843 3465 896 dum
3500 843 3553 896 in
3592 842 3704 897 fide
3742 859 3928 898 conva-

2347 926 2606 994 luisseut,
2650 945 3029 985 successorum
3096 947 3320 986 suorum
3373 933 3639 988 industria
3700 939 3927 989 resecari

2345 1016 2573 1085 vellent;
2614 1035 2673 1073 se
2700 1027 2902 1085 autem,
2940 1019 3055 1089 jam
3092 1021 3274 1076 adulta
3311 1023 3396 1077 vel
3423 1024 3607 1093 potius
3657 1025 3731 1057 ⁸⁸³
3780 1043 3927 1081 seue-

2346 1115 2530 1165 scentc
2553 1110 2802 1175 ecclesia,
2831 1111 3131 1180 spiritualia
3178 1128 3495 1182 comparare
3534 1116 3925 1185 spiritualibus,

2343 1213 2445 1253 nec
2470 1200 2585 1269 jam
2619 1201 2862 1270 parvulis
2896 1201 3000 1267 lac,
3054 1203 3147 1257 sed
3204 1202 3459 1272 perfectis
3482 1206 3724 1261 solidum
3757 1208 3926 1262 cibum

2348 1288 2532 1359 (Hebr.
2560 1305 2614 1356 v,
2644 1289 2731 1360 12)
2764 1291 3095 1359 ministrare,
3127 1299 3292 1362 atque
3316 1310 3348 1348 a
3378 1295 3504 1350 ﬁliis
3524 1297 3927 1368 ecclesimlegcs

2343 1376 2742 1434 ecclesiasticas
2768 1379 3013 1449 exigere;
3045 1381 3273 1451 proinde
3308 1399 3432 1439 esse
3467 1384 3548 1439 eis
3574 1395 3676 1439 aut
3709 1387 3784 1440 ab
3814 1388 3925 1441 uni-

2344 1474 2455 1522 tate
2479 1469 2721 1524 ecclesiaz
2740 1470 3101 1525 secedendum
3128 1481 3222 1526 aut
3247 1472 3456 1544 legibus
3477 1476 3732 1530 ecclesia:
3757 1493 3926 1547 :equa-

2344 1563 2562 1616 nimiter
2588 1563 3069 1632 adquiescendum.
3117 1563 3254 1619 Tum
3280 1566 3355 1619 illi
3394 1583 3587 1621 rursus
3628 1584 3732 1637 per
3770 1568 3922 1624 Deum

2348 1668 2506 1707 orare
2535 1661 2614 1719 ut,
2664 1655 2711 1708 si
2743 1654 2797 1707 in
2826 1653 3057 1709 Romani
3094 1657 3367 1726 pontificis
3405 1660 3765 1723 auctoritate,
3802 1661 3848 1715 si
3881 1663 3925 1715 in

2280 1715 2320 1773 Β
2350 1740 2531 1795 Karoli
2558 1742 2627 1775 ⁸⁶²
2657 1743 2999 1814 aliorumque
3024 1743 3416 1814 imperatorum
3440 1748 3773 1819 privilegiis,
3806 1749 3850 1803 si
3880 1750 3925 1803 iu

2348 1850 2740 1904 praecessorum
2771 1837 2890 1906 ejus
2924 1836 3729 1910 Mogontiuorum‘pontiﬁcum
3764 1843 3925 1897 indul-

2348 1927 2525 1996 gentia
2562 1927 2698 1981 nihil
2740 1928 2844 1984 sibi
2879 1929 3117 1999 prazsidii
3166 1940 3262 1988 aut
3289 1933 3405 2002 spei
3433 1933 3717 2004 reliquum
3779 1947 3925 1999 esset,

2306 2024 2309 2027 '
2348 2018 2588 2087 ipsarum
2640 2019 2831 2074 saltem
2887 2020 3225 2077 decimarum
3260 2038 3382 2078 eam
3420 2023 3537 2094 ipse
3576 2025 3653 2057 ⁸⁸³
3689 2028 3927 2095 partitio-

2348 2123 2472 2162 nem
2493 2108 2563 2140 °“
2585 2109 2700 2163 ﬁeri
2730 2110 2950 2175 sineret,
2980 2127 3145 2181 quam
3173 2120 3228 2166 et
3252 2127 3524 2169 canonum
3556 2115 3706 2171 scita
3731 2134 3929 2188 inquam

2342 2199 2756 2270 judic‘assentet
2785 2208 2975 2259 ceterae
3013 2219 3109 2273 per
3143 2204 3327 2259 orbem
3367 2213 3647 2263 terrarum
3701 2211 3933 2265 ecclesia:

2345 2294 2604 2348 usitatam
2639 2295 2919 2361 haberent,
2950 2296 3159 2351 scilicet
3189 2305 3249 2351 ut
3278 2305 3473 2367 quarta
3503 2304 3671 2366 parte
3703 2296 3825 2367 ipse
3850 2313 3934 2367 pro

2347 2401 2449 2439 suo
2490 2401 2823 2456 suorumque
2852 2387 3151 2443 missorum
3193 2390 3415 2445 servitio
3460 2397 3796 2456 contentus,
3840 2398 3937 2443 tres

2345 2477 2585 2547 reliquas
2621 2479 2899 2548 portiones
2931 2480 3192 2547 ecclesiis,
3231 2481 3431 2551 quibus
3471 2482 3795 2553 antiquitus
3823 2482 3935 2536 atti-

2345 2571 2527 2625 tulata:
2548 2569 2797 2638 fuissent,
2826 2573 3178 2642 permitteret.
3222 2572 3454 2628 Ecoutra
3480 2574 3817 2644 episcopus,
3843 2590 3937 2629 non

2344 2678 2405 2716 ea
2435 2670 2612 2717 mente
2640 2680 2719 2729 se,
2748 2663 2842 2729 ait,
2873 2672 3085 2719 tantum
3113 2664 3356 2719 laborem
3383 2666 3606 2722 trivisse
3629 2677 3693 2721 et
3711 2667 3834 2737 jam
3861 2683 3940 2735 ρετ

2342 2754 2529 2809 decem
2577 2753 2747 2810 ferme
2795 2770 2971 2811 annos
3020 2757 3354 2813 laboriosum
3402 2758 3510 2811 hoc
3577 2774 3791 2813 saxum
3835 2760 3939 2811 vol-

2341 2843 2641 2916 vere(292),
2657 2852 2736 2912 ut,
2758 2845 2976 2899 tandem
3000 2846 3290 2915 aliquando
3310 2845 3420 2900 voti
3438 2861 3679 2915 compos
3701 2847 3941 2926 effectus.

2342 2936 2484 2990 ultro
2504 2936 2628 3005 jure
2653 2950 2753 2990 suo
2777 2936 2990 2991 cederet
3018 2945 3070 2990 et
3106 2944 3257 2991 tanto
3276 2935 3557 2991 molimine
3587 2946 3851 2993 extortas
3874 2938 3943 2990 eis

662 3045 872 3101 tissime
902 3027 1309 3114 improbarent;
1342 3045 1433 3101 sed
1464 3061 1531 3099 ne
1566 3044 1735 3099 libere
1762 3044 1909 3115 quod
1938 3044 2242 3099 sentiebant

2344 3027 2582 3082 decimas
2630 3028 2761 3097 ipsis
2801 3043 2900 3097 pro
2930 3028 3085 3082 libitu
3119 3029 3188 3061 ⁸⁸⁸
3224 3044 3325 3083 suo
3367 3029 3698 3098 partiendas
3738 3030 3945 3084 addice-

661 3138 1049 3205 eloquerentur
1086 3136 1176 3202 δυ,
1207 3142 1261 3191 et
1299 3137 1443 3207 regis
1479 3144 1688 3191 terrore
1727 3143 1780 3189 et
1819 3134 2030 3200 privata
2068 3135 2248 3190 archi-

662 3226 901 3298 episcopi
923 3227 1161 3282 amicitia
1188 3228 1572 3283 inhibebantur
1591 3228 1681 3282 ⁸³η.
1715 3228 1958 3284 Habebat
1988 3238 2244 3295 prieterea

661 3333 759 3374 rex
786 3318 929 3375 circa
960 3335 1017 3373 se
1045 3327 1381 3375 armatorum
1407 3321 1594 3391 copias
1613 3336 1719 3375 non
1754 3321 2017 3388 modicas,
2048 3320 2248 3391 quibus

661 3428 778 3479 eos,
808 3411 854 3467 si
884 3412 979 3483 qui
1000 3410 1146 3467 forte
1175 3412 1461 3484 negocium
1505 3413 1867 3469 interturbare
1895 3423 2244 3478 conarentur,

662 3504 888 3559 militari
927 3520 1093 3558 manu
1122 3505 1453 3560 cohercerct.
1500 3502 1905 3575 Thuringorum
1952 3520 2076 3574 spes
2109 3513 2163 3561 et
2193 3504 2250 3557 fi-

661 3595 822 3650 ducia
867 3594 1215 3673 potissimum
1242 3596 1299 3650 in
1340 3597 1533 3651 abbate
1573 3594 1827 3651 Fuldensi
1865 3603 1915 3652 et
1958 3597 2152 3651 abbate
2178 3597 2248 3629 ⁸⁸³

663 3684 1017 3741 Herveldensi
1057 3688 1350 3753 nitebatur,
1396 3688 1544 3757 quod
1577 3687 1635 3741 hi
1671 3687 1928 3743 ecclesias
1957 3688 2249 3743 decimales

663 3777 932 3846 plurimas
968 3785 1022 3831 ct
1061 3779 1261 3848 przedia
1292 3778 1504 3833 inﬁnita
1533 3777 1793 3833 baberent
1832 3778 1887 3833 in
1927 3777 2245 3850 Thuringia,

663 3875 719 3920 et
761 3868 817 3920 lii
862 3867 909 3920 si
933 3868 1005 3899 35"
1044 3884 1209 3923 causa
1263 3870 1606 3931 cecidissent,
1650 3869 1753 3925 sibi
1794 3885 1902 3924 una
1945 3871 2250 3925 cadendum

664 3965 812 4010 esset
860 3956 951 4009 ⁸⁸⁵.
998 3957 1100 4024 Qui
1145 3960 1362 4029 publica
1405 3960 1745 4016 discussione
1790 3962 2113 4032 interpellati
2152 3977 2250 4031 pro

666 4047 1004 4102 decimarum
1045 4048 1115 4080 ⁸⁸⁸
1158 4050 1477 4107 redditione.
1527 4051 1703 4121 primo
1744 4068 1838 4121 per
1878 4052 2047 4108 Deum
2097 4070 2253 4123 roga-

668 4138 799 4194 bant
838 4140 1339 4212 archiepiscopum,
1373 4153 1433 4197 ut
1485 4144 1787 4212 antiquitus
1830 4144 2025 4198 tradita
2066 4159 2254 4198 mona-

666 4232 848 4288 steriis
899 4233 1017 4289 suis
1078 4233 1317 4305 legitima
1373 4244 1489 4290 rata
1544 4236 1971 4307 iuconvulsaque
2031 4248 2252 4290 manere

666 4322 896 4390 sineret,
953 4341 1074 4395 quae
1127 4335 1182 4380 et
1232 4325 1300 4358 ⁸⁸⁷
1380 4328 1535 4382 sedes
1589 4328 1884 4397 apostolica
1939 4335 1993 4381 et
2046 4326 2117 4359 ⁸⁸⁸
2166 4341 2257 4390 νο,

2346 3128 2429 3172 ret
2463 3118 2552 3173 ⁸⁸⁸.
2596 3118 2813 3175 Primus
2844 3135 2908 3175 ac
2956 3121 3228 3175 secundus
3265 3121 3383 3175 dies
3418 3121 3475 3174 in
3513 3122 3621 3197 hac
3649 3131 3943 3176 concerta-

2347 3210 2494 3265 tione
2536 3210 2651 3281 jam
2700 3211 2964 3279 ﬂuxerat,
3013 3212 3234 3281 ancipiti
3290 3212 3465 3267 adhuc
3513 3211 3784 3278 fortuna,
3832 3222 3945 3266 utra

2346 3318 2473 3372 pars
2496 3304 2605 3358 utri
2651 3319 2873 3359 cessura
2908 3303 3065 3359 foret.
3115 3302 3345 3373 Jamque
3380 3304 3432 3357 in
3467 3319 3536 3358 eo
3568 3320 3663 3359 res
3692 3305 3946 3359 verteba-

2347 3403 2437 3449 tur
2473 3403 2533 3449 ut
2568 3395 2851 3467 Thuringi,
2890 3395 3193 3466 improbata
3232 3396 3445 3461 sinodo,
3501 3396 3700 3450 sedem
3725 3405 3948 3466 aposte-

2348 3489 2508 3543 licam
2532 3489 2881 3560 appellarent.
2919 3489 3021 3544 Sed
3051 3505 3146 3543 rex
3178 3490 3279 3543 sub
3314 3489 3674 3543 attestatione
3705 3491 3947 3543 nominis

2347 3580 2512 3636 divini
2542 3579 2840 3636 afﬁrmabat
2895 3596 2953 3636 se
2980 3580 3034 3634 in
3065 3595 3211 3647 eum,
3244 3581 3288 3635 si
3323 3580 3447 3650 quis
3476 3581 3530 3635 id
3560 3583 3949 3652 praesumpsis-

2349 3680 2457 3739 set,
2494 3674 2709 3743 capitali
2754 3672 3020 3729 sententia
3072 3672 3603 3739 animadversurum,
3654 3683 3715 3729 et
3761 3674 3947 3728 omnia

2348 3781 2471 3835 qua:
2493 3765 2611 3835 ejus
2635 3774 2818 3820 essent
2850 3780 3024 3835 usque
3055 3765 3121 3819 ad
3152 3765 3218 3794 ⁸ν⁷
3251 3764 3663 3820 internitionem
3710 3766 3948 3835 dissipa-

2350 3864 2553 3923 turum,
2583 3857 2898 3927 clademque
2926 3858 3044 3927 ejus
3069 3857 3175 3912 diei
3212 3855 3281 3888 ⁸ε⁸
3312 3856 3499 3911 multis
3522 3865 3721 3926 postea
3745 3858 3947 3912 seculis

2351 3964 2458 4003 non
2484 3949 2822 4003 abolendam.
2856 3949 2933 4003 Ita
2962 3949 3130 4004 abbas
3166 3947 3545 4003 Herveldensis
3582 3964 3826 4003 suorum
3851 3966 3947 4019 pe.

2349 4044 2524 4098 riculo
2559 4044 2906 4109 conterritus,
2935 4043 3192 4113 quoniam
3219 4042 3385 4109 aliud,
3416 4041 3471 4095 in
3505 4052 3690 4097 artum
3725 4042 3949 4097 conclu-

2352 4134 2428 4189 sis
2461 4134 2642 4200 rebus,
2673 4150 2781 4187 non
2807 4134 3023 4203 patebat
3049 4132 3327 4203 effugium,
3363 4148 3480 4186 rem
3512 4133 3753 4187 consilio
3800 4133 3947 4203 regis

2350 4225 2618 4296 permisit,
2647 4234 2937 4296 quatenus,
2968 4233 3131 4296 prout
3158 4226 3273 4295 ipse
3294 4226 3496 4280 bonum
3522 4233 3577 4279 et
3603 4242 3837 4295 aequum
3853 4226 3946 4295 ju-

2353 4316 2574 4384 dicaret,
2595 4332 2817 4372 causam
2840 4317 2981 4372 inter
3008 4331 3065 4371 se
3099 4324 3153 4371 et
3172 4316 3642 4386 archiepiscopum
3669 4318 3946 4371 termina-

666 4389 953 4470 teribuset
969 4389 1285 4473 recentibus
1307 4419 1523 4488 scriptis
1546 4389 1737 4474 crebro
1760 4419 1863 4474 sibi
1893 4419 2179 4484 ﬁrmasset,
2194 4389 2247 4472 et
2286 4389 2332 4449 θ
2358 4421 2456 4467 ret.
2514 4411 2618 4466 Diu
2644 4410 2807 4481 igitur
2834 4408 3015 4462 habita
3042 4408 3444 4474 deliberatione,
3477 4408 3533 4461 in
3553 4409 3699 4463 hanc
3720 4406 3947 4463 tandem

667 4509 1194 4578 prtecessores'ejus
1242 4509 1539 4580 Mogontini
1590 4509 1890 4580 pontiﬁces.
1931 4509 2130 4565 summi
2178 4525 2243 4564 ac

670 4596 1001 4651 sanctissimi
1068 4599 1209 4664 viri,
1274 4617 1447 4670 usque
1508 4601 1574 4655 ad
1633 4601 1957 4672 Liupoldum
2026 4602 2239 4671 cpisco-

2348 4501 2651 4571 paetionem
2692 4498 2963 4555 mediante
3006 4514 3131 4568 rege
3177 4499 3345 4553 abbas
3389 4505 3444 4552 et
3488 4498 3947 4568 archiepiscopus

2346 4601 2759 4660 consenserunt,
2803 4600 2863 4646 ut
2892 4592 3061 4647 abbas
3090 4592 3143 4646 in
3173 4592 3357 4646 decem
3412 4591 3528 4646 suis
3572 4591 3949 4646 decimalibus

671 4699 801 4754 pum
839 4685 985 4758 (29f)
1014 4704 1313 4759 numquam
1340 4689 1410 4722 "9
1436 4690 1727 4763 infringere
1761 4700 2130 4762 temptassent.
2180 4691 2239 4746 Id
2344 4685 2588 4742 ecclesiis
2616 4683 2752 4739 duas
2780 4690 2961 4753 partes
2990 4682 3344 4747 decimarum,
3389 4681 3611 4737 terciam
3658 4680 3947 4751 archiepi-

1974 4842 2205 4899 νΑΒΙᾸΞ
2247 4838 2649 4896 LECTlONES.

745 4974 816 5046 '9
857 4972 1298 5043 archiepiscopus
1327 4974 1670 5046 Mogontinus
1695 4979 1747 5032 4.
1823 4978 1892 5010 ⁸⁸⁸
1923 4979 2061 5032 deest
2085 4978 2137 5030 '5.
2213 4975 2283 5046 θεέ
2316 4974 2392 5027 bis
2432 4973 2804 5046 strttiluntﬁu
2841 4966 2910 5006 ⁸⁸⁸
2940 4972 3027 5046 Ἦ.
3060 4972 3180 5027 idus
3207 4988 3279 5046 in.
3304 4973 3489 5046 desunt
3516 4973 3591 5046 ξι
3632 4975 3725 5046 ,⁸⁸⁷
3758 4977 3951 5046 philo-

674 5045 981 5118 zophorum
1002 5044 1582 5118 yetmegzophistarum
1618 5048 1668 5101 5.
1745 5049 1813 5080 ⁸³⁸
1842 5049 2048 5118 quam?
2087 5048 2172 5099 ἓξ).
2250 5044 2318 5076 ⁸⁸⁵⁸
2350 5045 2506 5113 zopb.
2542 5044 2594 5096 5.

2670 5043 2740 5075 ⁸⁸⁸³
2768 5041 3286 5111 Ossembruggensis
3315 5044 3366 5096 5.
3400 5043 3452 5096 5.
3529 5043 3595 5075 ⁸⁸³
3631 5041 3951 5108 loquerer}-
