4076 5310
277 250 416 308 Ηἱὸ

1505 247 1844 303 ΑΝΝΑΙΕΘ.
1873 275 1944 284 --
1971 243 2081 300 AN.
2121 247 2276 302 107?».
2323 239 2328 244 ’

3415 247 3559 306 “26

276 382 475 437 scapus
514 367 800 435 acciperet,
844 365 897 418 in
927 364 1151 435 reliquis
1198 379 1327 419 vero
1371 364 1491 434 ejus
1519 363 1588 395 ⁸⁶⁹
1615 355 1860 418 ecclesiis
1895 366 1936 421 Α
1967 375 2063 414 nes
2091 360 2331 416 consiliis
2362 377 2540 432 regem
2569 361 2744 417 adorti
2787 363 2879 430 ⁸⁸⁸,
2931 363 3163 419 orabant
3224 373 3287 421 ut
3332 366 3560 424 electio-

273 454 498 510 dimidia
529 455 734 520 abbati,
778 454 1000 509 dimidia
1043 453 1454 524 archiepiscOpo
1496 453 1867 524 contingeret;

231 545 368 600 -ubi
415 559 548 600 vero
587 545 818 601 ecclesia
867 544 1149 600 dccimalis
1198 546 1416 616 propria
1471 545 1869 616 archiepiscopi

235 659 242 668 -
272 645 438 702 esset,
466 643 580 691 tota
609 637 719 691 illic
743 637 794 691 ei
822 636 1031 691 decima
1055 637 1301 702 cederet;
1333 645 1595 706 praeterea
1643 644 1703 690 ut
1743 651 1866 690 om-

231 738 236 742 '
272 742 370 782 nes
417 729 776 783 dominicales
804 727 876 758 ⁸⁷⁰
920 728 1316 798 archiepiscopi
1365 735 1568 794 curtcs,
1620 743 1676 781 in
1725 743 1862 797 qua-~

271 839 506 894 cumque
529 831 713 879 essent
738 824 1027 893 parrochia
1049 865 1064 889 ,
1097 823 1166 877 ab
1193 823 1340 876 omni
1373 823 1591 892 penitus
1619 821 1863 876 decima-

268 930 394 971 rum
447 915 731 970 exactione
788 915 1060 970 immunes
1122 923 1425 970 manerent.
1498 915 1612 970 Sub
1667 914 1861 984 jugum

233 1008 438 1063 ‘misso
478 1008 672 1063 abbate
713 1006 1085 1074 Herveldensi,
1138 1009 1322 1064 statim
1373 1009 1658 1079 Thuringi,
1711 1005 1861 1063 omni

267 1116 362 1169 spe
391 1101 662 1170 adempta,
693 1116 760 1155 co
788 1101 932 1171 quod
965 1101 1018 1156 in
1048 1101 1194 1156 illius
1221 1102 1504 1171 prudentia
1533 1110 1584 1156 et
1606 1103 1861 1172 cloquen-

265 1187 338 1244 tia
368 1189 660 1260 plurimum
693 1190 906 1246 ﬁducia:
935 1191 1039 1247 sibi
1068 1192 1399 1261 posuissent,
1429 1208 1540 1246 non
1583 1192 1724 1246 ultra
1767 1207 1856 1246 re-

265 1283 538 1349 stiterunt,
581 1283 676 1338 sed
719 1283 959 1339 decimas
1006 1285 1059 1339 in
1108 1286 1379 1355 reliquum
1427 1286 1635 1354 ahsquc
1681 1294 1856 1339 retra-

264 1373 501 1428 ctatione
539 1374 669 1428 dare
714 1373 948 1444 professi
997 1383 1144 1430 sunt.
1196 1375 1484 1430 Fuldensis
1531 1375 1700 1429 abbas
1749 1375 1853 1428 ali-

263 1464 480 1533 quantis
507 1473 696 1534 postea
727 1465 919 1522 diebus
955 1466 1264 1522 obstinatus
1309 1467 1362 1520 in
1402 1465 1682 1536 proposito
1725 1481 1850 1535 per-

263 1555 420 1610 stitit.
471 1555 576 1610 Sed
605 1572 730 1610 cum
761 1572 860 1612 nec
889 1557 1034 1626 regis
1076 1557 1308 1629 gratiam
1355 1545 1597 1627 recipere
1641 1572 1740 1624 nec
1783 1557 1850 1611 ad

261 1661 361 1701 sua
406 1647 664 1702 redeundi
713 1648 989 1702 licentiam
1037 1649 1330 1718 impetrare
1377 1657 1582 1719 posset,
1633 1649 1738 1705 nisi
1762 1661 1769 1666 “
1790 1648 1844 1704 in

259 1751 606 1793 communem
633 1739 958 1794 sententiam
1001 1739 1340 1805 concederet,
1373 1741 1610 1806 tandem,
1662 1757 1845 1796 rerum

236 1826 573 1884 'diﬁicultate
619 1836 946 1900 superatus,
1003 1830 1070 1884 ad
1125 1829 1266 1885 hanc
1317 1831 1686 1886 conditionem
1735 1847 1847 1886 non

255 1924 370 1973 tam
399 1920 630 1976 consilio
658 1936 822 1990 quam
862 1919 1092 1989 imperio
1137 1928 1192 1974 et
1238 1929 1388 1975 metu
1437 1922 1580 1994 regis
1625 1930 1847 1978 coactus

238 2012 359 2077 est,
393 2019 453 2065 ut
481 2011 534 2065 in
564 2011 775 2066 cunctis
802 2011 1162 2067 decimalibus
1189 2012 1434 2067 ecclesiis
1483 2013 1598 2066 suis
1635 2021 1846 2082 partem

255 2102 540 2158 dimidiam
565 2102 902 2158 decimarum
947 2103 1061 2172 ipse
1101 2103 1195 2170 δτι,
1243 2102 1524 2158 dimidiam
1573 2103 1846 2173 archiepi-

231 2205 456 2266 ‘scopus
510 2195 800 2267 acciperet,
849 2197 1205 2254 dominicales
1253 2206 1435 2252 autem
1483 2208 1666 2254 curtes
1692 2216 1843 2268 suas,

235 2287 399 2342 'sicut
445 2288 908 2359 archiepiscopus,
957 2306 1151 2346 omnes
1204 2291 1274 2345 ab
1315 2293 1464 2346 omni
1507 2291 1844 2348 decimarum

253 2383 559 2438 redditione
611 2383 812 2440 liberas
857 2385 1100 2441 haberet.
1171 2385 1311 2441 Tum
1365 2387 1438 2418 ⁸⁷³
1493 2404 1608 2455 rex,
1666 2389 1844 2446 sciens

253 2474 389 2529 baut
439 2475 576 2530 bene
618 2475 880 2546 placitura
933 2475 1182 2532 Romano
1229 2479 1472 2548 pontiﬁci
1519 2495 1640 2551 quae
1693 2489 1844 2552 gesta

253 2562 490 2632 fuerant,
535 2566 638 2621 sub
667 2565 1110 2630 interminatione
1139 2570 1327 2640 gratia:
1357 2587 1470 2626 sua:
1497 2573 1714 2644 utrique
1743 2574 1842 2628 ab-

251 2657 366 2712 bati
391 2657 636 2728 praecipit
664 2667 723 2713 ut
753 2675 930 2729 neque
954 2677 1051 2731 per
1078 2678 1136 2718 se
1165 2659 1334 2733 ipsos,
1367 2680 1543 2736 rteque
1571 2681 1668 2736 per
1701 2681 1845 2722 nun-

253 2748 420 2817 cium,
451 2765 628 2822 neque
657 2751 765 2806 alio
793 2752 988 2821 quovis
1017 2753 1202 2820 modo,
1227 2755 1714 2824 proinsimulanda
1763 2759 1842 2814 si-

252 2839 398 2895 nodo
425 2841 784 2910 apostolicam
811 2843 994 2898 sedem
1025 2843 1432 2916 interpellarent
1461 2848 1630 2919 (295).

237 2945 250 2951 '
322 2929 503 3000 Atque
529 2930 605 2986 ita
633 2932 892 2988 omnibus
921 2933 993 2966 ³⁷³
1021 2950 1143 3004 quae
1169 2934 1477 2992 intenderat
1501 2953 1602 3008 pro
1641 2939 1840 2994 volun-

1973 465 2118 514 nem,
2145 466 2268 520 quae
2295 453 2412 521 ejus
2443 452 2654 521 iujussu
2686 452 2825 509 facta
2856 453 3054 520 fuerat,
3083 455 3294 510 irritam
3325 453 3444 512 fore
3471 457 3563 513 de-

1971 551 2249 609 cerneret;
2282 553 2586 598 asserentes
2629 547 2799 614 quod,
2857 545 2964 601 nisi
3013 547 3272 616 impetum
3322 549 3561 605 hominis

1968 633 2264 700 praevenire
2292 641 2611 700 maturaret,
2643 637 2846 691 malum
2871 638 2974 692 hoc
3004 653 3112 691 non
3147 639 3200 690 in
3230 640 3397 693 alium
3429 655 3555 710 grav

1967 722 2089 776 vius
2115 721 2185 752 ’3'
2214 737 2378 791 quam
2411 722 2463 776 in
2493 723 2668 794 ipsum
2701 741 2880 796 regem
2913 727 3342 784 redundaturum
3387 737 3553 784 esset.

1967 813 2162 868 Statim
2207 830 2299 869 rex
2350 832 2380 869 a
2433 815 2598 871 latere
2629 817 2698 848 ⁸⁸³
2727 833 2829 872 suo
2874 817 3249 874 Eherhardum
3299 822 3554 876 comitem

1965 904 2133 970 misit,
2173 905 2287 974 qui,
2327 903 2604 961 Romanos
2635 922 2886 976 proceres
2934 911 3163 964 conveni
3199 926 3286 976 ns,
3335 925 3555 964 causam

1963 994 2032 1047 ab
2078 994 2158 1048 eis
2205 995 2578 1050 sciscitaretur
2621 1013 2814 1066 quare,
2865 1009 3060 1068 praeter
3102 1002 3555 1056 consuetudinem

1963 1086 2255 1155 majorum,
2285 1102 2410 1158 rege
2443 1087 2752 1143 inconsulto
2786 1088 3298 1148 Romanmu'cltsize
3335 1093 3556 1163 pontiﬁ-

1923 1187 1930 1193 ‘
1960 1195 2078 1234 cem
2093 1180 2460 1244 ortlinassent,
2491 1180 2799 1250 ipsumque,
2829 1183 2876 1236 si
2908 1198 3014 1237 non
3045 1184 3236 1240 idonee
3267 1187 3554 1242 satisface-

1919 1290 1930 1296 ·
1958 1279 2061 1337 ret,
2091 1270 2276 1326 illicite
2302 1279 2524 1342 accepta
2553 1271 2814 1343 dignitate
2842 1273 3094 1328 abdicare
3123 1291 3182 1331 se
3209 1279 3548 1349 ιπωρίρριτι.

1921 1381 1930 1386 ·
1956 1359 2007 1418 Is
2033 1363 2258 1418 veniens
2286 1362 2538 1429 Romam,
2567 1357 2798 1435 benigne
2828 1381 2858 1418 a
2888 1367 3145 1434 praedicto
3191 1369 3310 1423 viro
3355 1387 3550 1427 susce-

1951 1442 2081 1522 ptus
2122 1461 2224 1508 est.
2276 1442 2542 1525 Cumque.
2574 1455 2650 1509 illi
2700 1457 2956 1512 mandata
3001 1457 3148 1529 regis
3177 1464 3548 1536 exposuisset,

1953 1546 2237 1618 respondit
2263 1561 2347 1614 se,
2377 1545 2489 1601 Deo
2519 1556 2678 1614 teste,
2712 1548 2938 1603 honoris
2967 1549 3132 1619 hujus
3149 1568 3356 1622 apicem
3387 1573 3550 1612 num-

1925 1653 2118 1708 quam
2158 1653 2255 1708 per
2295 1638 2648 1694 ambitionem
2697 1639 3002 1706 affectasse,
3035 1643 3128 1697 sed
3165 1645 3398 1700 electum
3430 1664 3486 1702 se
3518 1667 3550 1706 a

1950 1727 2232 1796 Romanis,
2264 1731 2609 1786 etviolentcr
2644 1732 2747 1786 sibi
2795 1732 3106 1802 impositam
3156 1734 3326 1792 fuisse
3373 1741 3548 1794 eccle—

1935 1821 2156 1876 siastici
2193 1823 2475 1893 regiminis
2505 1825 2920 1892 necessitatem;
2975 1827 3094 1898 cogi
3141 1836 3323 1884 tamen
3365 1832 3548 1889 nullo-

1947 1915 2112 1969 modo
2141 1915 2386 1984 potuisse
2442 1925 2502 1970 ut
2529 1916 2772 1971 ordinari
2800 1934 2860 1973 se
2889 1918 3242 1988 permitteret,
3292 1923 3465 1980 donec
3493 1925 3550 1981 in

1947 2006 2270 2062 electionem
2299 2023 2456 2062 suam
2488 2016 2599 2062 tam
2630 2025 2811 2080 regem
2841 2026 3008 2080 quam
3036 2013 3312 2084 principes
3342 2014 3548 2072 Teuto-

1948 2097 2074 2153 uici'
2101 2099 2254 2169 regni
2295 2099 2644 2154 consensisse
2672 2110 2818 2154 certa
2850 2101 3121 2172 legatione
3151 2119 3543 2175 cognosceret;

1949 2189 2051 2244 hac
2079 2189 2290 2244 ratione
2317 2191 2595 2246 distulisse
2623 2192 2801 2246 adhuc
2833 2194 3232 2251 ordinationem
3283 2215 3461 2268 suam,
3493 2213 3548 2258 et

1947 2283 2066 2337 sine
2094 2282 2260 2337 dubio
2285 2282 2603 2348 dilaturum,
2648 2284 2821 2340 donec
2867 2285 2971 2340 sibi
3017 2288 3352 2344 voluntatem
3401 2297 3546 2364 regis

1946 2383 2129 2430 certus
2158 2375 2281 2430 inde
2306 2376 2530 2432 veniens
2560 2377 2796 2432 nuncius
2824 2377 3120 2434 intimaret.
3168 2380 3280 2438 lloc
3303 2384 3396 2438 ubi
3431 2387 3546 2455 tegi

1944 2475 2032 2522 est
2066 2467 2408 2537 nunciatum,
2441 2469 2674 2524 libenter
2712 2470 2952 2540 suscepit
2993 2472 3446 2544 satisfactionem,
3492 2487 3547 2532 et

1946 2562 2228 2619 laetissimo
2269 2563 2528 2636 suffragio
2559 2574 2619 2620 ut
2645 2566 2994 2622 ordinaretur
3037 2571 3347 2639 mandavit;
3395 2577 3545 2644 quod

1945 2663 2000 2710 et
2026 2654 2231 2711 factum
2260 2664 2346 2713 est
2371 2673 2518 2712 anno
2547 2667 2808 2730 sequente
2835 2659 2888 2713 in
2918 2644 3299 2730 puriﬁcatione
3341 2676 3544 2724 sanctae

1945 2747 2128 2806 Maria:
2156 2749 2326 2821 (296).

2014 2840 2222 2897 Interea
2255 2841 2310 2896 hi
2363 2842 2460 2913 qui
2489 2843 2544 2896 in
2573 2843 2814 2899 castellis
2837 2860 3001 2914 supra
3023 2849 3342 2904 memoratis
3364 2860 3540 2919 erant,

1944 2934 2182 3004 graviter
2213 2934 2376 2990 nimis
2405 2927 2765 2990 imminebant
2793 2937 2997 3007 populo
3028 2936 3280 2996 Saxonite
3307 2950 3362 2996 et
3391 2941 3540 2999 Thu-

253 3029 362 3078 tate
389 3023 615 3092 exactis,
645 3025 895 3082 concitus
948 3024 1307 3098 Ratisponam
1356 3031 1654 3097 contendit,
1709 3047 1838 3088 san-
1871 3049 1913 3110 ρ
1948 3026 2155 3097 ringize.
2204 3024 2399 3082 Omnia
2427 3044 2553 3098 quae
2581 3027 2638 3082 in
2664 3028 2808 3084 villis
2835 3036 2890 3083 et
2915 3029 3064 3100 agris
3091 3041 3268 3099 erant,
3316 3033 3373 3088 in
3421 3035 3540 3092 dies

250 3123 398 3169 ctum
444 3111 646 3187 pascha
676 3118 750 3173 ibi
781 3119 1172 3175 celebraturus.
1223 3119 1474 3192 Cumque
1519 3123 1573 3178 in
1623 3123 1844 3181 civitate

241 3205 493 3277 ‘Augusta
523 3207 670 3281 (294)
715 3210 859 3265 diem
905 3212 1210 3282 palmarum
1265 3222 1449 3285 ageret
1486 3215 1671 3287 (Mart.
1725 3217 1838 3288 2-4),

249 3293 582 3354 Buodolfum
611 3300 682 3334 ⁸⁷⁷⁸
705 3301 900 3357 ducem
948 3301 1251 3358 Sucvorum
1281 3313 1335 3359 et
1363 3306 1501 3362 alios
1545 3308 1836 3378 quosdam,

247 3386 344 3455 qui
375 3387 658 3446 sinistrum
696 3390 902 3462 aliquid
942 3401 1134 3448 contra
1171 3410 1286 3449 rem
1334 3396 1610 3466 publicam
1658 3398 1838 3452 moliri

243 3477 358 3548 jam
387 3479 594 3550 pridem
623 3481 694 3514 ⁸⁷³
721 3483 886 3538 delati
942 3482 1178 3552 fuerant,
1229 3487 1283 3539 in
1335 3486 1563 3556 gratiam
1613 3489 1834 3557 recepit.

247 3567 384 3624 Dein
430 3572 503 3604 ³⁷⁸
547 3581 799 3629 sanctum
831 3575 1031 3644 pascha
1061 3575 1248 3647 (Mart.
1278 3576 1390 3648 5i),
1423 3579 1565 3632 sicut
1593 3579 1840 3634 institue-

245 3667 354 3728 rat,
408 3660 750 3735 Ratisponze,
799 3673 1149 3736 pentecosten
1197 3668 1251 3723 in
1299 3667 1544 3740 Augusta
1591 3671 1835 3727 celebra-

245 3749 326 3806 vit
372 3751 520 3823 (295)
553 3753 710 3824 (Mai.
768 3753 876 3825 19).

319 3841 624 3900 Alexander
641 3861 800 3917 papa,
824 3847 918 3918 qui
936 3855 988 3902 ct
1005 3848 1355 3916 Anshelmus,
1373 3850 1607 3906 decessit
1635 3853 1830 3924 (April.

245 3932 359 4002 21).
408 3933 510 3990 Cui
540 3935 774 3992 Romani
803 3939 1050 4008 protinus
1076 3939 1386 3996 inconsulto
1429 3957 1556 4013 rege
1609 3958 1832 4000 succes-

247 4037 428 4080 sorem
471 4027 752 4098 elegerunt
799 4027 1222 4086 Hildebrandum
1243 4073 1258 4100 ,
1308 4033 1480 4090 sacris
1523 4034 1592 4066 ⁸⁷⁷
1637 4035 1833 4091 litteris

244 4115 678 4188 eruditissimum
703 4128 758 4175 et
783 4119 842 4176 in
883 4129 995 4177 tota
1022 4124 1270 4191 ecclesia,
1322 4133 1566 4197 tempore
1612 4145 1833 4200 quoque

244 4207 492 4277 priorum
525 4213 864 4280 pontificum,
895 4216 1043 4288 omni
1073 4215 1145 4248 ⁸⁷⁸
1169 4218 1431 4274 virtutum
1461 4235 1660 4292 genere
1684 4223 1828 4278 cele-

242 4298 565 4356 berrimum.
613 4301 664 4359 Is
691 4305 949 4376 quoniam
978 4309 1094 4363 zelo
1117 4307 1210 4364 Dei
1233 4309 1668 4370 ferventissimus
1689 4323 1826 4382 erat,

1943 3118 2232 3189 eruptione
2259 3117 2402 3174 facta
2425 3120 2776 3192 diripiebant,
2807 3121 3011 3177 tributa
3041 3131 3095 3177 et
3122 3125 3404 3196 vectigalia
3445 3128 3542 3184 sil-

1942 3226 2136 3266 varum
2184 3221 2239 3266 et
2282 3228 2601 3282 camporum
2635 3213 3001 3284 importabilia
3031 3215 3102 3248 ⁸⁸⁸
3127 3197 3436 3288 exigebant,
3485 3231 3540 3277 et

1941 3303 2266 3374 plerumque
2313 3305 2418 3361 sub
2464 3312 2730 3376 praetextu
2781 3306 3118 3362 decimarum
3171 3317 3316 3365 totos
3372 3311 3538 3367 simul

1941 3411 2130 3467 greges
2157 3397 2465 3467 abigebant.
2514 3396 2668 3468 Ipsos
2717 3397 3098 3468 provinciales,
3146 3391 3204 3454 et
3251 3401 3540 3473 plerosque

1939 3503 2006 3542 ex
2036 3488 2124 3543 his
2152 3489 2385 3544 honesto
2411 3489 2534 3544 loco
2561 3497 2719 3544 natos
2745 3498 2800 3545 et
2838 3505 2898 3544 re
2926 3488 3182 3545 familiari
3210 3491 3536 3549 florentissi-

1937 3595 2080 3648 mos,
2109 3580 2299 3636 vilium
2331 3582 2730 3652 mancipiorum
2761 3582 2868 3636 ritu
2899 3583 3104 3638 servire
3131 3583 3202 3615 ⁸⁸⁵
3224 3584 3327 3640 sibi
3371 3600 3535 3656 coge—

1938 3671 2101 3740 bant;
2133 3673 2274 3728 lilias
2301 3669 2495 3729 eorum
2523 3682 2579 3729 et
2608 3688 2828 3740 uxores,
2859 3674 3097 3730 consciis
3125 3683 3177 3730 et
3203 3691 3340 3746 pene
3383 3679 3533 3749 aspi-

1937 3763 2209 3821 cientibus
2238 3766 2473 3832 maritis,
2499 3765 2812 3832 violabant;
2843 3767 3136 3822 nonnullas
3161 3766 3347 3836 etiam,
3379 3769 3431 3824 vi
3463 3771 3534 3802 8‘"

1938 3858 1993 3912 in
2024 3860 2244 3914 castella
2285 3875 2385 3915 sua
2415 3867 2600 3930 raptas
2625 3867 2678 3914 ct
2705 3867 2912 3930 quanto
2944 3867 3186 3932 tempore
3214 3862 3382 3916 libido
3411 3880 3536 3934 sug-

1935 3951 2199 4022 gessisset
2225 3951 2654 4022 impudicissime
2682 3952 2916 4018 habitas,
2949 3951 3017 4007 ad
3045 3953 3299 4009 ultimum
3357 3957 3534 4010 mari-

1937 4043 2006 4099 tis
2060 4060 2187 4100 cum
2244 4045 2608 4116 ignominiosa
2673 4045 3092 4116 exprobratione
3157 4047 3555 4104 remittebant.

1933 4135 2182 4202 Quorum
2209 4137 2254 4192 si
2281 4139 2407 4208 quis
2435 4139 2578 4192 inter
2605 4145 2755 4192 tanta
2799 4137 2940 4192 mala
2969 4139 3249 4208 suspirare
3279 4147 3332 4192 et
3363 4139 3532 4194 inter-

1933 4245 2065 4284 num
2095 4230 2264 4285 animi
2291 4231 2536 4286 dolorem
2575 4231 2680 4286 levi
2727 4231 2920 4285 saltem
2969 4229 3315 4300 querimonia
3362 4229 3529 4288 solari

1931 4332 2096 4393 atque
2122 4337 2419 4393 evaporare
2466 4339 2636 4379 ausus
2691 4322 2926 4390 fuisset,
2967 4323 3150 4378 statim
3183 4365 3198 4390 ,
3255 4322 3402 4377 velut
3432 4325 3528 4394 qui

243 4387 482 4460 episc0pi
513 4389 810 4450 Galliarum
835 4398 1086 4466 protinus
1115 4398 1185 4480 ⁷⁷⁵
1213 4401 1403 4470 grandi
1423 4405 1682 4474 scrupulo
1703 4421 1826 4476 pcr-
1857 4401 1904 4460 D
1930 4431 2149 4484 gravem
2177 4414 2434 4486 injuriam
2462 4416 2574 4486 regi
2604 4415 2844 4480 fecisset,
2875 4415 2929 4468 in
2960 4415 3176 4470 vincula
3213 4414 3528 4470 conicieba-

242 4485 452 4538 moveri
489 4497 793 4557 coeperunt,
825 4505 892 4546 ne
921 4493 1002 4546 vir
1027 4493 1363 4551 vehementis
1385 4496 1587 4568 ingenii
1608 4508 1663 4555 et
1683 4501 1826 4558 acris

241 4585 371 4642 erga
394 4571 566 4652 Deum
581 4575 705 4661 ﬁdei
719 4578 1016 4638 districtius
1031 4599 1126 4638 eos
1141 4600 1240 4654 pro
1252 4587 1596 4658 negligentiis
1613 4589 1682 4622 ⁸⁸⁰
1712 4593 1826 4648 suis

1934 4514 2042 4572 tur,
2071 4523 2172 4563 nec
2195 4508 2318 4563 inde
2346 4507 2495 4563 exire
2521 4515 2752 4578 poterat,
2783 4507 2890 4562 nisi
2917 4508 3096 4564 tocius
3140 4507 3529 4579 suppellectilis

1933 4614 2047 4654 suae
2076 4600 2430 4656 distractione
2455 4601 2624 4655 vitam
2665 4600 3008 4671 salutemque
3055 4617 3213 4656 suam
3262 4598 3531 4682 redemisf

242 4667 574 4739 quandoque
593 4669 905 4736 discuteret.
935 4675 1112 4746 Atque
1138 4677 1260 4734 ideo
1285 4683 1673 4740 communibus
1701 4700 1824 4740 om-
1933 4699 2016 4746 set
2043 4691 2134 4746 ⁸⁸⁷.
2191 4691 2440 4764 Cumque
2465 4709 2533 4748 ex
2561 4692 2818 4748 omnibus
2845 4667 2980 4748 locis
3007 4692 3326 4749 catervatim
3367 4675 3535 4746 cottiL

1528 4821 1766 4880 VARIIE
1805 4827 2212 4888 LECTIONES.

313 4924 676 5018 κλεὶςξὲῌῇ
716 4926 1158 5018 .m-gec'imales
1206 4931 1258 4986 4.
1335 4933 1405 5016 ⁸⁷⁸
1438 4933 1694 5018 μωεςβ.
1771 4914 2106 5018 ξ⁷²’Τψιο“4.
2157 4946 2254 5018 7⁸⁷³
2281 4946 2337 5018 in
2367 4961 2421 5000 ο.
2455 4947 2508 5002 5.
2586 4947 2658 4979 ⁸⁷⁵
2684 4949 2762 5001 ita
2791 4916 2855 5002 4.
2929 4916 3136 5018 mdo].
3173 4947 3293 5018 jam,
3319 4944 3547 5018 pridem

329 4995 680 5089 “33.99399?
699 4998 771 5089 ;‘.-,
804 4998 900 5089 --Ὗ
935 4999 998 5054 Η·
1025 5001 1205 5089 Fili"?
1236 5004 1408 5060 sacris
1433 5003 1482 5057 ί·
1557 4994 1901 5089 imprime
1923 4994 2106 5070 175-"
2149 5017 2219 5049 επ
2253 4994 2507 5089 desii?
2557 5018 2628 5050 εεθ
2665 4994 3146 5089 ιὶὲέιῖξρηιίεείῖιῖἱέ
3173 4994 3558 5089 satiasse;

246 5064 313 5160 zz
329 5067 673 5160 "aligera
696 5067 1150 5160 <_‘i€’ff??rcir€t
1173 5073 1227 5160 an
1246 5090 1480 5160 emero
1511 5064 1888 5160 ρςιιηειερρραλ
1907 5064 2190 5160 eam
2212 5064 3556 5160 ρῑξῖέέεᾱέιεεοε,,ἆῑοέίίεέίίιξξιῑεξξίέῖςδέξίξῡδιξιῑίιῑ

246 5151 330 5192 an.
360 5135 676 5192 Sittv'ianum
704 5135 952 5192 adversus
979 5135 1150 5192 vari!
1179 5140 1219 5192 I.
1240 5145 1324 5192 te-
1359 5143 1452 5192 ubi
1479 5135 1688 5192 υὲάηηιι,
1722 5135 1892 5192 mih”:
1916 5135 1919 5136 ⁷
1944 5135 2188 5192 1ὶῖἲῦ⁷
2210 5135 2738 5192 ὀᾷἱιᾏζιζζῖἵῐῖτὶνῖῗὶ
2770 5135 3533 5192 ".:°5.-ra;"“3.1"5‘.;i"an:
