4076 5310
256 258 408 351 ll”

1476 248 1816 315 sumtus.
1858 288 1925 297 —
1958 238 2072 314 AN.
2114 256 2272 319 1073.

3348 246 3520 322 'ttso

265 388 325 429 se
357 369 653 427 abdicaret.
681 368 840 438 Quod
865 369 956 426 ille
977 370 1127 425 nulla
1157 368 1369 426 ratione
1390 371 1460 404 ⁹¹⁸
1487 387 1547 429 se
1568 370 1841 427 facturum
1871 374 1918 431 Α
1943 386 2042 427 cus
2068 371 2138 404 ⁸³⁸
2166 384 2351 426 comes
2376 387 2390 437 ;
2423 377 2538 425 tum
2580 369 2776 442 vulgus
2820 370 3192 440 premiseuum
3236 382 3403 446 supra
3445 382 3521 437 tit)

264 464 702 535 protestabatur,
753 463 970 520 etiamsi
1020 464 1123 520 sibi
1175 465 1437 535 quicquid
1488 466 1664 520 aetatis
1712 463 1841 519 reli-

265 571 434 626 quum
463 565 608 611 esset
651 557 707 611 in
739 557 989 612 CllSlOdit
1031 565 1085 612 et
1115 558 1167 612 in
1210 558 1445 613 vinculis
1473 557 1798 629 exigendum
1821 597 1836 622 ,

264 648 482 705 etiamsi
510 665 607 719 per
631 664 825 706 omnes
853 650 1132 705 cruciatus
1172 658 1228 704 et
1268 666 1365 720 per
1407 651 1592 704 omnia
1630 648 1839 719 suppli-

265 742 479 797 ciorum
522 759 719 814 genera
759 743 943 798 anima
983 743 1235 812 ponenda
1285 750 1450 799 essett
1482 740 1733 810 Cumque
1764 739 1843 793 ni-

266 832 344 887 hil
369 834 438 865 m
478 834 866 904 supplicando,
914 834 1049 888 nihil
1091 834 1379 904 pecuniam
1423 842 1587 903 atque
1629 832 1841 888 infinita

265 925 463 994 pratdia
494 926 789 993 oﬂerendo,
823 927 959 981 nihil
1001 942 1099 982 sua
1140 925 1358 996 utrique
1384 926 1455 955 “°
1497 941 1625 996 erga
1663 925 1841 995 ipsum

267 1032 451 1087 regem
484 1026 649 1088 atque
674 1034 802 1089 erga
834 1035 950 1073 rem
995 1019 1270 1089 publicam
1314 1017 1485 1072 multa
1520 1032 1663 1086 saepe
1703 1017 1842 1071 bene

267 1110 464 1164 merita
509 1112 1013 1178 commemorando,
1063 1110 1421 1181 proﬁcerent,
1474 1110 1542 1164 ad
1589 1108 1841 1162 ultimum

266 1197 393 1256 Otto
420 1202 531 1257 dux
560 1203 837 1273 quondam
867 1202 1131 1273 Bajoariae
1160 1219 1219 1258 se
1260 1203 1438 1271 ipsum
1470 1201 1582 1271 regi
1613 1200 1839 1265 obtulit,

266 1295 529 1363 quamdiu
544 1296 705 1351 vellet
726 1296 782 1349 in
808 1295 1044 1351 vinculis
1074 1295 1405 1360 habendum,
1429 1302 1483 1347 et
1511 1294 1695 1348 omnia
1721 1309 1840 1357 sua,

268 1392 546 1457 tamquam
576 1388 747 1458 priori
777 1388 1140 1443 conventione
1170 1386 1307 1440 nihil
1336 1393 1519 1439 actum
1549 1393 1714 1449 esset,
1744 1400 1844 1452 pro

266 1479 532 1534 arbitratu
576 1496 678 1535 suo
705 1480 1117 1545 distribuenda,
1149 1478 1446 1533 dummodo
1475 1477 1843 1546 propinquum

266 1587 453 1639 suum,
475 1573 570 1643 qui
595 1574 713 1628 solo
742 1589 968 1629 suarum
997 1573 1234 1644 partium
1262 1570 1444 1627 studio
1472 1556 1676 1624 in'cam
1707 1566 1846 1623 cala-

267 1664 513 1719 mitatem
554 1665 865 1731 devenerat,
914 1665 1196 1719 dedicione
1235 1662 1558 1717 absolveret.
1605 1659 1687 1714 Ad
1730 1660 1845 1714 haec

267 1754 442 1811 fertur
484 1774 580 1813 rex
626 1765 784 1812 atrox
831 1757 997 1811 nimis
1026 1756 1242 1811 dedisse
1271 1769 1599 1823 responsum
1619 1795 1634 1818 ,
1666 1751 1843 1821 ipsum

265 1855 321 1902 et
350 1849 531 1903 omnia
560 1865 684 1919 qua:
725 1850 896 1919 ipsius
935 1856 1118 1904 essent
1152 1847 1265 1918 jam
1308 1845 1515 1916 pridem
1543 1843 1844 1898 dediciouis

263 1940 386 2010 jure
423 1942 479 1996 in
520 1949 847 2012 potestatem
889 1941 1093 2012 regiam
1137 1941 1401 2004 cessisse,
1462 1953 1562 1992 nec
1609 1952 1734 1991 eum
1773 1937 1841 1968 9“

266 2032 483 2102 objecto
516 2034 793 2104 quondam
824 2034 1056 2089 crimine
1094 2033 1274 2087 adhuc
1317 2032 1389 2084 ita
1430 2037 1754 2099 purgatum,
1787 2035 1845 2082 ut

266 2124 356 2179 sui
388 2127 473 2179 vel
503 2127 572 2157 9"
602 2143 830 2182 suarum
860 2142 1046 2181 rerum
1068 2127 1193 2197 jure
1221 2124 1466 2195 gentium
1494 2120 1846 2175 traditionem

267 2216 437 2271 ullam
459 2218 690 2273 liberam
720 2218 963 2273 haberet.
996 2215 1071 2272 Ea
1098 2233 1206 2271 vox
1238 2216 1430 2270 acerbe
1457 2213 1668 2289 prolata
1698 2227 1849 2267 acer-

266 2307 394 2364 bius
423 2318 508 2365 est
533 2318 753 2380 accepta
772 2353 787 2377 ,
818 2325 1187 2381 magnumque
1217 2307 1328 2363 odii
1357 2304 1715 2362 seminarium
1744 2304 1846 2358 ira-

267 2414 505 2471 rumque
534 2400 781 2456 fomitem
808 2401 1160 2457 ministravit.

339 2489 436 2547 His
467 2494 785 2550 auctoribus
804 2502 926 2549 orta
948 2494 1144 2549 seditio
1163 2534 1178 2559 ,
1210 2491 1286 2547 ita
1304 2490 1455 2547 brevi
1478 2497 1651 2545 totum
1680 2487 1848 2543 Saxo-

252 2583 375 2662 Xnia:
400 2576 661 2655 populum
701 2587 858 2656 quasi
888 2587 1039 2641 rabie
1067 2585 1306 2657 quadam
1338 2581 1546 2650 infecit,
1576 2589 1638 2636 ut
1664 2581 1845 2637 omnis

267 2674 538 2746 dignitas,
567 2680 748 2735 omnis
791 2679 1066 2745 conditio,
1116 2676 1300 2734 omnis
1340 2668 1474 2731 retas
1516 2690 1638 2745 qure
1681 2674 1845 2728 modo

268 2765 532 2827 faciendis
580 2771 863 2841 stipendiis
904 2771 1101 2827 idonea
1130 2769 1303 2836 foret,
1336 2784 1447 2823 uno
1477 2767 1693 2833 animo,
1727 2765 1846 2836 pari

268 2862 582 2930 voluntate,
612 2864 680 2918 ad
720 2880 874 2918 arma
910 2864 1311 2928 conclamaret,
1361 2868 1417 2915 et
1445 2875 1503 2915 se
1532 2858 1635 2914 sub
1663 2874 1847 2913 sacra-

269 2963 456 3011 mento
503 2956 846 3025 promitteret
913 2969 1007 3010 aut
1052 2955 1324 3010 obstinate
1373 2952 1707 3017 morituros,
1751 2958 1847 3004 aut

254 3055 486 3116 gentem
514 3064 670 3103 suam
699 3049 756 3102 in
796 3049 1102 3103 libertatem
1143 3046 1537 3102 vindicaturos.
1584 3041 1751 3096 Erant
1791 3042 1845 3096 in
1874 3063 1914 3119 ο

267 3153 337 3194 ea
366 3141 743 3211 conjuratione
784 3141 1060 3213 principes
1101 3138 1193 3194 isti
1225 3157 1238 3195 :
1269 3136 1457 3193 Wezel
1497 3134 1849 3206 Magadabw—

254 3232 455 3302 .gensis
482 3234 926 3304 archiepiscepus
952 3234 1043 3301 9”,
1087 3230 1266 3286 Bucco
1296 3225 1751 3283 llalberstatensis
1778 3225 1850 3258 m

266 3325 593 3396 episcopus,
639 3324 799 3382 Hecel
843 3322 1398 3381 llildencsheimensis
1424 3320 1493 3352 ’⁸⁵
1522 3318 1847 3389 cpiscopus,

272 3415 563 3474 Wernheri
615 3417 1080 3489 Merseburgensis
1133 3416 1203 3446 ’⁸⁸
1257 3413 1583 3484 episcopus,
1638 3408 1850 3464 Eilbcr-

271 3516 361 3565 tus
399 3510 467 3541 "7
529 3510 827 3567 Mindensis
880 3510 1207 3580 episcopus,
1266 3505 1460 3560 lmmct
1521 3502 1853 3558 Podelbrul-

271 3600 460 3656 nensis
507 3603 580 3635 ’⁸⁸
649 3604 971 3674 episcopus,
1056 3599 1339 3656 Friderich
1404 3594 1853 3667 Mimegardefur—

271 3691 460 3749 densis
487 3695 555 3726 ἠ
610 3695 899 3766 episcopus
957 3692 1139 3766 (504),
1196 3690 1384 3746 Benno
1439 3687 1753 3769 Misinensis
1779 3686 1850 3718 ’³⁸

274 3784 583 3856 episcopus,
631 3784 759 3840 Otto
812 3787 922 3841 dux
972 3784 1251 3856 quondam
1293 3780 1581 3851 Bajoarize,
1610 3777 1755 3833 Uoto
1783 3778 1850 3811 ⁹³¹

272 3877 523 3933 niarchio
553 3877 703 3951 (505)
723 3920 736 3944 ,
778 3877 910 3932 Deii
951 3875 1196 3931 marcliio
1229 3873 1410 3944 (506),
1439 3881 1494 3926 et
1522 3870 1672 3926 omni
1703 3886 1852 3924 mar—

269 3970 470 4025 chione
491 3970 793 4026 animosior
814 3977 976 4039 atque
1000 3965 1338 4036 implacatior
1358 3981 1500 4019 uxor
1520 3963 1639 4034 ejus
1664 3962 1851 4028 Adela,

274 4059 544 4131 Egbertus
585 4063 832 4118 marchio
859 4060 1265 4131 Thuringorum
1289 4099 1302 4122 ,
1336 4071 1471 4126 puer
1508 4055 1685 4109 adhuc
1714 4052 1856 4109 infra

273 4153 541 4210 militares
569 4171 763 4221 annos,
795 4152 1074 4208 Friderich
1115 4149 1388 4219 palatinus
1416 4162 1603 4202 comes
1623 4189 1637 4210 ,
1671 4145 1859 4200 Diede-

273 4244 424 4303 ricus
451 4247 520 4279 ⁹³²
560 4263 746 4304 comes
776 4245 957 4318 (507),
1003 4242 1329 4299 Adalbertus
1356 4240 1426 4271 ³³³
1454 4253 1643 4293 comes
1671 4234 1853 4306 (508),

275 4336 404 4397 Otto
450 4354 657 4407 comes,
711 4337 1037 4394 Counradus
1065 4334 1134 4367 ³³⁵
1164 4348 1354 4391 comes
1403 4330 1586 4405 (509),
1638 4326 1855 4383 Heinri~

1940 454 2093 519 milia
2121 469 2258 529 erat,
2289 463 2384 533 qui
2412 463 2480 517 ad
2519 463 2869 519 asserendam
2896 464 2967 496 ’³⁸
2996 465 3300 521 libertatem
3328 468 3520 540 patriae

1932 555 2195 625 legesque
2234 555 2462 610 tuendas
2501 555 2907 625 promptissimo
2941 557 3126 612 animo
3155 574 3351 616 manus
3388 575 3521 633 opes

1941 662 2168 716 ramque
2205 658 2362 701 suam
2392 647 2796 716 promittebant.
2830 647 2896 702 Et
2928 664 3055 704 vere
3082 649 3345 707 divinitus
3372 651 3523 708 oblab

1944 745 2053 791 tam
2094 739 2197 793 sibi
2236 754 2357 793 esse
2383 739 2451 770 ’³⁷
2492 741 2835 795 occasionem
2862 740 3147 808 dicebant,
3179 759 3287 813 qua
3323 743 3518 816 jugum

1944 829 2301 899 iniquissima:
2328 829 2717 886 dominationis
2752 847 2783 886 a
2824 833 3127 905 cervicibus
3155 835 3271 891 suis
3300 842 3521 890 excute-

1943 929 2081 975 rent.
2127 920 2246 975 Dux
2287 921 2539 976 Saxonia:
2578 924 2809 977 necdum
2849 924 3048 995 aliquis
3088 926 3421 981 constitutus
3447 926 3520 959 ”"

1943 1012 2151 1080 fuerat,
2215 1014 2373 1084 quia,
2421 1014 2565 1069 sicut
2616 1028 2781 1084 supra
2834 1026 3198 1072 memoratum
3250 1027 3365 1085 est,
3410 1018 3521 1073 dux

1943 1102 2068 1159 Otto
2094 1106 2257 1174 paulo
2285 1113 2411 1159 ante
2438 1105 2696 1161 humanis
2725 1106 2891 1162 rebus
2928 1117 3241 1165 excesserat
3282 1118 3337 1164 et
3375 1109 3521 1165 filius

1943 1197 2063 1266 ejus
2092 1197 2161 1227 ’3’
2201 1195 2427 1267 Magnus
2450 1239 2465 1265 ,
2508 1198 2595 1252 cui
2624 1197 2854 1254 ducatus
2895 1199 3131 1270 legitima
3174 1202 3522 1257 successione

1944 1288 2241 1342 debebatur
2270 1287 2454 1359 (510),
2491 1289 2669 1344 adhuc
2711 1290 2767 1343 in
2811 1292 3036 1346 castello
3078 1292 3414 1367 Hartesburg
3449 1291 3524 1328 ⁸⁸⁸

1943 1379 2158 1433 deditus
2187 1380 2524 1435 servabatur.
2559 1380 2625 1434 Et
2652 1381 2779 1451 quia
2808 1398 2905 1436 rex
2944 1383 2998 1437 in
3027 1384 3170 1439 bona
3198 1386 3317 1455 ejus
3345 1380 3525 1442 ξηιλεά-

1944 1478 2115 1536 verat,
2145 1471 2199 1525 id
2226 1472 2527 1539 prmstolari
2554 1473 2868 1542 putabatur,
2895 1480 2954 1527 ut
2980 1474 3250 1530 malorum
3280 1476 3522 1546 pondere

1944 1576 2009 1615 ac
2038 1562 2211 1633 longa:
2238 1563 2541 1619 dedicionis
2572 1565 2729 1619 tzedio
2771 1564 3028 1636 fatigatus
3071 1567 3214 1622 ultro
3252 1568 3376 1639 jure
3418 1581 3523 1625 suo

1945 1652 2158 1709 cederet
2204 1663 2258 1710 et
2306 1655 2565 1711 ducatum
2614 1657 2702 1712 cui
2747 1673 2842 1712 rex
2869 1658 2937 1690 ’“
2978 1658 3241 1715 voluisset
3279 1660 3522 1715 dandum

1946 1746 2282 1813 permitteret
2301 1747 2389 1801 κ’.
2415 1747 2701 1804 Liemarus
2721 1749 3030 1806 Premensis
3054 1751 3520 1822 archiepiscopus,

1946 1834 2097 1906 Eppo
2134 1836 2424 1895 Citicensis
2451 1841 2741 1911 episcopus
2788 1850 2842 1897 et
2880 1841 3064 1897 Benno
3111 1843 3527 1916 Usenhruggen-

1946 1927 2022 1981 sis
2051 1927 2119 1958 ’“
2148 1930 2458 1999 episcopus,
2498 1934 2627 2002 quia
2682 1932 2737 1987 in
2789 1948 3140 1990 communem
3196 1936 3520 1991 sententiam

1944 2019 2121 2090 gentis
2149 2037 2262 2076 sua“:
2289 2024 2588 2077 concedere
2617 2024 2903 2091 nolebant,
2935 2026 3002 2080 de
3029 2026 3230 2083 ﬁnibus
3272 2026 3525 2082 Saxonia:

1945 2110 2163 2182 cti'ugati
2184 2152 2198 2180 ,
2244 2114 2314 2168 ad
2352 2130 2532 2184 regem
2563 2131 2623 2170 se
2647 2117 3031 2183 contulerunt,
3062 2118 3225 2189 eique
3253 2126 3370 2174 toto
3398 2117 3526 2175 belli

1946 2203 2110 2273 hujus
2138 2212 2381 2275 tempore
2408 2205 2671 2261 individui
2698 2209 2927 2263 comites
2953 2208 3318 2264 adhaeserunt.

2017 2294 2153 2365 (Jul.
2184 2297 2347 2369 Aug.)
2391 2296 2562 2369 Igitur
2601 2299 2819 2359 circiter
2852 2299 2923 2331 ’“
2957 2298 3229 2357 Kalendas
3254 2296 3525 2373 Augusti,

1945 2388 2128 2443 adulta
2151 2388 2266 2459 jam
2297 2389 2542 2460 satisque
2576 2391 2831 2446 roborata
2872 2393 3287 2464 conjuratione,
3318 2394 3526 2466 legatos

1945 2481 2168 2535 mittunt
2215 2482 2283 2535 ad
2311 2474 2380 2512 ⁸⁸⁵⁸
2411 2498 2613 2553 regem,
2642 2492 2760 2538 tum
2789 2483 2858 2517 "°
2886 2485 3146 2555 temporis
3175 2485 3242 2518 ’δ’
3267 2484 3530 2541 Goslariaa

1944 2575 2302 2629 constitutum
2330 2614 2344 2641 ,
2395 2576 2736 2647 postulantes
2783 2584 2845 2630 ut
2889 2577 3203 2646 expeditio,
3254 2593 3422 2648 quam
3469 2575 3528 2631 in

1945 2665 2179 2721 Polenos
2205 2666 2275 2699 "3
2304 2666 2635 2735 instituerat,
2668 2668 2768 2723 sibi
2798 2668 3201 2738 remitteretur;
3245 2684 3304 2724 se
3330 2669 3527 2724 adver»

1947 2773 2069 2812 sum
2100 2757 2399 2814 acerrimos
2427 2759 2612 2816 hostes
2656 2758 2897 2815 Lutieios
2926 2760 2997 2792 ³⁸⁸
3025 2761 3114 2815 die
3156 2777 3222 2817 ac
3268 2768 3430 2816 nocte
3470 2759 3528 2816 in

1946 2851 2230 2920 procinctu
2260 2859 2425 2922 atque
2454 2852 2509 2907 in
2540 2852 2656 2907 acie
2684 2846 2858 2919 stare,
2901 2861 2956 2908 et
2999 2851 3046 2909 si
3087 2853 3371 2924 paululum
3412 2868 3531 2908 ma-

1948 2957 2053 2997 nus
2102 2943 2414 3013 remittant,
2444 2945 2571 3001 ilico
2600 2944 2801 3002 ﬁnibus
2830 2945 2946 3001 suis
2976 2946 3304 3003 insultantes
3344 2946 3532 3002 advera

1948 3032 2123 3089 sarius
2166 3043 2220 3090 et
2258 3036 2442 3091 omnia
2470 3020 2617 3093 caade
2655 3050 2819 3109 atque
2860 3037 3111 3111 incendio
3140 3034 3532 3110 depopulantes

1949 3125 2234 3194 aspicere;
2287 3128 2353 3183 ad
2400 3129 2599 3184 horum
2648 3130 2759 3184 vim
2806 3130 3096 3186 arcendam
3124 3131 3214 3187 vix
3245 3130 3349 3187 sibi
3397 3131 3533 3187 satis

1948 3218 2231 3288 copiarum
2259 3235 2381 3276 esse
2405 3209 2443 3289 ;’
2452 3221 2678 3291 proinde
2706 3222 2933 3277 stultum
2968 3220 3085 3277 fore
3103 3265 3118 3290 ,
3149 3229 3212 3278 ut
3237 3221 3440 3279 exteris
3466 3235 3536 3280 ac

1949 3308 2111 3380 longe
2138 3308 2331 3380 positis
2364 3312 2617 3383 gentibus
2664 3328 2817 3367 arma
2866 3311 3122 3379 inferant,
3173 3313 3269 3383 qui
3312 3313 3535 3370 domes-

1951 3401 2075 3456 ticis
2104 3417 2167 3457 ac
2194 3418 2333 3473 pene
2356 3403 2631 3461 intestinis
2662 3405 2781 3459 sine
2802 3403 3209 3459 lnter’missione
3232 3404 3389 3460 bellis
3402 3419 3537 3476 qua-

1953 3493 2177 3549 tiantur.
2209 3493 2479 3550 Praeterea
2504 3494 2574 3528 "°
2602 3495 2882 3565 postulant
2921 3498 2982 3550 ut
3008 3496 3231 3551 castella
3249 3538 3264 3563 ,
3314 3511 3436 3567 qua:
3463 3495 3535 3551 ad

1953 3587 2294 3642 eversionem
2322 3584 2575 3642 Saxonis:
2597 3603 2693 3657 per
2718 3586 2963 3658 singulos
2992 3595 3207 3644 montes
3228 3587 3536 3644 colliculos-

1954 3693 2061 3749 que
2112 3686 2428 3734 extruxerat
2455 3679 2545 3746 "‘,
2575 3680 2721 3735 dirui
2775 3680 3023 3749 juberet;
3081 3688 3141 3734 ut
3195 3678 3533 3752 principibus

1956 3771 2228 3838 Saxonim,
2252 3773 2451 3842 quibus
2480 3773 2598 3827 sine
2626 3773 2868 3844 legitima
2893 3772 3234 3829 discussione
3262 3772 3405 3828 bona
3435 3785 3536 3827 sua

1956 3865 2250 3931 ademerat,
2300 3865 2602 3920 secundum
2652 3866 2961 3936 principum
3010 3879 3236 3921 suorum
3280 3860 3540 3935 jurisdic-

1956 3957 2161 4011 tionem
2212 3952 2582 4026 satisfaceret;
2613 3967 2694 4025 ut,
2726 3958 2916 4013 relicta
2963 3957 3235 4012 interdum
3272 3954 3535 4025 Saxonia,

1957 4048 2010 4103 in
2059 4065 2167 4119 qua
2210 4050 2325 4119 jam
2376 4066 2407 4104 a
2454 4058 2624 4120 puero
2674 4049 2959 4116 residens,
2990 4048 3102 4103 otio
3130 4056 3293 4119 atque
3321 4045 3539 4119 ignavia

1956 4156 2094 4211 pene
2121 4141 2495 4209 emarcuisset,
2526 4142 2688 4196 etiam
2719 4142 2854 4196 alias
2884 4140 3036 4211 regni
3075 4139 3159 4195 sui
3188 4146 3368 4209 partes
3398 4138 3541 4194 invi-

1958 4241 2132 4300 seret;
2167 4241 2225 4288 ut
2252 4234 2550 4290 vilissimus
2570 4234 2845 4300 homines,
2868 4244 3105 4304 quorum
3123 4230 3355 4287 consilio
3369 4245 3540 4302 seque

1959 4340 2185 4397 remque
2232 4326 2505 4393 publicam
2552 4325 2885 4397 praecipitem
2929 4324 3188 4392 dedisset,
3229 4323 3297 4380 de
3335 4321 3539 4396 palatio

1590 4472 1824 4544 trama:
1865 4473 2265 4543 LEC’l‘lONES.

345 4602 420 4642 δι’
458 4624 517 4666 se
552 4625 599 4663 r.
632 4605 668 4664 5
738 4600 964 4680 f‘fperga
994 4595 1173 4679 ipsum
1203 4606 1388 4680 regem
1416 4602 1544 4680 add:
1566 4603 1648 4680 ἑ.-
1671 4671 1685 4680 _
1704 4600 1775 4680 ’ξθ
1805 4616 1841 4655 u

1947 4616 2036 4672 jue
2054 4601 2176 4680 _1._
2230 4600 2535 4680 ”’__cum_l.
2564 4580 2623 4657 4.
2695 4597 2766 4634 ω
2795 4593 3143 4680 μιξίωυιῂέ.
3174 4593 3268 4680 ξ.-
3318 4591 3540 4680 Ψθιιξ-

277 4694 479 4744 scopus
526 4681 579 4734 5.
689 4678 760 4713 m
785 4669 1355 4734 Halb’erstadensisv5.
1467 4674 1538 4706 m
1566 4669 2100 4744 Hildet‘enehmensis
2143 4671 2196 4726 5.
2253 4672 2364 4744 λ⁹²Α⁶
2414 4672 2849 4744 Merspurgensis
2880 4674 2930 4727 l.
3039 4670 3117 4715 '"l
3150 4670 3445 4744 _Gilbertus
3482 4669 3547 4744 5.

277 4744 348 4783 διε
377 4740 650 4807 Podenbr.
681 4751 735 4805 4.
778 4752 832 4807 5.
865 4749 1128 4805 Poderbr.
1174 4749 1224 4803 ι.
1339 4748 1409 4779 ἰο
1438 4744 1654 4814 Mimise
1687 4742 1739 4814 δε
1777 4805 1788 4814 .

1949 4742 2298 4800 Misfenensis
2335 4742 2388 4798 5.
2500 4740 2577 4775 ’π
2601 4740 2707 4799 va)
2737 4757 2933 4798 omnes.
3044 4744 3115 4777 ⁸³⁸
3144 4741 3455 4814 Bitherieus
3485 4740 3513 4793 l
3532 4784 3553 4799 .

275 4819 351 4853 ³³³
376 4805 565 4876 Adelb.
584 4805 799 4876 omnes.
872 4821 942 4852 ⁸³⁵
969 4820 1260 4875 Cunradus
1284 4818 1334 4871 l.
1359 4817 1412 4871 5.
1440 4805 1688 4870 Comici.
1720 4805 1794 4867 5?

1967 4814 2134 4873 Henr.
2168 4815 2220 4869 5.
2299 4814 2368 4846 ⁸³⁸
2397 4814 2465 4869 ad
2494 4816 2782 4881 serendum
2813 4816 2865 4875 5,
2939 4814 3007 4846 ³⁸⁷
3034 4815 3174 4869 deest
3203 4813 3256 4866 5.
3279 4876 3307 4881 μ
3334 4809 3405 4881 "f
3421 4807 3573 4881 fuer.

279 4897 367 4963 rat
380 4875 557 4948 const.
590 4892 644 4946 5.
686 4875 792 4963 77’”
814 4891 961 4963 deest
991 4892 1043 4945 5.
1109 4890 1189 4963 _"‘°
1214 4885 1573 4963 llarttesburg
1606 4885 1664 4963 5.
1762 4881 1912 4963 "inv.
1941 4902 2040 4963 rex
2063 4888 2116 4943 5.
2226 4884 2295 4963 ’_“
2319 4898 2495 4963 pl_'_o_m_.
2528 4878 2583 4963 5.
2621 4885 2728 4963 _°“
2753 4875 3589 4963 stenbruggepsis_§.'0setx;-

276 4945 570 5032 brugensis
589 4963 645 5032 4.
680 4962 773 5032 5._
809 4961 879 4995 ιιι
906 4961 1075 5016 circa.
1108 4960 1161 5032 5.
1193 5031 1197 5032 ί
1237 4959 1307 4992 ιιι
1330 4958 1396 5032 ad
1421 4945 1603 5032 regem
1631 4955 1819 5032 desunt
1842 4952 1892 5032 _5.
1977 4945 2050 4998 ω
2077 4969 2207 5015 ωηο
2230 4955 2283 5032 4.
2319 4945 2337 4954 '
2359 4955 2425 4986 ’δ’
2449 4955 2589 5032 deest
2621 4957 2656 5012 δ
2753 4956 2834 5032 ἐξ
2854 4945 3093 5032 potest“);
3117 4956 3169 5009 δ.
3247 4949 3322 5032 ζζξ
3345 4945 3611 5032 lfuini.

276 5016 474 5087 ciosu5.
500 5016 509 5018 ⁷
552 5016 623 5065 ⁵³⁸
642 5016 795 5087 codd.
816 5032 980 5088 5et4.
1000 5016 1326 5085 conditiones
1339 5016 1579 5098 singulas
1598 5024 1827 5080 numeris
1840 5023 1891 5076 in
1916 5033 2166 5113 margine
2180 5025 2256 5082 rei
2282 5040 2436 5093 super
2454 5024 2646 5081 limam
2720 5025 3177 5096 positisindicant.
3255 5018 3325 5051 ⁹⁸¹
3340 5016 3579 5079 deest?)
3600 5076 3632 5095 ,
