4076 5310
488 337 635 401 Ἧδι

1625 330 1974 404 Lz‘iftiBl‘lRTl
2010 331 2572 391 llEllSFELDENSlS

3616 331 3764 387 “Si

507 463 705 516 eiceret
732 456 836 521 "’,'
866 460 921 509 et
949 450 1100 522 regni
1130 448 1354 521 negocia
1382 447 1537 519 regni
1564 447 1900 518 principibus
1927 490 1940 515 ,
1971 449 2089 517 qui—
2115 451 2162 509 Α
2186 458 2368 514 natus,
2405 463 2631 518 prepere
2658 448 2711 502 in
2751 445 3082 503 llartesburc
3105 445 3177 479 ⁸⁸⁸
3215 460 3273 501 se
3302 445 3552 511 contulit,
3581 462 3766 517 coque

510 555 617 609 bus
642 565 706 605 ea
734 550 1136 616 competerent,
1165 540 1406 596 curanda
1449 547 1613 609 atque
1654 539 2085 594 administranda

509 642 845 716 permitteret
862 656 876 704 ;
896 644 956 691 ut
971 635 1222 690 abdicato
1240 646 1399 703 grege
1413 629 1867 697 concubinarum,
1885 630 2087 700 quibus

510 743 701 792 contra
766 729 901 785 scita
946 726 1018 759 ’⁸³
1084 738 1357 780 canonum
1409 721 1595 776 attrito
1644 719 1839 775 frontis
1889 720 2117 775 rubore'

512 823 826 887 incubabat,
856 818 1119 890 reginam,
1149 830 1315 885 quam
1345 813 1451 868 sibi
1481 812 1781 868 secundum
1811 809 2092 866 ecclesias-

515 916 652 972 ticas
678 911 998 968 traditiones
1024 907 1181 977 .thori
1230 904 1440 961 sociam
1477 900 1740 974 regnique
1782 910 2092 958 consortem

517 1005 822 1078 delegisset,
852 999 1124 1071 oonjugali
1162 998 1284 1054 loco
1303 996 1527 1051 haberet
1545 995 1617 1028 ⁸⁸³⁸
1644 1002 1699 1050 et
1727 994 2006 1065 diligeret;
2035 999 2097 1046 ut

517 1105 697 1153 cetera
719 1093 1045 1165 ﬂagitiorum
1068 1089 1288 1161 probra,
1315 1087 1514 1158 quibus
1540 1085 1858 1158 dignitatem
1888 1084 2094 1156 regiam

496 1189 837 1244 adolescens
859 1181 1237 1247 infamaverat,
1253 1194 1398 1234 nunc
1420 1178 1613 1235 saltem
1630 1185 1903 1232 maturato
1931 1191 2096 1231 sensu

518 1288 576 1336 et
623 1286 780 1335 relate
815 1275 1114 1332 abdicaret.
1161 1271 1447 1326 Postremo
1488 1284 1585 1339 per
1613 1267 1784 1324 Deum
1816 1277 2008 1337 rogant
2040 1274 2101 1320 ut

496 1371 668 1445 ‘justa
689 1365 1091 1440 postulantibus
1118 1369 1313 1432 sponte
1340 1367 1621 1426 annueret,
1655 1375 1753 1414 nec
1784 1357 1887 1413 sibi
1917 1356 2100 1426 magni

495 1497 501 1506 -
522 1460 848 1530 cujusquam
867 1464 1029 1525 atque
1055 1451 1301 1507 inusitati
1320 1449 1580 1505 facinoris
1602 1448 1976 1504 necessitatem
1996 1447 2100 1499 im-

524 1560 769 1625 poneret.
789 1548 848 1605 Si
867 1549 937 1603 ita
959 1547 1181 1612 faceret,
1196 1560 1253 1599 se
1266 1542 1673 1613 promptissimo
1693 1540 1877 1595 animo
1900 1539 1947 1594 ci
1963 1540 2105 1593 sicut

502 1655 754 1702 actenus
772 1643 842 1674 "‘
865 1642 1186 1706 servituros,
1216 1652 1282 1693 eo
1306 1645 1489 1691 tamen
1504 1634 1688 1699 modo,
1703 1649 1815 1704 quo
1842 1633 2104 1703 ingenuos

529 1736 777 1792 homines
808 1740 970 1802 atque
989 1732 1043 1785 in
1091 1730 1263 1784 libero
1308 1724 1539 1796 imperio
1573 1732 1731 1778 natos
1760 1722 1870 1793 regi
1900 1721 2106 1776 servire

2186 555 2372 595 secum
2409 540 2560 611 regni
2588 540 2822 610 insignia
2845 547 2899 593 ct
2934 541 3316 594 thesaurorum
3343 554 3567 595 suorum
3590 555 3770 610 quan-

2172 640 2299 686 tam
2341 632 2394 686 in
2454 647 2517 686 ea
2574 631 2932 699 trepidatione
2989 632 3170 701 potuit
3216 639 3427 701 partem
3486 633 3766 687 convexit.

2188 719 2359 775 Erant
2380 729 2509 775 tunc
2537 721 2799 789 temporis
2822 736 2945 776 cum
2977 736 3045 775 eo
3068 719 3218 791 Eppo
3245 720 3532 778 Citieensis
3559 722 3775 792 episco-

2168 828 2293 882 ‘pus
2318 821 2372 867 et
2396 812 2582 866 Benno
2608 810 3105 882 Ossenbruggensis
3132 812 3201 844 ’”
3226 813 3537 884 episcopus,
3554 828 3777 869 eorum-

2190 918 2297 974 que
2323 903 2553 957 consilio
2592 910 2646 957 et
2684 903 2836 972 prius
2867 905 3153 975 tranquilla
3186 912 3240 959 et
3285 920 3431 960 nunc
3459 906 3674 960 turbata
3711 922 3779 961 re

2175 993 2408 1062 publica
2435 993 2619 1047 omnia
2655 992 2905 1048 faciebat.
2930 992 3074 1049 Casu
3103 1006 3320 1065 quoque
3345 1009 3519 1065 nuper
3543 996 3775 1051 advene-

2194 1092 2299 1150 rat,
2329 1085 2516 1139 ncscio
2542 1084 2673 1155 quid
2712 1085 2938 1156 privatae
2962 1085 3031 1118 "°
3057 1101 3237 1141 causae
3272 1096 3497 1142 acturus
3526 1087 3579 1140 in
3616 1087 3778 1156 pala-

2195 1174 2295 1241 tio,
2338 1173 2624 1230 Bertoldus
2666 1176 2777 1231 dux
2827 1176 3102 1246 quondam
3154 1176 3592 1232 Carentinorum.
3635 1176 3783 1232 Huic

2198 1279 2294 1319 rex
2351 1280 2517 1334 quam
2588 1267 2793 1322 sanctis
2858 1266 3317 1323 obtestationibus
3371 1284 3431 1325 se
3482 1269 3781 1339 purgabat,

2199 1356 2345 1425 quod
2380 1356 2640 1412 ducatum
2673 1358 2794 1427 ejus
2826 1359 2961 1414 nulli
3003 1359 3093 1413 alii
3123 1360 3466 1425 tradidisset;
3513 1361 3606 1414 sed
3639 1358 3785 1415 Mac-

2199 1448 2445 1502 wardum
2475 1448 2543 1479 ¹⁸¹
2572 1449 2784 1518 privata
2817 1450 3236 1520 praesumptione
3274 1450 3412 1506 fines
3453 1451 3664 1506 alienos
3704 1452 3764 1504 in

2201 1538 2430 1605 rasisse,
2461 1554 2561 1594 nec
2599 1540 2648 1593 ei
2687 1540 2981 1611 quicquam
3023 1541 3091 1595 de
3111 1540 3236 1609 jure
3272 1555 3374 1596 suo
3400 1550 3687 1610 propterea
3709 1539 3787 1571 ²⁶²

2204 1629 2552 1684 imminutum
2605 1645 2748 1696 esse,
2789 1630 2856 1696 si,
2907 1645 3009 1686 suo
3066 1630 3279 1700 injussu
3305 1671 3321 1696 ,
3363 1630 3482 1685 sine
3525 1630 3791 1685 consulto

2205 1719 2545 1790 principum,
2596 1721 2834 1776 honores
2882 1721 3131 1791 publicos
3184 1722 3351 1775 homo
3406 1721 3792 1791 ineptissimus

509 1784 1184 1897 .uporteretis‘iniautem,
1221 1784 1553 1873 christianos
1587 1829 1646 1870 se
1673 1784 1941 1880 esse,vncc
1972 1811 2107 1865 velle
2141 1784 2183 1839 Β
2210 1784 2547 1865 temerasset.
2591 1810 2707 1879 llle,
2754 1784 3022 1867 licet-ham
3059 1812 3184 1865 ficta
3209 1826 3330 1866 esse
3360 1784 3526 1866 sciret
3558 1811 3709 1881 (511)
3733 1818 3795 1865 et

532 1917 795 1984 hominis,
822 1916 917 1988 qui
947 1914 1106 1968 fidem
1137 1910 1491 1967 christianam
1539 1905 1862 1977 capitalibus
1888 1902 2107 1973 ﬂagitiis

529 2004 1299 2082 prodidisset,'communione
1329 1998 1610 2055 maculari.
1659 1996 1814 2063 Quod
1863 1995 1908 2051 si
1940 1995 2107 2049 armis

530 2115 725 2171 cogere
759 2098 1105 2163 instituisset,
1135 2094 1238 2150 sibi
1266 2107 1483 2164 quoque
1504 2106 1603 2146 nec
1625 2105 1779 2147 arma
1794 2088 1981 2142 deesse
2007 2102 2108 2142 nec

530 2189 784 2247 militaris
796 2188 874 2245 rei
892 2186 1163 2259 peritiam.
1185 2184 1539 2253 Sacramento
1556 2196 1615 2236 se
1632 2178 1682 2234 ei
1697 2178 1857 2232 fidem
1873 2176 2104 2241 dixisse;

532 2284 628 2340 sed
654 2282 700 2339 si
728 2281 797 2337 ad
815 2278 1249 2345 aediﬁcationem,
1274 2292 1382 2331 non
1407 2274 1475 2331 ad
1497 2271 1922 2329 destructionem
1945 2270 2110 2325 cccle-

512 2372 630 2435 siae
661 2370 778 2437 Dei,
803 2385 899 2425 rex
919 2382 1040 2424 esse
1066 2348 1246 2433 vellet,
1265 2364 1312 2421 si
1341 2363 1508 2434 jnste,
1534 2362 1580 2417 si
1602 2360 1860 2431 legitime,
1891 2358 1935 2413 si
1958 2371 2109 2412 more

531 2462 803 2534 majorum
814 2459 978 2515 rebus
988 2456 1381 2519 moderaretur,
1399 2453 1445 2509 si
1459 2466 1619 2507 suum
1632 2451 1829 2520 cuique
1840 2449 2106 2516 ordinem,

510 2568 691 2612 suam
716 2552 1056 2623 dignitatem,
1078 2564 1209 2615 suas
1234 2547 1381 2618 leges
1396 2553 1543 2600 tutas
1577 2542 1974 2611 inviolatasque
1998 2554 2113 2594 ma—

533 2660 665 2701 nere
705 2651 999 2716 pateretur.
1041 2638 1141 2695 Sin
1194 2639 1297 2694 ista
1340 2638 1491 2708 prior
1529 2636 1644 2705 ipse
1687 2639 2025 2699 temerasset,
2052 2645 2110 2687 se

514 2738 644 2809 .jam
696 2733 1026 2794 sacramenti
1083 2732 1248 2802 hujus
1278 2729 1540 2800 religione
1595 2742 1706 2782 non
1759 2726 1955 2793 teneri,
2015 2723 2108 2780 sed

533 2826 691 2898 quasi
722 2840 851 2884 cum
879 2824 1114 2879 barbaro
1149 2823 1305 2877 hoste
1331 2829 1385 2875 et
1432 2817 1714 2874 christiani
1744 2815 1982 2871 nominis
2009 2830 2109 2885 op-

533 2932 787 2990 pressere
807 2917 1019 2987 justum
1043 2913 1298 2981 deinceps
1321 2910 1523 2965 bellum
1553 2917 1827 2979 gesturos,
1850 2915 1903 2962 et
1929 2904 2109 2977 quoad

514 3011 726 3067 .ultima
749 3006 931 3062 vitalis
954 3003 1155 3062 caloris
1183 3001 1417 3058 scintilla
1452 3006 1779 3069 superesset,
1814 3013 1915 3068 pro
1943 2997 2115 3052 eccle-

2207 1901 2349 1972 regis
2406 1901 2670 1955 malitiam
2725 1917 2833 1956 non
2863 1909 2973 1956 tam
3014 1901 3292 1956 voluntate
3333 1915 3498 1971 quam
3548 1898 3794 1955 fortuna

2207 1993 2443 2047 violenta
2473 2003 2775 2048 correctam
2814 2009 2957 2061 esse,
2997 2002 3177 2048 tamen
3202 1992 3443 2061 suscepit
3461 1992 3774 2048 satisiactio

2208 2101 2354 2151 nem,
2391 2086 2643 2155 promisit
2663 2086 2733 2117 ⁹⁰³
2756 2101 2977 2156 operam
3006 2100 3163 2140 suam
3210 2084 3289 2139 rei
3320 2084 3549 2154 publica:
3586 2084 3775 2140 utilita

2208 2175 2356 2231 tibus
2407 2193 2679 2246 nusquam
2720 2177 2792 2210 ³⁸⁸
2836 2176 3167 2231 defuturam.
3204 2174 3359 2231 Hunc
3399 2175 3607 2246 itaque,
3655 2176 3798 2249 quia

2206 2268 2293 2323 vir
2321 2270 2390 2300 "“
2413 2278 2530 2324 erat
2553 2285 2781 2325 summa:
2804 2269 3103 2339 prudentia:
3126 2277 3181 2323 et
3220 2268 3499 2338 popularis
3530 2268 3775 2338 eloquen

2192 2361 2319 2426 tim,
2347 2376 2474 2415 cum
2495 2362 2710 2417 duobus
2754 2361 2824 2392 ⁸⁵⁸
2850 2376 3015 2430 supra
3049 2360 3366 2416 memoratis
3390 2358 3667 2430 episcopis
3694 2375 3799 2415 rex

2208 2451 2444 2523 legatum
2472 2454 2621 2508 misit
2647 2454 2713 2508 ad
2751 2452 3014 2508 Saxones.
3046 2454 3128 2508 Ad
3153 2467 3294 2523 quos
3323 2468 3449 2508 cum
3487 2452 3798 2518 venissent,

2210 2544 2475 2614 rogabant
2499 2559 2593 2599 cos
2619 2561 2713 2614 per
2747 2544 2916 2600 Deum
2956 2552 3015 2600 ut
3056 2546 3124 2600 ab
3153 2545 3344 2613 armis,
3364 2559 3507 2615 qum,
3553 2544 3801 2599 honesto

2210 2635 2334 2690 licet
2365 2637 2604 2702 nomine,
2633 2636 2871 2705 pessimo
2896 2645 3077 2692 tamen
3107 2637 3373 2706 exemplo,
3403 2635 3800 2707 sumpsissent,

2210 2735 2424 2783 mature
2452 2728 2810 2795 discederent,
2838 2744 2939 2784 ncc
2988 2745 3105 2784 rem
3133 2744 3299 2798 supra
3341 2728 3567 2783 modum
3596 2742 3802 2798 supra-

2210 2837 2317 2892 que
2372 2822 2515 2876 vires
2565 2838 2693 2877 suas
2730 2830 3091 2892 temptarent,
3141 2837 3264 2891 quae
3317 2836 3349 2875 a
3399 2819 3593 2875 ceteris
3638 2820 3799 2890 regni

2210 2913 2546 2983 principibus
2578 2913 2806 2967 nimium
2838 2913 3191 2983 improbanda
3220 2912 3380 2978 foret,
3410 2917 3596 2981 utpote
3623 2926 3801 2982 quam

2206 3020 2311 3059 nec
2332 3019 2431 3059 sua
2463 3020 2564 3059 nec
2587 3005 2858 3074 majorum
2887 3018 3113 3060 suorum
3146 3003 3409 3060 memoria
3438 3018 3705 3074 umquam
3723 3004 3797 3035 ’⁸⁷

533 3103 618 3158 sia
644 3100 762 3169 Dei,
790 3114 891 3170 pro
920 3098 1023 3153 ﬁde
1059 3094 1383 3160 christiana,
1420 3104 1522 3162 pro
1552 3089 1800 3144 libertate
1824 3089 1987 3143 etiam
2012 3104 2110 3143 sua
2139 3121 2179 3178 ο
2212 3112 2344 3167 gens
2388 3097 2498 3151 ulla
2525 3105 2871 3167 temptasset;
2917 3096 3123 3168 justam
3175 3112 3365 3152 eorum
3392 3111 3514 3152 esse
3541 3111 3798 3162 musam,

536 3192 912 3245 dimicaturos.
937 3185 1296 3243 Vehementer
1319 3198 1499 3255 regem
1520 3182 1787 3253 permovit
1826 3182 1942 3237 haec
1960 3181 2108 3252 lega-

539 3284 637 3337 tio.
654 3280 856 3336 Verum
885 3277 1214 3336 consiliariis
1239 3276 1359 3347 ejus
1388 3273 1872 3345 dicentibus,un
1900 3273 1967 3328 ad
1994 3273 2110 3343 pri-

518 3389 692 3434 .mum
720 3373 845 3429 belli
868 3356 1132 3442 terrorem
1155 3370 1292 3425 tanti
1318 3378 1499 3431 motus
1528 3369 1735 3424 irarum
1763 3365 2112 3438 deﬂagraturi

537 3472 742 3535 essent,
772 3465 1052 3537 paululum
1093 3471 1372 3534 resumpto
1412 3463 1628 3533 spiritu,
1676 3462 1865 3517 leviter
1889 3470 1943 3517 et
1976 3476 2112 3515 con-

539 3559 787 3630 temptim
816 3559 1007 3630 legatis
1050 3558 1350 3629 respondit,
1394 3556 1637 3626 nihilque
1663 3556 1799 3611 certi
1827 3564 2112 3626 reportan-

519 3661 622 3708 tes
649 3650 876 3706 dimisit.
915 3648 1071 3717 Quod
1115 3636 1207 3703 ubi
1237 3648 1353 3704 suis
1397 3648 1747 3712 nunciarunt,
1791 3655 1951 3701 atrox
1991 3662 2114 3701 om-

540 3742 692 3797 nium
714 3740 989 3797 mentibus
1014 3740 1094 3794 ira
1118 3736 1417 3804 incanduit,
1439 3752 1605 3808 seque
1628 3746 1819 3813 mutuo
1840 3751 2114 3804 sermone,

539 3840 603 3888 ut
637 3838 1009 3900 contemptum
1045 3828 1131 3884 sui
1153 3843 1319 3882 manu
1344 3828 1702 3893 vindicarent,
1736 3828 2112 3883 hortabantur.

521 3908 906 3994 Obstinatum,
933 3920 1210 3991 inquiunt,
1235 3920 1290 3972 in
1313 3919 1471 3972 malis
1494 3920 1781 3989 ingenium,
1804 3920 1908 3973 nisi
1939 3919 2118 3972 acrior

540 4013 620 4067 vis
650 4012 983 4079 adhibeatur,
1006 4008 1235 4064 emolliri
1274 4024 1376 4063 non
1404 4010 1615 4079 poterit,
1638 4018 1685 4062 et
1716 4010 1821 4062 nisi
1856 4010 1926 4063 ad
1949 4012 2115 4064 virum

541 4104 856 4176 prapiusque
907 4102 977 4135 ’³⁸
1035 4099 1293 4155 medullas
1344 4116 1525 4155 mucro
1580 4100 1850 4171 adigatur,
1908 4118 2117 4156 sensum

542 4195 746 4252 doloris
774 4211 876 4250 non
905 4194 1145 4249 admittet
1172 4192 1281 4263 "7.,

616 4288 789 4360 Igitur
817 4287 1013 4349 armati
1043 4284 1408 4356 instructique
1431 4283 1735 4340 Goslariam
1761 4286 2117 4353 contendunt,

545 4379 731 4452 ibique
754 4377 1067 4433 mediocria
1096 4377 1221 4431 villa
1259 4376 1541 4431 intervallo
1566 4385 1745 4432 castra
1775 4377 1985 4455 locanti;
2016 4388 2121 4435 sta-

2211 3203 2352 3259 quos
2369 3188 2601 3244 summis
2624 3204 2764 3258 saepe
2795 3188 3010 3258 injuriis
3038 3189 3180 3259 regis
3207 3188 3551 3243 inclementia
3580 3187 3649 3241 ad
3676 3188 3800 3241 haec

2211 3288 2453 3335 extrema
2472 3279 2792 3349 experienda
2811 3281 3076 3351 coegisset
3105 3280 3194 3348 πθ,
3231 3280 3425 3336 honori
3476 3287 3658 3334 tamen
3690 3292 3800 3332 suo

2213 3373 2387 3443 magis
2425 3371 2816 3427 consulendum
2838 3387 3002 3442 quam
3033 3373 3346 3438 iracundiae,
3362 3380 3417 3427 et
3442 3369 3797 3426 deferendum

2214 3465 2376 3535 regiae
2415 3463 2709 3533 majestati,
2746 3480 2868 3533 quae
2896 3464 3039 3533 apud
3080 3464 3346 3519 barbaras
3378 3462 3543 3518 etiam
3579 3461 3652 3495 m
3691 3475 3797 3516 na-

2215 3555 2392 3610 tiones
2419 3571 2632 3625 semper
2657 3563 2776 3609 tuta
2807 3556 3171 3625 inviolataque
3209 3554 3401 3611 fuisset
3433 3554 3535 3621 m;
3566 3552 3801 3625 proinde

2216 3646 2448 3702 remisso
2496 3661 2776 3719 armorum
2818 3646 3069 3716 strepitu,
3099 3647 3306 3716 pacatis
3341 3646 3561 3713 animis,
3600 3643 3801 3716 sopitis

2216 3736 2609 3806 simultatibus,
2644 3748 2855 3808 tempus
2899 3730 3196 3808 locumque
3244 3738 3660 3804 constituerent,
3683 3750 3803 3808 quo

2216 3843 2311 3884 rex
2346 3818 2541 3886 tocius
2577 3831 2727 3900 regni
2768 3830 3041 3901 principes
3066 3840 3339 3899 evocaret,
3366 3838 3428 3885 ut
3448 3830 3605 3901 juxta
3638 3844 3799 3885 com-

2217 3938 2437 3977 munem
2481 3922 2803 3978 sententiam
2830 3932 2883 3977 et
2910 3922 3121 3992 objecta
3163 3930 3419 3993 purgaret
3443 3930 3498 3977 et
3525 3936 3648 3992 qua:
3681 3935 3804 3975 cor-

2218 4015 2479 4069 rectionis
2514 4030 2672 4085 egere
2710 4014 3023 4070 viderentur
3063 4014 3377 4086 corrigeret.
3407 4012 3489 4069 Ad
3535 4014 3650 4068 haec
3683 4012 3796 4067 illi:

2222 4103 2347 4160 Non
2376 4106 2581 4172 eadem,
2620 4106 2892 4177 inquiunt,
2948 4108 3133 4161 ceteris
3191 4107 3334 4178 regni
3378 4106 3704 4177 principibus
3748 4113 3799 4158 ct

2203 4198 2369 4251 nobis
2424 4198 2677 4252 incumbit
2735 4201 3014 4253 necessitas
3058 4198 3378 4253 rebellionis.
3410 4196 3609 4253 Ceteris
3658 4198 3801 4250 enim

2210 4291 2455 4362 gentibus
2482 4292 2754 4344 vacatione
2780 4291 2928 4359 data,
2958 4301 3006 4344 et
3030 4308 3156 4361 pene
3185 4291 3392 4361 feriatis
3421 4290 3683 4353 omnibus,
3705 4302 3801 4341 nos

2220 4383 2358 4437 solos
2405 4382 2508 4437 sibi
2554 4382 2893 4452 peculiariter
2918 4383 3162 4453 elegerat,
3192 4398 3319 4453 quos
3359 4381 3644 4435 secundum
3671 4395 3800 4450 pro-

546 4476 753 4544 timque
771 4473 992 4528 ell‘erato
1014 4471 1197 4527 animo
1222 4472 1276 4526 in
1297 4462 1423 4527 eum
1452 4460 1739 4528 irruissent
1760 4481 1814 4527 et
1844 4473 1935 4543 jus
1960 4491 2119 4529 suum
2152 4456 2197 4512 Ῑ)
2224 4474 2390 4545 ρΙιεΙιε
2411 4475 2479 4505 ⁹⁷¹
2510 4473 2738 4544 elogium
2767 4474 2955 4544 (Amos
2974 4490 3012 4539 ι,
3039 4474 3124 4543 l5)
3154 4474 3207 4527 in
3236 4472 3493 4542 plaustris
3515 4471 3699 4541 ferreis
3728 4470 3801 4501 ’⁷³

547 4578 659 4620 non
669 4564 782 4634 jam
807 4562 1096 4618 rhetoricis
1125 4562 1541 4633 allegationibus
1577 4563 1671 4619 sed
1706 4563 1914 4619 bellicis
1942 4573 2119 4619 terro-

545 4652 703 4709 ribus
731 4654 1187 4723 cxpostulassent,
1210 4653 1318 4709 nisi
1332 4652 1512 4709 Bucco
1534 4652 1990 4714 Halbcrstatensis
2014 4658 2125 4728 epi-

536 4754 772 4811 scopus,
797 4750 852 4797 et
871 4743 1026 4812 pauci
1053 4742 1345 4799 admodum
1369 4743 1465 4813 qui
1485 4759 1679 4798 sanum
1711 4746 1916 4816 aliquid
1940 4748 2118 4817 sapic-

549 4830 701 4898 bant,
740 4830 1001 4901 impetum
1026 4832 1406 4887 tumultuantis
1435 4832 1608 4888 turba:
1638 4835 1842 4890 salubri
1880 4840 2123 4892 modera-

549 4919 701 4975 tione
730 4915 1137 4990 ‘inhioutsscnt.
1194 4919 1339 4987 Rex,
1401 4928 1623 4990 accepto
1696 4922 1896 4979 nuncio
1954 4925 2121 4983 vicini

548 5008 774 5082 jamque
815 4988 1066 5067 instanlis
1096 5011 1343 5083 periculi,
1373 4988 1610 5083 graviter
1645 5021 1823 5068 mente
1870 5024 2120 5072 conster-

1810 5107 1877 5121 ’τε

2226 4566 2499 4619 tn‘tururet
2526 4565 2629 4628 9”;
2658 4580 2882 4635 quarunt
2934 4564 3228 4634 regionibus
3269 4572 3384 4633 post
3423 4563 3616 4616 initum
3639 4558 3802 4616 semel

2224 4657 2579 4725 principatum
2607 4671 2891 4726 numquam
2917 4655 3181 4709 excederet
3197 4671 3218 4719 ;
3262 4654 3452 4724 quibus
3477 4660 3597 4724 post
3618 4661 3801 4723 erepta

2224 4747 2544 4815 patrimonia
2559 4746 2851 4800 libertatem
2868 4762 3067 4817 quoque
3080 4746 3317 4815 eriperet,
3336 4754 3383 4798 et
3410 4743 3681 4798 natalibus
3693 4757 3807 4798 om-

2227 4832 2373 4891 nium
2387 4838 2682 4907 infamatis,
2698 4837 3000 4892 durissima:
3025 4837 3289 4891 sercitutis
3307 4835 3500 4906 jugum
3525 4835 3801 4905 injiceret;

2228 4928 2301 4980 ad
2326 4944 2547 4998 quorum
2577 4930 2959 4998 oppressionem
3004 4927 3226 4999 singulis
3268 4929 3531 4982 montibus
3585 4926 3807 4981 collicu-

2225 5016 2394 5086 lisque
2418 5018 2726 5087 prcesidium
2751 5020 3055 5090 imponeret,
3076 5028 3133 5074 ut
3155 5036 3318 5090 aquas
3347 5025 3558 5074 nostras
3576 5018 3803 5091 pecunia

1823 5111 2051 5205 vanu;
2093 5111 2489 5208 LECTIONES.
