  <div class='ocr_page' id='page_1' title='image "/cluster/home/n/w/nwhite01/storage/ocr_20150623/146/hvd.32044015471832/580.png"; bbox 0 0 4076 5310; ppageno 0'>
   <div class='ocr_carea' id='block_1_1' title="bbox 291 364 433 421">
    <p class='ocr_par' dir='ltr' id='par_1_1' title="bbox 291 364 433 421">
     <span class='ocr_line' id='line_1_1' title="bbox 291 364 433 421; baseline -0.007 0"><span class='ocrx_word' id='word_1_1' title='bbox 291 364 433 421; x_wconf 75' lang='lat' dir='ltr'><strong><em>H53</em></strong></span> 
     </span>
    </p>
   </div>
   <div class='ocr_carea' id='block_1_2' title="bbox 1489 354 2284 418">
    <p class='ocr_par' dir='ltr' id='par_1_2' title="bbox 1489 354 2284 418">
     <span class='ocr_line' id='line_1_2' title="bbox 1489 354 2284 418; baseline 0.001 -2"><span class='ocrx_word' id='word_1_2' title='bbox 1489 356 1830 417; x_wconf 65' lang='lat' dir='ltr'><strong><em>ANNALLS.</em></strong></span> <span class='ocrx_word' id='word_1_3' title='bbox 1862 391 1931 399; x_wconf 84' lang='lat'><strong><em>—</em></strong></span> <span class='ocrx_word' id='word_1_4' title='bbox 1969 354 2079 414; x_wconf 77' lang='lat' dir='ltr'><strong><em>AN.</em></strong></span> <span class='ocrx_word' id='word_1_5' title='bbox 2126 358 2284 418; x_wconf 74' lang='lat' dir='ltr'><strong><em>l073.</em></strong></span> 
     </span>
    </p>
   </div>
   <div class='ocr_carea' id='block_1_3' title="bbox 3407 353 3545 418">
    <p class='ocr_par' dir='ltr' id='par_1_3' title="bbox 3407 353 3545 418">
     <span class='ocr_line' id='line_1_3' title="bbox 3407 353 3545 418; baseline 0.007 -1"><span class='ocrx_word' id='word_1_6' title='bbox 3407 353 3545 418; x_wconf 61' lang='lat' dir='ltr'><strong><em>ltili</em></strong></span> 
     </span>
    </p>
   </div>
   <div class='ocr_carea' id='block_1_4' title="bbox 291 470 3546 547">
    <p class='ocr_par' dir='ltr' id='par_1_4' title="bbox 291 470 3546 547">
     <span class='ocr_line' id='line_1_4' title="bbox 291 470 3546 547; baseline 0.001 -17"><span class='ocrx_word' id='word_1_7' title='bbox 291 477 463 532; x_wconf 87' lang='lat' dir='ltr'><strong><em>bibere</em></strong></span> <span class='ocrx_word' id='word_1_8' title='bbox 508 484 559 531; x_wconf 85' lang='lat' dir='ltr'><strong><em>et</em></strong></span> <span class='ocrx_word' id='word_1_9' title='bbox 597 475 744 547; x_wconf 84' lang='lat' dir='ltr'><strong><em>ligna</em></strong></span> <span class='ocrx_word' id='word_1_10' title='bbox 773 482 954 530; x_wconf 86' lang='lat' dir='ltr'><strong><em>nostra</em></strong></span> <span class='ocrx_word' id='word_1_11' title='bbox 986 473 1163 546; x_wconf 85' lang='lat' dir='ltr'><strong><em>precio</em></strong></span> <span class='ocrx_word' id='word_1_12' title='bbox 1191 490 1499 546; x_wconf 84' lang='lat' dir='ltr'><strong><em>comparare</em></strong></span> <span class='ocrx_word' id='word_1_13' title='bbox 1524 488 1860 545; x_wconf 78' lang='lat' dir='ltr'><strong><em>cogeremur;</em></strong></span> <span class='ocrx_word' id='word_1_14' title='bbox 1890 474 1937 531; x_wconf 77' lang='grc' dir='ltr'><strong>Δ</strong></span> <span class='ocrx_word' id='word_1_15' title='bbox 1961 472 2128 530; x_wconf 90' lang='lat' dir='ltr'><strong><em>clusis</em></strong></span> <span class='ocrx_word' id='word_1_16' title='bbox 2146 487 2428 545; x_wconf 85' lang='lat' dir='ltr'><strong><em>egressum</em></strong></span> <span class='ocrx_word' id='word_1_17' title='bbox 2444 471 2607 530; x_wconf 68' lang='lat' dir='ltr'><strong><em>“‘vel</em></strong></span> <span class='ocrx_word' id='word_1_18' title='bbox 2628 471 2934 546; x_wconf 81' lang='lat' dir='ltr'><strong><em>ingressum</em></strong></span> <span class='ocrx_word' id='word_1_19' title='bbox 2947 472 3153 547; x_wconf 84' lang='lat' dir='ltr'><strong><em>eripere</em></strong></span> <span class='ocrx_word' id='word_1_20' title='bbox 3168 470 3396 547; x_wconf 58' lang='lat' dir='ltr'><strong><em>poterat.</em></strong></span> <span class='ocrx_word' id='word_1_21' title='bbox 3410 474 3546 547; x_wconf 80' lang='lat' dir='ltr'><strong><em>ilex,</em></strong></span> 
     </span>
    </p>
   </div>
   <div class='ocr_carea' id='block_1_5' title="bbox 285 563 1873 640">
    <p class='ocr_par' dir='ltr' id='par_1_5' title="bbox 285 563 1873 640">
     <span class='ocr_line' id='line_1_5' title="bbox 285 563 1873 640; baseline -0.003 -17"><span class='ocrx_word' id='word_1_22' title='bbox 285 583 512 640; x_wconf 79' lang='lat' dir='ltr'><strong><em>quorum</em></strong></span> <span class='ocrx_word' id='word_1_23' title='bbox 540 584 729 623; x_wconf 76' lang='lat' dir='ltr'><strong><em>uxores</em></strong></span> <span class='ocrx_word' id='word_1_24' title='bbox 755 576 802 621; x_wconf 91' lang='lat' dir='ltr'><strong><em>et</em></strong></span> <span class='ocrx_word' id='word_1_25' title='bbox 835 566 980 637; x_wconf 81' lang='lat' dir='ltr'><strong><em>ﬁlias</em></strong></span> <span class='ocrx_word' id='word_1_26' title='bbox 1010 567 1270 621; x_wconf 75' lang='lat' dir='ltr'><strong><em>militibus</em></strong></span> <span class='ocrx_word' id='word_1_27' title='bbox 1308 567 1439 632; x_wconf 89' lang='lat' dir='ltr'><strong><em>suis,</em></strong></span> <span class='ocrx_word' id='word_1_28' title='bbox 1491 566 1717 637; x_wconf 73' lang='lat' dir='ltr'><strong><em>publica:</em></strong></span> <span class='ocrx_word' id='word_1_29' title='bbox 1743 563 1873 619; x_wconf 86' lang='lat' dir='ltr'><strong><em>libi-</em></strong></span> 
     </span>
    </p>
   </div>
   <div class='ocr_carea' id='block_1_6' title="bbox 196 657 1873 735">
    <p class='ocr_par' dir='ltr' id='par_1_6' title="bbox 196 657 1873 735">
     <span class='ocr_line' id='line_1_6' title="bbox 196 657 1873 735; baseline -0.004 -19"><span class='ocrx_word' id='word_1_30' title='bbox 196 727 205 735; x_wconf 35' lang='lat'><em>.</em></span> <span class='ocrx_word' id='word_1_31' title='bbox 286 659 431 718; x_wconf 78' lang='lat' dir='ltr'><strong><em>diuis</em></strong></span> <span class='ocrx_word' id='word_1_32' title='bbox 459 660 720 726; x_wconf 83' lang='lat' dir='ltr'><strong><em>victimas,</em></strong></span> <span class='ocrx_word' id='word_1_33' title='bbox 758 661 1129 729; x_wconf 72' lang='lat' dir='ltr'><strong><em>prostitueret;</em></strong></span> <span class='ocrx_word' id='word_1_34' title='bbox 1160 675 1385 729; x_wconf 88' lang='lat' dir='ltr'><strong><em>quorum</em></strong></span> <span class='ocrx_word' id='word_1_35' title='bbox 1417 668 1611 712; x_wconf 84' lang='lat' dir='ltr'><strong><em>terram</em></strong></span> <span class='ocrx_word' id='word_1_36' title='bbox 1637 688 1710 697; x_wconf 91' lang='grc'><strong>--</strong></span> <span class='ocrx_word' id='word_1_37' title='bbox 1734 657 1873 728; x_wconf 85' lang='lat' dir='ltr'><strong><em>quod</em></strong></span> 
     </span>
    </p>
   </div>
   <div class='ocr_carea' id='block_1_7' title="bbox 286 749 1875 822">
    <p class='ocr_par' dir='ltr' id='par_1_7' title="bbox 286 749 1875 822">
     <span class='ocr_line' id='line_1_7' title="bbox 286 749 1875 822; baseline -0.004 -15"><span class='ocrx_word' id='word_1_38' title='bbox 286 752 522 807; x_wconf 87' lang='lat' dir='ltr'><strong><em>omnium</em></strong></span> <span class='ocrx_word' id='word_1_39' title='bbox 547 767 664 822; x_wconf 68' lang='lat' dir='ltr'><strong><em>quia</em></strong></span> <span class='ocrx_word' id='word_1_40' title='bbox 707 751 853 821; x_wconf 83' lang='lat' dir='ltr'><strong><em>passi</em></strong></span> <span class='ocrx_word' id='word_1_41' title='bbox 899 766 1079 803; x_wconf 87' lang='lat' dir='ltr'><strong><em>sumus</em></strong></span> <span class='ocrx_word' id='word_1_42' title='bbox 1109 750 1482 820; x_wconf 82' lang='lat' dir='ltr'><strong><em>gravissimum</em></strong></span> <span class='ocrx_word' id='word_1_43' title='bbox 1534 749 1776 802; x_wconf 76' lang='lat' dir='ltr'><strong><em>ducimus</em></strong></span> <span class='ocrx_word' id='word_1_44' title='bbox 1801 775 1875 787; x_wconf 83' lang='lat'><strong><em>——</em></strong></span> 
     </span>
    </p>
   </div>
   <div class='ocr_carea' id='block_1_8' title="bbox 286 838 1873 897">
    <p class='ocr_par' dir='ltr' id='par_1_8' title="bbox 286 838 1873 897">
     <span class='ocr_line' id='line_1_8' title="bbox 286 838 1873 897; baseline -0.003 0"><span class='ocrx_word' id='word_1_45' title='bbox 286 842 546 897; x_wconf 76' lang='lat' dir='ltr'><strong><em>inauditis</em></strong></span> <span class='ocrx_word' id='word_1_46' title='bbox 575 842 1031 895; x_wconf 83' lang='lat' dir='ltr'><strong><em>adinventionibus</em></strong></span> <span class='ocrx_word' id='word_1_47' title='bbox 1059 841 1130 873; x_wconf 70' lang='grc'><strong><em>⁸⁷⁵</em></strong></span> <span class='ocrx_word' id='word_1_48' title='bbox 1157 856 1248 894; x_wconf 84' lang='lat' dir='ltr'><strong><em>nec</em></strong></span> <span class='ocrx_word' id='word_1_49' title='bbox 1270 841 1559 894; x_wconf 71' lang='lat' dir='ltr'><strong><em>christiano</em></strong></span> <span class='ocrx_word' id='word_1_50' title='bbox 1583 856 1671 893; x_wconf 92' lang='lat' dir='ltr'><strong><em>ore</em></strong></span> <span class='ocrx_word' id='word_1_51' title='bbox 1697 838 1873 893; x_wconf 83' lang='lat' dir='ltr'><strong><em>nomi-</em></strong></span> 
     </span>
    </p>
   </div>
   <div class='ocr_carea' id='block_1_9' title="bbox 288 929 1873 1001">
    <p class='ocr_par' dir='ltr' id='par_1_9' title="bbox 288 929 1873 1001">
     <span class='ocr_line' id='line_1_9' title="bbox 288 929 1873 1001; baseline -0.003 -14"><span class='ocrx_word' id='word_1_52' title='bbox 288 934 481 987; x_wconf 87' lang='lat' dir='ltr'><strong><em>nandis</em></strong></span> <span class='ocrx_word' id='word_1_53' title='bbox 535 933 845 987; x_wconf 80' lang='lat' dir='ltr'><strong><em>criminibus</em></strong></span> <span class='ocrx_word' id='word_1_54' title='bbox 886 934 1185 986; x_wconf 88' lang='lat' dir='ltr'><strong><em>incestaret.</em></strong></span> <span class='ocrx_word' id='word_1_55' title='bbox 1234 929 1296 986; x_wconf 92' lang='lat' dir='ltr'><strong><em>Si</em></strong></span> <span class='ocrx_word' id='word_1_56' title='bbox 1347 947 1466 984; x_wconf 88' lang='lat' dir='ltr'><strong><em>cum</em></strong></span> <span class='ocrx_word' id='word_1_57' title='bbox 1504 930 1689 984; x_wconf 89' lang='lat' dir='ltr'><strong><em>ceteris</em></strong></span> <span class='ocrx_word' id='word_1_58' title='bbox 1726 929 1873 1001; x_wconf 83' lang='lat' dir='ltr'><strong><em>regni</em></strong></span> 
     </span>
    </p>
   </div>
   <div class='ocr_carea' id='block_1_10' title="bbox 286 1021 1873 1096">
    <p class='ocr_par' dir='ltr' id='par_1_10' title="bbox 286 1021 1873 1096">
     <span class='ocr_line' id='line_1_10' title="bbox 286 1021 1873 1096; baseline -0.003 -17"><span class='ocrx_word' id='word_1_59' title='bbox 286 1026 616 1096; x_wconf 79' lang='lat' dir='ltr'><strong><em>principibus</em></strong></span> <span class='ocrx_word' id='word_1_60' title='bbox 647 1024 756 1079; x_wconf 73' lang='lat' dir='ltr'><strong><em>lucc</em></strong></span> <span class='ocrx_word' id='word_1_61' title='bbox 787 1025 934 1078; x_wconf 88' lang='lat' dir='ltr'><strong><em>nobis</em></strong></span> <span class='ocrx_word' id='word_1_62' title='bbox 956 1023 1249 1077; x_wconf 83' lang='lat' dir='ltr'><strong><em>communis</em></strong></span> <span class='ocrx_word' id='word_1_63' title='bbox 1276 1030 1407 1077; x_wconf 87' lang='lat' dir='ltr'><strong><em>esset</em></strong></span> <span class='ocrx_word' id='word_1_64' title='bbox 1433 1021 1656 1091; x_wconf 84' lang='lat' dir='ltr'><strong><em>injuria,</em></strong></span> <span class='ocrx_word' id='word_1_65' title='bbox 1686 1023 1873 1075; x_wconf 90' lang='lat' dir='ltr'><strong><em>merito</em></strong></span> 
     </span>
    </p>
   </div>
   <div class='ocr_carea' id='block_1_11' title="bbox 288 1112 1873 1187">
    <p class='ocr_par' dir='ltr' id='par_1_11' title="bbox 288 1112 1873 1187">
     <span class='ocr_line' id='line_1_11' title="bbox 288 1112 1873 1187; baseline -0.003 -17"><span class='ocrx_word' id='word_1_66' title='bbox 288 1117 359 1170; x_wconf 77' lang='lat' dir='ltr'><strong><em>ad</em></strong></span> <span class='ocrx_word' id='word_1_67' title='bbox 405 1116 623 1170; x_wconf 83' lang='lat' dir='ltr'><strong><em>illorum</em></strong></span> <span class='ocrx_word' id='word_1_68' title='bbox 680 1116 1031 1187; x_wconf 81' lang='lat' dir='ltr'><strong><em>cognitionem</em></strong></span> <span class='ocrx_word' id='word_1_69' title='bbox 1090 1130 1515 1184; x_wconf 86' lang='lat' dir='ltr'><strong><em>communemque</em></strong></span> <span class='ocrx_word' id='word_1_70' title='bbox 1543 1112 1873 1166; x_wconf 84' lang='lat' dir='ltr'><strong><em>audientiam</em></strong></span> 
     </span>
    </p>
   </div>
   <div class='ocr_carea' id='block_1_12' title="bbox 289 1204 1872 1277">
    <p class='ocr_par' dir='ltr' id='par_1_12' title="bbox 289 1204 1872 1277">
     <span class='ocr_line' id='line_1_12' title="bbox 289 1204 1872 1277; baseline -0.003 -16"><span class='ocrx_word' id='word_1_71' title='bbox 289 1224 384 1261; x_wconf 85' lang='lat' dir='ltr'><strong><em>nos</em></strong></span> <span class='ocrx_word' id='word_1_72' title='bbox 414 1208 685 1277; x_wconf 85' lang='lat' dir='ltr'><strong><em>rejiceret;</em></strong></span> <span class='ocrx_word' id='word_1_73' title='bbox 715 1224 853 1261; x_wconf 88' lang='lat' dir='ltr'><strong><em>nunc</em></strong></span> <span class='ocrx_word' id='word_1_74' title='bbox 884 1216 1217 1271; x_wconf 89' lang='lat' dir='ltr'><strong><em>autem,cum</em></strong></span> <span class='ocrx_word' id='word_1_75' title='bbox 1243 1204 1391 1259; x_wconf 87' lang='lat' dir='ltr'><strong><em>nobis</em></strong></span> <span class='ocrx_word' id='word_1_76' title='bbox 1420 1212 1513 1258; x_wconf 89' lang='lat' dir='ltr'><strong><em>aut</em></strong></span> <span class='ocrx_word' id='word_1_77' title='bbox 1539 1204 1749 1272; x_wconf 79' lang='lat' dir='ltr'><strong><em>privata</em></strong></span> <span class='ocrx_word' id='word_1_78' title='bbox 1776 1219 1872 1256; x_wconf 80' lang='lat' dir='ltr'><strong><em>ca-</em></strong></span> 
     </span>
    </p>
   </div>
   <div class='ocr_carea' id='block_1_13' title="bbox 288 1294 1871 1368">
    <p class='ocr_par' dir='ltr' id='par_1_13' title="bbox 288 1294 1871 1368">
     <span class='ocr_line' id='line_1_13' title="bbox 288 1294 1871 1368; baseline -0.003 -17"><span class='ocrx_word' id='word_1_79' title='bbox 288 1298 533 1354; x_wconf 85' lang='lat' dir='ltr'><strong><em>lamitate</em></strong></span> <span class='ocrx_word' id='word_1_80' title='bbox 593 1299 889 1354; x_wconf 84' lang='lat' dir='ltr'><strong><em>cadendum</em></strong></span> <span class='ocrx_word' id='word_1_81' title='bbox 959 1307 1051 1352; x_wconf 87' lang='lat' dir='ltr'><strong><em>aut</em></strong></span> <span class='ocrx_word' id='word_1_82' title='bbox 1113 1298 1322 1368; x_wconf 87' lang='lat' dir='ltr'><strong><em>privata</em></strong></span> <span class='ocrx_word' id='word_1_83' title='bbox 1394 1296 1589 1349; x_wconf 85' lang='lat' dir='ltr'><strong><em>virtute</em></strong></span> <span class='ocrx_word' id='word_1_84' title='bbox 1656 1294 1871 1364; x_wconf 81' lang='lat' dir='ltr'><strong><em>injuriis</em></strong></span> 
     </span>
    </p>
   </div>
   <div class='ocr_carea' id='block_1_14' title="bbox 286 1387 1873 1458">
    <p class='ocr_par' dir='ltr' id='par_1_14' title="bbox 286 1387 1873 1458">
     <span class='ocr_line' id='line_1_14' title="bbox 286 1387 1873 1458; baseline -0.004 -13"><span class='ocrx_word' id='word_1_85' title='bbox 286 1391 457 1445; x_wconf 75' lang='lat' dir='ltr'><strong><em>sit’&quot;</em></strong></span> <span class='ocrx_word' id='word_1_86' title='bbox 498 1392 705 1446; x_wconf 80' lang='lat' dir='ltr'><strong><em>obviam</em></strong></span> <span class='ocrx_word' id='word_1_87' title='bbox 744 1391 994 1458; x_wconf 86' lang='lat' dir='ltr'><strong><em>eundum,</em></strong></span> <span class='ocrx_word' id='word_1_88' title='bbox 1040 1388 1173 1443; x_wconf 77' lang='lat' dir='ltr'><strong><em>nihil</em></strong></span> <span class='ocrx_word' id='word_1_89' title='bbox 1223 1398 1401 1443; x_wconf 89' lang='lat' dir='ltr'><strong><em>nostra</em></strong></span> <span class='ocrx_word' id='word_1_90' title='bbox 1453 1387 1668 1440; x_wconf 73' lang='lat' dir='ltr'><strong><em>interest</em></strong></span> <span class='ocrx_word' id='word_1_91' title='bbox 1716 1402 1873 1455; x_wconf 85' lang='lat' dir='ltr'><strong><em>super</em></strong></span> 
     </span>
    </p>
   </div>
   <div class='ocr_carea' id='block_1_15' title="bbox 287 1478 1870 1552">
    <p class='ocr_par' dir='ltr' id='par_1_15' title="bbox 287 1478 1870 1552">
     <span class='ocr_line' id='line_1_15' title="bbox 287 1478 1870 1552; baseline -0.006 -12"><span class='ocrx_word' id='word_1_92' title='bbox 287 1484 485 1540; x_wconf 75' lang='lat' dir='ltr'><strong><em>nostris</em></strong></span> <span class='ocrx_word' id='word_1_93' title='bbox 512 1484 741 1539; x_wconf 86' lang='lat' dir='ltr'><strong><em>miseriis</em></strong></span> <span class='ocrx_word' id='word_1_94' title='bbox 769 1483 999 1537; x_wconf 87' lang='lat' dir='ltr'><strong><em>aliorum</em></strong></span> <span class='ocrx_word' id='word_1_95' title='bbox 1036 1490 1312 1552; x_wconf 72' lang='lat' dir='ltr'><strong><em>expectare</em></strong></span> <span class='ocrx_word' id='word_1_96' title='bbox 1353 1479 1686 1533; x_wconf 86' lang='lat' dir='ltr'><strong><em>sententiam.</em></strong></span> <span class='ocrx_word' id='word_1_97' title='bbox 1720 1478 1870 1542; x_wconf 75' lang='lat' dir='ltr'><strong><em>Qua-</em></strong></span> 
     </span>
    </p>
   </div>
   <div class='ocr_carea' id='block_1_16' title="bbox 287 1569 1872 1648">
    <p class='ocr_par' dir='ltr' id='par_1_16' title="bbox 287 1569 1872 1648">
     <span class='ocr_line' id='line_1_16' title="bbox 287 1569 1872 1648; baseline -0.006 -18"><span class='ocrx_word' id='word_1_98' title='bbox 287 1584 519 1648; x_wconf 80' lang='lat' dir='ltr'><strong><em>propter,</em></strong></span> <span class='ocrx_word' id='word_1_99' title='bbox 533 1576 579 1628; x_wconf 89' lang='lat' dir='ltr'><strong><em>si</em></strong></span> <span class='ocrx_word' id='word_1_100' title='bbox 600 1591 720 1629; x_wconf 85' lang='lat' dir='ltr'><strong><em>eum</em></strong></span> <span class='ocrx_word' id='word_1_101' title='bbox 748 1574 1152 1645; x_wconf 79' lang='lat' dir='ltr'><strong><em>malefactorum</em></strong></span> <span class='ocrx_word' id='word_1_102' title='bbox 1181 1572 1392 1626; x_wconf 85' lang='lat' dir='ltr'><strong><em>tandem</em></strong></span> <span class='ocrx_word' id='word_1_103' title='bbox 1418 1569 1704 1642; x_wconf 85' lang='lat' dir='ltr'><strong><em>aliquando</em></strong></span> <span class='ocrx_word' id='word_1_104' title='bbox 1732 1569 1872 1639; x_wconf 85' lang='lat' dir='ltr'><strong><em>piget</em></strong></span> 
     </span>
    </p>
   </div>
   <div class='ocr_carea' id='block_1_17' title="bbox 284 1661 1869 1741">
    <p class='ocr_par' dir='ltr' id='par_1_17' title="bbox 284 1661 1869 1741">
     <span class='ocr_line' id='line_1_17' title="bbox 284 1661 1869 1741; baseline -0.006 -19"><span class='ocrx_word' id='word_1_105' title='bbox 284 1668 617 1741; x_wconf 65' lang='lat' dir='ltr'><strong><em>partimque,</em></strong></span> <span class='ocrx_word' id='word_1_106' title='bbox 645 1667 701 1720; x_wconf 88' lang='lat' dir='ltr'><strong><em>in</em></strong></span> <span class='ocrx_word' id='word_1_107' title='bbox 731 1676 1095 1737; x_wconf 82' lang='lat' dir='ltr'><strong><em>argumentum</em></strong></span> <span class='ocrx_word' id='word_1_108' title='bbox 1131 1681 1232 1719; x_wconf 85' lang='lat' dir='ltr'><strong><em>non</em></strong></span> <span class='ocrx_word' id='word_1_109' title='bbox 1258 1665 1397 1734; x_wconf 67' lang='lat' dir='ltr'><strong><em>ﬁctas</em></strong></span> <span class='ocrx_word' id='word_1_110' title='bbox 1428 1661 1747 1733; x_wconf 71' lang='lat' dir='ltr'><strong><em>poenitentiae</em></strong></span> <span class='ocrx_word' id='word_1_111' title='bbox 1775 1677 1869 1714; x_wconf 89' lang='lat' dir='ltr'><strong><em>ca-</em></strong></span> 
     </span>
    </p>
   </div>
   <div class='ocr_carea' id='block_1_18' title="bbox 288 1753 1869 1832">
    <p class='ocr_par' dir='ltr' id='par_1_18' title="bbox 288 1753 1869 1832">
     <span class='ocr_line' id='line_1_18' title="bbox 288 1753 1869 1832; baseline -0.006 -17"><span class='ocrx_word' id='word_1_112' title='bbox 288 1760 469 1827; x_wconf 90' lang='lat' dir='ltr'><strong><em>stella,</em></strong></span> <span class='ocrx_word' id='word_1_113' title='bbox 506 1776 624 1832; x_wconf 70' lang='lat' dir='ltr'><strong><em>quae</em></strong></span> <span class='ocrx_word' id='word_1_114' title='bbox 671 1760 727 1813; x_wconf 87' lang='lat' dir='ltr'><strong><em>in</em></strong></span> <span class='ocrx_word' id='word_1_115' title='bbox 777 1760 1063 1830; x_wconf 84' lang='lat' dir='ltr'><strong><em>perniciem</em></strong></span> <span class='ocrx_word' id='word_1_116' title='bbox 1108 1766 1341 1811; x_wconf 85' lang='lat' dir='ltr'><strong><em>nostram</em></strong></span> <span class='ocrx_word' id='word_1_117' title='bbox 1391 1754 1645 1818; x_wconf 61' lang='lat' dir='ltr'><strong><em>extruxit,</em></strong></span> <span class='ocrx_word' id='word_1_118' title='bbox 1677 1753 1869 1823; x_wconf 86' lang='lat' dir='ltr'><strong><em>absque</em></strong></span> 
     </span>
    </p>
   </div>
   <div class='ocr_carea' id='block_1_19' title="bbox 286 1845 1870 1923">
    <p class='ocr_par' dir='ltr' id='par_1_19' title="bbox 286 1845 1870 1923">
     <span class='ocr_line' id='line_1_19' title="bbox 286 1845 1870 1923; baseline -0.006 -16"><span class='ocrx_word' id='word_1_119' title='bbox 286 1854 765 1923; x_wconf 87' lang='lat' dir='ltr'><strong><em>procrastinatione</em></strong></span> <span class='ocrx_word' id='word_1_120' title='bbox 811 1852 1024 1916; x_wconf 86' lang='lat' dir='ltr'><strong><em>diruat;</em></strong></span> <span class='ocrx_word' id='word_1_121' title='bbox 1072 1848 1397 1921; x_wconf 88' lang='lat' dir='ltr'><strong><em>patrimonia</em></strong></span> <span class='ocrx_word' id='word_1_122' title='bbox 1444 1847 1593 1901; x_wconf 86' lang='lat' dir='ltr'><strong><em>nobis</em></strong></span> <span class='ocrx_word' id='word_1_123' title='bbox 1644 1862 1737 1916; x_wconf 88' lang='lat' dir='ltr'><strong><em>per</em></strong></span> <span class='ocrx_word' id='word_1_124' title='bbox 1766 1845 1870 1899; x_wconf 82' lang='lat' dir='ltr'><strong><em>vim</em></strong></span> 
     </span>
    </p>
   </div>
   <div class='ocr_carea' id='block_1_20' title="bbox 288 1937 1870 2016">
    <p class='ocr_par' dir='ltr' id='par_1_20' title="bbox 288 1937 1870 2016">
     <span class='ocr_line' id='line_1_20' title="bbox 288 1937 1870 2016; baseline -0.004 -18"><span class='ocrx_word' id='word_1_125' title='bbox 288 1962 379 1998; x_wconf 82' lang='lat' dir='ltr'><strong><em>seu</em></strong></span> <span class='ocrx_word' id='word_1_126' title='bbox 407 1962 500 2015; x_wconf 83' lang='lat' dir='ltr'><strong><em>per</em></strong></span> <span class='ocrx_word' id='word_1_127' title='bbox 527 1946 887 2016; x_wconf 85' lang='lat' dir='ltr'><strong><em>calumpniam</em></strong></span> <span class='ocrx_word' id='word_1_128' title='bbox 924 1952 1099 2014; x_wconf 87' lang='lat' dir='ltr'><strong><em>erepta</em></strong></span> <span class='ocrx_word' id='word_1_129' title='bbox 1142 1942 1425 2005; x_wconf 83' lang='lat' dir='ltr'><strong><em>restituat;</em></strong></span> <span class='ocrx_word' id='word_1_130' title='bbox 1456 1947 1716 2010; x_wconf 89' lang='lat' dir='ltr'><strong><em>postremo</em></strong></span> <span class='ocrx_word' id='word_1_131' title='bbox 1745 1937 1870 2007; x_wconf 87' lang='lat' dir='ltr'><strong><em>jus-</em></strong></span> 
     </span>
    </p>
   </div>
   <div class='ocr_carea' id='block_1_21' title="bbox 284 2033 1871 2107">
    <p class='ocr_par' dir='ltr' id='par_1_21' title="bbox 284 2033 1871 2107">
     <span class='ocr_line' id='line_1_21' title="bbox 284 2033 1871 2107; baseline -0.003 -18"><span class='ocrx_word' id='word_1_132' title='bbox 284 2035 574 2105; x_wconf 79' lang='lat' dir='ltr'><strong><em>iurandum</em></strong></span> <span class='ocrx_word' id='word_1_133' title='bbox 623 2038 710 2091; x_wconf 86' lang='lat' dir='ltr'><strong><em>del</em></strong></span> <span class='ocrx_word' id='word_1_134' title='bbox 758 2037 829 2068; x_wconf 81' lang='lat'><strong><em>°&quot;</em></strong></span> <span class='ocrx_word' id='word_1_135' title='bbox 882 2035 1021 2107; x_wconf 79' lang='lat' dir='ltr'><strong><em>quod</em></strong></span> <span class='ocrx_word' id='word_1_136' title='bbox 1077 2033 1337 2105; x_wconf 86' lang='lat' dir='ltr'><strong><em>legitima,</em></strong></span> <span class='ocrx_word' id='word_1_137' title='bbox 1394 2033 1533 2103; x_wconf 80' lang='lat' dir='ltr'><strong><em>genti</em></strong></span> <span class='ocrx_word' id='word_1_138' title='bbox 1588 2039 1783 2085; x_wconf 65' lang='lat' dir='ltr'><strong><em>nostra?</em></strong></span> <span class='ocrx_word' id='word_1_139' title='bbox 1836 2046 1871 2084; x_wconf 90' lang='lat' dir='ltr'><strong><em>a</em></strong></span> 
     </span>
    </p>
   </div>
   <div class='ocr_carea' id='block_1_22' title="bbox 285 2122 1875 2198">
    <p class='ocr_par' dir='ltr' id='par_1_22' title="bbox 285 2122 1875 2198">
     <span class='ocr_line' id='line_1_22' title="bbox 285 2122 1875 2198; baseline -0.003 -19"><span class='ocrx_word' id='word_1_140' title='bbox 285 2127 474 2196; x_wconf 88' lang='lat' dir='ltr'><strong><em>primis</em></strong></span> <span class='ocrx_word' id='word_1_141' title='bbox 511 2128 828 2198; x_wconf 84' lang='lat' dir='ltr'><strong><em>temporibus</em></strong></span> <span class='ocrx_word' id='word_1_142' title='bbox 857 2127 1164 2191; x_wconf 84' lang='lat' dir='ltr'><strong><em>constituta,</em></strong></span> <span class='ocrx_word' id='word_1_143' title='bbox 1201 2140 1485 2196; x_wconf 86' lang='lat' dir='ltr'><strong><em>numquam</em></strong></span> <span class='ocrx_word' id='word_1_144' title='bbox 1520 2123 1761 2192; x_wconf 87' lang='lat' dir='ltr'><strong><em>deinceps</em></strong></span> <span class='ocrx_word' id='word_1_145' title='bbox 1794 2122 1875 2175; x_wconf 87' lang='lat' dir='ltr'><strong><em>in-</em></strong></span> 
     </span>
    </p>
   </div>
   <div class='ocr_carea' id='block_1_23' title="bbox 281 2213 1872 2291">
    <p class='ocr_par' dir='ltr' id='par_1_23' title="bbox 281 2213 1872 2291">
     <span class='ocr_line' id='line_1_23' title="bbox 281 2213 1872 2291; baseline -0.003 -19"><span class='ocrx_word' id='word_1_146' title='bbox 281 2215 517 2291; x_wconf 78' lang='lat' dir='ltr'><strong><em>fringere</em></strong></span> <span class='ocrx_word' id='word_1_147' title='bbox 542 2219 817 2274; x_wconf 79' lang='lat' dir='ltr'><strong><em>moliatur.</em></strong></span> <span class='ocrx_word' id='word_1_148' title='bbox 846 2217 906 2273; x_wconf 88' lang='lat' dir='ltr'><strong><em>Si</em></strong></span> <span class='ocrx_word' id='word_1_149' title='bbox 939 2218 1034 2272; x_wconf 81' lang='lat' dir='ltr'><strong><em>hoc</em></strong></span> <span class='ocrx_word' id='word_1_150' title='bbox 1063 2218 1214 2289; x_wconf 84' lang='lat' dir='ltr'><strong><em>facit,</em></strong></span> <span class='ocrx_word' id='word_1_151' title='bbox 1246 2215 1367 2270; x_wconf 88' lang='lat' dir='ltr'><strong><em>licet</em></strong></span> <span class='ocrx_word' id='word_1_152' title='bbox 1396 2232 1531 2286; x_wconf 64' lang='grc' dir='ltr'><strong><em>δίκερε</em></strong></span> <span class='ocrx_word' id='word_1_153' title='bbox 1550 2213 1706 2280; x_wconf 87' lang='lat' dir='ltr'><strong><em>clusi,</em></strong></span> <span class='ocrx_word' id='word_1_154' title='bbox 1734 2229 1872 2284; x_wconf 79' lang='lat' dir='ltr'><strong><em>stepe</em></strong></span> 
     </span>
    </p>
   </div>
   <div class='ocr_carea' id='block_1_24' title="bbox 285 2306 1870 2382">
    <p class='ocr_par' dir='ltr' id='par_1_24' title="bbox 285 2306 1870 2382">
     <span class='ocr_line' id='line_1_24' title="bbox 285 2306 1870 2382; baseline -0.004 -18"><span class='ocrx_word' id='word_1_155' title='bbox 285 2313 455 2365; x_wconf 82' lang='lat' dir='ltr'><strong><em>verbis</em></strong></span> <span class='ocrx_word' id='word_1_156' title='bbox 486 2312 726 2382; x_wconf 84' lang='lat' dir='ltr'><strong><em>pacificis</em></strong></span> <span class='ocrx_word' id='word_1_157' title='bbox 753 2312 808 2365; x_wconf 85' lang='lat' dir='ltr'><strong><em>in</em></strong></span> <span class='ocrx_word' id='word_1_158' title='bbox 832 2310 954 2364; x_wconf 87' lang='lat' dir='ltr'><strong><em>dolo</em></strong></span> <span class='ocrx_word' id='word_1_159' title='bbox 980 2310 1149 2375; x_wconf 88' lang='lat' dir='ltr'><strong><em>irrisi,</em></strong></span> <span class='ocrx_word' id='word_1_160' title='bbox 1181 2318 1356 2363; x_wconf 84' lang='lat' dir='ltr'><strong><em>tamen</em></strong></span> <span class='ocrx_word' id='word_1_161' title='bbox 1390 2317 1669 2378; x_wconf 86' lang='lat' dir='ltr'><strong><em>utcumque</em></strong></span> <span class='ocrx_word' id='word_1_162' title='bbox 1697 2306 1870 2360; x_wconf 85' lang='lat' dir='ltr'><strong><em>adhuc</em></strong></span> 
     </span>
    </p>
   </div>
   <div class='ocr_carea' id='block_1_25' title="bbox 286 2400 1871 2474">
    <p class='ocr_par' dir='ltr' id='par_1_25' title="bbox 286 2400 1871 2474">
     <span class='ocr_line' id='line_1_25' title="bbox 286 2400 1871 2474; baseline -0.002 -19"><span class='ocrx_word' id='word_1_163' title='bbox 286 2403 556 2457; x_wconf 82' lang='lat' dir='ltr'><strong><em>credimus</em></strong></span> <span class='ocrx_word' id='word_1_164' title='bbox 596 2404 730 2457; x_wconf 85' lang='lat' dir='ltr'><strong><em>bona</em></strong></span> <span class='ocrx_word' id='word_1_165' title='bbox 764 2403 1068 2474; x_wconf 84' lang='lat' dir='ltr'><strong><em>pollicenti,</em></strong></span> <span class='ocrx_word' id='word_1_166' title='bbox 1113 2404 1196 2457; x_wconf 84' lang='lat' dir='ltr'><strong><em>sin</em></strong></span> <span class='ocrx_word' id='word_1_167' title='bbox 1222 2412 1419 2467; x_wconf 83' lang='lat' dir='ltr'><strong><em>autem,</em></strong></span> <span class='ocrx_word' id='word_1_168' title='bbox 1450 2402 1591 2455; x_wconf 88' lang='lat' dir='ltr'><strong><em>omni</em></strong></span> <span class='ocrx_word' id='word_1_169' title='bbox 1618 2400 1871 2454; x_wconf 81' lang='lat' dir='ltr'><strong><em>dilatione</em></strong></span> 
     </span>
    </p>
   </div>
   <div class='ocr_carea' id='block_1_26' title="bbox 288 2493 1870 2566">
    <p class='ocr_par' dir='ltr' id='par_1_26' title="bbox 288 2493 1870 2566">
     <span class='ocr_line' id='line_1_26' title="bbox 288 2493 1870 2566; baseline -0.001 -19"><span class='ocrx_word' id='word_1_170' title='bbox 288 2493 541 2565; x_wconf 84' lang='lat' dir='ltr'><strong><em>relegata,</em></strong></span> <span class='ocrx_word' id='word_1_171' title='bbox 574 2511 666 2549; x_wconf 87' lang='lat' dir='ltr'><strong><em>nec</em></strong></span> <span class='ocrx_word' id='word_1_172' title='bbox 691 2498 978 2565; x_wconf 66' lang='lat' dir='ltr'><strong><em>expectatis</em></strong></span> <span class='ocrx_word' id='word_1_173' title='bbox 1008 2494 1241 2549; x_wconf 89' lang='lat' dir='ltr'><strong><em>aliarum</em></strong></span> <span class='ocrx_word' id='word_1_174' title='bbox 1262 2494 1495 2566; x_wconf 86' lang='lat' dir='ltr'><strong><em>gentium</em></strong></span> <span class='ocrx_word' id='word_1_175' title='bbox 1525 2502 1617 2547; x_wconf 83' lang='lat' dir='ltr'><strong><em>aut</em></strong></span> <span class='ocrx_word' id='word_1_176' title='bbox 1640 2493 1870 2547; x_wconf 82' lang='lat' dir='ltr'><strong><em>aliorum</em></strong></span> 
     </span>
    </p>
   </div>
   <div class='ocr_carea' id='block_1_27' title="bbox 286 2586 1869 2658">
    <p class='ocr_par' dir='ltr' id='par_1_27' title="bbox 286 2586 1869 2658">
     <span class='ocr_line' id='line_1_27' title="bbox 286 2586 1869 2658; baseline 0.001 -19"><span class='ocrx_word' id='word_1_177' title='bbox 286 2586 589 2656; x_wconf 87' lang='lat' dir='ltr'><strong><em>principum</em></strong></span> <span class='ocrx_word' id='word_1_178' title='bbox 624 2586 866 2654; x_wconf 80' lang='lat' dir='ltr'><strong><em>decretis,</em></strong></span> <span class='ocrx_word' id='word_1_179' title='bbox 900 2587 1112 2658; x_wconf 87' lang='lat' dir='ltr'><strong><em>jugum,</em></strong></span> <span class='ocrx_word' id='word_1_180' title='bbox 1160 2586 1300 2658; x_wconf 79' lang='lat' dir='ltr'><strong><em>quod</em></strong></span> <span class='ocrx_word' id='word_1_181' title='bbox 1338 2586 1626 2641; x_wconf 80' lang='lat' dir='ltr'><strong><em>cervicibus</em></strong></span> <span class='ocrx_word' id='word_1_182' title='bbox 1675 2586 1869 2640; x_wconf 76' lang='lat' dir='ltr'><strong><em>nostris</em></strong></span> 
     </span>
    </p>
   </div>
   <div class='ocr_carea' id='block_1_28' title="bbox 286 2676 1870 2751">
    <p class='ocr_par' dir='ltr' id='par_1_28' title="bbox 286 2676 1870 2751">
     <span class='ocr_line' id='line_1_28' title="bbox 286 2676 1870 2751; baseline 0.003 -22"><span class='ocrx_word' id='word_1_183' title='bbox 286 2676 581 2747; x_wconf 82' lang='lat' dir='ltr'><strong><em>impendet,</em></strong></span> <span class='ocrx_word' id='word_1_184' title='bbox 634 2688 876 2734; x_wconf 74' lang='lat' dir='ltr'><strong><em>excutere</em></strong></span> <span class='ocrx_word' id='word_1_185' title='bbox 938 2679 1265 2744; x_wconf 84' lang='lat' dir='ltr'><strong><em>conabimur,</em></strong></span> <span class='ocrx_word' id='word_1_186' title='bbox 1318 2676 1608 2751; x_wconf 88' lang='lat' dir='ltr'><strong><em>liberosque</em></strong></span> <span class='ocrx_word' id='word_1_187' title='bbox 1662 2687 1870 2733; x_wconf 87' lang='lat' dir='ltr'><strong><em>nostros</em></strong></span> 
     </span>
    </p>
   </div>
   <div class='ocr_carea' id='block_1_29' title="bbox 288 2769 1867 2828">
    <p class='ocr_par' dir='ltr' id='par_1_29' title="bbox 288 2769 1867 2828">
     <span class='ocr_line' id='line_1_29' title="bbox 288 2769 1867 2828; baseline 0.003 -6"><span class='ocrx_word' id='word_1_188' title='bbox 288 2778 475 2823; x_wconf 84' lang='lat' dir='ltr'><strong><em>nostra</em></strong></span> <span class='ocrx_word' id='word_1_189' title='bbox 503 2769 582 2825; x_wconf 77' lang='lat' dir='ltr'><strong><em>rel</em></strong></span> <span class='ocrx_word' id='word_1_190' title='bbox 608 2779 774 2828; x_wconf 87' lang='lat' dir='ltr'><strong><em>morte</em></strong></span> <span class='ocrx_word' id='word_1_191' title='bbox 793 2771 871 2826; x_wconf 81' lang='lat' dir='ltr'><strong><em>vel</em></strong></span> <span class='ocrx_word' id='word_1_192' title='bbox 901 2772 1125 2826; x_wconf 75' lang='lat' dir='ltr'><strong><em>victoria</em></strong></span> <span class='ocrx_word' id='word_1_193' title='bbox 1151 2772 1206 2825; x_wconf 89' lang='lat' dir='ltr'><strong><em>in</em></strong></span> <span class='ocrx_word' id='word_1_194' title='bbox 1230 2770 1524 2825; x_wconf 88' lang='lat' dir='ltr'><strong><em>libertatem</em></strong></span> <span class='ocrx_word' id='word_1_195' title='bbox 1557 2786 1867 2827; x_wconf 86' lang='lat' dir='ltr'><strong><em>asseremus.</em></strong></span> 
     </span>
    </p>
   </div>
   <div class='ocr_carea' id='block_1_30' title="bbox 290 2859 1869 2934">
    <p class='ocr_par' dir='ltr' id='par_1_30' title="bbox 290 2859 1869 2934">
     <span class='ocr_line' id='line_1_30' title="bbox 290 2859 1869 2934; baseline 0.004 -20"><span class='ocrx_word' id='word_1_196' title='bbox 290 2859 350 2914; x_wconf 87' lang='lat' dir='ltr'><strong><em>In</em></strong></span> <span class='ocrx_word' id='word_1_197' title='bbox 379 2861 493 2917; x_wconf 68' lang='lat' dir='ltr'><strong><em>haec</em></strong></span> <span class='ocrx_word' id='word_1_198' title='bbox 520 2863 684 2917; x_wconf 85' lang='lat' dir='ltr'><strong><em>verba</em></strong></span> <span class='ocrx_word' id='word_1_199' title='bbox 715 2863 920 2934; x_wconf 87' lang='lat' dir='ltr'><strong><em>legatos</em></strong></span> <span class='ocrx_word' id='word_1_200' title='bbox 943 2864 1286 2919; x_wconf 88' lang='lat' dir='ltr'><strong><em>dimiserunt.</em></strong></span> <span class='ocrx_word' id='word_1_201' title='bbox 1313 2861 1417 2929; x_wconf 86' lang='lat' dir='ltr'><strong><em>Qui</em></strong></span> <span class='ocrx_word' id='word_1_202' title='bbox 1457 2863 1652 2918; x_wconf 82' lang='lat' dir='ltr'><strong><em>iterum</em></strong></span> <span class='ocrx_word' id='word_1_203' title='bbox 1692 2865 1869 2933; x_wconf 86' lang='lat' dir='ltr'><strong><em>missi,</em></strong></span> 
     </span>
    </p>
   </div>
   <div class='ocr_carea' id='block_1_31' title="bbox 289 2950 1870 3024">
    <p class='ocr_par' dir='ltr' id='par_1_31' title="bbox 289 2950 1870 3024">
     <span class='ocr_line' id='line_1_31' title="bbox 289 2950 1870 3024; baseline 0.005 -18"><span class='ocrx_word' id='word_1_204' title='bbox 289 2950 598 3024; x_wconf 75' lang='lat' dir='ltr'><strong><em>iterumque</em></strong></span> <span class='ocrx_word' id='word_1_205' title='bbox 618 2955 865 3023; x_wconf 86' lang='lat' dir='ltr'><strong><em>remissi,</em></strong></span> <span class='ocrx_word' id='word_1_206' title='bbox 889 2956 946 3010; x_wconf 76' lang='lat' dir='ltr'><strong><em>in</em></strong></span> <span class='ocrx_word' id='word_1_207' title='bbox 966 2956 1151 3010; x_wconf 87' lang='lat' dir='ltr'><strong><em>eadem</em></strong></span> <span class='ocrx_word' id='word_1_208' title='bbox 1164 2970 1258 3011; x_wconf 89' lang='lat' dir='ltr'><strong><em>eos</em></strong></span> <span class='ocrx_word' id='word_1_209' title='bbox 1280 2955 1546 3010; x_wconf 78' lang='lat' dir='ltr'><strong><em>sententia</em></strong></span> <span class='ocrx_word' id='word_1_210' title='bbox 1568 2957 1870 3014; x_wconf 83' lang='lat' dir='ltr'><strong><em>obstinatos</em></strong></span> 
     </span>
    </p>
   </div>
   <div class='ocr_carea' id='block_1_32' title="bbox 291 3045 1870 3118">
    <p class='ocr_par' dir='ltr' id='par_1_32' title="bbox 291 3045 1870 3118">
     <span class='ocr_line' id='line_1_32' title="bbox 291 3045 1870 3118; baseline 0.003 -18"><span class='ocrx_word' id='word_1_211' title='bbox 291 3045 636 3101; x_wconf 82' lang='lat' dir='ltr'><strong><em>invenerunt.</em></strong></span> <span class='ocrx_word' id='word_1_212' title='bbox 666 3046 855 3118; x_wconf 81' lang='lat' dir='ltr'><strong><em>Itaque</em></strong></span> <span class='ocrx_word' id='word_1_213' title='bbox 877 3063 1069 3103; x_wconf 87' lang='lat' dir='ltr'><strong><em>omnes</em></strong></span> <span class='ocrx_word' id='word_1_214' title='bbox 1107 3049 1246 3113; x_wconf 90' lang='lat' dir='ltr'><strong><em>vias,</em></strong></span> <span class='ocrx_word' id='word_1_215' title='bbox 1272 3064 1368 3117; x_wconf 86' lang='lat' dir='ltr'><strong><em>per</em></strong></span> <span class='ocrx_word' id='word_1_216' title='bbox 1405 3064 1543 3118; x_wconf 89' lang='lat' dir='ltr'><strong><em>quas</em></strong></span> <span class='ocrx_word' id='word_1_217' title='bbox 1572 3050 1870 3106; x_wconf 88' lang='lat' dir='ltr'><strong><em>descensus</em></strong></span> 
     </span>
    </p>
   </div>
   <div class='ocr_carea' id='block_1_33' title="bbox 1903 1808 1946 1865">
    <p class='ocr_par' dir='ltr' id='par_1_33' title="bbox 1903 1808 1946 1865">
     <span class='ocr_line' id='line_1_33' title="bbox 1903 1808 1946 1865; baseline 0 0"><span class='ocrx_word' id='word_1_218' title='bbox 1903 1808 1946 1865; x_wconf 86' lang='grc' dir='ltr'><strong>Β</strong></span> 
     </span>
    </p>
   </div>
   <div class='ocr_carea' id='block_1_34' title="bbox 1973 564 3549 640">
    <p class='ocr_par' dir='ltr' id='par_1_34' title="bbox 1973 564 3549 640">
     <span class='ocr_line' id='line_1_34' title="bbox 1973 564 3549 640; baseline 0.003 -21"><span class='ocrx_word' id='word_1_219' title='bbox 1973 564 2172 619; x_wconf 89' lang='lat' dir='ltr'><strong><em>collato</em></strong></span> <span class='ocrx_word' id='word_1_220' title='bbox 2198 580 2324 619; x_wconf 90' lang='lat' dir='ltr'><strong><em>cum</em></strong></span> <span class='ocrx_word' id='word_1_221' title='bbox 2349 564 2465 620; x_wconf 88' lang='lat' dir='ltr'><strong><em>suis</em></strong></span> <span class='ocrx_word' id='word_1_222' title='bbox 2502 566 2752 632; x_wconf 88' lang='lat' dir='ltr'><strong><em>consilio,</em></strong></span> <span class='ocrx_word' id='word_1_223' title='bbox 2778 564 3089 637; x_wconf 83' lang='lat' dir='ltr'><strong><em>frequentes</em></strong></span> <span class='ocrx_word' id='word_1_224' title='bbox 3116 567 3183 621; x_wconf 77' lang='lat' dir='ltr'><strong><em>ad</em></strong></span> <span class='ocrx_word' id='word_1_225' title='bbox 3220 581 3316 622; x_wconf 88' lang='lat' dir='ltr'><strong><em>cos</em></strong></span> <span class='ocrx_word' id='word_1_226' title='bbox 3341 568 3549 640; x_wconf 80' lang='lat' dir='ltr'><strong><em>legatos</em></strong></span> 
     </span>
    </p>
   </div>
   <div class='ocr_carea' id='block_1_35' title="bbox 1972 654 3548 728">
    <p class='ocr_par' dir='ltr' id='par_1_35' title="bbox 1972 654 3548 728">
     <span class='ocr_line' id='line_1_35' title="bbox 1972 654 3548 728; baseline 0.004 -20"><span class='ocrx_word' id='word_1_227' title='bbox 1972 654 2239 723; x_wconf 84' lang='lat' dir='ltr'><strong><em>mittebat,</em></strong></span> <span class='ocrx_word' id='word_1_228' title='bbox 2254 671 2442 725; x_wconf 88' lang='lat' dir='ltr'><strong><em>pacem</em></strong></span> <span class='ocrx_word' id='word_1_229' title='bbox 2463 656 2746 726; x_wconf 87' lang='lat' dir='ltr'><strong><em>postulans</em></strong></span> <span class='ocrx_word' id='word_1_230' title='bbox 2758 656 2849 723; x_wconf 63' lang='lat'><strong><em>’8’,</em></strong></span> <span class='ocrx_word' id='word_1_231' title='bbox 2865 665 2921 712; x_wconf 92' lang='lat' dir='ltr'><strong><em>et</em></strong></span> <span class='ocrx_word' id='word_1_232' title='bbox 2941 657 3185 713; x_wconf 87' lang='lat' dir='ltr'><strong><em>omnium</em></strong></span> <span class='ocrx_word' id='word_1_233' title='bbox 3197 673 3317 728; x_wconf 70' lang='lat' dir='ltr'><strong><em>qua:</em></strong></span> <span class='ocrx_word' id='word_1_234' title='bbox 3343 659 3465 716; x_wconf 77' lang='lat' dir='ltr'><strong><em>illos</em></strong></span> <span class='ocrx_word' id='word_1_235' title='bbox 3476 657 3548 692; x_wconf 78' lang='lat'><strong><em>’”</em></strong></span> 
     </span>
    </p>
   </div>
   <div class='ocr_carea' id='block_1_36' title="bbox 1973 746 3548 822">
    <p class='ocr_par' dir='ltr' id='par_1_36' title="bbox 1973 746 3548 822">
     <span class='ocr_line' id='line_1_36' title="bbox 1973 746 3548 822; baseline 0.003 -21"><span class='ocrx_word' id='word_1_236' title='bbox 1973 746 2311 802; x_wconf 75' lang='lat' dir='ltr'><strong><em>offenderant</em></strong></span> <span class='ocrx_word' id='word_1_237' title='bbox 2364 748 2797 804; x_wconf 84' lang='lat' dir='ltr'><strong><em>emendationem</em></strong></span> <span class='ocrx_word' id='word_1_238' title='bbox 2849 749 3129 818; x_wconf 87' lang='lat' dir='ltr'><strong><em>pollicens.</em></strong></span> <span class='ocrx_word' id='word_1_239' title='bbox 3177 748 3235 804; x_wconf 89' lang='lat' dir='ltr'><strong><em>In</em></strong></span> <span class='ocrx_word' id='word_1_240' title='bbox 3272 766 3438 822; x_wconf 84' lang='lat' dir='ltr'><strong><em>quam</em></strong></span> <span class='ocrx_word' id='word_1_241' title='bbox 3475 751 3548 784; x_wconf 65' lang='grc'><strong><em>’⁸⁸</em></strong></span> 
     </span>
    </p>
   </div>
   <div class='ocr_carea' id='block_1_37' title="bbox 1974 838 3548 917">
    <p class='ocr_par' dir='ltr' id='par_1_37' title="bbox 1974 838 3548 917">
     <span class='ocr_line' id='line_1_37' title="bbox 1974 838 3548 917; baseline 0.006 -26"><span class='ocrx_word' id='word_1_242' title='bbox 1974 838 2243 892; x_wconf 85' lang='lat' dir='ltr'><strong><em>actionem</em></strong></span> <span class='ocrx_word' id='word_1_243' title='bbox 2297 838 2522 895; x_wconf 86' lang='lat' dir='ltr'><strong><em>intentis</em></strong></span> <span class='ocrx_word' id='word_1_244' title='bbox 2583 839 2976 910; x_wconf 89' lang='lat' dir='ltr'><strong><em>suspensisque</em></strong></span> <span class='ocrx_word' id='word_1_245' title='bbox 3032 841 3289 899; x_wconf 70' lang='lat' dir='ltr'><strong><em>omnibus</em></strong></span> <span class='ocrx_word' id='word_1_246' title='bbox 3335 851 3391 897; x_wconf 88' lang='lat' dir='ltr'><strong><em>et</em></strong></span> <span class='ocrx_word' id='word_1_247' title='bbox 3429 841 3548 917; x_wconf 54' lang='lat' dir='ltr'><strong><em>jam</em></strong></span> 
     </span>
    </p>
   </div>
   <div class='ocr_carea' id='block_1_38' title="bbox 1971 929 3550 1006">
    <p class='ocr_par' dir='ltr' id='par_1_38' title="bbox 1971 929 3550 1006">
     <span class='ocr_line' id='line_1_38' title="bbox 1971 929 3550 1006; baseline 0.004 -23"><span class='ocrx_word' id='word_1_248' title='bbox 1971 937 2195 999; x_wconf 86' lang='lat' dir='ltr'><strong><em>propter</em></strong></span> <span class='ocrx_word' id='word_1_249' title='bbox 2228 945 2318 986; x_wconf 88' lang='lat' dir='ltr'><strong><em>res</em></strong></span> <span class='ocrx_word' id='word_1_250' title='bbox 2345 930 2482 986; x_wconf 88' lang='lat' dir='ltr'><strong><em>bene</em></strong></span> <span class='ocrx_word' id='word_1_251' title='bbox 2506 939 2687 1001; x_wconf 79' lang='lat' dir='ltr'><strong><em>gestas</em></strong></span> <span class='ocrx_word' id='word_1_252' title='bbox 2708 929 2997 987; x_wconf 87' lang='lat' dir='ltr'><strong><em>immatura</em></strong></span> <span class='ocrx_word' id='word_1_253' title='bbox 3020 932 3312 989; x_wconf 86' lang='lat' dir='ltr'><strong><em>securitate</em></strong></span> <span class='ocrx_word' id='word_1_254' title='bbox 3336 943 3550 1006; x_wconf 84' lang='lat' dir='ltr'><strong><em>torpen-</em></strong></span> 
     </span>
    </p>
   </div>
   <div class='ocr_carea' id='block_1_39' title="bbox 1971 1020 3548 1096">
    <p class='ocr_par' dir='ltr' id='par_1_39' title="bbox 1971 1020 3548 1096">
     <span class='ocr_line' id='line_1_39' title="bbox 1971 1020 3548 1096; baseline 0.008 -24"><span class='ocrx_word' id='word_1_255' title='bbox 1971 1020 2138 1087; x_wconf 82' lang='lat' dir='ltr'><strong><em>tibus,</em></strong></span> <span class='ocrx_word' id='word_1_256' title='bbox 2195 1029 2355 1077; x_wconf 89' lang='lat' dir='ltr'><strong><em>nocte</em></strong></span> <span class='ocrx_word' id='word_1_257' title='bbox 2405 1022 2641 1093; x_wconf 86' lang='lat' dir='ltr'><strong><em>quadam</em></strong></span> <span class='ocrx_word' id='word_1_258' title='bbox 2695 1022 2854 1094; x_wconf 82' lang='lat' dir='ltr'><strong><em>(Aug.</em></strong></span> <span class='ocrx_word' id='word_1_259' title='bbox 2906 1025 2983 1096; x_wconf 91' lang='lat'><strong><em>9),</em></strong></span> <span class='ocrx_word' id='word_1_260' title='bbox 3022 1039 3149 1080; x_wconf 86' lang='lat' dir='ltr'><strong><em>cum</em></strong></span> <span class='ocrx_word' id='word_1_261' title='bbox 3198 1025 3335 1082; x_wconf 85' lang='lat' dir='ltr'><strong><em>nihil</em></strong></span> <span class='ocrx_word' id='word_1_262' title='bbox 3363 1025 3548 1085; x_wconf 60' lang='lat' dir='ltr'><strong><em>minus</em></strong></span> 
     </span>
    </p>
   </div>
   <div class='ocr_carea' id='block_1_40' title="bbox 1973 1112 3548 1190">
    <p class='ocr_par' dir='ltr' id='par_1_40' title="bbox 1973 1112 3548 1190">
     <span class='ocr_line' id='line_1_40' title="bbox 1973 1112 3548 1190; baseline 0.006 -25"><span class='ocrx_word' id='word_1_263' title='bbox 1973 1113 2401 1182; x_wconf 85' lang='lat' dir='ltr'><strong><em>suspicarentur,</em></strong></span> <span class='ocrx_word' id='word_1_264' title='bbox 2434 1113 2549 1184; x_wconf 90' lang='lat' dir='ltr'><strong><em>ipse</em></strong></span> <span class='ocrx_word' id='word_1_265' title='bbox 2574 1112 2887 1170; x_wconf 82' lang='lat' dir='ltr'><strong><em>Bertoldum</em></strong></span> <span class='ocrx_word' id='word_1_266' title='bbox 2925 1116 3118 1173; x_wconf 78' lang='lat' dir='ltr'><strong><em>ducem</em></strong></span> <span class='ocrx_word' id='word_1_267' title='bbox 3140 1126 3195 1173; x_wconf 91' lang='lat' dir='ltr'><strong><em>et</em></strong></span> <span class='ocrx_word' id='word_1_268' title='bbox 3219 1119 3357 1174; x_wconf 89' lang='lat' dir='ltr'><strong><em>duos</em></strong></span> <span class='ocrx_word' id='word_1_269' title='bbox 3380 1134 3548 1190; x_wconf 77' lang='lat' dir='ltr'><strong><em>supra</em></strong></span> 
     </span>
    </p>
   </div>
   <div class='ocr_carea' id='block_1_41' title="bbox 1972 1205 3549 1281">
    <p class='ocr_par' dir='ltr' id='par_1_41' title="bbox 1972 1205 3549 1281">
     <span class='ocr_line' id='line_1_41' title="bbox 1972 1205 3549 1281; baseline 0.007 -25"><span class='ocrx_word' id='word_1_270' title='bbox 1972 1212 2307 1261; x_wconf 71' lang='lat' dir='ltr'><strong><em>memoratos</em></strong></span> <span class='ocrx_word' id='word_1_271' title='bbox 2340 1205 2629 1276; x_wconf 88' lang='lat' dir='ltr'><strong><em>episcopos</em></strong></span> <span class='ocrx_word' id='word_1_272' title='bbox 2654 1214 2709 1261; x_wconf 88' lang='lat' dir='ltr'><strong><em>et</em></strong></span> <span class='ocrx_word' id='word_1_273' title='bbox 2742 1206 2882 1263; x_wconf 89' lang='lat' dir='ltr'><strong><em>alios</em></strong></span> <span class='ocrx_word' id='word_1_274' title='bbox 2926 1208 3214 1281; x_wconf 89' lang='lat' dir='ltr'><strong><em>plerosque</em></strong></span> <span class='ocrx_word' id='word_1_275' title='bbox 3248 1208 3549 1269; x_wconf 84' lang='lat' dir='ltr'><strong><em>familiares</em></strong></span> 
     </span>
    </p>
   </div>
   <div class='ocr_carea' id='block_1_42' title="bbox 1973 1298 3548 1369">
    <p class='ocr_par' dir='ltr' id='par_1_42' title="bbox 1973 1298 3548 1369">
     <span class='ocr_line' id='line_1_42' title="bbox 1973 1298 3548 1369; baseline 0.008 -21"><span class='ocrx_word' id='word_1_276' title='bbox 1973 1308 2102 1349; x_wconf 90' lang='lat' dir='ltr'><strong><em>suos</em></strong></span> <span class='ocrx_word' id='word_1_277' title='bbox 2122 1310 2308 1351; x_wconf 88' lang='lat' dir='ltr'><strong><em>secum</em></strong></span> <span class='ocrx_word' id='word_1_278' title='bbox 2334 1298 2651 1368; x_wconf 85' lang='lat' dir='ltr'><strong><em>assumpsit,</em></strong></span> <span class='ocrx_word' id='word_1_279' title='bbox 2677 1306 2753 1365; x_wconf 83' lang='lat' dir='ltr'><strong><em>et,</em></strong></span> <span class='ocrx_word' id='word_1_280' title='bbox 2775 1300 3071 1369; x_wconf 84' lang='lat' dir='ltr'><strong><em>praemissis</em></strong></span> <span class='ocrx_word' id='word_1_281' title='bbox 3095 1311 3219 1358; x_wconf 87' lang='lat' dir='ltr'><strong><em>ante</em></strong></span> <span class='ocrx_word' id='word_1_282' title='bbox 3240 1318 3298 1360; x_wconf 88' lang='lat' dir='ltr'><strong><em>se</em></strong></span> <span class='ocrx_word' id='word_1_283' title='bbox 3340 1303 3399 1360; x_wconf 88' lang='lat' dir='ltr'><strong><em>in</em></strong></span> <span class='ocrx_word' id='word_1_284' title='bbox 3425 1320 3548 1362; x_wconf 75' lang='lat' dir='ltr'><strong><em>sar-</em></strong></span> 
     </span>
    </p>
   </div>
   <div class='ocr_carea' id='block_1_43' title="bbox 1971 1385 3547 1467">
    <p class='ocr_par' dir='ltr' id='par_1_43' title="bbox 1971 1385 3547 1467">
     <span class='ocr_line' id='line_1_43' title="bbox 1971 1385 3547 1467; baseline 0.01 -29"><span class='ocrx_word' id='word_1_285' title='bbox 1971 1385 2111 1441; x_wconf 88' lang='lat' dir='ltr'><strong><em>cinis</em></strong></span> <span class='ocrx_word' id='word_1_286' title='bbox 2131 1388 2283 1457; x_wconf 81' lang='lat' dir='ltr'><strong><em>regni</em></strong></span> <span class='ocrx_word' id='word_1_287' title='bbox 2308 1388 2616 1461; x_wconf 76' lang='lat' dir='ltr'><strong><em>insignibus</em></strong></span> <span class='ocrx_word' id='word_1_288' title='bbox 2635 1398 2688 1445; x_wconf 89' lang='lat' dir='ltr'><strong><em>et</em></strong></span> <span class='ocrx_word' id='word_1_289' title='bbox 2716 1398 2920 1461; x_wconf 87' lang='lat' dir='ltr'><strong><em>quanta</em></strong></span> <span class='ocrx_word' id='word_1_290' title='bbox 2941 1400 3157 1463; x_wconf 80' lang='lat' dir='ltr'><strong><em>tempus</em></strong></span> <span class='ocrx_word' id='word_1_291' title='bbox 3178 1403 3233 1450; x_wconf 90' lang='lat' dir='ltr'><strong><em>et</em></strong></span> <span class='ocrx_word' id='word_1_292' title='bbox 3258 1410 3347 1452; x_wconf 86' lang='lat' dir='ltr'><strong><em>res</em></strong></span> <span class='ocrx_word' id='word_1_293' title='bbox 3371 1395 3547 1467; x_wconf 71' lang='lat' dir='ltr'><strong><em>patie-</em></strong></span> 
     </span>
    </p>
   </div>
   <div class='ocr_carea' id='block_1_44' title="bbox 1971 1475 3551 1556">
    <p class='ocr_par' dir='ltr' id='par_1_44' title="bbox 1971 1475 3551 1556">
     <span class='ocr_line' id='line_1_44' title="bbox 1971 1475 3551 1556; baseline 0.009 -25"><span class='ocrx_word' id='word_1_294' title='bbox 1971 1475 2172 1532; x_wconf 83' lang='lat' dir='ltr'><strong><em>bantur</em></strong></span> <span class='ocrx_word' id='word_1_295' title='bbox 2221 1488 2374 1548; x_wconf 85' lang='lat' dir='ltr'><strong><em>parte</em></strong></span> <span class='ocrx_word' id='word_1_296' title='bbox 2417 1483 2829 1549; x_wconf 88' lang='lat' dir='ltr'><strong><em>thesaurorum,</em></strong></span> <span class='ocrx_word' id='word_1_297' title='bbox 2877 1483 3017 1538; x_wconf 88' lang='lat' dir='ltr'><strong><em>clam</em></strong></span> <span class='ocrx_word' id='word_1_298' title='bbox 3063 1500 3319 1556; x_wconf 87' lang='lat' dir='ltr'><strong><em>egressus</em></strong></span> <span class='ocrx_word' id='word_1_299' title='bbox 3365 1494 3451 1545; x_wconf 86' lang='lat' dir='ltr'><strong><em>est</em></strong></span> <span class='ocrx_word' id='word_1_300' title='bbox 3482 1489 3551 1545; x_wconf 86' lang='lat' dir='ltr'><strong><em>de</em></strong></span> 
     </span>
    </p>
   </div>
   <div class='ocr_carea' id='block_1_45' title="bbox 1971 1571 3553 1649">
    <p class='ocr_par' dir='ltr' id='par_1_45' title="bbox 1971 1571 3553 1649">
     <span class='ocr_line' id='line_1_45' title="bbox 1971 1571 3553 1649; baseline 0.009 -27"><span class='ocrx_word' id='word_1_301' title='bbox 1971 1571 2217 1637; x_wconf 87' lang='lat' dir='ltr'><strong><em>castello,</em></strong></span> <span class='ocrx_word' id='word_1_302' title='bbox 2243 1571 2373 1626; x_wconf 89' lang='lat' dir='ltr'><strong><em>dato</em></strong></span> <span class='ocrx_word' id='word_1_303' title='bbox 2395 1574 2623 1645; x_wconf 90' lang='lat' dir='ltr'><strong><em>negocio</em></strong></span> <span class='ocrx_word' id='word_1_304' title='bbox 2646 1574 2731 1630; x_wconf 89' lang='lat' dir='ltr'><strong><em>his</em></strong></span> <span class='ocrx_word' id='word_1_305' title='bbox 2759 1575 2855 1646; x_wconf 89' lang='lat' dir='ltr'><strong><em>qui</em></strong></span> <span class='ocrx_word' id='word_1_306' title='bbox 2883 1574 3033 1631; x_wconf 89' lang='lat' dir='ltr'><strong><em>intus</em></strong></span> <span class='ocrx_word' id='word_1_307' title='bbox 3072 1580 3451 1649; x_wconf 86' lang='lat' dir='ltr'><strong><em>remanebant,</em></strong></span> <span class='ocrx_word' id='word_1_308' title='bbox 3489 1589 3553 1636; x_wconf 82' lang='lat' dir='ltr'><strong><em>ut</em></strong></span> 
     </span>
    </p>
   </div>
   <div class='ocr_carea' id='block_1_46' title="bbox 1970 1663 3549 1738">
    <p class='ocr_par' dir='ltr' id='par_1_46' title="bbox 1970 1663 3549 1738">
     <span class='ocr_line' id='line_1_46' title="bbox 1970 1663 3549 1738; baseline 0.008 -23"><span class='ocrx_word' id='word_1_309' title='bbox 1970 1670 2185 1731; x_wconf 88' lang='lat' dir='ltr'><strong><em>postera</em></strong></span> <span class='ocrx_word' id='word_1_310' title='bbox 2226 1663 2314 1719; x_wconf 89' lang='lat' dir='ltr'><strong><em>die</em></strong></span> <span class='ocrx_word' id='word_1_311' title='bbox 2340 1673 2546 1735; x_wconf 90' lang='lat' dir='ltr'><strong><em>quanta</em></strong></span> <span class='ocrx_word' id='word_1_312' title='bbox 2574 1675 2799 1737; x_wconf 85' lang='lat' dir='ltr'><strong><em>possent</em></strong></span> <span class='ocrx_word' id='word_1_313' title='bbox 2824 1678 2941 1722; x_wconf 88' lang='lat' dir='ltr'><strong><em>arte</em></strong></span> <span class='ocrx_word' id='word_1_314' title='bbox 2969 1670 3312 1738; x_wconf 81' lang='lat' dir='ltr'><strong><em>praesentiam</em></strong></span> <span class='ocrx_word' id='word_1_315' title='bbox 3354 1671 3443 1729; x_wconf 87' lang='lat' dir='ltr'><strong><em>sui</em></strong></span> <span class='ocrx_word' id='word_1_316' title='bbox 3468 1673 3549 1728; x_wconf 89' lang='lat' dir='ltr'><strong><em>si-</em></strong></span> 
     </span>
    </p>
   </div>
   <div class='ocr_carea' id='block_1_47' title="bbox 1970 1754 3552 1833">
    <p class='ocr_par' dir='ltr' id='par_1_47' title="bbox 1970 1754 3552 1833">
     <span class='ocr_line' id='line_1_47' title="bbox 1970 1754 3552 1833; baseline 0.007 -25"><span class='ocrx_word' id='word_1_317' title='bbox 1970 1754 2261 1822; x_wconf 89' lang='lat' dir='ltr'><strong><em>mularent,</em></strong></span> <span class='ocrx_word' id='word_1_318' title='bbox 2303 1764 2359 1811; x_wconf 92' lang='lat' dir='ltr'><strong><em>et</em></strong></span> <span class='ocrx_word' id='word_1_319' title='bbox 2412 1758 2655 1813; x_wconf 80' lang='lat' dir='ltr'><strong><em>hostium</em></strong></span> <span class='ocrx_word' id='word_1_320' title='bbox 2702 1757 2773 1790; x_wconf 81' lang='grc'><strong><em>⁹⁸⁸</em></strong></span> <span class='ocrx_word' id='word_1_321' title='bbox 2824 1761 3040 1816; x_wconf 87' lang='lat' dir='ltr'><strong><em>animos</em></strong></span> <span class='ocrx_word' id='word_1_322' title='bbox 3076 1777 3106 1816; x_wconf 85' lang='lat' dir='ltr'><strong><em>a</em></strong></span> <span class='ocrx_word' id='word_1_323' title='bbox 3145 1761 3552 1833; x_wconf 83' lang='lat' dir='ltr'><strong><em>suspicionibus</em></strong></span> 
     </span>
    </p>
   </div>
   <div class='ocr_carea' id='block_1_48' title="bbox 1973 1842 3553 1922">
    <p class='ocr_par' dir='ltr' id='par_1_48' title="bbox 1973 1842 3553 1922">
     <span class='ocr_line' id='line_1_48' title="bbox 1973 1842 3553 1922; baseline 0.006 -22"><span class='ocrx_word' id='word_1_324' title='bbox 1973 1842 2114 1917; x_wconf 77' lang='lat' dir='ltr'><strong><em>fugae</em></strong></span> <span class='ocrx_word' id='word_1_325' title='bbox 2170 1862 2284 1903; x_wconf 67' lang='lat' dir='ltr'><strong><em>suae</em></strong></span> <span class='ocrx_word' id='word_1_326' title='bbox 2321 1859 2631 1905; x_wconf 74' lang='lat' dir='ltr'><strong><em>avocarent.</em></strong></span> <span class='ocrx_word' id='word_1_327' title='bbox 2674 1848 2880 1906; x_wconf 81' lang='lat' dir='ltr'><strong><em>Triduo</em></strong></span> <span class='ocrx_word' id='word_1_328' title='bbox 2918 1868 3012 1922; x_wconf 88' lang='lat' dir='ltr'><strong><em>per</em></strong></span> <span class='ocrx_word' id='word_1_329' title='bbox 3053 1854 3420 1912; x_wconf 80' lang='lat' dir='ltr'><strong><em>vastissimam</em></strong></span> <span class='ocrx_word' id='word_1_330' title='bbox 3462 1857 3553 1913; x_wconf 82' lang='lat' dir='ltr'><strong><em>sil-</em></strong></span> 
     </span>
    </p>
   </div>
   <div class='ocr_carea' id='block_1_49' title="bbox 1968 1938 3551 2019">
    <p class='ocr_par' dir='ltr' id='par_1_49' title="bbox 1968 1938 3551 2019">
     <span class='ocr_line' id='line_1_49' title="bbox 1968 1938 3551 2019; baseline 0.009 -28"><span class='ocrx_word' id='word_1_331' title='bbox 1968 1949 2094 1992; x_wconf 91' lang='lat' dir='ltr'><strong><em>vam</em></strong></span> <span class='ocrx_word' id='word_1_332' title='bbox 2117 1938 2312 2009; x_wconf 85' lang='lat' dir='ltr'><strong><em>jejuni,</em></strong></span> <span class='ocrx_word' id='word_1_333' title='bbox 2336 1949 2398 1995; x_wconf 89' lang='lat' dir='ltr'><strong><em>ut</em></strong></span> <span class='ocrx_word' id='word_1_334' title='bbox 2425 1940 2701 2009; x_wconf 72' lang='lat' dir='ltr'><strong><em>fertur&#39;”,</em></strong></span> <span class='ocrx_word' id='word_1_335' title='bbox 2720 1944 3129 2015; x_wconf 79' lang='lat' dir='ltr'><strong><em>gradiebantur,</em></strong></span> <span class='ocrx_word' id='word_1_336' title='bbox 3158 1944 3551 2019; x_wconf 79' lang='lat' dir='ltr'><strong><em>angustissimo</em></strong></span> 
     </span>
    </p>
   </div>
   <div class='ocr_carea' id='block_1_50' title="bbox 1970 2031 3551 2113">
    <p class='ocr_par' dir='ltr' id='par_1_50' title="bbox 1970 2031 3551 2113">
     <span class='ocr_line' id='line_1_50' title="bbox 1970 2031 3551 2113; baseline 0.009 -30"><span class='ocrx_word' id='word_1_337' title='bbox 1970 2038 2025 2083; x_wconf 87' lang='lat' dir='ltr'><strong><em>et</em></strong></span> <span class='ocrx_word' id='word_1_338' title='bbox 2060 2031 2249 2100; x_wconf 88' lang='lat' dir='ltr'><strong><em>paucis</em></strong></span> <span class='ocrx_word' id='word_1_339' title='bbox 2276 2033 2507 2089; x_wconf 86' lang='lat' dir='ltr'><strong><em>antehac</em></strong></span> <span class='ocrx_word' id='word_1_340' title='bbox 2534 2046 2815 2105; x_wconf 85' lang='lat' dir='ltr'><strong><em>comperto</em></strong></span> <span class='ocrx_word' id='word_1_341' title='bbox 2846 2037 3082 2103; x_wconf 86' lang='lat' dir='ltr'><strong><em>tramite,</em></strong></span> <span class='ocrx_word' id='word_1_342' title='bbox 3127 2053 3290 2108; x_wconf 88' lang='lat' dir='ltr'><strong><em>quem</em></strong></span> <span class='ocrx_word' id='word_1_343' title='bbox 3321 2048 3551 2113; x_wconf 85' lang='lat' dir='ltr'><strong><em>venator</em></strong></span> 
     </span>
    </p>
   </div>
   <div class='ocr_carea' id='block_1_51' title="bbox 1971 2121 3551 2196">
    <p class='ocr_par' dir='ltr' id='par_1_51' title="bbox 1971 2121 3551 2196">
     <span class='ocr_line' id='line_1_51' title="bbox 1971 2121 3551 2196; baseline 0.009 -22"><span class='ocrx_word' id='word_1_344' title='bbox 1971 2121 2217 2190; x_wconf 83' lang='lat' dir='ltr'><strong><em>quidam,</em></strong></span> <span class='ocrx_word' id='word_1_345' title='bbox 2254 2122 2364 2178; x_wconf 86' lang='lat' dir='ltr'><strong><em>dux</em></strong></span> <span class='ocrx_word' id='word_1_346' title='bbox 2394 2124 2623 2192; x_wconf 83' lang='lat' dir='ltr'><strong><em>itineris,</em></strong></span> <span class='ocrx_word' id='word_1_347' title='bbox 2656 2126 2753 2196; x_wconf 87' lang='lat' dir='ltr'><strong><em>qui</em></strong></span> <span class='ocrx_word' id='word_1_348' title='bbox 2787 2128 3017 2182; x_wconf 87' lang='lat' dir='ltr'><strong><em>venandi</em></strong></span> <span class='ocrx_word' id='word_1_349' title='bbox 3052 2130 3233 2185; x_wconf 89' lang='lat' dir='ltr'><strong><em>studio</em></strong></span> <span class='ocrx_word' id='word_1_350' title='bbox 3274 2131 3551 2191; x_wconf 88' lang='lat' dir='ltr'><strong><em>sollertius</em></strong></span> 
     </span>
    </p>
   </div>
   <div class='ocr_carea' id='block_1_52' title="bbox 1972 2210 3552 2295">
    <p class='ocr_par' dir='ltr' id='par_1_52' title="bbox 1972 2210 3552 2295">
     <span class='ocr_line' id='line_1_52' title="bbox 1972 2210 3552 2295; baseline 0.009 -30"><span class='ocrx_word' id='word_1_351' title='bbox 1972 2210 2231 2268; x_wconf 76' lang='lat' dir='ltr'><strong><em>silvarum</em></strong></span> <span class='ocrx_word' id='word_1_352' title='bbox 2263 2215 2444 2270; x_wconf 88' lang='lat' dir='ltr'><strong><em>abdita</em></strong></span> <span class='ocrx_word' id='word_1_353' title='bbox 2485 2215 2799 2286; x_wconf 86' lang='lat' dir='ltr'><strong><em>rimaretur,</em></strong></span> <span class='ocrx_word' id='word_1_354' title='bbox 2830 2219 3278 2289; x_wconf 79' lang='lat' dir='ltr'><strong><em>deprehenderat,</em></strong></span> <span class='ocrx_word' id='word_1_355' title='bbox 3306 2222 3552 2295; x_wconf 86' lang='lat' dir='ltr'><strong><em>undique</em></strong></span> 
     </span>
    </p>
   </div>
   <div class='ocr_carea' id='block_1_53' title="bbox 1971 2300 3549 2384">
    <p class='ocr_par' dir='ltr' id='par_1_53' title="bbox 1971 2300 3549 2384">
     <span class='ocr_line' id='line_1_53' title="bbox 1971 2300 3549 2384; baseline 0.01 -27"><span class='ocrx_word' id='word_1_356' title='bbox 1971 2304 2489 2377; x_wconf 85' lang='lat' dir='ltr'><strong><em>circumspectantes</em></strong></span> <span class='ocrx_word' id='word_1_357' title='bbox 2511 2310 2771 2380; x_wconf 77' lang='lat' dir='ltr'><strong><em>gladium,</em></strong></span> <span class='ocrx_word' id='word_1_358' title='bbox 2799 2318 2854 2365; x_wconf 89' lang='lat' dir='ltr'><strong><em>et</em></strong></span> <span class='ocrx_word' id='word_1_359' title='bbox 2880 2311 2946 2366; x_wconf 81' lang='lat' dir='ltr'><strong><em>ad</em></strong></span> <span class='ocrx_word' id='word_1_360' title='bbox 2985 2300 3284 2383; x_wconf 85' lang='lat' dir='ltr'><strong><em>quemlibet</em></strong></span> <span class='ocrx_word' id='word_1_361' title='bbox 3308 2321 3549 2384; x_wconf 80' lang='lat' dir='ltr'><strong><em>perstre-</em></strong></span> 
     </span>
    </p>
   </div>
   <div class='ocr_carea' id='block_1_54' title="bbox 1970 2396 3550 2477">
    <p class='ocr_par' dir='ltr' id='par_1_54' title="bbox 1970 2396 3550 2477">
     <span class='ocr_line' id='line_1_54' title="bbox 1970 2396 3550 2477; baseline 0.008 -28"><span class='ocrx_word' id='word_1_362' title='bbox 1970 2396 2149 2467; x_wconf 87' lang='lat' dir='ltr'><strong><em>pentis</em></strong></span> <span class='ocrx_word' id='word_1_363' title='bbox 2179 2413 2326 2455; x_wconf 76' lang='lat' dir='ltr'><strong><em>aura:</em></strong></span> <span class='ocrx_word' id='word_1_364' title='bbox 2368 2400 2608 2456; x_wconf 87' lang='lat' dir='ltr'><strong><em>sonitum</em></strong></span> <span class='ocrx_word' id='word_1_365' title='bbox 2644 2401 2903 2458; x_wconf 86' lang='lat' dir='ltr'><strong><em>incursus</em></strong></span> <span class='ocrx_word' id='word_1_366' title='bbox 2932 2402 3171 2458; x_wconf 87' lang='lat' dir='ltr'><strong><em>hostium</em></strong></span> <span class='ocrx_word' id='word_1_367' title='bbox 3208 2402 3435 2475; x_wconf 86' lang='lat' dir='ltr'><strong><em>jamque</em></strong></span> <span class='ocrx_word' id='word_1_368' title='bbox 3452 2405 3550 2477; x_wconf 86' lang='lat' dir='ltr'><strong><em>ju-</em></strong></span> 
     </span>
    </p>
   </div>
   <div class='ocr_carea' id='block_1_55' title="bbox 1971 2490 3550 2565">
    <p class='ocr_par' dir='ltr' id='par_1_55' title="bbox 1971 2490 3550 2565">
     <span class='ocr_line' id='line_1_55' title="bbox 1971 2490 3550 2565; baseline 0.006 -22"><span class='ocrx_word' id='word_1_369' title='bbox 1971 2491 2100 2558; x_wconf 85' lang='lat' dir='ltr'><strong><em>gulo</em></strong></span> <span class='ocrx_word' id='word_1_370' title='bbox 2153 2490 2558 2548; x_wconf 87' lang='lat' dir='ltr'><strong><em>incumbentem</em></strong></span> <span class='ocrx_word' id='word_1_371' title='bbox 2595 2492 2875 2549; x_wconf 87' lang='lat' dir='ltr'><strong><em>interitum</em></strong></span> <span class='ocrx_word' id='word_1_372' title='bbox 2923 2493 3296 2551; x_wconf 79' lang='lat' dir='ltr'><strong><em>formidantes.</em></strong></span> <span class='ocrx_word' id='word_1_373' title='bbox 3342 2493 3550 2565; x_wconf 77' lang='lat' dir='ltr'><strong><em>Quarto</em></strong></span> 
     </span>
    </p>
   </div>
   <div class='ocr_carea' id='block_1_56' title="bbox 1970 2579 3550 2657">
    <p class='ocr_par' dir='ltr' id='par_1_56' title="bbox 1970 2579 3550 2657">
     <span class='ocr_line' id='line_1_56' title="bbox 1970 2579 3550 2657; baseline 0.008 -23"><span class='ocrx_word' id='word_1_374' title='bbox 1970 2579 2057 2635; x_wconf 90' lang='lat' dir='ltr'><strong><em>die</em></strong></span> <span class='ocrx_word' id='word_1_375' title='bbox 2084 2580 2242 2653; x_wconf 78' lang='lat' dir='ltr'><strong><em>(Aug.</em></strong></span> <span class='ocrx_word' id='word_1_376' title='bbox 2268 2583 2356 2655; x_wconf 73' lang='grc'><strong><em>12)</em></strong></span> <span class='ocrx_word' id='word_1_377' title='bbox 2387 2584 2585 2652; x_wconf 87' lang='lat' dir='ltr'><strong><em>inedia,</em></strong></span> <span class='ocrx_word' id='word_1_378' title='bbox 2615 2585 2816 2657; x_wconf 79' lang='lat' dir='ltr'><strong><em>vigiliis</em></strong></span> <span class='ocrx_word' id='word_1_379' title='bbox 2838 2589 2911 2641; x_wconf 82' lang='lat' dir='ltr'><strong><em>ac</em></strong></span> <span class='ocrx_word' id='word_1_380' title='bbox 2935 2585 3083 2656; x_wconf 84' lang='lat' dir='ltr'><strong><em>longi</em></strong></span> <span class='ocrx_word' id='word_1_381' title='bbox 3116 2586 3326 2643; x_wconf 82' lang='lat' dir='ltr'><strong><em>itineris</em></strong></span> <span class='ocrx_word' id='word_1_382' title='bbox 3359 2588 3550 2647; x_wconf 84' lang='lat' dir='ltr'><strong><em>labore</em></strong></span> 
     </span>
    </p>
   </div>
   <div class='ocr_carea' id='block_1_57' title="bbox 1970 2666 3556 2745">
    <p class='ocr_par' dir='ltr' id='par_1_57' title="bbox 1970 2666 3556 2745">
     <span class='ocr_line' id='line_1_57' title="bbox 1970 2666 3556 2745; baseline 0.006 -18"><span class='ocrx_word' id='word_1_383' title='bbox 1970 2686 2147 2743; x_wconf 88' lang='lat' dir='ltr'><strong><em>usque</em></strong></span> <span class='ocrx_word' id='word_1_384' title='bbox 2184 2673 2254 2729; x_wconf 87' lang='lat' dir='ltr'><strong><em>ad</em></strong></span> <span class='ocrx_word' id='word_1_385' title='bbox 2295 2666 2596 2732; x_wconf 83' lang='lat' dir='ltr'><strong><em>extremam</em></strong></span> <span class='ocrx_word' id='word_1_386' title='bbox 2641 2676 3017 2733; x_wconf 84' lang='lat' dir='ltr'><strong><em>lassitudinem</em></strong></span> <span class='ocrx_word' id='word_1_387' title='bbox 3058 2676 3312 2745; x_wconf 82' lang='lat' dir='ltr'><strong><em>confecti,</em></strong></span> <span class='ocrx_word' id='word_1_388' title='bbox 3353 2676 3556 2736; x_wconf 86' lang='lat' dir='ltr'><strong><em>Esche—</em></strong></span> 
     </span>
    </p>
   </div>
   <div class='ocr_carea' id='block_1_58' title="bbox 1970 2765 3547 2841">
    <p class='ocr_par' dir='ltr' id='par_1_58' title="bbox 1970 2765 3547 2841">
     <span class='ocr_line' id='line_1_58' title="bbox 1970 2765 3547 2841; baseline 0.007 -25"><span class='ocrx_word' id='word_1_389' title='bbox 1970 2778 2188 2835; x_wconf 86' lang='lat' dir='ltr'><strong><em>newege</em></strong></span> <span class='ocrx_word' id='word_1_390' title='bbox 2217 2765 2285 2797; x_wconf 68' lang='grc' dir='ltr'><strong><em>η’</em></strong></span> <span class='ocrx_word' id='word_1_391' title='bbox 2317 2777 2701 2837; x_wconf 86' lang='lat' dir='ltr'><strong><em>pervenerunt.</em></strong></span> <span class='ocrx_word' id='word_1_392' title='bbox 2732 2765 2836 2823; x_wconf 85' lang='lat' dir='ltr'><strong><em>Ubi</em></strong></span> <span class='ocrx_word' id='word_1_393' title='bbox 2862 2768 2988 2824; x_wconf 88' lang='lat' dir='ltr'><strong><em>cibo</em></strong></span> <span class='ocrx_word' id='word_1_394' title='bbox 3014 2784 3321 2841; x_wconf 84' lang='lat' dir='ltr'><strong><em>somnoque</em></strong></span> <span class='ocrx_word' id='word_1_395' title='bbox 3346 2771 3547 2841; x_wconf 87' lang='lat' dir='ltr'><strong><em>paulu-</em></strong></span> 
     </span>
    </p>
   </div>
   <div class='ocr_carea' id='block_1_59' title="bbox 1971 2852 3550 2929">
    <p class='ocr_par' dir='ltr' id='par_1_59' title="bbox 1971 2852 3550 2929">
     <span class='ocr_line' id='line_1_59' title="bbox 1971 2852 3550 2929; baseline 0.006 -22"><span class='ocrx_word' id='word_1_396' title='bbox 1971 2852 2082 2909; x_wconf 90' lang='lat' dir='ltr'><strong><em>lum</em></strong></span> <span class='ocrx_word' id='word_1_397' title='bbox 2136 2858 2385 2925; x_wconf 84' lang='lat' dir='ltr'><strong><em>recreati,</em></strong></span> <span class='ocrx_word' id='word_1_398' title='bbox 2444 2868 2667 2929; x_wconf 89' lang='lat' dir='ltr'><strong><em>postero</em></strong></span> <span class='ocrx_word' id='word_1_399' title='bbox 2723 2859 2832 2926; x_wconf 86' lang='lat' dir='ltr'><strong><em>die,</em></strong></span> <span class='ocrx_word' id='word_1_400' title='bbox 2873 2860 2929 2915; x_wconf 91' lang='lat' dir='ltr'><strong><em>id</em></strong></span> <span class='ocrx_word' id='word_1_401' title='bbox 2977 2869 3063 2916; x_wconf 91' lang='lat' dir='ltr'><strong><em>est</em></strong></span> <span class='ocrx_word' id='word_1_402' title='bbox 3104 2861 3172 2893; x_wconf 80' lang='grc'><strong><em>⁸⁸⁸</em></strong></span> <span class='ocrx_word' id='word_1_403' title='bbox 3202 2860 3385 2917; x_wconf 85' lang='lat' dir='ltr'><strong><em>Idibus</em></strong></span> <span class='ocrx_word' id='word_1_404' title='bbox 3432 2861 3550 2917; x_wconf 80' lang='lat' dir='ltr'><strong><em>Au-</em></strong></span> 
     </span>
    </p>
   </div>
   <div class='ocr_carea' id='block_1_60' title="bbox 1971 2947 3553 3023">
    <p class='ocr_par' dir='ltr' id='par_1_60' title="bbox 1971 2947 3553 3023">
     <span class='ocr_line' id='line_1_60' title="bbox 1971 2947 3553 3023; baseline 0.004 -22"><span class='ocrx_word' id='word_1_405' title='bbox 1971 2947 2114 3018; x_wconf 85' lang='lat' dir='ltr'><strong><em>gusti</em></strong></span> <span class='ocrx_word' id='word_1_406' title='bbox 2145 2948 2291 3022; x_wconf 73' lang='grc'>(512)</span> <span class='ocrx_word' id='word_1_407' title='bbox 2324 2949 2481 3021; x_wconf 79' lang='lat' dir='ltr'><strong><em>(Aug.</em></strong></span> <span class='ocrx_word' id='word_1_408' title='bbox 2540 2951 2649 3022; x_wconf 78' lang='grc'><strong><em>15),</em></strong></span> <span class='ocrx_word' id='word_1_409' title='bbox 2700 2966 2826 3006; x_wconf 87' lang='lat' dir='ltr'><strong><em>cum</em></strong></span> <span class='ocrx_word' id='word_1_410' title='bbox 2867 2951 2983 3022; x_wconf 84' lang='lat' dir='ltr'><strong><em>jam</em></strong></span> <span class='ocrx_word' id='word_1_411' title='bbox 3027 2952 3184 3008; x_wconf 87' lang='lat' dir='ltr'><strong><em>miles</em></strong></span> <span class='ocrx_word' id='word_1_412' title='bbox 3212 2951 3553 3023; x_wconf 77' lang='lat' dir='ltr'><strong><em>frequentior</em></strong></span> 
     </span>
    </p>
   </div>
   <div class='ocr_carea' id='block_1_61' title="bbox 1972 3038 3553 3114">
    <p class='ocr_par' dir='ltr' id='par_1_61' title="bbox 1972 3038 3553 3114">
     <span class='ocr_line' id='line_1_61' title="bbox 1972 3038 3553 3114; baseline 0.006 -22"><span class='ocrx_word' id='word_1_413' title='bbox 1972 3038 2038 3093; x_wconf 86' lang='lat' dir='ltr'><strong><em>ad</em></strong></span> <span class='ocrx_word' id='word_1_414' title='bbox 2072 3055 2254 3111; x_wconf 85' lang='lat' dir='ltr'><strong><em>regem</em></strong></span> <span class='ocrx_word' id='word_1_415' title='bbox 2282 3042 2556 3098; x_wconf 83' lang='lat' dir='ltr'><strong><em>conﬂuere</em></strong></span> <span class='ocrx_word' id='word_1_416' title='bbox 2583 3043 2856 3114; x_wconf 78' lang='lat' dir='ltr'><strong><em>coepisset,</em></strong></span> <span class='ocrx_word' id='word_1_417' title='bbox 2886 3041 3226 3100; x_wconf 74' lang='lat' dir='ltr'><strong><em>Helveldiam</em></strong></span> <span class='ocrx_word' id='word_1_418' title='bbox 3264 3044 3553 3102; x_wconf 81' lang='lat' dir='ltr'><strong><em>contende-</em></strong></span> 
     </span>
    </p>
   </div>
   <div class='ocr_carea' id='block_1_62' title="bbox 291 3131 3550 3208">
    <p class='ocr_par' dir='ltr' id='par_1_62' title="bbox 291 3131 3550 3208">
     <span class='ocr_line' id='line_1_62' title="bbox 291 3131 3550 3208; baseline 0.004 -16"><span class='ocrx_word' id='word_1_419' title='bbox 291 3152 415 3193; x_wconf 88' lang='lat' dir='ltr'><strong><em>esse</em></strong></span> <span class='ocrx_word' id='word_1_420' title='bbox 442 3146 655 3208; x_wconf 86' lang='lat' dir='ltr'><strong><em>poterat</em></strong></span> <span class='ocrx_word' id='word_1_421' title='bbox 685 3139 752 3194; x_wconf 90' lang='lat' dir='ltr'><strong><em>de</em></strong></span> <span class='ocrx_word' id='word_1_422' title='bbox 793 3140 1036 3207; x_wconf 86' lang='lat' dir='ltr'><strong><em>castello,</em></strong></span> <span class='ocrx_word' id='word_1_423' title='bbox 1076 3140 1335 3195; x_wconf 88' lang='lat' dir='ltr'><strong><em>adhibitis</em></strong></span> <span class='ocrx_word' id='word_1_424' title='bbox 1389 3140 1729 3208; x_wconf 83' lang='lat' dir='ltr'><strong><em>custodibus,</em></strong></span> <span class='ocrx_word' id='word_1_425' title='bbox 1770 3142 1870 3196; x_wconf 78' lang='grc' dir='ltr'><strong><em>οὶ)-</em></strong></span> <span class='ocrx_word' id='word_1_426' title='bbox 1899 3144 1939 3203; x_wconf 86' lang='lat' dir='ltr'><strong><em>c</em></strong></span> <span class='ocrx_word' id='word_1_427' title='bbox 1973 3139 2119 3187; x_wconf 72' lang='lat' dir='ltr'><strong><em>runt.</em></strong></span> <span class='ocrx_word' id='word_1_428' title='bbox 2153 3131 2362 3199; x_wconf 77' lang='lat' dir='ltr'><strong><em>Quator</em></strong></span> <span class='ocrx_word' id='word_1_429' title='bbox 2394 3135 2650 3205; x_wconf 78' lang='lat' dir='ltr'><strong><em>deinceps</em></strong></span> <span class='ocrx_word' id='word_1_430' title='bbox 2693 3136 2887 3192; x_wconf 82' lang='lat' dir='ltr'><strong><em>diebus</em></strong></span> <span class='ocrx_word' id='word_1_431' title='bbox 2935 3136 3137 3192; x_wconf 79' lang='lat' dir='ltr'><strong><em>ibidem</em></strong></span> <span class='ocrx_word' id='word_1_432' title='bbox 3173 3144 3550 3194; x_wconf 75' lang='lat' dir='ltr'><strong><em>commoratus</em></strong></span> 
     </span>
    </p>
   </div>
   <div class='ocr_carea' id='block_1_63' title="bbox 293 3231 1869 3302">
    <p class='ocr_par' dir='ltr' id='par_1_63' title="bbox 293 3231 1869 3302">
     <span class='ocr_line' id='line_1_63' title="bbox 293 3231 1869 3302; baseline 0.003 -17"><span class='ocrx_word' id='word_1_433' title='bbox 293 3233 500 3287; x_wconf 82' lang='lat' dir='ltr'><strong><em>servari</em></strong></span> <span class='ocrx_word' id='word_1_434' title='bbox 555 3239 884 3299; x_wconf 88' lang='lat' dir='ltr'><strong><em>statuerunt,</em></strong></span> <span class='ocrx_word' id='word_1_435' title='bbox 925 3247 1141 3289; x_wconf 89' lang='lat' dir='ltr'><strong><em>summa</em></strong></span> <span class='ocrx_word' id='word_1_436' title='bbox 1188 3247 1290 3302; x_wconf 89' lang='lat' dir='ltr'><strong><em>ope</em></strong></span> <span class='ocrx_word' id='word_1_437' title='bbox 1353 3231 1407 3287; x_wconf 89' lang='lat' dir='ltr'><strong><em>id</em></strong></span> <span class='ocrx_word' id='word_1_438' title='bbox 1455 3234 1869 3302; x_wconf 66' lang='lat' dir='ltr'><strong><em>praecavendum</em></strong></span> 
     </span>
    </p>
   </div>
   <div class='ocr_carea' id='block_1_64' title="bbox 290 3322 1872 3395">
    <p class='ocr_par' dir='ltr' id='par_1_64' title="bbox 290 3322 1872 3395">
     <span class='ocr_line' id='line_1_64' title="bbox 290 3322 1872 3395; baseline 0.003 -18"><span class='ocrx_word' id='word_1_439' title='bbox 290 3323 645 3391; x_wconf 75' lang='lat' dir='ltr'><strong><em>testimantes,</em></strong></span> <span class='ocrx_word' id='word_1_440' title='bbox 672 3339 742 3379; x_wconf 90' lang='lat' dir='ltr'><strong><em>ne</em></strong></span> <span class='ocrx_word' id='word_1_441' title='bbox 775 3324 845 3356; x_wconf 76' lang='grc'><strong><em>³⁷⁷</em></strong></span> <span class='ocrx_word' id='word_1_442' title='bbox 883 3339 993 3394; x_wconf 86' lang='lat' dir='ltr'><strong><em>qua</em></strong></span> <span class='ocrx_word' id='word_1_443' title='bbox 1036 3323 1088 3378; x_wconf 90' lang='lat' dir='ltr'><strong><em>ei</em></strong></span> <span class='ocrx_word' id='word_1_444' title='bbox 1120 3324 1277 3393; x_wconf 88' lang='lat' dir='ltr'><strong><em>copia</em></strong></span> <span class='ocrx_word' id='word_1_445' title='bbox 1314 3322 1468 3379; x_wconf 79' lang='lat' dir='ltr'><strong><em>ﬁeret</em></strong></span> <span class='ocrx_word' id='word_1_446' title='bbox 1489 3323 1780 3395; x_wconf 80' lang='lat' dir='ltr'><strong><em>ell‘ugiendi</em></strong></span> <span class='ocrx_word' id='word_1_447' title='bbox 1817 3335 1872 3381; x_wconf 90' lang='lat' dir='ltr'><strong><em>et</em></strong></span> 
     </span>
    </p>
   </div>
   <div class='ocr_carea' id='block_1_65' title="bbox 293 3414 1868 3489">
    <p class='ocr_par' dir='ltr' id='par_1_65' title="bbox 293 3414 1868 3489">
     <span class='ocr_line' id='line_1_65' title="bbox 293 3414 1868 3489; baseline 0.002 -20"><span class='ocrx_word' id='word_1_448' title='bbox 293 3414 349 3469; x_wconf 86' lang='lat' dir='ltr'><strong><em>in</em></strong></span> <span class='ocrx_word' id='word_1_449' title='bbox 374 3416 508 3471; x_wconf 86' lang='lat' dir='ltr'><strong><em>alias</em></strong></span> <span class='ocrx_word' id='word_1_450' title='bbox 551 3415 706 3487; x_wconf 88' lang='lat' dir='ltr'><strong><em>regni</em></strong></span> <span class='ocrx_word' id='word_1_451' title='bbox 739 3423 923 3486; x_wconf 81' lang='lat' dir='ltr'><strong><em>partes</em></strong></span> <span class='ocrx_word' id='word_1_452' title='bbox 964 3415 1167 3470; x_wconf 90' lang='lat' dir='ltr'><strong><em>bellum</em></strong></span> <span class='ocrx_word' id='word_1_453' title='bbox 1200 3414 1581 3471; x_wconf 85' lang='lat' dir='ltr'><strong><em>transferendi.</em></strong></span> <span class='ocrx_word' id='word_1_454' title='bbox 1622 3414 1690 3470; x_wconf 85' lang='lat' dir='ltr'><strong><em>Et</em></strong></span> <span class='ocrx_word' id='word_1_455' title='bbox 1738 3432 1868 3489; x_wconf 79' lang='lat' dir='ltr'><strong><em>pro-</em></strong></span> 
     </span>
    </p>
   </div>
   <div class='ocr_carea' id='block_1_66' title="bbox 292 3504 1870 3581">
    <p class='ocr_par' dir='ltr' id='par_1_66' title="bbox 292 3504 1870 3581">
     <span class='ocr_line' id='line_1_66' title="bbox 292 3504 1870 3581; baseline 0.004 -21"><span class='ocrx_word' id='word_1_456' title='bbox 292 3504 457 3574; x_wconf 87' lang='lat' dir='ltr'><strong><em>fecto,</em></strong></span> <span class='ocrx_word' id='word_1_457' title='bbox 495 3508 543 3564; x_wconf 89' lang='lat' dir='ltr'><strong><em>si</em></strong></span> <span class='ocrx_word' id='word_1_458' title='bbox 570 3507 625 3563; x_wconf 84' lang='lat' dir='ltr'><strong><em>id</em></strong></span> <span class='ocrx_word' id='word_1_459' title='bbox 661 3508 764 3563; x_wconf 89' lang='lat' dir='ltr'><strong><em>rite</em></strong></span> <span class='ocrx_word' id='word_1_460' title='bbox 791 3512 1099 3575; x_wconf 86' lang='lat' dir='ltr'><strong><em>curassent,</em></strong></span> <span class='ocrx_word' id='word_1_461' title='bbox 1132 3507 1280 3563; x_wconf 88' lang='lat' dir='ltr'><strong><em>facili</em></strong></span> <span class='ocrx_word' id='word_1_462' title='bbox 1301 3508 1584 3578; x_wconf 87' lang='lat' dir='ltr'><strong><em>dispendio</em></strong></span> <span class='ocrx_word' id='word_1_463' title='bbox 1606 3515 1661 3564; x_wconf 89' lang='lat' dir='ltr'><strong><em>et</em></strong></span> <span class='ocrx_word' id='word_1_464' title='bbox 1680 3510 1870 3581; x_wconf 88' lang='lat' dir='ltr'><strong><em>paucis</em></strong></span> 
     </span>
    </p>
   </div>
   <div class='ocr_carea' id='block_1_67' title="bbox 293 3598 1870 3672">
    <p class='ocr_par' dir='ltr' id='par_1_67' title="bbox 293 3598 1870 3672">
     <span class='ocr_line' id='line_1_67' title="bbox 293 3598 1870 3672; baseline 0.003 -19"><span class='ocrx_word' id='word_1_465' title='bbox 293 3598 587 3655; x_wconf 85' lang='lat' dir='ltr'><strong><em>admodum</em></strong></span> <span class='ocrx_word' id='word_1_466' title='bbox 615 3600 807 3656; x_wconf 88' lang='lat' dir='ltr'><strong><em>diebus</em></strong></span> <span class='ocrx_word' id='word_1_467' title='bbox 835 3614 924 3656; x_wconf 86' lang='lat' dir='ltr'><strong><em>res</em></strong></span> <span class='ocrx_word' id='word_1_468' title='bbox 952 3598 1332 3667; x_wconf 83' lang='lat' dir='ltr'><strong><em>conﬁceretur,</em></strong></span> <span class='ocrx_word' id='word_1_469' title='bbox 1362 3616 1486 3671; x_wconf 77' lang='lat' dir='ltr'><strong><em>quae</em></strong></span> <span class='ocrx_word' id='word_1_470' title='bbox 1520 3603 1870 3672; x_wconf 87' lang='lat' dir='ltr'><strong><em>postmodum</em></strong></span> 
     </span>
    </p>
   </div>
   <div class='ocr_carea' id='block_1_68' title="bbox 292 3692 1871 3763">
    <p class='ocr_par' dir='ltr' id='par_1_68' title="bbox 292 3692 1871 3763">
     <span class='ocr_line' id='line_1_68' title="bbox 292 3692 1871 3763; baseline 0.004 -18"><span class='ocrx_word' id='word_1_471' title='bbox 292 3697 446 3747; x_wconf 87' lang='lat' dir='ltr'><strong><em>tanto</em></strong></span> <span class='ocrx_word' id='word_1_472' title='bbox 466 3698 707 3762; x_wconf 88' lang='lat' dir='ltr'><strong><em>tempore</em></strong></span> <span class='ocrx_word' id='word_1_473' title='bbox 748 3698 942 3759; x_wconf 87' lang='lat' dir='ltr'><strong><em>tracta,</em></strong></span> <span class='ocrx_word' id='word_1_474' title='bbox 975 3692 1031 3746; x_wconf 91' lang='lat' dir='ltr'><strong><em>in</em></strong></span> <span class='ocrx_word' id='word_1_475' title='bbox 1072 3700 1375 3747; x_wconf 86' lang='lat' dir='ltr'><strong><em>extremum</em></strong></span> <span class='ocrx_word' id='word_1_476' title='bbox 1416 3709 1551 3763; x_wconf 90' lang='lat' dir='ltr'><strong><em>pene</em></strong></span> <span class='ocrx_word' id='word_1_477' title='bbox 1577 3694 1871 3751; x_wconf 87' lang='lat' dir='ltr'><strong><em>discrimen</em></strong></span> 
     </span>
    </p>
   </div>
   <div class='ocr_carea' id='block_1_69' title="bbox 292 3782 1872 3857">
    <p class='ocr_par' dir='ltr' id='par_1_69' title="bbox 292 3782 1872 3857">
     <span class='ocr_line' id='line_1_69' title="bbox 292 3782 1872 3857; baseline 0.003 -18"><span class='ocrx_word' id='word_1_478' title='bbox 292 3789 522 3839; x_wconf 79' lang='lat' dir='ltr'><strong><em>cunctas</em></strong></span> <span class='ocrx_word' id='word_1_479' title='bbox 576 3784 732 3855; x_wconf 86' lang='lat' dir='ltr'><strong><em>regni</em></strong></span> <span class='ocrx_word' id='word_1_480' title='bbox 787 3783 1097 3855; x_wconf 87' lang='lat' dir='ltr'><strong><em>provincias</em></strong></span> <span class='ocrx_word' id='word_1_481' title='bbox 1161 3792 1475 3839; x_wconf 79' lang='lat' dir='ltr'><strong><em>attraxerat.</em></strong></span> <span class='ocrx_word' id='word_1_482' title='bbox 1536 3782 1721 3857; x_wconf 88' lang='lat' dir='ltr'><strong><em>Neque</em></strong></span> <span class='ocrx_word' id='word_1_483' title='bbox 1766 3788 1872 3844; x_wconf 90' lang='lat' dir='ltr'><strong><em>hoc</em></strong></span> 
     </span>
    </p>
   </div>
   <div class='ocr_carea' id='block_1_70' title="bbox 294 3875 1873 3947">
    <p class='ocr_par' dir='ltr' id='par_1_70' title="bbox 294 3875 1873 3947">
     <span class='ocr_line' id='line_1_70' title="bbox 294 3875 1873 3947; baseline 0.003 -16"><span class='ocrx_word' id='word_1_484' title='bbox 294 3875 474 3946; x_wconf 87' lang='lat' dir='ltr'><strong><em>ipsum</em></strong></span> <span class='ocrx_word' id='word_1_485' title='bbox 504 3891 687 3947; x_wconf 82' lang='lat' dir='ltr'><strong><em>regem</em></strong></span> <span class='ocrx_word' id='word_1_486' title='bbox 734 3876 956 3931; x_wconf 84' lang='lat' dir='ltr'><strong><em>latebat.</em></strong></span> <span class='ocrx_word' id='word_1_487' title='bbox 984 3875 1191 3944; x_wconf 79' lang='lat' dir='ltr'><strong><em>Idcirco</em></strong></span> <span class='ocrx_word' id='word_1_488' title='bbox 1228 3878 1405 3933; x_wconf 89' lang='lat' dir='ltr'><strong><em>modis</em></strong></span> <span class='ocrx_word' id='word_1_489' title='bbox 1426 3879 1681 3934; x_wconf 90' lang='lat' dir='ltr'><strong><em>omnibus</em></strong></span> <span class='ocrx_word' id='word_1_490' title='bbox 1701 3880 1873 3935; x_wconf 90' lang='lat' dir='ltr'><strong><em>inten-</em></strong></span> 
     </span>
    </p>
   </div>
   <div class='ocr_carea' id='block_1_71' title="bbox 294 3967 1867 4042">
    <p class='ocr_par' dir='ltr' id='par_1_71' title="bbox 294 3967 1867 4042">
     <span class='ocr_line' id='line_1_71' title="bbox 294 3967 1867 4042; baseline 0.001 -19"><span class='ocrx_word' id='word_1_491' title='bbox 294 3976 386 4024; x_wconf 87' lang='lat' dir='ltr'><strong><em>tus</em></strong></span> <span class='ocrx_word' id='word_1_492' title='bbox 417 3969 609 4040; x_wconf 86' lang='lat' dir='ltr'><strong><em>agebat</em></strong></span> <span class='ocrx_word' id='word_1_493' title='bbox 642 3967 867 4038; x_wconf 77' lang='lat' dir='ltr'><strong><em>qualiter</em></strong></span> <span class='ocrx_word' id='word_1_494' title='bbox 918 3968 1166 4029; x_wconf 84' lang='lat' dir='ltr'><strong><em>hostium</em></strong></span> <span class='ocrx_word' id='word_1_495' title='bbox 1218 3970 1498 4026; x_wconf 84' lang='lat' dir='ltr'><strong><em>custodias</em></strong></span> <span class='ocrx_word' id='word_1_496' title='bbox 1535 3970 1741 4027; x_wconf 88' lang='lat' dir='ltr'><strong><em>falleret</em></strong></span> <span class='ocrx_word' id='word_1_497' title='bbox 1776 3973 1867 4042; x_wconf 74' lang='grc'><strong><em>⁵⁷⁸,</em></strong></span> 
     </span>
    </p>
   </div>
   <div class='ocr_carea' id='block_1_72' title="bbox 293 4058 1868 4133">
    <p class='ocr_par' dir='ltr' id='par_1_72' title="bbox 293 4058 1868 4133">
     <span class='ocr_line' id='line_1_72' title="bbox 293 4058 1868 4133; baseline 0.003 -18"><span class='ocrx_word' id='word_1_498' title='bbox 293 4066 351 4115; x_wconf 88' lang='lat' dir='ltr'><strong><em>et</em></strong></span> <span class='ocrx_word' id='word_1_499' title='bbox 376 4061 444 4116; x_wconf 89' lang='lat' dir='ltr'><strong><em>de</em></strong></span> <span class='ocrx_word' id='word_1_500' title='bbox 464 4060 730 4132; x_wconf 87' lang='lat' dir='ltr'><strong><em>angustiis</em></strong></span> <span class='ocrx_word' id='word_1_501' title='bbox 757 4058 1009 4116; x_wconf 67' lang='lat' dir='ltr'><strong><em>Saxonis:</em></strong></span> <span class='ocrx_word' id='word_1_502' title='bbox 1046 4061 1101 4115; x_wconf 89' lang='lat' dir='ltr'><strong><em>in</em></strong></span> <span class='ocrx_word' id='word_1_503' title='bbox 1140 4062 1460 4116; x_wconf 88' lang='lat' dir='ltr'><strong><em>latissimam</em></strong></span> <span class='ocrx_word' id='word_1_504' title='bbox 1492 4064 1642 4133; x_wconf 84' lang='lat' dir='ltr'><strong><em>regni</em></strong></span> <span class='ocrx_word' id='word_1_505' title='bbox 1686 4080 1868 4120; x_wconf 89' lang='lat' dir='ltr'><strong><em>aream</em></strong></span> 
     </span>
    </p>
   </div>
   <div class='ocr_carea' id='block_1_73' title="bbox 297 4147 1867 4226">
    <p class='ocr_par' dir='ltr' id='par_1_73' title="bbox 297 4147 1867 4226">
     <span class='ocr_line' id='line_1_73' title="bbox 297 4147 1867 4226; baseline 0.002 -18"><span class='ocrx_word' id='word_1_506' title='bbox 297 4152 499 4208; x_wconf 86' lang='lat' dir='ltr'><strong><em>bellum</em></strong></span> <span class='ocrx_word' id='word_1_507' title='bbox 539 4147 836 4223; x_wconf 43' lang='lat' dir='ltr'><strong><em>t’rajiceret,</em></strong></span> <span class='ocrx_word' id='word_1_508' title='bbox 863 4151 1209 4225; x_wconf 78' lang='lat' dir='ltr'><strong><em>maximeque</em></strong></span> <span class='ocrx_word' id='word_1_509' title='bbox 1254 4153 1321 4207; x_wconf 85' lang='lat' dir='ltr'><strong><em>ad</em></strong></span> <span class='ocrx_word' id='word_1_510' title='bbox 1373 4154 1660 4226; x_wconf 88' lang='lat' dir='ltr'><strong><em>episcopos</em></strong></span> <span class='ocrx_word' id='word_1_511' title='bbox 1708 4154 1867 4225; x_wconf 84' lang='lat' dir='ltr'><strong><em>Reni,</em></strong></span> 
     </span>
    </p>
   </div>
   <div class='ocr_carea' id='block_1_74' title="bbox 295 4242 1868 4318">
    <p class='ocr_par' dir='ltr' id='par_1_74' title="bbox 295 4242 1868 4318">
     <span class='ocr_line' id='line_1_74' title="bbox 295 4242 1868 4318; baseline 0.003 -19"><span class='ocrx_word' id='word_1_512' title='bbox 295 4259 440 4317; x_wconf 84' lang='lat' dir='ltr'><strong><em>quos</em></strong></span> <span class='ocrx_word' id='word_1_513' title='bbox 459 4244 563 4300; x_wconf 88' lang='lat' dir='ltr'><strong><em>sibi</em></strong></span> <span class='ocrx_word' id='word_1_514' title='bbox 592 4245 664 4300; x_wconf 91' lang='lat' dir='ltr'><strong><em>ob</em></strong></span> <span class='ocrx_word' id='word_1_515' title='bbox 698 4244 887 4300; x_wconf 88' lang='lat' dir='ltr'><strong><em>crebra</em></strong></span> <span class='ocrx_word' id='word_1_516' title='bbox 915 4260 1014 4300; x_wconf 90' lang='lat' dir='ltr'><strong><em>sua</em></strong></span> <span class='ocrx_word' id='word_1_517' title='bbox 1054 4244 1249 4300; x_wconf 86' lang='lat' dir='ltr'><strong><em>merita</em></strong></span> <span class='ocrx_word' id='word_1_518' title='bbox 1292 4242 1431 4301; x_wconf 81' lang='lat' dir='ltr'><strong><em>ﬁdos</em></strong></span> <span class='ocrx_word' id='word_1_519' title='bbox 1470 4244 1769 4318; x_wconf 81' lang='lat' dir='ltr'><strong><em>ﬁrmesque</em></strong></span> <span class='ocrx_word' id='word_1_520' title='bbox 1813 4248 1868 4304; x_wconf 89' lang='lat' dir='ltr'><strong><em>in</em></strong></span> 
     </span>
    </p>
   </div>
   <div class='ocr_carea' id='block_1_75' title="bbox 295 4334 990 4406">
    <p class='ocr_par' dir='ltr' id='par_1_75' title="bbox 295 4334 990 4406">
     <span class='ocr_line' id='line_1_75' title="bbox 295 4334 990 4406; baseline 0 -15"><span class='ocrx_word' id='word_1_521' title='bbox 295 4335 542 4392; x_wconf 80' lang='lat' dir='ltr'><strong><em>adversis</em></strong></span> <span class='ocrx_word' id='word_1_522' title='bbox 575 4334 691 4391; x_wconf 81' lang='lat' dir='ltr'><strong><em>fore</em></strong></span> <span class='ocrx_word' id='word_1_523' title='bbox 718 4336 990 4406; x_wconf 83' lang='lat' dir='ltr'><strong><em>sperabat.</em></strong></span> 
     </span>
    </p>
   </div>
   <div class='ocr_carea' id='block_1_76' title="bbox 294 4425 1868 4495">
    <p class='ocr_par' dir='ltr' id='par_1_76' title="bbox 294 4425 1868 4495">
     <span class='ocr_line' id='line_1_76' title="bbox 294 4425 1868 4495; baseline 0.002 -12"><span class='ocrx_word' id='word_1_524' title='bbox 294 4460 297 4461; x_wconf 53' lang='grc' dir='ltr'><em>ν</em></span> <span class='ocrx_word' id='word_1_525' title='bbox 363 4425 663 4483; x_wconf 83' lang='lat' dir='ltr'><strong><em>Castellum</em></strong></span> <span class='ocrx_word' id='word_1_526' title='bbox 691 4428 746 4482; x_wconf 92' lang='lat' dir='ltr'><strong><em>in</em></strong></span> <span class='ocrx_word' id='word_1_527' title='bbox 784 4427 1052 4483; x_wconf 89' lang='lat' dir='ltr'><strong><em>altissimo</em></strong></span> <span class='ocrx_word' id='word_1_528' title='bbox 1090 4426 1228 4482; x_wconf 89' lang='lat' dir='ltr'><strong><em>colle</em></strong></span> <span class='ocrx_word' id='word_1_529' title='bbox 1282 4427 1448 4482; x_wconf 90' lang='lat' dir='ltr'><strong><em>situm</em></strong></span> <span class='ocrx_word' id='word_1_530' title='bbox 1488 4435 1625 4495; x_wconf 88' lang='lat' dir='ltr'><strong><em>erat,</em></strong></span> <span class='ocrx_word' id='word_1_531' title='bbox 1659 4437 1714 4484; x_wconf 87' lang='lat' dir='ltr'><strong><em>et</em></strong></span> <span class='ocrx_word' id='word_1_532' title='bbox 1756 4445 1868 4486; x_wconf 91' lang='lat' dir='ltr'><strong><em>uno</em></strong></span> 
     </span>
    </p>
   </div>
   <div class='ocr_carea' id='block_1_77' title="bbox 297 4519 1864 4591">
    <p class='ocr_par' dir='ltr' id='par_1_77' title="bbox 297 4519 1864 4591">
     <span class='ocr_line' id='line_1_77' title="bbox 297 4519 1864 4591; baseline 0.001 -15"><span class='ocrx_word' id='word_1_533' title='bbox 297 4525 511 4577; x_wconf 84' lang='lat' dir='ltr'><strong><em>tantum</em></strong></span> <span class='ocrx_word' id='word_1_534' title='bbox 555 4520 749 4575; x_wconf 88' lang='lat' dir='ltr'><strong><em>itinere</em></strong></span> <span class='ocrx_word' id='word_1_535' title='bbox 775 4520 1001 4590; x_wconf 89' lang='lat' dir='ltr'><strong><em>ipsoque</em></strong></span> <span class='ocrx_word' id='word_1_536' title='bbox 1027 4519 1340 4574; x_wconf 75' lang='lat' dir='ltr'><strong><em>difﬁcillimo</em></strong></span> <span class='ocrx_word' id='word_1_537' title='bbox 1366 4519 1438 4552; x_wconf 78' lang='lat'><strong><em>°&quot;</em></strong></span> <span class='ocrx_word' id='word_1_538' title='bbox 1457 4520 1594 4575; x_wconf 89' lang='lat' dir='ltr'><strong><em>adiri</em></strong></span> <span class='ocrx_word' id='word_1_539' title='bbox 1632 4529 1864 4591; x_wconf 87' lang='lat' dir='ltr'><strong><em>poterat.</em></strong></span> 
     </span>
    </p>
   </div>
   <div class='ocr_carea' id='block_1_78' title="bbox 296 4608 1866 4682">
    <p class='ocr_par' dir='ltr' id='par_1_78' title="bbox 296 4608 1866 4682">
     <span class='ocr_line' id='line_1_78' title="bbox 296 4608 1866 4682; baseline -0.001 -12"><span class='ocrx_word' id='word_1_540' title='bbox 296 4608 491 4671; x_wconf 74' lang='lat' dir='ltr'><strong><em>Cetera</em></strong></span> <span class='ocrx_word' id='word_1_541' title='bbox 518 4612 722 4667; x_wconf 88' lang='lat' dir='ltr'><strong><em>montis</em></strong></span> <span class='ocrx_word' id='word_1_542' title='bbox 760 4612 928 4666; x_wconf 89' lang='lat' dir='ltr'><strong><em>latera</em></strong></span> <span class='ocrx_word' id='word_1_543' title='bbox 974 4610 1287 4666; x_wconf 89' lang='lat' dir='ltr'><strong><em>vastissima</em></strong></span> <span class='ocrx_word' id='word_1_544' title='bbox 1326 4610 1462 4665; x_wconf 88' lang='lat' dir='ltr'><strong><em>silva</em></strong></span> <span class='ocrx_word' id='word_1_545' title='bbox 1503 4611 1866 4682; x_wconf 87' lang='lat' dir='ltr'><strong><em>inumbrabat,</em></strong></span> 
     </span>
    </p>
   </div>
   <div class='ocr_carea' id='block_1_79' title="bbox 295 4700 1872 4774">
    <p class='ocr_par' dir='ltr' id='par_1_79' title="bbox 295 4700 1872 4774">
     <span class='ocr_line' id='line_1_79' title="bbox 295 4700 1872 4774; baseline 0.001 -15"><span class='ocrx_word' id='word_1_546' title='bbox 295 4715 423 4772; x_wconf 68' lang='lat' dir='ltr'><strong><em>qua:</em></strong></span> <span class='ocrx_word' id='word_1_547' title='bbox 442 4704 635 4758; x_wconf 83' lang='lat' dir='ltr'><strong><em>exinde</em></strong></span> <span class='ocrx_word' id='word_1_548' title='bbox 653 4718 749 4773; x_wconf 90' lang='lat' dir='ltr'><strong><em>per</em></strong></span> <span class='ocrx_word' id='word_1_549' title='bbox 776 4702 943 4774; x_wconf 83' lang='lat' dir='ltr'><strong><em>multa</em></strong></span> <span class='ocrx_word' id='word_1_550' title='bbox 965 4700 1114 4756; x_wconf 88' lang='lat' dir='ltr'><strong><em>milia</em></strong></span> <span class='ocrx_word' id='word_1_551' title='bbox 1136 4717 1396 4771; x_wconf 89' lang='lat' dir='ltr'><strong><em>passuum</em></strong></span> <span class='ocrx_word' id='word_1_552' title='bbox 1419 4703 1675 4759; x_wconf 88' lang='lat' dir='ltr'><strong><em>continua</em></strong></span> <span class='ocrx_word' id='word_1_553' title='bbox 1709 4707 1872 4762; x_wconf 89' lang='lat' dir='ltr'><strong><em>vasti-</em></strong></span> 
     </span>
    </p>
   </div>
   <div class='ocr_carea' id='block_1_80' title="bbox 300 4793 1871 4863">
    <p class='ocr_par' dir='ltr' id='par_1_80' title="bbox 300 4793 1871 4863">
     <span class='ocr_line' id='line_1_80' title="bbox 300 4793 1871 4863; baseline 0.004 -17"><span class='ocrx_word' id='word_1_554' title='bbox 300 4800 410 4849; x_wconf 87' lang='lat' dir='ltr'><strong><em>tate</em></strong></span> <span class='ocrx_word' id='word_1_555' title='bbox 444 4794 688 4849; x_wconf 86' lang='lat' dir='ltr'><strong><em>inlatum</em></strong></span> <span class='ocrx_word' id='word_1_556' title='bbox 715 4794 1023 4849; x_wconf 81' lang='lat' dir='ltr'><strong><em>extenditur</em></strong></span> <span class='ocrx_word' id='word_1_557' title='bbox 1058 4808 1232 4863; x_wconf 91' lang='lat' dir='ltr'><strong><em>usque</em></strong></span> <span class='ocrx_word' id='word_1_558' title='bbox 1281 4793 1348 4851; x_wconf 86' lang='lat' dir='ltr'><strong><em>ad</em></strong></span> <span class='ocrx_word' id='word_1_559' title='bbox 1384 4793 1679 4850; x_wconf 83' lang='lat' dir='ltr'><strong><em>conﬁnium</em></strong></span> <span class='ocrx_word' id='word_1_560' title='bbox 1721 4793 1871 4853; x_wconf 81' lang='lat' dir='ltr'><strong><em>Thu-</em></strong></span> 
     </span>
    </p>
   </div>
   <div class='ocr_carea' id='block_1_81' title="bbox 1970 3226 3554 3300">
    <p class='ocr_par' dir='ltr' id='par_1_81' title="bbox 1970 3226 3554 3300">
     <span class='ocr_line' id='line_1_81' title="bbox 1970 3226 3554 3300; baseline 0.005 -22"><span class='ocrx_word' id='word_1_561' title='bbox 1970 3232 2076 3292; x_wconf 87' lang='lat' dir='ltr'><strong><em>est,</em></strong></span> <span class='ocrx_word' id='word_1_562' title='bbox 2103 3226 2355 3295; x_wconf 89' lang='lat' dir='ltr'><strong><em>operiens</em></strong></span> <span class='ocrx_word' id='word_1_563' title='bbox 2379 3228 2700 3295; x_wconf 86' lang='lat' dir='ltr'><strong><em>exercitum,</em></strong></span> <span class='ocrx_word' id='word_1_564' title='bbox 2730 3244 2893 3300; x_wconf 90' lang='lat' dir='ltr'><strong><em>quem</em></strong></span> <span class='ocrx_word' id='word_1_565' title='bbox 2923 3229 2977 3286; x_wconf 91' lang='lat' dir='ltr'><strong><em>in</em></strong></span> <span class='ocrx_word' id='word_1_566' title='bbox 3000 3229 3399 3299; x_wconf 83' lang='lat' dir='ltr'><strong><em>expeditionem</em></strong></span> <span class='ocrx_word' id='word_1_567' title='bbox 3422 3243 3554 3288; x_wconf 77' lang='lat' dir='ltr'><strong><em>con-</em></strong></span> 
     </span>
    </p>
   </div>
   <div class='ocr_carea' id='block_1_82' title="bbox 1972 3315 3338 3392">
    <p class='ocr_par' dir='ltr' id='par_1_82' title="bbox 1972 3315 3338 3392">
     <span class='ocr_line' id='line_1_82' title="bbox 1972 3315 3338 3392; baseline 0.007 -24"><span class='ocrx_word' id='word_1_568' title='bbox 1972 3321 2055 3369; x_wconf 90' lang='lat' dir='ltr'><strong><em>tra</em></strong></span> <span class='ocrx_word' id='word_1_569' title='bbox 2079 3315 2313 3373; x_wconf 87' lang='lat' dir='ltr'><strong><em>Polenos</em></strong></span> <span class='ocrx_word' id='word_1_570' title='bbox 2335 3318 2404 3350; x_wconf 77' lang='grc'><strong><em>⁸⁸⁵</em></strong></span> <span class='ocrx_word' id='word_1_571' title='bbox 2433 3320 2500 3374; x_wconf 90' lang='lat' dir='ltr'><strong><em>de</em></strong></span> <span class='ocrx_word' id='word_1_572' title='bbox 2531 3327 2646 3375; x_wconf 90' lang='lat' dir='ltr'><strong><em>toto</em></strong></span> <span class='ocrx_word' id='word_1_573' title='bbox 2679 3335 2847 3392; x_wconf 85' lang='lat' dir='ltr'><strong><em>regno</em></strong></span> <span class='ocrx_word' id='word_1_574' title='bbox 2872 3335 2974 3376; x_wconf 90' lang='lat' dir='ltr'><strong><em>suo</em></strong></span> <span class='ocrx_word' id='word_1_575' title='bbox 3000 3328 3338 3378; x_wconf 81' lang='lat' dir='ltr'><strong><em>evocaverat.</em></strong></span> 
     </span>
    </p>
   </div>
   <div class='ocr_carea' id='block_1_83' title="bbox 2000 3403 3554 3482">
    <p class='ocr_par' dir='ltr' id='par_1_83' title="bbox 2000 3403 3554 3482">
     <span class='ocr_line' id='line_1_83' title="bbox 2000 3403 3554 3482; baseline 0.005 -20"><span class='ocrx_word' id='word_1_576' title='bbox 2000 3466 2005 3469; x_wconf 30' lang='grc' dir='ltr'>ι</span> <span class='ocrx_word' id='word_1_577' title='bbox 2033 3403 2155 3463; x_wconf 78' lang='lat' dir='ltr'><strong><em>Jam</em></strong></span> <span class='ocrx_word' id='word_1_578' title='bbox 2184 3409 2327 3464; x_wconf 89' lang='lat' dir='ltr'><strong><em>enim</em></strong></span> <span class='ocrx_word' id='word_1_579' title='bbox 2351 3409 2467 3465; x_wconf 91' lang='lat' dir='ltr'><strong><em>dies</em></strong></span> <span class='ocrx_word' id='word_1_580' title='bbox 2505 3410 2769 3477; x_wconf 87' lang='lat' dir='ltr'><strong><em>instabat,</em></strong></span> <span class='ocrx_word' id='word_1_581' title='bbox 2806 3425 2969 3482; x_wconf 90' lang='lat' dir='ltr'><strong><em>quem</em></strong></span> <span class='ocrx_word' id='word_1_582' title='bbox 3002 3413 3361 3469; x_wconf 86' lang='lat' dir='ltr'><strong><em>coadunando</em></strong></span> <span class='ocrx_word' id='word_1_583' title='bbox 3388 3410 3554 3473; x_wconf 83' lang='lat' dir='ltr'><strong><em>militi</em></strong></span> 
     </span>
    </p>
   </div>
   <div class='ocr_carea' id='block_1_84' title="bbox 1971 3500 3552 3575">
    <p class='ocr_par' dir='ltr' id='par_1_84' title="bbox 1971 3500 3552 3575">
     <span class='ocr_line' id='line_1_84' title="bbox 1971 3500 3552 3575; baseline 0.003 -20"><span class='ocrx_word' id='word_1_584' title='bbox 1971 3500 2351 3557; x_wconf 88' lang='lat' dir='ltr'><strong><em>constituerat.</em></strong></span> <span class='ocrx_word' id='word_1_585' title='bbox 2390 3501 2660 3559; x_wconf 83' lang='lat' dir='ltr'><strong><em>Adalbero</em></strong></span> <span class='ocrx_word' id='word_1_586' title='bbox 2702 3504 2773 3536; x_wconf 80' lang='grc'>⁰⁰⁰</span> <span class='ocrx_word' id='word_1_587' title='bbox 2815 3501 3275 3575; x_wconf 79' lang='lat' dir='ltr'><strong><em>Wirciburgensis</em></strong></span> <span class='ocrx_word' id='word_1_588' title='bbox 3324 3504 3392 3540; x_wconf 73' lang='grc' dir='ltr'><strong><em>ὀί</em></strong></span> <span class='ocrx_word' id='word_1_589' title='bbox 3441 3505 3552 3575; x_wconf 79' lang='lat' dir='ltr'><strong><em>epi-</em></strong></span> 
     </span>
    </p>
   </div>
   <div class='ocr_carea' id='block_1_85' title="bbox 1972 3591 3553 3667">
    <p class='ocr_par' dir='ltr' id='par_1_85' title="bbox 1972 3591 3553 3667">
     <span class='ocr_line' id='line_1_85' title="bbox 1972 3591 3553 3667; baseline 0.005 -20"><span class='ocrx_word' id='word_1_590' title='bbox 1972 3605 2172 3662; x_wconf 85' lang='lat' dir='ltr'><strong><em>scopus</em></strong></span> <span class='ocrx_word' id='word_1_591' title='bbox 2208 3600 2262 3648; x_wconf 92' lang='lat' dir='ltr'><strong><em>et</em></strong></span> <span class='ocrx_word' id='word_1_592' title='bbox 2286 3591 2656 3652; x_wconf 85' lang='lat' dir='ltr'><strong><em>Herimannus</em></strong></span> <span class='ocrx_word' id='word_1_593' title='bbox 2676 3593 3140 3667; x_wconf 86' lang='lat' dir='ltr'><strong><em>Babenbergensis</em></strong></span> <span class='ocrx_word' id='word_1_594' title='bbox 3175 3597 3466 3667; x_wconf 86' lang='lat' dir='ltr'><strong><em>episcopus</em></strong></span> <span class='ocrx_word' id='word_1_595' title='bbox 3493 3608 3553 3655; x_wconf 84' lang='lat' dir='ltr'><strong><em>et</em></strong></span> 
     </span>
    </p>
   </div>
   <div class='ocr_carea' id='block_1_86' title="bbox 1971 3683 3550 3760">
    <p class='ocr_par' dir='ltr' id='par_1_86' title="bbox 1971 3683 3550 3760">
     <span class='ocr_line' id='line_1_86' title="bbox 1971 3683 3550 3760; baseline 0.005 -21"><span class='ocrx_word' id='word_1_596' title='bbox 1971 3683 2063 3740; x_wconf 90' lang='lat' dir='ltr'><strong><em>alii</em></strong></span> <span class='ocrx_word' id='word_1_597' title='bbox 2097 3684 2344 3757; x_wconf 90' lang='lat' dir='ltr'><strong><em>plerique</em></strong></span> <span class='ocrx_word' id='word_1_598' title='bbox 2367 3688 2664 3758; x_wconf 86' lang='lat' dir='ltr'><strong><em>principes,</em></strong></span> <span class='ocrx_word' id='word_1_599' title='bbox 2695 3688 2789 3760; x_wconf 88' lang='lat' dir='ltr'><strong><em>qui</em></strong></span> <span class='ocrx_word' id='word_1_600' title='bbox 2827 3688 2895 3744; x_wconf 89' lang='lat' dir='ltr'><strong><em>ad</em></strong></span> <span class='ocrx_word' id='word_1_601' title='bbox 2930 3687 3182 3745; x_wconf 87' lang='lat' dir='ltr'><strong><em>militiam</em></strong></span> <span class='ocrx_word' id='word_1_602' title='bbox 3202 3689 3550 3760; x_wconf 81' lang='lat' dir='ltr'><strong><em>proﬁciscen-</em></strong></span> 
     </span>
    </p>
   </div>
   <div class='ocr_carea' id='block_1_87' title="bbox 1970 3779 3548 3852">
    <p class='ocr_par' dir='ltr' id='par_1_87' title="bbox 1970 3779 3548 3852">
     <span class='ocr_line' id='line_1_87' title="bbox 1970 3779 3548 3852; baseline 0.004 -20"><span class='ocrx_word' id='word_1_603' title='bbox 1970 3785 2055 3833; x_wconf 88' lang='lat' dir='ltr'><strong><em>tes</em></strong></span> <span class='ocrx_word' id='word_1_604' title='bbox 2096 3779 2152 3833; x_wconf 90' lang='lat' dir='ltr'><strong><em>in</em></strong></span> <span class='ocrx_word' id='word_1_605' title='bbox 2186 3779 2366 3835; x_wconf 88' lang='lat' dir='ltr'><strong><em>vicina</em></strong></span> <span class='ocrx_word' id='word_1_606' title='bbox 2406 3781 2476 3813; x_wconf 79' lang='grc'><strong><em>⁹⁹²</em></strong></span> <span class='ocrx_word' id='word_1_607' title='bbox 2517 3781 2637 3837; x_wconf 89' lang='lat' dir='ltr'><strong><em>loca</em></strong></span> <span class='ocrx_word' id='word_1_608' title='bbox 2687 3781 2802 3852; x_wconf 89' lang='lat' dir='ltr'><strong><em>jam</em></strong></span> <span class='ocrx_word' id='word_1_609' title='bbox 2847 3782 3182 3838; x_wconf 85' lang='lat' dir='ltr'><strong><em>devenerant</em></strong></span> <span class='ocrx_word' id='word_1_610' title='bbox 3225 3781 3316 3848; x_wconf 71' lang='lat' dir='ltr'><strong><em>m,</em></strong></span> <span class='ocrx_word' id='word_1_611' title='bbox 3359 3783 3548 3840; x_wconf 82' lang='lat' dir='ltr'><strong><em>audito</em></strong></span> 
     </span>
    </p>
   </div>
   <div class='ocr_carea' id='block_1_88' title="bbox 1971 3870 3547 3946">
    <p class='ocr_par' dir='ltr' id='par_1_88' title="bbox 1971 3870 3547 3946">
     <span class='ocr_line' id='line_1_88' title="bbox 1971 3870 3547 3946; baseline 0.004 -20"><span class='ocrx_word' id='word_1_612' title='bbox 1971 3872 2119 3942; x_wconf 87' lang='lat' dir='ltr'><strong><em>quod</em></strong></span> <span class='ocrx_word' id='word_1_613' title='bbox 2155 3870 2427 3928; x_wconf 83' lang='lat' dir='ltr'><strong><em>acciderat</em></strong></span> <span class='ocrx_word' id='word_1_614' title='bbox 2448 3914 2463 3938; x_wconf 95' lang='lat'><strong><em>,</em></strong></span> <span class='ocrx_word' id='word_1_615' title='bbox 2495 3889 2725 3944; x_wconf 87' lang='lat' dir='ltr'><strong><em>propere</em></strong></span> <span class='ocrx_word' id='word_1_616' title='bbox 2760 3873 2828 3929; x_wconf 89' lang='lat' dir='ltr'><strong><em>ad</em></strong></span> <span class='ocrx_word' id='word_1_617' title='bbox 2851 3889 3066 3946; x_wconf 89' lang='lat' dir='ltr'><strong><em>regem,</em></strong></span> <span class='ocrx_word' id='word_1_618' title='bbox 3107 3874 3286 3931; x_wconf 89' lang='lat' dir='ltr'><strong><em>adhuc</em></strong></span> <span class='ocrx_word' id='word_1_619' title='bbox 3320 3873 3547 3932; x_wconf 84' lang='lat' dir='ltr'><strong><em>Hervcl-</em></strong></span> 
     </span>
    </p>
   </div>
   <div class='ocr_carea' id='block_1_89' title="bbox 1970 3965 3549 4038">
    <p class='ocr_par' dir='ltr' id='par_1_89' title="bbox 1970 3965 3549 4038">
     <span class='ocr_line' id='line_1_89' title="bbox 1970 3965 3549 4038; baseline 0.005 -18"><span class='ocrx_word' id='word_1_620' title='bbox 1970 3965 2073 4020; x_wconf 75' lang='lat' dir='ltr'><strong><em>diae</em></strong></span> <span class='ocrx_word' id='word_1_621' title='bbox 2100 3965 2459 4024; x_wconf 87' lang='lat' dir='ltr'><strong><em>constitutum</em></strong></span> <span class='ocrx_word' id='word_1_622' title='bbox 2487 3966 2660 4038; x_wconf 78' lang='grc'><strong><em>(515),</em></strong></span> <span class='ocrx_word' id='word_1_623' title='bbox 2699 3976 3114 4024; x_wconf 86' lang='lat' dir='ltr'><strong><em>concurrerunt.</em></strong></span> <span class='ocrx_word' id='word_1_624' title='bbox 3149 3967 3454 4033; x_wconf 81' lang='lat' dir='ltr'><strong><em>Ruodolfus</em></strong></span> <span class='ocrx_word' id='word_1_625' title='bbox 3476 3966 3549 4002; x_wconf 72' lang='grc'><strong><em>⁸⁹⁶</em></strong></span> 
     </span>
    </p>
   </div>
   <div class='ocr_carea' id='block_1_90' title="bbox 1970 4056 3546 4133">
    <p class='ocr_par' dir='ltr' id='par_1_90' title="bbox 1970 4056 3546 4133">
     <span class='ocr_line' id='line_1_90' title="bbox 1970 4056 3546 4133; baseline 0.003 -20"><span class='ocrx_word' id='word_1_626' title='bbox 1970 4059 2081 4114; x_wconf 87' lang='lat' dir='ltr'><strong><em>dux</em></strong></span> <span class='ocrx_word' id='word_1_627' title='bbox 2123 4056 2428 4116; x_wconf 87' lang='lat' dir='ltr'><strong><em>Suevorum</em></strong></span> <span class='ocrx_word' id='word_1_628' title='bbox 2475 4075 2602 4116; x_wconf 90' lang='lat' dir='ltr'><strong><em>cum</em></strong></span> <span class='ocrx_word' id='word_1_629' title='bbox 2643 4061 2915 4133; x_wconf 89' lang='lat' dir='ltr'><strong><em>episcopis</em></strong></span> <span class='ocrx_word' id='word_1_630' title='bbox 2955 4058 3201 4129; x_wconf 59' lang='lat' dir='ltr'><strong><em>lieni,”</em></strong></span> <span class='ocrx_word' id='word_1_631' title='bbox 3232 4061 3443 4118; x_wconf 69' lang='lat' dir='ltr'><strong><em>Suevia}</em></strong></span> <span class='ocrx_word' id='word_1_632' title='bbox 3473 4061 3546 4094; x_wconf 83' lang='grc'><strong><em>⁹⁹⁶</em></strong></span> 
     </span>
    </p>
   </div>
   <div class='ocr_carea' id='block_1_91' title="bbox 1971 4151 3544 4225">
    <p class='ocr_par' dir='ltr' id='par_1_91' title="bbox 1971 4151 3544 4225">
     <span class='ocr_line' id='line_1_91' title="bbox 1971 4151 3544 4225; baseline 0.003 -19"><span class='ocrx_word' id='word_1_633' title='bbox 1971 4160 2136 4222; x_wconf 88' lang='lat' dir='ltr'><strong><em>atque</em></strong></span> <span class='ocrx_word' id='word_1_634' title='bbox 2165 4151 2432 4223; x_wconf 74' lang='lat' dir='ltr'><strong><em>Bajoaria:</em></strong></span> <span class='ocrx_word' id='word_1_635' title='bbox 2456 4194 2473 4219; x_wconf 87' lang='lat'><strong><em>,</em></strong></span> <span class='ocrx_word' id='word_1_636' title='bbox 2512 4151 2657 4208; x_wconf 87' lang='lat' dir='ltr'><strong><em>circa</em></strong></span> <span class='ocrx_word' id='word_1_637' title='bbox 2682 4152 3055 4225; x_wconf 85' lang='lat' dir='ltr'><strong><em>Mongontiam</em></strong></span> <span class='ocrx_word' id='word_1_638' title='bbox 3094 4154 3294 4210; x_wconf 88' lang='lat' dir='ltr'><strong><em>castris</em></strong></span> <span class='ocrx_word' id='word_1_639' title='bbox 3319 4152 3510 4223; x_wconf 87' lang='lat' dir='ltr'><strong><em>positis</em></strong></span> <span class='ocrx_word' id='word_1_640' title='bbox 3527 4194 3544 4219; x_wconf 84' lang='lat'><strong><em>,</em></strong></span> 
     </span>
    </p>
   </div>
   <div class='ocr_carea' id='block_1_92' title="bbox 1971 4222 3542 4316">
    <p class='ocr_par' dir='ltr' id='par_1_92' title="bbox 1971 4222 3542 4316">
     <span class='ocr_line' id='line_1_92' title="bbox 1971 4222 3542 4316; baseline 0.001 -17"><span class='ocrx_word' id='word_1_641' title='bbox 1971 4222 2405 4316; x_wconf 80' lang='lat' dir='ltr'><strong><em>nunciumregis</em></strong></span> <span class='ocrx_word' id='word_1_642' title='bbox 2431 4222 2869 4316; x_wconf 64' lang='lat' dir='ltr'><strong><em>praestolabatur,</em></strong></span> <span class='ocrx_word' id='word_1_643' title='bbox 2890 4260 2989 4316; x_wconf 90' lang='lat' dir='ltr'><strong><em>per</em></strong></span> <span class='ocrx_word' id='word_1_644' title='bbox 3001 4222 3165 4315; x_wconf 65' lang='lat' dir='ltr'><strong><em>quem</em></strong></span> <span class='ocrx_word' id='word_1_645' title='bbox 3186 4222 3392 4300; x_wconf 89' lang='lat' dir='ltr'><strong><em>certius</em></strong></span> <span class='ocrx_word' id='word_1_646' title='bbox 3411 4244 3542 4300; x_wconf 80' lang='lat' dir='ltr'><strong><em>edo-</em></strong></span> 
     </span>
    </p>
   </div>
   <div class='ocr_carea' id='block_1_93' title="bbox 1970 4333 3546 4406">
    <p class='ocr_par' dir='ltr' id='par_1_93' title="bbox 1970 4333 3546 4406">
     <span class='ocr_line' id='line_1_93' title="bbox 1970 4333 3546 4406; baseline -0.003 -13"><span class='ocrx_word' id='word_1_647' title='bbox 1970 4346 2206 4402; x_wconf 87' lang='lat' dir='ltr'><strong><em>ceretur,</em></strong></span> <span class='ocrx_word' id='word_1_648' title='bbox 2244 4352 2487 4406; x_wconf 89' lang='lat' dir='ltr'><strong><em>quonam</em></strong></span> <span class='ocrx_word' id='word_1_649' title='bbox 2524 4336 2581 4394; x_wconf 88' lang='lat' dir='ltr'><strong><em>in</em></strong></span> <span class='ocrx_word' id='word_1_650' title='bbox 2609 4337 2731 4392; x_wconf 90' lang='lat' dir='ltr'><strong><em>loco</em></strong></span> <span class='ocrx_word' id='word_1_651' title='bbox 2760 4336 2809 4391; x_wconf 89' lang='lat' dir='ltr'><strong><em>ei</em></strong></span> <span class='ocrx_word' id='word_1_652' title='bbox 2837 4351 3128 4392; x_wconf 87' lang='lat' dir='ltr'><strong><em>occurrere</em></strong></span> <span class='ocrx_word' id='word_1_653' title='bbox 3150 4334 3390 4392; x_wconf 88' lang='lat' dir='ltr'><strong><em>deberet.</em></strong></span> <span class='ocrx_word' id='word_1_654' title='bbox 3428 4333 3546 4390; x_wconf 80' lang='lat' dir='ltr'><strong><em>Au-</em></strong></span> 
     </span>
    </p>
   </div>
   <div class='ocr_carea' id='block_1_94' title="bbox 1971 4426 3545 4501">
    <p class='ocr_par' dir='ltr' id='par_1_94' title="bbox 1971 4426 3545 4501">
     <span class='ocr_line' id='line_1_94' title="bbox 1971 4426 3545 4501; baseline 0.001 -18"><span class='ocrx_word' id='word_1_655' title='bbox 1971 4429 2145 4487; x_wconf 89' lang='lat' dir='ltr'><strong><em>dierat</em></strong></span> <span class='ocrx_word' id='word_1_656' title='bbox 2170 4428 2238 4461; x_wconf 84' lang='lat'><strong><em>°&quot;</em></strong></span> <span class='ocrx_word' id='word_1_657' title='bbox 2304 4429 2451 4484; x_wconf 88' lang='lat' dir='ltr'><strong><em>enim</em></strong></span> <span class='ocrx_word' id='word_1_658' title='bbox 2494 4443 2621 4485; x_wconf 89' lang='lat' dir='ltr'><strong><em>eum</em></strong></span> <span class='ocrx_word' id='word_1_659' title='bbox 2666 4429 2736 4485; x_wconf 91' lang='lat' dir='ltr'><strong><em>ab</em></strong></span> <span class='ocrx_word' id='word_1_660' title='bbox 2769 4429 2873 4485; x_wconf 91' lang='lat' dir='ltr'><strong><em>hac</em></strong></span> <span class='ocrx_word' id='word_1_661' title='bbox 2924 4428 3267 4501; x_wconf 85' lang='lat' dir='ltr'><strong><em>expeditione</em></strong></span> <span class='ocrx_word' id='word_1_662' title='bbox 3321 4426 3391 4483; x_wconf 90' lang='lat' dir='ltr'><strong><em>ad</em></strong></span> <span class='ocrx_word' id='word_1_663' title='bbox 3438 4427 3545 4484; x_wconf 86' lang='lat' dir='ltr'><strong><em>alia</em></strong></span> 
     </span>
    </p>
   </div>
   <div class='ocr_carea' id='block_1_95' title="bbox 1973 4519 3548 4592">
    <p class='ocr_par' dir='ltr' id='par_1_95' title="bbox 1973 4519 3548 4592">
     <span class='ocr_line' id='line_1_95' title="bbox 1973 4519 3548 4592; baseline 0 -16"><span class='ocrx_word' id='word_1_664' title='bbox 1973 4521 2129 4592; x_wconf 89' lang='lat' dir='ltr'><strong><em>regni</em></strong></span> <span class='ocrx_word' id='word_1_665' title='bbox 2158 4521 2385 4591; x_wconf 88' lang='lat' dir='ltr'><strong><em>negocia</em></strong></span> <span class='ocrx_word' id='word_1_666' title='bbox 2413 4519 2657 4575; x_wconf 87' lang='lat' dir='ltr'><strong><em>animum</em></strong></span> <span class='ocrx_word' id='word_1_667' title='bbox 2686 4536 2993 4589; x_wconf 85' lang='lat' dir='ltr'><strong><em>revocasse,</em></strong></span> <span class='ocrx_word' id='word_1_668' title='bbox 3021 4520 3118 4577; x_wconf 85' lang='lat' dir='ltr'><strong><em>sed</em></strong></span> <span class='ocrx_word' id='word_1_669' title='bbox 3139 4533 3393 4591; x_wconf 70' lang='lat' dir='ltr'><strong><em>quaenam</em></strong></span> <span class='ocrx_word' id='word_1_670' title='bbox 3416 4532 3548 4576; x_wconf 83' lang='lat' dir='ltr'><strong><em>mu--</em></strong></span> 
     </span>
    </p>
   </div>
   <div class='ocr_carea' id='block_1_96' title="bbox 1974 4612 3546 4685">
    <p class='ocr_par' dir='ltr' id='par_1_96' title="bbox 1974 4612 3546 4685">
     <span class='ocr_line' id='line_1_96' title="bbox 1974 4612 3546 4685; baseline 0 -16"><span class='ocrx_word' id='word_1_671' title='bbox 1974 4614 2152 4670; x_wconf 61' lang='lat' dir='ltr'><strong><em>tandai</em></strong></span> <span class='ocrx_word' id='word_1_672' title='bbox 2176 4613 2461 4670; x_wconf 80' lang='lat' dir='ltr'><strong><em>sententiae</em></strong></span> <span class='ocrx_word' id='word_1_673' title='bbox 2479 4613 2781 4670; x_wconf 88' lang='lat' dir='ltr'><strong><em>necessitas</em></strong></span> <span class='ocrx_word' id='word_1_674' title='bbox 2808 4622 3030 4685; x_wconf 81' lang='lat' dir='ltr'><strong><em>repente</em></strong></span> <span class='ocrx_word' id='word_1_675' title='bbox 3054 4612 3365 4679; x_wconf 81' lang='lat' dir='ltr'><strong><em>incidisset,</em></strong></span> <span class='ocrx_word' id='word_1_676' title='bbox 3392 4616 3546 4669; x_wconf 82' lang='lat' dir='ltr'><strong><em>certo</em></strong></span> 
     </span>
    </p>
   </div>
   <div class='ocr_carea' id='block_1_97' title="bbox 1973 4704 3548 4778">
    <p class='ocr_par' dir='ltr' id='par_1_97' title="bbox 1973 4704 3548 4778">
     <span class='ocr_line' id='line_1_97' title="bbox 1973 4704 3548 4778; baseline -0.001 -16"><span class='ocrx_word' id='word_1_677' title='bbox 1973 4721 2085 4762; x_wconf 89' lang='lat' dir='ltr'><strong><em>non</em></strong></span> <span class='ocrx_word' id='word_1_678' title='bbox 2137 4712 2481 4775; x_wconf 87' lang='lat' dir='ltr'><strong><em>compererat</em></strong></span> <span class='ocrx_word' id='word_1_679' title='bbox 2524 4704 2615 4776; x_wconf 56' lang='lat'><strong><em>99?.</em></strong></span> <span class='ocrx_word' id='word_1_680' title='bbox 2684 4705 2936 4778; x_wconf 87' lang='lat' dir='ltr'><strong><em>Plerique</em></strong></span> <span class='ocrx_word' id='word_1_681' title='bbox 2989 4713 3173 4762; x_wconf 89' lang='lat' dir='ltr'><strong><em>tamen</em></strong></span> <span class='ocrx_word' id='word_1_682' title='bbox 3221 4704 3548 4775; x_wconf 87' lang='lat' dir='ltr'><strong><em>jactitabant</em></strong></span> 
     </span>
    </p>
   </div>
   <div class='ocr_carea' id='block_1_98' title="bbox 1972 4796 3548 4869">
    <p class='ocr_par' dir='ltr' id='par_1_98' title="bbox 1972 4796 3548 4869">
     <span class='ocr_line' id='line_1_98' title="bbox 1972 4796 3548 4869; baseline -0.003 -14"><span class='ocrx_word' id='word_1_683' title='bbox 1972 4814 2099 4855; x_wconf 89' lang='lat' dir='ltr'><strong><em>eum</em></strong></span> <span class='ocrx_word' id='word_1_684' title='bbox 2144 4797 2541 4868; x_wconf 88' lang='lat' dir='ltr'><strong><em>conjurationis</em></strong></span> <span class='ocrx_word' id='word_1_685' title='bbox 2578 4798 2743 4869; x_wconf 85' lang='lat' dir='ltr'><strong><em>hujus</em></strong></span> <span class='ocrx_word' id='word_1_686' title='bbox 2784 4799 3068 4855; x_wconf 85' lang='lat' dir='ltr'><strong><em>conscium</em></strong></span> <span class='ocrx_word' id='word_1_687' title='bbox 3117 4796 3548 4869; x_wconf 78' lang='lat' dir='ltr'><strong><em>participemque</em></strong></span> 
     </span>
    </p>
   </div>
   <div class='ocr_carea' id='block_1_99' title="bbox 301 4885 3542 4983">
    <p class='ocr_par' dir='ltr' id='par_1_99' title="bbox 301 4885 3542 4983">
     <span class='ocr_line' id='line_1_99' title="bbox 301 4885 3542 4983; baseline 0.001 -45"><span class='ocrx_word' id='word_1_688' title='bbox 301 4885 518 4956; x_wconf 69' lang='lat' dir='ltr'><strong><em>ringize,</em></strong></span> <span class='ocrx_word' id='word_1_689' title='bbox 544 4896 599 4942; x_wconf 90' lang='lat' dir='ltr'><strong><em>et</em></strong></span> <span class='ocrx_word' id='word_1_690' title='bbox 624 4888 746 4942; x_wconf 89' lang='lat' dir='ltr'><strong><em>ideo</em></strong></span> <span class='ocrx_word' id='word_1_691' title='bbox 768 4886 838 4918; x_wconf 69' lang='grc'><strong><em>⁸⁸⁸</em></strong></span> <span class='ocrx_word' id='word_1_692' title='bbox 876 4886 1024 4941; x_wconf 88' lang='lat' dir='ltr'><strong><em>nulla</em></strong></span> <span class='ocrx_word' id='word_1_693' title='bbox 1053 4885 1416 4941; x_wconf 89' lang='lat' dir='ltr'><strong><em>obsidentium</em></strong></span> <span class='ocrx_word' id='word_1_694' title='bbox 1434 4885 1713 4957; x_wconf 89' lang='lat' dir='ltr'><strong><em>diligentia</em></strong></span> <span class='ocrx_word' id='word_1_695' title='bbox 1733 4903 1961 4976; x_wconf 71' lang='lat' dir='ltr'><strong><em>con-____</em></strong></span> <span class='ocrx_word' id='word_1_696' title='bbox 1972 4890 2499 4983; x_wconf 42' lang='lat' dir='ltr'><strong><em>extitisse,‘ideoque</em></strong></span> <span class='ocrx_word' id='word_1_697' title='bbox 2528 4898 2642 4969; x_wconf 80' lang='lat' dir='ltr'><strong><em>tam</em></strong></span> <span class='ocrx_word' id='word_1_698' title='bbox 2669 4892 2817 4948; x_wconf 88' lang='lat' dir='ltr'><strong><em>lento</em></strong></span> <span class='ocrx_word' id='word_1_699' title='bbox 2841 4891 3009 4963; x_wconf 82' lang='lat' dir='ltr'><strong><em>gradu</em></strong></span> <span class='ocrx_word' id='word_1_700' title='bbox 3037 4891 3107 4947; x_wconf 84' lang='lat' dir='ltr'><strong><em>ad</em></strong></span> <span class='ocrx_word' id='word_1_701' title='bbox 3130 4888 3380 4945; x_wconf 89' lang='lat' dir='ltr'><strong><em>militiam</em></strong></span> <span class='ocrx_word' id='word_1_702' title='bbox 3406 4900 3542 4958; x_wconf 79' lang='lat' dir='ltr'><strong><em>pro-</em></strong></span> 
     </span>
    </p>
   </div>
   <div class='ocr_carea' id='block_1_100' title="bbox 1576 4996 2252 5062">
    <p class='ocr_par' dir='ltr' id='par_1_100' title="bbox 1576 4996 2252 5062">
     <span class='ocr_line' id='line_1_100' title="bbox 1576 4996 2252 5062; baseline 0.004 -8"><span class='ocrx_word' id='word_1_703' title='bbox 1576 4996 1811 5056; x_wconf 67' lang='lat' dir='ltr'><strong><em>VARIzE</em></strong></span> <span class='ocrx_word' id='word_1_704' title='bbox 1846 5001 2252 5062; x_wconf 82' lang='lat' dir='ltr'><strong><em>LECTIONES.</em></strong></span> 
     </span>
    </p>
   </div>
   <div class='ocr_carea' id='block_1_101' title="bbox 1058 5085 2103 5160">
    <p class='ocr_par' dir='ltr' id='par_1_101' title="bbox 1058 5085 2103 5160">
     <span class='ocr_line' id='line_1_101' title="bbox 1058 5085 2103 5160; baseline 0.032 -42"><span class='ocrx_word' id='word_1_705' title='bbox 1058 5085 1130 5160; x_wconf 55' lang='lat' dir='ltr'><strong><em>in</em></strong></span> <span class='ocrx_word' id='word_1_706' title='bbox 1155 5087 1228 5143; x_wconf 62' lang='grc' dir='ltr'><strong><em>δίε</em></strong></span> <span class='ocrx_word' id='word_1_707' title='bbox 1254 5088 1471 5145; x_wconf 71' lang='lat' dir='ltr'><strong><em>obviam</em></strong></span> <span class='ocrx_word' id='word_1_708' title='bbox 1493 5092 1734 5160; x_wconf 83' lang='lat' dir='ltr'><strong><em>eundum</em></strong></span> <span class='ocrx_word' id='word_1_709' title='bbox 1771 5092 1989 5160; x_wconf 87' lang='lat' dir='ltr'><strong><em>injuriis</em></strong></span> <span class='ocrx_word' id='word_1_710' title='bbox 2029 5096 2103 5151; x_wconf 69' lang='grc' dir='ltr'><strong><em>Γ.</em></strong></span> 
     </span>
    </p>
   </div>
   <div class='ocr_carea' id='block_1_102' title="bbox 373 5088 950 5145">
    <p class='ocr_par' dir='ltr' id='par_1_102' title="bbox 373 5088 950 5145">
     <span class='ocr_line' id='line_1_102' title="bbox 373 5088 950 5145; baseline -0.002 0"><span class='ocrx_word' id='word_1_711' title='bbox 373 5091 444 5124; x_wconf 73' lang='grc'><strong><em>³⁷³</em></strong></span> <span class='ocrx_word' id='word_1_712' title='bbox 466 5088 876 5145; x_wconf 86' lang='lat' dir='ltr'><strong><em>inventionibus</em></strong></span> <span class='ocrx_word' id='word_1_713' title='bbox 897 5089 950 5144; x_wconf 78' lang='grc'><strong><em>5.</em></strong></span> 
     </span>
    </p>
   </div>
   <div class='ocr_carea' id='block_1_103' title="bbox 2214 5075 3549 5150">
    <p class='ocr_par' dir='ltr' id='par_1_103' title="bbox 2214 5075 3549 5150">
     <span class='ocr_line' id='line_1_103' title="bbox 2214 5075 3549 5150; baseline 0.009 -7"><span class='ocrx_word' id='word_1_714' title='bbox 2214 5091 2289 5126; x_wconf 76' lang='grc'><strong><em>’⁷⁸</em></strong></span> <span class='ocrx_word' id='word_1_715' title='bbox 2309 5089 2469 5147; x_wconf 87' lang='lat' dir='ltr'><strong><em>nobis</em></strong></span> <span class='ocrx_word' id='word_1_716' title='bbox 2508 5091 2599 5149; x_wconf 89' lang='lat' dir='ltr'><strong><em>det</em></strong></span> <span class='ocrx_word' id='word_1_717' title='bbox 2651 5076 2756 5150; x_wconf 57' lang='lat'><strong><em>1.“</em></strong></span> <span class='ocrx_word' id='word_1_718' title='bbox 2804 5093 2874 5125; x_wconf 79' lang='grc'><strong>⁸⁷⁷</strong></span> <span class='ocrx_word' id='word_1_719' title='bbox 2906 5107 3008 5149; x_wconf 87' lang='lat' dir='ltr'><strong><em>nec</em></strong></span> <span class='ocrx_word' id='word_1_720' title='bbox 3043 5095 3097 5149; x_wconf 77' lang='grc'><strong>4.</strong></span> <span class='ocrx_word' id='word_1_721' title='bbox 3203 5090 3276 5122; x_wconf 77' lang='grc'><strong><em>⁸⁷⁸</em></strong></span> <span class='ocrx_word' id='word_1_722' title='bbox 3304 5075 3450 5145; x_wconf 40' lang='lat' dir='ltr'><strong><em>dite.“</em></strong></span> <span class='ocrx_word' id='word_1_723' title='bbox 3490 5092 3549 5146; x_wconf 70' lang='grc' dir='ltr'><strong>4ο</strong></span> 
     </span>
    </p>
   </div>
   <div class='ocr_carea' id='block_1_104' title="bbox 298 5154 3552 5210">
    <p class='ocr_par' dir='ltr' id='par_1_104' title="bbox 298 5154 3552 5210">
     <span class='ocr_line' id='line_1_104' title="bbox 298 5154 3552 5210; baseline 0 0"><span class='ocrx_word' id='word_1_724' title='bbox 298 5154 371 5209; x_wconf 71' lang='grc' dir='ltr'><strong><em>,ηο</em></strong></span> <span class='ocrx_word' id='word_1_725' title='bbox 390 5161 688 5210; x_wconf 75' lang='lat' dir='ltr'><strong><em>ditﬁeilimo</em></strong></span> <span class='ocrx_word' id='word_1_726' title='bbox 709 5158 792 5210; x_wconf 65' lang='grc'><strong><em>4..</em></strong></span> <span class='ocrx_word' id='word_1_727' title='bbox 837 5160 907 5192; x_wconf 75' lang='grc'><strong><em>⁸⁸⁸)</em></strong></span> <span class='ocrx_word' id='word_1_728' title='bbox 951 5159 1037 5210; x_wconf 87' lang='lat' dir='ltr'><strong><em>ide</em></strong></span> <span class='ocrx_word' id='word_1_729' title='bbox 1060 5158 1113 5210; x_wconf 72' lang='grc'><strong><em>4.</em></strong></span> <span class='ocrx_word' id='word_1_730' title='bbox 1186 5160 1256 5193; x_wconf 72' lang='grc' dir='ltr'><strong><em>ἐι</em></strong></span> <span class='ocrx_word' id='word_1_731' title='bbox 1285 5161 1364 5210; x_wconf 87' lang='lat' dir='ltr'><strong><em>bis</em></strong></span> <span class='ocrx_word' id='word_1_732' title='bbox 1402 5159 1616 5210; x_wconf 76' lang='lat' dir='ltr'><strong><em>scripsit</em></strong></span> <span class='ocrx_word' id='word_1_733' title='bbox 1640 5164 1691 5210; x_wconf 70' lang='grc' dir='ltr'><strong><em>ιι-</em></strong></span> <span class='ocrx_word' id='word_1_734' title='bbox 1771 5154 1843 5194; x_wconf 64' lang='grc'><strong><em>⁸⁸⁵</em></strong></span> <span class='ocrx_word' id='word_1_735' title='bbox 1880 5164 2023 5210; x_wconf 70' lang='lat' dir='ltr'><strong><em>deest</em></strong></span> <span class='ocrx_word' id='word_1_736' title='bbox 2061 5166 2109 5210; x_wconf 70' lang='lat' dir='ltr'><strong><em>L</em></strong></span> <span class='ocrx_word' id='word_1_737' title='bbox 2190 5164 2261 5196; x_wconf 74' lang='grc'><strong><em>⁸⁸³</em></strong></span> <span class='ocrx_word' id='word_1_738' title='bbox 2299 5162 2451 5210; x_wconf 88' lang='lat' dir='ltr'><strong><em>illum</em></strong></span> <span class='ocrx_word' id='word_1_739' title='bbox 2480 5161 2533 5210; x_wconf 61' lang='lat' dir='ltr'><strong><em>at.</em></strong></span> <span class='ocrx_word' id='word_1_740' title='bbox 2607 5164 2679 5197; x_wconf 64' lang='grc'><strong><em>⁸⁸⁵</em></strong></span> <span class='ocrx_word' id='word_1_741' title='bbox 2697 5178 2806 5210; x_wconf 77' lang='lat' dir='ltr'><strong><em>mm</em></strong></span> <span class='ocrx_word' id='word_1_742' title='bbox 2838 5164 2891 5210; x_wconf 78' lang='grc' dir='ltr'><strong><em>Δ.-</em></strong></span> <span class='ocrx_word' id='word_1_743' title='bbox 2975 5163 3047 5198; x_wconf 73' lang='grc'><strong><em>⁸⁸⁸</em></strong></span> <span class='ocrx_word' id='word_1_744' title='bbox 3068 5161 3290 5210; x_wconf 78' lang='lat' dir='ltr'><strong><em>animos</em></strong></span> <span class='ocrx_word' id='word_1_745' title='bbox 3306 5160 3552 5210; x_wconf 57' lang='lat' dir='ltr'><strong><em>busti-1m</em></strong></span> 
     </span>
    </p>
   </div>
  </div>
