4076 5310
549 322 687 399 ms

1696 335 2042 395 LATdiliCllTl
2082 337 2641 396 lliillSlt‘liLDENSlS

3664 345 3811 399 1ῑὸίί

545 457 770 520 cedere,
801 469 866 509 ne
895 463 990 509 aut
1025 454 1138 525 regi
1166 455 1219 508 in
1249 463 1400 509 tanta
1437 455 1754 511 discrimine
1783 466 1972 509 contra
1997 471 2126 524 pz'o-
2157 457 2201 512 Α
2229 470 2329 523 gen
2361 455 2528 524 (516).
2575 455 2672 518 ita,
2730 455 3027 523 assumptis
3080 471 3265 510 secum
3321 457 3414 526 qui
3470 459 3814 512 alvenerant

545 548 785 615 positum
829 563 988 601 suum
1028 547 1234 615 pudore
1287 548 1462 601 victus
1511 547 1773 600 auxilium
1824 547 2116 616 pneberet,

545 648 681 708 aut,
711 640 758 696 si
802 647 1060 710 negaret,
1102 638 1462 694 defectionem
1507 655 1664 693 suam
1719 639 2120 707 consiliumque

546 728 840 786 immature
893 732 1122 802 prodere
1174 739 1479 801 cogeretur.
1529 730 1646 786 Rex
1697 731 1881 800 itaque
1938 731 2119 785 missis

543 823 760 880 nunciis
787 823 1065 877 mandavit
1110 831 1170 877 ut
1212 831 1324 876 tam
1352 823 1466 892 ipse
1490 837 1654 892 quam
1679 822 1844 877 ceteri
1873 822 1964 891 qui
1993 839 2117 876 cum

540 924 607 968 co
634 921 791 969 erant
819 913 1089 983 principes
1107 955 1122 980 ,
1153 913 1320 968 citato
1349 923 1612 983 quantum
1642 922 1864 983 possent
1893 914 2084 967 itinere
2102 953 2116 979 ,

541 1005 646 1059 sibi
677 1014 1027 1060 occurrerent
1054 1006 1105 1058 in
1124 1006 1249 1065 villa
1277 1021 1399 1075 quae
1426 1006 1626 1060 dicitur
1645 1004 1862 1074 Capella
1881 1006 1949 1036 '99
1969 1006 2116 1074 (5M)

541 1097 674 1152 haut
702 1097 894 1166 procul
933 1097 1002 1152 ab
1044 1096 1348 1151 llerveldia.
1381 1097 1501 1163 Quo
1543 1113 1668 1152 cum
1695 1098 2000 1159 venissent,
2033 1112 2121 1164 pe

538 1187 703 1245 dibus
747 1203 939 1243 eorum
982 1189 1306 1258 provolutus
1339 1190 1508 1260 (515),
1539 1189 1732 1243 orabat
1773 1204 1869 1258 per
1897 1201 2116 1256 respec-

539 1288 655 1334 tum
689 1277 822 1346 Dei,
863 1281 966 1335 sub
995 1280 1154 1348 cujus
1186 1281 1569 1336 testificatione
1599 1281 1704 1334 sibi
1751 1281 1911 1334 tidem
1948 1279 2118 1333 dixis-

537 1380 693 1437 sent,
728 1381 787 1426 ut
825 1388 994 1440 super
1032 1372 1340 1427 infelicibus
1369 1373 1579 1427 eventis
1604 1373 1694 1404 ’°°°
1727 1373 1844 1427 suis
1887 1371 2115 1425 misere-

536 1471 726 1519 t‘e'atur
755 1465 955 1532 pariter
982 1471 1034 1516 et
1063 1463 1503 1533 imiignarenttn';
1528 1465 1838 1518 eon‘nnunia
1872 1465 2114 1532 ipsorum

535 1554 797 1610 beneficia
827 1566 1088 1624 prtercpta
1129 1555 1233 1609 sibi
1262 1572 1382 1609 esse
1414 1572 1711 1625 paucormn
1742 1556 2112 1624 malignitate,

534 1647 666 1716 qui,
697 1647 1049 1702 immemores
1094 1648 1489 1717 jm-isjurandi,
1523 1649 1874 1702 immemores
1913 1648 2115 1701 bencli-

532 1738 747 1793 ciorum
775 1739 975 1808 quibus
1005 1754 1102 1796 eos
1160 1753 1537 1808 saepenumero
1566 1747 1620 1794 et
1648 1740 1900 1808 privatim
1930 1749 1984 1792 et
2007 1755 2112 1808 pu-

531 1829 673 1886 blice
715 1829 819 1886 sibi
866 1831 1190 1900 obligasset,
1233 1846 1360 1885 cum
1404 1847 1572 1901 regno
1610 1831 1772 1884 etiam
1802 1831 1965 1884 vitam
2009 1831 2112 1884 sibi

532 1921 896 1991 eripuissent,
929 1923 1031 1976 nisi
1063 1921 1205 1992 fugae
1231 1923 1482 1992 [mesidio
1511 1923 1811 1992 periculum
1842 1922 2110 1977 declinas—

532 2021 653 2080 set;
698 2013 913 2068 violata;
957 2015 1119 2084 regite
1164 2015 1467 2081 majestatis
1512 2015 1765 2083 injm-iam
1812 2029 1918 2066 non
1961 2015 2025 2068 ad
2054 2029 2112 2067 se

532 2103 712 2160 solum
761 2108 1034 2174 pertinere
1059 2148 1074 2172 ,
1121 2107 1393 2176 publicam
1423 2122 1544 2160 esse
1573 2107 1957 2160 contumeliam
1989 2123 2110 2159 om-

531 2195 684 2252 nium
725 2213 917 2252 eorum
973 2199 1066 2268 qui
1114 2215 1172 2252 se
1214 2215 1395 2268 regem
1451 2208 1762 2262 creasscnt,
1795 2206 1849 2252 et
1874 2215 2108 2268 qitorum

529 2288 736 2344 auxilio
773 2285 844 2343 ab
888 2291 1150 2359 improbis
1192 2291 1506 2345 hominibus
1537 2299 1688 2345 tutus
1725 2306 1847 2345 esse
1887 2292 2109 2347 debuisd

529 2389 614 2437 sat
638 2400 653 2447 ;
701 2382 927 2452 proinde
954 2398 1148 2437 onmes
1175 2397 1275 2452 pro
1302 2383 1446 2436 virili
1490 2383 1740 2452 portione
1768 2389 2108 2453 satagerent,

529 2487 599 2527 ne
629 2473 778 2543 regia
809 2473 1044 2543 dignitas
1064 2516 1077 2538 ,
1107 2488 1272 2543 quam
1298 2490 1328 2527 a
1357 2474 1657 2543 majoribus
1687 2475 1802 2528 suis
1833 2476 2110 2530 honestis-

528 2566 722 2618 simam
754 2575 918 2635 atque.
946 2565 1423 2635 praeclarissimam
1454 2574 1794 2635 acceperant,
1828 2583 1926 2621 sua
1960 2568 2110 2637 igna-

525 2658 612 2710 via
642 2651 955 2712 fuscaretur
980 2658 1091 2724 “0‘,
1132 2673 1265 2712 neve
1297 2660 1386 2688 ’σθ’
1419 2665 1527 2711 tam
1578 2658 1874 2726 pessimum
1925 2674 2110 2710 exem-

525 2748 677 2817 plmn
709 2764 938 2802 suorum
971 2757 1278 2819 temporum
1310 2750 1378 2803 ad
1421 2757 1670 2817 posteros
1711 2765 1844 2802 suos
1876 2749 2104 2802 inultum

525 2841 978 2895 transn'iitterent.
1011 2839 1136 2895 Hzec
1166 2841 1258 2872 ²⁰⁰³
1284 2840 1636 2893 memorando
1656 2882 1669 2905 ,
1701 2849 1813 2893 tam
1844 2840 2106 2894 deformi-

526 2939 638 2985 tate
683 2947 912 2986 casuum
943 2946 1168 2985 suorum
1203 2948 1366 3000 quam
1397 2932 1725 2986 miserabilis
1752 2934 2109 3001 querimonia:

527 3023 916 3090 prosecutione
943 3023 1200 3079 omnibus
1245 3024 1340 3094 qui
1370 3024 1596 3077 aderant
1625 3025 1879 3078 lacrimas
1907 3040 2106 3080 excus-

2222 546 2578 614 principibus,
2613 546 2766 608 abiit,
2800 545 3089 599 Triburam
3121 556 3174 600 et
3201 557 3378 602 cetera
3409 549 3554 603 circa
3587 549 3810 603 Renum

2221 637 2338 690 loca
2371 637 2625 691 invisere.
2660 637 2840 691 Missis
2883 639 3046 691 etiam
3096 639 3521 710 circumquaque
3549 642 3813 708 uunciis,
3899 711 3902 713 _

2222 729 2421 783 olmixe
2455 745 2563 782 non
2595 730 2770 783 solum
2805 730 3174 798 principibus,
3201 732 3294 785 sed
3321 741 3374 785 ct
3404 733 3764 801 popularibus
3787 773 3812 800 ,

2222 836 2288 873 ne
2317 838 2348 874 a
2391 837 2449 874 se
2493 821 2819 885 deﬁcerent,
2867 821 3241 888 supplicabat,
3285 823 3454 876 multa
3495 823 3810 893 largiendo,

2220 912 2373 981 plura
2403 911 2740 980 pollicendo,
2783 912 3061 966 nonnullis
3103 913 3268 967 etiam
3311 930 3407 968 sua
3437 916 3804 983 restituendo,

2220 1019 2341 1072 qua:
2368 1003 2745 1071 superioribus
2774 1003 2954 1068 annis,
2976 1004 3105 1057 dum
3137 1006 3416 1072 prosperis
3445 1007 3808 1061 successibus

2221 1094 2633 1148 immoderatius
2673 1095 3013 1163 indulgeret,
3057 1110 3155 1164 per
3192 1096 3557 1166 calumpniam
3602 1099 3795 1153 abstu-

2219 1185 2373 1239 lerat.

2291 1276 2567 1342 Saxones,
2616 1286 2899 1347 comperto
2941 1279 3086 1348 quod
3113 1279 3282 1333 elusis
3326 1279 3652 1334 custodibus
3682 1280 3806 1334 suis

2218 1383 2312 1421 rex
2343 1368 2394 1420 in
2426 1368 2560 1422 alias
2588 1369 2738 1439 regni
2771 1378 2955 1438 partes
2973 1371 3258 1436 evasisset,
3289 1372 3641 1425 vehementer
3669 1381 3806 1426 sunt

2218 1459 2530 1512 contristati
2561 1460 2673 1525 ¹⁰⁰⁷,
2704 1462 3062 1525 arbitrantes,
3108 1462 3160 1514 id
3200 1463 3346 1530 quod
3391 1478 3478 1517 res
3505 1464 3802 1533 exigebat,

2218 1551 2352 1604 nihil
2409 1552 2513 1604 sibi
2567 1553 2822 1621 deinceps
2874 1553 2971 1606 otii
3026 1560 3121 1606 aut
3175 1553 3388 1609 remissi
3447 1554 3801 1623 habendum,

2216 1658 2316 1697 nec
2348 1643 2438 1675 ²⁰⁰⁸
2465 1653 2670 1712 pestem
2705 1645 2866 1709 hanc,
2901 1652 2960 1698 ut
2989 1646 3274 1710 hactenus,
3307 1645 3447 1699 intra
3478 1646 3571 1677 ¹⁰⁰⁰
3599 1648 3802 1701 dome-

2220 1735 2386 1788 sticos
2417 1735 2649 1804 parietes
2678 1737 3037 1790 cobibendam
3059 1776 3075 1799 ,
3121 1737 3214 1791 sed
3243 1738 3474 1791 revelata
3505 1736 3646 1793 faeie
3677 1740 3802 1792 bet-

2216 1825 2326 1879 lmn
2357 1828 2634 1895 publicum
2675 1844 2801 1882 cum
2843 1829 2999 1883 hoste
3027 1829 3245 1898 Publico
3274 1831 3608 1899 gerendum;
3639 1831 3801 1884 ideo—

2213 1934 2320 1988 que
2376 1920 2479 1972 sibi
2555 1921 2809 1989 expedire
2899 1929 2958 1974 ut
3023 1930 3496 1990 quantuscumque
3567 1933 3806 1990 posse-lt

2214 2019 2400 2078 gentes
2446 2019 2500 2064 et
2537 2028 2703 2082 regna
2749 2013 3011 2067 adversus
3041 2029 3221 2083 regem
3251 2014 3611 2067 concitarent.
3653 2015 3800 2068 Pro-

2214 2101 2360 2155 tinus
2411 2102 2617 2173 legatos
2673 2104 2942 2158 miserunt
2991 2105 3058 2157 ad
3111 2103 3465 2174 Thuringos,
3521 2108 3803 2160 auxilium

2212 2202 2481 2262 peterc,et
2511 2211 2706 2264 rogare
2729 2205 2790 2249 ut
2815 2196 2912 2265 ipsi
2944 2212 3042 2264 pro
3071 2212 3170 2250 sua
3199 2213 3419 2266 quoque
3449 2198 3727 2264 libertate,
3745 2209 3802 2253 et

2212 2284 2588 2356 frequentibus
2627 2289 2970 2342 c:mtumeliis
3009 2288 3211 2357 quibus
3266 2288 3507 2344 lacessiti
3536 2288 3801 2356 fuerant,

2211 2393 2360 2432 arma
2393 2394 2609 2434 sumere
2638 2395 2744 2432 non
2776 2381 3182 2449 pigritarentur.
3215 2378 3482 2450 Thuringi
3509 2423 3524 2446 ,
3553 2382 3802 2436 celeber-

2210 2470 2352 2523 rimo
2395 2480 2664 2524 conventu
2714 2472 2900 2533 habito
2946 2472 3001 2526 in
3048 2472 3170 2524 loco
3216 2472 3309 2541 qui
3357 2473 3560 2526 dicitur
3608 2473 3801 2526 Trite-

2209 2561 2342 2616 burc
2375 2563 2654 2634 ‘°‘°(5l7),
2683 2563 2772 2617 ubi
2803 2564 3124 2634 legationem
3159 2562 3438 2618 Saxonum
3471 2565 3800 2629 audierunt,

2209 2655 2618 2723 promptissime
2649 2657 2863 2708 assensi
2896 2665 3053 2720 sunt,
3084 2671 3182 2710 nec
3213 2655 3319 2709 ulla
3348 2672 3610 2725 umquam
3645 2658 3804 2727 lega—

2210 2745 2285 2797 tio
2314 2746 2612 2800 lretioribus
2639 2747 3125 2801 acclamationibus
3166 2757 3389 2817 excepta
3423 2748 3511 2778 ‘““
3541 2756 3650 2802 cst.
3681 2747 3800 2802 Nec

2210 2853 2394 2902 mora,
2435 2837 2824 2906 jusjurandum
2897 2840 3029 2893 dant
3086 2855 3357 2908 nusquam
3399 2855 3457 2895 se
3501 2839 3798 2896 defuturos

2210 2930 2454 2998 negecio,
2475 2946 2823 2984 communem
2846 2931 2948 2984 sibi
2970 2946 3091 2985 esse
3119 2948 3242 2984 cum
3273 2930 3355 2985 eis
3380 2931 3682 2985 rebellandi
3700 2932 3798 2962 ¹⁰¹³

2208 3022 2611 3089 necessitatem,
2640 3031 2694 3076 et
2724 3023 2844 3076 ideo
2874 3038 3164 3077 commune
3193 3023 3514 3092 periculum,
3542 3035 3801 3079 commu-

527 3114 618 3168 sit.
654 3113 821 3168 Erant
847 3114 941 3184 qui
972 3122 1258 3169 censerent
1283 3158 1296 3180 ,
1327 3115 1587 3184 quoniam
1618 3116 1674 3169 in
1703 3117 2103 3186 expeditionem
2133 3136 2173 3192 ο
2207 3130 2330 3167 nem
2362 3115 2525 3169 etiam
2545 3157 2559 3182 ,
2593 3115 2639 3170 si
2670 3113 2816 3170 Deus
2857 3123 3119 3168 annuerct
3138 3157 3151 3180 ,
3181 3115 3468 3170 victoriam
3508 3115 3756 3168 futuram
3776 3157 3796 3181 ,

527 3212 723 3258 contra
773 3205 1008 3261 Polenos
1048 3208 1244 3262 armati
1292 3207 1656 3277 instructique
1704 3209 2014 3275 venissent,
2048 3219 2108 3264 ut

525 3298 780 3366 protinus
811 3299 864 3351 in
897 3296 1188 3352 Saxoniam
1213 3299 1484 3354 exercitus
1513 3299 1820 3366 duceretur,
1844 3309 1897 3355 et
1925 3316 2108 3355 recen-

528 3373 599 3445 tis
620 3390 964 3445 contumeliae
989 3391 1188 3445 vulnus
1218 3391 1452 3446 recentis
1475 3392 1726 3447 vindicta}
1747 3393 1991 3447 antidoto
2017 3410 2108 3448 eu-

528 3490 765 3538 raretur.
821 3482 928 3536 Alii
971 3483 1338 3538 decernebant
1394 3499 1502 3538 non
1543 3500 1664 3540 esse
1710 3501 1823 3538 rem
1867 3486 2108 3556 praecipi-

521 3584 705 3628 tanter
733 3575 1180 3645 aggrediendam;
1216 3584 1429 3644 gentem
1456 3575 1736 3630 Saxonum
1766 3593 1887 3632 esse
1916 3579 2106 3632 robus-

527 3667 799 3721 tis-simam
825 3674 880 3720 et
907 3665 1172 3721 bellorum
1203 3682 1307 3721 usu
1338 3676 1558 3737 propter
1586 3668 1882 3738 ingenitam
1913 3668 2100 3722 ferita-

518 3769 632 3812 tem
685 3758 1234 3820 exercitatissimum,
1279 3775 1402 3827 quae
1455 3760 1678 3828 insuper
1728 3758 2103 3829 frequentibus

518 3849 738 3917 injuriis
800 3850 1057 3914 efferata,
1113 3851 1290 3919 ruptis
1349 3852 1462 3920 jam
1534 3852 1791 3906 omnibus
1844 3852 1987 3920 juris
2050 3862 2103 3908 et

519 3941 701 4011 legum
752 3941 1094 4007 retinaculis,
1143 3951 1235 3995 aut
1275 3944 1412 3996 mori
1469 3952 1562 3997 aut
1589 3944 1805 3998 vincere
1836 3945 1906 4000 sit
1933 3946 2103 3999 obsti-

518 4037 685 4100 nata;
717 4041 1004 4104 propterea
1053 4033 1260 4089 dandas
1290 4035 1392 4089 sibi
1422 4050 1542 4089 esse
1573 4035 1820 4090 inducias
1845 4036 1958 4101 m‘,
1987 4037 2103 4106 qui-

516 4124 623 4182 bus
669 4125 896 4181 domum
945 4125 1202 4190 redeant,
1245 4125 1434 4196 copias
1476 4126 1784 4193 instruant,
1828 4128 2101 4197 impensas

516 4225 785 4290 augeant,
814 4226 876 4273 ut
912 4217 1288 4289 multiplicatis
1331 4219 1638 4288 sumptibus
1666 4220 1733 4273 ad
1773 4222 2099 4290 protrahen-

515 4310 646 4367 dum
690 4311 744 4364 in
790 4310 1062 4380 quaslibet
1105 4326 1288 4366 moras
1341 4310 1544 4366 bellum
1601 4312 1804 4366 durare
1858 4314 2095 4367 valeant.

518 4399 726 4456 Horum
767 4403 1038 4457 sententia
1083 4403 1152 4457 ab
1181 4403 1438 4458 omnibus
1466 4405 1823 4473 comprobata
1843 4447 1857 4472 ,
1908 4406 2099 4460 decre-

517 4493 596 4546 vit
625 4493 716 4525 ¹⁰⁰⁵
761 4509 888 4559 rex,
941 4502 1001 4548 ut
1056 4494 1291 4563 septimo
1347 4495 1434 4551 die
1490 4503 1614 4564 post
1665 4495 1862 4550 festum
1920 4500 2095 4552 sancti

518 4583 798 4640 Michaelis
828 4585 983 4639 miles
1026 4585 1079 4638 in
1121 4585 1519 4654 expeditionem
1549 4587 1886 4642 adunaretur
1920 4589 2009 4620 ¹⁰⁰⁶
2041 4590 2095 4643 in

517 4676 646 4734 vilia
681 4674 1065 4732 Herveldensis
1106 4677 1423 4733 monasterii
1464 4692 1588 4746 quae
1630 4679 1830 4735 dicitur
1873 4679 2098 4735 Bredin—

2209 3223 2376 3276 seque
2406 3223 2579 3277 usque
2605 3208 2670 3261 ad
2717 3215 3022 3261 extremum
3071 3207 3323 3276 spiritum
3363 3223 3466 3276 pro
3506 3208 3795 3260 communi

2211 3299 2440 3353 utilitate
2485 3299 2867 3353 dimicaturos.
2914 3298 3255 3352 Deuuuciant
3295 3307 3558 3368 prmterca
3603 3298 3796 3352 abbati

2209 3389 2464 3445 Fuldcnsi
2512 3400 2567 3444 ct
2612 3391 2794 3444 abbati
2835 3389 3186 3444 Ilervelilcnsi
3215 3399 3269 3445 et
3295 3391 3494 3445 ceteris
3519 3390 3791 3459 principi—

2208 3483 2310 3536 bus
2339 3483 2431 3551 qui
2490 3483 2544 3535 in
2574 3481 2874 3552 Thuriugia
2906 3483 3234 3551 prmdiorum
3266 3468 3468 3552 aliquid
3498 3482 3795 3548 haberent,

2207 3583 2267 3627 ut
2294 3575 2360 3627 ad
2419 3573 2702 3629 ferendum
2757 3574 2902 3644 genti
2955 3590 3068 3628 su.c
3122 3575 3385 3629 auxilium
3440 3574 3529 3629 die
3579 3582 3797 3630 statuto

2207 3666 2549 3736 conjuraturi
2593 3667 2878 3730 venirent;
2910 3665 3016 3720 nisi
3048 3666 3140 3696 ¹⁰⁸³
3164 3667 3216 3720 id
3247 3665 3522 3731 facerent,
3549 3681 3611 3721 se
3640 3666 3795 3720 bona

2205 3773 2396 3811 eorum
2425 3759 2674 3827 protinus
2701 3757 2884 3810 omnia
2915 3757 3246 3827 direpturos.
3281 3757 3468 3829 Legati
3497 3758 3662 3811 etiam
3697 3775 3794 3812 re.-

2206 3849 2288 3919 gis
2316 3859 2781 3919 supervenerunt,
2825 3849 3063 3919 ingentia
3095 3850 3174 3903 eis
3215 3850 3478 3905 beneficia
3507 3851 3784 3921 pollicen-

2207 3952 2286 3996 tes
2311 3985 2324 4007 ,
2358 3943 2404 3996 si
2434 3942 2612 3997 foedus
2639 3942 2918 3997 Saxonum
2948 3943 3182 4013 belliun
3213 3945 3530 3999 societatem
3558 3962 3793 4017 respue-

2205 4044 2358 4100 rent;
2405 4035 2498 4089 sed
2542 4051 2667 4088 cum
2719 4035 2868 4105 gravi
2909 4036 3240 4090 contumelia
3283 4045 3411 4090 sunt
3451 4038 3697 4107 repulsi,
3730 4040 3791 4092 in

2204 4136 2417 4180 tantum
2446 4136 2505 4182 ut
2523 4127 2614 4157 “W‘
2636 4143 2734 4180 nec
2765 4127 3018 4182 {inanibus
3047 4128 3101 4180 in
3131 4144 3226 4183 eos
3257 4129 3410 4183 furor
3435 4127 3621 4199 populi
3653 4141 3793 4186 tern-

2204 4227 2468 4289 perasset,
2497 4219 2602 4274 nisi
2631 4235 2934 4288 paucorum
2964 4219 3273 4290 sapientum
3298 4222 3602 4276 moderatio
3625 4239 3792 4293 prope

2205 4321 2285 4366 ter
2308 4313 2399 4381 jus
2427 4312 2666 4382 gentium
2691 4353 2704 4377 ,
2735 4326 2845 4380 quo
2873 4312 3063 4380 legatis
3092 4322 3175 4367 est
3203 4313 3553 4369 deferendum
3574 4357 3589 4378 ,
3622 4317 3792 4370 inter-

2203 4406 2459 4460 cessisset
2487 4405 2596 4458 ‘°".
2651 4404 3109 4474 Archiepiscrqms
3152 4405 3502 4477 Mogontinus
3544 4407 3791 4478 Erphes-

2201 4497 2326 4551 furd
2358 4498 2447 4528 “"6
2469 4513 2536 4551 eo
2555 4498 2642 4528 ¹⁰¹⁷
2668 4505 2910 4564 tempore
2933 4499 3267 4554 morabatur.
3287 4499 3442 4554 Hunc
3469 4501 3644 4554 θειοιτιί
3667 4500 3785 4564 ¹⁰¹⁸,

2205 4591 2257 4644 in
2290 4604 2635 4644 communem
2669 4589 2993 4643 sententiam
3023 4592 3320 4646 concedere
3352 4593 3653 4662 urgebant,
3681 4608 3787 4648 ncc

2205 4683 2360 4752 prius
2403 4680 2720 4752 regionibus
2768 4681 2876 4735 illis
2916 4682 3176 4737 excedere
3217 4685 3366 4753 passi
3411 4693 3577 4752 sunt,
3606 4685 3788 4740 donec

1803 4814 2035 4869 VARL’E
2071 4813 2476 4872 LEC'I’lONES.

590 4923 658 4958 999
689 4922 904 4994 Capella
933 4923 985 4978 5.
1066 4923 1156 4954 ¹⁰⁰⁶
1184 4923 1467 4980 eventibus
1505 4925 1556 4978 4.

522 4993 614 5068 ff”
641 4997 716 5048 ita
737 4993 796 5062 d.
827 4995 879 5049 5.
959 4995 1050 5027 ¹⁰⁰⁶
1079 4995 1450 5049 vnireturcor.
1471 4996 1805 5068 adunaretur
1837 4995 1888 5048 5.

1637 4923 1724 4956 ί⁰⁰¹
1755 4927 1830 4978 ita
1873 4925 1922 4980 l.
1955 4925 2314 4980 frustraretur
2348 4927 2400 4981 5.
2436 4928 2488 4980 4.
2524 4928 2574 4980 5.
2632 4925 2748 4959 ’¹⁰⁰²
2780 4942 2848 4981 ne
2880 4927 2932 4980 5.

1637 5004 1805 5049 Iretur
1837 4995 1888 5048 5.
1970 4997 2059 5026 ¹⁰⁰⁷
2091 4996 2291 5052 tristati
2325 4998 2376 5050 5.
2459 4996 2551 5028 ¹⁰⁰⁸
2583 5013 2650 5052 ne
2685 4997 2738 5050 5.
2783 4999 2835 5051 5.
2916 4999 2930 5026 ¹

3414 4929 3508 4959 ¹⁰⁰⁸
3541 4929 3693 4981 deest
3731 4929 3778 4982 Ι.

3354 4999 3447 5030 ¹⁰¹⁰
3476 4998 3782 5054 Tretcburc

3013 4928 3104 4958 ¹⁰⁰³
3135 4924 3249 4982 Hoc
3279 4929 3335 4983 5.

2459 4996 2551 5028 ¹⁰⁰⁸
2583 5013 2650 5052 ne
2685 4997 2738 5050 5.
2783 4999 2835 5051 5.
2916 4997 3006 5028 ¹⁰⁰⁹
3039 4998 3180 5052 inter
3219 4999 3273 5052 4.
