4076 5310
531 302 671 364 ".15

1642 297 1989 354 LAMBERTI
2028 290 2591 353 HERSFELDENSIS

3633 286 3779 343 “ﬂ

527 413 667 473 tibus
694 419 746 465 et
778 411 1072 469 secretioris
1093 411 1340 485 colloquii
1361 412 1536 485 gratia
1556 400 1890 482 paululum'a
1915 411 2098 467 multi—
2128 414 2172 470 A
2199 408 2443 481 quolibet
2480 404 2701 465 homine
2742 404 2937 466 collata
2978 421 3174 474 manu,
3221 413 3275 463 et
3319 418 3472 463 suam
3510 410 3565 463 ct
3598 401 3782 479 ipsms

526 503 711 559 tudine
732 503 962 569 remotis,
983 505 1178 558 armati
1215 505 1269 557 in
1292 519 1379 559 vos
1402 504 1742 571 irrueremns,
1761 510 1833 568 et,
1856 502 2095 556 trucidas

526 596 597 650 tis
630 594 904 655 seditionis
928 596 1251 661 auctoribus,
1282 596 1455 666 ipsum
1495 594 1751 665 periculo,
1790 610 1898 647 rem
1918 593 2094 663 publi—

526 702 643 742 sam
661 685 1053 757 perturbatione
1075 686 1166 718 “"
1206 687 1565 741 liberaremus.
1598 684 1667 740 Et
1697 686 1852 740 ceteri
1885 684 2097 755 quidem

524 779 665 835 satis
690 777 913 848 impigre
950 788 1284 848 susceperunt
1314 779 1606 849 negocium.
1654 775 1809 831 Solus
1858 791 1951 846 ego
1989 784 2096 829 tam

520 869 752 937 iusticiw
789 876 1022 938 respectu
1049 885 1205 941 quam
1229 869 1398 940 futuri
1429 868 1624 938 judicii
1655 876 1794 922 metu
1834 867 2096 921 detrecta-

521 978 641 1018 sam
668 976 796 1032 opus
822 960 1104 1030 nefarium,
1133 969 1204 1027 et,
1246 970 1499 1032 quantum
1533 959 1792 1013 obluctari
1820 959 2097 1012 obstinatae

519 1053 792 1112 sententiis
815 1052 1094 1119 audebam,
1123 1052 1391 1108 dehortari
1427 1069 1547 1106 eum
1585 1051 1815 1105 conabar
1850 1068 1882 1103 a
1902 1066 2096 1120 propo-

518 1147 642 1202 sito.
671 1144 1001 1216 Quapropter
1030 1154 1180 1200 tanta
1212 1147 1271 1201 in
1300 1162 1379 1199 me
1404 1145 1678 1201 incanduit
1711 1144 2095 1215 indignatione,

520 1247 579 1292 ut
621 1254 653 1291 a
700 1237 1039 1303 contubernio
1077 1254 1193 1304 suo,
1237 1253 1340 1310 quo
1378 1255 1459 1296 me
1506 1238 1754 1294 hactenus
1794 1237 1978 1299 ceteris
2005 1235 2097 1269 ¹⁰⁷³

519 1328 847 1401 familiarius
888 1330 1207 1400 perfruitum
1252 1330 1447 1400 optime
1495 1330 1658 1383 nostis
1685 1372 1699 1396 ,
1738 1329 1979 1399 protinus
2017 1344 2098 1383 me

517 1429 800 1488 amoueret,
829 1429 880 1479 et
905 1420 1264 1492 jugulandum
1291 1421 1680 1491 apparitoribus
1718 1421 1827 1474 suis
1870 1419 2096 1489 objecis-

513 1519 618 1582 set,
634 1514 738 1567 nisi
758 1512 1052 1583 periculum
1074 1512 1374 1579 imminens,
1396 1511 1748 1582 penetralibus
1770 1527 1985 1581 propere
2004 1512 2097 1553 ¹⁰ε⁷⁴

512 1603 830 1671 medendo,
859 1603 1225 1665 declinassem.
1274 1602 1379 1660 His
1394 1603 1587 1669 dictis,
1628 1602 1684 1656 in
1713 1610 2095 1674 argumentum

513 1695 643 1754 ﬁdei
671 1697 853 1751 locum
878 1696 1167 1765 expressit,
1197 1696 1453 1777 conscios
1483 1693 1803 1760 nominavit,
1826 1701 1900 1762 et,
1927 1695 1974 1750 si
1999 1711 2093 1750 rex

513 1786 870 1854 inficiaretur,
900 1753 1165 1858 paratum,
1189 1803 1247 1844 se
1280 1772 1356 1843 ait
1416 1803 1542 1843 cum
1586 1786 1727 1858 ipso,
1764 1753 1811 1841 si
1855 1753 1908 1844 id
1948 1786 2094 1858 leges
2127 1753 2170 1806 Β

512 1887 849 1951 paterentur,
872 1880 961 1935 vel
982 1895 1107 1939 cum
1141 1880 1337 1951 quovis
1358 1880 1601 1947 homine,
1627 1887 1879 1935 conserta
1904 1894 2091 1948 manu,

515 1986 635 2028 rem
680 1970 867 2027 divino
901 1972 1109 2042 judicio
1159 1971 1521 2028 committere.
1570 1969 1933 2027 Vehementer
1977 1972 2095 2027 haec

513 2062 683 2127 verba
723 2071 1111 2133 permoverunt
1149 2062 1438 2133 praedictos
1466 2063 1666 2129 duces,
1706 2076 1831 2117 cum
1871 2071 2016 2117 esset
2045 2063 2093 2119 is

514 2154 611 2225 qui
633 2152 912 2210 deferebat
934 2155 1101 2210 homo
1126 2154 1260 2210 baut
1285 2154 1506 2210 obscuri
1536 2154 1774 2209 nominis
1812 2154 1867 2209 in
1890 2154 2093 2224 palatio

512 2253 570 2301 et
599 2244 744 2316 apud
771 2259 905 2302 suos
940 2245 1216 2315 inviolatae
1238 2246 1679 2317 existimationis.
1717 2245 1985 2301 Praeterea
2027 2262 2093 2302 ea

508 2351 602 2394 res
630 2336 980 2410 potissimum
1006 2338 1167 2394 dictis
1193 2338 1357 2393 ﬁdem
1373 2338 1717 2405 conciliabat,
1753 2339 1900 2410 quod
1924 2352 2015 2392 rex
2038 2348 2095 2393 et

511 2420 649 2504 aliis
665 2430 991 2503 quibusdam
1013 2431 1351 2502 principibus
1371 2432 1486 2486 suis
1520 2431 1684 2487 simili
1709 2431 1873 2503 modo
1904 2445 2091 2485 necem

509 2522 793 2597 paravisse
824 2530 881 2577 et
912 2522 1202 2594 plerosque
1262 2538 1327 2577 ex
1372 2522 1734 2578 familiaribus
1781 2521 1897 2578 suis
1926 2521 2089 2576 etiam

510 2612 777 2679 ouidisse
792 2614 907 2685 jam
935 2614 1143 2685 pridem
1170 2613 1467 2671 infamatus
1494 2613 1687 2671 fuerat.
1720 2612 1906 2686 itaque
1941 2615 2091 2688 lega-

506 2709 601 2773 tos
632 2705 700 2760 ad
729 2720 857 2770 eum
890 2706 1133 2777 mittunt,
1181 2707 1552 2777 mandantque
1581 2722 1641 2762 se
1668 2708 1782 2777 jam
1817 2708 1965 2763 nulla
1999 2722 2090 2765 re—

507 2795 710 2869 ligione
748 2798 923 2866 teneri
955 2799 1306 2865 sacramenti,
1346 2813 1457 2868 quo
1501 2798 1553 2855 ei
1591 2799 1753 2855 ﬁdem
1798 2800 2095 2870 subjectio-

508 2876 746 2962 nemque
772 2889 1103 2964 firmassent,
1131 2905 1256 2945 cum
1295 2891 1412 2961 ipse
1443 2891 1593 2963 prior
1626 2891 1787 2945 fidem
1817 2892 2090 2963 prodidis-

508 2987 595 3039 set
617 2987 675 3035 et
703 2982 771 3038 de
807 2982 983 3038 salute
1012 2997 1112 3038 sua
1151 2983 1516 3039 tractantibus
1546 2982 1775 3038 insidias
1811 2984 2093 3043 machiua~

2197 503 2565 560 innocentiam
2591 508 2949 561 asserturum.
2981 499 3282 569 Statimque
3309 499 3376 553 ad
3399 499 3593 554 ducem
3617 495 3781 553 Bucar

2195 595 2403 655 dolium
2424 595 2574 660 abiit,
2598 609 2763 664 seque
2789 600 3035 663 paratum
3058 592 3213 656 dixit,
3238 605 3586 663 quocumque
3606 590 3786 646 modo

2198 687 2313 759 ipse
2334 702 2550 757 aequum
2572 686 2890 756 judicasset,
2917 684 3257 739 mendacium
3293 683 3583 755 Regingeri
3610 683 3788 741 refel-

2198 779 2327 833 lere.
2397 778 2490 833 llie
2540 777 2967 833 satisfactionem
3012 790 3113 831 nec
3147 776 3387 846 suscepit
3448 791 3548 831 nec
3584 784 3784 847 aperta

2198 869 2377 925 fronte
2416 868 2625 935 abnuit,
2674 868 2765 923 sed
2805 868 2881 922 ait
2934 881 2992 923 se
3030 881 3195 936 super
3230 866 3333 920 hac
3366 866 3784 929 _‘°”'deiibera—

2198 961 2346 1016 tione
2390 970 2693 1015 ceterorum
2732 959 3036 1029 principum
3087 958 3411 1012 sententiam
3453 964 3786 1027 expectatu-

2199 1068 2341 1107 rum.
2368 1051 2503 1119 Rex,
2534 1052 2670 1106 sicut
2702 1051 3016 1106 instituerat
3034 1050 3145 1118 “’3',
3169 1048 3523 1119 Ratisponam
3546 1058 3788 1104 conten-

2197 1143 2277 1199 dit
2305 1142 2466 1214 (Nov.
2496 1143 2609 1213 26),
2643 1142 2897 1199 omnibus
2924 1142 3155 1207 invisus,
3179 1142 3435 1197 omnibus
3465 1149 3786 1211 suspectus,

2198 1250 2298 1291 nec
2336 1235 2452 1305 ipse
2474 1235 2589 1305 jam
2618 1235 2872 1305 cuiquam
2915 1234 3199 1290 hominum
3228 1233 3363 1287 satis
3393 1233 3513 1289 ﬁdei
3543 1233 3787 1298 habens,

2197 1343 2322 1386 cum
2344 1328 2401 1383 hi
2429 1344 2646 1399 quoque
2670 1343 2809 1397 quos
2852 1326 3040 1381 intima
3068 1324 3436 1379 familiaritate
3463 1326 3565 1381 sibi
3588 1325 3788 1381 devin—

2196 1422 2464 1487 xerat,,ad
2503 1421 2732 1491 primam
2760 1418 3060 1493 ingruentis
3088 1417 3425 1490 tempestatis
3450 1418 3784 1475 nubecuiam

2197 1528 2229 1568 a
2256 1527 2315 1569 se
2348 1511 2695 1567 defecissent.

2266 1603 2475 1660 interea
2532 1603 2775 1659 Saxones
2826 1603 3035 1659 crebris
3087 1603 3449 1673 legationibus
3509 1602 3786 1674 urgebant

2195 1697 2469 1767 principes
2503 1695 2659 1765 Reni,
2696 1705 2757 1750 ut
2787 1696 2870 1749 vel
2909 1695 3012 1750 sibi
3044 1695 3410 1751 constituendi
3445 1695 3589 1764 regis
3616 1703 3785 1764 pote-

2195 1796 2393 1845 statem
2438 1788 2699 1855 facerent,
2748 1789 2835 1842 vel
2873 1788 2995 1858 ipsi,
3039 1787 3301 1857 quoniam
3334 1796 3388 1841 et
3418 1786 3684 1858 dignitate
3729 1795 3788 1840 et

2194 1881 2542 1937 multitudine
2565 1880 2874 1950 superiores
2897 1887 3099 1945 essent,
3125 1893 3525 1949 quemcumque
3555 1879 3784 1944 vellent,

2197 1970 2506 2028 Saxonibus
2528 1971 2846 2042 suffragium
2872 1970 3192 2037 ferentibus,
3224 1971 3484 2041 eligerent
3503 1979 3559 2023 et
3579 1970 3790 2025 consti-

2194 2069 2430 2131 tuerent,
2467 2079 2568 2119 nec
2597 2064 2839 2118 sinerent
2879 2079 2993 2118 rem
3025 2063 3297 2132 publicam
3338 2062 3499 2117 unius
3538 2062 3788 2117 hominis

2193 2157 2407 2229 ignavia
2436 2157 2502 2211 ad
2530 2164 2826 2211 extremam
2859 2172 3033 2225 usque
3058 2154 3362 2210 vastitatem
3388 2153 3657 2223 deperire.
3686 2153 3788 2209 liis

2193 2266 2458 2307 accensus
2475 2249 2566 2283 ¹⁰⁰³
2606 2248 3050 2317 archiepiscopus
3087 2246 3453 2317 Mogontinus,
3482 2247 3571 2301 cui
3602 2247 3789 2316 potis-

2194 2343 2395 2397 simum
2427 2350 2648 2411 propter
2677 2341 2973 2410 primatum
2999 2338 3092 2372 ‘°“
3125 2338 3452 2409 Moguntina:
3494 2338 3642 2394 sedis
3678 2338 3787 2393 eli-

2193 2433 2353 2504 gendi
2389 2441 2443 2488 et
2481 2432 2839 2487 consecrandi
2882 2431 3023 2503 regis
3073 2431 3370 2486 auctoritas
3410 2431 3786 2495 deferebatur,

2192 2525 2466 2596 principes
2513 2524 2581 2578 de
2630 2531 2744 2577 toto
2791 2538 2960 2594 regno
3008 2522 3339 2593 Mogontiam
3394 2522 3676 2589 evocavit,
3722 2530 3791 2576 ut

2192 2617 2471 2673 communi
2500 2616 2734 2672 consilio
2754 2613 3086 2671 Rucdolfum
3109 2616 3302 2671 ducem
3329 2630 3511 2687 regem
3532 2614 3626 2647 ¹⁰⁸⁸
3654 2630 3791 2670 con-

2192 2709 2459 2765 stitueret.
2504 2707 2661 2775 Quod
2702 2708 2795 2762 ubi
2830 2708 2941 2779 regi
2967 2715 3303 2777 compertum
3334 2715 3437 2774 cst,
3480 2708 3787 2776 assumptis

2194 2816 2382 2857 secum
2412 2792 2789 2870 quoscumque
2822 2800 2982 2855 donis
3007 2800 3091 2853 vel
3125 2799 3411 2868 promissis
3435 2799 3504 2853 ad
3532 2799 3786 2853 studium

2192 2908 2416 2949 suarum
2457 2894 2691 2962 partium
2720 2892 2937 2946 allicere
2973 2891 3171 2962 potuit,
3199 2891 3448 2945 concitus
3481 2891 3548 2945 de
3579 2889 3787 2960 Bajoa-

2192 2986 2273 3042 ria
2304 2984 2596 3050 remeavit,
2639 2993 2791 3039 ratus
2840 2992 2966 3038 ante
2996 2983 3181 3038 omnia
3216 2982 3570 3053 impediendae
3609 2989 3788 3037 tantas

508 3078 600 3126 tus
627 3069 857 3139 fuisset;
908 3072 1160 3142 proinde,
1192 3073 1299 3128 nisi
1334 3073 1546 3144 objecta
1577 3073 1847 3141 diluisset,
1887 3076 2091 3130 nullam
2121 3092 2164 3149 ο
2196 3080 2274 3133 rei
2313 3093 2506 3133 curam
2540 3077 2824 3147 agendam.
2853 3074 3102 3145 Cumque
3129 3090 3296 3145 prope
3320 3074 3693 3129 Wormaciam
3723 3075 3785 3128 in

507 3160 764 3232 deinceps
802 3177 836 3219 a
873 3178 934 3219 se
961 3165 1049 3220 vel
1087 3164 1145 3223 in
1178 3165 1488 3237 tranquillis
1518 3166 1684 3223 rebus
1713 3165 1873 3223 fidem
1908 3169 1992 3223 vel
2029 3169 2087 3239 in

508 3253 841 3327 perturbatis
863 3255 1126 3311 auxilium
1149 3272 1369 3327 sperare
1404 3258 1620 3314 debere.
1652 3257 1818 3331 Εὖγε
1847 3260 2010 3317 nimis
2032 3262 2087 3317 id

505 3359 709 3418 passus
727 3362 844 3414 rex,
874 3349 1059 3405 statim
1081 3349 1149 3405 ad
1176 3352 1435 3421 populum
1463 3352 1648 3423 retulit
1664 3352 1733 3407 de
1763 3353 2090 3423 importuni-

503 3442 618 3494 tate
637 3436 888 3496 Ruodolﬁ
912 3442 1221 3515 ducis,qui,
1254 3451 1314 3497 ut
1337 3443 1625 3501 invadendi
1656 3446 1809 3516 regni
1837 3447 2086 3502 occasio-

504 3543 632 3602 nem
657 3529 947 3600 inveniret,
983 3550 1109 3590 cum
1136 3550 1327 3590 verum
1366 3536 1471 3592 sibi
1529 3537 1736 3592 crimen
1787 3538 2088 3609 impingere

503 3635 618 3677 non
641 3632 849 3709 posset,
896 3624 1050 3697 falsis
1084 3628 1491 3708 suspicionibus
1519 3636 1574 3685 et
1621 3637 1738 3683 arte
1767 3631 2086 3699 compositis

500 3716 819 3772 rumoribus
852 3717 1134 3788 impeteret
1173 3719 1264 3767 “'3'
1300 3728 1357 3776 et
1398 3721 1631 3777 obruere
1666 3730 1959 3776 conaretur
1992 3722 2086 3755 ³⁸⁷⁸

500 3803 874 3878 innocentiam
917 3824 1094 3865 suam.
1146 3809 1249 3864 Sed
1280 3812 1485 3880 procul,
1522 3813 1618 3878 ait,
1660 3813 1925 3883 facessunt
1966 3831 2084 3868 uer-

502 3896 689 3952 borum
733 3914 924 3968 pugna;
946 3940 964 3964 ,
1018 3910 1217 3956 cessent
1273 3901 1474 3958 callida
1498 3904 1589 3936 “7"
1655 3915 2085 3977 argumentorum

499 3986 969 4059 [MmataW'L
1019 3988 1134 4061 Ego
1166 4007 1272 4045 non
1297 3993 1483 4059 verbis,
1518 3995 1615 4059 sed
1650 4011 1811 4049 manu
1839 4013 1955 4051 mea
1995 4013 2082 4051 re.-

501 4076 688 4149 fellam
716 4081 1068 4149 mendacium,
1106 4090 1158 4140 et
1198 4082 1432 4155 neglecta
1457 4086 1669 4140 interim
1696 4089 1826 4158 regii
1855 4089 2085 4143 nominis

499 4171 795 4242 majestate,
827 4190 948 4228 cum
985 4176 1099 4245 ipso
1136 4174 1268 4231 duce
1287 4175 1551 4248 Ruodolfo
1580 4196 1905 4251 congressus,
1934 4182 2087 4251 dele-1

499 4278 622 4335 gam
664 4264 936 4323 cuniculos
964 4268 1105 4336 ﬁcta:
1145 4267 1302 4337 hujus
1327 4269 1739 4337 criminationis,
1782 4290 1886 4344 qua
1918 4271 2080 4326 mali-

500 4355 635 4411 tiam
658 4373 812 4421 suam
850 4358 1078 4429 palliare
1115 4368 1362 4435 conatur,
1389 4370 1467 4428 ut,
1495 4363 1544 4415 si
1572 4378 1787 4433 regnum
1829 4368 2076 4433 amisere,

2192 3171 2376 3237 locum
2407 3170 2503 3241 qui
2538 3168 2739 3224 dicitur
2777 3168 3168 3238 Lovendeburg
3195 3167 3285 3209 "t3!
3328 3167 3475 3237 (552)
3514 3167 3781 3233 venisset,

2190 3263 2512 3335 gravissima
2554 3260 2872 3332 aegritudine
2910 3266 3193 3328 correptus
3234 3258 3415 3329 (Debr.
3449 3259 3541 3327 i),
3582 3259 3783 3314 multis

2189 3355 2380 3410 diebus
2415 3354 2558 3408 lecto
2592 3352 2928 3427 decubabat,
2964 3364 3229 3421 spemque
3268 3350 3566 3405 maximam
3597 3351 3785 3407 hosti-

2189 3447 2294 3502 bus
2321 3448 2439 3503 suis
2467 3445 2688 3511 fecerat,
2730 3451 2912 3501 tantos
2949 3442 3158 3497 irarum
3194 3451 3377 3497 motus
3404 3442 3522 3497 sine
3551 3445 3786 3515 sangui-

2187 3539 2274 3594 nis
2297 3538 2560 3594 eti‘usione
2595 3551 2757 3606 posse
2785 3535 3000 3591 confici.
3048 3533 3155 3589 Sed
3188 3535 3258 3588 ab
3292 3534 3610 3589 inﬁrmitate
3648 3537 3783 3591 vix-

2186 3630 2316 3685 dum
2354 3632 2511 3700 plene
2549 3636 2862 3696 recreatus,
2900 3626 3269 3683 Wormaciam
3310 3626 3628 3693 festinavit;
3671 3629 3772 3683 ubi

2187 3738 2312 3778 cum
2356 3738 2553 3792 magna
2602 3735 2794 3791 pompa
2835 3736 2866 3774 a
2901 3718 3112 3774 civibus
3155 3719 3213 3773 in
3254 3718 3446 3773 urbem
3479 3727 3779 3788 susceptus

2184 3824 2290 3881 est,
2321 3814 2489 3884 quiet
2524 3813 2687 3882 paulo
2722 3820 2867 3878 ante,
2902 3820 2963 3865 ut
3002 3826 3102 3867 sua
3136 3825 3267 3881 erga
3293 3824 3418 3864 eum
3445 3809 3626 3865 studia
3649 3812 3773 3865 cia-

2185 3906 2331 3961 riora
2356 3904 2616 3971 facerent,
2649 3904 2849 3959 milites
2873 3903 3132 3973 episcopi,
3159 3902 3465 3973 ingressum
3494 3901 3617 3973 ejus
3637 3919 3771 3974 pro-

2186 3996 2371 4052 bibere
2420 4004 2765 4065 temptantes,
2812 3996 2947 4050 urbe
2981 3995 3303 4065 expulerant
3319 3994 3444 4060 “'7,
3481 4002 3537 4049 et
3580 3995 3768 4065 ipsum

2184 4088 2521 4158 episcOpum,
2558 4086 2665 4141 nisi
2710 4093 2927 4141 mature
2962 4085 3088 4157 fuga
3122 4086 3311 4156 lapsus
3333 4084 3554 4140 civitate
3578 4102 3777 4142 exces-

2185 4179 2382 4244 sisset,
2419 4179 2958 4247 comprehendissent
2994 4187 3050 4233 et
3085 4178 3324 4232 vinctum
3365 4178 3414 4232 ei
3466 4178 3771 4234 misissent.

2184 4268 2435 4327 Venienti
2465 4285 2594 4340 ergo
2629 4270 2679 4323 ei
2715 4270 2909 4324 armati
2941 4270 3302 4339 instructique
3336 4269 3551 4324 obviam
3579 4285 3777 4339 proce—

2184 4364 2337 4432 dunt,
2368 4380 2477 4419 non
2508 4362 2575 4417 ad
2603 4362 2713 4415 vim
2746 4360 3071 4429 faciendam,
3106 4362 3201 4417 sed
3228 4369 3307 4427 ut,
3346 4370 3638 4430 conspecta
3671 4376 3773 4416 eo-

498 4460 607 4502 non
626 4463 744 4502 mea
780 4448 959 4518 culpa,
983 4450 1075 4505 sed
1103 4467 1196 4521 per
1215 4431 1366 4506 illius
1392 4431 1873 4522 supplantationem
1899 4431 2081 4527 perjué
2114 4431 2165 4484 Β
2187 4473 2313 4513 rum
2348 4455 2717 4520 multitudine,
2754 4469 3034 4509 armorum
3066 4462 3349 4525 apparatu,
3386 4453 3771 4522 expeditorum

499 4536 741 4612 tiumaue
764 4540 1036 4611 intelligar
1057 4544 1319 4615 amisisse.
1360 4543 1513 4604 Tunc
1530 4545 1622 4593 tm
1645 4544 1971 4604 Oudalricus
1991 4549 2081 4595 “‘9

497 4627 567 4683 de
591 4627 883 4697 Cosbeim,
924 4647 1069 4688 unus
1099 4648 1169 4697 ex
1201 4633 1288 4689 bis
1312 4635 1407 4705 qui
1441 4637 1654 4692 consilii
1695 4640 1986 4709 participes
2028 4652 2085 4696 et

495 4720 726 4780 sceleris
778 4721 1087 4785 administri
1142 4724 1397 4781 destinati
1440 4726 1613 4784 fuisse
1658 4731 2075 4800 accusabantur,

496 4808 716 4884 lenibus
738 4812 920 4869 verbis
947 4813 1193 4878 dolorem
1216 4817 1361 4887 regis
1385 4819 1637 4889 mitigare
1671 4822 1941 4889 studebat,
1981 4840 2076 4881 ro-

495 4905 768 4977 (abatque
811 4921 939 4961 eum
961 4921 1029 4961 ne
1051 4907 1255 4979 aliquid
1295 4910 1439 4979 quod
1470 4910 1609 4966 infra
1639 4913 1844 4983 regiam
1866 4917 2078 4987 magni-

492 4993 769 5057 ﬁcentiam
810 5006 989 5067 esset,
1029 5000 1083 5053 vi
1120 5000 1327 5056 doloris
1359 5001 1658 5073 impulsus,
1694 5007 2073 5077 profiteretur;

490 5102 564 5155 te
580 5092 777 5167 melius
799 5093 1083 5167 multoque
1110 5092 1334 5167 rectius,
1364 5108 1489 5155 cum
1517 5094 1820 5168 Begingcro
1842 5101 1927 5155 vel
1950 5117 2075 5173 cum

2182 4551 2446 4621 juvenum
2473 4546 2797 4617 frequentia,
2823 4545 3293 4610 animadverteret,
3315 4545 3370 4599 in
3393 4544 3582 4600 arduis
3601 4546 3773 4601 rebus

2186 4643 2302 4697 suis
2324 4647 2590 4710 quantum
2626 4638 2740 4707 spei
2768 4638 2823 4691 in
2852 4638 2932 4691 eis
2966 4651 3168 4706 ponere
3203 4636 3501 4705 debuisset.
3533 4634 3769 4707 Operam

2184 4749 2341 4791 suam
2359 4731 2589 4801 benigne
2617 4730 2904 4799 spondent,
2923 4728 3306 4799 jusjurandum
3333 4728 3485 4794 dant,
3513 4737 3770 4798 sumptus

2182 4825 2250 4879 ad
2279 4824 2480 4877 bellum
2517 4820 3008 4880 administrandum
3035 4834 3103 4873 ex
3140 4834 3237 4873 sua
3274 4834 3333 4873 re
3367 4818 3622 4873 familiari
3654 4819 3773 4874 sin-

2186 4916 2297 4988 guli
2320 4930 2421 4985 pro
2455 4912 2600 4968 virili
2628 4911 2876 4981 portione
2902 4910 3156 4977 offerunt,
3183 4918 3236 4964 et
3265 4911 3443 4980 quoad
3468 4911 3658 4965 vivant
3675 4911 3770 4943 ¹⁰⁸⁸

2184 5023 2285 5077 pro
2320 5007 2527 5060 honore
2569 5004 2689 5073 ejus
2731 5004 2921 5059 devote
2954 5018 3013 5057 se
3050 5003 3377 5057 militaturos
3414 5002 3766 5057 conﬁrmant.

2184 5099 2264 5175 ita
2297 5114 2395 5171 rex
2417 5097 2636 5171 civitate
2660 5095 3028 5168 minutissima
3068 5094 3291 5168 potitus,
3326 5094 3469 5166 hanc
3503 5094 3771 5175 deinceps

1667 5219 1679 5227 ’
1783 5251 2008 5307 vanus
2048 5253 2452 5310 LISSTIONES.
