4076 5310
269 178 411 246 1145

1466 183 1805 245 ANNALES.
1836 218 1907 227 —
1934 186 2047 244 AN.
2082 186 2247 248 1073.,

3390 189 3548 263 me,

267 290 397 350 b‘elli
421 300 628 364 sedem,
659 299 802 353 hanc
821 296 977 369 regni
1010 312 1215 366 arcem,
1249 298 1414 365 hanc,
1449 307 1747 369 utcumque
1766 312 1855 354 res
1884 300 1933 356 Α
1955 308 2011 355 et
2036 300 2181 356 bona
2206 314 2421 367 eorum,
2446 315 2570 371 qua:
2595 308 2750 359 extra
2786 299 2971 359 villam
3007 308 3223 371 reperta
3270 298 3525 370 fuissent,

268 385 630 454 occulissent,
681 389 1020 444 tutissimum
1066 389 1268 445 asilum
1306 390 1508 446 habere
1556 389 1743 460 erepit,
1781 404 1848 444 eo

268 477 418 550 quod
431 487 575 536 esset
595 488 649 535 et
672 480 884 538 civibus
915 482 1259 553 frequens,et
1280 498 1564 538 murorum
1592 482 1849 538 firmitate

268 570 725 643 inexpugnabilis,
748 582 804 629 et
833 575 1078 630 ubertate
1116 574 1622 646 circumjacentium
1665 575 1847 648 regio-

267 678 403 721 num
432 664 870 736 opulentissima,
904 675 960 723 et
988 667 1243 723 omnibus
1281 684 1406 739 qute
1444 668 1497 723 in
1541 667 1684 723 bello
1721 669 1848 724 usui

267 770 393 812 esse
445 755 624 814 solent
654 758 829 829 copiis
869 758 1314 817 instructissima.
1363 759 1539 816 Porro
1566 761 1624 816 hi
1654 760 1749 831 qui
1779 761 1849 817 ab

268 846 680 919 archiepiscopo
714 848 1031 922 Mogontino
1059 852 1126 906 ad
1156 852 1491 923 colloquium
1515 852 1847 924 Mogontiam

267 940 480 997 evocati
506 938 745 1009 fuerant,
782 943 970 999 audito
1001 945 1150 1014 quod
1183 960 1279 1000 rex
1312 945 1561 1001 concitus
1591 946 1849 1001 adventa-

268 1039 392 1101 ret,
420 1032 606 1104 plures
644 1043 792 1089 metu
827 1037 1086 1107 perculsi,
1135 1052 1203 1092 eo
1238 1037 1423 1092 venire
1470 1038 1849 1094 dissimulave-

269 1133 431 1193 runt;
467 1125 628 1197 pauci
651 1127 747 1198 qui
783 1137 1071 1196 venerunt,
1099 1144 1224 1186 cum
1252 1129 1321 1185 de
1343 1130 1510 1186 tantis
1539 1130 1702 1186 rebus
1729 1130 1849 1186 sine

267 1216 502 1275 aliorum
527 1218 834 1290 principum
852 1220 1194 1277 discussione
1222 1222 1547 1278 sententiam
1571 1221 1712 1278 ferre
1738 1236 1848 1277 non

268 1310 554 1378 auderent,
593 1309 735 1369 irriti
770 1311 1129 1385 frustratique
1171 1315 1561 1372 discesserunt.
1593 1315 1676 1371 Ad
1708 1330 1849 1386 quos

267 1416 363 1458 rex
394 1402 604 1473 legatos
624 1404 866 1474 mittens,
895 1406 1084 1463 multis
1104 1406 1358 1477 precibus
1382 1407 1464 1464 eis
1495 1407 1587 1462 vix
1620 1415 1675 1462 et
1706 1422 1849 1478 aegre

268 1495 517 1564 extorsit,
552 1504 614 1552 ut
636 1496 739 1553 sibi
762 1497 1048 1555 familiaris
1067 1499 1324 1570 colloquii
1358 1499 1534 1571 gratia
1557 1498 1611 1554 in
1641 1496 1851 1570 Oppen-

268 1584 415 1642 beim
433 1587 525 1620 ¹⁰⁸⁹
545 1599 914 1646 occurrerent.
941 1589 1063 1658 Quo
1089 1592 1242 1659 dum,
1273 1591 1416 1648 datis
1445 1592 1723 1662 utrimque
1745 1592 1847 1648 ob-

269 1678 480 1738 sidibus
506 1690 728 1753 propter
762 1683 990 1756 periculi
1019 1683 1412 1755 suspicionem,
1436 1684 1736 1751 venissent,
1756 1699 1849 1754 pe-

266 1770 429 1829 dibus
460 1788 653 1831 corum
689 1776 1033 1848 provolutus,
1065 1777 1382 1848 suppliciter
1413 1777 1607 1833 orabat
1631 1786 1711 1843 ut,
1739 1792 1854 1833 me-

267 1879 451 1921 mores
484 1865 618 1939 justi
662 1868 866 1940 judicls
897 1868 1014 1939 Dei,
1054 1884 1329 1926 memores
1366 1870 1695 1926 sacramenti
1742 1884 1853 1941 quo

266 1970 328 2012 se
367 1954 481 2013 Deo
522 1959 794 2017 mediante
832 1961 1188 2034 obligassent,
1218 1961 1381 2019 fidem
1420 1961 1528 2019 sibi
1572 1967 1855 2017 servarent

265 2046 323 2103 in
345 2049 622 2120 adversis;
645 2052 693 2111 si
721 2054 853 2125 quid
882 2056 1116 2111 antehac
1147 2054 1491 2122 excessisset,
1520 2053 1853 2126 juvenilibus

265 2139 577 2199 animis‘m
618 2151 675 2200 et
714 2147 861 2202 artati
896 2147 955 2205 in
1002 2147 1206 2204 vicium
1258 2162 1448 2218 prona:
1492 2146 1710 2202 veniam
1751 2147 1852 2201 da-

266 2240 435 2301 rent;
504 2234 763 2309 deinceps
826 2248 882 2295 et
948 2239 1095 2297 malo
1160 2246 1469 2295 correctum
1544 2246 1601 2294 et
1675 2251 1851 2293 anno-

264 2340 393 2382 rum
428 2341 736 2401 sensusque
782 2333 1099 2388 maturitate
1153 2332 1507 2399 roboratam,
1557 2345 1682 2404 quae
1720 2343 1851 2399 par-

264 2419 380 2473 vuli
452 2420 567 2476 sint
634 2421 725 2454 ¹⁶⁹¹
812 2432 1246 2489 evacuaturum,
1297 2432 1353 2478 et
1417 2439 1541 2494 quae
1609 2420 1850 2489 virtutis,

266 2526 391 2582 quae
418 2512 678 2582 honoris,
711 2529 836 2585 quae
865 2516 1029 2587 regiae
1060 2515 1362 2587 dignitatis,
1407 2531 1530 2586 qua:
1570 2521 1852 2585 postremo

264 2603 444 2661 virum
504 2606 763 2675 deceant,
819 2608 1187 2680 cogitaturum
1237 2617 1292 2665 et
1325 2608 1726 2679 amplexurum.
1768 2604 1851 2660 Ad

266 2695 385 2755 haec
410 2698 489 2755 illi
537 2700 941 2773 responderunt
982 2700 1189 2757 frustra
1229 2717 1355 2758 cum
1386 2717 1420 2757 a
1454 2716 1515 2757 se
1547 2699 1709 2756 tidem
1750 2714 1850 2754 ex-

265 2797 471 2862 petere,
494 2807 662 2863 quam
689 2794 806 2864 ipse
851 2811 955 2851 nec
1006 2794 1118 2851 Deo
1165 2809 1426 2865 umquam
1483 2808 1586 2852 nec
1639 2791 1852 2847 homini

265 2884 637 2956 praestitisset,
657 2887 724 2943 de
753 2903 864 2958 quo
891 2888 1247 2960 ambigerem,
1267 2888 1474 2957 in'paee
1503 2902 1571 2941 an
1603 2886 1657 2942 in
1684 2886 1847 2954 bello,

1948 393 2141 449 crebra
2176 392 2492 450 incursione
2513 392 2937 465 pepulahantur,
2974 400 3029 446 et
3072 400 3403 451 mercatores
3438 410 3526 450 ex-

1950 490 2190 541 terarum
2222 484 2486 557 gentium,
2515 502 2584 541 ne
2608 494 2903 547 consuetas
2937 499 3147 540 merces
3194 499 3261 541 eo
3306 485 3526 543 confer-

1948 584 2091 643 rent,
2114 583 2264 631 metu
2290 574 2416 629 vitre
2441 574 2751 630 amittendae
2773 573 3109 630 inhibebant.
3125 572 3370 645 Cumque
3387 581 3527 633 tem-

1948 682 2080 739 pore
2097 664 2337 736 quodam
2361 664 2428 719 ad
2454 663 2729 720 modicum
2756 663 2898 719 inter
2915 679 3011 719 eos
3032 678 3137 735 pax
3160 662 3526 732 convenisset,

1948 753 2170 825 quidam
2190 768 2257 808 ex
2284 752 2509 815 castello
2537 750 2865 821 Goslariam,
2884 752 3110 823 privata:
3122 751 3202 808 rei
3213 751 3416 822 aliquid
3435 753 3525 785 ¹ο⁹⁹

1949 847 2026 903 ibi
2074 845 2273 913 acturi,
2322 853 2624 913 venerunt;
2678 845 2794 917 ubi,
2845 846 2971 901 cibo
2998 853 3240 917 potuquc
3282 845 3529 915 distenti,

1947 938 2078 995 dum
2110 939 2278 994 nimia
2299 936 2523 1009 potione
2554 936 2932 1006 incaluissent,
2960 937 3102 994 sicut
3133 937 3370 994 ebrietas
3407 953 3527 993 ma-

1950 1039 2033 1087 ter
2053 1047 2174 1087 esse
2201 1032 2294 1063 ¹¹⁰⁰
2341 1030 2482 1088 solet
2519 1029 2833 1101 jurgiorum
2855 1071 2868 1097 ,
2905 1038 3190 1102 creperum
3239 1030 3533 1087 adversum

1948 1138 2046 1182 eos
2071 1141 2198 1182 cum
2221 1125 2423 1196 quibus
2453 1123 2851 1180 accumbebant
2874 1123 3087 1194 ineptos
3114 1123 3532 1194 inconditosquc

1949 1232 2232 1274 sermones
2273 1218 2562 1289 jactitare,
2591 1225 2646 1273 ct
2681 1215 2993 1272 Saxonibus
3026 1216 3296 1288 ignaviam
3329 1230 3529 1291 cxpro:

1948 1307 2111 1365 brare
2129 1310 2241 1377 ¹¹⁰¹,
2254 1309 2403 1382 quod
2418 1324 2529 1366 non
2550 1308 2774 1365 militari
2791 1309 2885 1364 sed
2900 1308 3060 1364 ovina
3076 1317 3255 1364 mente
3269 1308 3531 1367 adversus

1949 1417 2133 1475 regem
2192 1419 2347 1459 arma
2392 1403 2779 1474 sumpsissent.
2834 1400 3102 1474 lndignati
3158 1400 3255 1472 qui
3306 1401 3533 1477 aderant

1952 1493 2221 1565 Saxones,
2251 1497 2522 1554 seditione
2542 1495 2838 1561 concitata,
2861 1510 2958 1550 eos
2992 1494 3403 1549 trucidaverunt
3440 1491 3530 1547 fo-

1950 1605 2152 1662 rasque
2179 1590 2548 1662 proiecerunt.
2575 1587 2731 1655 Quod
2765 1587 2855 1643 ubi
2880 1587 2967 1643 bis
2986 1586 3082 1659 qui
3120 1586 3175 1643 in
3199 1584 3533 1658 llartesburg

1950 1691 2111 1738 erant
2141 1684 2232 1715 ¹¹⁰²
2262 1689 2604 1753 compertum
2630 1688 2734 1746 est,
2758 1679 2939 1736 dedita
2982 1694 3147 1749 opera
3183 1694 3243 1735 sc
3277 1679 3331 1733 in
3370 1677 3533 1732 ultio—
3564 1662 3569 1665 ’

1952 1790 2078 1830 nem
2102 1776 2380 1832 sociorum
2410 1790 2639 1831 suorum
2673 1772 3056 1840 accinxerunt;
3092 1780 3147 1826 et
3171 1771 3299 1842 quia
3326 1770 3532 1835 villam,

1951 1867 2088 1924 viris
2123 1867 2376 1935 fortibus,
2405 1865 2563 1923 vallis
2582 1875 2638 1923 et
2655 1866 2794 1922 seris
2824 1864 3067 1936 undique
3112 1864 3203 1895 ¹¹⁰³
3242 1863 3532 1929 munitam,

1952 1958 2235 2016 incursare
2268 1962 2403 2016 haut
2422 1960 2555 2016 satis
2578 1966 2754 2014 tutum
2781 1958 3098 2029 putabatur,
3120 1957 3247 2013 dolo
3283 1970 3381 2013 eos
3428 1955 3536 2011 cir-

1953 2052 2270 2109 cumvenire
2294 2053 2576 2124 parabant.
2616 2050 2747 2106 Erat
2777 2050 3002 2121 quidam
3042 2048 3305 2105 Goslarire
3338 2045 3535 2119 praefe-

1953 2153 2098 2213 ctus,
2123 2144 2275 2202 Bodo
2308 2146 2400 2179 “”
2444 2144 2696 2210 nomine,
2728 2142 2843 2215 regi
2885 2149 3128 2211 tempore
3177 2139 3330 2211 pacis
3373 2154 3535 2195 accc-

1953 2238 2259 2309 ptissimus,
2287 2254 2433 2294 nunc
2463 2252 2685 2308 quoque
2735 2234 2953 2290 turbata
3002 2248 3062 2288 re
3107 2230 3321 2303 publica
3374 2231 3536 2287 fidem

1953 2331 2268 2388 inviolatam
2304 2332 2355 2387 ei
2394 2345 2638 2395 servans,
2676 2327 2889 2384 occulte
2935 2335 3117 2381 tamen
3168 2334 3319 2380 metu
3359 2321 3537 2379 Saxo-

1952 2441 2109 2492 num,
2162 2441 2232 2481 ne
2285 2422 2659 2494 deprehensus
2704 2419 2940 2476 factione
2996 2418 3144 2491 vulgi
3202 2416 3387 2473 omnia
3435 2432 3539 2473 sua

1951 2518 2246 2574 amitteret.
2270 2515 2324 2573 Is
2353 2516 2444 2549 ¹¹⁰⁸
2466 2515 2693 2570 edoctus
2714 2513 2784 2568 ab
2803 2511 2890 2568 bis
2909 2510 3004 2583 qui
3038 2510 3092 2566 in
3114 2508 3337 2566 castello
3360 2516 3539 2579 erant,

1951 2621 2223 2684 pastores,
2248 2610 2344 2683 qui
2370 2606 2802 2665 Goslariensium
2838 2619 3037 2676 pecora
3080 2602 3390 2668 servabant,
3420 2616 3540 2673 pre-

1951 2706 2040 2762 cio
2069 2704 2339 2776 corrupit,
2381 2711 2442 2758 ut
2487 2717 2702 2775 gregem
2750 2700 2915 2772 paulo
2960 2698 3180 2769 longius
3229 2712 3263 2751 a
3303 2693 3433 2749 villa
3481 2694 3538 2749 in

1950 2807 2169 2870 pastum
2193 2798 2473 2867 cjicerent.
2494 2793 2646 2849 Missi
2672 2792 2740 2848 de
2767 2791 2994 2848 castello
3022 2791 3257 2861 equites,
3272 2803 3337 2844 ea
3360 2786 3537 2858 proti-

1951 2908 2058 2948 nus
2080 2890 2398 2961 abegerunt.
2423 2886 2602 2942 Ceteri
2629 2886 2683 2941 in
2712 2884 2994 2941 montibus
3034 2892 3091 2939 et
3136 2880 3289 2939 silvis
3340 2880 3539 2937 armati

267 2977 466 3035 amicis
498 2994 570 3034 an
610 2979 852 3037 inimicis
906 2980 1158 3038 infestior
1204 2980 1623 3051 suspectiorque
1679 2986 1846 3046 esset,
1876 2990 1919 3048 c
1950 2999 2011 3041 se
2038 2982 2384 3039 abdiderunt.
2422 2978 2639 3034 Perlato
2686 2976 2994 3034 Goslariam
3038 2987 3264 3030 rumore
3311 2971 3536 3029 abacto-

268 3071 474 3156 quisue
493 3080 621 3130 ante
634 3088 840 3145 paucos
853 3073 991 3140 dies,
1006 3073 1201 3145 positis
1214 3073 1318 3129 sibi
1340 3072 1397 3129 in
1418 3072 1743 3143 Wirceburg
1760 3072 1775 3103 ί
1784 3072 1851 3104 ¹⁹¹

268 3171 327 3229 et
356 3165 427 3222 de
456 3166 635 3224 salute
683 3166 804 3238 ejus
844 3166 1233 3232 tractantibus,
1260 3166 1513 3223 clanculo
1564 3164 1852 3223 carnifices

267 3265 615 3331 mortemque
647 3268 1048 3332 prmparasset;
1088 3260 1177 3317 sin
1212 3258 1420 3331 aliquid
1474 3258 1701 3313 haberet
1747 3258 1849 3313 ob-

269 3351 495 3408 tendere
544 3360 642 3409 aut
687 3368 786 3425 per
834 3353 1202 3425 quorumdam
1244 3351 1538 3409 factionem
1567 3350 1657 3383 ¹¹⁹³
1697 3349 1852 3410 falsis

269 3443 597 3504 criminibus
641 3462 702 3503 se
739 3446 1046 3517 impetitum
1079 3453 1316 3517 putaret,
1352 3444 1556 3501 sineret
1606 3441 1855 3502 Oudalri-

270 3552 400 3599 cum
432 3539 500 3595 de
526 3538 782 3601 Cosheim
803 3581 817 3607 ,
849 3526 992 3603 sicut
1030 3539 1313 3610 professus
1357 3537 1573 3603 fuisset,
1626 3552 1850 3593 manum

270 3628 522 3700 conkrre
564 3648 692 3688 cum
737 3631 1061 3707 Regingero,
1090 3641 1170 3701 ut,
1203 3633 1251 3690 si
1278 3632 1519 3699 vicisset,
1555 3645 1654 3688 eos
1698 3630 1852 3687 dein-

269 3737 402 3809 ceps
434 3723 575 3785 fidos
597 3725 703 3798 sibi
746 3726 1123 3798 obnoxiosque
1179 3726 1299 3782 sine
1343 3725 1495 3782 omni
1542 3724 1600 3780 in
1653 3739 1850 3795 perpe—

270 3820 431 3883 tuum
473 3816 569 3852 ¹⁰⁹⁸
640 3818 1074 3877 contradictione
1134 3819 1377 3879 haberet.
1440 3817 1700 3873 Libenter
1754 3833 1852 3874 rex

270 3908 515 3979 suscepit
560 3910 965 3982 conditionem,
994 3912 1294 3983 statuitque
1338 3920 1401 3967 ut
1441 3917 1595 3969 certo
1623 3909 1713 3942 “°'
1763 3910 1853 3972 die

170 4031 182 4041 ‘
271 4007 399 4074 Ροεί
433 4009 682 4059 octavam
722 4004 816 4036 ¹⁰⁹⁶
866 4004 1174 4076 epiphania:
1217 4004 1498 4076 congressi
1524 4018 1695 4075 prope
1730 4001 1850 4057 Mo—

271 4091 522 4163 guntiam
547 4093 605 4150 in
624 4095 806 4152 insula
832 4095 970 4152 Rcui
993 4114 1117 4168 quae
1143 4097 1344 4153 dicitur
1390 4096 1628 4152 Marowa
1677 4096 1849 4168 (555),

271 4182 564 4253 utriusaue
588 4188 767 4259 partis
795 4189 1175 4260 allegationem
1209 4190 1362 4261 justo
1394 4189 1566 4263 judici
1604 4188 1717 4245 Deo
1753 4188 1850 4244 de-

269 4276 604 4333 cernendam
635 4278 725 4312 ¹⁰⁹⁷
776 4281 1173 4351 permitterent.

342 4363 423 4424 Ea
449 4374 773 4442 tempestate
797 4372 853 4427 hi
878 4373 974 4444 qui
1010 4373 1066 4428 in
1108 4372 1445 4445 Hartcsburg
1476 4379 1653 4437 erant,
1682 4370 1853 4425 multa

269 4462 332 4530 ᾳι
382 4462 648 4531 praeclara
691 4463 948 4521 militaris
1002 4465 1246 4521 audaciae
1298 4465 1544 4521 facinora
1584 4462 1849 4519 fecerunt.

271 4545 413 4608 Nam
459 4568 836 4626 saepenumero
881 4566 1253 4630 erumpentes,
1304 4558 1518 4629 praedas
1557 4557 1613 4610 in
1660 4555 1855 4612 vicinis

272 4641 591 4717 regionibus
610 4656 666 4703 et
683 4656 894 4720 strages
914 4650 1202 4705 hominum
1218 4665 1327 4705 non
1344 4648 1588 4704 modicas
1604 4647 1855 4719 agebant,

274 4743 330 4797 et
355 4737 679 4809 priusquam
701 4738 949 4797 Saxones
977 4741 1045 4796 ad
1075 4742 1187 4796 vim
1222 4742 1516 4798 arcendam
1543 4739 1857 4811 frequentes

273 4830 550 4903 confluere
577 4841 821 4903 possent,
851 4849 910 4889 se
939 4833 993 4887 in
1020 4834 1304 4895 castellum
1351 4842 1688 4904 receperant.
1736 4832 1856 4889 Ma—

273 4924 421 4983 xime
448 4935 636 4983 autem
679 4928 1124 4985 Goslariensihus
1171 4936 1396 5000 propter
1453 4927 1711 4984 viciniam
1763 4928 1858 4961 ¹⁰⁹⁸

272 5015 525 5077 uitiatas
548 5026 726 5075 erant.
759 5019 1040 5076 Plurimos
1069 5019 1218 5075 enim
1246 5027 1848 5097 eorumgperemerunt,

1953 3091 2076 3131 rum
2131 3088 2412 3146 pecorum,
2464 3071 2796 3127 unanimiter
2841 3068 2909 3124 ad
2959 3082 3121 3124 arma
3162 3063 3537 3132 conclamant,

1953 3167 2185 3225 summis
2210 3182 2403 3223 omnes
2425 3165 2633 3220 viribus
2655 3164 2710 3218 in
2742 3170 3019 3219 certamen
3050 3166 3240 3228 ruunt,
3267 3173 3370 3215 nec
3382 3156 3537 3229 quis-

1952 3277 2120 3333 quam
2144 3261 2378 3318 alterum
2411 3257 2775 3328 operiebatur,
2794 3256 2891 3312 sed
2909 3254 3081 3311 citato
3105 3253 3344 3324 quisque
3366 3266 3543 3322 quan-

1952 3363 2068 3410 tum
2104 3360 2319 3425 poterat
2342 3365 2503 3421 equo,
2522 3350 2673 3420 prior
2696 3350 2913 3404 hostem
2944 3345 3160 3416 insequi
3188 3344 3543 3415 praedamque

1951 3455 2208 3503 excutere
2236 3443 2615 3500 contendebat.
2654 3440 2735 3496 Illi
2779 3439 3064 3511 paululum
3099 3437 3227 3508 fuga
3277 3435 3536 3492 simulata

1952 3541 2217 3597 cedebant
2241 3535 2680 3606 insequentibus,
2702 3534 2878 3590 donec
2895 3547 2992 3588 eos
3031 3531 3174 3586 ultra
3218 3530 3399 3589 locum
3445 3527 3537 3583 inv

1953 3634 2219 3691 sidiarum
2247 3631 2498 3686 incautos
2537 3628 2940 3699 protraherent.
2983 3623 3139 3681 Tunc
3170 3621 3391 3681 sublato
3436 3634 3539 3683 un—

1951 3727 2116 3797 dique
2139 3726 2399 3789 clamore,
2427 3729 2539 3777 tam
2572 3721 2628 3776 hi
2659 3720 2756 3791 qui
2787 3718 2840 3774 in
2870 3718 3098 3774 castello
3136 3720 3534 3779 remanserant,
3580 3774 3588 3778 ,

1951 3804 2119 3891 quam
2141 3819 2198 3874 hi
2219 3818 2316 3890 qui
2352 3817 2409 3872 in
2441 3814 2638 3871 vicinis
2666 3812 2946 3869 montibus
2995 3827 3055 3867 se
3104 3807 3535 3875 occultaverant,

1952 3912 2217 3984 impetum
2245 3910 2302 3966 in
2335 3924 2432 3965 eos
2456 3906 2721 3973 fecerunt,
2739 3913 2795 3961 et
2815 3913 2926 3960 tam
2952 3902 3046 3959 diu
3066 3902 3313 3973 palantes
3328 3897 3541 3972 fugien—

1952 4014 2145 4076 tesque
2186 4002 2629 4076 prosternebant,
2650 4000 2826 4056 donec
2854 4012 2965 4053 non
2988 3995 3129 4051 ratio
3155 3994 3251 4051 sed
3282 3990 3392 4049 fusi
3415 4007 3541 4048 san-

1953 4098 2134 4177 guinis
2164 4098 2364 4152 horror
2395 4110 2461 4151 ac
2495 4093 2724 4150 satietas
2763 4089 3036 4147 occidioni
3066 4087 3156 4120 “°°
3192 4086 3356 4141 ﬁnem
3382 4082 3533 4140 face-

1952 4199 2092 4246 rent.
2126 4189 2355 4260 Pr0pter
2381 4188 2499 4243 haec
2523 4194 2576 4240 et
2598 4185 2702 4240 alia
2732 4181 3046 4253 hujusmodi
3074 4178 3278 4250 placuit
3311 4177 3538 4231 Saxoni-

1954 4284 2059 4340 bus
2085 4281 2396 4352 proximum
2433 4277 2657 4334 castello
2685 4275 2879 4332 collem
2901 4285 3192 4343 occupare,
3227 4269 3557 4340 militesque

1958 4375 2258 4446 imponere,
2286 4372 2383 4444 qui
2409 4378 2602 4428 contra
2630 4367 2987 4424 excursiones
3012 4363 3257 4420 hostium
3295 4362 3414 4418 sine
3454 4361 3538 4417 in-

1960 4468 2308 4524 termissione
2333 4463 2529 4520 intenti
2567 4459 2895 4531 sollicitique
2933 4457 3286 4514 excubarent.
3316 4452 3430 4511 Nec
3453 4453 3538 4512 sic

1959 4568 2143 4617 tamen
2199 4556 2444 4615 audaci-ae
2487 4569 2681 4610 eorum
2732 4552 2958 4608 modum
3000 4551 3398 4621 imposuerunt,
3439 4545 3541 4604 sed

1961 4653 2296 4724 ubicumque
2321 4647 2666 4721 oportunitas
2690 4662 2750 4702 se
2773 4644 3025 4718 praebuit,
3052 4643 3224 4698 multa
3251 4647 3308 4695 et
3337 4638 3394 4694 in
3438 4652 3544 4695 eos

1962 4762 1993 4802 a
2033 4746 2239 4818 quibus
2290 4741 2717 4799 asservabantur
2773 4744 2830 4794 et
2879 4737 2937 4793 in
2994 4737 3133 4793 alios
3177 4729 3556 4805 provinciales

1960 4838 2183 4895 hostilia
2202 4838 2473 4894 fecerunt.

2036 4930 2246 4987 Interea
2275 4928 2517 4987 instante
2533 4930 2648 4997 jam
2676 4923 2848 4980 natali
2859 4922 2948 4978 die
2969 4921 3059 4953 ιη’
3084 4913 3327 4982 Domini,
3343 4909 3614 4985 milite;

1960 5025 2108 5097 regis
2135 5024 2230 5097 qui
2261 5021 2355 5055 ¹¹⁰⁸
2389 5021 2444 5076 in
2476 5018 2568 5051 ¹¹⁰⁹
2590 5016 2869 5087 Asenberg
2896 5011 3292 5073 obsidebantur
3329 4998 3640 5083 assidue

1598 5150 1834 5211 unus
1871 5118 2316 5216 LECTIONESJ

348 5266 442 5301 “3’
468 5264 808 5310 nnmnlmim
849 5269 884 5310 Χ
986 5267 1081 5302 ίοοθ
1106 5269 1265 5310 anni:
1293 5268 1358 5310 ad
1417 5264 1480 5310 Π-

1588 5267 1679 5299 ίοθί
1711 5277 1836 5310 enni
1866 5267 1913 5310 Κ.

2026 5271 2117 5304 ίοοί
2151 5268 2514 5310 Wirn-zplmro‘
2535 5267 2585 5310 3.
2655 5265 2748 5297 ¹⁰⁹⁴
2783 5273 3022 5310 nuarum
3051 5250 3481 5310 damnacionem
3527 5260 3596 5310 π
