4076 5310
503 213 649 306 itit

1643 243 1996 301 LAMBERTI
2037 198 2600 302 HERSFELDENSiS

3636 183 3787 288 me

499 357 710 430 legatos
743 368 813 412 ao
837 332 1018 426 regem
1047 325 1359 422 mittebant,
1376 362 1632 426 rogantes
1658 331 1991 426 pen-Deum,
2017 365 2079 412 ut
2106 373 2153 430 Α
2179 366 2288 424 tur,
2313 357 2371 436 si.
2389 355 2599 411 evocati
2625 351 2693 408 ad
2718 359 2928 408 curtcm
2958 325 3147 407 venire
3187 325 3578 406 detrTectarent.
3620 347 3784 417 Quos

502 449 571 506 ad
595 448 929 519 ereptionem
965 461 1155 501 eorum
1183 447 1402 517 aliquod
1433 447 1722 502 consilium
1751 448 2080 519 exquireret,

503 541 765 612 quoniam
793 539 1173 596 deﬁcientibus
1205 539 1480 594 alimentis
1503 548 1744 594 extrema
1764 541 1879 611 jam
1906 537 2084 597 inedia

503 635 864 700 tabescerent,
891 640 964 700 et,
1002 633 1108 687 nisi
1137 641 1350 686 mature
1379 633 1812 702 periclitantibus
1833 633 2086 688 consule-

503 733 674 792 retur,
699 733 794 779 aut
827 725 1170 779 moriendum
1201 724 1302 780 sibi
1329 739 1452 780 esse
1486 733 1583 778 aut
1617 724 1670 778 in
1709 723 1948 780 hostium
1994 741 2089 794 po-

504 825 753 873 testatem
785 817 1192 872 concedendum
1247 816 1386 896 Rex,
1428 816 1802 888 Mogontinum
1842 815 2086 889 et§Colo-

504 910 750 982 niensem
777 909 1218 980 archiepiscopos
1243 910 1311 964 ad
1339 908 1674 980 colloquium
1717 924 1972 976 evocans,
1997 909 2092 964 ob-

507 1002 636 1058 nixe
693 1002 906 1073 rogavit
951 1011 1012 1056 ut
1061 1000 1308 1056 Saxones
1365 1001 1721 1076 convenirent
1747 1009 2089 1072 agerentque

506 1111 635 1152 cum
657 1094 756 1161 eis,
789 1102 851 1149 ut
885 1094 954 1148 ab
989 1093 1391 1165 oppugnatione
1417 1093 1787 1160 castellorum,
1811 1093 1953 1149 datis
1977 1093 2088 1148 sal-

509 1197 619 1243 tem
663 1187 731 1242 ad
775 1185 1050 1240 modicum
1086 1193 1301 1256 tempus
1337 1185 1592 1252 induciis,
1621 1186 1954 1241 recederent.
2005 1184 2090 1258 Illi

507 1293 842 1349 quamquam
866 1277 1108 1332 laborem
1129 1277 1278 1334 hunc
1304 1277 1360 1332 in
1398 1277 1615 1335 irritum
1646 1293 1934 1333 cessurum
1957 1277 2092 1334 haut

508 1369 672 1425 dubie
687 1371 906 1437 scirent,
926 1379 1128 1438 tamen,
1149 1370 1277 1440 quia
1301 1371 1569 1426 molestus
1589 1370 1669 1426 eis
1694 1378 1830 1436 erat,
1851 1370 2092 1426 facturos

509 1478 569 1517 se
592 1463 738 1532 quod
767 1463 1104 1534 rogabantur
1132 1463 1523 1532 promiserunt,
1571 1462 1864 1532 statimque
1908 1461 2094 1524 missis

511 1554 702 1625 legatis
735 1555 1132 1610 mandaverunt
1164 1554 1503 1624 principibus
1563 1553 1835 1618 Saxoniie,
1879 1562 1940 1608 ut
1991 1551 2096 1610 sibi

513 1648 762 1715 proxima
813 1647 1114 1703 ebdomada
1162 1647 1253 1678 ¹¹¹⁰
1304 1656 1430 1718 post
1487 1648 1793 1718 epipbania:
1829 1648 1919 1679 ””
1955 1646 2096 1702 Cor-

513 1740 649 1795 beize
668 1740 737 1794 ad
765 1740 1097 1809 colloquium
1121 1747 1492 1796 occurrerent.

578 1831 693 1887 Hoc
727 1848 872 1886 anno
892 1841 1018 1902 post
1041 1841 1294 1887 exortum
1322 1833 1526 1887 bellum
1567 1831 1898 1889 Saxonicum
1945 1831 2092 1890 nulla

513 1925 768 1995 deinceps
803 1925 1014 1980 exactio
1043 1925 1185 1980 facta
1207 1933 1290 1980 est
1325 1925 1662 1980 decimarum
1689 1925 1744 1980 in
1771 1925 2091 1998 Tb‘uringia,

515 2018 878 2089 gaudentibus
936 2016 1234 2090 Thuringis
1275 2019 1424 2093 quod
1469 2019 1813 2074 occasionem
1862 2019 2098 2076 invenis-

515 2118 637 2165 sent
667 2119 728 2164 ut
754 2111 984 2166 traditas
1013 2111 1117 2166 sibi
1151 2128 1183 2166 a
1227 2111 1475 2182 patribus
1499 2109 1646 2182 leges
1677 2129 1843 2167 manu
1873 2113 2094 2168 militari

513 2210 818 2270 tuerentur,
853 2212 909 2258 et
933 2205 1150 2258 dolente
1177 2221 1301 2275 rege
1353 2205 1521 2276 quod,
1555 2204 1684 2258 dum
1723 2205 1950 2260 decimis
1988 2205 2094 2260 im-

513 2295 848 2351 moderatius
875 2297 1131 2366 inhiaret,
1159 2313 1296 2370 pene
1317 2313 1544 2369 regnum
1577 2313 1702 2352 cum
1733 2299 1838 2352 vita
1876 2299 2096 2355 amisis-

515 2393 599 2441 set
641 2387 752 2442 ω’.

587 2477 704 2534 Hoc
727 2480 890 2535 etiam
917 2497 1060 2536 anno
1091 2479 1496 2537 famosissimus
1527 2483 1615 2537 ille
1648 2481 1817 2553 Egcn,
1849 2481 1942 2552 qui
1969 2483 2095 2539 duci

515 2568 782 2640 Bajoariaa
826 2571 1014 2628 Ottoni
1069 2575 1300 2644 capitale
1350 2575 1481 2629 illud
1527 2575 1734 2630 crimen
1771 2575 2093 2646 intenderat,

516 2677 678 2734 comp
708 2665 946 2720 ebensus
977 2665 1032 2721 in
1065 2668 1304 2736 quodam
1329 2667 1636 2735 latrocinio,
1666 2684 1698 2722 a
1744 2668 2098 2738 popularibus

517 2767 753 2814 caecatus
778 2767 882 2825 est,
915 2767 968 2814 et
1007 2760 1075 2814 ad
1126 2769 1332 2815 tantam
1376 2769 1671 2832 egestatem
1719 2762 1988 2829 redactus,
2038 2749 2100 2818 ut

517 2848 774 2919 deinceps
793 2851 1033 2906 ostiatim
1051 2853 1385 2907 circueundo
1403 2853 1494 2883 ¹¹¹³
1509 2853 1702 2922 stipem
1721 2855 1992 2923 publicam
2011 2870 2102 2926 pe-

520 2950 677 2996 teret.
699 2942 831 2996 Giso
853 2943 944 2974 ““
975 2943 1122 3014 (55.1)
1141 2960 1360 3015 quoque
1382 2960 1566 3000 comes
1587 2953 1642 2999 et
1661 2946 1988 3002 Adalbcrtus
2005 2946 2096 2979 ”"‘

2185 459 2368 506 tamen
2399 449 2486 503 ille
2515 447 2664 501 nullo
2689 446 2852 500 modo
2891 461 2921 498 a
2964 459 3022 500 se
3067 443 3360 498 abscedere
3393 441 3783 514 permittebat,

2187 551 2446 612 reputans
2481 538 2649 610 quod,
2679 539 2724 593 si
2739 537 2920 592 minus
2946 535 3132 592 auxilii
3159 535 3284 604 sibi,
3306 537 3558 593 hostibus
3588 543 3784 595 tamen

2187 634 2422 688 multum
2459 631 2682 686 terroris
2733 629 2950 684 allaturi
2987 636 3190 694 essent,
3215 628 3346 684 dum
3375 637 3490 684 tam
3526 629 3786 688 illustres

2188 725 2242 780 in
2267 739 2436 795 regno
2463 738 2726 794 personas
2753 722 3017 776 adversus
3041 737 3099 776 se
3124 731 3479 794 congregatas
3495 719 3783 777 audirent.

2259 815 2608 886 Mogontinus
2634 824 2687 868 et
2711 811 3059 868 Coloniensis
3085 813 3483 886 archiepiscopi
3531 814 3625 870 die
3668 825 3790 870 sta-

2189 917 2303 962 tuta
2335 907 2622 962 Corbciam
2649 907 2806 976 juxta
2835 905 3149 961 condictum
3177 907 3457 962 venientes
3506 905 3664 977 (Jan.
3691 908 3791 961 Β(

2193 1001 2302 1071 18),
2342 1001 2483 1055 sicut
2525 1001 2580 1054 in
2624 999 2894 1054 mandatis
2940 1015 2970 1052 a
3013 1013 3139 1068 rege
3187 997 3478 1066 habebant,
3507 1000 3788 1071 rogabant

2193 1081 2438 1150 Saxones
2469 1093 2562 1164 qui
2592 1092 2792 1147 ibidem
2848 1099 3222 1158 occurrerant,
3260 1100 3322 1146 ut
3362 1091 3432 1146 ab
3484 1107 3786 1162 oppugna-

2192 1185 2340 1240 tione
2356 1185 2706 1240 castellorum
2733 1184 3032 1239 exercitum
3061 1185 3408 1239 abducerent.
3431 1184 3499 1238 At
3524 1184 3604 1238 illi
3628 1183 3788 1242 nulla

2192 1275 2404 1332 ratione
2430 1277 2534 1340 hoc
2555 1293 2614 1332 se
2644 1276 2888 1332 facturos
2912 1277 3330 1346 responderunt.
3368 1275 3646 1332 Praeterea
3678 1291 3787 1332 vc-

2193 1370 2478 1425 hementer
2505 1385 2600 1424 eos
2629 1369 3011 1440 objurgarunt,
3043 1369 3209 1440 quod,
3245 1369 3376 1424 dum
3420 1369 3788 1426 deliberando

2195 1463 2438 1518 etmodo
2480 1461 2750 1532 colloquia
2799 1462 2963 1518 modo
3016 1461 3264 1518 inducias
3293 1463 3596 1533 expetendo
3634 1469 3788 1518 tem-

2196 1571 2300 1626 pus
2329 1563 2567 1610 tererent
2598 1555 2709 1622 “",
2742 1563 2796 1610 et
2831 1556 2944 1627 regi
2975 1555 3259 1611 audaciam
3283 1555 3570 1610 auxissent
3586 1560 3648 1610 et
3674 1555 3788 1611 sibi

2197 1648 2465 1703 maximas
2503 1648 2918 1704 commoditates
2963 1647 3302 1704 vindicandae
3337 1647 3607 1702 libertatis
3656 1661 3788 1703 cor-

2123 1724 2169 1782 B
2194 1740 2502 1811 rupissent;
2560 1742 2786 1812 proinde
2842 1741 3175 1806 recederent,
3218 1751 3318 1795 nec
3362 1739 3466 1796 sibi
3508 1740 3658 1794 ultra
3687 1740 3785 1771 ⁸⁸³⁸

2191 1835 2374 1889 verbis
2398 1833 2638 1904 paciﬁcis
2669 1834 2723 1888 in
2751 1835 2877 1888 dolo
2902 1833 3223 1900 illuderent;
3254 1847 3312 1888 se
3341 1832 3394 1886 in
3423 1849 3548 1887 eum
3593 1832 3788 1890 locum

2193 1942 2514 1998 progressos
2549 1943 2688 1993 esse,
2715 1927 2807 1981 ubi
2829 1927 2938 1996 jam
2963 1942 3072 1980 non
3096 1925 3451 1980 muliebribus
3480 1927 3570 1956 ¹¹¹¹
3603 1925 3785 1980 collo-

2194 2020 2338 2088 quiis
2362 2019 2454 2074 sed
2485 2016 2815 2075 militaribus
2843 2018 3014 2074 armis
3058 2034 3146 2073 res
3189 2018 3522 2092 expedienda
3558 2019 3654 2050 ““
3687 2019 3786 2074 sit.

2195 2109 2297 2168 Vix
2323 2111 2538 2167 tandem
2581 2113 2764 2168 sedata
2814 2111 3162 2177 multitudine
3189 2110 3257 2168 ab
3292 2101 3378 2166 bis
3427 2110 3522 2181 qui
3568 2110 3790 2182 sapien-

2194 2205 2364 2260 tiores
2406 2213 2580 2272 erant,
2626 2205 2873 2260 unanimi
2913 2219 3188 2260 consensu
3241 2211 3555 2258 statuerunt
3597 2213 3662 2259 ut
3691 2203 3786 2235 “"

2193 2296 2442 2366 proxima
2471 2298 2770 2353 ebdomada
2798 2304 2922 2368 post
2945 2295 3381 2370 puriﬁcationem
3429 2307 3638 2353 sancta:
3690 2295 3787 2330 “”‘

2195 2387 2379 2445 Maria:
2416 2388 2674 2446 Friteslar
2699 2391 2789 2422 ¹¹²³
2823 2390 3202 2455 convenirent,
3230 2389 3434 2460 ibique,
3462 2389 3783 2446 communi-

2197 2490 2319 2538 cato
2349 2499 2474 2538 cum
2516 2483 2712 2538 ceteris
2757 2483 2912 2554 regni
2960 2482 3300 2553 principibus
3356 2481 3612 2547 consilio,
3640 2481 3787 2552 peri-

2197 2575 2406 2630 clitanti
2429 2574 2504 2629 rei
2531 2575 2757 2646 publica:
2793 2583 3082 2641 rectorem,
3105 2574 3200 2645 qui
3232 2573 3490 2628 omnibus
3535 2573 3784 2643 placuis-

2199 2675 2300 2734 set,
2327 2667 2738 2723 constituerent.
2767 2665 2901 2738 Regi
2928 2682 3146 2738 quoque
3175 2667 3575 2720 mandaverunt
3623 2671 3710 2732 ut,
3734 2665 3784 2720 si

2197 2759 2274 2814 ita
2310 2759 2414 2814 sibi
2448 2759 2701 2830 expedire
2745 2757 3046 2828 iudicaret,
3092 2757 3180 2814 die
3231 2765 3436 2812 statuta
3466 2756 3558 2788 ¹¹²⁶
3579 2765 3784 2827 pratsto

2199 2851 2434 2918 adesset,
2469 2859 2522 2905 et
2544 2850 2636 2922 jus
2661 2867 2821 2909 suum
2853 2866 2964 2906 non
2993 2867 3090 2925 per
3115 2850 3376 2920 epistolas
3415 2857 3511 2904 aut
3546 2865 3647 2919 per
3693 2849 3785 2904 in-

2199 2942 2516 3000 ternuncios
2542 2945 2634 3000 sed
2669 2960 2910 3015 praesens
2935 2944 3052 3015 ipse
3073 2943 3195 2998 viva
3238 2957 3372 2998 voce
3419 2941 3570 3014 (536)
3620 2956 3789 3012 expo-

520 3048 644 3086 cum
677 3041 916 3104 quatuor
944 3033 1072 3090 ﬁliis
1119 3037 1254 3102 suis,
1301 3039 1500 3108 quibus
1538 3038 1910 3096 incentoribus
1957 3041 2098 3096 idem
2127 3073 2168 3131 Ο
2203 3038 2449 3096 stularct.

519 3125 766 3194 perditus
811 3119 1075 3204 tragicam
1129 3127 1270 3184 hanc
1331 3129 1570 3185 fabulam
1618 3131 1978 3200 continuerat,
2031 3135 2100 3189 ab

518 3214 774 3272 hostibus
799 3219 915 3274 suis
939 3220 1010 3274 ob
1040 3220 1280 3290 privatas
1317 3223 1584 3293 quasdam
1635 3223 1952 3280 inimicitias
2001 3241 2098 3280 oc-

519 3308 624 3366 cisi
672 3319 802 3366 sunt
839 3311 892 3366 in
930 3313 1154 3368 castello
1195 3314 1368 3384 ipsius
1413 3314 1634 3371 Gisonis
1682 3313 1980 3372 Hollenden
2009 3316 2100 3350 ¹¹¹⁶

519 3399 694 3476 (535),
719 3403 830 3466 Deo
854 3404 1164 3461 vindicante
1193 3407 1562 3462 innocentiam
1577 3408 1732 3464 ducis
1756 3405 1991 3466 Ottonis.

1169 3500 1457 3556 MLXXIV.

590 3589 706 3647 Rex
728 3592 1063 3648 nativitatem
1091 3593 1304 3648 Domini
1321 3595 1646 3652 Wormaciae
1663 3597 1754 3630 ¹¹¹τ
1785 3597 2099 3666 celebravit,

515 3681 680 3756 longe
702 3685 859 3739 aliter
877 3685 951 3762 ibi
969 3687 1222 3742 victitans
1239 3703 1405 3757 quam
1425 3689 1627 3759 regiam
1645 3690 2102 3762 magniﬁcentiam

519 3775 754 3830 deceret.
808 3773 948 3831 Nam
983 3793 1160 3847 neque
1192 3795 1260 3834 ex
1298 3779 1448 3835 ﬁscis
1491 3781 1766 3852 regalibus
1805 3783 2104 3853 quicquam

521 3866 732 3922 servitii
761 3866 812 3921 ei
842 3868 1217 3937 exhibebatur,
1259 3885 1436 3940 neque
1487 3873 1728 3944 episc0pi
1768 3884 1863 3930 aut
1895 3875 1986 3908 ¹¹¹⁸
2011 3875 2106 3930 ab-

519 3955 676 4015 hates
706 3959 791 4015 vel
825 3960 946 4016 alia:
963 3962 1191 4030 publica:
1215 3962 1506 4034 dignitates
1531 3975 1795 4021 consueta
1840 3967 1890 4021 ei
1938 3967 2102 4040 obse-,

522 4051 652 4121 quia
671 4053 1004 4122 praebebant,
1029 4055 1121 4110 sed
1145 4054 1198 4108 in
1230 4063 1482 4126 sumptus
1503 4057 1829 4113 cottidianos
1857 4075 2106 4115 necessa-

519 4143 604 4198 ria
625 4145 674 4200 ei
697 4145 792 4200 vili
812 4146 996 4216 precio
1019 4148 1425 4204 coemebantur.
1457 4147 1628 4204 Erant
1654 4157 1834 4206 tamen
1875 4167 2000 4207 cum
2037 4169 2103 4208 eo

521 4237 773 4292 nonnulli
793 4255 860 4293 ex
885 4239 1374 4310 principibus;'sed
1408 4241 1464 4296 hi
1513 4258 1692 4314 neque
1732 4261 1856 4300 cum
1887 4260 1954 4300 eo
1995 4261 2106 4301 scr-

515 4325 778 4384 Vitiorum
808 4341 1069 4402 apparatu
1098 4349 1274 4402 neque
1303 4349 1428 4387 cum
1450 4350 1514 4389 ea
1543 4335 1778 4390 militum
1809 4345 1907 4391 aut
1943 4353 2108 4408 appa-

2267 3131 2563 3200 Postquam
2597 3130 2650 3184 in
2683 3129 2824 3184 hanc
2849 3128 3172 3186 sententiam
3205 3125 3436 3198 digressi
3463 3114 3614 3194 sunt,
3641 3124 3789 3181 Thu-

2199 3224 2343 3298 ringi
2375 3224 2538 3278 tercia
2587 3223 2785 3279 dehinc
2835 3222 2924 3278 die
2971 3237 3068 3277 eos
3106 3221 3200 3290 qui
3255 3220 3308 3273 in
3373 3219 3464 3250 “‘7
3497 3217 3788 3290 Asenberg

2200 3326 2358 3374 erant
2389 3317 2568 3372 inedia
2607 3323 2946 3386 expugnatos
2971 3314 3026 3369 in
3073 3312 3410 3368 dedicionem
3453 3317 3792 3380 acceperunt

2202 3411 2606 3482 impunitosque
2639 3409 2987 3473 dimiserunt,
3025 3405 3311 3462 castellum
3356 3401 3786 3470 succenderunt,

2201 3504 2496 3575 statimque
2527 3503 2617 3559 alii
2657 3499 2880 3559 castello
2905 3499 3052 3571 quod
3084 3495 3419 3568 Spatenberc
3444 3492 3539 3524 ¹¹¹⁸
3567 3489 3790 3548 diceba-

2201 3605 2292 3654 tur
2322 3597 2620 3655 exercitum
2647 3597 3024 3651 admoverunt.
3054 3586 3350 3645 Castellum
3375 3583 3662 3639 Voltenrot
3693 3581 3788 3614 ω’

2201 3691 2392 3762 paucis
2425 3699 2550 3746 ante
2575 3689 2768 3744 diebus
2792 3693 3029 3756 coeptum
3066 3680 3246 3737 fuerat
3281 3677 3540 3735 obsideri.
3567 3674 3638 3730 Et
3655 3675 3788 3746 quia

2202 3785 2388 3855 regina
2419 3784 2475 3839 in
2501 3799 2566 3838 eo
2593 3789 2708 3837 toto
2753 3788 2993 3850 tempore
3039 3774 3168 3830 belli
3213 3771 3380 3842 hujus
3434 3767 3785 3833 servabatur,

2198 3876 2358 3947 jussu
2393 3875 2537 3947 regis
2567 3871 2843 3946 profectus
2884 3884 2950 3925 eo
2993 3866 3163 3923 abbas
3211 3860 3616 3946 Herveldensis,
3647 3873 3789 3913 con-

2204 3965 2560 4023 sentientibus
2615 3962 2933 4033 Thuringis,
2987 3975 3110 4015 eam
3167 3956 3294 4012 inde
3347 3952 3556 4023 accepit
3617 3959 3792 4021 atque

2202 4045 2540 4115 Herveldiam
2575 4055 2816 4123 adduxit,
2852 4057 3223 4126 przegnantem
3248 4055 3303 4102 et
3324 4045 3438 4118 jam
3479 4044 3547 4099 de
3592 4052 3793 4114 partus

2201 4151 2479 4208 vicinitate
2530 4150 2588 4205 in
2627 4148 2744 4204 dies
2798 4145 3128 4201 anxiantem.
3183 4139 3431 4210 Cumque
3472 4135 3546 4192 ibi
3590 4135 3791 4190 diebus

2203 4244 2390 4301 multis
2413 4249 2718 4298 moraretur
2749 4269 2820 4278 —
2847 4237 3125 4293 nesciente
3147 4233 3352 4289 scilicet
3385 4245 3533 4302 rege,
3560 4235 3792 4298 propter

2203 4337 2666 4409 perturbationem
2695 4332 2774 4388 rei
2801 4329 3050 4402 publicae,
3074 4341 3184 4398 quo
3209 4341 3332 4382 eam
3359 4323 3575 4378 mittere
3599 4325 3794 4392 posset

519 4415 755 4476 ritorum
780 4421 1082 4493 frequentia
1105 4440 1213 4494 qua
1253 4425 1398 4480 soliti
1424 4424 1658 4495 fuerant,
1690 4427 1784 4483 sed
1806 4445 1932 4484 cum
1972 4445 2106 4500 pau-
2132 4421 2178 4476 D
2203 4430 2524 4486 servandam
2558 4457 2648 4494 —,
2692 4424 2866 4496 pridie
2897 4422 2989 4454 ¹¹³⁰
3045 4419 3174 4476 Idus
3223 4414 3532 4481 Februarii,
3579 4410 3722 4468 feria
3751 4412 3792 4466 4

515 4508 605 4571 cis
643 4519 700 4567 et
751 4529 887 4584 pene
948 4517 1161 4586 privato
1209 4518 1425 4584 habitu,
1463 4520 1531 4576 ad
1580 4521 1927 4576 salutandum
1972 4537 2098 4578 eum

518 4613 806 4672 venerant,
824 4622 891 4662 ne
919 4609 1125 4666 scilicet
1150 4611 1453 4669 manifesta:
1479 4611 1799 4670 defectionis
1839 4622 2100 4704 notaren-Z

2207 4522 2416 4595 peperit
2439 4520 2628 4576 ﬁlium.
2661 4517 2712 4573 Is
2746 4516 2834 4548 ¹¹³¹
2866 4513 3127 4586 quoniam
3160 4508 3426 4566 inﬁrmari
3452 4514 3508 4562 et
3527 4505 3642 4576 jam
3666 4503 3792 4595 jam

2207 4594 2556 4673 cxuiraturus
2592 4611 2908 4683 putabatur,
2939 4608 3102 4662 tertio
3129 4605 3217 4660 die
3247 4601 3559 4673 baptizatus
3595 4601 3684 4652 est
3716 4594 3791 4649 ab

1800 4765 2032 4826 VARUE
2073 4769 2476 4826 LECTIONES.

593 4877 1014 4956 “‘fuebdomoda
1042 4881 1096 4951 4.
1122 4882 1258 4956 __‘”_‘
1279 4883 1364 4956 ita,
1387 4884 1439 4956 5.
1479 4885 1532 4939 4.
1565 4885 1616 4939 5.
1641 4884 1988 4956 cpipbaniam
2022 4876 2243 4956 1.725.;
2275 4883 2407 4956 .“7‘7’,
2430 4883 2737 4956 amississct
2773 4880 2862 4935 Ξῖ).
2887 4880 3012 4956 ’ξω
3047 4873 3362 4956 circuiendo
3385 4874 3439 4956 Il:

522 4944 578 5010 5.
654 4947 746 4982 ¹¹³⁸
795 4946 1096 5008 delbertus
1121 4945 1174 5008 5.
1208 4953 1261 5008 4.
1290 4944 1690 5010 Αάθὺθιυιιιςυέἱδ
1733 4944 1836 4987 ’ίίω
1872 4954 2176 5011 Hollonden
2212 4944 2281 5008 δέ
2348 4955 2438 4986 ¹¹¹⁷
2469 4954 2759 5008 wormacie
2785 4967 2834 5007 c.
2883 4950 2970 5007 2b.
3051 4948 3142 4983 ¹¹²⁸
3179 4961 3357 5017 neque
3395 4945 3458 5017 ,5-

1395 5025 1486 5056 ¹¹⁸⁰
1531 5027 1678 5076 ultro
1731 5026 1785 5076 5.
1848 5025 1940 5058 ¹¹²¹
1992 5025 2316 5076 mulieribus
2341 5024 2428 5076 ει».
2547 5023 2906 5076 muliebribus
2927 5035 3112 5074 ecorr.
3159 5019 3212 5072 4.

523 5027 711 5076 mrem
752 5020 805 5075 5.
845 5030 1087 5076 tererent
1122 5024 1172 5076 Ι.
1221 5024 1273 5076 5.

3545 4871 3638 4904 ¹¹¹⁸
3659 4869 3789 4934 Gifo

3541 4941 3635 4974 ηιο
3667 4949 3792 4997 ων,

3315 5015 3408 5047 ¹²¹¹
3451 5012 3796 5076 experienda
