4076 5310
298 137 436 196 HM)

1495 132 1838 192 ANNALES.
1875 167 1944 176 —
1983 136 2094 194 AN.
2137 137 2295 198 1074.

3412 141 3555 208 “30

294 253 510 310 Ezzone
536 226 1072 320 ““Altenbui‘gensi
1095 247 1373 318 episeopo,
1419 245 1513 316 qui
1563 254 1693 301 tunc
1734 243 1874 300 forte
1899 247 1948 305 A
1972 246 2298 305 Iidissimum
2318 293 2333 318 ,
2363 258 2418 306 et
2443 248 2672 320 hiberna
2705 249 2954 319 siccitate
2989 250 3214 324 arebant
3239 251 3424 308 omnia
3445 295 3460 320 ,
3496 253 3556 308 in

295 345 438 416 apud
487 345 736 400 abbatem
785 340 1165 412 hospitabatur
1201 338 1382 410 (Febr.
1418 339 1532 409 I4),
1557 347 1612 392 et
1652 337 1874 392 nomine

295 437 439 492 atavi
469 436 558 468 “"
583 436 668 491 sui
689 435 1014 490 Counradus
1041 432 1130 464 ⁸⁸³⁵
1154 441 1238 487 est
1253 438 1498 486 vocatus.
1523 429 1591 484 Et
1614 430 1874 500 quoniam

293 529 386 584 alii
412 544 519 584 non
546 529 770 584 aderant
807 527 900 598 qui
927 527 1088 598 digne
1111 524 1201 556 ³³³⁵
1227 540 1291 578 co
1319 539 1546 578 munere
1580 521 1840 593 fungerer]
1863 553 1875 564 -

292 629 405 686 tur,
434 601 602 676 abbas
636 629 690 676 et
733 620 824 675 alii
856 620 1097 691 plerique
1129 618 1326 672 fratres
1365 616 1746 674 IIervcldensis
1783 617 1874 648 ¹¹³⁶

294 713 530 768 cmnobii
553 729 678 767 eum
699 713 766 767 de
792 728 950 767 sacro
985 711 1134 766 fonte
1170 717 1547 780 susceperunt.

367 803 654 877 Reginger,
703 805 818 875 qui,
879 805 946 860 ad
977 804 1378 874 suggillandum
1437 818 1650 874 regem,
1682 810 1874 857 contra

295 885 642 953 O’udalricum
669 897 756 928 ¹¹³⁷
781 897 846 952 de
877 895 1134 951 Cosheim
1172 902 1551 967 proposuerat,
1591 902 1716 948 ante
1739 910 1874 964 pau-

296 1004 392 1044 cos
421 987 536 1044 dies
565 989 815 1045 ineunda:
853 989 942 1021 “'°
987 987 1421 1060 congressionis,
1465 986 1741 1042 dirissima
1773 986 1870 1042 de-

296 1097 458 1136 mone
478 1089 746 1152 arreptus,
779 1082 1050 1136 horrenda
1074 1088 1249 1135 morte
1282 1079 1506 1134 interiit.

367 1172 576 1230 Interea
619 1190 734 1240 rex,
791 1189 918 1229 cum
975 1173 1183 1227 videret
1232 1171 1380 1244 quod
1432 1170 1762 1242 paulatima
1812 1186 1872 1225 se

294 1265 568 1337 principes
601 1266 912 1331 deficerent,
947 1271 1000 1320 et
1021 1263 1262 1319 hostium
1290 1263 1546 1318 ferocitas
1570 1278 1670 1316 sua
1696 1259 1869 1330 magis

293 1357 552 1428 patientia
587 1357 1020 1423 incrudesceret,
1057 1355 1262 1426 pudore
1306 1354 1624 1426 compulsus
1669 1351 1872 1424 pariter

294 1459 348 1505 et
401 1451 754 1517 necessitate,
807 1449 1000 1506 statuit
1054 1456 1356 1522 extremam
1405 1446 1640 1502 fortunae
1693 1445 1868 1500 aleam

295 1550 580 1612 temptare,
609 1550 662 1597 et
689 1558 815 1597 cum
845 1539 1287 1607 Saxonibus,ubi
1313 1539 1549 1610 primum
1584 1537 1740 1606 copia
1769 1537 1867 1591 fie-

295 1643 396 1699 ret,
440 1634 650 1690 collatis
706 1633 878 1705 signis
916 1633 1198 1698 dimicare,
1236 1630 1411 1702 magis
1451 1630 1656 1700 eligens
1697 1627 1864 1682 vitam

293 1725 524 1782 honeste
553 1741 718 1796 quam
754 1741 980 1796 regnum
1013 1740 1110 1795 per
1146 1723 1382 1778 dedecus
1413 1722 1684 1778 amittere.
1724 1719 1866 1774 Mul-

293 1827 409 1872 tum
453 1817 599 1872 enim
635 1817 848 1872 animos
885 1817 1120 1872 militum
1163 1815 1233 1870 ab
1272 1830 1338 1868 eo
1377 1822 1702 1869 avocaverat
1742 1811 1864 1878 “",

292 1910 442 1980 quod
486 1911 620 1976 suis,
662 1909 758 1980 qui
797 1909 1019 1964 cottidie
1061 1906 1536 1978 oppugnabantur,
1587 1919 1868 1974 expugna-

291 2001 510 2068 bantur,
533 2002 958 2072 expellebantur,
987 2014 1097 2054 non
1121 1998 1477 2054 subveniebat
1506 1996 1597 2028 ἰδ’
1622 2037 1637 2062 ,
1661 2003 1715 2050 et
1747 1995 1870 2050 aliis

290 2110 394 2164 pro
423 2093 596 2151 salute
629 2093 748 2163 ejus
787 2092 948 2147 anxie
970 2089 1396 2155 desudantibus,
1437 2089 1554 2159 ipse
1589 2087 1732 2142 intra
1778 2085 1867 2118 ““

291 2203 485 2242 muros
525 2184 854 2241 Wormacia:
899 2183 1060 2238 inerti
1089 2183 1204 2238 otio
1240 2181 1602 2252 torpescebat.
1651 2177 1724 2234 Ut
1765 2180 1870 2234 hoc

291 2279 500 2334 crimen
547 2278 772 2345 clueret,
795 2277 880 2331 vel
905 2283 1080 2330 morte
1109 2273 1311 2345 pacisci
1331 2273 1420 2304 ‘i"
1451 2259 1720 2343 cupiebat.
1759 2269 1868 2344 Igi-

291 2379 384 2425 tur
411 2371 561 2424 misit
589 2369 655 2424 ad
690 2384 882 2424 omnes
911 2367 1185 2438 principes
1213 2366 1402 2438 regni,
1425 2381 1630 2436 eosque
1656 2364 1746 2397 "”
1774 2380 1871 2435 per

293 2461 465 2518 Deum
506 2461 832 2518 obsecrabat
857 2469 914 2514 ut
943 2459 1046 2514 sibi
1072 2459 1276 2513 auxilio
1293 2459 1562 2524 venirent,
1580 2457 1749 2512 multa
1770 2473 1869 2512 sua

292 2570 420 2626 erga
441 2568 538 2609 eos
567 2554 622 2608 in
649 2553 982 2624 praeteritum
1010 2551 1148 2605 bene
1171 2551 1363 2605 merita
1393 2565 1832 2604 commemorans
1851 2591 1867 2615 ,

292 2647 450 2716 plura
487 2645 542 2700 in
582 2645 829 2701 futurum
869 2643 1152 2714 pollicens.
1189 2640 1257 2697 Et
1293 2642 1452 2698 multi
1489 2641 1710 2713 quidem
1763 2641 1872 2712 epi-

293 2753 584 2809 scoporum
605 2737 856 2808 protinus
880 2737 948 2791 ad
968 2751 1095 2790 eum
1119 2741 1516 2800 convenerunt,
1535 2735 1629 2790 sed
1653 2734 1709 2788 lii
1731 2749 1868 2789 eon-

294 2833 430 2888 siliis
469 2829 768 2900 praebendis
811 2828 1114 2899 paratiores
1151 2843 1314 2898 quam
1355 2827 1637 2896 stipendiis
1674 2825 1873 2881 facien-

1980 336 2189 396 tanttim
2230 351 2290 396 ut
2316 341 2538 397 flumina
2579 355 2690 396 non
2717 331 3006 413 superficie
3032 331 3190 400 tenus
3219 345 3390 414 glacie
3417 358 3553 400 con-

1977 433 2185 500 stricta,
2209 435 2302 489 sed
2327 442 2440 489 tota
2469 445 2664 506 printer
2687 435 2910 490 solitum
2955 436 3008 489 in
3039 436 3263 506 glaciem
3287 449 3558 492 conversa

1974 525 2308 581 viderentur.
2331 525 2484 582 Unde
2509 529 2666 597 panis
2695 527 2879 598 inopia
2903 528 3252 583 vehementer
3272 527 3559 584 laborabat

1975 621 2249 676 exercitus
2270 661 2285 686 ,
2323 635 2389 674 eo
2409 621 2553 690 quod
2575 662 2590 687 ,
2623 629 2842 690 propter
2864 620 3100 692 rigorem
3117 619 3403 675 fluminum
3426 619 3556 677 ubi-

1975 727 2082 782 que
2107 721 2356 767 cessante
2387 711 2657 765 molarum
2688 727 2812 778 usu,
2843 712 3022 782 ipsum
3055 712 3201 784 quod
3241 709 3382 767 forte
3408 712 3560 768 inve-

1974 805 2186 860 nissent
2211 803 2544 858 frumentum
2579 805 2950 860 comminuere
2978 821 3086 860 non
3108 812 3375 875 poterant.
3403 803 3553 876 (Jan.

1972 898 2150 968 xxvr.)
2187 895 2322 962 Rex,
2364 896 2536 967 pridie
2576 911 2743 966 quam
2780 895 3122 952 Ilerveldiam
3169 895 3381 950 veniret
3419 891 3554 964 “W,

1973 989 2123 1043 misit
2147 988 2399 1044 abbatem
2422 986 2848 1042 Herveldcnsem
2879 990 2946 1044 ad
2979 988 3246 1055 Saxones,
3273 989 3369 1058 qui
3401 989 3459 1044 in
3478 985 3558 1043 ul-

1972 1081 2174 1135 teriore
2208 1081 2325 1150 ripa
2364 1079 2562 1135 Wirra:
2581 1079 2824 1135 fluminis
2855 1080 2920 1136 ad
2951 1080 3022 1134 40
3047 1081 3200 1134 milia
3239 1079 3556 1154 congregati

1971 1173 2208 1228 residere
2245 1171 2594 1239 ferebantur,
2637 1157 2962 1243 investigare
3000 1173 3069 1227 ab
3123 1172 3204 1228 eis
3261 1187 3328 1226 an
3369 1169 3557 1228 nuncii

1972 1265 2057 1321 sui
2087 1274 2206 1319 tuto
2236 1265 2304 1320 ad
2324 1281 2420 1320 eos
2443 1265 2520 1320 ire
2540 1280 2604 1320 ac
2632 1264 2811 1319 redire
2832 1273 3076 1334 possent.
3109 1264 3228 1334 Ipse
3248 1266 3558 1338 transgres-

1971 1374 2066 1414 sus
2107 1357 2449 1412 Ilerveldiam
2499 1355 2646 1428 (Jan.
2697 1357 2915 1427 xxvm),
2963 1357 3018 1411 in
3045 1357 3310 1427 proximis
3351 1357 3556 1415 villulis

1970 1449 2205 1504 reditum
2229 1449 2442 1504 abbatis
2467 1449 2886 1520 prmstolabatur
2898 1449 3112 1504 duobus
3140 1448 3310 1504 ferme
3331 1449 3557 1506 milibus

1973 1541 2064 1574 ηδ’
2093 1558 2125 1596 a
2166 1529 2426 1612 pnedicto
2468 1541 2668 1608 fluvio;
2709 1557 2810 1596 nec
2841 1541 3074 1596 ulterius
3113 1550 3296 1597 castra
3333 1555 3556 1598 movere

1969 1633 2176 1699 voluit,
2201 1633 2373 1688 donec
2406 1633 2561 1689 miles
2601 1632 2939 1704 frequentior
2974 1633 3320 1699 conveniret,
3351 1640 3405 1688 et
3439 1632 3555 1703 ipse

1969 1725 2284 1796 diligentius
2325 1725 2666 1795 perquireret
2687 1741 2758 1779 an
2789 1725 2970 1795 aliqua
3005 1740 3130 1794 spes
3166 1725 3556 1796 recuperanda:

1969 1816 2122 1886 pacis
2158 1816 2367 1886 reliqua
2427 1825 2590 1871 esset.
2640 1815 2922 1887 Siquidem
2958 1817 3205 1871 audierat
3245 1815 3557 1870 Saxonibus

1969 1909 2241 1980 placuisse
2287 1915 2348 1962 ut
2374 1907 2424 1962 ei
2450 1899 3114 1979 ingressum'Thuringia:
3139 1924 3250 1962 non
3292 1907 3557 1964 concede-

1953 2002 2112 2067 ‘rent,
2137 1999 2230 2054 sed
2256 1999 2436 2054 statim
2466 1999 2520 2053 in
2559 1999 2676 2070 ipsa
2715 2000 2832 2070 ripa
2853 1999 3093 2054 ﬂuminis
3127 1999 3390 2068 prtedicti,
3406 1999 3555 2069 quod

1971 2090 2222 2147 IIassiam
2265 2089 2738 2162 Thuringiamque
2777 2089 3100 2156 dirimebat,
3133 2089 3404 2144 instructa
3439 2092 3557 2145 acie

1970 2184 2285 2254 exciperent
2309 2182 2638 2238 venientem.
2688 2182 2728 2236 F
2731 2182 2942 2237 luvium
2969 2182 3169 2253 glacies
3195 2182 3432 2252 pedestri
3467 2183 3558 2238 iti-

1970 2292 2101 2331 nere
2141 2275 2552 2332 commeabilem
2584 2273 2808 2330 fecerat.
2851 2273 2929 2328 Ea
2967 2289 3056 2329 res
3084 2274 3347 2344 majorem
3371 2275 3422 2330 ei
3449 2291 3558 2331 me-

1971 2377 2091 2424 tum
2137 2368 2455 2435 incutiebat,
2501 2383 2570 2422 ne
2617 2365 2778 2435 forte,
2837 2367 2968 2422 dum
3023 2366 3202 2422 adhuc
3254 2367 3556 2438 imparatus

1972 2462 2450 2532 imparque-tantae
2479 2459 2815 2514 multitudini
2843 2467 3010 2527 esset,
3029 2459 3216 2514 hostes
3246 2475 3410 2532 super
3427 2475 3554 2514 eum

1974 2554 2099 2621 είδθ,
2129 2554 2272 2608 nulla
2300 2552 2513 2608 itineris
2541 2551 2854 2607 difficultate.
2902 2551 3180 2622 przepediti
3199 2593 3212 2617 ,
3241 2559 3460 2621 repente
3488 2551 3558 2606 ir-

1971 2653 2226 2713 ruerent;
2257 2646 2488 2716 ideoque
2533 2644 2866 2700 consiliariis
2893 2643 3012 2699 suis
3059 2644 3296 2714 graviter
3325 2659 3554 2699 succen-

1972 2753 2092 2793 sere
2125 2735 2438 2804 dicebatur,
2479 2739 2628 2808 quod
2665 2753 2791 2790 eum
2830 2735 3146 2791 Wormacia
3183 2734 3366 2807 egredi
3408 2743 3462 2790 et
3499 2735 3554 2789 in

1972 2838 2184 2885 tantum
2210 2830 2502 2885 discrimen
2543 2829 2688 2882 ultro
2722 2843 2780 2882 se
2793 2827 3132 2898 prmcipitare
3155 2826 3552 2897 permisissent.

293 2925 396 2980 dis.
419 2923 578 2990 Nam,
601 2921 864 2977 militibus
902 2920 1020 2976 suis
1043 2920 1191 2975 domi
1218 2919 1562 2990 relietis,ipsi
1591 2935 1716 2974 eum
1741 2934 1870 2990 pau—
1895 2927 1940 2988 ο
1973 2920 2218 2977 Saxones
2271 2921 2418 2988 enim
2474 2920 2530 2974 in
2576 2928 2789 2974 tantum
2846 2919 3164 2974 habundare
3207 2917 3555 2973 multitudine

293 3016 372 3072 eis
395 3025 447 3070 tl
469 3031 606 3086 pene
626 3014 822 3084 privati
846 3013 1094 3078 aderant,
1123 3027 1189 3079 ea
1217 3011 1308 3044 ἠδ
1333 3012 1542 3069 scilicet
1569 3021 1750 3066 mente
1813 3020 1871 3066 ut

291 3117 346 3170 et
373 3108 438 3162 de
472 3105 838 3162 inobedientia
861 3104 1005 3176 apud
1035 3119 1160 3159 eum
1195 3112 1592 3160 excusarentur
1612 3146 1626 3171 ,
1657 3112 1713 3158 et
1746 3119 1872 3158 cau-

291 3216 408 3258 sam
443 3201 595 3270 ejus,
626 3214 792 3269 quam
831 3196 1309 3252 vehementissime
1350 3212 1544 3252 omnes
1589 3196 1868 3266 improba-

289 3294 422 3349 bant
443 3335 458 3361 ,
489 3307 601 3348 non
635 3292 867 3346 multum
898 3289 1239 3359 adjuvarent.
1275 3287 1382 3342 Sed
1421 3289 1869 3358 archiepiscopus

289 3385 660 3456 Mogontinus,
685 3383 1130 3460 archiepiscopus
1155 3380 1506 3438 Coloniensis
1525 3382 1636 3448 “"°,
1663 3381 1871 3450 episco-

289 3493 392 3553 pus
415 3475 780 3550 Argeutorati,
810 3476 1100 3546 episcopus
1123 3473 1574 3544 Wormaciensis,
1601 3490 1764 3544 quem
1797 3475 1872 3528 ci-

273 3570 454 3625 .vitate
487 3585 586 3625 sua
631 3585 795 3640 supra
835 3567 1138 3638 expulerat,
1171 3574 1433 3636 practerea
1473 3566 1642 3624 duces
1676 3582 1869 3621 omnes

290 3659 554 3732 Bajoariaa
590 3659 702 3728 ηδε,
729 3659 958 3726 Suevim,
990 3657 1382 3729 Lutheringize,
1417 3655 1656 3714 Mosella:
1684 3660 1867 3730 regio-

291 3755 409 3819 nis,
437 3753 888 3819 Carentinorum,
919 3751 1120 3806 milites
1143 3751 1308 3804 etiam
1337 3750 1628 3807 Fuldensis
1655 3760 1710 3806 et
1734 3751 1866 3806 lier-

289 3846 559 3902 vcldensis
595 3845 851 3900 abbatum
875 3885 890 3910 ,
929 3851 1244 3898 constanter
1286 3843 1336 3897 ei
1382 3844 1864 3913 contradixerunt,

289 3939 432 3994 nolle
454 3949 513 3994 se
548 3937 617 3991 ad
654 3935 1064 4008 oppressionem
1100 3933 1471 3994 innocentium
1508 3952 1661 3992 arma
1687 3937 1828 3992 ferre
1849 3981 1864 4006 ,

288 4030 384 4101 qui
419 4029 466 4086 si
483 4029 649 4085 etiam
685 4027 888 4098 aliquid
907 4069 923 4092 ,
953 4025 1098 4097 quod
1127 4027 1306 4098 gladio
1335 4027 1548 4082 vindice
1569 4029 1728 4098 plecti
1767 4031 1866 4084 de-

287 4121 434 4189 beat,
454 4120 826 4187 admisissent,
852 4119 919 4174 ad
948 4111 1054 4174 hoc
1078 4133 1170 4174 eos
1204 4119 1386 4190 gravis
1421 4127 1475 4174 et
1515 4118 1677 4177 facile
1696 4137 1865 4178 excu-

289 4212 478 4270 sabilis
502 4213 802 4268 necessitas
825 4211 1139 4282 impulisset
1518 4212 1524 4217 ’

1971 3012 2305 3078 ferebantur,
2334 3021 2393 3067 ut
2415 3013 2667 3067 undecim
2702 3011 2854 3066 milia
2892 3011 3086 3082 plebis,
3116 3011 3378 3082 quoniam
3405 3007 3553 3066 subi-

1972 3113 2028 3160 to
2050 3105 2290 3160 clamore
2315 3105 2784 3174 inexpeditionem
2808 3111 3034 3158 evocata
3061 3103 3215 3158 cibos
3239 3119 3427 3158 secum
3441 3091 3557 3160 non

1972 3197 2370 3268 sumpsissent,
2410 3197 2466 3250 in
2501 3196 2696 3250 domos
2737 3211 2869 3250 suas
2914 3196 3004 3227 ““
3045 3202 3329 3266 tamquam
3371 3193 3556 3252 minus

1971 3291 2076 3346 sibi
2115 3289 2424 3344 necessaria
2454 3288 2811 3343 remitterent.
2856 3286 3004 3359 (Jan.
3045 3303 3236 3352 xxvm,
3285 3285 3445 3340 Febr.
3485 3284 3550 3356 ἶ).

1971 3382 2118 3438 Inter
2151 3381 2252 3436 has
2291 3395 2476 3434 moras
2513 3380 2786 3434 exercitus
2812 3378 2977 3450 regis,
3022 3379 3218 3448 praeda:
3245 3393 3411 3448 quam
3451 3393 3554 3446 pu-

1973 3491 2091 3546 gna:
2123 3473 2354 3532 avidior.
2393 3488 2489 3543 per
2531 3473 2818 3542 contiguas
2858 3469 3160 3525 Ilerveldiaa
3196 3470 3354 3524 villas
3391 3469 3552 3538 longe

1951 3571 1954 3576 ’
1972 3567 2186 3638 lateque
2205 3565 2566 3630 discurrebat,
2586 3580 2790 3634 easque
2807 3561 3080 3617 hostiliter
3097 3561 3550 3633 depopulabatur,

1969 3668 2024 3715 et
2066 3660 2169 3716 sub
2211 3665 2476 3729 praetextu
2513 3656 3020 3722 necessariivietus,
3061 3670 3171 3725 quo
3201 3655 3257 3709 in
3298 3653 3550 3708 militiam

1970 3752 2240 3817 aleretur,
2270 3758 2465 3822 praeter
2495 3749 2751 3804 miseram
2791 3749 2956 3802 vitam
2998 3747 3136 3802 nihil
3170 3746 3444 3816 reliquum
3473 3742 3554 3801 fa-

1949 3845 2147 3899 eiebat
2167 3841 2569 3898 innocentibus.
2593 3837 2781 3911 Neque
2809 3855 2905 3894 rex
2919 3839 3242 3908 prohibebat
3268 3835 3548 3908 injuriam,

1971 3945 2032 3996 ut
2070 3937 2299 3992 militem
2331 3936 2436 3989 hoc
2475 3933 2660 4004 precio
2697 3933 3042 4002 redemptum
3074 3921 3408 3985 devotiorem
3440 3927 3548 3985 sibi

1971 4029 2190 4085 faceret.
2229 4027 2346 4094 Qua
2373 4027 2524 4082 clade
2554 4027 2626 4080 ita
2671 4025 2870 4079 attritze
2907 4031 3074 4094 atque
3109 4021 3388 4077 exhaustae
3421 4027 3552 4076 sunt

1968 4121 2348 4192 possessiones
2379 4118 2668 4172 Fuldensis
2696 4113 3016 4171 monasterii
3045 4121 3208 4183 atque
3225 4112 3550 4168 Ilervclden-

1969 4214 2077 4281 sis,
2119 4220 2202 4279 ut,
2234 4213 2645 4282 ingravescente
2675 4209 3060 4263 alimentorum
3108 4205 3312 4274 inopia,
3349 4215 3548 4275 magna

358 4304 474 4362 Rex
496 4303 807 4360 Wormacia
851 4319 1104 4374 egressus
1124 4344 1140 4370 ,
1183 4301 1236 4356 6.
1280 4301 1552 4360 Kalendas
1580 4303 1864 4360 Februarii
1896 4267 1941 4329 Β
1966 4321 2092 4362 cum
2115 4305 2428 4361 difﬁcultate
2450 4301 2649 4356 fratres
2677 4300 3043 4354 retinerentur
3078 4297 3130 4350 in
3170 4294 3541 4351 monasteriis.

289 4395 437 4466 (Jan.
468 4396 639 4468 xxvn)
673 4395 1014 4451 Ilerveldiam
1040 4409 1166 4449 cum
1192 4396 1434 4450 exercitu
1467 4397 1633 4452 venit.
1673 4397 1752 4451 Eo
1778 4399 1866 4454 die

287 4488 466 4546 visum
491 4498 576 4546 est
603 4490 658 4544 in
682 4489 815 4544 caelo
828 4489 1045 4559 signum
1071 4487 1338 4549 mirabile.
1362 4486 1582 4544 Oriente
1607 4491 1722 4545 sole
1745 4491 1867 4545 duae

288 4581 452 4639 simul
483 4583 786 4651 eolumpnaa
823 4582 976 4636 aurei
1018 4581 1256 4645 coloris,
1301 4579 1868 4662 splendidissirnhful-

286 4673 436 4746 goris
471 4673 660 4747 dextra
700 4673 788 4705 "‘7
834 4675 1077 4744 lmvaque
1102 4671 1452 4738 oriebantur,
1488 4691 1644 4744 quae,
1667 4691 1868 4746 usque-

1962 4399 2145 4453 Abbas
2192 4394 2570 4451 Iierveldensis
2613 4407 2868 4447 reversus
2916 4407 2948 4444 a
3001 4385 3310 4443 Saxonibus
3360 4385 3552 4446 retulit

1963 4509 2079 4556 eos,
2096 4497 2292 4560 praeter
2317 4487 2562 4542 omnium
2595 4483 2929 4555 opinionem,
2952 4482 3102 4536 mitia
3127 4491 3290 4552 atque
3317 4477 3554 4551 pacifica

1963 4583 2314 4654 respondere,
2340 4580 2486 4650 quod
2517 4579 2722 4634 scilicet
2743 4591 2851 4631 non
2893 4576 2966 4630 ita
3007 4583 3256 4644 expertes
3291 4571 3556 4644 rationis,

1949 4679 2038 4734 'ita
2087 4678 2199 4732 sint
2243 4676 2594 4730 immemores
2637 4668 2843 4740 vulgati
2891 4667 3054 4724 etiam
3096 4667 3238 4737 apud
3281 4665 3566 4729 barbaras

1957 4771 2216 4826 nationes
2245 4765 2389 4836 juris
2417 4763 2656 4837 gentium
2679 4805 2694 4828 ,
2722 4770 2783 4816 ut
2801 4761 3050 4817 nesciant
3075 4759 3144 4814 ab
3174 4757 3371 4828 injuria
3399 4757 3584 4826 lega‘

1963 4871 2144 4918 torum
2188 4861 2354 4914 etiam
2392 4857 2535 4918 inter
2573 4855 2946 4910 atrocissimas
2991 4851 3307 4906 inimicitias
3351 4854 3612 4919 tempc‘k

1963 4956 2232 5019 “indum;
2265 4965 2324 5005 εδ
2361 4958 2603 5006 extrema
2633 4947 2956 5004 necessitate
2995 4945 3311 5014 compulsos
3353 4937 3448 4972 ¹¹⁵²
3507 4945 3634 5028 in

1963 5049 2135 5104 aciem
2151 5043 2510 5117 processisse,
2526 5056 2628 5096 nec
2647 5041 2713 5095 ad
2728 5033 3166 5110 persequendum
3188 5044 3576 5105 quemquaxn
3603 5099 3643 5135 ‘

285 4780 398 4840 quo
433 4767 514 4820 sol
553 4764 846 4834 aliquantis
881 4763 1043 4820 lineis
1089 4764 1144 4818 in
1175 4765 1345 4820 altum
1389 4776 1746 4836 exeresceret,
1777 4784 1866 4824 ρον

283 4860 410 4914 dem
425 4855 622 4927 iubare
646 4857 929 4914 rutilantes
948 4858 1359 4928 permanebant.
1377 4857 1710 4916 Praecedenti
1730 4877 1864 4933 quo-

282 4962 392 5020 que
425 4957 588 5004 nocte
614 4947 883 5004 caelestem
925 4964 1116 5006 arcum
1151 4949 1296 5005 circa
1339 4949 1606 5021 gallorum
1639 4964 1862 5016 cantum

281 5039 640 5100 Serenissimo
664 5038 794 5093 caelo
812 5041 1059 5112 plerique
1093 5040 1364 5098 viderunt.
1400 5039 1598 5114 Frigus
1628 5057 1744 5102 erat
1773 5065 1866 5104 va—

1551 5181 1782 5244 VARl/E
1821 5182 2231 5249 LECTIONES.

351 5282 440 5310 1111
478 5284 696 5310 Dnnnnn
739 5295 759 5310 Δ
868 5285 959 5310 -‘n
991 5285 1152 5310 ...ιιι-,2
1191 5289 1207 5310 Ι
1313 5286 1409 5310 ιιιιι.
1453 5288 1516 5310 .‘n.
1579 5295 1594 5310 Ι
1652 5295 1688 5310 Π
1853 5298 1868 5310 ι
1975 5297 1990 5310 ι
2083 5295 2119 5310 Α
2282 5293 2297 5310 I
2401 5295 2432 5310 -
2503 5293 2572 5310 un
2648 5293 2739 5310 IIII
2789 5291 2829 5310 J0
2875 5290 2923 5310 .-ε
2971 5287 3006 5310 η
3107 5285 3200 5310 11³8
3252 5284 3486 5310 λΑ-υΑΙ.)

2401 5295 2432 5310 -
2503 5293 2572 5310 un
2648 5293 2739 5310 un
2789 5291 2829 5310 1°
2875 5290 2923 5310 .-ε
2971 5287 3006 5310 η
3107 5285 3200 5310 1118
