4050 5358
518 169 648 225 1151

1646 163 1999 220 LAMBERTI
2039 158 2606 218 HERSFELDENSIS

3644 153 3793 211 1159

520 284 617 343 sed
678 281 749 338 ad
806 296 866 337 se
892 258 1269 351 'pib'feg'en'dos
1318 275 1660 347 injuriasque
1702 276 2104 348 propulsandas
2133 278 2180 335 Α
2206 289 2337 330 suos
2388 272 2591 345 singuli
2647 272 2716 327 ad
2754 270 2928 328 aciem
2976 270 3349 327 instruendam
3392 271 3791 341 produceer

522 392 677 433 arma
704 374 1040 444 sumpsisse;
1067 372 1116 427 si
1153 388 1218 426 ea
1247 370 1548 426 necessitas
1585 370 1860 424 adimatur
1882 412 1897 437 ,
1933 370 2098 424 etiam

512 482 672 524 nunc
705 481 894 537 pacem
921 480 1088 534 quam
1117 463 1316 519 bellum
1355 462 1447 494 ¹¹⁸³
1482 462 1643 516 malle
1663 503 1677 529 ,
1718 470 1774 516 et
1820 462 2099 516 districtos

519 561 635 632 jam
652 559 860 631 gladios
888 558 1120 612 libenter
1144 557 1199 610 in
1226 554 1477 625 vaginam
1508 555 1805 609 remittere.
1825 553 1990 608 Grata
2012 553 2103 607 ad-

523 650 746 707 modum
777 658 895 705 erat
920 649 1007 703 his
1028 649 1124 719 qui
1158 663 1284 702 cum
1314 663 1437 716 rege
1467 654 1621 701 erant
1654 646 1958 715 responsio.

593 741 749 798 Tunc
773 742 929 797 missi
958 749 1087 796 sunt
1114 748 1354 810 quatuor
1375 756 1443 792 ex
1470 740 1763 808 episcOpis,
1793 753 1951 809 agere
1973 752 2100 791 cum

522 830 603 890 eis
646 835 715 890 de
758 848 890 903 pace
927 840 983 886 ct
1023 833 1342 902 promittere
1380 847 1445 885 cx
1488 832 1708 885 nomine
1746 831 1911 900 regis,
1955 829 2101 898 quod

524 925 781 983 omnibus
824 941 945 995 quae
994 925 1391 979 rationabiliter
1435 924 1834 992 postulassent,
1869 930 1924 976 et
1981 936 2103 991 qua:

524 1017 680 1073 electi
714 1032 784 1073 ex
819 1028 1050 1087 utraque
1088 1024 1241 1088 parte
1264 1016 1477 1086 judices
1540 1031 1695 1086 inqua
1733 1015 1826 1048 “5*
1859 1014 2104 1069 censuis-

527 1118 668 1176 sent,
695 1111 1103 1180 promptissime
1139 1117 1440 1176 anuueret,
1477 1109 1608 1163 dum
1645 1108 1748 1178 ipsi
1777 1123 1998 1178 quoque
2028 1105 2105 1159 vi-

526 1200 714 1256 cissim
749 1202 914 1271 justis
963 1202 1370 1256 conditionibus
1401 1201 1836 1270 adquiescerent,
1862 1207 1917 1253 et
1956 1214 2105 1253 man-

527 1294 871 1350 suetudinem
903 1294 1023 1364 ejus
1065 1309 1232 1363 quam
1271 1309 1490 1347 manum
1530 1293 1818 1348 militarem
1869 1290 2104 1361 experiri

528 1386 769 1441 mallent.
814 1384 895 1439 Ad
938 1386 1053 1441 haec
1082 1386 1158 1439 illi
1200 1386 1601 1455 responderunt
1641 1385 1731 1415 “5"
1785 1384 1919 1437 nihil
1958 1382 2106 1437 aliud

530 1494 589 1533 se
614 1478 891 1547 postulare
910 1493 1075 1547 quam
1092 1479 1237 1548 quod
1264 1479 1449 1531 multis
1467 1478 1582 1545 jam
1609 1477 1701 1509 ¹¹⁸⁶
1728 1492 1869 1546 saepe
1887 1475 2108 1545 legatio-

531 1570 692 1625 nibus
720 1571 1123 1639 postulassent,
1154 1571 1364 1625 scilicet
1402 1577 1461 1624 ut
1487 1570 1709 1625 castella
1732 1612 1745 1636 ,
1775 1585 1897 1639 quae
1924 1569 1991 1623 ad
2016 1583 2108 1637 op-

531 1661 868 1731 pressionem
892 1678 1081 1717 eorum
1111 1678 1206 1733 per
1241 1662 1535 1716 Saxoniam
1557 1671 1611 1715 et
1630 1661 1987 1732 Thuringiam
2020 1675 2109 1713 ex-

532 1761 798 1820 truxerat,
824 1754 942 1808 sine
967 1754 1226 1809 dilatione
1246 1754 1389 1809 dirui
1403 1755 1626 1824 jubeat;
1660 1762 1723 1809 ut
1747 1770 1845 1809 sua
1876 1753 2106 1824 singulis

532 1844 857 1915 patrimonia
878 1888 893 1913 ,
928 1861 1024 1916 per
1059 1847 1170 1901 vim
1199 1862 1295 1902 seu
1335 1862 1432 1916 per
1467 1847 1555 1877 ¹¹⁸⁷
1587 1846 1957 1915 calumpniam
1993 1861 2110 1900 ere-

534 1943 650 2005 pta,
686 1937 974 2003 restituat;
1014 1947 1074 1993 ut
1101 1938 1228 1992 duci
1255 1936 1470 2003 Ottoni,
1504 1938 1570 1992 ad
1587 1954 1751 2007 quem
1792 1938 2112 2007 extinguen-

534 2028 667 2083 dum
693 2026 832 2084 falsa
862 2029 1243 2085 criminatione
1272 2039 1325 2085 et
1344 2031 1584 2100 pessimo
1605 2030 1799 2084 nefarii
1830 2030 1921 2061 “5°
1939 2029 2113 2084 homi-

534 2119 621 2175 nis
650 2122 881 2177 artilicio
902 2123 1246 2192 impudenter
1272 2123 1478 2177 abusus
1516 2124 1607 2189 sit,
1635 2123 1893 2177 ducatum
1923 2121 2115 2190 Bajoa-

534 2212 632 2266 riae
661 2213 882 2280 reddat;
928 2222 989 2269 ut
1015 2217 1271 2284 episc0po
1300 2214 1635 2285 Mogontino,
1675 2215 1931 2284 episcopo
1957 2213 2117 2269 Colo—

537 2303 735 2371 niensi,
770 2304 895 2360 duci
917 2304 1211 2375 Ruodollo,
1228 2308 1913 2378 ,postremo,omnihus.qui
1931 2307 1987 2362 in
2004 2306 2114 2363 hac

536 2392 877 2452 dissensione
912 2398 980 2453 ab
1012 2415 1078 2453 eo
1111 2400 1453 2467 defecissent,
1471 2409 1567 2455 aut
1587 2402 1791 2470 aliquid
1810 2401 1957 2471 quod
1986 2416 2112 2454 eum

539 2485 760 2544 laederet
779 2491 1011 2548 aliarum
1046 2494 1285 2561 partium
1313 2494 1494 2549 studio
1520 2494 1870 2549 admisissent
1893 2535 1906 2559 ,
1936 2493 2116 2561 impu—

538 2578 763 2635 nitatem
811 2582 1035 2650 tribuat,
1083 2585 1373 2654 nullasque
1422 2585 1513 2616 “’9
1561 2586 1616 2639 in
1653 2594 1977 2654 perpetuum
2025 2584 2114 2614 ¹¹⁶⁰

541 2669 763 2728 offensa:
816 2673 981 2743 hujus
1026 2691 1214 2744 pinnas
1250 2676 1462 2746 exigat;
1524 2683 1584 2730 ut
1623 2677 1927 2730 libertatem
1973 2675 2117 2746 genti

542 2779 656 2824 suae
680 2775 734 2818 et
755 2765 994 2836 legitima
1023 2782 1053 2820 a
1080 2768 1270 2835 primis
1290 2768 1630 2837 temporibus
1654 2776 1859 2823 statuta
1897 2776 2014 2822 rata
2037 2778 2119 2822 at-

541 2870 649 2924 que
676 2856 935 2913 inviolata
957 2874 1175 2915 manere
1202 2861 1376 2927 sinat;
1409 2870 1469 2915 ut
1500 2868 1672 2917 totam
1698 2862 1755 2915 in
1795 2862 1909 2917 sola
1950 2860 2119 2915 Saxo.

2201 364 2404 421 Omnes
2431 364 2835 436 promptissime
2853 378 2912 418 se
2947 363 3092 418 dioto
3117 378 3307 433 parere
3328 363 3793 433 spoponderunt;

2202 458 2296 513 sed
2345 456 2700 514 redeuntibus
2755 454 3002 521 nunciis,
3060 455 3243 510 nullus
3297 453 3497 508 castris
3544 460 3635 508 est
3695 452 3796 483 ίιει

2201 565 2486 620 egressus;
2509 546 2938 602 detrectantibus
2966 546 3180 601 cunctis
3210 540 3349 616 opus
3375 543 3655 599 nefarium
3685 585 3705 608 ,
3730 553 3798 597 ut

2201 641 2282 695 eis
2301 683 2314 705 ,
2345 655 2580 709 quorum
2615 654 2838 694 causam
2861 638 3227 708 justissimam
3255 636 3595 698 testimarent
3618 677 3634 701 ,
3659 649 3795 689 cer-

2200 740 2383 786 tamen
2411 730 2691 785 inferrent.
2741 729 2818 785 Ex
2844 731 2949 784 alia
2974 745 3198 800 quoque
3225 730 3588 798 partelcastra
3615 724 3802 781 Saxo-

2203 840 2334 878 num
2384 840 2495 878 non
2538 823 2765 879 minima
2824 822 3091 877 seditione
3148 820 3574 891 quatiebantur;
3626 817 3801 888 plebs

2202 917 2456 971 universa
2496 915 2932 971 tumultuabatur
2959 922 3150 969 contra
3178 912 3487 982 principes,
3524 910 3683 981 quod
3735 924 3801 965 se

2205 1008 2404 1061 frustra
2455 1008 2507 1061 in
2562 1015 2742 1061 tantas
2786 1007 3055 1061 bellorum
3090 1006 3357 1075 procellas
3407 1002 3793 1073 impulissent.

2204 1098 2340 1155 Cum
2373 1099 2518 1153 enim
2550 1116 2696 1153 nunc
2735 1098 3021 1153 victoriam
3064 1098 3249 1153 omnia
3288 1095 3596 1166 spondeant
3632 1102 3691 1146 et
3741 1109 3801 1147 o-

2204 1192 2512 1260 portunitas
2542 1190 2609 1245 ad
2638 1196 2825 1244 votum
2863 1189 3120 1254 arrideat,
3160 1188 3227 1243 ad
3253 1203 3418 1258 quam
3444 1186 3516 1240 ab
3554 1184 3798 1241 exordio

2206 1284 2330 1337 belli
2353 1282 2735 1337 anhelantibus
2759 1297 2974 1351 semper
3007 1281 3204 1335 animis
3233 1278 3688 1349 suspiravissent,
3722 1277 3800 1344 ip-

2208 1375 2251 1431 si
2295 1375 2575 1445 repentina
2611 1374 2946 1444 paenitudine
2992 1373 3243 1438 correcti,
3285 1387 3483 1425 manus
3510 1368 3802 1439 supplices

2208 1469 2452 1533 tendant,
2476 1483 2663 1536 pacem
2692 1475 2895 1535 petant,
2920 1474 2973 1521 et
2999 1466 3069 1529 ei,
3093 1482 3121 1519 a
3140 1481 3251 1535 quo
3277 1464 3475 1518 totiens
3495 1461 3643 1518 clusi
3666 1461 3800 1521 sint,

2210 1562 2406 1615 iterum
2460 1575 2520 1615 se
2568 1560 2866 1615 eludendos
2919 1557 3172 1612 muliebri
3208 1557 3457 1612 socordia
3491 1564 3550 1608 et
3593 1553 3803 1623 puerili

2210 1652 2423 1707 levitate
2479 1652 2712 1706 tradant.
2760 1650 2894 1705 Duci
2948 1666 3165 1721 quoque
3208 1648 3391 1704 Ottoni
3436 1647 3806 1703 vehementer

2210 1745 2533 1799 insistebant
2552 1745 2660 1808 ηδ’,
2680 1752 2758 1807 ut,
2787 1751 3006 1812 accepto
3030 1757 3192 1811 super
3227 1756 3284 1796 se
3308 1755 3495 1810 regno,
3527 1739 3803 1792 ducatum

2210 1838 2313 1893 sibi
2335 1837 2597 1906 praeberet
2624 1835 2842 1889 ineundi
2866 1833 3198 1901 certaminis,
3237 1842 3290 1886 et
3319 1847 3583 1907 prospera
3607 1828 3802 1884 omnia

2210 1928 2548 1999 promittenti
2580 1927 2689 1981 Deo
2728 1942 2924 1986 manus
2951 1941 3081 1981 suas
3116 1939 3449 1996 operamque
3478 1939 3594 1979 neu
3625 1936 3799 1991 nega-

2211 2030 2313 2076 ret.

2285 2113 2544 2187 (Feb.l?)
2577 2112 2728 2167 Tunc
2751 2112 3164 2166 circumstantes
3210 2124 3392 2178 regem
3436 2108 3495 2161 hi
3542 2121 3790 2177 quorum

2214 2207 2444 2262 consilio
2475 2204 2798 2259 familiarius
2839 2204 2918 2258 uti
2947 2208 3325 2265 consueverat,
3356 2215 3481 2254 eum
3511 2197 3802 2254 subterfn-

2215 2299 2422 2371 giendae
2468 2297 2797 2356 conditionis
2845 2295 3026 2351 studio
3090 2293 3273 2349 divina
3337 2301 3501 2362 atque
3552 2290 3803 2344 humana

2216 2393 2400 2447 omnia
2440 2391 2817 2446 sollicitantem
2866 2388 3146 2441 viderent:
3175 2383 3420 2449 Nullum,
3451 2383 3740 2453 inquiunt,
3772 2398 3802 2434 ο

2217 2501 2329 2547 rex,
2360 2484 2607 2537 habemus
2653 2478 3019 2536 diverticulum
3043 2494 3061 2532 :
3086 2486 3177 2531 aut
3208 2476 3581 2547 (equanimiter
3624 2474 3803 2526 susci-

2217 2577 2407 2648 pienda
2453 2584 2529 2629 est
2558 2574 2789 2629 conditio
2823 2589 2981 2643 quam
3027 2570 3388 2640 imposuerint,
3441 2576 3533 2618 aut
3582 2581 3799 2634 regnum

2221 2684 2339 2724 cum
2394 2684 2584 2739 magno
2634 2667 2795 2721 etiam
2830 2665 2950 2718 vita:
2984 2660 3218 2732 periculo
3252 2657 3626 2713 amittendum.
3667 2655 3799 2708 Acie

2220 2765 2298 2818 vis
2334 2762 2642 2831 conﬂigere,
2678 2756 3070 2828 periculumque
3097 2754 3211 2785 “6"
3236 2748 3399 2808 armis
3444 2747 3799 2819 propulsare;

2220 2855 2309 2910 sed
2333 2871 2438 2926 qua
2474 2854 2682 2917 virtute,
2732 2858 2906 2920 putas,
2952 2847 2998 2900 is
3050 2845 3200 2899 miles
3246 2844 3443 2897 hostem
3486 2855 3801 2910 congressus

544 2947 633 3000 nia
666 2956 878 3004 aetatem
898 2992 913 3017 ,
946 2950 1104 3005 inerti
1129 2953 1241 3008 otio
1264 2952 1509 3020 deditus,
1546 2969 1656 3007 non
1697 2954 1993 3024 transigat,
2025 2953 2119 3008 sed
2146 2957 2187 3015 ε
2220 2955 2466 3020 proteret,
2503 2945 2591 3016 qui
2624 2944 2778 2998 modo
2798 2940 2868 2994 ad
2901 2938 3267 2992 recensendum
3287 2935 3577 2989 exercitum
3611 2948 3801 2985 nomen

544 3037 816 3095 interdum
857 3041 1101 3098 Goslaria
1139 3044 1439 3112 decedens,
1478 3062 1705 3117 regnum
1736 3062 1930 3113 suum,
1972 3046 2118 3115 quod

544 3131 816 3199 majorum
853 3135 973 3204 ejus
1009 3136 1278 3193 industria
1320 3139 1645 3193 latissimum
1680 3140 1790 3207 sit,
1836 3138 2115 3204 circueat;

545 3223 789 3280 ecclesiis
822 3233 877 3284 et
910 3231 1276 3297 monasteriis,
1315 3231 1494 3287 viduis
1523 3240 1577 3286 et
1609 3231 1870 3303 orphanis
1891 3272 1905 3297 ,
1937 3236 1990 3284 et
2026 3244 2117 3283 ce-

545 3315 677 3376 teris
707 3317 800 3387 qui
826 3319 1191 3391 calumpniam
1218 3324 1493 3394 patiantur
1513 3367 1526 3391 ,
1547 3325 1696 3393 justa
1727 3324 1921 3387 faciat;
1961 3328 2016 3376 et
2041 3335 2123 3375 re-

545 3408 687 3479 giam
727 3410 1064 3482 dignitatem,
1091 3430 1254 3485 quam
1290 3418 1511 3471 nomine
1545 3415 1821 3486 prmferat,
1852 3415 2118 3485 regalium

545 3515 764 3557 morum
793 3511 847 3559 et
884 3520 1112 3576 operum
1149 3509 1399 3564 claritate
1436 3516 1688 3574 exornet;
1721 3509 1766 3564 si
1808 3510 1925 3564 haec
1958 3524 2017 3564 se
2048 3505 2122 3561 fa-

546 3601 764 3650 cturum
808 3596 1121 3654 fidelissime
1155 3601 1479 3670 polliceatur
1519 3608 1571 3655 et
1611 3602 1676 3655 ad
1717 3601 2120 3656 firmamentum

548 3685 868 3749 indubitata:
905 3688 1029 3746 ﬁdei
1059 3691 1411 3762 ﬁdeiussores
1448 3692 1552 3748 sibi
1582 3692 1672 3747 det
1693 3693 1912 3748 eosdem
1933 3735 1948 3760 ,
1980 3709 2121 3763 quos

549 3792 697 3837 nunc
726 3778 923 3843 habeat
944 3784 1327 3852 recuperanda:
1357 3785 1508 3854 pacis
1538 3784 1949 3851 intercessores,
1975 3785 2125 3855 prin-

550 3866 698 3938 cipes
725 3871 879 3941 regni
909 3891 922 3936 ς
951 3883 1171 3943 paratos
1203 3891 1263 3933 se
1300 3891 1453 3932 arma
1486 3875 1759 3946 deponere
1778 3918 1793 3943 ,
1816 3892 2005 3946 pacem
2036 3893 2123 3932 su-

552 3958 780 4031 scipere,
802 3970 856 4027 et
887 3964 1140 4036 deinceps
1164 3967 1309 4027 dicto
1335 3968 1770 4037 obtemperantes
1793 3969 2006 4035 vivere;
2036 3968 2122 4027 sin

556 4058 760 4121 autem,
788 4067 1134 4117 sacramento
1176 4076 1235 4116 se
1267 4061 1563 4117 obstrictos
1583 4076 1703 4117 esse
1747 4068 1838 4126 ut,
1862 4059 2121 4131 quamdiu

552 4144 658 4205 sibi
692 4145 872 4204 vitalis
905 4150 1105 4208 caloris
1148 4153 1339 4208 ultima
1378 4153 1613 4209 scintilla
1649 4152 1991 4222 supervivat,
2022 4168 2123 4221 pro

554 4237 820 4306 libertate,
845 4257 945 4311 pro
973 4244 1203 4315 legibus,
1235 4262 1334 4317 pro
1364 4247 1537 4315 patria
1564 4261 1664 4300 sua
1691 4242 1947 4300 indefessi
1971 4243 2125 4297 dimi-

553 4338 695 4384 cent.
748 4331 895 4397 Dura
922 4335 1087 4391 nimis
1134 4339 1247 4409 regi
1275 4339 1394 4395 visa
1444 4347 1529 4395 est
1579 4337 1812 4404 exactio,
1852 4337 2125 4406 coepitque

557 4420 665 4479 huc
689 4429 744 4479 et
762 4423 891 4479 illuc
917 4428 1113 4491 anxius
1135 4431 1505 4501 tergiversari,
1522 4431 1792 4499 fidemque
1815 4428 2123 4498 principum

556 4527 785 4570 suorum
814 4519 1104 4588 appellare,
1142 4537 1210 4578 ne
1241 4538 1299 4578 se
1337 4524 1439 4578 sub
1462 4522 1655 4593 jugum
1678 4529 1788 4581 tam
1816 4520 1973 4576 foedae
2000 4535 2128 4581 con:

557 4604 778 4665 ditionis
805 4610 871 4663 ad
909 4612 994 4666 sui
1038 4613 1283 4669 omnium
1331 4614 1682 4685 ignominiam
1710 4614 1851 4667 mitti
1878 4622 2130 4683 pateren.

538 4703 679 4767 tur;
712 4698 843 4764 illud
876 4718 989 4772 prae
1013 4706 1223 4762 caneris
1266 4705 1601 4767 intolerabile
1640 4704 1894 4774 judicans
1918 4747 1933 4772 ,
1978 4707 2123 4776 quod

557 4792 776 4846 castella
819 4809 917 4850 sua
951 4796 1233 4855 destruere
1269 4806 1323 4852 et
1354 4798 1604 4853 hostibus
1642 4796 1758 4852 suis
1782 4797 2003 4866 praemia
2026 4815 2127 4868 pro

559 4882 839 4951 suppliciis
876 4887 1101 4943 reddere
1126 4889 1442 4961 cogebatur.
1490 4889 1760 4959 Cumque,
1785 4897 1968 4959 spreta
1994 4906 2127 4960 pace

558 4988 681 5051 quae
720 4975 1066 5049 oﬂ‘erebatur,
1108 4981 1353 5050 sequenti
1382 4981 1469 5035 die
1511 4980 1809 5036 exercitum
1856 4982 2127 5036 recenseri

559 5064 839 5137 aciemque
875 5071 943 5125 ad
984 5087 1223 5143 pugnam
1262 5071 1459 5126 instrui
1497 5072 1810 5140 placuisset,
1850 5072 1999 5127 misit
2028 5074 2132 5128 cir-

561 5170 905 5231 cumquaque
948 5162 1017 5217 ad
1054 5162 1362 5226 habitacula
1426 5163 1763 5241 principum,
1810 5162 2009 5231 jubens
2059 5171 2125 5219 ut

2222 3042 2348 3096 dare
2389 3039 2606 3109 jussus,
2640 3052 2732 3090 nec
2775 3033 2964 3087 castris
2999 3028 3230 3101 quidem,
3262 3028 3404 3081 exire
3456 3023 3626 3080 voluit
3665 3023 3801 3078 “"2

2222 3131 2456 3187 Parvula
2480 3126 2757 3183 intervallo
2781 3125 2925 3179 abest
2966 3121 3197 3176 hostium
3219 3120 3458 3189 inﬁnitus
3493 3116 3762 3172 exercitus
3779 3131 3800 3178 ;

2221 3226 2309 3279 sed
2337 3223 2538 3277 cunctis
2571 3219 2804 3274 hostibus
2827 3215 2945 3287 plus
2971 3214 3065 3269 tibi
3101 3209 3425 3283 formidandi
3458 3215 3583 3264 sunt
3620 3207 3679 3261 hi
3709 3206 3801 3239 ““

2220 3318 2309 3388 qui
2353 3313 2510 3369 lateri
2551 3321 2641 3367 tuo
2687 3307 3031 3381 familiariter
3059 3304 3414 3367 obversantur,
3452 3300 3543 3372 qui
3583 3299 3799 3353 interim

2223 3409 2319 3463 tibi
2371 3404 2624 3461 simulata
2672 3403 2775 3474 ﬁde
2822 3398 3016 3454 blanda
3062 3396 3362 3467 loquuntur,
3409 3392 3666 3464 quamdiu
3709 3405 3796 3444 eos

2221 3501 2417 3574 quibus
2453 3515 2506 3552 se
2540 3503 2868 3553 sacramento
2898 3490 3254 3561 obligaverunt
3286 3486 3377 3517 ¹¹⁸⁸
3404 3483 3594 3555 ρνωιίο
3628 3481 3799 3537 laces-

2222 3570 2332 3650 sere
2358 3570 2462 3647 min
2503 3597 2776 3662 coguntur.
2815 3584 2966 3651 Quod
3006 3582 3054 3635 si
3099 3579 3325 3633 classica
3352 3575 3708 3640 insonuerint,
3749 3582 3798 3628 ct

2221 3685 2451 3757 pressius
2475 3683 2644 3755 posito
2677 3680 2804 3751 pede
2827 3685 2920 3732 aut
2949 3675 3041 3707 ¹¹⁶⁶
3068 3672 3217 3744 feriri
3242 3678 3335 3725 aut
3364 3669 3522 3740 ferire
3550 3667 3799 3738 angustia

2223 3778 2325 3832 loci
2357 3775 2755 3838 coartabuntur,
2810 3769 3059 3823 nimirum
3106 3773 3199 3819 aut
3241 3764 3382 3818 dicto
3435 3761 3595 3815 citius
3625 3758 3796 3828 diffu-

2224 3871 2386 3942 gient,
2413 3878 2507 3923 aut
2553 3876 2601 3921 te
2649 3865 2853 3919 deserto
2903 3861 2972 3915 ad
3007 3868 3182 3930 partes
3216 3857 3445 3911 hostium
3474 3852 3792 3907 transibunt.

2229 3960 2377 4017 Unde
2405 3961 2578 4015 satius
2608 3957 2695 3989 “‘7
2731 3956 2904 4026 fuerat
2946 3951 3305 4007 Wormaciam
3351 3947 3441 3979 ’⁸⁸⁸
3492 3962 3596 3998 non
3643 3960 3794 3997 exce-

2225 4055 2574 4123 dere,-quam,
2598 4051 2655 4109 in
2677 4057 2966 4103 extremum
2980 4044 3261 4098 discrimen
3290 4053 3642 4110 progressum,
3674 4036 3796 4105 ﬁdei

2224 4147 2521 4217 principum
2563 4152 2673 4196 tam
2715 4140 2896 4210 iniquo
2937 4146 3162 4206 tempore
3200 4132 3611 4202 experimentum
3651 4144 3797 4198 quir-

2229 4255 2356 4295 rere.
2395 4223 2567 4291 Unum
2604 4243 2777 4288 tamen
2804 4238 2946 4300 patet
2991 4226 3171 4281 incisa:
3209 4224 3298 4255 “°’
3334 4222 3445 4293 spei
3480 4229 3531 4274 et
3572 4220 3800 4289 undique

2229 4330 2496 4401 impeditis
2529 4327 2679 4381 rebus
2706 4323 2986 4393 effugium,
3016 4319 3062 4372 si
3089 4318 3355 4389 facturum
3385 4323 3432 4368 te
3457 4329 3577 4386 qua:
3614 4321 3803 4383 postu-

2228 4424 2358 4485 laris
2392 4425 2756 4477 incunctanter
2798 4415 3094 4486 promittas.
3127 4409 3213 4462 Ita
3247 4417 3297 4462 et
3313 4405 3626 4477 jureniliter
3647 4402 3802 4459 exul-

2231 4516 2457 4579 tantium
2485 4512 2715 4565 hostium
2755 4507 3083 4579 ferocitatem
3126 4500 3349 4564 eludere,
3397 4507 3447 4551 et
3485 4494 3799 4567 periculum,

2228 4607 2366 4679 quod
2403 4604 2644 4677 faucibus
2681 4609 2848 4672 urget,
2888 4595 3121 4663 evadere,
3168 4601 3215 4649 et
3266 4607 3480 4660 regnum
3535 4588 3798 4656 deinceps,

2230 4700 2415 4770 sopitis
2460 4698 2517 4751 in
2563 4703 2867 4765 perpetuum
2913 4687 3112 4743 cunctis
3168 4681 3552 4747 simultatibus,
3608 4679 3799 4749 poteris

2229 4793 2479 4856 obtinere.
2513 4787 2653 4841 Tum
2680 4786 2770 4817 “7°
2800 4783 2888 4838 ille
2912 4796 3022 4836 non
3050 4788 3160 4833 tam
3190 4775 3402 4831 ratione
3427 4773 3607 4826 vietus
3636 4785 3797 4840 quam

2214 4860 2572 4943 necessitate,
2601 4894 2727 4933 cum
2755 4875 2937 4931 omnia
2957 4872 3108 4945 prius
3136 4869 3410 4925 incassum
3438 4872 3799 4936 pertemptas-

2230 4984 2313 5032 set
2357 4970 2697 5034 diverticula,
2748 4968 2985 5032 tandem,
3034 4960 3220 5026 accitis
3265 4958 3334 5022 ad
3387 4959 3474 4989 “7’
3508 4953 3797 5013 concilium

2230 5065 2589 5138 principibus,
2619 5059 2869 5130 permisit
2898 5056 3009 5121 “",
3042 5060 3104 5107 ut
3128 5066 3227 5121 pro
3254 5065 3357 5104 suo
3386 5048 3659 5103 arbitratu
3681 5054 3795 5097 tan—

2230 5169 2318 5214 tos
2346 5165 2527 5212 motus
2555 5154 2972 5221 componerent;
3027 5142 3353 5224 promittens,
3395 5155 3454 5195 se
3502 5138 3798 5197 indubitata

1843 5292 2078 5348 VARUE
2114 5288 2523 5347 LECTIONES.
