4050 5358
324 172 468 232 “53

1518 172 1837 229 ANNALES
1880 203 1950 214 -—
1976 171 2088 227 AN.
2132 174 2294 231 1074.

3427 172 3583 233 ηει,

320 286 426 341 ﬁde
471 284 725 340 omnibus
772 268 864 318 ί¹⁷³
876 269 1169 353 Van—auem,
1218 301 1341 357 qua:
1388 285 1491 357 ipsi
1541 286 1893 341 conﬁciendis
1919 293 1969 348 Α
1992 302 2110 352 vin,
2140 286 2439 356 25),mutta
2468 294 2524 343 et
2550 301 2716 357 supra
2743 301 3058 343 mensuram
3093 301 3250 343 suam
3282 287 3566 358 magniﬁca

320 377 486 433 tantis
514 377 677 432 rebus
704 385 1009 447 competere
1032 377 1387 447 iudicassent.
1436 378 1506 432 At
1554 379 1629 432 illi
1658 393 1890 447 respon-

319 469 517 523 derunt
546 468 637 500 ¹¹⁷⁸
664 484 771 523 non
802 469 964 522 aliam
993 484 1221 538 prorsus
1266 477 1449 537 patere
1496 469 1640 523 viam
1671 468 1889 522 subter—

319 560 581 632 fugiendi,
619 561 764 631 quod
808 561 997 615 stricto
1030 559 1121 591 “"
1145 559 1259 630 jam
1289 575 1553 614 mucrone
1582 559 1890 615 comminus

318 653 696 720 intentaretur,
727 653 914 723 prmlii,
947 667 1110 721 quam
1161 659 1220 705 ut
1266 650 1468 706 faceret
1494 668 1617 721 quat
1646 649 1890 705 Saxones

318 744 705 815 postulassent.
740 743 897 810 Quod
922 758 1046 798 cum
1094 742 1198 797 sub
1227 742 1607 800 testiﬁcatione
1651 739 1890 797 nominis

317 834 521 889 Christi
550 835 951 906 spopondisset,
978 833 1205 904 profecti
1232 843 1358 889 sunt
1379 835 1443 889 ad
1465 850 1560 889 eos
1586 834 1650 888 l5
1676 833 1889 902 cpisco-

314 928 371 996 pi
402 927 548 998 (5'57)
577 936 632 982 et
676 927 935 998 quicquid
968 926 1276 996 principum
1324 926 1378 980 in
1409 926 1605 981 castris
1631 932 1768 990 erat,
1800 940 1889 979 re-

317 1015 459 1073 ferre
486 1017 591 1073 illis
619 1019 761 1088 regis
787 1020 1144 1073 voluntatem.
1178 1016 1360 1073 Multa:
1388 1018 1461 1073 ibi
1483 1019 1638 1073 dicta:
1667 1026 1889 1073 senten-

316 1109 425 1175 tize,
454 1110 622 1165 multa
653 1117 779 1165 sunt
806 1111 1115 1181 conquisita
1143 1118 1485 1180 argumenta,
1515 1127 1639 1166 cum
1668 1120 1890 1180 propter

318 1211 624 1271 suspectam
654 1202 798 1273 regis
824 1201 1163 1257 ferocitatem
1193 1210 1246 1255 et
1273 1219 1647 1273 saepenumero
1675 1212 1888 1273 specta-

316 1299 429 1346 tam
453 1292 609 1348 ﬁdem
635 1295 781 1348 nulla
804 1292 1110 1349 Saxonibus
1130 1293 1442 1349 viderentur
1461 1295 1594 1350 satis
1617 1303 1732 1350 tuta
1752 1310 1888 1351 con-

318 1384 460 1438 silia.
515 1383 573 1438 ln
620 1382 843 1456 longum
896 1393 1173 1456 protracta
1230 1386 1321 1417 ¹¹⁷⁶
1375 1384 1782 1454 deliberatione,
1820 1387 1889 1442 ad

315 1476 567 1531 ultimum
599 1478 703 1533 hoc
729 1485 888 1547 pacto
918 1477 1301 1548 recuperanda
1342 1479 1462 1548 paci
1494 1487 1889 1535 consenserunt

318 1566 430 1635 “7’,
476 1577 554 1635 ut,
603 1569 649 1624 si
699 1569 918 1640 quando
952 1585 1068 1635 rex,
1118 1578 1352 1640 acceptae
1384 1571 1624 1626 laesionis
1654 1588 1882 1639 memor,

315 1661 637 1716 sententiam
670 1677 948 1727 revocare,
979 1668 1073 1715 aut
1101 1661 1304 1730 aliquid
1326 1678 1516 1716 eorum
1546 1679 1668 1732 qure
1701 1663 1883 1729 modo,

315 1766 568 1825 suprema
592 1754 910 1807 necessitate
922 1754 1257 1822 compulsus,
1281 1755 1580 1820 statuisset,
1596 1755 1648 1808 in
1673 1755 1887 1809 irritum

314 1842 514 1899 ducere
543 1852 853 1911 conaretur,
879 1859 1090 1909 omnes,
1138 1844 1331 1899 eodem
1381 1862 1492 1915 quo
1520 1862 1666 1901 nunc
1697 1863 1886 1902 sacra-

312 1942 497 1990 mento
542 1936 985 2002 obstricti,arma
1039 1944 1361 2004 repeterent,
1406 1937 1621 2007 injuriae
1670 1938 1885 2002 obviam

314 2025 475 2094 irent,
499 2035 572 2094 et,
609 2035 888 2097 tamquam
917 2026 1181 2082 evidentis
1209 2027 1433 2097 perjurii
1468 2045 1642 2095 reum,
1673 2032 1886 2086 cunctis

313 2118 468 2188 regni
511 2117 847 2189 principibus
893 2117 1208 2189 suffragium
1252 2118 1567 2187 ferentibus,
1605 2120 1671 2175 de
1719 2136 1886 2193 regno

310 2208 717 2279 proturbarent.
767 2207 825 2263 In
872 2210 989 2264 haec
1035 2211 1199 2265 verba
1248 2224 1438 2265 omnes
1468 2219 1528 2265 ut
1561 2220 1718 2266 erant
1750 2228 1884 2269 con-

312 2300 531 2372 globato
560 2301 772 2372 agmine
798 2300 866 2356 ad
893 2302 1179 2356 videndam
1216 2301 1407 2357 faciem
1436 2304 1581 2373 regis
1602 2320 1884 2372 processe-

310 2398 464 2459 runt,
495 2392 615 2462 ipso
645 2393 731 2447 die
752 2392 1147 2464 puriﬁcationis
1168 2402 1368 2449 sanctae
1394 2393 1575 2449 Mariae
1599 2394 1780 2465 (Febr.
1803 2396 1882 2468 2),

313 2482 681 2552 praeeuntibus
734 2484 819 2537 his
865 2484 959 2553 qui
1007 2486 1319 2555 reparandae
1369 2484 1517 2555 pacis
1557 2478 1885 2543 mediatores

314 2570 530 2628 fuerant
556 2574 824 2645 episcopis
858 2583 912 2629 et
956 2575 1078 2631 aliis
1105 2576 1461 2647 principibus.
1494 2575 1644 2644 Quos
1672 2578 1761 2633 ille
1789 2595 1883 2635 ve-

314 2663 525 2719 nientes
553 2664 851 2720 honoriﬁce
880 2668 1119 2737 suscepit
1148 2669 1257 2734 “7',
1287 2668 1535 2723 osculum
1557 2670 1806 2739 praebuit,
1831 2678 1886 2725 et

212 2764 219 2771 '
312 2755 463 2825 pacis
490 2756 849 2825 conditiones,
892 2774 1029 2828 quas
1068 2776 1164 2829 per
1207 2759 1580 2815 internuncios
1609 2762 1881 2833 signiﬁca—

311 2855 485 2912 verat,
513 2847 648 2902 vivze
673 2849 826 2903 vocis
854 2851 1177 2905 auctoritate
1202 2852 1498 2906 roboravit.

1991 377 2041 430 ei
2088 378 2475 445 promittebant
2528 379 2595 433 de
2640 377 2849 433 viribus
2905 377 3040 443 suis,
3090 378 3137 432 si
3181 377 3235 433 in
3283 379 3567 447 procinctu

1991 467 2338 537 pcrstitisset.
2394 467 2753 524 Ostentabant
2802 470 2966 524 etiam
3016 469 3082 523 ad
3136 470 3567 538 experimentum

1990 558 2208 613 virtutis
2232 575 2345 614 sua:
2377 560 2566 614 titulos
2602 560 2750 628 (538)
2794 560 3205 615 interfectorum
3249 561 3565 621 Goslarien-

1992 650 2157 715 sium,
2208 650 2504 720 dispositos
2557 667 2653 720 per
2700 667 2861 707 omne
2904 652 3037 707 illud
3084 652 3329 723 spacium
3362 655 3567 723 quoda

1992 739 2239 796 Goslaria
2271 757 2443 812 usque
2472 741 2526 795 in
2557 741 2890 814 llartesburg
2908 744 3123 799 duobus
3151 744 3319 800 ferme
3346 746 3567 806 milibus

1994 833 2081 864 ¹¹⁸¹
2113 834 2417 904 interjacet.
2471 831 2597 888 Haec
2646 834 2735 866 ¹¹⁸²
2777 835 3067 901 audiendo,
3105 836 3263 890 malis
3310 844 3568 897 assuetus

1991 925 2207 979 animus
2231 934 2285 979 et
2317 941 2414 994 per
2439 934 2655 979 aetatem
2703 925 2890 995 gloria:
2916 928 3169 983 militaris
3208 928 3401 984 avidus
3424 944 3567 1000 pau-

1990 1014 2141 1069 latim
2171 1016 2574 1071 reformahatur
2603 1017 2669 1070 ad
2697 1016 2973 1087 ingenium
3006 1036 3165 1074 suum
3194 1028 3357 1090 atque
3379 1023 3446 1077 ad
3472 1019 3567 1056 ¹ιε⁸

1992 1107 2225 1177 rigorem
2255 1108 2568 1178 pristinum,
2600 1106 2836 1177 factique
2864 1109 2978 1178 jam
3020 1126 3129 1165 non
3158 1110 3251 1143 “3‘
3276 1112 3568 1169 mediocri~

1991 1206 2075 1251 ter
2121 1199 2437 1268 ptenitebat.
2484 1200 2732 1270 Cumque
2759 1215 2792 1253 a
2821 1198 3128 1257 Saxonibus
3162 1204 3431 1272 promissa
3465 1221 3567 1261 sua
3623 1276 3627 1281 ε

1990 1298 2371 1357 reposceretur
2398 1292 2512 1358 ηπ,
2542 1291 2706 1361 coepit
2735 1307 2956 1346 rursum
2989 1292 3199 1347 callidis
3247 1296 3564 1364 responsio-

1989 1379 2151 1434 nibus
2191 1382 2562 1451 tergiversari,
2592 1390 2646 1437 et
2672 1391 2855 1453 petere
2886 1391 2945 1436 ut
2969 1383 3036 1437 ad
3061 1391 3387 1439 conventum
3414 1386 3568 1457 prin-

1989 1472 2170 1540 cipum
2204 1472 2356 1542 regni
2388 1490 2847 1544 communemque
2876 1474 3206 1530 audientiam
3234 1490 3324 1532 res
3358 1477 3568 1550 integra

1989 1562 2315 1630 differretur,
2371 1574 2642 1636 quatenus
2685 1581 2877 1620 eorum
2934 1566 3141 1635 judicio
3187 1566 3254 1622 de
3312 1568 3565 1640 singulis,

1990 1655 2136 1723 quod
2168 1656 2384 1722 honori,
2416 1659 2562 1727 quod
2594 1658 2815 1712 utilitati
2864 1658 2944 1712 rei
2978 1659 3207 1728 publica:
3240 1660 3571 1717 conduceret

1992 1746 2104 1811 “5“,
2136 1753 2486 1801 statueretur.
2519 1748 2629 1804 Illis
2682 1749 3069 1817 annuentibus,
3118 1750 3372 1823 praecepit
3409 1759 3471 1806 ut
3508 1748 3565 1808 6.

1988 1836 2115 1891 ldus
2144 1835 2321 1891 Martii
2348 1838 2535 1909 (Mart.
2566 1840 2652 1911 10)
2681 1840 2954 1910 principes
2984 1842 3049 1896 de
3081 1848 3198 1896 toto
3228 1856 3397 1913 regno
3422 1840 3568 1899 Ges-

1988 1927 2180 1981 lariam
2206 1933 2582 1985 convenirent.

2060 2018 2276 2074 Statuto
2302 2022 2386 2077 dic
2416 2031 2723 2077 ceterorum
2753 2025 3061 2095 principum
3091 2026 3274 2081 nullus
3308 2027 3545 2085 eovenit

1990 2110 2235 2168 Saxones
2283 2122 2336 2167 et
2366 2113 2631 2185 Thuringi
2675 2132 2800 2170 cum
2852 2117 3062 2171 inﬁnita
3109 2118 3454 2176 multitudine
3496 2120 3567 2178 de

1986 2211 2101 2258 tota
2157 2202 2395 2259 Saxonia
2440 2215 2495 2261 et
2544 2206 2875 2278 Tburingia,
2927 2218 3269 2264 sacramento
3318 2213 3564 2280 evocati,

1987 2296 2233 2362 aderant,
2263 2306 2317 2351 et
2343 2298 2477 2351 haut
2516 2299 2708 2368 procul
2752 2315 2783 2353 a
2833 2298 3081 2354 Goslaria
3125 2310 3307 2357 castra
3352 2304 3561 2373 metati,

1987 2388 2193 2458 legatos
2221 2389 2288 2442 ad
2323 2404 2504 2459 regem
2535 2390 2821 2457 miserunt,
2851 2407 3009 2462 agere
3036 2408 3160 2447 cum
3189 2408 3254 2448 eo
3282 2394 3349 2449 de
3375 2394 3567 2450 condi-

1986 2479 2227 2534 tionibus
2270 2480 2469 2550 quibus
2518 2482 2659 2536 inter
2708 2498 2766 2537 se
2812 2491 2867 2537 ct
2910 2499 3035 2538 eum
3066 2500 3170 2553 pax
3198 2484 3561 2541 convenisset.

1990 2567 2195 2625 Triduo
2222 2572 2434 2642 integro
2463 2572 2652 2641 (Mart.
2685 2572 2772 2645 12)
2801 2582 2857 2629 et
2882 2574 2962 2641 hi,
2992 2576 3155 2630 modo
3183 2576 3562 2646 supplicando,
3605 2578 3614 2593 '

1985 2662 2149 2717 modo
2198 2671 2462 2719 terrorem
2517 2666 2772 2720 bellicum
2831 2667 3149 2722 intentando
3201 2667 3310 2734 ηδτ,
3366 2669 3565 2724 acriter

1984 2754 2282 2821 instabant,
2330 2764 2384 2810 et
2430 2757 2519 2813 ille
2569 2758 2912 2836 sedulitatem
2968 2758 3288 2813 instantium
3337 2759 3563 2818 lubricis

1984 2847 2438 2917 responsionibus
2484 2849 2704 2904 eludere
2751 2850 3073 2918 conabatur,
3100 2858 3155 2905 et
3178 2851 3344 2906 modo
3369 2851 3437 2907 de
3461 2852 3563 2907 ab~

383 2937 459 2992 Ita
480 2940 796 3010 compositis
818 2941 1072 2996 omnibus
1091 2957 1156 2996 ex
1178 2943 1461 3010 sententia,
1483 2943 1569 2998 his
1590 2945 1683 3013 qui
1704 2955 1884 3014 partes
1911 2961 1952 3019 α
1987 2938 2162 2993 86mia
2195 2940 2502 3010 ρι’ἰηοίρυω
2546 2941 2897 3009 causabatur.
2929 2942 2994 2995 ad
3036 2957 3272 3012 quorum
3295 2941 3563 3019 indicium

314 3045 444 3085 suas
484 3031 782 3100 impensius
825 3041 1149 3087 curaverant
1177 3034 1319 3088 dona
1339 3034 1493 3104 juxta
1525 3037 1879 3106 magniﬁcen-

311 3121 445 3175 tiam
471 3122 674 3194 regiam
700 3123 925 3196 largitus
952 3132 1054 3192 est,
1084 3125 1429 3196 dimissisque
1458 3127 1686 3197 singulis
1714 3129 1767 3182 in
1796 3131 1880 3185 lo-

313 3227 440 3268 cum
470 3228 650 3281 suum,
694 3213 810 3285 ipse
838 3217 1062 3286 junctus
1092 3215 1400 3273 Saxonibus
1428 3216 1731 3274 Goslariam
1760 3236 1883 3290 per-

312 3302 471 3359 rexit.
503 3303 797 3362 Destinatis
823 3309 986 3362 etiam
1028 3308 1453 3380 circumquaque
1480 3310 1694 3367 nunciis
1721 3328 1881 3366 man—

312 3394 460 3450 davit
508 3404 568 3451 ut
618 3399 686 3453 ab
759 3400 1162 3471 oppugnatione
1213 3402 1557 3457 castellorum
1610 3404 1882 3460 exercitus

314 3486 691 3555 abduceretur,
729 3498 783 3543 et
807 3491 864 3544 hi
898 3492 993 3561 qui
1022 3492 1077 3545 in
1106 3493 1341 3547 castellis
1369 3501 1525 3547 erant
1552 3493 1685 3547 nihil
1725 3495 1882 3551 dein-

313 3594 439 3647 ceps
486 3580 681 3635 hostile
726 3581 779 3635 in
827 3583 1187 3653 provinciales
1230 3582 1490 3651 facerent,
1522 3585 1615 3640 sed
1642 3586 1738 3640 Qbi
1766 3586 1882 3657 pri-

314 3684 463 3723 mum
491 3671 716 3739 cibaria,
747 3688 868 3743 quae
894 3674 950 3729 in
982 3675 1072 3706 ³³⁷⁸
1092 3675 1357 3730 diutinam
1378 3676 1504 3731 belli
1533 3676 1883 3732 administra-

312 3760 515 3817 tionem
560 3763 763 3819 aﬁ‘atim
806 3774 1061 3837 congesta
1106 3767 1342 3834 fuerant,
1392 3773 1881 3839 consumpsissent,

313 3852 430 3923 ipsa
457 3855 675 3911 castella
724 3858 1150 3927 provincialibus
1200 3860 1475 3914 traderent
1520 3859 1768 3916 funditus
1797 3860 1882 3916 di-

313 3947 539 4003 ruenda.
566 3945 677 4004 Nec
722 3947 964 4005 Saxones
1000 3965 1327 4022 magnOpere
1361 3951 1629 4006 curabant
1663 3952 1761 4008 has
1796 3952 1883 4006 in-

314 4036 521 4106 ducias,
551 4041 801 4111 quamvis
832 4057 940 4097 non
970 4042 1257 4097 minimum
1286 4044 1547 4098 haberent
1574 4052 1881 4114 suspectas,

314 4144 439 4185 cum
460 4130 515 4186 in
544 4140 864 4203 potestatem
896 4150 1049 4189 suam
1081 4136 1358 4190 redactum
1381 4135 1581 4190 scirent
1604 4136 1884 4191 communi

314 4224 593 4279 sententia:
636 4239 745 4278 non
773 4232 935 4294 passe
981 4225 1264 4297 refragari.
1296 4225 1465 4297 Igitur
1489 4243 1614 4282 cum
1645 4229 1886 4283 venisset

1984 3047 2048 3086 ea
2096 3047 2186 3086 res
2232 3032 2581 3101 potissimum
2609 3041 2900 3103 spectaret,
2932 3034 3095 3088 modo
3121 3034 3322 3089 obnixe
3349 3018 3562 3107 flagita-

1982 3122 2076 3177 bat
2106 3130 2185 3189 ιιι,
2217 3124 2416 3179 ceteris
2446 3124 2701 3179 omnibus
2747 3125 2903 3194 juxta
2932 3126 3244 3181 condictum
3293 3128 3565 3184 manenti-

1981 3213 2107 3281 bus,
2137 3214 2255 3269 sola
2286 3216 2531 3283 castella,
2561 3232 2684 3286 quae
2724 3216 2955 3271 summis
2984 3218 3248 3288 impensis
3279 3218 3348 3272 ad
3375 3218 3563 3274 muni-

1983 3314 2229 3360 mentum
2273 3306 2364 3337 ¹¹⁸⁸
2392 3307 2543 3378 regni
2573 3307 2922 3373 extruxisset,
2967 3307 3070 3363 sibi
3098 3310 3558 3363 condonarentur.

1984 3395 2081 3452 His
2112 3398 2320 3453 scilicet
2340 3399 2525 3466 salvis,
2550 3397 2763 3454 facilem
2785 3400 3017 3454 ducebat
3044 3407 3350 3455 ceterarum
3377 3414 3562 3455 rerum

1978 3490 2273 3561 iacturam,
2319 3506 2385 3545 eo
2432 3491 2579 3563 quod
2626 3499 2870 3561 speraret
2925 3507 2983 3546 se
3012 3492 3068 3544 in
3117 3491 3225 3559 his,
3268 3499 3565 3561 utcumque

1983 3599 2073 3638 res
2121 3582 2463 3650 cecidissent,
2515 3599 2729 3653 semper
2774 3581 3046 3652 refugium
3104 3582 3462 3648 habiturum,
3509 3589 3565 3636 et

1982 3682 2276 3748 perpetuas
2302 3691 2334 3729 a
2364 3675 2672 3731 Saxonibus
2693 3676 2812 3747 ejus
2842 3675 2929 3707 ¹¹⁸⁹
2958 3691 3121 3745 quam
3151 3690 3297 3729 nunc
3340 3673 3562 3729 intulis—

1988 3775 2110 3825 sent
2141 3767 2485 3823 contumeliaa
2512 3784 2703 3838 paruas
2731 3776 3073 3823 exacturum.
3098 3765 3563 3836 Jamque,spretis

1983 3860 2287 3932 legatorum
2323 3860 2834 3930 supplicationibus,
2866 3858 3169 3929 reprobatis
3208 3858 3563 3913 familiarium

1985 3968 2216 4010 suorum
2270 3953 2534 4020 consiliis,
2587 3955 2729 4007 ﬁxus
2778 3952 3191 4020 obstinatusque
3238 3949 3567 4020 persistebat

1985 4044 2042 4100 in
2065 4045 2367 4115 proposito,
2399 4061 2525 4099 cum
2575 4045 2756 4099 subito
2785 4043 3077 4097 nunciatur
3104 4041 3251 4111 quod
3293 4039 3561 4109 Saxones,

1987 4137 2211 4192 omissis
2242 4137 2333 4167 “9°
2365 4136 2723 4191 internunciis
2750 4151 2847 4206 per
2874 4150 3014 4205 quos
3050 4133 3280 4188 antehac
3312 4148 3402 4188 res
3430 4149 3562 4204 age-

1986 4228 2171 4294 batur,
2201 4228 2396 4282 armati
2445 4227 2807 4295 instructique
2854 4226 2921 4280 ad
2968 4224 3229 4294 palatium
3259 4223 3559 4289 tenderent,

312 4310 636 4381 Goslariam,
658 4315 886 4385 juvenes
917 4317 1010 4387 qui
1033 4318 1087 4371 in
1120 4316 1453 4389 Hartesburg
1480 4316 1722 4385 fueram,
1753 4318 1879 4388 qui-
1916 4303 1960 4357 Β
1986 4336 2085 4376 nec
2126 4320 2241 4391 jam
2284 4321 2556 4389 promissa
2599 4333 2916 4387 reposcere,
2949 4317 3043 4372 sed
3077 4316 3127 4370 ei
3154 4314 3439 4385 valefacto,
3470 4331 3561 4371 re-

311 4418 417 4472 que
443 4414 664 4477 propter
696 4423 784 4463 res
828 4408 965 4463 bene
1012 4418 1193 4480 gestas
1229 4396 1308 4463 in.
1329 4425 1523 4481 magna
1572 4411 1719 4481 apud
1757 4427 1883 4466 eum
1986 4428 2128 4485 gem,
2172 4427 2332 4481 quem
2384 4413 2638 4481 deinceps
2666 4410 2791 4465 belli
2838 4410 3032 4464 ducem
3066 4409 3321 4474 habeant,
3351 4409 3562 4464 consti-

312 4495 671 4554 admiratione
717 4500 1075 4568 habebantur,
1106 4502 1455 4558 vehementer
1499 4502 1888 4574 improbabant
1984 4512 2137 4560 tuere
2171 4503 2387 4558 vellent.
2435 4503 2703 4559 Praeterea
2746 4502 3189 4572 archiepiscopus
3227 4498 3563 4569 Premensis,

312 4590 723 4645 conventionem
750 4593 918 4663 pacis,
951 4599 1004 4647 et
1032 4594 1181 4664 quia,
1213 4595 1509 4650 secundum
1532 4597 1881 4666 prophetam,
1987 4597 2276 4669 episcOpus
2309 4595 2620 4663 Citicensis,
2664 4596 2952 4665 episcopus
2985 4592 3480 4663 Osenbruggensis,
3510 4601 3567 4647 et

312 4680 405 4752 “5°
429 4680 586 4738 dolus
613 4682 850 4740 directus
876 4683 1053 4740 fuerat
1097 4685 1153 4740 in
1183 4685 1434 4742 manibus
1470 4701 1666 4743 eorum
1717 4688 1880 4761 (Dan.
1987 4689 2174 4756 ceteri,
2210 4688 2307 4759 qui
2334 4698 2556 4761 pr0pter
2590 4687 2892 4758 impensius
2913 4685 3154 4743 studium
3175 4683 3415 4756 partium
3442 4683 3568 4753 ejus

1550 4839 1789 4909 VABIAS
1832 4842 2232 4902 LECTIONES.

384 4941 473 5022 1‘"
669 4929 894 5022 ᾇξίῖίτδ
915 4953 1242 5022 respondere
1266 4938 1375 5009 4.“
1401 4952 1492 4984 ²¹⁷⁵
1520 4954 1776 5011 ἀίειιᾞκο
1801 4957 1854 5011 4.
1943 4955 2037 4990 ¹¹⁷⁶
2059 4939 2323 5022 protracti
2350 4960 2404 5014 5.
2509 4958 2598 4990 “7’
2628 4972 2959 5015 consensere
2992 4957 3046 5013 5.
3124 4950 3226 5022 “'f
3242 4950 3473 5022 Excepit
3503 4958 3582 5015 Γ.

310 5010 420 5092 ³¹⁷⁹ν
446 5014 598 5092 ad}.
660 5018 768 5092 _‘_‘f‘_°
805 5010 1148 5092 propheciam
1173 5024 1223 5079 5.
1306 5024 1399 5057 ²¹⁸¹
1433 5010 1849 5083 miliaribusl'w
1930 5027 2021 5060 ¹¹⁸⁸
2052 5010 2317 5087 nisi)?"
2340 5010 2430 5061 ¹Ῑέ³
2460 5028 2601 5083 deest
2629 5010 2685 5084 ἐξ
2736 5010 3030 5083 ήίίίέίὴᾶἇεέι
3059 5024 3112 5077 ὅ.
3191 5018 3281 5092 ‘f?’
3308 5010 3587 5092 reposc‘e;

308 5091 496 5204 rem-Ir
657 5088 750 5120 mo
775 5087 1092 5148 θδηάδεθτθί
1123 5093 1176 5149 δ’
1214 5094 1345 5167 au"
1384 5093 1770 5166 ίηιθηιῐηθῡάο
1798 5097 1850 5152 3-
1931 5097 2027 5133 ¹¹⁸⁸
2056 5099 2537 5171 monimentum}.
2566 5098 2618 5153 4.
2658 5099 2711 5153 5.
2798 5098 2892 5132 ¹¹⁸⁹
2920 5094 3178 5154 omnibus
3211 5087 3263 5143 1.
3339 5087 3438 5123 “'°
3476 5101 3589 5155 ob-

327 5170 489 5212 UISSIS
561 5196 577 5212 .

327 5170 489 5212 UISSIS
523 5170 577 5212 ὃ).

1808 5297 2043 5358 NOTAE.
