4050 5358
577 285 714 343 Hii!)

1697 274 2047 334 LAMBERTI
2090 269 2656 330 HERSFELDENSIS

3696 270 3838 325 ιιω

573 398 757 455 ferunt
789 390 1056 467 planiores
1081 376 1260 465 inepta
1288 372 1540 458 consilia,
1564 390 1717 445 saevit
1737 383 1938 459 vulgus
1962 387 2151 442 intem-
2179 391 2224 446 Α
2251 384 2541 455 quemdam
2572 400 2682 455 prae
2704 390 2908 440 timore
2930 396 2989 438 se
3019 380 3074 436 in
3102 380 3301 452 angulo
3325 381 3412 415 "5’
3436 380 3839 448 occuitantem,

571 504 771 560 perans
795 502 1059 543 novarum
1102 500 1287 540 rerum
1316 483 1519 550 studio,
1547 489 1602 537 et
1634 495 1732 551 per
1753 487 1922 539 totam
1950 479 2145 536 civita-

494 616 498 621 ρ
572 590 681 642 tem
731 578 925 649 spiritu
980 576 1249 633 diabolico
1283 582 1577 645 raptatum,
1620 571 1689 627 ad
1725 585 1877 625 arma
1923 571 2144 625 concla-

570 679 685 726 mat
712 667 900 741 (355);
938 682 1039 723 nec
1068 666 1180 738 jam
1213 665 1681 736 archiepiscopum
1714 662 1846 717 urbe
1877 661 2147 731 expellere

488 744 491 751 ’
571 763 716 818 sicut
736 758 1204 825 Wormacienses,
1232 758 1329 813 sed
1370 772 1470 827 per
1506 769 1697 810 omnes
1723 753 1998 810 cruciatus
2025 760 2143 807 tru-

568 854 773 918 cidare,
811 852 858 907 si
887 850 1041 923 copia
1081 851 1259 918 detur,
1303 846 1582 919 conspirat
1616 845 1726 900 ¹²¹⁹.
1775 843 1983 901 Natalis
2026 853 2147 900 erat

568 944 715 1002 beati
760 941 975 1015 Georgii
1018 941 1283 1007 martiris,
1321 938 1414 1011 qui
1437 952 1504 994 eo
1529 952 1674 993 anno
1705 937 1758 991 4.
1802 935 1938 992 feria
1973 936 2161 993 ebdo--

567 1039 744 1093 madte
775 1033 1049 1107 paschalis
1071 1034 1367 1089 obvenerat
1392 1030 1567 1103 (546);
1601 1038 1656 1084 et
1679 1028 2141 1099 archiepiscopus,

567 1126 838 1182 celebrata
869 1127 1160 1182 missarum
1182 1123 1524 1180 solemnitate
1544 1121 1688 1193 apud
1718 1120 1940 1176 Beatum
1969 1119 2143 1176 Geor-

567 1220 737 1290 gium,
763 1234 887 1275 cum
915 1231 1221 1273 sermonem
1251 1214 1454 1270 faceret
1474 1214 1541 1269 ad
1562 1212 1845 1284 populum,
1876 1212 2142 1283 praesagio

565 1312 805 1382 quodam
854 1308 1186 1376 futurorum,
1236 1306 1456 1362 nescius
1481 1305 1598 1376 ipse
1632 1303 1757 1358 mali
1784 1303 1931 1375 quod
1957 1302 2141 1358 immi-

566 1403 750 1470 nebat,
795 1398 1131 1457 contestatus
1160 1395 1336 1454 fuerat
1384 1395 1924 1467 audientibus.quod
1949 1395 2141 1451 civitas

563 1492 782 1548 diabolo
832 1492 888 1547 in
921 1496 1249 1562 potestatem
1298 1489 1499 1545 tradita
1532 1494 1681 1543 esset
1721 1495 1777 1543 et
1827 1485 2139 1558 propediem

564 1585 829 1655 peritura,
865 1583 973 1639 nisi
1012 1582 1240 1654 jamjam
1282 1580 1684 1652 impendentem
1718 1578 1859 1634 iram
1914 1578 2008 1634 Dei
2044 1592 2142 1648 per

564 1675 937 1747 paenitentiam
967 1673 1241 1731 inﬂectere
1268 1679 1626 1728 maturarent.
1660 1670 1829 1742 Igitur
1864 1677 1987 1740 post
2019 1684 2139 1725 me—

563 1766 780 1833 ridiem,
832 1765 1087 1822 inclinata
1133 1765 1245 1837 jam
1292 1764 1379 1819 die
1426 1763 1484 1817 in
1529 1776 1840 1832 vesperum,
1871 1776 1997 1816 cum
2028 1761 2139 1831 igni

562 1856 746 1913 oleum
783 1856 874 1889 ¹⁹⁸⁰
903 1854 1074 1929 (547),
1097 1854 1392 1911 iracundiae
1424 1854 1748 1910 accessisset
1777 1853 2033 1921 ebrietas,
2071 1869 2139 1909 ex

562 1947 818 2004 omnibus
854 1946 1104 2018 partibus
1138 1944 1293 2002 urbis
1337 1952 1508 2000 ruunt
1548 1943 1614 1999 ad
1637 1942 1835 1999 curtim
1862 1942 2163 2013 archiepim

562 2040 733 2110 scopi,
764 2048 965 2096 etcum
995 2039 1085 2072 ¹¹³¹
1109 2038 1308 2096 celebri
1328 2037 1566 2108 quodam
1591 2035 1713 2093 loco
1733 2052 1858 2092 cum
1883 2037 2138 2108 episc0po

561 2126 1123 2203 Mimigardefurdensi
1138 2131 1228 2164 ³¹³¹
1242 2135 1550 2186 comantem
1574 2128 1771 2195 adorti,
1784 2128 1891 2183 tela
1911 2137 2136 2183 contor-

558 2229 748 2292 quent,
760 2238 892 2278 saxa
912 2222 1140 2293 jaciunt,
1177 2220 1552 2277 nonnullosex
1564 2219 1949 2276 assistentibus
1966 2220 2133 2275 inter-

558 2311 770 2382 ficiunt,
787 2320 1003 2369 ceteros
1017 2312 1192 2384 plagis
1203 2321 1256 2367 et
1270 2312 1588 2367 vulneribus
1596 2310 1874 2368 confectos
1885 2312 1939 2366 in
1953 2311 2135 2383 fugam

556 2412 794 2460 vertunt.
807 2403 915 2460 Iter
930 2406 1042 2461 haec
1055 2404 1442 2475 conspicantur
1451 2404 1840 2474 quamplurimi
1862 2403 2039 2475 ipsum
2052 2411 2137 2458 ta-

558 2492 691 2551 lium
716 2493 1342 2552 furiarum'incentorem
1366 2495 1656 2551 demonem
1687 2495 1777 2528 ¹¹³³
1800 2510 2136 2567 praecurrere

560 2587 854 2645 insanienti
866 2589 1083 2660 populo,
1097 2588 1389 2660 galeatum,
1399 2588 1687 2643 loricatum
1702 2588 1860 2659 igneo
1875 2601 2136 2643 mucrone

558 2681 841 2736 teribiliter
854 2680 879 2734 f
878 2682 1002 2752 ulgu
1010 2697 1105 2736 ran
1113 2688 1240 2746 tem,
1257 2695 1359 2735 nec
1377 2679 1474 2734 ulli
1489 2694 1654 2750 quam
1670 2680 1773 2735 sibi
1790 2674 2128 2735 similiorem.

555 2772 805 2843 Cumque
845 2772 1063 2827 militari
1091 2771 1327 2843 quodam
1356 2771 1587 2827 classico
1615 2780 1956 2839 cunctantes,
1987 2779 2050 2826 ut
2075 2786 2135 2828 se

558 2865 614 2918 in
642 2879 881 2934 pugnam
913 2872 1293 2933 sequerentur,
1325 2861 1645 2929 concitaret,
1677 2863 1731 2917 in
1758 2863 1878 2933 ipso
1904 2862 2129 2934 impetu,

555 2969 668 3025 quo
707 2964 990 3025 portarum
1028 2971 1180 3010 seras
1206 2955 1533 3011 cll‘racturus
1564 2954 1914 3010 vociferando
1952 2957 2132 3013 irrue-

2247 484 2301 530 et
2327 483 2582 546 putantes
2611 475 2757 545 quod
2788 474 3233 544 archiepiscopus
3259 478 3423 540 esset,
3466 472 3839 540 interficiunt,

2248 580 2356 620 non
2382 566 2501 621 sine
2528 566 2927 637 gratulabunda
2958 565 3379 635 exprobratione
3410 563 3522 631 ιω,
3556 564 3716 635 quod
3743 579 3841 638 pe-

2247 656 2626 711 tulantissima:
2653 657 2851 727 linguae
2878 656 3095 711 tandem
3126 655 3421 726 aliquando
3447 656 3680 710 modum
3729 654 3839 710 im-

2246 748 2530 817 posuerint
2562 746 2671 802 "“.
2721 746 2846 815 Sed,
2877 747 3097 819 c0gnito
3134 746 3279 818 quod
3320 745 3531 816 decepti
3571 745 3810 801 similitu

2245 839 2372 895 dine
2398 847 2601 905 essent,
2619 847 2673 894 et
2694 836 3244 909 archiepiscopus“Ml
3272 838 3414 893 intra
3443 837 3534 870 "”
3563 838 3838 909 templum

2246 931 2421 985 sancti
2476 929 2623 984 Petri
2671 938 2727 985 et
2765 931 2870 985 loci
2912 930 3173 1001 religione
3227 937 3283 984 et
3318 944 3607 984 murorum
3652 929 3837 984 firmi-

2245 1027 2354 1078 tate
2390 1037 2450 1078 se
2496 1029 2787 1089 tutaretur,
2834 1022 3076 1092 undique
3124 1021 3432 1092 conglobati
3460 1020 3644 1090 ipsum
3687 1027 3836 1075 tent-

2243 1114 2392 1183 plum
2455 1114 2726 1180 obsident,
2793 1128 2983 1168 muros
3042 1109 3377 1184 perfringere
3425 1112 3610 1167 dedita
3663 1126 3835 1181 opera

2243 1204 2566 1271 moliuntur,
2595 1213 2896 1275 postremo,
2914 1204 3019 1260 nisi
3048 1204 3207 1260 ocius
3236 1204 3342 1259 sibi
3372 1203 3627 1258 tradatur
3653 1204 3838 1257 archi-

2243 1296 2552 1366 episcopus,
2598 1296 2778 1368 ignem
2819 1310 3040 1366 quoque
3083 1294 3175 1327 l’“
3213 1310 3272 1351 se
3314 1295 3405 1327 ηδ’
3455 1294 3833 1359 adbibituros,

2242 1387 2585 1443 minitantur.
2628 1385 2771 1443 Tum
2815 1388 2908 1420 l'“
2946 1387 3003 1442 hi
3057 1387 3154 1457 qui
3194 1387 3342 1443 intus
3368 1393 3547 1454 erant,
3576 1387 3835 1444 videntes

2243 1480 2552 1536 obstinatos
2576 1494 2700 1536 esse
2740 1479 2808 1535 ad
2851 1491 3040 1535 necem
3069 1478 3190 1550 ejus
3232 1479 3446 1535 animos
3482 1479 3701 1550 populi,
3734 1493 3836 1534 nec

2242 1573 2503 1629 ebrietate
2527 1571 2663 1640 sola,
2690 1587 2812 1642 qua:
2842 1580 3085 1642 tempore
3110 1567 3280 1642 digeri
3323 1570 3481 1635 solet,
3513 1571 3616 1626 sed
3658 1570 3832 1641 perti-

2240 1665 2469 1720 nacibus
2499 1663 2588 1697 ηδτ
2626 1665 2794 1720 etiam
2822 1663 2964 1720 odiis
2994 1672 3049 1719 et
3075 1662 3338 1719 frenetico
3365 1663 3609 1735 quodam
3639 1661 3832 1718 furore

2175 1726 2216 1780 Β
2243 1756 2493 1812 homines
2521 1756 2735 1828 agitari,
2768 1756 2999 1813 suadent
3036 1755 3108 1823 ei,
3140 1763 3202 1812 ut
3228 1726 3439 1812 mutato
3465 1756 3668 1811 habitu
3692 1755 3833 1811 (Ευ-

2238 1865 2363 1920 gere
2389 1859 2618 1905 conetur
2644 1849 2713 1905 de
2748 1847 2980 1905 ecclesia
3016 1856 3073 1905 et
3111 1848 3296 1905 fallere
3336 1849 3681 1914 obsidentes,
3724 1848 3832 1903 hcc

2238 1940 2382 1997 facto
2408 1950 2463 1997 et
2490 1958 2677 1998 sacras
2704 1942 2847 1999 aedes
2876 1941 3111 1997 incendii
3139 1941 3230 1975 ω’
3256 1948 3311 1996 et
3348 1957 3408 1997 se
3446 1942 3651 1997 mortis
3676 1941 3831 2011 peri-

2239 2035 2363 2089 culo
2390 2033 2722 2091 liberaturus
2752 2035 2862 2089 ω’.
2907 2032 3249 2105 Oportunum
3279 2032 3419 2105 fugae
3447 2033 3825 2104 patrocinium

2239 2132 2452 2196 tempus
2490 2127 2864 2198 pollicebatur.
2909 2126 3185 2183 Seditione
3226 2127 3281 2182 in
3320 2125 3561 2181 mediam
3602 2133 3827 2181 noctem

2236 2226 2532 2289 protracta,
2566 2220 2863 2275 horrebant
2894 2220 3079 2275 omnia
3124 2219 3360 2275 tenebris
3390 2228 3444 2274 et
3472 2218 3739 2290 caligine,
3770 2224 3829 2272 ut

2236 2311 2369 2365 haut
2383 2309 2538 2366 facile
2550 2311 2805 2382 cuiquam
2827 2320 2973 2368 esset
2987 2312 3171 2367 vultus
3185 2311 3598 2367 occursantium
3615 2311 3827 2365 discer—

2235 2417 2383 2458 nere.
2415 2402 2695 2474 Angustus
2719 2404 2902 2459 aditus
2934 2404 3154 2475 patebat
3186 2403 3254 2458 de
3281 2403 3484 2474 templo
3517 2402 3578 2456 in
3610 2402 3828 2457 dormi-

2234 2495 2458 2561 torium,
2505 2496 2634 2551 item
2669 2496 2737 2552 de
2768 2496 3094 2552 dormitorio
3133 2496 3190 2551 in
3229 2495 3435 2551 atrium
3477 2495 3825 2565 domumque

2235 2586 2487 2642 canonici
2519 2587 2825 2659 cujusdam,
2860 2590 3223 2644 adhaerentem
3242 2603 3404 2644 muro
3432 2587 3703 2644 civitatis.
3742 2585 3824 2642 ls-

2233 2695 2339 2750 que
2368 2689 2495 2735 ante
2536 2696 2742 2751 paucos
2774 2682 2892 2739 dies
2925 2690 3061 2738 ortae
3100 2680 3388 2738 seditionis
3430 2680 3827 2750 impetraverat

2233 2771 2303 2825 ab
2336 2772 2765 2844 archiepiscopo,
2784 2773 2897 2829 Deo
2929 2774 2998 2829 ad
3029 2773 3261 2829 salutem
3281 2772 3691 2843 archiepiscopi
3717 2772 3823 2826 hoc

2233 2862 2412 2933 ipsum
2460 2864 2884 2922 misericorditer
2929 2864 3266 2936 providente,
3325 2871 3390 2918 ut
3433 2872 3604 2934 rupto
3656 2875 3819 2917 muro

2232 2954 2469 3011 civitatis
2498 2957 2787 3026 parvulum
2826 2958 2929 3013 sibi
2970 2957 3242 3028 posticum
3286 2955 3469 3012 facere
3515 2955 3817 3011 sineretur.

555 3045 668 3113 hat,
689 3054 960 3117 repetente
987 3062 1053 3101 ex
1079 3047 1252 3103 oculis
1284 3047 1629 3117 sequentium
1646 3047 1917 3118 disparuit
1932 3047 2126 3120 (April.
2159 3064 2200 3123 ο
2231 3045 2309 3102 lbi
2360 3047 2588 3104 eductus
2641 3050 3106 3121 archiepiscopus,
3154 3047 3424 3120 applicitis
3479 3062 3719 3118 propere
3763 3046 3817 3099 in

554 3139 668 3209 25).
702 3138 1181 3208 Arcltiepiseopum
1214 3138 1320 3205 sui,
1353 3139 1494 3193 inter
1522 3153 1727 3195 cuneos
1756 3139 1995 3195 hostium
2028 3156 2131 3195 nu-

555 3230 786 3302 bemque
805 3229 1113 3302 jaculorum
1145 3231 1291 3303 (548)
1318 3231 1409 3285 vix
1436 3238 1491 3286 et
1531 3246 1671 3302 aegre
1710 3231 2042 3302 expeditum,
2072 3232 2128 3287 in

554 3322 816 3392 templum
858 3322 1035 3378 sancti
1070 3320 1219 3378 Petri
1263 3322 1539 3393 abripiunt
1570 3323 1679 3392 ωδ,
1722 3321 1977 3395 foresque
2016 3339 2128 3380 non

555 3415 717 3469 modo
748 3415 885 3471 seris
922 3423 978 3470 et
1000 3415 1265 3483 vectibus,
1308 3416 1403 3471 sed
1440 3416 1674 3473 admotis
1711 3416 1873 3473 etiam
1914 3418 2128 3490 magnis

554 3507 789 3562 molibus
828 3507 1135 3562 oblirmant.
1183 3507 1425 3563 Saaviunt
1465 3505 1617 3577 foris,
1661 3516 1716 3565 et
1755 3509 1928 3565 instar
1967 3510 2130 3566 inun-

551 3598 736 3655 dantis
763 3613 918 3670 aquae
945 3599 1169 3671 rugiunt
1192 3615 1325 3655 vasa
1349 3600 1570 3679 diaboli,
1588 3601 1746 3671 plena
1771 3602 1900 3657 vino
1923 3601 2126 3660 furoris

554 3686 669 3757 Dei,
692 3698 745 3744 et
769 3705 866 3761 per
881 3691 1062 3745 omnia
1080 3690 1339 3762 episcopii
1369 3692 1460 3724 ιω
1487 3692 1782 3763 penetralia
1813 3694 2125 3751 discurren-

555 3789 655 3849 tes,
693 3779 840 3837 fores
867 3780 1191 3853 infringunt,
1224 3783 1513 3840 thesauros
1552 3785 1643 3817 ¹²³⁶
1682 3785 1965 3855 diripiunt,
1993 3802 2122 3842 vasa

553 3873 760 3927 vinaria
778 3872 1089 3940 concidunt,
1118 3883 1173 3928 et
1196 3874 1326 3929 dum
1358 3874 1483 3930 vina
1512 3875 1567 3930 in
1595 3876 1838 3933 diutinos
1868 3877 1957 3909 “’7
1986 3893 2123 3935 usus

552 3979 767 4019 summa
807 3978 909 4033 ope
950 3973 1204 4035 congesta
1235 3966 1660 4037 praecipitantius
1686 3967 1989 4036 eﬂundunt,
2031 3985 2121 4026 rc-

549 4056 757 4127 pletum
784 4056 964 4111 subito
991 4057 1269 4112 cellarium
1299 4057 1529 4128 ipsos—
1555 4059 1702 4129 quod
1729 4059 1878 4116 dictu
1903 4076 2122 4132 quoque

551 4147 839 4203 ridiculum
883 4149 1285 4222 sit—inopinis
1324 4149 1582 4207 ﬂuctibus
1622 4151 1957 4222 periclitatos
1984 4168 2121 4223 pene

550 4239 926 4296 sutl'oeaverat.
955 4241 1081 4311 Alii,
1102 4242 1362 4313 capellam
1384 4243 1778 4314 archiepiscopi
1809 4244 2118 4315 irrumpen-

2229 3138 2560 3195 evectioncm
2588 3139 2710 3211 ejus
2729 3150 2784 3197 et
2804 3142 3067 3197 comitum
3093 3140 3213 3212 ejus
3242 3140 3335 3172 “"‘
3363 3148 3613 3210 quatuor
3630 3138 3814 3209 equis,

2230 3230 2382 3299 abiit,
2429 3246 2613 3302 opaca:
2658 3234 2838 3291 noctis
2890 3233 3154 3302 tenebris,
3221 3248 3291 3289 ne
3338 3232 3409 3287 ab
3457 3231 3817 3287 obviantibus

2229 3331 2638 3393 agnosceretur,
2669 3325 3110 3382 commodissime
3134 3340 3303 3393 usus;
3338 3332 3671 3395 repertoque
3692 3330 3819 3395 post

2229 3415 2503 3471 modicum
2539 3417 2795 3488 episcopo
2837 3415 3402 3490 Mimigardefurdensi
3450 3415 3654 3487 (April.
3694 3415 3815 3487 24),

2228 3507 2393 3563 sociis
2416 3508 2529 3579 jam
2561 3510 2787 3580 pulchre
2811 3524 2912 3581 pro
2936 3524 3000 3565 ea
3036 3517 3155 3565 tum
3184 3510 3496 3566 calamitate
3537 3509 3819 3579 constipa-

2226 3606 2334 3667 tus,
2357 3600 2411 3655 in
2441 3600 2624 3657 locum
2655 3601 2742 3657 cui
2772 3600 3024 3658 Noussen
3048 3602 3139 3634 ¹⁸⁸¹
3164 3600 3311 3675 (549)
3349 3616 3554 3657 nomen
3582 3608 3672 3657 est
3690 3616 3817 3671 per-

2225 3692 2390 3748 venit.
2427 3692 2647 3749 Interim
2688 3693 2746 3749 hi
2776 3694 2872 3765 qui
2898 3694 3045 3750 circa
3084 3693 3347 3765 templum
3387 3702 3551 3748 erant
3600 3694 3815 3749 crebris

2224 3786 2454 3841 arietum
2490 3785 2687 3841 ictibus
2721 3801 2910 3843 muros
2938 3786 3274 3858 quatiebant,
3302 3791 3537 3856 eratque
3574 3785 3812 3842 confusa

2223 3891 2329 3932 vox
2373 3879 2824 3934 tumultuantium
2854 3886 2911 3935 et
2954 3878 3117 3934 ﬁdem
3155 3872 3250 3934 Dei
3294 3880 3700 3949 omnipotentis
3733 3888 3815 3934 te-

2222 3968 2485 4024 stantium
2526 3970 2617 4003 “5'
2647 3971 2797 4042 quod
2834 3987 2943 4027 non
2969 3985 3235 4027 evasurus
3258 3978 3406 4027 esset
3423 3984 3631 4027 manus
3656 3987 3809 4035 suas,

2221 4075 2333 4116 non
2364 4060 2688 4132 decepturns
2708 4062 3072 4119 obsidentium
3102 4062 3460 4136 diligentiam,
3493 4064 3719 4120 etiamsi
3755 4065 3810 4119 in

2220 4152 2446 4208 minima
2490 4162 2648 4210 terra:
2705 4155 2916 4225 reptilia
2960 4170 3019 4212 se
3077 4156 3509 4227 transﬂguraret.
3564 4154 3808 4211 Econtra

2221 4245 2277 4300 hi
2312 4245 2409 4317 qui
2456 4247 2547 4279 ¹²⁵³
2595 4248 3004 4317 obsidebantur,
3036 4263 3183 4304 nunc
3223 4248 3607 4320 supplicando,
3656 4263 3811 4304 nunc

551 4341 652 4400 tes,
682 4333 852 4389 altare
880 4334 970 4367 ⁸⁸³³
998 4334 1251 4404 spoliant,
1282 4350 1450 4395 sacra.
1464 4351 1595 4391 vasa
1623 4335 1842 4405 pollutis
1866 4337 2118 4395 manibus
2151 4407 2183 4412 _
2219 4338 2522 4408 pollicendo
2543 4340 2688 4411 quod
2726 4336 3143 4412 diligentissime
3171 4341 3486 4412 quaesitum,
3514 4341 3566 4397 si
3589 4341 3810 4398 inveni-

548 4433 902 4491 contrectant,
931 4426 1249 4482 vestimenta
1278 4426 1605 4497 pontiﬁcalia
1630 4428 1910 4497 diripiunt,
1953 4429 2116 4485 dum-
2150 4407 2194 4460 Β
2220 4407 2390 4499 retur,
2413 4431 2547 4502 ipsis
2560 4407 3050 4502 tradituri—essent,
3072 4407 3266 4490 callide
3290 4434 3553 4490 ludebant
3574 4450 3807 4507 operam

545 4529 655 4587 que
681 4530 898 4572 omnem
926 4518 1346 4588 suppellectilem
1376 4517 1519 4573 sacri
1546 4518 1835 4574 ministerii
1874 4520 2114 4589 curiosa,

546 4606 716 4664 immo
754 4606 977 4676 furiasa,
1022 4608 1297 4680 diligentia
1337 4618 1606 4677 evertunt,
1637 4611 1968 4681 reperientes
2008 4612 2119 4668 illic

2222 4524 2630 4594 perurgentium
2650 4567 2664 4592 ,
2702 4540 2878 4596 usque
2915 4541 3027 4597 quo
3060 4527 3539 4599 archiepiscopum
3576 4527 3810 4602 longius

2222 4622 2466 4671 evectum
2494 4623 2657 4686 atque
2685 4617 2738 4672 in
2768 4626 2881 4673 tuta
2898 4619 3013 4689 jam
3041 4619 3132 4653 ““
3160 4620 3280 4677 loca
3297 4636 3655 4691 nrogressum
3679 4635 3811 4679 esse

1824 4744 1910 4800 VA
1919 4745 2056 4802 RIIE
2090 4747 2490 4807 LECTIONES.

618 4835 708 4869 ω’
736 4835 1050 4905 conspirant
1072 4834 1154 4890 lb.

1265 4836 1357 4869 ¹²³⁰
1387 4837 1459 4892 ol.
1500 4853 1613 4893 acc.
1648 4836 1712 4892 ir.
1742 4838 1858 4893 ebr.
1892 4839 1945 4893 5.
2031 4839 2267 4896 ¹¹³¹οιιιη
2295 4843 2347 4896 4.

550 4907 641 4941 ¹²³⁸
668 4906 1001 4980 dyabolum._
1056 4906 1148 4980 "3"
1172 4907 1443 4980 arripiunt
1471 4907 1524 4961 5.
1562 4909 1700 4980 4.-5.
1735 4978 1747 4980 _
1778 4909 1870 4980 ¹²³Ῡ⁵
1907 4908 2149 4980 episcopi
2181 4913 2233 4965 4.
2265 4913 2348 4967 ed.
2391 4913 2449 4967 2.-

2465 4843 2554 4915 mf
2586 4842 3118 4915 Mimigardfurdensi
3147 4848 3201 4903 5.
3236 4846 3664 4904 Monastericnsi
3703 4849 3797 4905 Ib.

2540 4913 2632 4988 “'f
2664 4913 2952 4972 thesauros
2987 4917 3039 4972 5.
3067 4917 3120 4971 4.
3160 4917 3426 4988 (semper).
3530 4919 3625 4951 “"
3650 4919 3801 4975 divi-

547 4990 647 5068 nos
955 4976 1147 5068 altaria
1176 4977 1270 5068 1.5..“
1288 4976 1309 5058 ί.
1345 4976 1435 5068 ‘1”
1471 4978 1907 5068 angulaaltar‘is-
1927 4976 2140 5068 occ:
2170 4982 2260 5068 "W’
2287 4998 2368 5068 gr.
2399 4982 2735 5068 exultatigne
2763 4988 3085 5068 et‘exprzj.
3107 5057 3119 5068 .
3164 4976 3175 4987 ’
3200 4976 3302 5068 ηξίξ
3327 4976 3795 5068 imposuerunt}

3981 3814 3983 3964 φ
