4050 5358
216 128 340 184 “fit

1463 123 1799 180 ANNALES.
1837 154 1904 164 -η
1935 121 2046 177 ΛΝ.
2085 122 2242 179 1074.

3359 122 3494 181 1162

213 241 625 298 arbitrarentur.
657 239 796 296 Tum
841 240 1062 297 demum
1098 241 1328 318 reclusis
1376 239 1610 308 foribus,
1647 245 1798 311 Ipso's
1828 243 1948 297 Aet
1992 240 2182 310 gratiae
2233 237 2376 308 apud
2433 238 2722 308 populares
2773 237 3114 294 conciliabat.
3171 237 3493 314 Exclamant

214 331 422 406 ingredi
449 341 504 389 et
524 348 629 404 pro
671 333 828 389 libitu
857 350 961 392 suo
990 350 1236 406 quaarere
1273 334 1484 400 sinunt,
1515 333 1808 405 adjiciunt-

214 442 342 498 que,
375 424 578 482 frustra
607 441 734 481 eum
769 427 944 496 qureri
991 427 1134 481 intra
1187 435 1339 497 septa
1383 427 1591 497 templi,
1641 442 1804 498 quem

216 529 366 574 certe
391 519 789 588 comperissent
825 519 1004 588 primo
1045 520 1271 575 incursu
1299 520 1587 574 concitatae
1622 519 1809 574 multi-

219 609 425 666 tudinis
449 610 596 665 clara
619 611 800 666 adhuc
829 611 917 666 die
954 612 1090 667 urbe
1122 627 1428 682 egressum,
1451 613 1565 682 jam
1598 613 1652 666 in
1689 612 1810 666 lon-

218 703 451 774 ginquas
493 711 676 774 partes
713 703 949 759 transire
987 705 1264 774 potuisse;
1305 705 1468 774 idque
1507 706 1684 777 magis
1713 721 1808 760 su-

219 795 572 864 spicandum,
621 797 796 866 quod,
830 798 1130 852 contractis
1176 797 1417 868 undique
1464 813 1560 868 per
1598 814 1808 853 moram

219 887 475 944 nocturni
505 889 766 958 temporis
794 905 992 960 copns,
1023 907 1203 961 prnno
1233 907 1392 946 mane
1427 895 1496 945 ad
1530 908 1810 962 occupan-

219 979 346 1034 dam
377 981 547 1036 armis
571 981 846 1037 civitatem
869 983 942 1038 sit
971 985 1328 1040 adventurus.
1361 983 1532 1056 Igitur
1554 985 1808 1056 ingressi,

218 1084 348 1126 cum
383 1072 582 1128 .omuia
636 1075 822 1144 templi
873 1077 1172 1145 penetralia
1219 1077 1532 1148 diligentius
1583 1078 1809 1134 investi-

220 1162 400 1234 gando
425 1165 770 1232 evertissent,
811 1166 904 1220 vix
957 1167 1174 1226 tandem
1231 1168 1468 1224 admissa
1511 1169 1618 1224 tide-
1661 1169 1810 1240 quod

219 1252 337 1310 falli
367 1255 695 1325 potuissent,
732 1259 989 1329 deinceps
1025 1260 1094 1313 ab
1124 1261 1497 1330 inquisitionis
1531 1262 1715 1317 studio
1741 1260 1810 1316 ad

219 1347 476 1402 tuendam
507 1350 696 1404 urbem
733 1353 949 1406 animos
974 1359 1216 1418 vertunt,
1247 1361 1628 1423 armatamque
1666 1355 1809 1409 mul-

221 1438 510 1496 titudinem
541 1442 974 1514 circumquaque
1015 1459 1112 1514 per
1141 1447 1548 1517 propugnacula
1593 1446 1806 1518 disper-

220 1530 383 1586 tiunt.
421 1531 566 1588 Inter
597 1534 712 1590 haec
735 1544 1011 1606 arreptum
1040 1537 1330 1605 quemdam
1357 1537 1424 1592 de
1461 1539 1616 1592 turba
1643 1554 1808 1608 super

216 1630 438 1692 portam
465 1626 621 1682 urbis
670 1627 737 1682 ad
778 1628 1134 1698 ignominiam
1166 1629 1564 1700 archiepiscopi
1590 1630 1680 1662 ""
1707 1648 1804 1685 su-

217 1717 525 1784 spendunt;
555 1720 730 1789 magis
758 1721 814 1774 in
846 1722 950 1774 hoe
978 1719 1154 1776 furori
1187 1722 1279 1753 ¹²³⁵
1307 1737 1428 1787 suo,
1463 1736 1576 1792 quo
1612 1723 1804 1792 praeci-

216 1806 359 1878 pites
380 1811 762 1881 raptabantur,
793 1811 1214 1879 satisfacientes,
1230 1829 1398 1883 quam
1422 1815 1572 1884 quod
1597 1813 1806 1870 crimen

217 1899 392 1956 ullum
446 1905 743 1973 suspendio
785 1905 1011 1977 dignum
1069 1905 1274 1961 misero
1325 1906 1622 1962 obtendere
1675 1923 1807 1976 pos-

215 2001 344 2047 sent
377 1993 489 2046 ηδτ.
526 1993 806 2051 Mulierem
846 1996 1014 2051 etiam
1055 1997 1332 2067 quandam
1377 1999 1446 2054 de
1485 1999 1806 2056 summitate

213 2097 508 2140 murorum
533 2086 877 2156 praecipitant
911 2088 1216 2160 fractisque
1255 2090 1562 2145 cervicibus
1601 2091 1809 2146 interli-

214 2173 373 2230 ciunt
421 2177 617 2246 (April.
649 2179 740 2245 24,
771 2180 898 2251 25);
945 2187 1054 2238 hoc
1099 2182 1152 2238 ei
1193 2184 1412 2237 crimini
1454 2184 1545 2216 ηδε
1591 2185 1805 2251 dantes,

213 2267 366 2337 quod
389 2269 639 2329 homines
670 2271 992 2344 plerumque
1012 2275 1239 2346 magicis
1260 2275 1472 2333 artibus
1497 2277 1809 2334 dementem

211 2357 484 2417 infamata
529 2361 742 2420 fuisset.
786 2363 890 2420 Sed
936 2367 1044 2421 hoc
1082 2367 1263 2424 scelus
1307 2369 1671 2424 commodiori
1715 2370 1806 2402 ¹²⁸⁹

213 2457 465 2522 tempore
513 2460 881 2526 et'pacauore
928 2475 1114 2514 animo
1160 2460 1439 2516 vnnlieare
1485 2461 1804 2518 debuerant.

214 2540 548 2602 lnduxerant
577 2549 741 2604 etiam
781 2549 836 2604 in
884 2551 1153 2618 animum,
1189 2552 1296 2606 nisi
1325 2551 1472 2608 Deus
1511 2555 1806 2611 consulens

213 2637 390 2694 servis
421 2638 541 2694 suis
569 2639 870 2700 breviasset
905 2643 1022 2698 dies
1052 2645 1305 2700 amentia:
1331 2661 1547 2718 eorum,
1587 2655 1649 2701 ut
1687 2663 1808 2703 mo-

213 2729 426 2786 nachos
466 2732 533 2787 de
570 2731 776 2790 Sancto
824 2733 1159 2792 Pantaleone
1199 2738 1291 2770 “6°
1333 2755 1526 2795 onmes
1567 2742 1807 2797 trucida-

211 2829 356 2887 rent,
391 2837 490 2893 pre
525 2840 593 2879 eo
631 2827 798 2896 quod,
829 2829 1074 2898 expulsis
1110 2830 1180 2885 ab
1213 2831 1629 2902 archiepiscopo
1656 2836 1807 2909 prio—

1909 345 2101 385 omnes
2135 329 2204 385 ad
2233 345 2390 384 suam
2424 331 2598 402 magis
2634 329 2892 400 injuriam
2929 330 3197 400 pertinere
3228 332 3492 388 violatam

1909 422 2236 495 pontificalis
2271 423 2510 479 nominis
2541 423 2906 494 majestatem,
2936 432 2990 478 et
3016 423 3155 479 mori
3184 425 3287 480 sibi
3314 426 3494 481 satius

1909 532 2030 573 esse
2056 531 2221 587 quam
2266 522 2326 570 ut
2355 524 2568 572 tantum
2609 516 2871 588 flagitium
2913 531 3142 572 suorum
3183 525 3494 588 temporum

1911 609 2145 664 inultum
2181 608 2478 678 patiantur.
2519 607 2688 679 Igitur
2719 623 2814 678 per
2853 617 3090 679 quatuor
3129 610 3212 664 vel
3249 610 3495 682 quinque

1912 701 2146 756 miliaria
2171 702 2604 772 circumquaque
2629 701 2695 756 ad
2730 715 2882 756 arma
2915 701 3289 769 conclamant;
3321 703 3496 761 multa

1911 795 2196 850 hominum
2230 793 2378 848 milia
2411 793 2559 848 dicto
2598 793 2762 848 citius
2799 794 3163 866 concurrunq,
3205 795 3356 850 nullo
3396 794 3495 867 qui

1912 902 2008 956 per
2033 894 2247 942 aetatem
2282 899 2435 940 arma
2461 884 2605 940 ferre
2635 893 2820 954 posset
2847 895 2954 942 tam
2992 887 3304 957 religiosam
3350 886 3507 944 mili-ﬁ

1913 981 2042 1036 tiam
2094 980 2454 1044 detrectante;
2509 978 2926 1049 conglobatiquc
2971 980 3023 1034 in
3079 996 3252 1034 unum
3301 989 3496 1052 rogant

1911 1072 2386 1142 archiepiscopum
2422 1080 2474 1125 et
2508 1079 2857 1126 cunctantem
2888 1072 2938 1124 vi
2987 1072 3078 1103 ¹²⁶³
3113 1071 3400 1143 impellunt
3435 1084 3497 1129 ut

1911 1165 1980 1220 ad
2014 1164 2438 1235 recuperandam
2473 1165 2746 1219 civitatem
2782 1163 3111 1233 quantocius
3149 1163 3396 1233 festinet;
3435 1182 3498 1224 se

1910 1272 2010 1327 pro
2036 1273 2104 1312 eo
2141 1257 2521 1322 dimicaturos,
2556 1265 2630 1322 et,
2661 1255 2707 1310 si
2736 1271 2800 1310 ea
2849 1257 3149 1311 necessitas
3190 1256 3494 1326 incumbat,

1911 1363 2040 1404 oves
2065 1365 2166 1419 pro
2207 1357 2445 1419 pestere,
2485 1348 2629 1404 tilios
2665 1363 2762 1418 pro
2809 1356 2963 1417 patre
2999 1349 3226 1404 libenter
3259 1360 3496 1408 mortem

1909 1449 2268 1510 excepturos;
2317 1441 2464 1511 quod
2508 1441 2614 1496 nisi
2667 1439 3025 1495 Colonienses
3076 1451 3353 1496 maturent
3401 1459 3500 1500 ve-

1911 1534 2148 1593 nientem
2176 1534 2454 1604 suscipere
2487 1542 2540 1588 ct
2562 1549 2660 1602 pro
2689 1532 2864 1602 ipsius
2889 1533 3155 1588 arlutratu
3181 1534 3498 1593 satisfacere

1908 1628 2140 1692 oftenso,
2167 1643 2226 1681 se
2263 1637 2356 1680 aut
2382 1627 2596 1698 ingesto
2631 1625 2754 1696 igne
2780 1625 3043 1695 populum
3082 1625 3175 1657 ¹²⁶δ
3209 1643 3334 1681 cum
3357 1627 3498 1683 civi-

1904 1728 2020 1773 tate
2045 1728 2491 1788 consumpturus,
2523 1727 2617 1773 aut
2643 1718 2909 1788 dissipato
2955 1734 3117 1773 muro
3155 1735 3282 1776 eum
3332 1735 3500 1792 super

1908 1828 2216 1882 congeriem
2276 1827 2588 1866 ocelsorum
2646 1811 2698 1864 in
2760 1811 3076 1866 cathedram
3125 1813 3494 1882 pontificalem

1909 1905 2250 1960 reducturos.
2287 1903 2363 1958 lta
2391 1903 2838 1972 archiepiscopus
2867 1911 3064 1972 quarto
3092 1904 3179 1958 die
3204 1913 3494 1976 postquam

1907 1995 2113 2052 exierat
2129 1995 2323 2068 (April.
2339 1995 2453 2064 26),
2477 2010 2674 2065 magno
2696 1995 2930 2050 vallatus
2953 1995 3188 2066 agmine,
3212 1995 3280 2051 ad
3303 2000 3511 2077 urbem.

1909 2090 2160 2144 acccss't.
2197 2087 2354 2155 Quod
2393 2087 2487 2142 ubi
2536 2085 2961 2142 Coloniensibus
2999 2102 3345 2158 compertum
3389 2096 3494 2154 est,

1908 2191 1964 2237 et
2009 2198 2066 2236 se
2108 2191 2274 2236 tant-.e
2303 2191 2526 2251 tamque
2554 2179 2792 2234 efferata:
2827 2179 3193 2235 multitudinis
3232 2180 3496 2250 impetum

1909 2291 2009 2330 nec
2040 2291 2198 2329 muro
2230 2290 2327 2329 nec
2363 2275 2480 2328 acie
2516 2272 2788 2329 sustinere
2815 2287 2980 2342 posse
3026 2271 3496 2342 animadveztunt,

1909 2377 2026 2422 tum
2059 2369 2294 2439 primum
2327 2367 2482 2422 furor
2496 2366 2814 2436 deflagrare,
2831 2365 3068 2420 ebrietas
3099 2380 3387 2421 vanescere
3400 2365 3511 2438 ¹²⁶⁸,

1909 2460 2101 2531 erepit;
2129 2473 2438 2531 magnoque
2469 2466 2679 2514 terrore
2709 2457 2989 2523 concussi,
3025 2456 3243 2512 obviam
3285 2457 3499 2526 legatos

1907 2552 1976 2608 de
1999 2569 2133 2624 pace
2183 2551 2475 2618 miserunt,
2528 2566 2586 2606 se
2635 2565 2760 2604 reos
2797 2549 3120 2604 conﬁtentes
3169 2564 3224 2604 et
3273 2565 3497 2610 omnem

1907 2662 2076 2716 quam
2108 2643 2200 2676 ⁵³⁸⁸
2230 2645 2344 2698 vita
2375 2641 2634 2698 incolumi
2662 2642 2988 2711 juberentur
3009 2656 3226 2712 pinnam
3258 2643 3496 2712 pendere

1907 2748 2148 2810 paratos.
2198 2737 2660 2806 Archiepiseopus
2695 2735 2856 2804 digne
2881 2735 3273 2804 pmnitentibus
3309 2751 3368 2792 se
3395 2753 3494 2793 ve-

1909 2849 2054 2888 niam
2084 2847 2194 2886 non
2220 2840 2566 2902 negaturum,
2593 2827 2894 2897 respondit.
2921 2825 3060 2881 Tum
3091 2829 3201 2895 ·²⁶⁷,
3220 2829 3494 2886 celebrata

213 2910 366 2968 ribus
396 2918 706 2984 monachis,
737 2935 942 2976 novum
978 2922 1089 2977 illic
1121 2922 1557 2994 inusitatumque
1595 2926 1686 2956 ‘m
1717 2944 1804 2982 re—
1827 2937 1872 2996 c
1905 2929 2200 2984 missarum
2221 2923 2568 2980 solemnitate
2592 2921 2736 2992 apud
2759 2919 3022 2974 Sanctum
3047 2919 3368 2994 Georgium,
3395 2937 3494 2980 eos

211 3003 435 3076 ligionis
469 3024 640 3079 genus
671 3011 1056 3070 instituissent.
1096 3013 1364 3070 Przeterea
1383 3016 1614 3086 juvenes
1645 3021 1806 3090 impi-

211 3113 361 3168 gros,
391 3100 565 3157 citato
592 3113 855 3174 quantum
904 3115 1130 3176 possent
1178 3107 1370 3177 gradu,
1407 3109 1476 3163 ad
1502 3125 1684 3181 regem
1728 3112 1807 3168 ire

211 3187 434 3258 iubent,
465 3195 729 3252 nunciarc
757 3197 808 3252 ci
835 3208 1114 3268 quaegesta
1144 3199 1391 3267 fuerant,
1435 3209 1489 3256 et
1515 3219 1807 3274 suggerere

214 3289 275 3334 ut
291 3285 628 3352 quantocius
641 3289 826 3344 veniat
838 3299 1122 3346 vacantem
1135 3293 1366 3362 expulso
1389 3295 1806 3368 archiepiscopo

214 3372 490 3432 civitatem
529 3393 835 3450 occupare;
877 3383 931 3438 in
963 3400 1028 3439 eo
1053 3386 1189 3440 verti
1226 3385 1460 3442 salutem
1487 3388 1726 3445 civitatis
1753 3399 1809 3445 et

217 3464 388 3534 ipsius
439 3471 732 3528 utilitatem
776 3477 1097 3544 maximam,
1129 3485 1189 3532 ut
1231 3479 1456 3549 grandia
1490 3481 1808 3539 molientem

215 3556 281 3612 de
317 3561 647 3620 vindicanda
698 3553 898 3638 injuria
948 3586 1046 3624 sua
1091 3571 1569 3644 archiepiscopum
1614 3577 1810 3632 antici—

217 3665 346 3720 pare
372 3655 525 3728 (550)
553 3670 804 3716 conetur.
837 3661 1062 3720 Talibus
1081 3662 1242 3720 furiis
1274 3673 1389 3721 toto
1423 3667 1606 3722 triduo
1636 3669 1812 3740 agita-

218 3741 437 3803 bantur.
491 3749 790 3824 Postquam
836 3755 1084 3810 auditum
1119 3764 1204 3811 est
1237 3772 1336 3827 per
1367 3759 1706 3829 provinciam
1756 3772 1812 3817 et

219 3834 418 3895 celebri
448 3859 669 3902 rumore
715 3848 996 3918 vulgatum
1039 3849 1188 3918 quod
1227 3849 1585 3908 Colonienses
1628 3855 1810 3909 archi-

219 3927 562 4004 episcopum,
578 3939 796 4006 probris
815 3939 907 3972 ¹¹⁶³
929 3948 985 3994 et
1007 3941 1355 3998 contumeliis
1374 3943 1650 4010 allectum,
1677 3947 1811 4003 urbe

221 4029 525 4102 fugassent,
567 4033 853 4088 exhorruit
894 4049 1076 4090 omnis
1103 4045 1337 4105 populus
1379 4051 1676 4092 novuatem
1707 4041 1807 4104 rei,

221 4125 563 4180 atrocitatem
610 4126 852 4194 sceleris,
885 4129 1256 4196 spectaculum
1311 4129 1678 4186 humanarum
1724 4149 1812 4186 re-

227 4226 370 4282 rum,
399 4218 548 4287 quod
584 4217 668 4272 vir
703 4227 982 4274 tantarum
1023 4219 1078 4274 in
1118 4219 1342 4275 Christo
1389 4222 1656 4276 virtutum
1699 4231 1808 4278 tam

225 4305 446 4379 indigna
465 4311 670 4380 perpeti
696 4311 808 4367 Deo
831 4311 1133 4382 aspiciente
1154 4313 1440 4382 potuisset.
1469 4313 1662 4385 Magna
1687 4316 1809 4386 ejus

229 4396 284 4452 in
313 4415 579 4472 pauperes
605 4405 925 4472 liberalitas,
955 4405 1128 4460 multa
1167 4405 1222 4458 in
1260 4405 1460 4463 divinis
1502 4408 1670 4462 rebus
1712 4409 1805 4464 de-

227 4491 396 4560 votio,
443 4495 616 4550 multa
649 4497 707 4551 in
758 4497 1016 4554 humanis
1063 4498 1388 4563 moderatio,
1423 4499 1805 4556 vehemens-in

229 4582 564 4654 corrigendis
590 4588 798 4659 legibus
831 4590 1094 4655 studium,
1132 4590 1304 4646 libera
1348 4590 1404 4645 in
1445 4587 1818 4663 corripiendis-

232 4673 325 4740 qui
361 4677 500 4733 male
525 4691 745 4750 agerent
769 4682 1031 4740 severitas
1053 4681 1298 4738 omnium
1327 4697 1424 4738 ore
1457 4683 1812 4740 celebraban-

232 4770 350 4831 tur,
371 4782 668 4842 earumque
693 4789 878 4828 rerum
901 4775 1354 4832 commemoratio
1383 4790 1493 4830 non
1515 4775 1803 4832 minimum

1907 3021 2003 3092 qui
2035 3018 2350 3089 pontificem
2377 3017 2502 3071 sede
2525 3013 2744 3084 propria
2773 3013 3133 3082 expulissent,
3185 3031 3280 3086 qur
3315 3029 3494 3072 θεαθ-

1909 3115 2048 3168 siam
2073 3110 2371 3166 homicidio
2399 3107 2743 3178 polluissent,
2772 3106 2866 3176 qui
2893 3107 3154 3177 templum
3183 3105 3371 3163 Sancti
3391 3105 3499 3187 Pe-

1906 3207 1979 3260 tri
2005 3203 2278 3260 hostiliter
2309 3201 2670 3271 impetissent,
2703 3199 2797 3270 qui
2833 3206 3014 3254 cetera
3055 3199 3338 3270 religionis
3364 3199 3496 3272 jura

1909 3314 2050 3355 ausu
2080 3306 2314 3352 barnaro
2342 3300 2722 3359 temerassent,
2751 3291 3048 3362 episcopali
3076 3285 3263 3346 hanno
3293 3292 3360 3348 ad
3406 3308 3500 3349 sa-

1903 3398 2266 3456 tisfactionem
2295 3397 2526 3452 vocavit.
2558 3397 2812 3451 Protinus
2837 3409 3026 3450 mnnrs
3051 3393 3208 3448 nudis
3238 3393 3488 3463 pedibus,

1905 3495 2078 3550 laneis
2113 3494 2178 3546 ad
2206 3505 2427 3547 carnem
2460 3489 2667 3554 induti,
2695 3496 3106 3559 processerunt,
3139 3487 3226 3540 vix
3263 3495 3315 3539 et
3345 3501 3489 3555 {egre

1905 3589 2193 3656 impetrata
2233 3599 2364 3654 pace
2415 3581 2774 3636 multitudinis
2823 3595 2944 3649 quae
2993 3577 3136 3632 circa
3178 3575 3488 3647 episcopum

1907 3687 2053 3742 erat,
2084 3684 2142 3729 nt
2171 3677 2274 3730 hoc
2320 3683 2433 3727 toto
2474 3672 2657 3726 facere
2699 3672 3028 3726 sinerentur.
3065 3667 3198 3722 Nam
3236 3679 3287 3722 et
3327 3667 3494 3722 vehe-

1905 3777 2124 3824 menter
2160 3767 2210 3822 ei
2249 3765 2672 3826 succensehant,
2709 3763 2882 3832 quod,
2921 3761 3046 3814 dum
3084 3759 3493 3815 immoderatius

1909 3857 2254 3915 clementiam
2298 3855 2622 3912 ostentando
2652 3852 2928 3924 popularis
2968 3851 3084 3906 fieri
3119 3851 3305 3918 vellet,
3337 3851 3494 3906 nefa-

1913 3952 2027 4007 rios
2073 3949 2322 4006 homines
2367 3951 2434 4004 ad
2473 3946 2719 4002 audenda
2761 3946 3020 4016 nequiora
3067 3943 3226 4012 hujus
3269 3944 3494 4000 sceleris

1915 4045 2237 4117 impunitate
2293 4044 2578 4098 animaret.
2629 4039 3082 4109 Arebiepiscopus
3127 4052 3220 4092 eos
3272 4045 3492 4107 postero

1915 4137 2003 4192 die
2032 4137 2099 4190 ad
2131 4134 2527 4203 suscipiendam
2571 4129 2864 4185 secundum
2897 4143 3165 4183 canonum
3205 4127 3341 4183 scita
3378 4143 3480 4198 ρωο

1914 4227 2200 4282 nitentiam
2232 4217 2338 4277 tam
2370 4223 2621 4277 immanis
2649 4219 2838 4289 ﬂagitii
2862 4220 2938 4274 ad
2979 4217 3236 4274 Sanctum
3271 4219 3488 4274 Petrum

1841 4283 1885 4336 θ
1907 4321 2107 4386 praesto
2139 4327 2264 4370 esse
2283 4311 2457 4382 jubet.
2503 4309 2623 4381 Ipse
2646 4283 2970 4380 progressus
2994 4308 3063 4365 ad
3093 4307 3358 4366 Sanctum
3385 4307 3493 4366 Ge-

1907 4421 2150 4473 reoaem,
2187 4405 2262 4461 ibi
2287 4412 2444 4460 extra
2485 4403 2677 4459 urbem
2722 4411 3045 4472 pernoctare
3080 4403 3304 4472 statuit;
3345 4400 3494 4458 veri-

1905 4509 2105 4572 tusque
2129 4499 2242 4566 ωδ,
2273 4499 2421 4570 quod
2451 4497 2648 4579 tradita
2674 4497 3000 4553 civitate'vis
3031 4497 3320 4554 concitatae
3342 4493 3494 4552 mul-

1906 4592 2154 4650 titudinis
2194 4587 2428 4648 inhiberi
2477 4607 2589 4646 non
2637 4597 2844 4662 posset,
2877 4589 2992 4644 ‘sed
3040 4591 3241 4660 partim
3290 4585 3492 4658 injuria

1903 4687 2102 4756 partim
2132 4685 2331 4760 praeda:
2355 4683 2612 4755 cupidine
2635 4684 2852 4740 accensi
2879 4682 3133 4739 acerbius
3161 4681 3414 4739 srevirent
3436 4677 3494 4732 in

1911 4780 2194 4850 populum,
2255 4777 2458 4833 obnixe
2507 4786 2664 4850 rogat
2717 4774 3086 4848 provinciales
3141 4774 3239 4844 qui
3307 4781 3498 4832 secum

1491 4951 1725 5008 VARUE
1765 4953 2168 5022 LECTIONES.
2190 4971 2196 4976 ’

306 5059 398 5134 ¹ῗ³⁸
415 5063 660 5134 episcopi
684 5065 714 5134 ﬁt
725 5065 789 5134 b.
850 5067 942 5098 "“
970 5063 1022 5119 fu
1031 5081 1149 5123 rore

235 5130 526 5189 dociori't.
605 5130 720 5166 ’³⁸⁸³
767 5133 1126 5192 Pantltaleone
1150 5141 1290 5198 ΞΑ.
1396 5130 1484 5166 ’ω

239 5201 326 5235 ⁸⁸⁸⁸
349 5218 678 5262 evanescere
717 5205 796 5258 ib.
877 5205 964 5237 ¹²⁰⁶
988 5213 1090 5276 que
1123 5211 1174 5268 5.
1260 5204 1360 5242 ³³⁵⁷
1392 5201 1546 5260 Tunc
1571 5208 1621 5262 Α.

239 5307 248 5320 ι
810 5290 822 5321 ι

1302 5062 1596 5138 “’Lélteri
1631 5082 1794 5122 crura
1824 5072 2195 5138 succiderunt.
2226 5072 2360 5132 add.
2381 5071 2462 5124 ib.

1512 5151 1619 5206 que
1639 5145 1784 5193 deest
1803 5139 1858 5193 5.

1704 5208 1796 5242 ηδε
1831 5225 1938 5280 que
1961 5208 2119 5276 deest
2139 5225 2191 5280 4.

1751 5342 1886 5358 ..ιιηι

3147 5065 3236 5101 ³³⁸⁸
3259 5059 3504 5120 camma-

3063 5137 3164 5172 ηαδ
3189 5131 3422 5209 populus
3452 5130 3508 5184 ιο.

2557 5073 2649 5106 ⁸³⁸⁸
2681 5069 2928 5128 criminis
2961 5065 3046 5118 ib.

1961 5144 2058 5182 ¹²⁵²
2102 5137 2318 5198 nrhltro
2345 5143 2395 5196 3.
2499 5143 2594 5176 ⁸³⁸³
2627 5144 2766 5198 deest
2805 5142 2858 5195 5.
2902 5137 2954 5190 5-

2102 5151 2318 5224 proln‘o
2345 5143 2395 5196 3-

1917 5343 1955 5358 ,ἢ
