4050 5358
566 302 700 367 “6!
1704 296 2057 354 LAMBERTI
2082 294 2649 355 HERSFELDENSIS
3700 294 3853 351 HG"

562 420 815 481 erant,ut
837 425 1034 482 smgua
1086 423 1235 467 naua
1253 421 1378 464 cum
1393 422 1526 480 pace
1539 407 1855 466 recederent
1870 410 1989 480 ¹’⁶⁹;
2010 410 2145 468 satis
2172 414 2219 473 Α
2243 412 2334 468 vix
2363 412 2650 483 capiebant
2704 411 2898 484 stipata
2928 411 3195 469 viantium
3232 409 3507 477 examina,
3556 426 3718 465 nunc
3747 426 3841 463 ra-

564 525 623 564 se
648 521 811 580 opera
840 518 1031 560 eorum
1065 518 1251 570 usum,
1275 510 1330 558 et
1363 501 1585 580 evidens
1617 501 1809 557 tulisse
1835 502 2149 568 documen-1
2239 518 2363 560 rum
2392 505 2629 561 ostendit
2668 505 2967 570 hominem,
2999 503 3214 561 silentio
3259 512 3315 558 et
3359 503 3597 557 horrere
3649 501 3843 557 omnia

563 611 681 655 tum
717 598 848 671 quid
882 594 1050 652 animi
1082 609 1212 650 oves
1240 608 1369 665 erga
1407 600 1715 665 pastorem,
1750 592 1847 647 filii
1882 609 2009 664 erga
2037 609 2146 665 pa-A
2239 595 2489 653 desiderii
2517 597 2877 667 quondamac
2897 596 3212 653 deliciarum
3242 595 3359 649 loca
3387 592 3845 664 possidentibus.

566 704 702 749 trem
742 696 1027 763 gererent;
1073 686 1431 757 asperrimam
1468 694 1679 756 partem
1719 685 1929 755 negocii
1970 685 2148 757 multa,
2240 685 2351 743 Nec
2391 686 2637 743 futurum
2683 689 2788 745 hoc
2837 688 3007 745 dubia
3049 687 3489 757 significaverant
3536 684 3845 756 praesagia.

563 800 756 843 eorum
805 782 1006 837 virtute
1057 787 1306 845 exactam
1350 794 1504 846 esse;
1549 786 1729 835 cetera
1772 793 1895 848 qua:
1935 784 2145 855 restent

564 876 721 932 facile
748 875 861 945 jam
891 873 1098 944 privata
1125 886 1190 927 ac
1213 870 1515 927 domestica
1535 885 1700 924 manu
1727 883 1889 940 posse
1912 867 2143 935 confici;

562 964 973 1041 proinde,quod
995 964 1203 1021 bonum
1217 962 1345 1019 felix
1366 961 1722 1033 faustumque
1743 969 1912 1027 esset,
1934 959 2146 1015 abirent

564 1061 621 1115 in
663 1060 859 1116 domos
886 1072 1038 1123 suas,
1065 1055 1209 1111 hanc
1236 1061 1581 1125 reportantes
1609 1068 1783 1123 spem,
1813 1052 1961 1122 quod
1980 1050 2146 1121 hujus

562 1149 811 1207 beneficii
834 1149 1008 1222 gratia
1028 1146 1172 1219 apud
1189 1162 1336 1215 eum,
1352 1162 1447 1202 seu
1473 1145 1655 1199 vivum
1693 1160 1788 1201 seu
1808 1142 2146 1213 defunctum,

562 1252 826 1316 perpetuo
866 1256 1127 1296 mansura
1155 1236 1316 1295 foret.
1346 1235 1461 1293 Hoc
1487 1236 1575 1292 vix
1604 1236 1910 1307 impetrato,
1948 1236 2147 1292 milites

564 1352 717 1403 suos,
749 1341 986 1405 quantos
1009 1332 1077 1387 ad
1105 1329 1553 1402 comprimendos
1578 1328 1818 1384 urbanos
1843 1335 2049 1395 motus,
2100 1326 2149 1383 si

562 1408 659 1497 qui
685 1425 825 1482 forte
850 1425 1067 1481 levitate
1093 1422 1240 1494 vulgi
1271 1422 1731 1487 instaurarentur,
1777 1418 2022 1475 sufﬁcere
2049 1434 2151 1493 pu-

561 1521 732 1586 tabat,
791 1516 1096 1589 prtecedere
1143 1514 1197 1569 in
1247 1512 1521 1568 civitatem
1569 1512 1725 1583 jubet
1772 1510 1966 1582 (April.
2015 1510 2106 1582 26)
2133 1553 2149 1580 ,

562 1591 854 1668 secuturus
882 1609 998 1681 ipse
1026 1606 1276 1679 proxima
1302 1605 1446 1672 luce,
1476 1620 1604 1660 cum
1631 1619 1824 1660 eorum
1872 1602 1969 1674 qui
2013 1618 2153 1674 prae—

562 1704 860 1761 ‘eessissent
886 1698 1189 1772 diligentia,
1219 1713 1287 1753 ne
1315 1696 1447 1769 quid
1477 1694 1618 1752 forte
1666 1695 1987 1752 insidiarum
2016 1695 2152 1751 late-

565 1795 732 1850 retin
765 1793 1004 1859 civitate,
1034 1789 1399 1864 praecavisset.
1433 1787 1509 1843 Ea
1552 1795 1713 1843 nocte
1759 1787 2001 1844 sexcenti
2049 1786 2148 1819 “7°

566 1895 661 1943 aut
687 1901 753 1941 eo
780 1886 1014 1958 amplius
1054 1890 1385 1938 mercatores
1433 1879 1854 1952 opulentissimi,
1901 1896 1969 1936 ex
2016 1879 2150 1935 urbe

566 1977 807 2053 profugi,
837 1978 903 2033 ad
921 1991 1102 2051 regem
1126 1989 1184 2030 se
1206 1973 1575 2041 contulerunt,
1600 1972 2008 2030 intercessionis
2029 1973 2150 2044 ejus

567 2087 727 2144 opem
755 2071 1015 2127 adversus
1042 2064 1438 2137 archiepiscopi
1471 2066 1561 2098 ¹²⁷¹
1592 2066 1855 2122 szevitiam
1886 2065 2149 2137 implora-

567 2165 679 2221 turi
706 2162 876 2239 (55l).
908 2160 1090 2218 Ceteri
1119 2161 1370 2232 ingresso
1400 2158 1812 2230 archiepiscopo
1852 2158 2150 2226 civitatem,

564 2266 621 2314 et
665 2263 780 2314 toto
802 2254 985 2311 triduo
1028 2253 1186 2325 juxta
1236 2250 1549 2309 condictum
1597 2251 1903 2323 expectanti
1953 2248 2150 2323 (April.

564 2348 784 2421 27-29),
812 2346 1039 2403 minime
1065 2361 1125 2402 se
1152 2351 1619 2416 praesentaverunt
1647 2343 1715 2398 ad
1735 2344 2152 2415 proponendum

564 2441 787 2514 aliquod
814 2426 1206 2498 satisfactionis
1228 2451 1427 2512 genus.
1458 2434 1615 2492 Unde
1652 2435 2032 2507 indignitatem
2074 2432 2154 2491 rei

568 2551 676 2597 non
704 2533 938 2589 ferentes
964 2530 1208 2603 episcopi
1238 2528 1462 2597 milites,
1503 2527 1699 2596 inscio,
1728 2536 1790 2582 ut
1815 2526 2038 2600 plurimi
2065 2543 2155 2583 as-

565 2635 774 2693 serunt,
806 2633 970 2696 atque
1018 2621 1330 2680 inconsulto
1376 2620 1809 2693 archiepiscopo,
1861 2635 2017 2676 arma
2066 2635 2156 2675 ra-

564 2721 741 2795 piunt,
772 2719 966 2775 domos
992 2716 1297 2782 incursant,
1329 2713 1710 2791 possessiones
1748 2711 2031 2784 diripiunt,
2062 2726 2157 2768 oe-

563 2820 848 2870 cursantes
877 2809 1081 2883 partim
1107 2814 1379 2873 sternunt,
1410 2806 1607 2876 partim
1636 2812 1826 2876 captos
1856 2803 1912 2859 in
1938 2802 2157 2858 vincula

566 2905 890 2980 conjiciunt,
920 2910 974 2958 et
999 2916 1249 2973 prorsus,
1280 2907 1343 2953 ut
1368 2897 1584 2954 veritati
1611 2897 1696 2952 vel
1723 2904 1915 2952 coacto
1940 2895 2033 2926 “7’
2063 2910 2156 2952 as-

566 2998 903 3061 sentiamur,
950 2993 1123 3050 multo
1171 2990 1411 3047 ferocius
1471 3004 1638 3061 quam
1694 2988 1832 3044 tanti
1885 2986 2158 3061 pontificis

566 3084 957 3146 existimationi
1003 3092 1338 3156 competeret
1378 3082 1543 3154 justas
1590 3080 1814 3136 ultionis
1871 3080 2157 3153 negocium

567 3188 870 3241 execuntur
901 3177 1011 3233 "7‘.
1041 3177 1148 3234 Sed
1167 3175 1387 3251 gravior
1407 3174 1636 3231 morbus
1664 3172 1863 3249 acriori
1889 3172 2163 3245 indigebat

570 3274 835 3333 antidoto.
884 3270 1056 3327 Filius
1119 3285 1296 3340 supra‘
1334 3267 1624 3329 memorati
1672 3265 2014 3333 mercatoris,
2066 3279 2162 3338 qui

572 3368 784 3439 primus
810 3363 1080 3421 seditione
1107 3361 1544 3418 inﬂammaverat
1568 3360 1854 3433 populum,
1900 3374 1955 3416 et
1999 3358 2161 3432 pauci

571 3462 667 3517 alii
693 3459 996 3517 luminibus
1024 3464 1152 3514 sunt
1179 3454 1376 3524 orbati,
1407 3453 1658 3509 nonnulli
1707 3451 1872 3525 virgis
1921 3451 2048 3508 caesi
2097 3466 2162 3507 ac

569 3552 805 3620 detonsi,
832 3567 1024 3608 omnes
1045 3548 1373 3624 gravissimo
1395 3547 1474 3603 rei
1503 3545 1788 3603 familiaris
1811 3545 2048 3617 dampno
2068 3542 2161 3576 “7‘

570 3645 784 3705 multati
844 3652 1009 3718 atque
1055 3641 1445 3722 jusjurandum
1499 3641 1630 3696 dare
1689 3636 1959 3710 compulsi
2012 3634 2161 3709 quod

569 3741 830 3813 deinceps
845 3735 1259 3807 archiepiscopo
1287 3733 1562 3789 civitatem
1585 3739 1776 3787 contra
1792 3730 2037 3786 omnium
2059 3729 2162 3785 ho-

572 3814 784 3888 minum
814 3828 1152 3894 violentiam,
1181 3833 1448 3898 quantum
1476 3823 1707 3881 consilio
1734 3831 1789 3879 et
1814 3822 1983 3878 armis
2032 3836 2160 3893 pos-

572 3932 717 3990 sent,
746 3920 1077 3977 vindicaturi
1104 3926 1311 3986 essent,
1338 3926 1394 3972 et
1422 3931 1519 3972 eos
1545 3917 1639 3988 qui
1667 3931 1735 3972 ex
1784 3916 1920 3970 urbe
1965 3912 2169 3999 profu—_

571 4021 797 4087 gerant,
846 4011 1028 4084 quoad
1073 4009 1234 4082 digne
1282 4008 1693 4079 archiepiscopo
1741 4006 2157 4074 satisfecissent,

573 4122 789 4178 semper
814 4119 915 4176 pro
944 4101 1316 4159 infestissimis
1344 4100 1595 4158 hostibus
1647 4099 1902 4155 habituri.
1960 4097 2035 4153 Ita
2072 4086 2161 4154 ci-

571 4199 735 4268 vitas,
764 4198 926 4271 paulo
953 4203 1078 4252 ante
1107 4194 1318 4251 civibus
1346 4191 1788 4264 frequentissima
1814 4199 1868 4245 et
1895 4199 2019 4262 post
2045 4188 2160 4244 Mo-

572 4292 818 4365 gontiam
843 4299 1007 4362 caput
1034 4298 1089 4345 et
1114 4289 1368 4361 princeps
1398 4285 1727 4342 Gallicarum
1768 4284 2008 4351 urbium,
2062 4301 2159 4363 su-

574 4385 692 4442 bito
717 4401 855 4458 pene
880 4385 1097 4441 redacta
1124 4390 1207 4440 est
1232 4381 1287 4436 in
1312 4379 1696 4448 solitudinem;
1720 4387 1775 4434 et
1793 4377 1951 4449 cujus
1970 4377 2161 4447 plateae

2243 777 2570 851 Peregrinus
2610 779 2831 850 quidam
2874 780 2942 834 ad
2987 777 3363 833 celebrandam
3397 777 3491 807 ηπ
3519 776 3849 846 palmarum

2244 870 2588 926 festivitatem
2619 871 2746 926 illuc
2773 870 2892 940 ipso
2919 885 3063 925 anno
3110 869 3419 927 devenerat.
3472 867 3523 922 ls
3578 867 3722 921 vidit
3756 864 3849 898 ιη’

2244 980 2340 1035 per
2368 964 2644 1020 somnium
2683 964 2773 995 ¹¹⁷⁷
2803 977 3028 1018 corvum
3067 961 3338 1032 quendam
3381 959 3687 1031 horrendae
3732 972 3853 1015 ma-

2245 1056 2543 1126 gnitudinis
2570 1071 2666 1127 per
2694 1062 2861 1109 totam
2888 1053 3115 1110 volitare
3144 1050 3455 1117 Cofoniam,
3485 1060 3542 1107 et
3575 1049 3852 1106 terribili-

2246 1155 2330 1202 ter
2356 1148 2671 1205 erocitando
2690 1147 2981 1218 populum,
3006 1145 3109 1200 tali
3151 1145 3464 1215 spectaculo
3516 1143 3851 1209 attonitum,

2248 1239 2357 1295 huc
2376 1248 2429 1295 et
2457 1240 2586 1294 illuc
2607 1239 2844 1312 agitare;
2872 1237 3222 1308 supervenire
3247 1237 3513 1307 posthaec
3537 1235 3640 1268 ¹²⁷⁸
3662 1235 3851 1289 virum

2248 1339 2360 1387 tam
2387 1340 2538 1387 veste
2557 1347 2722 1402 quam
2752 1329 2927 1385 forma
2948 1329 3367 1411 praecellentem,
3400 1328 3500 1399 qui
3527 1335 3587 1382 et
3613 1341 3853 1383 comm

2250 1422 2508 1487 hOrrifico
2538 1424 2720 1479 sonitu
2747 1428 3179 1493 perstrepentem
3220 1419 3357 1476 urbe
3402 1420 3742 1490 expelleret,
3798 1425 3857 1474 et

2251 1515 2535 1586 populum,
2563 1523 2744 1570 mente
2771 1520 3183 1570 consternatum
3206 1496 3434 1584 jamque
3462 1513 3559 1543 ’π’
3592 1520 3857 1567 extrema

2253 1607 2436 1662 omnia
2482 1606 2899 1673 formidantem,
2948 1591 3109 1662 cassa
3167 1604 3458 1675 formidine
3505 1603 3853 1660 absolveret.

2252 1698 2502 1773 Cumque
2526 1717 2559 1756 a
2584 1699 3069 1759 circumstantibus
3095 1699 3610 1770 interpretationem
3642 1697 3858 1755 somnii

2206 1790 2476 1849 Phorrore
2522 1808 2824 1850 concussus
2851 1798 3121 1865 quaereret
3170 1791 3402 1857 audivit,
3451 1791 3611 1863 quod
3657 1790 3857 1846 civitas

2247 1893 2469 1956 propter
2488 1892 2712 1957 peccata
2738 1883 2925 1956 populi
2944 1883 3164 1939 diabolo
3192 1882 3247 1937 in
3271 1890 3603 1953 potestatem
3649 1882 3857 1937 tradita

2250 1976 2466 2044 fuisset,
2488 1977 2583 2034 sed
2610 1978 2916 2033 interventu
2948 1974 3169 2048 Georgii
3200 1974 3559 2041 “"martiris
3586 1975 3859 2039 liberata,

2214 2121 2219 2125 .
2250 2070 2507 2127 instantis
2529 2068 2644 2142 jam
2674 2076 2839 2142 atque
2867 2084 2900 2125 a
2926 2066 3039 2124 Deo
3057 2066 3435 2142 praedestinati
3463 2068 3741 2129 interitus
3766 2082 3860 2123 ne-

2251 2163 2559 2221 cessitatem
2588 2162 2852 2220 evasisset
2874 2160 2985 2215 “3‘.
3268 2210 3273 2217 .

2325 2254 2520 2329 (April.
2566 2252 2727 2328 Mai.)
2766 2252 2902 2322 Rex,
2951 2251 3223 2309 celebrata
3272 2251 3328 2308 in
3373 2252 3472 2284 "3’
3516 2251 3860 2323 Balaenhcrg

2253 2348 2496 2420 paschali
2542 2346 2920 2413 solemnitate,
2970 2345 3045 2419 in,
3070 2342 3428 2417 Nourenberg
3467 2345 3564 2376 m’
3602 2344 3860 2416 perrexit

2253 2440 2471 2498 obviam
2500 2439 2693 2513 legatis
2718 2438 3032 2512 apostolicae
3056 2438 3202 2495 sedis
3232 2437 3405 2509 (552).
3436 2436 3615 2497 Erant
3666 2445 3854 2499 autem

2254 2532 2312 2591 hi
2338 2551 2352 2588 :
2382 2540 2557 2587 mater
2568 2532 2688 2603 ejus
2702 2531 3043 2602 imperatrix,
3058 2530 3348 2602 episcopus
3379 2527 3659 2587 Ostiensis
3678 2530 3852 2600 (355),

2254 2624 2544 2696 episcopus
2571 2622 2941 2682 Praenestinus
2990 2622 3162 2696 (554),
3212 2622 3505 2694 cpiscopus
3555 2621 3857 2679 Curieusis

2257 2716 2429 2789 (555),
2461 2715 2753 2789 episcopus
2780 2714 3069 2772 Cumensis
3099 2713 3273 2787 (556),
3304 2714 3462 2770 missi
3509 2731 3542 2769 a
3595 2713 3867 2775 Romano,

2256 2809 2532 2880 pontifice,
2557 2823 2905 2881 componere,
2933 2809 2980 2865 si
3008 2815 3250 2879 possent,
3269 2808 3446 2863 multo
3462 2808 3583 2879 jam
3596 2817 3855 2877 tempore

2256 2902 2601 2959 vacillantem
2629 2909 2833 2961 statum
2854 2900 3173 2960 Galliarum.
3204 2898 3315 2957 Nec
3338 2909 3528 2959 tamen
3561 2916 3697 2955 cum
3730 2915 3855 2969 rege

2259 3008 2568 3051 sermonem
2590 2993 2996 3053 communicare
3016 2993 3214 3064 saepius
3229 2992 3406 3064 rogati
3420 3001 3851 3054 consenserunt.

2184 3104 2228 3163 ο
2258 3085 2434 3143 donec
2467 3086 2776 3143 secundum
2822 3084 3223 3142 ecclesiasticas
3269 3084 3418 3157 leges
3463 3085 3853 3155 pomitentiam

2261 3177 2565 3255 professus,
2595 3194 2692 3251 per
2713 3177 2983 3250 judicium
3025 3192 3219 3234 eorum
3267 3177 3622 3249 anathemate
3664 3176 3857 3232 absol-

2261 3278 2499 3339 veretur,
2528 3286 2630 3343 pro
2657 3260 2724 3326 eo
2754 3270 2901 3343 quod
2927 3278 3147 3343 propter
3172 3269 3422 3326 venditas
3448 3269 3859 3341 ecclesiasticas

2262 3361 2558 3436 dignitates
2585 3361 2900 3421 simoniacw
2946 3361 3206 3421 hereseos
3243 3357 3603 3419 insimulatus
3659 3359 3861 3418 fuisset

2262 3456 2405 3526 apud
2452 3455 2636 3512 sedem
2684 3454 3059 3526 apostolicam.
3108 3453 3295 3527 Itaque
3338 3454 3625 3525 petierunt
3668 3452 3861 3511 verbis

2262 3547 2496 3605 Romani
2525 3548 2816 3620 pontificis,
2844 3556 2907 3604 ut
2935 3548 3186 3606 sinodum
3218 3555 3401 3603 tenere
3429 3546 3574 3603 intra
3610 3546 3711 3578 ⁸⁸⁸⁸
3738 3546 3861 3603 Gal-

2260 3639 2365 3696 lias
2390 3656 2523 3712 pace
2550 3641 2935 3717 episcoporum
2965 3641 3295 3697 sinerentur.
3324 3638 3700 3699 Vehementer
3753 3641 3861 3696 hoc

2262 3731 2355 3769 ¹¹⁸⁸
2383 3734 2694 3790 abnuerunt
2718 3748 2911 3805 omnes
2937 3733 3469 3807 episcopitanquam
3516 3732 3860 3795 inusitatum

2261 3824 2530 3897 longeque
2558 3842 2591 3882 a
2618 3827 2733 3883 suis
2760 3825 3067 3882 rationibus
3104 3826 3367 3895 alienum,
3420 3842 3521 3891 nec
3572 3842 3639 3883 se
3684 3827 3861 3897 hujus

2262 3919 2602 3995 auctoritatis
2619 3919 2965 3991 privilegium
2994 3919 3091 3974 ulli
3117 3919 3208 3975 alii
3236 3925 3607 3991 praeterquam
3626 3919 3742 3991 ipsi
3755 3918 3865 3975 Ro-

2262 4025 2427 4067 mano
2439 4010 2681 4082 pontiﬁci
2698 4028 2962 4082 umquam
2980 4012 3256 4089 delaturos
3272 4011 3627 4086 afﬁrmabant
3675 4013 3861 4085 (557).

2264 4099 2543 4176 Siquidem
2575 4105 2882 4160 intenderat
2920 4103 3202 4177 Romanus
3238 4103 3484 4174 pontifex
3545 4114 3611 4161 ut
3662 4120 3866 4165 omnes

2261 4195 2548 4279 episcopos
2574 4204 2630 4275 et
2657 4197 2901 4265 abbates,
2928 4197 3027 4275 qui
3055 4212 3243 4275 sacros
3269 4198 3475 4269 gradus
3520 4199 3718 4269 precio
3771 4214 3863 4253 re-

2261 4287 2578 4357 demissent,
2601 4289 2944 4371 discussione
2987 4289 3194 4358 habita,
3248 4290 3581 4360 deponeret;
3628 4291 3865 4364 jamque

2262 4380 2365 4435 hac
2391 4381 2458 4436 de
2485 4396 2653 4438 causa
2695 4381 3201 4455 Babenbergensem
3246 4381 3567 4455 episcopum
3614 4393 3677 4438 et
3722 4384 3866 4439 alios

1836 4466 2070 4522 VARIIE
2106 4466 2147 4521 L

654 4547 746 4581 ¹²⁶⁹
772 4546 1089 4601 recederant
1108 4545 1178 4616 5,
1241 4540 1684 4616 "??Asexcenta_4.
1721 4538 1854 4616 “ff”
1879 4538 2154 4616 episcopi;

2253 4468 2618 4616 Ἶρὲξέᾆθοῑί
2643 4544 2692 4599 1.
2718 4544 2794 4599 5?
2867 4545 2959 4577 ¹¹⁷³
2982 4542 3313 4600 exseeuntur
3338 4545 3387 4599 l.
3423 4546 3476 4600 4.
3503 4555 3863 4616 exequuntur

583 4620 609 4673 l
659 4618 714 4672 h.
763 4614 1210 4673 cxsenuuntur‘l.
1289 4613 1382 4645 “7‘
1420 4614 1563 4667 deest
1587 4612 1640 4667 5.
1719 4611 1812 4642 ¹¹⁷⁸
1848 4608 2154 4665 celebrandi

2263 4609 2316 4665 5.
2398 4612 2491 4645 ¹²⁷⁶
2526 4615 2673 4670 videt
2701 4616 2752 4670 4.

2852 4617 2942 4649 ³³⁷⁷
3002 4624 3255 4671 somnum
3287 4616 3339 4669 1.
3442 4617 3536 4648 ¹¹⁷⁸
3597 4618 3708 4672 hoc
3736 4619 3793 4673 4.

1005 4686 1098 4741 ιδ.
1124 4685 1183 4759 4.
1257 4684 1560 4759 ‘f‘jsanctj
1588 4681 1806 4759 (ζου-ζεῦ
1834 4680 1888 4736 4.
1968 4679 2057 4711 ¹²⁸¹
2096 4695 2154 4737 ev

2253 4682 2347 4738 t3.
2427 4683 2519 4716 ¹²⁸²
2556 4685 2700 4741 deest
2726 4687 2780 4742 5.
2862 4687 2953 4721 ¹²⁸³
2988 4687 3070 4742 ita
3098 4688 3153 4742 4.
3192 4685 3504 4759 Nurmherg
3528 4688 3584 4743 5.
3624 4688 3864 4745 Nnrcm~

584 4689 676 4720 H79
730 4702 839 4742 aue

584 4702 676 4720 ³³η
730 4702 839 4812 (lue
882 4702 1023 4740 aee“
1045 4702 1098 4741 ὓ.
1124 4702 1178 4740 4.
1258 4702 1348 4716 """
1386 4702 1560 4740 saucu
1588 4702 1745 4752 υθοη

581 4761 713 4830 berg
778 4798 791 4813 .
870 4755 961 4789 ηδε
994 4754 1135 4811 inter
1155 4756 1208 4811 4.
1287 4753 1501 4810 ""bec
1528 4754 1581 4809 δ.
1609 4753 1663 4816 4.
1692 4752 1745 4808 5.

654 4913 803 4984 (55!)
841 4913 991 4979 Quos
1019 4919 1204 4983 postea
1246 4913 1588 4965 anathemate
1631 4913 1875 4979 punivit;
1923 4913 1994 4966 cf.
2045 4913 2158 4981 epi-

583 4986 780 5041 stolam
808 4985 877 5038 ab
904 4983 1134 5037 Annone
1158 4980 1227 5037 ad
1277 4979 1546 5037 Uotonem
1587 4979 1968 5036 Trevirensem
2016 4981 2158 5037 seri—

583 5054 987 5127 ptam,_in_eod_.
1024 5052 1174 5127 regio
1201 5049 1691 5127 llannoverano,_f.
1722 5050 1847 5105 248.
1885 5050 1970 5127 W_.

655 5124 806 5220 έέξίὲ)
829 5123 930 5220 (ἐι.
947 5120 1810 5220 ἦθξὲἓξίὲἳέἓᾳμὲδοηῗέἓῖελ
1830 5137 1900 5220 .1"

589 5191 765 5220 ~.~.‘:A-
839 5195 999 5220 Ιιααξ..-
1028 5193 1142 5220 ξυιιιιι
1183 5193 1431 5220 Μηκιῖηζ.
1452 5191 1545 5220 -λ-
1589 5191 1874 5220 un:n-:h-In

841 4910 991 4979 Quos
1019 4919 1223 4983 postea,
1246 4908 1875 4983 anathemate_punivit;
1923 4910 1994 4966 cf.
2045 4818 2317 4981 εΞῩΤᾹέ

2265 4907 2350 4965 Cf.
2381 4906 2601 4964 Mascov
2622 4914 2977 4978 commentar.
3029 4907 3103 4962 De
3152 4908 3265 4962 reb.
3313 4909 3513 4978 imper.
3571 4909 3639 4963 Β.
3675 4909 3861 4965 Genu.

2266 4981 2371 5037 sub
2396 4979 2634 5034 Henrico
2653 4976 2721 5030 IV
2743 4986 2798 5032 et
2830 4976 2890 5044 V,
2920 4993 2974 5048 p.
3006 4978 3097 5045 52,
3121 4992 3230 5048 sq.,
3281 4976 3409 5033 not;
3430 4978 3487 5033 5.
3516 4980 3791 5045 Stenzel.,
3822 4980 3862 5047 l,

2265 5066 2318 5121 ν’
2338 5051 2486 5189 (ἓνὲἓδ
2502 5064 2566 5173 53

2266 5200 2424 5220 “nl-In
2478 5189 2652 5220 νήησε-ο
2683 5189 2946 5220 ΠοθῖΔηι-ἶο
2978 5189 3125 5220 Aidan
3177 5204 3204 5220 η

2567 5064 3461 5220 irslaszieaanvaeexssw
3485 5120 3543 5175 ίιι
