4050 5358
246 272 389 354 U63

1504 297 1839 354 ANNALBS.
1873 331 1927 338 —
1968 298 2076 355 AN.
2114 300 2267 356 1074.

3376 309 3513 371 “66

240 413 538 469 nonnullos
566 413 636 469 ab
663 408 812 469 omni
837 412 1023 469 divino
1052 413 1229 469 officio
1258 414 1633 485 suspenderat,
1653 414 1826 470 donec
1856 418 1901 475 Α
1928 413 2272 470 severissime
2293 413 2651 484 quaestionem
2677 413 3064 486 promulgarct,
3109 417 3338 486 prodita:
3384 424 3480 492 qui

237 520 430 561 coram
460 506 739 561 venientes
765 505 1011 561 inustum
1039 506 1142 561 sibi
1172 506 1379 561 crimen
1430 507 1685 562 hereseos
1737 508 1825 563 di-

238 611 347 669 gna
376 596 747 653 satisfactione
775 606 1091 669 purgarent.
1126 596 1195 651 Et
1224 614 1316 652 rex
1363 598 1582 668 quidem
1631 600 1825 669 cupido

236 686 372 763 [hoc
403 686 518 761 ""1
566 690 783 744 volebat
830 690 958 745 odio
1007 688 1449 745 Wormaciensis'
1485 691 1725 761 episcopi
1771 701 1827 747 et

236 781 584 852 quorundam
616 782 870 847 aliorum,
903 782 996 853 qui
1024 798 1150 837 eum
1180 782 1323 837 bello
1355 780 1627 837 Saxonico
1654 783 1827 838 offen-

235 874 468 941 derant;
498 890 639 945 quos
665 876 767 929 hac
810 875 1120 945 calumpnia
1173 874 1525 930 involvendos
1551 882 1607 929 et
1643 875 1825 946 digni-

235 967 367 1023 tatis
395 982 508 1022 sua:
534 967 858 1022 detrimenta
888 981 1176 1037 passuros,
1206 982 1303 1037 spe
1351 966 1656 1021 certissima
1682 981 1824 1036 prae-

233 1066 566 1130 sumpserat.
598 1059 703 1114 Sed
730 1059 858 1129 quia
910 1075 1007 1128 per
1036 1060 1245 1129 legatos
1290 1073 1381 1113 res
1428 1065 1579 1111 tanta
1627 1057 1823 1113 conﬁci

232 1166 399 1222 posse
424 1150 835 1222 desperabatur,
867 1150 1122 1206 consulto
1163 1152 1220 1205 in
1267 1150 1599 1206 audientiam
1649 1150 1823 1220 ipsius

234 1242 471 1299 Romani
496 1244 771 1316 pontificis
799 1244 965 1299 dilata
993 1252 1095 1299 est.

306 1333 445 1403 Rex,
474 1334 718 1392 dimissis
744 1336 957 1407 legatis,
989 1350 1100 1390 non
1127 1336 1357 1391 solemni
1380 1351 1534 1391 more
1561 1336 1822 1391 indictam

231 1427 653 1498 expeditionem,
686 1427 781 1483 sed
809 1428 1095 1497 repentino
1140 1444 1204 1483 ac
1250 1429 1608 1483 tumultuario
1653 1426 1823 1482 milite

232 1518 394 1592 (558)
424 1520 712 1575 collectum
757 1520 1058 1575 exercitum
1109 1520 1309 1576 ducere
1337 1520 1589 1592 [parabat
1619 1518 1736 1593 m"]
1766 1520 1821 1573 in

232 1608 560 1683 Ungariam,
590 1621 871 1683 comperto
902 1613 1050 1683 quod
1100 1613 1363 1667 Salomon
1403 1629 1498 1667 rex
1551 1612 1821 1683 Ungario—

229 1717 355 1759 rum
384 1719 414 1758 a
442 1703 651 1771 Joiade,
679 1702 791 1759 Beli
820 1704 954 1769 filio,
985 1704 1127 1759 bello
1159 1705 1252 1738 ¹⁶⁸⁸
1298 1703 1577 1775 impetitus
1626 1705 1719 1751 "'P
1765 1712 1821 1759 et

231 1793 407 1850 tribus
431 1795 547 1866 jam
576 1796 776 1867 praeliis
806 1797 1002 1863 victus,
1046 1796 1253 1851 amisso
1302 1796 1563 1851 exercitu.
1614 1796 1707 1850 vix
1751 1797 1819 1852 de

228 1901 399 1960 regno
427 1888 721 1959 effugisset.
752 1887 821 1944 Ut
847 1889 968 1959 ejus
994 1889 1232 1943 miseriae
1260 1889 1594 1955 subveniret,
1624 1897 1681 1943 et
1710 1888 1821 1944 afﬁ—

227 1978 389 2035 nitati
416 1982 729 2051 praestabat,
758 1997 926 2051 quam
955 1980 1154 2035 tradita
1185 1980 1263 2034 illi
1293 1980 1384 2014 ¹⁴⁹⁶
1410 1981 1469 2036 in
1498 1980 1816 2051 conjugium

226 2086 420 2129 sorore
449 2088 547 2128 sua
570 2080 937 2139 comraxerat,
965 2082 1019 2129 et
1046 2072 1374 2129 utilitatibus
1403 2072 1660 2143 propriis,
1688 2073 1816 2144 quia

227 2178 481 2237 magnam
510 2165 561 2221 ei
597 2173 806 2237 partem
852 2166 1007 2238 regni
1061 2166 1148 2223 sui
1195 2165 1469 2236 pollicitus
1515 2166 1713 2231 fuerat,
1767 2167 1816 2221 si

224 2256 348 2326 ejus
372 2254 640 2313 beneﬁcio
674 2259 763 2291 ""
808 2260 1135 2331 expugnatis
1191 2258 1442 2315 hostibus
1486 2258 1543 2313 in
1585 2270 1815 2331 regnum

227 2347 625 2406 restitueretur.
649 2348 897 2422 Cumque
913 2348 1269 2421 Batisponam
1290 2350 1548 2406 venisset.
1571 2350 1814 2407 insecuta

224 2447 311 2495 est
331 2456 458 2496 eum
482 2442 689 2512 legatio
703 2441 1057 2498 familiarium
1080 2442 1221 2513 ejus,
1245 2443 1627 2498 nunciantium
1665 2444 1814 2514 quod

227 2530 611 2590 Wiﬁehelmus
626 2543 991 2606 cognomento
1004 2532 1202 2590 Bostar
1218 2535 1365 2606 (559)
1380 2534 1809 2612 rex‘Angtorum,

227 2623 298 2680 ab
324 2624 420 2658 1‘”
441 2624 856 2698 archiepiscopo
876 2625 1194 2683 Coloniensi
1236 2642 1376 2683 vana
1418 2627 1814 2700 pollicitatione

226 2708 460 2786 illectus,
489 2733 614 2775 cum
638 2734 838 2792 magno
860 2720 1101 2776 exercitu
1150 2721 1485 2787 adventaret,
1530 2722 1683 2794 regni
1726 2736 1812 2778 se-

227 2811 349 2866 dem
370 2811 701 2883 Aquisgrani
724 2828 994 2884 occupare
1022 2821 1266 2884 paratus.
1291 2811 1539 2870 Territus
1579 2830 1674 2870 rex
1696 2824 1809 2872 tam

1925 506 2048 560 dem
2070 506 2150 560 rei
2190 505 2420 575 publica:
2456 505 2684 571 crimen,
2713 506 2864 576 quod
2904 507 3285 578 ohjiciebatur,
3327 528 3508 585 sacra:

1926 606 2109 652 mento
2136 596 2405 668 purgavit.
2435 597 2628 653 Cetera
2649 612 2773 668 quae
2797 597 2974 653 delata
3004 598 3249 668 fuerant,
3290 602 3367 659 ait
3408 620 3505 662 rex

1926 704 1985 744 se
2000 689 2166 743 veteri
2180 689 2434 744 amicitiae
2449 704 2513 744 ac
2526 690 2825 759 pontificali
2839 691 3049 746 nomini
3065 691 3156 725 ¹²⁹⁸
3168 688 3506 766 condonare,

1925 796 2025 836 nec
2051 796 2152 850 pro
2167 780 2291 851 jure
2311 794 2416 835 suo
2436 781 2786 851 expostulare
2808 781 2965 836 velle.
2989 780 3069 838 ita
3110 798 3222 839 non
3267 786 3512 842 extincto

1925 883 2020 930 seu
2042 873 2258 927 interim
2280 872 2522 928 cohibito
2542 871 2751 940 furore,
2775 873 3063 930 Coloniam
3100 878 3388 945 processit.
3433 877 3512 934 lbi

1924 972 2147 1039 postero
2170 964 2259 1019 die
2284 964 2353 1019 ad
2370 964 2728 1035 iudicandum
2769 966 2971 1035 populo
2994 967 3218 1036 assedit,
3260 986 3509 1041 sperans,

1923 1075 2020 1131 per
2058 1057 2465 1113 accusationem
2498 1057 2588 1094 "”
2633 1071 2828 1113 eorum
2874 1073 3015 1127 quos
3052 1060 3509 1134 archiepiscopus

1921 1161 2148 1225 propter
2167 1149 2401 1221 injurias
2423 1165 2555 1204 suas
2580 1148 2672 1181 ¹³⁹⁶
2694 1165 2854 1219 ptena
2875 1150 3148 1219 affecerat,
3162 1154 3512 1213 occasionem

1924 1244 2031 1302 sibi
2054 1242 2319 1308 futuram,
2343 1248 2404 1297 ut
2422 1256 2569 1308 eum,
2594 1240 2862 1297 seditione
2883 1243 3175 1314 concitata,
3207 1262 3405 1303 rursus
3425 1249 3510 1303 ci-

1921 1337 2089 1393 vitate
2111 1334 2448 1401 exturbaret,
2469 1334 2555 1389 vel
2580 1340 2804 1403 propter
2829 1348 3123 1404 oppressos
3163 1352 3260 1407 per
3296 1340 3509 1396 calum-

1921 1430 2107 1500 pniam
2170 1429 2489 1484 innocentes
2544 1426 2736 1482 saltem
2797 1442 2952 1481 reum
3005 1427 3307 1498 majestatis
3362 1431 3510 1489 face-

1920 1530 2022 1576 ret.
2088 1519 2196 1576 Sed
2250 1521 2342 1577 iile
2397 1536 2590 1577 omnes
2649 1520 3064 1576 accusationum
3110 1521 3198 1554 “"
3243 1525 3503 1597 strophas

1922 1611 2072 1684 (560)
2102 1613 2350 1683 responsi
2372 1612 2597 1669 veritate
2621 1613 2712 1645 "“
2736 1628 2800 1668 ac
2821 1612 3217 1668 sententiarum
3240 1617 3507 1686 gravitate

1921 1714 2200 1775 tamquam
2239 1719 2567 1761 aranearum
2608 1705 2745 1761 telas
2791 1703 2998 1773 dirupit
3047 1705 3158 1760 “”.
3200 1705 3499 1779 Postquam

1920 1798 2348 1853 rexinnocentia
2374 1797 2464 1830 “°‘
2483 1799 2603 1869 ejus
2643 1812 2707 1852 ac
2746 1796 2871 1852 vitae
2913 1796 3223 1868 integritate
3257 1802 3508 1860 consiliis

1920 1903 2139 1958 quoque
2158 1889 2343 1943 omnia
2364 1898 2516 1959 septa
2550 1888 2708 1956 vidit,
2732 1903 2834 1943 nec
2880 1888 3052 1945 ullum
3093 1898 3281 1959 patere
3320 1892 3505 1950 locum

1919 1979 2262 2050 calumpuiae,
2280 1980 2352 2035 ad
2366 1980 2513 2035 aliud
2534 1996 2593 2036 se
2612 1980 2773 2036 vertit
2792 1996 2964 2051 genus
2985 1979 3329 2051 injuriarum.
3364 1982 3507 2041 Exe-

1918 2072 1997 2143 git
2015 2072 2086 2127 ab
2105 2086 2192 2139 eo,
2217 2086 2328 2127 non
2349 2073 2606 2143 precibus
2627 2072 2850 2142 quidem
2873 2079 2935 2126 ut
2953 2075 3215 2142 oportuit,
3263 2076 3358 2131 sed
3399 2076 3505 2131 im-

1916 2165 2133 2235 periosa
2153 2165 2390 2236 quadam
2412 2165 2756 2231 auctoritate,
2779 2172 2840 2219 ut
2859 2163 3201 2222 Coloniensil
3214 2182 3280 2224 us
3299 2167 3506 2224 admis-

1917 2271 1992 2313 sae
2025 2257 2080 2312 in
2102 2271 2162 2314 se
2183 2257 2507 2314 temeritatis
2525 2257 2742 2314 veniam
2760 2256 2944 2325 ldaret,
2967 2263 3504 2316 excommunicatos-

1915 2364 2024 2420 que
2037 2349 2282 2407 ecclesia:
2293 2349 2674 2407 reconciliaret
2691 2368 2707 2418 ;
2727 2357 2989 2421 praeterea
3003 2357 3083 2419 ut,
3097 2350 3166 2408 ad
3186 2351 3504 2407 ﬁrmamen-

1915 2451 2035 2499 tum
2057 2443 2449 2500 conservanda!
2465 2458 2596 2517 erga
2619 2458 2679 2501 se
2700 2442 2756 2498 in
2777 2451 3100 2514 perpetuum
3123 2442 3267 2511 ﬁdei,
3283 2459 3378 2499 sex
3397 2443 3503 2499 sibi

1913 2554 1982 2596 ex
1996 2537 2264 2595 militibus
2275 2538 2395 2595 suis
2405 2536 2626 2595 obsides
2635 2536 2808 2593 daret.
2819 2534 3127 2607 Utrumque
3138 2536 3153 2591 i
3164 2536 3227 2591 de
3239 2551 3365 2591 cum
3384 2551 3502 2590 ma-

1914 2650 2020 2707 gna
2042 2632 2348 2690 constantia
2365 2632 2581 2705 negavit
2606 2649 2621 2687 :
2643 2629 2863 2686 obsides
2888 2628 3129 2700 quidem,
3147 2629 3293 2700 quod
3314 2628 3500 2685 nullus

1912 2742 2102 2799 regum
2117 2726 2363 2798 priorum
2376 2726 2484 2781 tale
2493 2724 2624 2796 quid
2640 2724 2710 2779 ab
2724 2723 2915 2793 aliquo
2928 2736 3259 2793 praecessores
3281 2721 3374 2755 ¹³⁶⁸
3394 2737 3500 2778 suo

1912 2819 2268 2891 postulasset;
2304 2814 3022 2886 excommunicatorum,‘i“
3045 2822 3230 2871 autem
3263 2814 3501 2870 reconci-

226 2903 397 2958 atroci
418 2904 640 2970 nuncio,
664 2920 728 2959 ac
750 2905 971 2974 privata:
993 2907 1071 2961 rei
1092 2921 1281 2960 curam
1305 2906 1545 2963 externis
1567 2909 1809 2980 negociis
1909 2912 2191 2968 liationem
2206 2953 2221 2978 ,
2247 2909 2394 2982 quod
2430 2910 2548 2965 sine
2571 2909 2735 2981 digna
2769 2906 3104 2978 poenitentiae
3126 2905 3502 2964 satisfactione

226 2995 660 3051 antehabendam
684 3006 857 3063 ratus,
888 2997 1093 3053 omissa
1117 2999 1207 3032 “"
1231 2998 1283 3052 in
1323 2996 1619 3071 Ungariam
1645 3017 1813 3071 expe-
1908 3004 2415 3063 excommunicatos
2453 3002 2508 3057 in
2536 3001 2827 3058 ecclesiam
2864 2999 3034 3070 recipi
3068 3000 3214 3071 leges
3240 2999 3500 3056 ecclesia-

224 3089 448 3154 ditione,
473 3088 541 3143 ad
564 3085 779 3144 Renum
820 3090 1069 3145 concitus
1120 3090 1402 3145 remeavit.
1446 3090 1807 3150 Pentecosten
1834 3104 1875 3165 c
1909 3099 2061 3155 stica:
2091 3103 2360 3153 vetarent.
2385 3094 2711 3150 lmminebat
2743 3094 2832 3148 ille
2860 3093 3230 3159 vehementer,
3266 3090 3497 3147 commi-

225 3178 509 3253 Mogontite
530 3182 821 3237 celebravit
847 3180 998 3251 (Jun.
1024 3180 1101 3247 8),
1132 3181 1416 3253 splendide
1436 3200 1501 3239 ac
1522 3185 1805 3256 p0pulari-
1909 3205 2049 3247 nans
2073 3190 2259 3245 omnia
2293 3204 2354 3246 se
2381 3187 2729 3244 incommoda
2752 3184 2841 3218 ⁸⁸⁸⁷
2873 3184 3174 3251 illatnrum,
3214 3192 3268 3239 ct
3296 3191 3496 3239 cuncta

223 3273 393 3328 terab
414 3273 823 3345 archiepiscopo
877 3273 1303 3345 Mogontiacensi
1342 3286 1598 3346 acceptus
1645 3285 1809 3348 atque

225 3365 460 3421 habitus.
486 3365 614 3421 Inde
635 3382 761 3421 cum
782 3366 1068 3423 Coloniam
1093 3368 1171 3423 ire
1193 3366 1540 3436 instituisset,
1570 3370 1806 3427 multum

225 3457 439 3528 spirans
460 3457 668 3513 irarum
692 3466 747 3513 et
768 3457 1213 3515 comminationis
1253 3459 1307 3513 in
1331 3459 1806 3532 archiepiscopum

224 3547 605 3606 Coloniensem
622 3592 636 3617 ,
664 3550 775 3618 ille,
799 3551 986 3607 missis
1020 3552 1075 3606 in
1103 3565 1396 3607 occursum
1418 3552 1539 3623 ejus
1565 3555 1804 3626 nunciis,

224 3642 500 3697 mandavit
529 3640 723 3698 falsam
751 3644 978 3698 omnino
1013 3658 1079 3699 ac
1100 3644 1334 3701 scenicis
1356 3644 1630 3716 ﬁgmentis
1651 3648 1807 3704 simi-

223 3730 328 3791 lem
360 3750 481 3791 esse
502 3734 741 3792 fabulam
773 3753 941 3808 quam
968 3737 1026 3792 in
1057 3753 1184 3793 eum
1213 3739 1396 3794 :emuli
1436 3738 1524 3795 sui
1576 3756 1805 3817 compo-

225 3828 480 3896 suissent,
506 3829 561 3885 hi
583 3830 844 3886 nimirum
864 3831 957 3902 qui
980 3846 1107 3887 eum
1131 3831 1295 3901 paulo
1326 3841 1451 3887 ante
1479 3834 1614 3890 urbe
1633 3850 1806 3906 expu-

224 3918 434 3988 lissent,
458 3929 513 3977 et
536 3936 685 3977 nunc
704 3922 772 3977 ad
794 3923 1211 3993 opprimendum
1234 3938 1384 3992 eum,
1428 3927 1691 3997 quoniam
1715 3944 1806 3983 ara-

225 4014 328 4069 mis
355 4028 464 4069 non
487 4022 730 4085 possent,
754 4015 1051 4070 mendaciis
1074 4026 1485 4088 grassarentur;
1516 4034 1575 4074 se
1596 4034 1707 4075 non
1729 4019 1804 4076 ita

225 4104 450 4162 rationis
469 4115 747 4177 expertem
772 4107 859 4161 vel
878 4107 1189 4163 communis
1211 4092 1485 4164 commodi
1524 4110 1803 4182 negligen-

225 4204 332 4253 tem
347 4213 487 4266 esse,
507 4207 566 4253 ut
582 4198 636 4254 in
661 4198 921 4254 ultionem
932 4198 1158 4269 privatae
1171 4198 1383 4270 injuriae
1396 4203 1629 4271 patriam
1645 4216 1803 4260 suam

226 4288 471 4347 barbaris
490 4292 719 4362 prodere
737 4290 886 4356 velit,
912 4305 1012 4346 nec
1032 4306 1096 4346 ea
1118 4291 1337 4347 levitate
1364 4307 1394 4347 a
1423 4308 1595 4362 puero
1633 4295 1802 4351 vitam

227 4376 656 4449 “instituisse,
678 4392 741 4438 ut
768 4382 1059 4453 quisquam
1101 4397 1298 4438 sanum
1339 4382 1545 4454 aliquid
1576 4385 1803 4463 sapiens

1907 3297 2031 3354 qua:
2058 3282 2204 3339 illius
2228 3281 2340 3338 sint
2362 3278 2509 3337 ferro
2535 3287 2592 3335 et
2619 3280 2742 3351 igne
2775 3277 3185 3334 dcmoliturum.
3214 3274 3501 3331 Perstabat

1906 3373 1998 3430 hic
2033 3373 2178 3434 ﬁxus
2216 3374 2273 3430 in
2307 3371 2621 3444 proposito,
2659 3370 2847 3425 dicens
2888 3384 2949 3425 sc
2979 3368 3121 3424 mori
3154 3367 3248 3400 ⁸³⁸⁸
3272 3366 3496 3437 quidem

1905 3473 2182 3539 paratum,
2235 3465 2284 3522 si
2344 3464 2462 3535 ipse
2514 3477 2643 3520 eum
2698 3458 3123 3517 Coloniensibus
3173 3459 3495 3529 conspiras-

1906 3567 1992 3616 set
2043 3559 2112 3615 ad
2158 3573 2285 3615 eum
2330 3554 2800 3621 interficiendum,
2857 3552 2953 3609 sed
3002 3564 3306 3622 numquam
3363 3550 3496 3607 reti-

1905 3651 2099 3706 nendae
2148 3650 2276 3706 vitae
2332 3648 2516 3706 studio
2572 3647 2644 3703 ab
2672 3646 2798 3718 jure
2835 3644 2928 3678 ¹³⁶⁹
2988 3644 3059 3701 ad
3095 3642 3354 3713 injuriam
3392 3642 3494 3699 de-

1904 3742 2257 3799 clinaturum.
2287 3740 2390 3797 Diu
2425 3754 2625 3811 anceps
2663 3745 2783 3795 erat
2808 3752 3010 3809 pugna,
3046 3743 3102 3793 et
3133 3743 3496 3807 utrorumque

1904 3835 2105 3892 milites
2142 3849 2338 3908 magna
2377 3840 2732 3889 concusserat
2769 3828 3084 3888 sollicitudo
3119 3828 3495 3899 expectatione

1905 3936 2016 3984 tam
2054 3927 2227 3983 tristis
2263 3924 2580 3997 spectaculi.
2626 3922 2868 3979 Tandem
2907 3921 3119 3978 evictus
3161 3933 3257 3977 rex
3295 3920 3365 3975 ab
3404 3919 3493 3976 his

1903 4035 2143 4093 quorum
2167 4017 2419 4075 consiliis
2450 4015 2749 4089 plurimum
2775 4013 3073 4081 tribuebat,
3101 4011 3252 4068 ﬂexit
3276 4019 3496 4069 senten-

1902 4113 2058 4181 tiam,
2083 4120 2139 4169 et
2167 4111 2244 4166 ait
2269 4110 2431 4166 malle
2455 4124 2520 4168 se
2544 4123 2672 4165 cum
2691 4123 2760 4164 eo
2790 4106 3069 4163 beneﬁciis
3094 4112 3305 4161 certare
3325 4119 3493 4175 quam

1904 4203 2207 4270 maleﬁciis,
2228 4210 2303 4269 et,
2328 4202 2377 4258 si
2403 4217 2529 4257 eum
2557 4200 2726 4256 ﬁdum
2757 4199 2861 4254 sibi
2888 4199 3254 4268 devotumque
3281 4196 3336 4252 in
3360 4211 3495 4253 cau-

1905 4296 1982 4353 sis
2007 4296 2084 4351 rei
2118 4294 2351 4365 publica:
2387 4292 2747 4363 experiretur,
2785 4289 3026 4360 primum
3059 4288 3317 4359 deinceps
3351 4287 3495 4343 inter

1904 4387 2111 4443 amicos
2143 4386 2482 4441 habiturum.
2528 4382 2645 4439 Hoc
2672 4382 2837 4439 modo
2875 4379 3264 4442 reconciliatus
3308 4380 3492 4447 archi-

224 4479 334 4531 tam
355 4474 535 4546 inepta
560 4447 706 4531 dese
730 4447 1004 4544 suspicari
1032 4474 1208 4545 possit
1237 4474 1348 4529 ιω.
1383 4447 1674 4546 [inpetrata
1702 4493 1801 4549 per
1833 4447 1880 4506 Β
1903 4479 2163 4551 episcopo
2182 4520 2196 4544 ,
2223 4476 2571 4549 Aquasgrani
2599 4476 2692 4509 ³³⁸⁸
2730 4474 3000 4546 perrexit,
3034 4481 3090 4529 et
3118 4473 3382 4531 adversus
3424 4488 3489 4529 ea

223 4564 427 4639 legatos
444 4582 631 4623 coram
663 4566 914 4622 veniendi
956 4568 1133 4636 copia,
1180 4566 1235 4620 in
1276 4566 1660 4624 Andernachin
1706 4569 1799 4605 ⁸⁸⁸⁸

1904 4588 2029 4644 qua:
2047 4572 2117 4628 de
2143 4570 2446 4641 irruptione
2465 4569 2825 4625 barbarorum
2845 4565 2992 4639 fama
3009 4564 3345 4637 vulgaverat,
3364 4578 3488 4623 eam

224 4660 339 4732 regi
350 4660 608 4716 occurrit.
631 4658 881 4730 Cumque
891 4672 991 4714 rex
1011 4658 1083 4714 de
1100 4658 1188 4715 his
1206 4675 1329 4737 quae
1349 4672 1692 4731 compererat
1708 4662 1800 4697 “"
1906 4663 2059 4737 regni
2093 4671 2327 4736 partem,
2355 4670 2627 4735 quantum
2658 4667 2897 4732 poterat,
2922 4657 3279 4716 communivit
3300 4655 3412 4712 ¹³⁸¹.

1570 4753 1802 4814 VARIE
1833 4756 2238 4816 LECTIONES.
2408 4762 2411 4763 ⁷

152 4936 183 4968 εκ
258 4915 694 4990 __”{‘deest5._4.
727 4916 791 4990 5.
859 4916 1359 4990 ¹Ῡ⁸Ϊίάεβδε5.4.-5.
1422 4917 1530 4990 Αίῗῖδ
1553 4917 1694 4990 deest
1718 4917 1770 4973 5.

1914 4917 1944 4949 ι’
1982 4918 2218 4990 impetus
2242 4917 2299 4990 5_.
2378 4914 2612 4990 “iisIbi
2634 4930 2895 4990 superscr.
2919 4913 2998 4970 illi
3022 4914 3077 4990 ξ.
3125 4913 3491 4990 _“"__h9n_eﬁ-

224 4987 322 5045 ciis
341 4988 393 5042 5.
474 4986 564 5018 “”
592 4987 736 5039 deest
762 4988 813 5042 5.
894 4988 985 5019 ¹²⁹³
1018 4988 1256 5044 obmissa
1287 4988 1340 5041 5.
1417 4988 1511 5020 "”
1532 4988 1672 5043 deest
1694 4990 1746 5045 4.
1772 4988 1942 5044 vitam
1965 5004 1996 5043 a

1770 5069 1857 5116 rat
1882 5059 1934 5112 4.
2013 5058 2106 5095 ¹²⁹⁸
2130 5060 2355 5118 nomine
2378 5058 2451 5111 ι’.

224 5058 527 5133 dernachen
554 5057 597 5110 I.
624 5050 746 5133 1μὸ.
772 5058 1093 5133 Audet-nacti
1112 5060 1242 5133 villa
1264 5051 1287 5111 ἰ
1311 5057 1542 5133 b.___f"_"
1572 5072 1765 5133 compe

222 5128 312 5163 ⁸³⁸¹
334 5130 687 5184 occasionum
720 5128 771 5180 4.
848 5128 940 5160 ¹³⁶²
980 5130 1192 5185 veritati
1215 5131 1268 5184 ιι.

224 5198 315 5235 ⁸³⁸⁸
348 5214 467 5255 exc.
503 5227 577 5237 --
600 5196 970 5253 satisfactione
1002 5199 1186 5256 desunt
1219 5201 1273 5256 5.

1368 5127 1461 5201 ξῖῗξ
1494 5127 1720 5201 diripuit
1748 5133 1823 5187 l‘.
1857 5129 2139 5201 disrupitl
2174 5135 2229 5189 b.

1371 5196 1462 5230 "°"
1510 5196 1799 5261 incomoda
1845 5199 1899 5254 4.

3115 4982 3492 5108 ἐκεῖ..ῦῖ-

2643 5070 2989 5113 occasionem
3011 5068 3065 5111 a.
3146 5068 3239 5085 ""
3266 5068 3407 5108 deest
3430 5068 3489 5110 4.

2643 5127 2850 5205 ηιὶεέκ
2898 5126 2992 5157 ’³⁸⁸
3022 5124 3489 5205 ρι’θόςεςεξοτθβ.

3161 5192 3251 5224 ¹³¹⁰
3289 5190 3496 5262 Aquis-

2022 4985 2191 5059 puero
2222 4990 2246 5044 l
2276 4988 2331 5042 b.
2384 4985 2502 5059 7"”

2313 5128 2404 5161 ³³⁸⁸
2441 5127 2750 5183 innocentie
2770 5127 2824 5181 ι.
2898 5126 2992 5157 ³³⁸⁸

1990 5196 2349 5289 ’έθθβιᾳίἀοιη
2388 5199 2618 5279 moriri.
2686 5196 2963 5275 ___"_°’june
3011 5196 3061 5252 4.

218 5271 373 5345 grani
399 5270 451 5325 5.
534 5266 624 5299 ¹³¹¹
652 5269 988 5325 conmunivit
1026 5278 1128 5327 etc.
1156 5275 1187 5329 4
1224 5279 1276 5326 et
1317 5268 1396 5321 ita
1427 5273 1624 5340 cwpius
1652 5277 1705 5332 in
1739 5275 1851 5348 ﬁne
1884 5268 2055 5350 linere.
2102 5276 2129 5336 ’ξ
