4050 5358
564 260 704 319 ⁸1167

1731 255 2081 311 LAMBERTI
2113 256 2673 313 IIERSFBLDENSIS

3709 255 3835 310 “68

639 373 993 432 Ruothardus
1036 370 1145 437 “",
1185 369 1353 425 abbas
1389 367 1767 425 Herveldensis
1802 370 2141 436 monasterii,
2173 373 2218 428 Α
2247 379 2473 426 merent.
2519 370 2638 436 Qua
2684 370 2773 403 ’3“
2813 369 3136 425 necessitate
3168 367 3491 439 compulsus
3532 382 3659 437 rex,
3690 370 3837 424 nullo

567 472 602 524 δ
633 469 760 524 ldus
796 465 943 521 Junii
984 463 1246 528 decessit,
1291 461 1375 517 vir
1415 461 1468 515 in
1509 462 1679 517 sacris
1716 460 2015 531 Scripturis
2049 462 2143 515 ad—

565 563 740 632 prime
764 558 1010 615 eruditus
1038 564 1092 610 et
1129 554 1209 610 sic
1240 553 1307 608 ad
1344 554 1674 623 loquendum
1714 554 1803 605 3°“
1836 553 2139 623 expeditus,

567 661 628 709 ut
655 665 816 707 nemo
838 650 927 703 illa
951 656 1106 703 aetate
1123 646 1348 702 verbum
1379 644 1472 699 Dei
1494 644 1789 714 copiosius,
1827 660 1986 699 nemo
2013 645 2143 699 sub-

560 746 733 811 tilius,
771 757 930 798 nemo
965 739 1269 811 elegantius
1303 747 1579 793 tractaret.
1615 736 1764 792 Alias
1794 738 1848 791 in
1887 736 2140 791 observa-

560 839 710 893 tione
743 843 947 892 sancta:
983 832 1182 902 regule
1210 831 1489 901 paululum
1518 845 1683 900 quam
1708 843 1890 883 mores
1919 836 1972 883 et
1999 836 2139 883 tem-

559 944 692 1000 pora
705 934 1020 997 expeterent
1031 924 1314 979 remissior
1324 931 1459 977 erat.
1476 921 1527 976 Is
1550 922 1690 975 miro
1696 920 1902 990 judicio
1915 919 2031 974 Dei.
2045 920 2140 989 qui

558 1035 702 1093 quos
722 1019 897 1089 diligit
920 1017 1166 1087 corripit,
1193 1026 1247 1070 et
1276 1014 1507 1085 ﬂagellat
1536 1028 1753 1067 omnem
1786 1012 1956 1066 ﬁlium
1977 1027 2137 1081 quem

557 1112 751 1182 recipit
787 1110 971 1180 (Hebr.
1009 1125 1106 1174 ιιι,
1142 1108 1229 1178 6),
1266 1115 1391 1165 ante
1425 1106 1570 1160 diem
1601 1105 1794 1159 mortis
1825 1120 1938 1160 sua:
1973 1119 2137 1159 sensu

557 1204 773 1269 defecit,
806 1210 861 1257 et
888 1218 983 1271 per
1009 1199 1302 1255 continuos
1336 1199 1476 1252 duos
1504 1212 1679 1251 annos
1700 1204 1755 1251 et
1793 1212 1887 1252 sex
1921 1211 2138 1253 menses

556 1295 755 1351 frenesi
792 1294 995 1364 pariter
1032 1300 1086 1345 et
1118 1290 1399 1359 epilempsi
1441 1288 1531 1320 ‘3“
1556 1288 1875 1358 gravissime
1904 1288 2139 1342 vexaba-

555 1397 664 1443 tur.
698 1384 998 1441 Defunctus
1031 1390 1118 1438 est
1155 1390 1337 1437 autem
1380 1396 1525 1435 anno
1563 1380 1653 1412 ¹³¹⁸
1700 1381 1912 1451 integro
1951 1389 2006 1436 et
2041 1395 2135 1435 sex

556 1479 837 1534 mensibus
871 1484 1075 1530 exactis
1105 1483 1460 1544 posteaquam
1498 1473 1715 1528 abhatia
1754 1488 1813 1530 se
1847 1473 2134 1529 abdicave-

552 1577 658 1626 rat.
712 1569 868 1636 Quod
915 1575 1095 1621 tamen
1137 1564 1339 1621 factum
1388 1566 1523 1620 adeo
1560 1566 1830 1635 paenitens
1872 1565 2132 1633 deflebat,

554 1661 808 1734 quotiens
834 1676 864 1714 a
900 1668 1123 1729 stupore
1157 1666 1321 1728 atque
1355 1658 1681 1712 hebetudine
1715 1657 1912 1713 mentis
1938 1658 2132 1727 paulu-

551 1752 666 1811 tuin
688 1740 1079 1821 respiraverat,
1107 1759 1166 1805 ut
1189 1751 1505 1819 ambiguum
1539 1757 1704 1815 esset,
1730 1750 1923 1807 morbo
1950 1749 2039 1780 ¹³¹⁶
2063 1766 2131 1813 an

553 1859 789 1901 anet-ore
819 1847 1036 1917 gravius
1073 1844 1434 1912 acerbiusque
1462 1843 1779 1896 tabescet-et.

621 1936 889 1992 Mediante
915 1936 1056 1991 Iulio
1080 1952 1386 2007 regressum
1413 1950 1591 2005 regem
1617 1934 1683 1989 de
1702 1934 2017 2006 Lutcringia
2042 1935 2129 1966 ¹³¹⁷

552 2029 916 2085 Wormaciam
946 2031 1147 2084 iterum
1182 2028 1434 2082 adierunt
1473 2026 1633 2097 legati
1678 2027 1827 2098 regis
1867 2025 2133 2098 Ungario-

550 2137 693 2189 rum,
724 2131 946 2177 orantes
970 2120 1189 2176 ‘obnixe
1218 2128 1300 2186 ut,
1342 2134 1555 2174 memor
1592 2118 1888 2187 afﬁnitatis,
1923 2132 2132 2175 memor

549 2222 683 2269 actae
712 2214 876 2269 simul
906 2230 936 2268 a
967 2229 1135 2283 puero
1171 2213 1368 2279 aetatis,
1404 2212 1677 2268 maturius
1705 2212 1796 2244 ¹³¹⁸
1822 2213 2132 2269 subveniret

548 2306 794 2376 expulso.
814 2305 899 2371 Et,
922 2307 1051 2376 quia
1076 2321 1262 2376 preces
1277 2305 1486 2359 tardius
1499 2305 1789 2360 movebant
1802 2305 2026 2376 privatis
2037 2321 2132 2361 oc—

546 2399 930 2467 cupattonibus
959 2385 1250 2464 intentum,
1282 2398 1425 2454 datis
1453 2397 1519 2450 l2
1546 2397 1828 2453 obsidibus
1852 2396 2011 2452 fidem
2042 2397 2129 2432 ³³η

548 2491 596 2543 ei
632 2491 922 2545 firmabant
955 2491 1044 2523 ¹³²⁰
1083 2491 1229 2561 quod
1250 2532 1264 2557 ,
1295 2491 1340 2545 si
1372 2490 1490 2559 ejus
1523 2489 1788 2544 beneficio
1817 2489 1872 2549 in
1902 2505 2129 2565 regnum

546 2584 952 2649 restitueretur,
992 2582 1246 2652 deinceps
1277 2583 1327 2637 ei
1375 2582 1695 2638 tributarius
1738 2581 1993 2652 dictoque
2032 2584 2130 2638 ob-

546 2681 859 2746 temperans
883 2675 1040 2742 foret,
1067 2683 1123 2731 et
1153 2691 1247 2730 sex
1271 2675 1323 2729 ei
1356 2674 1752 2730 munitissimas
1776 2671 2028 2744 Ungarite
2053 2675 2130 2729 ci—

544 2767 742 2824 vitates
781 2768 833 2822 in
871 2776 1251 2839 argumentum
1278 2782 1577 2836 numquam
1607 2767 1973 2833 irrumpcnda:
2007 2767 2130 2823 fidei

547 2861 800 2915 traderet.
835 2859 947 2915 Ilac
977 2859 1224 2914 mercede
1253 2859 1585 2927 redemptus,
1623 2859 1769 2924 ilico,
1801 2859 1985 2914 missis
2020 2860 2129 2914 oil-

540 2966 892 3021 cumquaque
935 2952 1171 3017 nnnciis,
1209 2953 1483 3022 principes
1513 2952 1569 3006 in
1596 2950 1992 3021 expeditionem
2038 2967 2129 3007 so-

2166 1714 2209 1770 B

2246 462 2446 533 insigni
2476 461 2716 527 facinore
2742 470 3072 531 perpetrato,
3098 460 3334 532 Ungaria
3356 461 3619 529 excessit,
3642 470 3702 517 et
3722 474 3837 532 post

2244 552 2440 610 festum
2454 555 2627 609 sancti
2640 554 2916 609 Michaelis
2928 554 3294 609 Wormaciam
3308 551 3835 626 reversus(031br.),

2243 647 2507 707 ordinatis
2553 647 2626 702 ibi
2668 663 2768 716 pro
2801 655 3045 716 tempore
3079 655 3133 702 et
3170 647 3327 716 copia
3371 647 3528 717 regni
3570 649 3835 720 negociis,

2246 737 2597 807 Ratisponam
2622 739 2812 806 rediit;
2840 739 3164 809 dispositum
3188 739 3417 804 habens,
3451 739 3506 793 id
3528 739 3691 808 quod
3712 742 3836 795 reli-

2241 845 2410 899 quum
2437 839 2557 885 erat
2580 832 2842 901 temporis
2863 847 3036 902 usque
3061 831 3128 885 ad
3152 830 3493 884 nativitatem
3522 829 3755 887 Domini
3785 834 3837 887 ia

2240 923 2597 993 peragraudis
2634 923 2725 956 m’
2752 923 3017 993 Bajeariae
3052 931 3216 994 atque
3253 922 3601 978 Alcmannia:
3632 925 3730 956 ⁸⁵³⁸
3764 926 3838 980 ei.

2239 1014 2497 1071 vitatibus
2527 1014 2823 1072 insumere.

2250 1164 2253 1165 ν
2311 1105 2710 1164 lIildebrandus
2731 1124 2892 1179 papa,
2924 1124 3051 1165 cum
3088 1109 3359 1179 episcopis
3402 1108 3581 1167 Italiae
3629 1127 3833 1167 conre-

2239 1198 2395 1253 niens
2431 1199 2546 1269 jam
2585 1198 2975 1271 frequentibus
3011 1201 3250 1268 sinodis,
3289 1201 3615 1256 decreverat
3655 1213 3722 1258 ut
3756 1221 3835 1259 se-

2238 1290 2477 1345 cundum
2523 1291 2789 1354 instituta,
2818 1293 3169 1364 antiquorum
3206 1308 3485 1349 canonum
3514 1295 3677 1366 (362)
3716 1312 3833 1366 pre-

2238 1383 2425 1439 sbiteri
2451 1398 2651 1440 uxores
2675 1400 2782 1440 non
2814 1385 3069 1452 habeant,
3103 1386 3365 1440 habentes
3391 1393 3491 1441 aut
3520 1387 3616 1419 ‘3"
3648 1386 3833 1442 dimit-

2238 1482 2353 1533 tant
2387 1482 2483 1530 aut
2522 1476 2885 1546 deponantur,
2916 1494 3015 1534 nec
3049 1479 3343 1549 quisquam
3375 1480 3613 1535 omnino
3641 1480 3718 1536 ad
3750 1498 3832 1536 sa-

2237 1567 2539 1631 cerdotium
2561 1553 2898 1636 admittatur,
2930 1570 3025 1639 qui
3066 1582 3175 1624 non
3205 1570 3260 1625 in
3285 1578 3621 1639 perpetuum
3656 1576 3833 1628 conti-

2236 1658 2477 1718 nentiam
2514 1659 2792 1730 vitamque
2817 1661 3066 1717 cmlibem
3090 1662 3431 1731 profiteatur.
3460 1661 3585 1719 Hoc
3611 1664 3832 1723 decreto

2235 1765 2330 1820 per
2362 1758 2535 1818 totam
2578 1751 2790 1809 Italiam
2829 1754 3191 1825 promulgata,
3229 1753 3452 1808 crebras
3498 1755 3727 1812 litteras
3768 1761 3831 1814 ad

2232 1842 2517 1913 episcopos
2560 1843 2857 1899 Galliarum
2899 1845 3340 1910 transmittebat,
3392 1847 3739 1916 praecipiens
3778 1864 3833 1907 nt

2234 1933 2336 2004 ipsi
2376 1949 2596 2005 quoque
2634 1935 2687 1989 in
2731 1936 2846 1992 suis
2878 1936 3122 1992 ecclesiis
3151 1935 3402 2007 similiter
3437 1934 3719 2003 facerent,
3755 1951 3833 1994 at-

2232 2043 2338 2098 que
2365 2043 2395 2081 a
2416 2028 2777 2083 contubernio
2803 2029 3147 2085 sacerdotum
3170 2043 3363 2083 omnes
3399 2029 3642 2083 omnino
3679 2034 3834 2085 femi-

2234 2134 2333 2181 nas
2357 2128 2617 2189 perpetuo
2657 2122 3003 2177 anathemate
3043 2129 3371 2175 resecarcnt.
3404 2118 3701 2178 Adversus
3732 2124 3833 2178 hoc

2231 2211 2507 2266 decretum
2552 2212 2802 2282 protinus
2848 2213 3197 2267 vehementer
3243 2210 3533 2270 infremuit
3572 2222 3699 2269 tota
3746 2217 3832 2248 κει

2226 2300 2396 2358 factio
2455 2305 2811 2372 clericorum;
2862 2305 3139 2360 hominem
3190 2305 3351 2369 plane
3392 2305 3728 2361 hereticum
3781 2320 3833 2361 et

2230 2410 2414 2449 vcsam
2444 2396 2715 2466 dogmatis
2747 2412 2868 2452 esse
2895 2399 3202 2463 clamitans,
3237 2397 3334 2468 qui
3364 2397 3576 2453 oblitus
3616 2415 3831 2454 sermoo

2231 2488 2316 2541 nis
2340 2487 2576 2555 Domini,
2598 2505 2709 2558 quo
2729 2490 2804 2543 ait
2829 2508 2841 2543 :
2865 2489 2987 2543 Non
3008 2506 3182 2543 onuzes
3205 2490 3422 2559 capiunt
3445 2489 3548 2543 hoc
3575 2493 3829 2555 eertum;

2230 2579 2503 2649 quipotest
2529 2597 2734 2650 capere,
2753 2583 2929 2653 capiat
2952 2582 3167 2653 (Matth.
3201 2582 3422 2649 X133“,
3447 2583 3568 2655 f2);
3594 2593 3659 2641 et
3682 2585 3833 2654 Apo—

2231 2672 2405 2728 stolus
2432 2691 2445 2726 :
2476 2672 2582 2739 Qui
2618 2690 2672 2727 se
2703 2690 2806 2728 non
2834 2675 3086 2740 continet,
3126 2673 3319 2738 nubat;
3359 2674 3551 2729 melius
3580 2685 3667 2731 est
3686 2678 3827 2731 enim

2230 2763 2419 2817 nubere
2448 2780 2608 2837 quem
2642 2767 2727 2818 uri
2759 2766 2777 2836 (
2794 2764 2819 2818 Ι
2844 2765 2966 2821 Cor.
3002 2783 3097 2833 vn,
3136 2766 3226 2837 9),
3261 2766 3499 2821 violenta
3530 2769 3829 2825 exactione

2231 2855 2708 2912 homines'vivere
2750 2868 2968 2930 cogeret
3020 2859 3129 2913 ritu
3185 2860 3541 2929 angelorum,
3582 2871 3644 2917 et
3690 2864 3824 2918 dum

2229 2956 2553 3007 consuetum
2584 2966 2810 3006 cursum
2849 2960 3059 3007 natura:
3094 2960 3333 3023 negaret,
3381 2936 3751 3011 fornicationi
3771 2968 3827 3012 et

544 3042 712 3096 lemni
754 3042 1049 3098 indictione
1086 3043 1348 3099 evocavit.
1390 3042 1497 3098 Sed
1536 3043 1628 3098 alii
1664 3043 1926 3113 temporis
1955 3058 2128 3113 angu-
2154 3057 2195 3113 ο
2230 3038 2587 3097 ὶιῖιιιιυηειίιίεε
2613 3042 2764 3098 frena
2794 3045 3031 3111 laxaret;
3058 3046 3206 3115 quod
3237 3045 3283 3099 si
3319 3056 3575 3116 pergeret
3598 3058 3826 3105 senten-

546 3135 699 3197 stias,
737 3135 826 3188 alii
855 3134 931 3189 rei
956 3134 1239 3192 familiaris
1265 3137 1524 3207 inopiam,
1555 3136 1795 3206 plerique
1819 3134 1963 3205 quod
1994 3150 2125 3204 opes

544 3236 660 3281 suae
692 3227 836 3281 bello
884 3225 1155 3284 Saxonico
1197 3229 1426 3285 nimium
1468 3229 1666 3285 attrita:
1713 3227 1961 3295 fuissent,
1994 3230 2121 3284 item

545 3317 637 3372 alii
679 3319 824 3374 aliud
864 3322 1236 3377 excusationis
1281 3338 1453 3393 genus
1496 3323 1880 3387 obtendentes,
1932 3337 2124 3377 omnes

539 3412 1018 3479 pariter'militiam
1040 3416 1433 3470 detrectabant.
1458 3414 1575 3484 Ipse
1599 3423 1798 3481 tamen,
1821 3429 1889 3470 ne
1911 3421 2122 3470 tantum

538 3504 620 3558 rei
676 3505 904 3575 publicze
945 3509 1323 3574 commodum,
1379 3524 1514 3564 casu
1558 3508 1646 3538 ¹³²¹
1693 3508 1965 3573 oblatum,
2022 3524 2123 3563 sua

534 3594 757 3667 ignavia
796 3609 1265 3669 corrumperetur,
1313 3600 1562 3672 gregario
1611 3598 1761 3672 (561)
1809 3607 2021 3653 tantum
2058 3616 2122 3655 ac

538 3691 755 3758 privato
782 3691 950 3746 milite
996 3701 1306 3758 contentus,
1335 3693 1530 3747 infesto
1567 3691 1805 3747 exercitu
1840 3691 2120 3761 ingressus

540 3791 627 3837 est
653 3780 971 3854 Ungariam,
1001 3791 1055 3837 et
1095 3784 1386 3840 nonnullas
1420 3784 1540 3853 ejus
1568 3784 1817 3854 regiones
1853 3783 2121 3841 hostiliter

540 3873 867 3944 peragravit.
897 3873 1071 3928 Porro
1103 3872 1252 3939 leas,
1282 3875 1376 3945 qui
1413 3873 1709 3946 Ungariam
1738 3886 2115 3943 occupaverat,

539 3975 825 4034 comperto
849 3965 971 4035 ejus
1000 3966 1252 4031 adventu,
1282 3982 1495 4021 summa
1528 3966 1793 4022 industria
1821 3966 1873 4021 id
1896 3983 2116 4037 operam

540 4055 686 4112 dedit
720 4065 812 4122 ut,
851 4058 904 4112 in
939 4058 1074 4112 locis
1109 4058 1163 4111 in
1192 4058 1394 4128 quibus
1419 4058 1650 4128 irruptio
1687 4057 1925 4113 hostium
1955 4059 2115 4115 time-

537 4148 720 4215 batur,
760 4148 894 4204 nihil
935 4148 1184 4204 homines
1229 4149 1635 4214 alimentorum,
1681 4149 1816 4204 nihil
1860 4149 2115 4205 animalia

536 4241 861 4309 pahulorum
904 4241 1223 4311 reperirent,
1256 4250 1310 4296 ct
1342 4242 1421 4296 sic
1448 4242 1561 4311 ipse
1587 4257 1713 4296 cum
1740 4241 1994 4297 omnibus
2026 4240 2114 4272 ¹³²²

534 4331 590 4385 in
621 4322 895 4401 quandam
928 4333 1188 4398 insulam,
1216 4334 1711 4402 propterlocorum
1747 4331 2112 4388 difﬁcultatem

2228 3132 2359 3190 tiam
2384 3135 2729 3203 confirmare,
2759 3138 2918 3191 malle
2946 3154 3004 3193 se
3035 3137 3398 3193 sacerdotium
3423 3154 3593 3208 quam
3625 3144 3826 3211 conju—

2225 3224 2381 3296 gium
2416 3226 2686 3295 deserere,
2714 3237 2769 3283 et
2799 3238 2925 3284 tunc
2960 3231 3206 3284 visurum
3247 3245 3398 3295 eum,
3437 3230 3526 3285 cui
3564 3233 3825 3289 homines

2225 3317 2528 3384 Sorderent,
2559 3320 2703 3375 unde
2733 3321 3100 3392 gubernandis
3124 3337 3221 3392 per
3253 3323 3546 3379 ecclesiam
3576 3323 3679 3379 Dei
3704 3327 3825 3396 ple-

2224 3409 2386 3464 bibus
2413 3412 2635 3482 angelos
2670 3422 3087 3483 comparaturus
3116 3422 3277 3490 esset.
3309 3412 3693 3473 Nihilominus
3732 3420 3823 3474 ille

2224 3501 2482 3573 instabat.
2518 3512 2573 3558 et
2618 3506 2856 3560 assiduis
2895 3507 3256 3576 legationibus
3295 3508 3591 3578 episcopos
3618 3526 3823 3581 omnes

2224 3597 2489 3653 socordiae
2514 3591 2579 3651 ac
2614 3597 2837 3654 desidiae
2870 3608 3149 3671 arguebat,
3192 3607 3248 3654 et
3288 3599 3399 3655 nis:
3435 3616 3597 3658 ocius
3630 3619 3821 3674 injun-

2222 3695 2371 3747 ctum
2419 3688 2522 3743 sibi
2580 3691 2867 3761 negocium
2929 3700 3346 3764 exequerentur,
3395 3694 3706 3763 apostolica
3760 3713 3825 3753 se

2219 3794 2450 3841 censura
2508 3781 2564 3836 in
2619 3798 2715 3838 eos
2767 3784 3274 3840 animadversurum
3341 3788 3819 3845 comminabatur.

2220 3868 2677 3944 Archiepiscopus
2703 3873 3051 3947 Mogontinus
3095 3876 3274 3931 sciens
3315 3891 3425 3932 non
3475 3894 3651 3948 parvo
3683 3897 3822 3937 con-

2220 3970 2366 4037 stare
2406 3979 2625 4035 operam
2649 3967 2793 4023 hanc
2826 3976 2888 4023 ut
2920 3976 3072 4023 tanto
3118 3976 3360 4039 tempore
3398 3970 3653 4027 inolitam
3683 3991 3821 4029 cono

2219 4056 2562 4116 suetudinem
2600 4060 2883 4117 revelleret
2918 4062 3039 4129 ιη’,
3066 4069 3231 4132 atque
3267 4062 3335 4117 ad
3357 4064 3681 4120 rudimenta
3720 4085 3819 4121 na-

2218 4149 2420 4204 scentis
2462 4151 2706 4208 ecelesiaa
2734 4162 3109 4210 senescentem
3142 4154 3257 4224 jam
3303 4156 3392 4187 ³³³⁸
3423 4160 3700 4216 mundum
3734 4179 3821 4218 re-

2218 4236 2496 4313 formaret,
2528 4244 2862 4302 moderatius
2896 4247 3087 4319 agebat
3114 4262 3240 4301 cum
3270 4248 3382 4315 eis;
3420 4258 3476 4304 et
3506 4252 3699 4321 primo
3734 4256 3819 4311 eis

2217 4330 2271 4384 in
2299 4332 2583 4390 dimidium
2621 4352 2826 4393 annum
2861 4338 3108 4395 inducias
3137 4347 3191 4394 et
3219 4340 3555 4398 deliberandi
3590 4348 3814 4416 copiam

532 4423 763 4477 omnino
797 4424 1049 4480 hostibus
1088 4424 1538 4492 inaecessibilcm,
1571 4442 1630 4480 se
1654 4425 1902 4502 contulit.
1943 4424 2112 4480 Exer-
2149 4402 2190 4455 θ
2218 4423 2382 4489 dedit,
2426 4425 2652 4484 hortans
2685 4445 2779 4486 eos
2820 4439 2899 4499 ut,
2937 4431 3082 4502 quod
3133 4434 3442 4489 necessario
3490 4402 3814 4495 faciendum

532 4514 680 4568 citus
710 4516 875 4586 regis,
902 4517 994 4585 qui
1035 4516 1103 4571 ad
1136 4518 1274 4571 tanti
1299 4518 1387 4549 ¹³²³
1423 4518 1548 4572 belli
1588 4516 2110 4573 administrationem

537 4604 674 4660 nihil
721 4615 1038 4676 sumptuum
1087 4619 1505 4683 prmparaverat,
1556 4608 1877 4679 gravissima
1926 4609 2109 4664 statim

536 4694 821 4752 laborabat
853 4698 1051 4767 inedia,
1096 4700 1231 4756 adeo
1272 4710 1329 4755 ut
1364 4684 1953 4771 hominesiplerosque,
1991 4700 2111 4754 ani-

534 4788 696 4842 malia
726 4804 860 4859 pene
886 4792 1068 4846 omnia
1102 4793 1252 4848 brevi
1296 4793 1599 4863 pestilentia
1622 4799 1682 4847 .et
1711 4790 1883 4847 fames
1910 4807 2109 4848 consu-

2216 4516 2309 4581 sit,
2339 4527 2531 4588 sponte
2560 4519 2780 4590 faciant,
2806 4533 2861 4578 et
2891 4529 2999 4578 tam
3033 4524 3133 4579 sibi
3174 4540 3341 4596 quam
3371 4524 3631 4583 Romano
3666 4547 3815 4601 pon-

2217 4608 2349 4664 tifici
2388 4613 2765 4668 necessitatem
2792 4616 3034 4687 adimant
3064 4616 3267 4687 aliquid
3303 4617 3360 4671 in
3394 4633 3493 4674 eos
3535 4622 3695 4689 quod
3726 4640 3816 4679 se-

2213 4715 2312 4757 cus
2338 4702 2411 4757 sit
2445 4702 2787 4762 decernendi.
2832 4707 2913 4763 Ad
2944 4695 3211 4763 ultimum
3235 4721 3565 4781 congregata
3605 4713 3817 4771 sinodo

2213 4792 2265 4846 in
2297 4792 2729 4864 Erphesfurt"“
2777 4799 2901 4871 565)
2928 4815 3114 4857 mense
3140 4797 3363 4856 Octobri
3417 4804 3672 4861 pressius
3689 4807 3817 4877 jam

1836 4901 2069 4958 VABlrE
2107 4903 2509 4960 LECTIONES.

533 5009 695 5096 ...ξω
725 5014 803 5096 ἦτα
962 5015 1053 5047 ³³η
1081 5014 1554 5096 ςιηοςιιιβηὼιω-ιε
1606 5011 2226 5096 ..ηξξιςρὶὴξίςῐιρρδίέίλὸλ
2303 5015 2390 5096 ¹³ξ⁸
2421 5015 2562 5096 deest
2591 5019 2815 5096 δέῃ-⁸⁸η
2843 5036 2913 5076 an
2944 5038 3019 5096 in.
3058 5024 3207 5096 anili.
3286 5026 3379 5058 ¹⁸¹⁷
3420 5027 3630 5082 luther.
3660 5028 3714 5083 ί.
3750 5032 3809 5087 4.
