4050 5358
230 288 375 355 ἰὶἒϐξὶ

1477 286 1815 351 ANNALES.
1845 325 1915 337 —-
1943 295 2055 351 ΑΒ.
2090 296 2244 359 1075.

3360 311 3492 365 1170

230 412 581 478 imminebat",
597 419 677 478 ut,
698 410 930 483 relegata
946 411 1093 468 omni
1117 410 1582 482 tergiversatione,
1601 409 1653 463 in
1678 423 1814 479 ιιι-εε-
1844 420 1889 475 Α
1916 394 1970 461 in
1992 396 2311 479 perpetuum
2341 417 2504 482 atque
2532 392 2855 470 inconvulsa
2889 403 3188 473 manerent.
3216 418 3353 474 Cum
3380 421 3495 480 haec

233 506 538 562 sentiarum
566 512 662 558 aut
697 504 1013 575 eonjugium
1045 505 1360 575 abjurarcnt
1387 510 1483 556 aut
1508 500 1650 556 sacri
1680 500 1817 554 alta-

231 599 311 655 ris
338 596 648 652 ministerio
684 612 742 651 se
767 597 1100 653 abdicarent.
1138 596 1333 651 Multas
1353 601 1574 649 econtra
1611 593 1686 646 illi
1722 607 1813 646 ra-

229 690 409 746 tiones
443 689 762 744 asserebant
792 690 901 757 '3”,
932 691 1132 760 quibus
1163 688 1417 742 instantis
1445 684 1813 758 perurgentis-

227 796 339 853 que
386 781 790 850 improbitatem
842 783 1061 837 eludere
1113 779 1549 849 sententiamque
1596 792 1816 833 cassare

226 873 552 929 niterentur.
594 874 845 943 Cumque
891 875 1151 928 adversus
1190 872 1503 942 apostolicae
1534 871 1678 926 sedis
1717 885 1814 923 au-

226 966 557 1031 ctoritatem,
583 981 692 1036 qua
735 982 794 1021 se
843 966 930 1020 ille
957 967 1024 1021 ad
1066 966 1205 1019 hanc
1247 965 1584 1018 exactionem
1620 969 1815 1032 praeter

227 1058 560 1112 voluntatem
588 1059 868 1128 propriam
903 1058 1245 1128 compulsum
1289 1058 1635 1121 obtendebat,
1676 1054 1812 1109 nihil

225 1158 570 1221 argumenta,
604 1151 739 1205 nihil
778 1152 1205 1221 supplicationes
1231 1165 1526 1220 precesque
1559 1150 1648 1182 ³⁸³³
1682 1164 1800 1219 pro-

225 1241 486 1297 ﬁcerent:
517 1244 726 1313 egressi
766 1246 1051 1313 tamquam
1090 1243 1157 1297 ad
1202 1242 1642 1307 consultandum,
1674 1252 1810 1297 crin-

1919 500 2230 569 replicando
2256 504 2437 559 surdis
2467 504 2691 561 auribus
2719 505 2958 561 fabulam
2981 523 3203 564 narrare
3227 511 3372 583 (564)
3407 516 3492 568 vi-

1917 591 2195 660 derentur,
2216 595 2398 649 subito
2412 596 2632 651 etl‘erata
2651 606 2828 653 mente
2847 614 2903 653 se
2920 597 3067 654 foras
3083 603 3408 674 proripiunt,
3427 605 3494 660 ad

1917 700 2069 739 arma
2094 687 2456 767 conclamant,
2472 697 2524 743 et
2546 690 2613 743 ad
2637 699 2970 745 momentum
2993 702 3272 750 contracta
3291 696 3495 767 ingenti

1918 778 2006 811 ωδ
2030 779 2395 845 multitudine,
2421 781 2475 834 in
2498 781 2749 837 sinodum
2774 794 3163 855 prorumpunt;
3188 796 3241 842 et
3258 788 3362 843 nisi
3377 804 3495 843 ma-

1918 878 1973 926 tu
1983 872 2096 925 rius
2108 866 2306 926 milites
2316 873 2556 943 episc0pi
2572 874 3068 931 intercessissentet
3079 878 3402 933 blandiendo
3413 895 3527 934 ra-o

1917 964 2229 1035 tioncmque
2258 964 2531 1019 reddendo
2560 967 2741 1035 potius
2769 983 2932 1037 quam
2963 971 3333 1040 repugnando,
3356 987 3495 1041 quo-

1915 1058 2062 1111 niam
2091 1056 2299 1111 viribus
2322 1057 2557 1126 impares
2584 1068 2759 1124 erant,
2791 1059 3101 1115 ferocientis
3119 1063 3292 1118 turbae
3320 1063 3492 1133 impe-

1915 1155 2031 1203 tum
2056 1148 2444 1215 inhibuissent,
2462 1148 2517 1203 in
2543 1150 2657 1219 ipsa
2677 1152 2932 1206 cathedra
2960 1154 3253 1224 episcopali
3282 1156 3495 1225 episco-

1906 1254 2040 1311 pum
2061 1241 2479 1310 oppressissent.
2508 1240 2583 1295 lta
2601 1243 2777 1297 soluta
2802 1253 2883 1298 est
2900 1244 3145 1306 sinodus.
3162 1253 3271 1299 tam
3289 1246 3496 1309 episcoo

227 1333 411 1389 silium
450 1334 642 1389 ineunt
682 1343 744 1389 ut
792 1336 846 1389 in
886 1336 1141 1390 sinodum
1182 1350 1292 1388 non
1334 1334 1577 1398 redeant,
1605 1334 1696 1388 sed
1731 1334 1811 1387 in-
1906 1348 1982 1402 po
2003 1349 2167 1403 quam
2191 1335 3086 1404 cuneusquiassederantclericis
3102 1338 3291 1393 ultima
3311 1323 3496 1394 formi-

221 1426 364 1496 jussi
385 1441 576 1482 omnes
596 1427 652 1482 in
677 1428 871 1483 domos
888 1443 1017 1483 suas
1039 1424 1337 1482 diSeedant.
1365 1424 1620 1481 Nonnulli
1644 1427 1808 1497 etiam

212 1516 484 1589 confusisj
510 1520 737 1575 vocibus
774 1520 1128 1575 clamitabant
1164 1518 1359 1573 melius
1397 1518 1499 1573 sibi
1528 1520 1697 1573 videri
1724 1524 1803 1586 ut,

1911 1426 2037 1481 dine
2062 1426 2447 1492 consternatis,
2468 1435 2521 1481 et
2548 1428 2752 1497 passim
2785 1443 2881 1497 per
2915 1443 3106 1485 omnes
3133 1428 3376 1486 ecclesia:
3402 1444 3496 1485 an-

1911 1517 2071 1589 gulos
2096 1517 2332 1573 latebras
2355 1519 2460 1573 sibi
2483 1519 2873 1589 quaerentibus.
2902 1517 3095 1575 Statim
3117 1522 3405 1593 episcopus
3425 1522 3494 1577 ab

224 1608 284 1666 in
311 1610 566 1665 sinodum
595 1612 848 1682 regressi,
890 1613 1068 1682 ipsum
1107 1611 1445 1681 episcopum,
1487 1612 1807 1682 priusquam
1902 1607 2935 1681 Erphesfurt‘“’discedens,reliquam
2953 1608 3161 1681 partem
3178 1612 3494 1683 anniusquo

218 1702 585 1758 lacerabilem
613 1705 903 1761 adversum
948 1703 1039 1737 ‘3“
1072 1719 1169 1760 eos
1210 1704 1533 1758 sententiam
1559 1704 1805 1773 promul-

224 1802 412 1863 garet,
461 1796 717 1851 cathedra
758 1796 1053 1867 episcopali
1093 1785 1469 1861 deturbarent,
1521 1804 1576 1850 et
1613 1798 1805 1851 merita

225 1894 403 1941 morte
443 1888 693 1954 multato,
740 1887 953 1959 insigne
1007 1887 1404 1943 monimentum
1455 1888 1523 1942 ad
1562 1896 1809 1958 posteros

224 1979 680 2045 transmitterem,
714 1996 780 2035 ne
818 1981 943 2050 quis
981 1980 1237 2049 deinceps
1283 1995 1660 2035 successorum
1690 1981 1810 2050 ejus

214 2069 389 2126 .talem
422 2072 743 2127 sacerdotali
786 2072 995 2127 nomini
1033 2072 1396 2141 calumpuiam
1427 2080 1636 2127 struere
1672 2082 1812 2128 tem-

221 2169 421 2233 ptaret.
465 2164 603 2219 Cum
640 2166 706 2219 ad
736 2166 1052 2235 episcopum
1094 2166 1327 2219 relatum
1376 2174 1520 2220 esset
1567 2166 1671 2220 hoc
1714 2179 1810 2221 eos

224 2256 565 2322 machinari,
613 2260 983 2312 commonitus
1028 2273 1059 2311 a
1108 2257 1227 2313 suis
1275 2266 1337 2312 ut
1381 2258 1674 2312 tumultum
1714 2258 1810 2329 qui

221 2347 505 2402 oriebatur
527 2357 743 2404 matura
770 2350 1142 2404 moderatione
1172 2358 1537 2419 praeverteret,
1566 2351 1715 2406 misit
1742 2350 1810 2407 ad

220 2453 325 2494 eos
356 2438 527 2505 foras,
564 2441 886 2510 rogavitque
923 2450 985 2495 ut
1012 2442 1200 2497 sedato
1225 2451 1444 2512 pectore
1471 2443 1525 2497 in
1556 2443 1810 2499 sinodum

220 2531 673 2601 regrederentur;
714 2547 792 2601 se,
835 2549 959 2588 cum
1006 2534 1243 2604 primum
1286 2535 1632 2604 oportunitas
1671 2536 1812 2590 arri-

214 2622 411 2687 sisset,
436 2622 668 2678 Romam
689 2624 1011 2691 missurum,
1034 2634 1089 2679 et
1117 2626 1382 2680 domuum
1424 2629 1806 2696 apostolicum,

220 2713 279 2771 si
313 2729 423 2785 qua
451 2720 638 2785 posset
674 2717 903 2782 ratione,
935 2716 1004 2771 ab
1029 2718 1134 2772 hac
1175 2719 1457 2774 sententiae
1496 2721 1811 2776 austeritate

223 2804 611 2862 deducturum.
643 2807 872 2864 Postero
897 2809 985 2863 die
1007 2809 1262 2866 admissis
1289 2811 1340 2865 in
1364 2812 1694 2868 auditorium
1720 2814 1809 2846 ⁸³³⁸

218 2899 594 2955 communiter
621 2900 778 2956 laicis
805 2910 859 2957 et
892 2902 1124 2968 clericis,
1155 2910 1393 2957 veterem
1422 2904 1568 2958 illam
1596 2906 1662 2960 de
1688 2906 1811 2962 red-

219 2989 421 3048 dendis
445 2992 672 3049 decimis
706 2995 983 3064 querelam
1012 2995 1237 3064 replicat
1267 2995 1375 3063 ¹³³⁸,
1399 3005 1454 3051 et
1479 2998 1638 3067 quasi
1675 2998 1809 3053 nihil

1911 1701 1976 1755 ad
2006 1703 2353 1772 epiphaniam
2397 1703 2453 1756 in
2494 1700 2848 1773 Heiligenstat
2896 1703 2985 1735 ¹³⁵⁸
3015 1703 3164 1776 (565)
3200 1706 3402 1776 exegit,
3442 1713 3496 1760 et

1909 1809 2005 1863 per
2025 1809 2215 1849 omnes
2239 1793 2408 1850 festos
2428 1793 2544 1849 dies
2568 1778 2709 1849 inter
2734 1810 2887 1850 sacra
2914 1796 3208 1850 missarum
3230 1794 3496 1852 solemnia

1910 1900 2005 1941 eos
2028 1887 2120 1956 qui
2157 1894 2403 1941 sanctam
2441 1886 2695 1942 sinodum
2747 1888 3098 1942 turbaverant
3135 1886 3204 1943 ad
3235 1888 3498 1960 pamiten—

1912 1978 2043 2032 tiam
2072 1979 2174 2034 sub
2202 1979 2498 2049 episcopali
2528 1980 2709 2034 hanno
2741 1979 2986 2034 evocavit
3008 1977 3176 2052 (566).

2563 2070 2610 2124 Μ
2620 2070 2828 2125 LXXV.

1980 2161 2091 2217 Rex
2133 2163 2473 2218 nativitatem
2523 2161 2742 2218 Domini
2795 2162 3142 2235 Argentorati
3184 2163 3493 2221 celebravit.

1909 2252 2159 2325 Cumque
2181 2255 2434 2310 adessent
2456 2271 2620 2325 quam
2644 2254 2865 2325 plurimi
2890 2270 2954 2309 ex
2981 2254 3338 2325 principibus,
3359 2270 3499 2327 quos

1912 2347 2002 2403 ille
2017 2348 2385 2417 dcdita‘opcra
2410 2348 2477 2402 de
2501 2356 2614 2402 toto
2639 2363 2805 2418 regno
2829 2348 2894 2403 ad
2921 2347 3064 2402 diem
3083 2346 3283 2403 festum
3304 2362 3500 2404 evoca-

1910 2448 2088 2507 verat,
2114 2440 2307 2495 habuit
2339 2456 2462 2495 cum
2498 2441 2579 2495 eis
2606 2440 2908 2495 misterium
2944 2440 3157 2495 consilii
3184 2439 3293 2507 sui,
3322 2445 3378 2495 et
3401 2454 3499 2497 eos

1909 2534 2089 2588 modis
2111 2533 2367 2588 omnibus
2388 2533 2456 2587 ad
2492 2533 2909 2587 instaurandum
2939 2532 3139 2587 bellum
3164 2531 3498 2588 Saxonicum

1910 2627 2260 2683 sollicitabat.
2308 2624 2476 2680 Multa
2504 2626 2558 2680 in
2601 2641 2840 2697 praesens
2871 2624 3221 2696 largiebatur,
3248 2624 3405 2694 plura
3442 2624 3499 2679 in

1912 2719 2157 2774 futurum
2187 2718 2572 2789 pollicebatur,
2602 2718 2810 2772 nullum
2853 2723 3130 2786 postremo
3171 2716 3257 2771 vel
3300 2714 3500 2772 intima!

1910 2811 2260 2876 conditionis,
2334 2810 2427 2880 qui
2477 2811 2642 2865 modo
2692 2809 3044 2864 conﬁciendis
3108 2808 3276 2863 tantis
3334 2808 3500 2863 rebus

1911 2902 2233 2957 commodus
2282 2908 2587 2972 putaretur,
2638 2900 3002 2969 relinquebat,
3033 2915 3195 2970 quem
3235 2916 3344 2954 non
3371 2899 3499 2955 dato

1909 2995 2149 3050 vicissim
2192 3002 2246 3048 ct
2294 3002 2515 3064 accepto
2560 2992 2917 3063 jurejurando
2974 2991 3140 3047 ﬁdum
3180 2992 3281 3047 sibi
3319 2999 3373 3046 et
3410 2992 3501 3047 ob-

219 3082 375 3138 -bello
398 3083 691 3152 Saxonico,
717 3087 851 3141 nihil
875 3094 1056 3141 actum
1079 3088 1149 3142 sit
1175 3088 1581 3144 conditionibus
1611 3090 1810 3160 quibus
1836 3108 1878 3165 ς
1912 3087 2135 3141 noxium
2156 3076 2388 3153 faceret;
2420 3101 2546 3140 cum
2570 3102 2633 3141 ea
2658 3084 3008 3155 potissimum
3036 3083 3355 3153 pollicitatio
3388 3098 3503 3139 om-

225 3176 394 3244 paulo
436 3177 688 3247 superius
728 3179 782 3233 in
821 3177 1150 3249 Gerstingun
1186 3180 1273 3212 ¹³³⁷
1316 3196 1421 3251 pax
1460 3192 1807 3251 convenerat,

222 3268 297 3323 de
324 3268 534 3340 integro
565 3269 875 3340 Thuringos
902 3271 992 3303 ¹³³⁸
1021 3286 1213 3328 omnes
1242 3272 1309 3328 de
1347 3273 1551 3343 injusta
1573 3275 1811 3331 decima-

227 3375 353 3416 rum
382 3361 741 3417 retentatione
780 3364 869 3396 ¹³³⁹
892 3378 1017 3419 reos
1045 3364 1296 3420 addicere
1320 3366 1563 3434 molitur,
1587 3382 1688 3422 nec
1724 3383 1811 3423 re-

225 3453 434 3524 cogitat
471 3454 612 3509 hanc
632 3470 857 3511 causam
884 3456 1148 3528 originem
1175 3457 1642 3529 seminariumque
1665 3459 1809 3515 exti-

227 3544 365 3601 tisse
407 3547 652 3602 omnium
690 3548 1062 3603 calamitatum
1114 3551 1315 3620 quibus
1354 3567 1450 3620 per
1488 3550 1672 3620 plures
1693 3552 1810 3622 jam

227 3653 403 3695 annos
438 3656 526 3696 res
570 3641 784 3711 publica
824 3642 1327 3699 incommodissime
1362 3643 1679 3699 vexabatur.
1719 3642 1811 3698 ln-

228 3730 392 3802 digne
434 3733 598 3788 nimis
627 3734 871 3789 tulerunt
898 3734 985 3771 '3“
1019 3736 1124 3791 hoc
1164 3734 1450 3807 Thuringi,
1488 3743 1677 3805 utpote
1717 3736 1811 3807 qui

228 3832 452 3894 prapter
492 3826 762 3881 recentem
811 3827 937 3881 belli
982 3843 1299 3884 successum
1345 3828 1584 3883 tumidos
1632 3827 1811 3885 adhuc

228 3914 456 3985 spiritus
499 3918 775 3989 gerebant,
827 3920 1039 3990 sibique
1079 3921 1375 3975 vanissime
1406 3920 1494 3952 ¹³⁸¹
1522 3935 1811 3991 persuase-

228 4016 356 4063 rant
394 4010 551 4080 quodﬁ
592 4019 716 4080 post
761 4012 1156 4083 triumphatum
1214 4028 1394 4084 regem
1441 4019 1494 4067 et
1529 4024 1811 4083 acceptum

231 4108 451 4170 gustum
498 4102 741 4158 audaciae
795 4119 1023 4170 eorum,
1060 4105 1242 4159 nullus
1290 4104 1545 4175 deinceps
1593 4104 1811 4162 futurus

228 4194 697 4265 esset‘episcopus
735 4196 827 4266 qui
867 4197 949 4253 eis
987 4196 1226 4267 aliquam
1267 4213 1431 4267 super
1465 4198 1568 4252 hac
1601 4194 1661 4251 re
1688 4212 1809 4251 mou

228 4297 359 4341 vere
398 4287 706 4342 molestiam
755 4290 995 4345 auderet.
1050 4279 1234 4345 Primo
1276 4299 1455 4345 tamen
1498 4290 1814 4360 temperatis

232 4378 684 4448 responsionibus
710 4382 759 4436 ei
785 4390 1100 4452 suggerunt,
1124 4398 1232 4437 non
1261 4382 1367 4437 alia
1395 4382 1484 4414 ³³⁸³
1516 4398 1575 4436 se
1602 4382 1812 4436 ratione

1912 3194 2009 3234 nes
2038 3180 2105 3234 ad
2136 3179 2587 3234 consentiendum
2627 3178 2945 3242 inﬂecteret,
2982 3177 3128 3246 quod
3171 3177 3275 3231 sub
3310 3177 3503 3231 testitl-

1912 3271 2127 3327 catione
2164 3270 2527 3341 jurisjurandi
2573 3270 2802 3340 singulis
2845 3268 3210 3339 promittebat,
3235 3268 3281 3323 si
3309 3283 3501 3324 eurum

1912 3363 2119 3420 auxilio
2133 3351 2917 3433 Saxoniam'Thuringiamque
2937 3368 3332 3429 recuperasset,
3355 3361 3502 3429 quod

1911 3456 2047 3526 ipsis
2088 3463 2380 3524 utramque
2420 3456 2757 3525 provinciam
2801 3468 2902 3522 pro
2956 3452 3223 3506 arbitratu
3281 3466 3384 3506 suo
3424 3452 3506 3505 in-

1911 3560 1994 3607 ter
2021 3549 2109 3581 ‘3"
2137 3555 2195 3604 se
2220 3548 2571 3619 partiendam
2585 3556 2639 3601 et
2670 3552 2931 3616 perpetuo
2970 3544 3094 3613 jure
3117 3541 3500 3613 possidendam

1912 3643 2214 3698 traditurus
2236 3647 2397 3696 esset.
2430 3639 2508 3694 Ita
2538 3640 2618 3693 ira
2647 3647 2909 3705 aestuans,
2928 3636 3067 3691 nihil
3089 3651 3252 3705 quam
3275 3635 3500 3705 sangui-

1912 3750 2035 3791 nem
2058 3750 2248 3789 eorum
2272 3733 2367 3803 qui
2399 3748 2458 3787 se
2490 3731 2829 3786 oti‘enderant
2862 3729 3116 3784 malebat.
3142 3726 3297 3794 Quod
3319 3735 3502 3781 tamen

1912 3843 2058 3883 anno
2083 3826 2172 3858 ‘3“
2198 3826 2411 3897 integro
2431 3839 2596 3895 quam
2620 3823 2857 3877 maxime
2878 3820 3335 3885 dissimulaverat,
3365 3819 3500 3873 adeo

1912 3928 1974 3974 ut
2022 3918 2296 3989 principes
2343 3908 2615 3983 Saxoniae,
2648 3915 2904 3985 quotiens
2932 3912 3001 3967 ad
3029 3928 3153 3967 eum
3202 3911 3500 3976 venissent,

1913 4011 2200 4082 magniﬁce
2223 4009 2545 4078 susciperet,
2569 4016 2624 4062 et
2657 4008 2725 4062 ad
2767 4006 3024 4061 absentes
3065 4001 3289 4074 paciﬁca
3328 4015 3500 4071 smpe-

1914 4117 2145 4159 numero
2168 4110 2330 4170 atque
2346 4099 2647 4155 honoriﬁca
2670 4097 2925 4153 mandata
2945 4096 3261 4152 destinaret.

1982 4195 2182 4250 Paucis
2202 4201 2329 4264 post
2346 4194 2539 4248 diebus
2561 4190 2893 4261 Mogontiam
2903 4188 3050 4243 venit
3074 4182 3371 4257 (lanium),
3394 4182 3501 4239 ibi-

1916 4303 2023 4358 que
2053 4287 2296 4342 occurrit
2317 4285 2367 4339 ei
2399 4284 2746 4338 Ruzenorum
2775 4281 2864 4313 ⁸³³³
2891 4272 3328 4345 rex,Demctrius
3350 4274 3499 4347 (56η

1914 4379 2156 4445 nomine,
2189 4377 2438 4433 deferens
2473 4376 2523 4431 ei
2566 4368 2960 4430 inestimabiles
2985 4371 3211 4428 divicias
3266 4370 3321 4425 in
3357 4367 3505 4425 vasis

232 4466 291 4523 in
319 4466 651 4543 Gerstinguu
684 4475 1069 4543 recuperandae
1095 4475 1214 4544 paci
1251 4474 1615 4539 consensisse,
1646 4488 1811 4543 quam
1840 4442 1889 4500 Β
1917 4471 2099 4527 aureis
2128 4479 2181 4525 et
2205 4470 2475 4543 argenteis
2503 4477 2555 4524 et
2594 4467 2839 4522 vestibus
2862 4464 3008 4537 (568)
3033 4463 3190 4519 valde
3218 4460 3499 4533 preciOsis,

233 4566 295 4617 ut
314 4560 555 4635 legitima
583 4579 681 4620 sua
716 4581 747 4620 a
779 4567 970 4636 primis
995 4568 1186 4623 diebus
1222 4575 1422 4621 statuta
1450 4573 1565 4621 rata
1593 4565 1682 4598 ’³⁸³
1707 4565 1809 4619 sibi

1919 4567 2187 4637 petiitque
2220 4572 2281 4617 ut
2320 4561 2522 4617 auxilio
2548 4560 2651 4617 sibi
2676 4558 2818 4615 foret
2845 4565 3035 4615 contra
3063 4555 3287 4612 fratrem
3318 4566 3499 4620 suum,

1522 4678 1752 4734 VARle
1794 4677 2191 4733 LECTIONES.
2591 4693 2595 4695 λ
2933 4714 2939 4719 -

312 4766 401 4842 ⁸,³³¹
432 4768 729 4842 afferebam
758 4773 810 4826 5-
891 4772 980 4805 ¹³³³
1017 4788 1124 4842 que
1152 4773 1293 4827 dces!
1324 4772 1411 4826 2b-
1492 4770 1581 4802 ’³³⁵
1609 4772 1872 4842 adversus
1898 4770 1955 4842 5-
1987 4779 2034 4842 ει
2071 4768 2195 4842 Νέου
2226 4768 2291 4842 de
2329 4765 2519 4842 Syrum
2589 4766 2688 4842 ,¹,³.³.⁵
2711 4762 3142 4842 Ξᾴἱιιίρτίμιιι.⁵·
3171 4748 3509 4842 ςρῖῖί.³ἓ¹ί¹ί“

239 4837 447 4912 torium
476 4840 529 4894 4.
579 4841 701 4912 him
738 4844 932 4912 repetit
961 4843 981 4896 l
1014 4837 1050 4895 ’ἶ

242 4907 388 4962 tione
418 4910 470 4963 5.
550 4910 640 4943 ¹³⁴⁵⁰
668 4912 774 4968 hoc
800 4907 902 4973 tul,
935 4913 991 4969 5.
1065 4913 1154 4945 ¹³⁸¹
1182 4914 1323 4967 deest
1348 4913 1449 4971 Ωιι.

1131 4845 1219 4875 ³³³⁷
1252 4842 1603 4912 Gchtungun
1645 4842 1695 4895 5.
1731 4840 1807 4895 Ge

1916 4841 2061 4909 ngim
2102 4841 2154 4912 4.
2189 4848 2239 4892 et
2264 4838 2343 4912 ita
2368 4833 2511 4912 intra
2586 4833 3008 4912 ‘_”°_Th'uri_ngis

1530 4912 1619 4944 ‘m
1649 4912 1789 4965 deest
1827 4912 1879 4965 5.
1957 4904 2048 4942 “‘3
2077 4911 2218 4964 deest
2249 4909 2303 4962 4.
2379 4904 2471 4978 ‘ff‘
2500 4907 2660 4962 mult.
2696 4905 2902 4978 ingenti
2926 4904 2982 4978 ὃς

3186 4830 3277 4862 ⁸³³⁸
3314 4829 3513 4883 deten-

3061 4902 3156 4963 ,⁸³⁸⁸
3184 4895 3513 4969 Erphesl'urt

328 4977 663 5053 1iil'phesmrd
686 4966 767 5036 λι.⁷
812 4966 908 5017 7”“
936 4966 1304 5053 Ileilegenstat
1348 4966 1403 5036 ξι.
1432 4980 1841 5049 Helingenstadt
1861 4982 1913 5035 5.
1941 4981 2291 5052 Helegenstat
2308 4979 2339 5053 Δ1
2354 4966 2786 5053 ._Heiligenstait
2798 4975 2924 5031 Nic.
2948 4971 3013 5027 de
3043 4970 3237 5045 ευριπ.
3258 4966 3277 4969 ”
3313 4967 3401 4998 ³³⁸⁷
3426 4966 3515 5019 in-

234 5052 328 5106 tra
347 5048 417 5104 5.
478 5052 570 5085 ’³³⁸
591 5068 641 5107 a.
660 5053 773 5123 jam
801 5054 836 5109 i.
865 5055 915 5134 ι.
993 5048 1492 5110 um"Buzzenorum
1521 5054 1573 5110 5.
1596 5048 1810 5108 Russen

1914 5070 1976 5109 tm
2005 5048 2136 5109 ἁλι
2178 5052 2257 5106 ita
2299 5049 2464 5118 infra.

1746 5161 1976 5223 NOTAE.

314 5255 462 5327 (seu
502 5256 611 5319 οῖ..
636 5222 815 5327 supra
834 5265 951 5314 not.
986 5257 1105 5312 usa.

1925 5210 2197 5315 Eebhardi
2221 5251 2570 5328 aquilonales
2592 5210 2967 5328 marchiqnes,
2998 5259 3055 5313 p.
3095 5241 3193 5328 §6,
3219 5236 3524 5328 δρψ,βίεὲ
