4050 5358
250 110 285 163 ἐ
310 107 420 173 1ῖό
1517 115 1838 172 ANNALES

1933 144 1958 157 -
1988 115 2100 170 AN.
2142 117 2296 173 ωἷὸ.
2392 120 2395 121 ⁷
3418 125 3554 180 HN

245 230 436 284 "ioue
467 230 555 259 ,δτι
586 229 887 298 maculari;
923 235 1019 303 qui
1055 249 1169 291 non
1208 242 1268 291 υι
1296 243 1485 306 μεως
1508 236 1858 303 Depositum,
1891 236 1937 287 Α
1960 228 2371 340 ili-am'veterem
2417 231 2651 336 armavit
2899 232 3308 340 pollicitationis
3336 236 3552 340 fiducia.

206 288 215 385 ξ
242 298 360 376 sed
386 330 446 375 ut
466 321 557 377 fur
581 331 636 376 et
659 324 803 379 latro
822 341 917 395 per
941 327 1302 386 simoniacam
1330 328 1569 386 heresim
1677 326 1836 432 ingeri

1959 317 2245 378 Occultata
2301 288 2518 379 interim
2576 288 2916 395 apostolica:-
2939 326 3087 383 sedis
3118 327 3406 400 legatione,
3437 332 3558 386 mit-

214 414 404 467 .tium
444 416 804 483 pecurtiarum
858 416 1235 488 profusionem
1284 419 1568 490 irrepserit
1606 419 1663 474 in
1713 418 1838 524 ovili

1959 419 2084 469 tunt
2124 414 2193 468 ad
2226 415 2568 487 episcopum,
2612 380 2909 488 “quitum:
2949 380 3209 490 tempori:
3237 420 3556 524 liabenberg

245 506 479 570 ovium;
501 507 595 576 qui
615 508 759 577 apud
774 509 1231 580 praedecessorem
1257 512 1379 583 ejus
1406 510 1687 569 Nicolaum
1705 510 1855 582 (575)
1956 506 2324 572 consistebat,
2353 508 2517 579 eique
2544 509 2881 569 denunciant
2908 519 2969 566 ut
3011 513 3342 582 quantocius
3369 514 3438 570 de
3465 531 3557 571 ur-

244 612 459 667 papam
515 600 652 654 tanti
700 601 950 661 criminis
1011 604 1385 674 insimulatus,
1424 614 1487 661 ut
1538 605 1646 663 dici
1693 605 1853 673 solet,

242 689 443 759 ignem
473 691 654 760 gladio
693 693 869 765 (574),
905 696 1010 755 hoc
1055 706 1142 753 est
1171 698 1409 755 heresim
1446 698 1693 769 periurio
1718 714 1852 768 pur-

220 785 502 855 gaverit;
535 787 631 857 qui
675 790 961 848 cathedam
993 793 1359 866 episcopalem
1402 804 1461 850 et
1493 808 1697 852 sancun
1722 813 1855 868 prm-

218 876 551 938 .dicationis
594 882 984 953 ministerium,
1012 902 1214 957 expers
1242 886 1361 958 ipse
1387 891 1619 945 omnino
1641 891 1851 946 littera-

216 984 403 1037 .rurn,
452 982 644 1031 contra
691 993 879 1034 sacros
914 981 1538 1052 canonesimpudenter
1582 997 1852 1054 occupas-

240 1072 370 1129 set;
441 1067 536 1136 qui
593 1076 718 1127 ante
786 1072 1168 1143 episcopatum
1235 1088 1467 1133 cuneus;
1523 1078 1851 1146 capitalibus

236 1152 582 1217 criminibus
604 1169 768 1233 atque
793 1167 947 1222 omni
971 1168 1274 1237 proborum
1299 1186 1500 1243 genere
1521 1170 1851 1243 Mogontinte

241 1247 483 1319 civitati,
507 1253 561 1307 in
599 1272 708 1326 qua
752 1261 997 1319 nutritus
1025 1261 1118 1330 sit,
1154 1263 1425 1321 celebrem
1469 1281 1530 1322 se
1577 1267 1850 1337 spectabi-

220 1336 471 1414 Jemque
493 1345 713 1418 fecerit;
748 1353 851 1423 qui
898 1357 1274 1425 pecuniariam
1321 1368 1487 1431 atque
1534 1336 1846 1419 usurartam

217 1444 450 1508 .artem,
484 1456 593 1511 qua
638 1461 670 1500 a
717 1462 890 1517 puero
926 1451 999 1506 sit
1039 1451 1345 1523 institutus,
1391 1471 1686 1528 postquam
1727 1474 1843 1516 cm-

1954 596 2024 653 be
2046 599 2321 666 discedat;
2367 615 2481 656 non
2523 617 2686 672 posse
2724 618 2852 658 eum
2897 602 3041 660 ultra
3085 604 3192 660 sibi
3229 605 3553 677 cpiscOpum

1953 704 2095 755 esse,
2122 691 2386 762 quoniam
2430 700 2486 748 et
2510 694 2886 766 episcopatum
2933 711 3031 767 per
3069 696 3433 754 simoniacam
3463 699 3554 755 he-

1954 784 2121 840 resim
2156 792 2347 840 contra
2390 785 2788 845 ecclesiasticas
2813 788 3125 845 sanctiones
3151 790 3467 859 coemisset,
3494 800 3552 848 ct

1952 891 2080 933 eum
2109 876 2515 943 administrare,
2544 878 2772 950 ignarus
2816 882 3049 937 omnino
3075 882 3403 952 litterarum,
3435 900 3549 942 non

1926 977 2155 1038 posset.
2211 969 2586 1027 Atrocissimai
2636 987 2735 1042 per
2785 988 2846 1029 se
2900 974 3160 1046 legationi
3215 976 3428 1047 adjecta
3460 986 3551 1034 est

1948 1062 2133 1133 gravis
2178 1064 2529 1120 contumelia.
2580 1064 2911 1123 Adolescens
2950 1068 3175 1138 quidam
3203 1085 3272 1124 ex
3314 1085 3548 1127 numero

1949 1153 2297 1222 clericorum,
2350 1163 2408 1211 et
2456 1155 2656 1211 animis
2695 1154 2851 1213 ferox
2889 1166 2946 1214 et
2998 1166 3178 1228 aetate,
3209 1162 3545 1220 versiculum

1948 1242 2168 1301 brevem
2197 1262 2263 1301 ex
2305 1248 2564 1316 psalterio
2606 1252 2891 1318 proposuit
2925 1268 2939 1305 :
2972 1248 3172 1323 Hujus,
3211 1253 3411 1325 inquit,
3448 1270 3545 1314 cs-

1946 1335 2107 1406 pituli
2137 1354 2243 1397 non
2269 1340 2535 1394 misticum
2567 1357 2798 1408 unum,
2823 1358 2927 1397 non
2953 1343 3297 1416 allegoricam
3327 1348 3544 1420 signiﬁ-

1947 1430 2230 1493 cationem,
2257 1431 2348 1485 sed
2382 1431 2593 1487 verbum
2613 1449 2679 1488 ea:
2705 1434 2859 1489 verba
2885 1435 3027 1506 ﬁdas
3060 1438 3314 1509 interpres
3334 1441 3386 1495 si
3410 1441 3543 1497 mihi

242 1528 472 1589 testium
534 1537 865 1597 talentorum
948 1546 1267 1601 necociator
1332 1522 1670 1601 constitutus
1738 1555 1840 1601 ait-
1878 1580 1919 1601 τι
1946 1531 2084 1576 ’⁸⁸⁸⁸
2101 1522 2469 1594 επρίίεανθτίδν
2503 1540 2596 1596 ego
2638 1533 2687 1581 ⁸⁸
2716 1528 2861 1582 omni
2911 1530 3201 1600 ⁴Ῐ⁸⁸⁶⁸⁶⁸ί⁰η⁸
3232 1531 3539 1601 “be'amm'

278 1537 472 1589 :stium
534 1537 865 1597 talentorum
948 1546 1267 1617 negocistor
1338 1552 1670 1611 constitutus
1738 1555 1843 1624 sit,
1878 1580 1921 1636 Β

242 1624 425 1681 multo
454 1628 744 1689 sollicitius
769 1646 1042 1705 exerceat,
1073 1638 1150 1696 ita
1180 1648 1241 1696 ut
1274 1642 1521 1702 abbatias
1570 1655 1626 1703 et
1665 1651 1843 1706 eccle-

216 1716 362 1772 -sias
391 1718 535 1775 intra
560 1721 653 1755 ⁸³⁷³
673 1725 940 1784 diocesim
963 1745 1120 1788 suam
1148 1734 1305 1805 sitas,
1336 1753 1475 1810 quas
1508 1739 1653 1800 fmde
1692 1760 1845 1800 com-

219 1812 544 1880 paraverit,
578 1813 878 1877 ftedissime
897 1824 1114 1893 vendat,
1151 1835 1206 1884 et
1249 1828 1513 1888 familiam
1559 1834 1709 1908 (575)
1739 1837 1844 1894 Ba-

242 1900 642 1977 Bcnbergensis
676 1913 942 1983 ecclesia,
999 1920 1166 1989 paulo
1212 1931 1340 1980 ante
1369 1900 1841 1998 opulentissimam

239 2008 310 2050 ac
332 1996 493 2055 bonis
519 2000 617 2034 “7‘
656 2006 919 2063 omnibus
943 1996 1421 2087 ﬂorentissimam,
1457 2021 1525 2077 ad
1568 2039 1841 2082 summam

243 2088 516 2160 redegerit
551 2106 925 2166 paupertatem
964 2102 1182 2176 (Matth.
1229 2125 1326 2179 vn,
1385 2112 1509 2186 l5);
1540 2118 1667 2189 quia
1694 2135 1841 2178 nunc

244 2194 413 2251 super
465 2187 647 2243 omnia
705 2191 849 2248 mala
895 2210 1015 2264 sua,
1051 2206 1127 2254 uti
1164 2200 1222 2257 in
1264 2187 1603 2267 vestimentis
1652 2214 1838 2270 ovium

240 2267 470 2330 liberius
496 2277 739 2349 lupinam
766 2292 1320 2352 exerceat’leritatem
1339 2306 1394 2354 et
1412 2299 1628 2361 facilius
1646 2267 1842 2363 illudut

240 2364 575 2437 simplicium
593 2373 941 2449 innocentiae,
969 2386 1392 2460 transﬁguratus
1414 2396 1468 2450 in
1486 2400 1735 2470 angelum
1753 2402 1838 2456 lu-

242 2456 560 2561 cisangelus
574 2474 780 2525 satana:
801 2470 892 2543 (Il
911 2473 1034 2532 Cor.
1054 2493 1133 2547 χι,
1151 2456 1241 2553 1-4)
1256 2481 1485 2544 clericos
1499 2456 1707 2563 absque
1726 2494 1836 2550 ulla

241 2550 584 2613 discussione
605 2559 671 2616 de
692 2563 943 2623 ecclesiis
959 2569 1075 2627 suis
1095 2550 1296 2644 ejiciat,
1318 2585 1483 2650 atque
1507 2550 1764 2643 omnibus
1778 2586 1834 2642 in

230 2646 446 2713 quibus
494 2654 670 2720 possit
707 2656 845 2716 locis
884 2661 1055 2718 vitam
1112 2646 1495 2740 monasticam,
1553 2692 1663 2733 non
1721 2687 1833 2736 tam

230 2748 461 2797 amator
486 2746 767 2818 religionis
794 2767 961 2823 quam
992 2757 1256 2818 subdolus
1285 2762 1377 2797 ⁸³³⁷⁸
1418 2766 1724 2841 simulator,
1756 2773 1837 2829 in-

246 2831 452 2889 stituat.
484 2835 772 2898 Postremo
804 2860 901 2915 per
928 2845 1098 2904 Deum
1137 2855 1563 2926 omnipotentem
1604 2831 1834 2922 exorant

1946 1615 2153 1668 cunctis
2186 1616 2497 1672 criminibus
2528 1619 2721 1689 quibus
2772 1628 2822 1676 te
2853 1620 3185 1692 impetimus,
3215 1622 3541 1695 absolutam,

1944 1705 2317 1776 digmssmmm
2342 1708 2499 1777 plane
2524 1712 2830 1783 episcopatu
2882 1716 3288 1785 pronunciabo..
3333 1716 3428 1774 Ille
3461 1718 3544 1774 in-

1945 1799 2105 1855 solita
2136 1816 2196 1856 re
2218 1803 2671 1870 attonitus,.cum
2707 1805 2842 1876 quid
2869 1806 2976 1864 hoc
3003 1815 3180 1878 esset,
3210 1808 3357 1868 unde
3395 1823 3542 1868 nova

1944 1887 2062 1947 haec
2088 1900 2146 1948 et
2194 1892 2457 1950 inusitata
2502 1894 2718 1952 mitium
2758 1899 2993 1956 antehac
3016 1899 3347 1959 clericorum
3373 1916 3538 1974 aspe—

1943 1980 2081 2040 ritas
2107 1984 2445 2053 procederet,
2476 1987 2826 2046 turbulentus
2868 1990 3265 2062 sciscitaretur,
3295 2001 3352 2050 et
3373 1994 3540 2054 dictis

1940 2075 2224 2133 atrocibus
2274 2092 2537 2148 responsa
2578 2081 2853 2138 atrociora
2881 2083 3152 2153 redderet,
3200 2094 3426 2158 repente
3476 2086 3538 2146 in

1940 2166 2182 2224 medium
2211 2171 2516 2239 procedunt
2542 2172 2703 2245 legati
2721 2175 2867 2232 sedis
2894 2177 3211 2247 apostolicae
3234 2189 3309 2247 et,
3338 2186 3539 2250 prater

1940 2257 2154 2316 litteras
2190 2276 2332 2331 quas
2385 2265 2642 2322 manibus
2690 2265 3020 2338 praeferunt,
3051 2269 3172 2326 viva
3202 2285 3339 2329 voce
3363 2272 3418 2328 ei
3465 2288 3535 2329 ex

1939 2352 2164 2409 nomine
2220 2351 2457 2411 Romani
2505 2357 2781 2427 pontiﬁcis
2831 2359 3168 2419 denunciant
3212 2371 3275 2420 ut
3320 2364 3530 2422 nullum

1937 2443 2196 2516 deinceps
2246 2448 2576 2516 pontiﬁcalis
2612 2450 2777 2508 oliicii
2819 2452 2915 2522 jus
2966 2462 3403 2528 potestatemque
3439 2458 3511 2514 ha

1937 2533 2091 2601 beat,
2156 2537 2403 2611 sciatque
2458 2558 2518 2599 se
2570 2545 2885 2614 apostolicae
2940 2549 3531 2606 excommunicationis

1922 2627 2128 2699 gladio
2141 2631 2210 2686 dc
2236 2646 2467 2703 corpore
2491 2635 2819 2694 universalis
2854 2638 3101 2695 ecclesiae
3125 2641 3416 2711 machum
3437 2642 3530 2674 tau

1934 2734 2078 2789 esse,
2107 2727 2574 2797 propterea-quod
2621 2728 2896 2799 obiectum
2943 2731 3050 2787 sibi
3102 2732 3312 2788 crimen
3364 2733 3530 2789 simo-

1935 2812 2106 2869 niacae
2134 2815 2415 2885 hereseos,
2444 2818 2646 2876 totiens
2670 2823 2987 2891 apostolicis
3018 2824 3265 2895 epistolis
3293 2824 3526 2882 Romam

238 2934 306 2979 ut
324 2967 338 2990 ,
367 2929 587 2986 tandem
616 2911 912 3006 aliquando
931 2911 1345 3015 expergefactus
1366 2993 1380 3017 ,
1416 2950 1605 3011 Simon
1635 2955 1831 3018 Petrus
1857 2930 1900 2989 (δ
1932 2914 2476 3018 iis“
2503 2911 2826 3018 ‘1in.
2845 2913 3381 3018 Frangam—eumn
3408 2918 3523 2975 de-

246 3018 497 3077 baculum
528 3030 820 3094 pastoralis
850 3034 953 3089 zeli
981 3046 1169 3091 exerat
1193 3048 1384 3097 contra
1414 3045 1600 3115 lupum
1631 3049 1833 3122 impro-

236 3112 313 3168 be
354 3116 650 3185 rapientem
692 3132 757 3185 et,
809 3125 1208 3201 dispergentem
1250 3148 1381 3191 oves
1410 3112 1591 3209 (lacn.
1641 3112 1827 3219 xii?)

248 3204 369 3273 Dei;
399 3216 453 3264 et
490 3209 787 3272 Simonem»
818 3234 1038 3293 magum
1070 3221 1210 3296 (Act.
1250 3243 1368 3297 vm,
1401 3204 1454 3299 9,
1488 3232 1597 3305 l8),
1634 3204 1829 3293 iterum

248 3297 553 3359 inecclcsia
580 3305 677 3362 Dei
706 3314 1202 3373 nummulariorum
1230 3335 1451 3378 mensas
1476 3324 1692 3396 (Matth.
1713 3346 1826 3399 xxr,

249 3390 335 3462 12)
363 3402 416 3447 et
441 3411 996 3475 tera-proponentem,
1030 3424 1155 3464 cum
1178 3415 1410 3482 pecunia
1439 3390 1537 3472 sua
1567 3420 1745 3477 mittat
1771 3390 1828 3480 in

248 3486 619 3555 perditionem.
654 3494 935 3556 Romanus
962 3503 1205 3572 pontifex
1242 3506 1357 3577 jam
1400 3511 1609 3580 pridem
1639 3530 1765 3572 eum
1794 3535 1827 3575 a

248 3580 384 3635 sacri
411 3582 600 3641 altaris
629 3588 936 3648 ministerio
957 3599 1335 3666 suspenderat.
1363 3600 1623 3661 Praesenti
1643 3619 1825 3667 autem

241 3672 506 3731 relatione
534 3679 809 3751 eﬂ'eratus,
854 3686 1060 3757 absque
1101 3690 1364 3750 dilatione
1390 3702 1829 3759 excommunica-

241 3764 322 3819 'vit
346 3783 492 3836 eum,
536 3787 600 3827 ea
631 3776 839 3832 scilicet
889 3794 953 3833 ex
997 3796 1165 3838 causa
1194 3786 1361 3855 quod,
1392 3788 1459 3843 de
1487 3793 1825 3861 gravissimis

249 3858 560 3919 criminibus
583 3865 695 3935 jam
724 3870 853 3924 olim
886 3882 1175 3932 accusatus
1204 3885 1257 3931 et
1285 3887 1346 3933 ut
1373 3895 1593 3938 causam
1621 3885 1825 3945 diceret

251 3952 431 4009 crebro
477 3970 574 4025 per
601 3959 877 4018 biennium
898 3964 1138 4023 ‘Romam
1169 3980 1447 4041 evocatus,
1478 3977 1661 4033 venire
1698 3996 1826 4037 (ξοη-

250 4046 567 4114 tempsisset.
598 4050 824 4110 Clericis
851 4072 1090 4129 quoque,
1123 4061 1218 4131 qui
1247 4078 1304 4119 se
1330 4078 1427 4135 per
1453 4071 1822 4140 calumpniam

252 4148 493 4214 expulsos
521 4154 905 4225 querebantur,
935 4160 1221 4217 ecclesiam
1250 4180 1406 4224 suam
1439 4169 1650 4224 restitui
1678 4188 1821 4241 prte-

250 4249 396 4318 cepit,
427 4261 479 4307 et
520 4255 803 4316 destinatis
845 4263 913 4317 ad
954 4264 1160 4319 clerum
1201 4265 1703 4342 Babenbergenscm
1741 4275 1898 4333 lit-‘D

246 4348 370 4410 teris
407 4359 684 4416 mandavit
728 4372 788 4418 ut
816 4381 875 4420 se
920 4382 951 4420 a
993 4369 1383 4425 communione
1409 4372 1555 4429 illius
1583 4376 1817 4455 abstine—

253 4454 377 4514 rent,
409 4459 747 4511 contestatus
773 4473 937 4528 quam
982 4469 1187 4527 sancte,
1230 4463 1397 4532 quod,
1446 4465 1492 4519 si
1527 4466 1618 4498 ¹³⁷⁶
1667 4485 1817 4524 com-

252 4538 551 4598 munionem
599 4546 913 4617 aliquando,
954 4559 1011 4606 at
1056 4552 1146 4585 ¹⁸⁷⁷
1200 4556 1598 4625 pontificatum,
1650 4577 1814 4633 quem

244 4632 423 4688 contra
475 4638 870 4699 ecclesiasticas
923 4644 1069 4717 leges
1124 4647 1436 4717 invasisset,
1512 4669 1821 4725 numquam.

252 4721 486 4798 deinceps
540 4746 599 4785 se
636 4734 1104 4807 viro-recepturus
1132 4740 1275 4797 foret
1305 4741 1475 4813 (576).
1507 4721 1681 4811 Quod
1718 4747 1813 4802 ubi

252 4815 445 4873 clericis
486 4818 1022 4900 Babenbergensibus
1061 4830 1223 4905 legati
1255 4833 1360 4890 sui.
1387 4837 1713 4906 retulerunt,
1759 4845 1815 4897 et

1933 2995 2062 3059 ricis
2086 2996 2651 3075 Babenbergensibus,
2681 3014 2743 3061 ut
2768 3007 2978 3067 nullum
3002 3010 3148 3066 ultra
3161 3010 3213 3066 ei
3240 3018 3522 3083 tamquam

1931 3087 2485 3159 episcopohonorem
2515 3099 2984 3172 reverentiamque
3006 3100 3275 3171 deferant,
3319 3104 3413 3159 sed
3451 3103 3527 3160 ab

1932 3178 2053 3249 ejus
2079 3184 2471 3243 communione
2496 3189 2651 3245 omni
2677 3191 2844 3247 modo
2889 3193 2979 3226 ¹⁸⁷⁹
3005 3210 3065 3251 se
3089 3194 3421 3263 abstineant,
3452 3211 3525 3253 ne

1930 3269 2256 3343 deprehensi
2305 3285 2584 3351 tamquam
2611 3283 3005 3341 ecclesiasticae
3020 3287 3321 3345 sanctionis
3345 3296 3522 3346 trans-

1930 3378 2235 3435 gressores,
2291 3368 2528 3429 similem
2588 3389 2716 3431 cum
2764 3391 2832 3432 eo
2859 3376 3279 3438 sortiantur!”
3303 3395 3521 3436 escom-

1929 3459 2318 3519 muuicationis
2343 3464 2659 3523 vindictam.
2690 3465 2771 3524 lbi
2812 3470 3051 3540 primum
3092 3471 3386 3543 episcopus
3409 3474 3519 3529 eir-

1928 3561 2278 3610 cumventum
2324 3571 2384 3612 se
2426 3556 2617 3617 fraude
2642 3560 2967 3619 clericorum
2997 3578 3224 3620 suorum
3262 3566 3515 3624 advertit.

1927 3639 2140 3708 Quibus
2167 3646 2368 3704 acriter
2414 3650 2791 3709 insistentibus
2846 3663 2909 3713 ut
2948 3656 3291 3727 quantocius
3307 3659 3519 3729 episco-

1926 3743 2058 3803 patu
2087 3737 2375 3799 abdicatus
2413 3743 2753 3814 abscederet,
2782 3761 2908 3803 cum
2934 3748 3082 3804 nulla
3108 3751 3323 3806 ratione
3357 3751 3517 3810 satis-

1924 3824 2106 3885 facere
2137 3841 2342 3902 posset,
2391 3848 2811 3911 assererentque
2849 3840 2953 3896 sub
2989 3841 3370 3900 testiﬁcatione
3411 3858 3515 3900 no-

1923 3920 2090 3977 minis
2118 3924 2287 3981 divini
2328 3928 2541 3985 nullum
2566 3946 2627 3987 sc
2654 3931 2711 3986 in
2737 3933 2973 3990 ecclesia
2998 3948 3138 4005 opus
3166 3933 3260 3990 Dei
3289 3944 3513 3992 acturos

1921 4010 2063 4082 fore,
2093 4014 2214 4085 ipso
2273 4018 2327 4073 in
2372 4036 2436 4075 ea
2466 4023 2791 4091 persistente
2831 4044 2843 4080 :
2872 4024 3114 4081 incertus
3137 4032 3510 4097 confususque

1924 4106 2091 4162 animi
2121 4109 2272 4164 misit
2296 4112 2363 4166 ad
2391 4113 2708 4185 episcopum
2742 4115 3141 4187 Mogontinum,
3181 4118 3504 4175 fidissimum

1924 4197 2028 4253 sibi
2054 4201 2315 4269 amicum,
2341 4219 2503 4273 quem
2553 4209 2741 4264 multis
2766 4224 2910 4278 sepe
2948 4210 3224 4266 beneficiis
3250 4211 3503 4282 privatim

1921 4296 1975 4343 et
1997 4290 2207 4359 publice
2244 4294 2350 4349 sibi
2373 4296 2726 4366 devinxissct,
2767 4301 2971 4371 quique
3009 4303 3255 4358 omnium
3284 4320 3409 4374 qua:
3447 4303 3506 4360 in

1884 4452 1887 4455 η
1919 4380 2258 4460 adquirendo
2307 4388 2389 4441 vel
2421 4388 2851 4447 administrando
2878 4393 3194 4465 episcopatu
3220 4406 3501 4466 gessrsset,

1918 4474 2172 4530 conscius
2207 4477 2312 4533 sibi
2336 4481 2716 4555 particepsque
2751 4485 3040 4553 extitisset,
3085 4496 3403 4559 rogantque
3440 4497 3504 4545 ut

1916 4581 2081 4636 quam
2111 4568 2374 4626 citissime
2404 4574 2641 4643 veniret,
2684 4586 2739 4631 et
2769 4578 3189 4635 tumultuantem
3230 4579 3505 4638 intestinis

1916 4656 2285 4718 simultatibus
2324 4662 2532 4721 clerum
2587 4683 2812 4739 quoquo
2865 4678 3052 4739 posset
3092 4671 3254 4726 modo
3275 4686 3503 4741 compe-

1918 4760 2111 4807 sceret.
2151 4753 2242 4809 llle
2267 4756 2404 4811 nihil
2444 4769 2690 4815 moratus
2744 4761 2916 4827 aﬂ'uit,
2953 4762 3187 4833 egitque,
3227 4770 3285 4816 ut
3336 4777 3512 4834 roga-

1918 4841 2105 4920 batur,
2125 4863 2255 4904 cum
2297 4847 2532 4920 clericis,
2564 4868 2657 4922 ne,
2701 4854 2855 4911 obliti
2880 4854 3105 4925 pudoris
3127 4870 3190 4911 ac
3222 4853 3517 4918 modestia:

1523 4991 1761 5049 VARIIE
1800 4992 2205 5061 LECTIONES.

313 5087 394 5161 {’7’
430 5097 860 5155 communicione
898 5098 947 5153 4.
1038 5098 1137 5140 ³³⁷³
1160 5105 1308 5161 inter
1333 5100 1387 5155 4.

258 5155 645 5227 ¹³”⁸ρι·θεοὶευηι
672 5168 722 5222 5.
791 5168 883 5203 ⁸³⁷⁸
919 5155 1268 5235 omnino—lii
1321 5171 1414 5205 ¹³⁸⁰
1457 5190 1576 5231 cxc.
1609 5185 1746 5234 sort.
1790 5176 1844 5232 4.

1489 5103 1583 5137 ⁸³⁷⁸
1622 5121 1675 5161 o.
1716 5105 1876 5162 bonis
1915 5108 1967 5164 5.

2070 5116 2163 5150 ³³⁷⁸
2204 5116 2436 5174 sudolus
2475 5119 2529 5175 5.
2636 5124 2728 5159 ¹³⁷⁶
2772 5120 3003 5178 deletum
3043 5122 3095 5177 5.
3196 5119 3286 5152 ”"
3315 5129 3416 5177 aut
3458 5126 3531 5189 5.

1745 5292 1992 5355 ΝΟΤΛΕσ
