4050 5358
510 251 648 305 H75
1668 242 2019 297 IASIBERTI
2052 242 2109 294 Hi

2207 241 2610 301 SFELDENSIS
3164 287 3174 298 .
3656 242 3688 293 1
3708 239 3819 294 176

507 343 642 427 suae,
672 359 729 414 in
775 357 1091 427 episcopum
1127 370 1313 418 suum,
1356 368 1517 423 quem
1553 362 1771 424 propter
1803 354 1971 408 Deum
1999 370 2088 423 pa-
2116 354 2161 408 A
2188 355 2585 431 promulgatam
2622 356 2884 412 adversus
2901 373 3025 413 eum
3049 357 3365 427 apostolica:
3388 354 3819 413 excommuni—

506 451 609 505 tris
632 450 754 505 loco
781 448 1027 505 venerari
1053 447 1388 512 debuissent,
1424 446 1541 498 sine
1563 430 1729 500 causa
1764 446 2084 500 cxardesce-
2192 430 2429 502 cationis
2473 448 2798 502 sententiam
2823 449 3077 505 omnibus
3116 447 3403 504 Teutonici
3436 446 3605 519 regni
3636 446 3817 517 prin-

510 549 654 608 reut,
697 557 822 598 cum
849 556 943 596 eos
986 555 1087 595 nec
1112 539 1257 595 dicto
1301 554 1399 592 nec
1435 536 1608 604 facto,
1654 538 1799 608 quod
1835 538 1983 607 justo
2028 538 2085 592 in
2189 537 2403 607 cipibus
2429 546 2616 594 notam
2651 538 2872 607 faceret,
2905 549 2979 606 et,
3003 557 3127 596 cum
3158 542 3398 611 primum
3421 539 3814 596 conﬁcienda:

507 634 785 704 querelam
821 647 1019 687 vocare
1042 639 1286 702 possent,
1326 630 1505 685 sciens
1531 638 1901 699 provocasset,
1929 630 2013 684 vel
2037 630 2084 685 si
2190 629 2268 683 rei
2327 632 2588 701 temporis
2618 634 2964 703 oportunitas
3004 634 3300 696 arrisisset,
3351 634 3531 688 alium
3590 647 3704 702 pro
3743 646 3816 685 eo

455 783 458 786 .
508 726 641 798 quid
666 725 811 796 quod
838 738 935 781 eos
970 723 1187 780 laederet
1248 721 1389 777 forte
1428 721 1631 777 inscius
1655 721 1983 788 admisisset,
2027 737 2088 777 se
2188 720 2727 794 Babenhergensibus
2772 727 3087 796 episcopum
3140 726 3443 780 ordinaret.
3493 723 3667 791 Quod
3710 723 3813 776 ubi

507 817 791 889 cognitore
812 823 978 886 atque
1008 817 1215 871 arbitro
1260 822 1485 884 paratus
1519 822 1663 868 esset
1692 814 1886 883 quovis
1921 814 2086 869 modo
2186 812 2626 887 Babenhergensi
2675 819 2933 888 episcopo
2996 826 3337 887 cumpertum
3396 824 3517 883 est,
3576 815 3813 869 nullam

507 908 825 967 satisfacere
889 907 1146 974 offensis;
1175 912 1481 977 parcerent,
1537 904 1584 960 si
1632 904 1814 960 minus
1857 905 1976 974 ejus
2003 904 2088 959 in-
2185 905 2441 977 deinceps
2489 925 2640 978 spem
2676 912 2779 965 sibi
2822 912 3088 981 reliquam
3139 911 3244 966 nisi
3269 911 3322 966 in
3347 909 3657 966 clementia
3680 907 3809 961 Ro-

507 1001 794 1065 nocentiae,
819 1006 876 1055 at
908 1000 1107 1055 honori
1135 1009 1299 1069 atque
1319 996 1709 1052 existimationi
1738 997 1988 1067 proprite,
2019 1012 2090 1052 ne
2189 999 2338 1053 mani
2376 1002 2648 1070 pontiﬁcis
2698 1002 2817 1058 fore
2847 1011 3019 1070 ratus,
3061 1003 3351 1058 conductis
3395 1002 3494 1073 qui
3554 1017 3803 1056 causam

508 1094 575 1153 ad
595 1092 1058 1162 contempnendos
1078 1093 1363 1162 episc0pos
1407 1104 1537 1144 suos
1567 1089 1735 1145 ceteri
1765 1104 1861 1159 per
1899 1088 2086 1144 orbem
2158 1138 2159 1141 η
2188 1104 2346 1145 suam
2376 1094 2520 1162 apud
2543 1094 2729 1150 sedem
2756 1096 3111 1165 apostolicam
3151 1095 3366 1150 dicendi
3402 1103 3525 1151 arte
3560 1102 3811 1148 tueren-

511 1198 781 1246 terrarum
815 1185 999 1240 clerici
1049 1186 1155 1240 hoc
1195 1183 1569 1239 animarentur
1602 1181 1869 1251 exemplo,
1907 1189 1961 1235 ct
2002 1197 2089 1236 re—
2190 1191 2299 1241 tur.
2332 1186 2562 1239 Romam
2582 1186 2854 1255 perrexit.
2899 1186 3004 1243 Sed
3048 1186 3282 1243 Romani
3317 1186 3609 1257 pontiﬁcis
3668 1201 3811 1240 con-

465 1341 470 1345 ν
508 1276 760 1343 bellionis
790 1286 953 1347 atque
998 1276 1355 1332 contumacia:
1401 1276 1659 1345 pestilens
1708 1274 1797 1329 hic
1840 1275 2086 1344 morbus,
2189 1277 2388 1331 stantia
2410 1285 2465 1332 et
2492 1278 2725 1335 invictus
2743 1280 3006 1335 adversus
3028 1279 3323 1335 avarieiam
3345 1279 3577 1333 animus
3600 1277 3802 1331 omnia

464 1418 469 1423 .
502 1368 1343 1440 sumptoaBabenbergensibus
1384 1367 1540 1422 initio
1578 1368 1691 1433 κει,
1746 1375 1920 1422 totum
1968 1367 2088 1421 inti-
2189 1369 2509 1427 excludebat
2546 1382 2866 1443 argumenta
2907 1373 3162 1428 humanae
3205 1371 3457 1427 fallaciae.
3500 1369 3704 1425 Multis
3734 1368 3819 1423 la-

508 1472 654 1519 ceret
673 1478 873 1532 corpus
909 1463 1087 1533 gregis
1113 1460 1391 1517 dominici.
1438 1458 1583 1514 Nihil
1621 1460 1696 1514 illi
1746 1460 2086 1529 placationis,
2190 1463 2416 1534 crymis,
2444 1464 2631 1519 multis
2656 1465 3166 1534 supplicationibus,
3188 1465 3379 1519 multis
3400 1463 3494 1496 ¹⁸⁹¹
3517 1461 3812 1518 rethor-ia

510 1556 643 1613 nihil
676 1555 971 1610 laxamenti
1005 1554 1369 1619 admittentes,
1407 1552 1746 1622 gravissimis
1777 1568 1902 1606 cum
1953 1568 2089 1606 con-
2191 1562 2307 1610 arte
2330 1556 2647 1627 compositis
2674 1558 3179 1628 disceptationibus,
3212 1557 3301 1611 vix
3318 1558 3430 1612 hoc
3446 1555 3645 1612 solum
3660 1554 3815 1610 obti-

474 1650 665 1717 ,viciis
693 1648 1065 1714 conl‘umruut,
1092 1647 1395 1717 justissime
1434 1645 1523 1677 ¹²⁸¹
1576 1645 1837 1710 dicentes,
1865 1643 1919 1698 in
1963 1660 2089 1699 eum
2129 1692 2172 1719 ι,
2197 1650 3817 1719 nuit',uteaconditioneanathemateabsolveretur,quate-

474 1803 479 1809 ,
510 1758 729 1814 quoque
756 1743 1068 1813 apostolicae
1091 1738 1676 1797 exconnnunieationis
1693 1738 1983 1792 anathema
2008 1737 2097 1769 ³³⁸³
2130 1737 2173 1749 ”
2203 1743 2431 1811 nus,ubi
2445 1743 2784 1813 primumum
2804 1743 2857 1798 in
2872 1740 3817 1814 patriamredisset,monasterium

472 1878 479 1883 .
512 1834 806 1904 procedere
831 1835 1083 1890 debuisse
1116 1834 1236 1901 ιω,
1263 1834 1356 1903 qui
1384 1833 1661 1887 hominem
1689 1831 1945 1887 omnibus
1973 1846 2102 1901 pro-
2202 1834 2595 1907 ingrederetur,
2613 1846 2776 1907 atque
2801 1836 2875 1891 ibi
2902 1836 3180 1906 deinceps,
3202 1852 3234 1890 a
3263 1832 3486 1891 cunctis
3515 1835 3576 1888 in
3611 1846 3821 1903 perpe-

509 1928 626 1984 bris
652 1927 974 1983 infamatum
1000 1936 1055 1982 et
1075 1927 1208 1982 nihil
1242 1927 1297 1981 in
1332 1926 1598 1991 moribus,
1630 1925 1765 1979 nihil
1782 1924 1839 1979 in
1872 1923 2099 1980 scientia
2202 1935 2353 1983 tuum
2380 1929 2548 1984 seculi
2577 1930 2791 1985 actibus
2814 1927 3060 1995 feriatus,
3090 1927 3523 1984 scandalizatam
3561 1940 3677 1982 sua
3700 1939 3825 1979 am-

478 2064 485 2071 .
509 2021 737 2079 discum
767 2020 1074 2077 sacerdotio
1107 2020 1448 2085 alierentem,
1477 2034 1574 2088 per
1603 2019 1959 2073 simoniacam
2001 2019 2100 2072 he-
2202 2020 2406 2076 hitione
2436 2020 2736 2077 Ecclesiam
2767 2021 2933 2092 digna
2956 2020 3333 2077 satisfactione
3368 2018 3607 2075 defieret
3633 2015 3814 2088 (ὄπ).

511 2114 678 2168 resim
741 2116 1057 2183 episcopum
1113 2112 1453 2177 ordinasset;
1500 2126 1603 2165 nec
1648 2111 1715 2165 ad
1759 2110 2100 2166 excusandas
2202 2111 2279 2168 Ita
2306 2129 2590 2185 regressus
2618 2114 2674 2168 in
2705 2114 2961 2184 patriam,
3005 2112 3313 2183 eumjussa
3341 2111 3594 2167 Romani
3630 2106 3820 2180 ponti-

510 2206 894 2262 accusationes
927 2205 1017 2236 "’3‘
1043 2205 1098 2259 in
1129 2202 1366 2274 peccatis
1413 2204 1709 2259 obtendere
1736 2218 1901 2273 posse
1946 2204 2101 2273 igno-
2145 2235 2153 2242 -
2200 2206 2319 2279 ficis
2342 2207 2695 2262 retulissetad
2731 2206 2930 2262 milites
2959 2220 3114 2273 suos,
3141 2205 3348 2276 quibus
3389 2219 3454 2261 se
3489 2202 3682 2258 multa
3710 2199 3821 2254 lar—

511 2299 773 2358 rantiam.
798 2314 923 2354 cum
961 2306 1117 2354 actus
1145 2297 1264 2367 ejus
1291 2311 1622 2366 omnemque
1650 2297 1774 2351 vitae
1802 2296 2101 2350 institutio—
2202 2298 2403 2368 gitioue
2437 2300 2730 2354 admodum
2770 2299 3085 2369 popularem
3130 2306 3535 2368 acceptumque
3582 2293 3817 2358 fecerat,

511 2405 659 2456 nem,
689 2401 968 2461 tamquam
995 2391 1092 2461 qui
1118 2392 1170 2445 in
1209 2391 1420 2445 laribus
1449 2390 1567 2444 suis
1591 2388 1685 2443 diu
1731 2387 2098 2443 familiarissi-
2200 2392 2548 2455 vehementer
2588 2392 2907 2451 restiterunt
2949 2391 3063 2459 ‘3”,
3093 2389 3552 2462 indignissimum
3585 2385 3717 2445 fore
3736 2383 3819 2439 di-

510 2500 599 2540 me
628 2486 951 2541 obscrvatus
983 2485 1076 2551 sit,
1122 2484 1325 2554 optime
1362 2481 1741 2552 cognovisset:
1768 2489 1820 2535 ct
1845 2481 2100 2535 omnibus
2201 2492 2387 2539 centes
2417 2493 2471 2539 et
2498 2484 2645 2539 nulla
2672 2492 2821 2540 retro
2859 2484 3132 2554 majorum
3163 2482 3431 2539 memoria
3475 2482 3535 2536 in
3557 2477 3818 2535 ecclesiis

509 2591 634 2645 qua:
660 2579 715 2633 in
759 2566 1058 2633 coemendo
1094 2576 1409 2647 episcopatu
1445 2583 1566 2629 acta
1612 2574 1722 2628 sint
1749 2572 1962 2628 medius
1985 2573 2100 2642 ipse
2200 2574 2500 2632 Galliarum
2524 2577 2628 2631 hoc
2647 2577 2932 2644 accidisse,
2965 2585 3028 2632 ut
3053 2576 3174 2633 sine
3190 2575 3415 2647 publica
3444 2572 3818 2629 audientiaet

509 2678 673 2740 atque
716 2670 943 2725 intimus
979 2668 1331 2724 interfuisset.
1386 2666 1587 2722 Videas
1633 2666 2097 2735 archiepiscopus,
2200 2668 2463 2723 canonica
2486 2668 2852 2735 discussione,
2892 2669 3041 2739 quod
3064 2669 3397 2725 necintimis
3427 2666 3664 2738 quidem
3688 2678 3815 2735 gra-

510 2763 820 2820 obstinatos
850 2762 905 2817 in
941 2762 1291 2817 contentione
1311 2760 1542 2815 clericos
1574 2759 1720 2812 nulla
1756 2758 1965 2813 ratione
1995 2757 2099 2811 ηιξ-ο
2200 2761 2361 2817 dibus
2388 2769 2745 2832 competeret,
2770 2763 3062 2834 episcopus
3088 2762 3490 2833 deponeretur;
3529 2773 3653 2812 non
3673 2757 3815 2811 hanc

492 2855 673 2925 ligari
708 2856 798 2888 ³³⁸³
833 2871 1020 2925 posse,
1081 2872 1148 2908 ne
1194 2854 1326 2923 quid
1356 2868 1455 2923 p10
1496 2852 1676 2906 amico
1709 2866 1811 2906 suo
1836 2851 2099 2904 intactum
2200 2854 2466 2923 privatam
2499 2854 2646 2909 illius
2671 2870 2795 2914 esse
2822 2855 3105 2925 injuriam,
3131 2854 3197 2909 ad
3229 2866 3595 2908 communem
3620 2848 3819 2920 pocius

511 2948 1011 3017 intemptatumque
1042 2947 1393 3015 relinqueret,
1440 2952 1724 3013 assumpto
1751 2958 1837 3009 eo,
1870 2941 2099 2996 Romam
2203 2955 2449 3016 Spectare
2489 2947 2881 3003 contumeliam
2909 2947 3181 3014 omnium,
3213 2946 3311 3017 qui
3340 2943 3567 2999 tuenda:
3600 2940 3817 2995 Baben-

514 3040 595 3094 ire
623 3040 848 3103 statuit,
885 3054 1113 3108 sperans
1160 3037 1467 3092 Romanum
1515 3037 1823 3106 pontiﬁcem
1875 3035 1958 3089 vel
2007 3050 2101 3103 pe-
2130 3035 2170 3092 C
2204 3038 2484 3110 bergcnsis
2516 3040 2761 3095 ecclesia:
2801 3040 3052 3111 dignitati
3080 3053 3307 3109 operam
3356 3052 3522 3093 suam
3552 3034 3816 3091 deberent

2129 1692 2174 1749 B

512 3131 679 3187 cunia
725 3132 810 3185 vel
859 3132 1252 3201 supplicatione
1312 3130 1612 3201 expugnari
1659 3145 1848 3199 posse,
1879 3136 1937 3181 ut
1974 3142 2101 3181 eum

513 3223 743 3276 crimine
764 3232 927 3293 atque
951 3226 1294 3279 anathemate
1317 3223 1640 3278 absolveret.
1674 3220 1779 3277 Sed
1804 3222 1945 3275 inter
1968 3235 2106 3274 eun-
2130 3282 2136 3287 _

521 3318 654 3393 dum
691 3326 951 3382 reputans
990 3317 1123 3371 bant
1166 3317 1301 3372 satis
1339 3316 1426 3348 ⁸³³⁷
1467 3324 1644 3369 tutum
1693 3330 1813 3370 esse
1849 3321 1911 3369 ut
1951 3328 2100 3380 eum,

517 3425 804 3479 nonprms
828 3408 1113 3478 explorato
1160 3408 1391 3463 Romani
1434 3407 1711 3478 pontificis
1755 3406 1961 3470 animo,
1988 3404 2103 3460 Ro-

515 3517 661 3557 mam
688 3500 1028 3571 perduecret,
1059 3501 1238 3557 suasit
1265 3501 1336 3566 ei,
1386 3500 1441 3554 in
1498 3499 1823 3554 extrinsccis
1857 3499 2105 3553 ecclesiae
2141 3568 2145 3572 I

513 3592 982 3665 Babenbergensis
1006 3592 1448 3664 possessionibus
1480 3592 1713 3647 reditum
1760 3606 1920 3647 suum
1966 3606 2105 3660 prte-

516 3685 735 3751 stolari;
759 3694 813 3740 et
848 3684 962 3755 ipse
991 3701 1115 3740 cum
1156 3685 1368 3755 paucis,
1401 3691 1461 3738 ut
1500 3685 1829 3748 instituerat,
1856 3683 2105 3738 concitus

440 3798 447 3801 Α
520 3777 750 3835 Romam
782 3778 1077 3832 contendit.
1115 3776 1236 3843 Quo
1277 3778 1406 3829 ιὶωη
1449 3777 1715 3842 venisset,
1755 3777 1843 3830 vix
1876 3782 1931 3831 et
1966 3790 2107 3844 :egre

508 3878 579 3923 .ut
599 3887 627 3923 a
658 3868 906 3923 Romano
932 3869 1185 3938 pontiﬁce
1220 3869 1274 3922 in
1329 3869 1769 3923 communionem
1798 3868 2104 3936 suscipere-

513 3970 611 4017 tur
632 3960 887 4026 obtinuit,
909 3967 982 4027 et,
1011 3961 1106 4030 qui
1133 3959 1341 4015 alienis.
1359 3961 1451 3992 “5"
1479 3960 2103 4029 criminibuspatronum

516 4065 582 4109 se
624 4060 931 4121 paraverat,
986 4052 1101 4121 ipse
1141 4052 1207 4107 de
1257 4050 1493 4121 pmpriis
1548 4051 1918 4115 insimulatus,
1959 4050 2106 4119 quod

518 4141 1021 4215 Babenbergensem
1088 4144 1177 4176 “3"
1221 4144 1539 4213 episcopum
1595 4158 1691 4211 per
1747 4142 2104 4197 simoniacam

521 4235 756 4293 heresim
786 4235 964 4291 sciens
991 4235 1318 4302 ordinasset,
1365 4250 1502 4305 pene
1536 4235 1736 4305 gradus
1764 4234 1850 4289 sui
1892 4234 2107 4303 pericu-

522 4326 635 4385 lum
664 4327 987 4381 incurrerat.
1030 4326 1111 4381 Ad
1154 4328 1406 4381 ultimum
1444 4326 1739 4382 discedenti
1772 4326 1990 4396 jussum
2021 4336 2107 4382 est

520 4427 583 4472 ut
618 4420 687 4474 ab
725 4420 844 4488 ejus
870 4420 1257 4474 communione
1305 4419 1531 4473 omnino
1566 4418 1654 4450 ³³³⁸
1710 4419 2025 4485 abstineret,
2056 4428 2109 4473 et

2203 3140 2256 3188 et
2293 3133 2413 3200 ejus
2449 3132 2706 3203 episeopo
2742 3133 2847 3187 sub
2878 3131 3242 3203 jurejurando
3289 3129 3458 3186 tidem
3502 3127 3815 3189 dixissent;

2203 3233 2258 3280 et
2286 3224 2407 3280 ideo
2441 3233 2683 3279 extrema
2712 3224 2897 3279 omnia
2932 3225 3085 3294 prius
3106 3238 3165 3280 se
3193 3222 3647 3293 m‘experturcs
3672 3234 3815 3282 esse,

2204 3333 2369 3388 quam
2402 3326 2679 3371 servatum
2708 3317 2775 3371 ad
2804 3332 2905 3371 sua
2929 3324 3177 3386 tempora
3225 3314 3379 3369 illius
3417 3313 3681 3370 ecclesia:
3713 3310 3813 3364 ho-

2206 3425 2394 3464 norem
2446 3409 2689 3462 sinerent
2742 3406 3047 3463 foedissimo
3098 3406 3205 3462 hoc
3249 3406 3508 3475 exemplo
3540 3400 3815 3460 contami-

2207 3501 2345 3555 nari.
2376 3499 2471 3555 llis
2494 3500 2583 3553 ille
2610 3499 2902 3569 promissis
2945 3498 3244 3564 animatus,
3292 3497 3553 3567 neglecto
3578 3492 3811 3549 Romani

2206 3592 2478 3663 pontiﬁcis
2509 3592 2752 3659 decreto,
2803 3590 3122 3662 Babenberg
3166 3589 3351 3656 rediit,
3388 3589 3585 3657 ibique
3611 3587 3648 3642 -1
3674 3585 3755 3641 vel
3780 3584 3812 3638 5

2206 3684 2537 3739 ebdomadas
2571 3691 2968 3749 commoratus,
3004 3690 3203 3754 prteter
3238 3681 3435 3736 altaris
3465 3679 3735 3741 cilicium,
3758 3677 3809 3729 in

2207 3776 2401 3831 ceteris
2426 3776 2707 3842 omnibus,
2737 3791 2862 3846 qua:
2884 3775 3094 3831 scilicet
3127 3774 3194 3829 ad
3225 3773 3566 3830 exteriorem
3598 3772 3811 3842 episco-

2207 3869 2283 3938 pii
2298 3868 2824 3922 administrationem
2841 3868 3205 3938 pertinebant,
3220 3864 3695 3934 nullomodojure
3715 3874 3811 3915 suo

2208 3960 2450 4027 cedebat,
2500 3959 2712 4014 irritam
2795 3968 3063 4029 reputans
3134 3956 3811 4014 exeommunieationem,

2207 4068 2372 4121 quam
2410 4066 2520 4104 non
2554 4050 2815 4106 canonice
2873 4050 2929 4104 in
2965 4066 3025 4105 se
3072 4049 3485 4120 promulgatam
3522 4044 3809 4102 cavillaha-

2210 4154 2315 4197 tur.
2342 4141 2552 4209 Quibus
2573 4142 2766 4197 diebus
2797 4142 2854 4196 in
2878 4142 3097 4196 civitate
3123 4138 3574 4210 Babcnbergensi
3606 4137 3808 4192 nullum

2208 4235 2421 4306 publice
2446 4242 2630 4288 actum
2682 4242 2768 4288 est
2811 4249 2952 4303 opus
2994 4232 3113 4300 Dei,
3155 4232 3376 4288 clericis
3416 4228 3810 4301 refugientibus

2211 4335 2372 4396 atque
2431 4325 2657 4380 omnino
2720 4326 3106 4379 execrantibus
3149 4324 3610 4380 communionem
3677 4321 3806 4390 ejus.

2217 4418 2465 4473 Ceterum
2567 4417 2655 4448 '3"
2726 4417 2846 4486 ejus
2896 4417 3023 4470 anni
3091 4424 3303 4487 partem
3374 4416 3433 4470 in
3490 4410 3813 4470 extrinsccis

1812 4553 2046 4609 VARUS
2086 4551 2489 4611 LECTIONES.

531 4661 535 4666 ‘
599 4646 688 4676 ³³⁸⁸
714 4648 961 4715 exemplo
992 4647 1073 4700 vel
1106 4647 1139 4700 i.
1174 4646 1226 4699 5.
1288 4646 1378 4678 ¹³⁸¹
1407 4646 1441 4699 i.
1475 4646 1527 4700 d.
1560 4646 1747 4697 desunt
1778 4645 1830 4698 5.
1892 4645 1986 4676 ⁸³³³

526 4716 578 4769 ti.
614 4716 665 4768 5.
741 4717 832 4749 ¹³⁸⁶
868 4717 1117 4785 mitigare
1145 4717 1196 4770 4.
1278 4716 1365 4747 ³³⁸⁷
1399 4715 1540 4769 deest
1577 4716 1627 4768 5.

527 4802 572 4839 ι.
605 4801 656 4840 a.
683 4803 729 4840 c.
758 4787 811 4841 d.
845 4787 1031 4841 desunt
1055 4787 1108 4840 5.
1195 4788 1284 4818 ‘3”
1312 4787 1453 4841 deest
1481 4787 1532 4839 4.

1714 4716 1804 4747 ¹³⁸³
1832 4715 1885 4767 in
1913 4732 1964 4768 a.
2002 4715 2047 4771 li.

2022 4663 2159 4716 pena
2191 4647 2243 4700 5.
2318 4647 2410 4678 ¹³⁸³
2439 4647 2735 4699 debuisset.
2769 4647 2818 4699 1.
2883 4647 2973 4679 ⁸³⁸⁵
3014 4648 3093 4700 ita
3135 4647 3207 4699 l'.
3240 4647 3645 4700 excusationes
3670 4647 3720 4697 1.
3756 4647 3813 4697 5..

2036 4760 2047 4771 .
2140 4716 2229 4749 ¹³⁸⁹
2261 4715 2651 4783 babengersem
2678 4715 2729 4768 ὅ.
2792 4716 2884 4747 ¹³⁰⁰
2910 4718 3057 4770 omni
3089 4716 3255 4771 modo
3285 4715 3336 4769 1.
3373 4716 3449 4771 5?
3510 4716 3601 4748 ³³⁸⁸
3632 4715 3815 4769 multis

1624 4785 1713 4816 ³³³³
1738 4785 2027 4840 restituere
2061 4787 2115 4841 4.

2318 4645 2410 4678 ¹³⁸⁶
2439 4644 2735 4699 debuisset.
2769 4646 2818 4699 1.
2883 4647 2973 4679 ⁸³⁸⁵
3014 4648 3093 4700 ita
3135 4646 3207 4699 l'.
3240 4646 3645 4700 excusationes
3670 4641 3720 4697 1.
3756 4643 3813 4697 3..

2203 4785 2294 4817 “9‘
2323 4783 2537 4838 ἀερειιί.
2624 4785 2714 4819 ³³³⁵
2743 4784 2983 4840 Certant.
3041 4786 3093 4840 5.

2034 4893 2243 4951 ΝΟΤᾸηέ

598 4986 749 5070 (577)
783 4985 1009 5070 §cilicet
1036 4986 1434 5070 .Herm‘annum‘
1472 4983 1942 5070 Bambcrge'nsem.
1966 4999 2112 5063 anno

526 5053 795 5088 anAn-31's-:
825 5057 1117 5088 ΡηΛηΛ-ἶηο
1141 5055 1390 5088 Ληῖηἷηηδ
1418 5053 1911 5088 famnncnliciinnrn
1931 5053 2085 5088 ilicei!

2211 4980 2474 5036 Laurenti
2520 4994 2616 5032 xm
2661 4977 2887 5033 Kalend.
2936 4977 3073 5048 Aug.
3104 4978 3247 5049 datis
3276 4977 3449 5049 (quas
3476 4978 3519 5033 l.
3548 4979 3635 5049 d.,
3662 4994 3718 5035 ιι.
3745 4980 3808 5035 55

2210 5052 2382 5088 Immcl
2420 5048 2620 5088 gift-inin
2666 5049 2985 5088 cio-nitinovil
3040 5048 3317 5088 cimnlnun
3351 5048 3627 5088 “monii;
3669 5060 3724 5088 nt
3760 5051 3805 5088 ἰιΙ
