4050 5358
141 177 154 183 _
239 111 369 170 im

238 220 729 293 llabcnbcrgensis,
781 219 1024 276 ecclesia:
1115 219 1589 289 possessionibus,

238 326 352 371 tum
383 330 608 370 suorum
657 313 910 383 praesidio
948 311 1138 378 fultus,
1171 311 1365 382 exegit.
1400 309 1604 366 Verum
1633 327 1811 382 neque

239 426 334 462 rex
391 424 568 478 neque
604 406 914 477 episcopus,
964 421 1141 476 neque
1185 405 1326 460 alius
1379 405 1671 475 quisquam
1717 402 1810 473 qui

239 515 434 556 sanum
459 507 692 570 saperet,
721 499 768 554 ei
796 499 1204 554 communicare
1223 497 1456 552 volebat.

310 591 425 647 Rex
454 591 655 664 pascha
699 589 1026 646 Wormacite
1071 588 1365 645 celebravit
1407 587 1556 659 (Apr.
1587 587 1662 659 5).
1693 585 1813 654 Quo

238 684 370 740 dum
414 684 482 739 ad
521 683 869 739 salutandum
913 700 1036 738 eum
1077 682 1299 754 quidam
1353 698 1420 736 ex
1478 680 1816 752 principibus

243 773 493 832 Saxonim
513 791 734 846 pergere
762 776 1144 842 instituissent,
1190 773 1345 829 missi
1385 774 1602 829 obviam
1629 772 1710 827 eis
1734 771 1818 836 le-.

242 869 352 940 gati
383 867 848 924 denunciavcrunt
885 877 944 923 ut
973 867 1128 923 ocius
1165 867 1219 922 in
1258 884 1358 923 sua
1389 867 1658 933 redirent;
1689 863 1820 919 alio—

243 953 375 1032 quin
405 961 535 1014 haut
557 969 674 1016 tuto
703 961 922 1016 visuros
947 976 1067 1014 esse
1094 957 1290 1014 faciem
1316 959 1478 1030 regis,
1507 973 1668 1029 quem
1696 963 1821 1027 post

243 1059 355 1107 tam
379 1068 570 1124 graves
613 1053 970 1108 contumelias
1011 1049 1174 1122 digna
1217 1051 1397 1106 adhuc
1449 1047 1821 1106 satisfactione

245 1159 352 1200 non
380 1145 690 1217 placasscat
717 1145 828 1200 ‘3“.
869 1145 947 1200 lbi
985 1145 1162 1216 primo
1199 1144 1426 1209 malum,
1469 1142 1616 1214 quod
1647 1139 1822 1197 cervi-

245 1229 401 1295 cibus
429 1239 790 1309 impendebat,
830 1239 1199 1293 adverterunt.
1243 1235 1378 1303 Rex,
1409 1235 1666 1290 omnibus
1699 1248 1822 1304 quae

243 1328 386 1386 bello
423 1332 852 1387 administrando
875 1330 1181 1387 necessaria
1220 1336 1376 1384 erant
1415 1326 1616 1381 affatim
1646 1325 1824 1397 provi-

248 1424 324 1480 sis
351 1425 438 1458 ‘3"
459 1425 572 1494 jam
603 1435 656 1480 ct
686 1426 986 1492 instructis,
1029 1421 1260 1479 solemni
1293 1421 1470 1476 edicto
1491 1418 1703 1475 cunctis
1728 1415 1823 1488 qui

247 1515 301 1572 in
329 1534 496 1588 regno
527 1534 629 1573 suo
676 1528 833 1574 erant
875 1519 1274 1589 expeditionem
1327 1516 1520 1570 indixit
1548 1515 1601 1567 in
1652 1511 1826 1568 Saxo-

249 1611 395 1664 niam
423 1629 436 1672 ;
469 1612 720 1682 diemque
743 1622 796 1668 et
824 1614 1004 1668 locum
1034 1610 1224 1666 statuit
1249 1608 1591 1666 coadunandi
1619 1607 1828 1661 exerci-

251 1707 358 1768 tus,
390 1703 640 1758 videlicet
667 1705 698 1758 6
737 1703 863 1760 ldus
910 1702 1093 1770 Junii,
1119 1703 1173 1758 in
1222 1702 1569 1773 possessione
1613 1697 1832 1752 llervel—

249 1794 433 1848 densis
483 1798 802 1851 monasterii
851 1797 904 1850 in
935 1797 1055 1851 loco
1103 1795 1194 1827 ¹³⁹⁸
1230 1796 1323 1866 qui
1370 1794 1571 1849 dicitur
1613 1789 1833 1846 Bredin-

252 1885 340 1958 εἰη
373 1887 482 1940 ⁸³³9.
513 1887 658 1944 Misit
681 1889 845 1943 etiam
890 1890 1098 1960 legatos
1143 1887 1212 1942 ad
1261 1886 1528 1952 Saxones,
1579 1884 1674 1956 qui
1703 1891 1833 1938 tunc

253 1977 477 2033 ineundi
507 1980 723 2036 consilii
752 1982 924 2052 gratia
951 1981 1266 2052 frequentes
1310 1979 1614 2035 Goslariam
1642 1992 1835 2036 conve-

254 2079 468 2137 nerant,
510 2071 689 2126 dicere
734 2074 836 2140 eis,
884 2089 1182 2128 memorem
1217 2089 1276 2129 se
1317 2073 1564 2142 gravium
1613 2070 1837 2138 injuria-

255 2171 404 2229 rum,
437 2163 652 2219 violatae
702 2166 864 2237 regiae
908 2165 1231 2236 majestatis,
1268 2172 1323 2220 et
1355 2165 1532 2234 turpis
1559 2163 1701 2234 fuga:
1727 2178 1836 2232 qua

257 2263 505 2310 extremo
532 2256 587 2310 in
617 2257 859 2339 periculo
887 2259 1010 2314 vitae
1037 2260 1324 2314 consulere
1351 2267 1575 2315 coactus
1604 2255 1795 2310 fuisset
1819 2271 1834 2320 ;

255 2344 359 2402 ne'c
399 2364 459 2403 se
485 2350 696 2406 cunctis
743 2353 1065 2422 generaliter
1123 2351 1432 2408 Saxonibus
1478 2351 1686 2406 crimen
1733 2350 1840 2405 hoc

258 2439 576 2510 intendere;
607 2459 810 2512 paucos
837 2443 1008 2501 fuisse
1053 2445 1344 2516 principes,
1388 2445 1484 2516 qui
1529 2441 1840 2514 imperitam

260 2533 662 2590 multitudinem
703 2544 758 2591 et
786 2538 1020 2592 naturali
1068 2538 1284 2592 levitate
1331 2553 1547 2607 semper
1574 2551 1841 2592 novarum

263 2639 446 2680 rerum
477 2627 689 2682 avidam
720 2629 824 2684 hac
855 2629 946 2662 “°°
975 2631 1126 2685 rabie
1162 2630 1632 2696 inﬂammassent;
1662 2628 1842 2684 abhis

261 2719 548 2775 concitata:
577 2721 862 2779 seditionis
887 2731 942 2778 et
983 2724 1214 2778 turbata:
1259 2725 1338 2779 rei
1367 2724 1598 2794 publica
1623 2737 1840 2794 pmnam

265 2826 346 2878 se,
395 2815 654 2883 quoniam
703 2816 914 2888 legibus
968 2831 1076 2871 non
1124 2819 1383 2888 potuerit,
1427 2824 1638 2872 armata
1677 2832 1843 2870 manu

1466 103 1803 180 ANXALES.
1838 135 1905 146 κ-
1940 105 2044 161 AN.
2083 108 2232 168 4075.

3349 104 3490 160 H78

1671 219 1816 274 mili-
1846 222 1892 278 Α
1919 223 2157 276 ueniendi
2191 232 2240 277 et
2265 231 2377 278 tuto
2397 237 2614 276 causam
2640 220 2868 286 dicendi,
2894 229 2951 274 ut
2975 221 3258 275 secundum
3285 220 3500 292 palatii

1913 331 2008 368 nas
2039 313 2173 385 leges
2205 313 2352 386 (578)
2375 314 2526 384 justa
2548 312 2940 367 examinatione
2968 312 3172 380 habita,
3207 313 3286 368 vel
3303 316 3494 384 puniat

1912 407 2173 462 convictos
2204 406 2283 460 uel
2306 405 2540 461 absolvat
2574 394 2899 460 innocentes.
2928 402 3082 470 Quod
3111 407 3158 460 si
3182 406 3265 460 ira
3299 407 3496 464 immo-

1913 501 2150 555 deratior
2213 497 2416 553 nullam
2461 498 2699 562 admittit
2743 497 3185 567 satisfactionem,
3233 515 3328 554 nec
3384 498 3496 556 alio

1913 601 2068 664 pacto
2101 606 2260 664 quant
2285 592 2538 662 sanguine
2571 589 2868 661 principum
2903 598 3204 644 nostrorum
3243 589 3500 664 restingui

1915 687 2128 758 poterit,
2164 684 2291 757 quid
2323 685 2531 755 prodest
2553 685 2814 754 ambiguis
2843 684 3270 754 responsionibus
3292 693 3502 738 sentcn-

1919 783 2022 834 tias
2053 779 2352 834 incoluere?
2385 775 2652 831 Extrema:
2693 777 2783 809 ““5
2813 777 3101 846 impietatis
3137 776 3251 848 fore
3279 775 3502 846 judica-

1919 889 2054 940 mus,
2079 881 2137 925 ut
2156 871 2416 943 principes
2446 878 2651 923 nostros
2690 870 2994 923 deseramus
3031 877 3084 923 et
3109 885 3196 923 eos
3229 884 3324 939 pro
3351 867 3500 922 nobis

1911 964 2238 1038 jugulandos
2265 963 2596 1033 objiciamus,
2623 977 2751 1032 quos
2771 961 2900 1014 ltaut
2937 961 3094 1016 dubie
3125 961 3322 1014 scimus
3355 957 3502 1015 nullo

1920 1060 2125 1130 privato
2151 1056 2272 1111 odio
2307 1054 2385 1110 vel
2405 1056 2602 1128 gratia,
2645 1054 2736 1107 sed
2767 1053 2882 1106 sola
2921 1053 3013 1085 ‘m
3054 1053 3262 1108 tuenda:
3309 1051 3504 1107 salutis

1922 1160 2117 1206 nostrae
2151 1159 2200 1204 et
2224 1147 2553 1204 vindicanda:
2578 1146 2842 1201 libertatis
2885 1155 3078 1201 nostra:
3105 1163 3289 1212 causa,
3320 1153 3506 1199 contra

1923 1261 2096 1317 regem
2129 1259 2282 1298 arma
2303 1241 2607 1312 sumpsisse.
2641 1239 2976 1309 Quapropter
2998 1238 3054 1292 id
3085 1237 3344 1309 supplices
3377 1237 3512 1308 peti-

1926 1355 2061 1404 mus,
2089 1347 2145 1390 ut
2173 1335 2356 1390 eadem
2391 1333 2540 1387 nobis
2566 1341 2615 1386 et
2642 1331 2756 1386 illis
2778 1331 2930 1386 venia
2968 1331 3286 1386 concedatur
3307 1329 3518 1385 admisc

1925 1447 1998 1487 sa:
2029 1429 2477 1501 prwsumptionis,
2508 1434 2600 1479 aut
2631 1426 2677 1478 si
2712 1423 2862 1478 nulla
2891 1423 3338 1494 supplicationum
3365 1421 3520 1478 uicti-

1927 1541 2013 1578 ma
2032 1523 2238 1594 expiari
2263 1528 2432 1592 potest
2453 1518 2592 1592 quod
2613 1518 2856 1588 fecimus,
2891 1516 3072 1570 eodem
3101 1516 3155 1569 in
3194 1530 3286 1568 nos
3315 1521 3364 1568 ct
3389 1512 3525 1568 ilics

1927 1616 2188 1689 supplicio
2212 1612 2671 1668 animadvertatur
2694 1609 2806 1664 ¹⁵⁰⁷.
2827 1608 2982 1664 Tunc
3011 1607 3192 1664 Bucco
3209 1605 3528 1662 Halbersta-

1928 1709 2100 1766 tensis
2131 1708 2441 1777 episcopus,
2484 1705 2670 1760 Wecel
2710 1703 2801 1738 ’m
2849 1701 3295 1772 archiepisc0pus
3341 1697 3525 1769 Maga-

1929 1801 2312 1872 daburgensis,
2342 1799 2568 1870 Magnus
2596 1797 2706 1852 dux
2738 1795 3012 1860 Saxonico,
3053 1792 3181 1849 Otto
3211 1793 3321 1848 dux
3345 1806 3524 1862 quon-

1931 1896 2057 1972 dam
2087 1893 2375 1964 Bajoarix,
2404 1899 2458 1946 et
2483 1889 2651 1946 ceteri
2681 1889 2956 1960 principes
2983 1902 3125 1956 quos
3155 1901 3246 1940 rex
3278 1883 3525 1954 speciali-

1933 1997 2016 2043 ter
2043 1997 2153 2042 tam
2180 1986 2485 2040 truculenta
2533 1979 2958 2036 comminatione
3005 1978 3322 2048 impetehat,
3375 1977 3527 2032 dixe-

1934 2089 2064 2138 runt
2095 2093 2440 2150 nequaquam
2470 2091 2528 2132 se
2562 2072 2666 2129 sibi
2697 2072 2952 2128 conscios
2982 2087 3103 2128 esse
3134 2071 3282 2140 quod
3307 2084 3523 2140 pacem,

1936 2189 2058 2244 quae
2079 2187 2224 2227 anno
2249 2171 2432 2242 priore
2463 2169 2516 2223 in
2550 2166 2881 2236 Gerstingun
2903 2164 3356 2227 "‘“convcncrat,
3381 2160 3536 2215 facto-

1938 2267 2123 2335 aliquo
2177 2264 2261 2318 vel
2306 2263 2452 2317 dicto
2497 2260 2816 2315 violassent.
2844 2255 2984 2310 Nam
3033 2255 3080 2310 si
3125 2271 3218 2310 rex
3259 2253 3526 2308 instinctu

1938 2373 2021 2413 eo:
2039 2369 2140 2411 um‘
2159 2357 2243 2410 vel
2271 2354 2502 2410 consilio
2545 2351 2752 2408 factum
2781 2349 3156 2420 suspicaretur
3194 2355 3257 2401 ut
3289 2345 3524 2402 ecclesia

1941 2451 1996 2505 in
2025 2449 2358 2505 Ilartesburc
2389 2447 2480 2480 ¹⁵¹⁰
2505 2445 2908 2509 incenderetur,
2937 2439 3185 2496 thesauri
3213 2439 3299 2471 ⁸⁸η
3331 2438 3534 2508 diripe-

1943 2552 2151 2608 rentur,
2201 2557 2432 2611 corpora
2474 2535 2779 2609 sepulchris
2833 2535 3173 2599 eicerentur,
3229 2540 3326 2588 aut
3381 2529 3532 2587 aliud
3585 2556 3590 2561 ·

1943 2635 2149 2707 aliquid
2177 2641 2369 2689 contra
2419 2639 2684 2687 statutum
2723 2628 2870 2683 illius
2924 2624 3304 2682 conventionis
3347 2638 3541 2694 perpe-

1944 2711 2183 2784 traretur
2211 2746 2223 2782 :
2255 2734 2479 2797 paratos
2513 2740 2571 2780 se
2603 2737 2725 2778 esse
2754 2728 2816 2776 ut
2850 2719 3047 2792 quavis
3077 2717 3165 2750 ³⁸³³
3193 2717 3530 2782 conditione,

1945 2837 2112 2893 quam
2159 2821 2324 2875 modo
2376 2818 2540 2874 ceteri
2599 2814 2874 2886 principes
2919 2811 3075 2882 regni
3129 2825 3342 2880 mquam
3395 2807 3544 2878 judi-

264 2915 588 2962 θιθοιυτυῐη
639 2909 769 2977 ¹³⁰¹;
815 2909 1040 2980 Ρΐοίῖιάθ
1086 2925 1280 2982 rogare
1325 2926 1383 2966 se
1425 2919 1638 2965 ceteros
1664 2916 1718 2963 et
1744 2909 1848 2964 sub
1874 2924 1915 2981 ο
1947 2921 2197 2980 cassent,
2245 2913 2454 2968 crimen
2508 2908 2825 2964 refellerent
2871 2912 2927 2960 et
2969 2901 3338 2958 innocentiam
3377 2913 3540 2955 suam

267 2996 709 3057 interminatione
736 3003 923 3074 gratiae
951 3017 1064 3058 sua:
1106 3003 1196 3036 “°’
1224 3004 1518 3074 praecipere
1555 3017 1624 3057 ne
1660 3002 1850 3058 hostes

267 3091 514 3161 publicos
560 3097 727 3152 armis
777 3104 872 3150 aut
919 3097 1114 3167 apibus
1158 3107 1453 3166 tueantur;
1482 3097 1528 3153 si
1573 3096 1848 3162 obediant,

267 3185 485 3240 veniam
513 3204 571 3243 se
599 3188 678 3243 eis
702 3188 833 3245 dare
877 3192 1079 3247 veteris
1121 3193 1316 3262 culpas,
1345 3192 1494 3262 quod
1542 3198 1654 3245 tam
1685 3188 1856 3244 inusi-

269 3278 371 3332 tati
399 3278 657 3336 facinoris
676 3283 807 3337 socii
823 3284 1224 3355 participesque
1248 3285 1480 3340 antehac
1507 3283 1850 3349 extitissent;

273 3370 360 3427 sin
389 3383 593 3441 autem,
644 3379 1049 3448 excusationem
1099 3379 1354 3448 deinceps
1408 3393 1518 3432 non
1569 3375 1855 3431 habituros

274 3479 398 3519 esse
459 3469 686 3538 peccati,
733 3472 879 3540 quod
935 3473 1166 3530 scientes
1216 3471 1632 3543 praemonitique
1687 3467 1859 3524 admi-

278 3552 498 3615 sissent;
518 3562 597 3616 Ad
614 3563 730 3618 ham
755 3563 1000 3622 Saxones
1027 3584 1040 3621 :
1073 3565 1450 3620 Gratissimum
1479 3564 1590 3631 ‘m,
1615 3564 1854 3628 aiebant,

279 3651 526 3708 habemus
563 3654 913 3728 legationem;
935 3667 984 3712 et
1013 3659 1119 3712 nisi
1163 3659 1424 3729 principes
1462 3659 1628 3712 nostri
1655 3657 1718 3711 de
1741 3675 1857 3711 om-

282 3746 435 3801 nibus
469 3764 587 3820 qua:
623 3749 949 3820 objiciuntur
978 3753 1141 3822 juxta
1173 3738 1622 3824 magniﬁcentiam
1659 3752 1858 3822 regiam

281 3841 330 3894 ci
361 3842 670 3912 satisfacere
701 3845 1014 3916 spondeam,
1051 3863 1136 3900 eos
1164 3847 1278 3900 sine
1313 3862 1462 3899 mora
1501 3845 1577 3900 rel
1601 3853 1781 3915 captos
1811 3855 1860 3899 et

282 3933 340 3986 in
373 3935 584 3989 vincula
619 3939 878 4007 conjectos
908 3938 1000 3970 “°"
1037 3939 1150 4009 ejus
1184 3939 1416 3993 examini
1460 3938 1860 4006 rescrcabimns,

283 4024 364 4078 cel
392 4027 451 4082 in
479 4027 722 4098 favillam
745 4029 975 4084 redactis
1019 4011 1260 4086 omnibus
1303 4048 1419 4103 qua:
1455 4031 1524 4086 ad
1560 4048 1645 4085 eos
1695 4034 1862 4102 perti-

285 4131 428 4192 nent,
456 4119 694 4180 Saxonia
741 4125 926 4196 procul
950 4124 1324 4196 cffugabimus.
1363 4123 1514 4190 Quod
1555 4125 1602 4178 si
1619 4125 1784 4194 jnstis
1816 4133 1864 4179 et

287 4215 430 4284 regio
479 4217 686 4270 nomine
726 4216 903 4288 dignis
951 4217 1338 4271 conditionibus
1399 4217 1578 4286 parati
1623 4225 1747 4270 sunt
1789 4216 1868 4271 vel

1949 3012 2257 3063 assererem
2281 3023 2295 3072 ;
2315 3005 2537 3072 insuper
2563 3003 2739 3072 ipsam
2767 2997 3053 3054 ecclesiam
3077 2995 3315 3066 propriis
3335 2993 3546 3062 impen-

1951 3100 2028 3156 sis
2056 3097 2402 3153 ambitiosius
2440 3110 2607 3164 quam
2647 3094 2826 3148 fuerat
2853 3091 3226 3144 instaurarcnt
3275 3085 3388 3153 Μ’,
3417 3100 3540 3139 am-
3598 3080 3600 3083 ’

1951 3191 2219 3264 plloribus
2245 3187 2581 3243 ornamentis
2602 3185 2952 3248 excolerent;
2986 3179 3171 3236 omnia
3199 3179 3388 3244 etiam,
3419 3190 3550 3246 quas

1952 3291 2196 3354 ineptum
2225 3283 2440 3353 vulgus,
2470 3279 2709 3348 maligno
2757 3275 2952 3346 spiritu
2999 3272 3348 3336 suscitatam,
3400 3282 3545 3323 ausu

1953 3377 2165 3436 nefario
2213 3375 2544 3445 infregisset,
2583 3369 2918 3440 diripuisset,
2969 3369 3311 3428 temerasset,
3362 3359 3550 3415 multi-

1953 3471 2150 3544 plicius
2179 3468 2528 3524 restituerent
2557 3483 2573 3532 ;
2617 3479 2785 3534 super
2829 3461 2947 3515 hate
2997 3456 3182 3512 omnia
3231 3454 3352 3510 auri
3380 3459 3436 3508 et
3460 3466 3551 3506 ar-

1956 3565 2104 3638 genti
2129 3572 2184 3619 et
2210 3562 2538 3632 prtediorum
2569 3571 2817 3622 suorum,
2856 3559 3124 3624 quantum
3153 3549 3306 3605 salvo
3334 3545 3548 3617 pudore

1957 3674 2060 3716 suo
2087 3665 2142 3713 et
2166 3655 2320 3728 regni
2349 3653 2442 3687 ““
2468 3653 2754 3723 majestate
2792 3647 3041 3718 accipere
3079 3640 3259 3708 vellet,
3293 3645 3549 3710 prompta

1959 3759 2140 3808 mente
2165 3751 2378 3814 darent,
2407 3745 2707 3801 dummodo
2735 3743 2789 3796 in
2833 3739 3065 3812 gratiam
3115 3734 3336 3800 rediret,
3363 3739 3417 3787 et
3443 3729 3556 3801 gla-

1960 3845 2134 3909 dium,
2165 3857 2328 3914 quem
2346 3840 2411 3896 .in
2443 3837 2686 3894 cervices
2711 3847 2906 3890 eorum
2936 3839 2992 3886 et
3018 3830 3072 3884 in
3103 3826 3444 3884 eversionem
3472 3829 3558 3876 to~.

1963 3938 2080 3994 cius
2111 3934 2362 3991 Saxonize
2394 3933 2567 3986 iratus
2595 3928 2932 3990 extenderat,
2974 3921 3222 3993 placatus
3251 3916 3558 3974 remitteret

1965 4031 2317 4101 invagiaam.
2340 4024 2534 4098 (April.
2566 4020 2725 4091 Mai.)
2756 4017 2914 4086 Quod
2943 4016 2990 4070 si
3006 4013 3341 4069 obstinatum
3367 4008 3566 4063 adver-r

1967 4140 2062 4179 sus
2091 4135 2283 4177 omnes
2303 4133 2492 4188 preces
2511 4124 2564 4170 et
2591 4111 3022 4182 supplicationes
3051 4105 3297 4160 animum
3317 4107 3560 4171 gereret,

1969 4232 2027 4271 se
2051 4214 2306 4282 deinceps
2334 4217 2527 4266 contra
2557 4222 2680 4262 enm
2711 4219 2811 4258 nec
2839 4216 2990 4257 arma
3015 4200 3227 4254 laturos
3255 4209 3355 4253 nec
3381 4191 3556 4247 aciem

290 4308 494 4379 objecta
521 4311 846 4382 purgarceel
869 4327 986 4382 qua:
1018 4318 1357 4380 peccaverunt
1385 4311 1620 4380 capiare,
1649 4327 1865 4365 oramus
1898 4279 1944 4333 Β
1971 4311 2358 4370 instructuros,
2408 4301 2503 4358 sed
2548 4299 2708 4355 nudis
2769 4294 2999 4367 pedibus
3053 4287 3291 4345 venienti
3339 4283 3572 4347 obviam

289 4407 339 4454 et
369 4417 462 4472 per
498 4401 662 4457 Deum
685 4405 1007 4458 obtestamur
1041 4412 1097 4457 ut
1141 4402 1329 4456 honori
1369 4403 1550 4473 pocius
1586 4420 1682 4457 suo
1707 4420 1867 4475 quam

289 4493 582 4551 iracundia:
628 4497 892 4564 consulat,
939 4514 1029 4552 nec
1073 4505 1194 4550 ante
1245 4493 1511 4566 publicam
1569 4487 1868 4569 principum

293 4595 582 4642 ceterorum
609 4590 936 4644 audientiam
956 4599 1006 4645 et
1039 4589 1332 4660 legitimam
1359 4587 1738 4645 discussionem
1774 4590 1876 4644 ί.ιὶ-

294 4681 421 4751 quid
448 4683 504 4737 in
531 4699 638 4750 eos,
674 4685 811 4756 quod
833 4702 887 4740 se
913 4702 1014 4739 non
1044 4685 1246 4748 deceat,
1289 4682 1566 4749 decernat;
1610 4683 1750 4738 diem
1772 4701 1869 4756 po-

297 4775 410 4828 cius
433 4783 656 4845 statuat,
683 4777 857 4832 locum
886 4778 1144 4850 designet,
1179 4777 1388 4848 copiam
1421 4775 1507 4830 det
1545 4784 1656 4830 tuto
1689 4795 1871 4832 coram

1972 4414 2350 4476 processuros,
2377 4404 2432 4452 et
2458 4391 2806 4456 sententiam,
2835 4397 3242 4459 quamcumque
3269 4379 3353 4435 vel
3387 4377 3574 4432 iratus

1973 4469 2254 4556 dictasset,
2289 4495 2544 4562 porrecto
2567 4483 2764 4557 jugulo
2795 4487 3140 4551 excepturos.
3169 4474 3228 4529 In
3259 4473 3374 4528 inec
3395 4469 3564 4524 verba

1975 4587 2207 4644 nuncios
2225 4583 2368 4654 regis
2394 4580 2740 4644 dimiserunt,
2755 4579 2813 4630 et
2840 4573 2944 4644 ipsi
2960 4570 3212 4642 protinus
3228 4579 3360 4622 suos
3372 4561 3568 4618 eadem

1971 4682 2038 4740 ad
2065 4693 2194 4737 eum
2228 4652 2318 4709 Mi
2342 4689 2608 4745 responsa
2656 4667 2967 4726 deferentes
3013 4661 3380 4719 destinarunt.
3413 4652 3577 4720 Quos

1972 4775 2066 4832 ubi
2094 4790 2190 4829 rex
2239 4767 2496 4825 advenire
2544 4761 2816 4836 comperit
2883 4755 3154 4832 praecpit
3202 4758 3266 4806 ut
3299 4746 3452 4804 nulla
3475 4757 3576 4802 111-

1589 4912 1815 4969 VAlllz’E
1852 4906 2254 4970 LECTIONES.

377 5025 466 5061 ’³³⁸
493 5019 828 5096 ριοδιιίεδεηι
853 5030 905 5083 4.

302 5094 357 5151 4.
387 5094 510 5152 eos
529 5105 778 5161 acturum
827 5100 880 5154 5.

303 5164 397 5196 m’
426 5166 880 5228 animadverterat
907 5169 959 5223 4.

301 5263 377 5274 -
399 5235 703 5295 eicerentur
727 5243 913 5297 desunt
937 5240 991 5293 5.

305 5318 433 5358 eum
471 5306 526 5358 3.

961 5098 1052 5130 μοι
1078 5095 1182 5154 sila
1234 5101 1287 5156 5.
1366 5095 1458 5126 ηοξ

1052 5163 1144 5200 ³⁵⁸⁸
1171 5167 1347 5225 Wecil
1398 5166 1451 5220 5.

1736 5157 1742 5164 ι

1355 5238 1366 5249 ⁸
1398 5167 1454 5249 5-;
1543 5167 1646 5249 ‘3:
1675 5169 2026 5249 Qerstungun
2075 5167 2128 5219 5.
2179 5174 2403 5249 δεήιηεν.
2495 5167 2588 5190 ""’
2618 5167 2646 5238 ιε

1068 5237 1157 5271 ’δ”
1193 5224 1402 5313 quavis
1423 5237 1476 5290 5.
1555 5238 1648 5271 ⁸⁵⁸³
1676 5239 1900 5310 insuper
1917 5224 2103 5308 ipsam
2133 5224 2424 5291 ecclesiam
2482 5227 2669 5300 repelit
2701 5224 2754 5277 4.

985 5026 1075 5060 ¹⁸⁹⁷
1103 5023 1398 5096 promissis
1420 5025 1479 5096 5,.
1558 5025 1648 5057 ¹³⁹⁸
1670 5027 1852 5081 locum
1875 5025 1927 5080 5.
2007 5023 2096 5056 ³³⁸9
2125 5015 2429 5096 Βιςθςίἰηεθη
2465 5015 2597 5096 l._4.
2631 5015 2732 5096 ᾗ..
2767 5011 2860 5096 ίξξθ
2887 5021 2953 5062 ac
2980 5005 3032 5060 4ο
3083 5001 3579 5096 η¹⁸⁶¹¹ξίξ³εξιξτυῖρ

1671 5059 1852 5081 ιυιυιιι
1875 5059 1927 5080 υ.
2125 5059 2182 5073 un
2199 5059 2324 5071 νει...
2365 5059 2429 5069 ν..
2467 5059 2510 5070 ,,
2546 5059 2560 5068 ν,

1485 5096 1868 5166 gravissimam
1923 5095 1974 5149 i.
2008 5094 2086 5166 4?
2161 5088 2257 5122 “9"
2310 5059 2452 5140 ti’ecst

2640 5067 2733 5117 ίιπ
2797 5079 3052 5134 Extrema
3083 5068 3134 5128 3.
3215 5069 3307 5108 ⁸⁸⁵⁸
3358 5067 3472 5122 sole
3524 5069 3581 5123 4.

2495 5136 2588 5190 an
2618 5151 2959 5218 "meam-.3
2992 5145 3040 5198 ι.
3066 5144 3133 5218 *4.
3163 5143 3223 5218 g5.
3314 5137 3409 5218 ξξξξ
3434 5136 3588 5218 nios,

1953 5183 2026 5220 un
2075 5165 2128 5219 5.
2179 5174 2403 5228 semper.

2835 5207 3115 5284 “‘ivrcgia
3163 5213 3218 5268 5.
3317 5207 3410 5240 ⁸⁵⁸⁸
3438 5223 3486 5262 ι’.
3517 5211 3592 5265 uti
