4050 5358
486 317 625 374 H79

1627 314 1981 371 LAMBERTI
2009 315 2576 372 HEBSFELDENSIS

3622 304 3769 363 1180

487 435 633 490 tione
660 432 714 487 in
744 426 1095 503 conspectum
1151 448 1312 488 suum
1359 431 1795 508 admitterentur,
1847 430 2074 485 manda-
2101 432 2147 489 Α
2174 431 2321 486 nulla
2345 448 2579 503 usquam
2609 433 2833 488 humani
2863 430 3053 488 au‘xilii
3079 447 3204 503 spes
3225 431 3480 495 eluceret,
3508 434 3770 508 statuunt

484 528 673 597 vitque
709 527 789 581 eis
822 540 918 596 per
971 526 1219 581 occultos
1264 525 1472 580 indices
1520 506 1612 556 ‘m
1650 531 1711 578 ut
1745 523 2075 593 quantocius

485 614 820 683 recederent,
872 633 973 674 nec
1020 634 1079 674 se
1127 618 1303 674 oculis
1362 618 1503 689 ejus,
1551 617 1640 672 cui
1687 615 2075 671 contumeliam

486 709 765 777 fecissent,
798 712 877 769 sic
905 720 1108 766 temere
1136 711 1481 782 ingererent;
1506 709 1748 780 alioquin
1769 708 1914 779 regia
1943 722 2074 762 cen—

486 817 617 861 sura
647 804 1051 858 eoherciturum
1075 820 1135 860 se
1162 803 1349 859 hostes
1374 803 1622 875 publicos
1650 811 1705 857 et
1731 800 2077 857 insidiatores

490 897 664 967 regni,
695 895 789 965 qui
837 897 942 952 sub
983 902 1250 967 praztextu
1311 895 1601 967 legationis
1647 893 1927 950 mendacia
1976 909 2077 949 sua

488 1002 586 1057 per
613 989 874 1058 populum
903 997 1149 1044 sererent
1174 990 1243 1044 ad
1286 987 1660 1044 sollicitandos
1682 987 1894 1042 animos
1922 985 2076 1056 prin-

488 1079 673 1148 cipum
701 1089 756 1135 et
782 1081 1182 1151 expeditionem
1217 1097 1374 1136 suam
1423 1079 1845 1150 impediendam.
1900 1077 1977 1133 Ita
2006 1078 2080 1133 le-

490 1172 600 1241 gati
631 1172 750 1227 sine
794 1173 990 1229 eﬁ‘ectu
1037 1175 1243 1230 reversi
1281 1183 1430 1230 sunt.
1481 1171 1685 1229 lterum
1732 1172 1867 1227 alios
1915 1179 2079 1241 atque

489 1264 626 1320 alios
648 1264 957 1334 miserunt;
991 1266 1085 1323 sed
1112 1267 1304 1322 eodem
1332 1279 1526 1323 omnes
1553 1268 1735 1339 rigore
1762 1265 2078 1322 obﬁrmatas

488 1366 680 1412 contra
709 1372 769 1413 se
801 1365 913 1413 tam
943 1357 1091 1417 fores
1117 1376 1284 1431 quam
1327 1376 1490 1417 aures
1518 1360 1698 1432 regias
1727 1360 2073 1415 invenerunt.

491 1448 670 1505 Semel
697 1467 823 1506 cum
856 1467 1002 1508 unus
1029 1453 1355 1525 legatorum,
1404 1460 1621 1525 captata
1657 1453 1763 1508 loci
1790 1459 1844 1508 et
1868 1460 2079 1522 tempo-

488 1542 569 1598 ris
597 1546 990 1614 0portunitate,
1021 1562 1080 1602 se
1109 1545 1441 1617 improvisus
1468 1547 1524 1601 in
1554 1553 1905 1615 conspectum
1935 1543 2079 1615 regis

486 1636 877 1707 proripuisset,
907 1645 964 1693 et
990 1653 1114 1709 qua:
1140 1639 1196 1694 in
1225 1638 1498 1695 mandatis
1548 1638 1782 1694 habebat
1825 1635 2079 1708 proloqui

486 1727 766 1799 ccepisset,
796 1729 891 1785 vix
919 1731 987 1786 ad
1032 1732 1276 1803 primum
1325 1732 1597 1789 sermonis
1637 1730 1924 1787 exordium
1950 1728 2079 1784 dato

486 1818 706 1877 silentio
733 1822 920 1878 statim
950 1840 1076 1880 cum
1107 1826 1260 1898 gravi
1287 1825 1664 1897 indignatione
1710 1823 1946 1895 reiectus
1971 1829 2075 1892 est,

487 1921 546 1968 et
572 1929 699 1969 cum
731 1906 800 1970 ab
815 1913 1107 1973 Oudalrico
1148 1918 1262 1986 “‘7,
1289 1917 1527 1989 quodam
1556 1916 1707 1990 regio
1737 1916 1991 1984 satellite,
2022 1916 2078 1971 in

488 2005 795 2062 crastinum
827 2010 1130 2068 servandus
1159 2011 1429 2068 abductus
1472 2011 1559 2066 vel
1583 2011 1776 2082 pocius
1821 2011 2081 2081 abreptus

489 2095 704 2166 fuisset,
735 2102 987 2171 proximo
1014 2101 1109 2138 ω’
1157 2118 1339 2172 mane,
1387 2103 1557 2160 elusis
1602 2103 1944 2172 custodibus,
1986 2103 2079 2159 vix

486 2190 597 2246 vita
628 2193 828 2247 comite
856 2193 1063 2267 eﬁ‘ugit.

558 2281 766 2340 Dehinc
793 2276 1005 2344 crebris
1051 2287 1420 2361 legationibus
1469 2290 1645 2346 adorti
1692 2291 1887 2347 ducem
1934 2289 2083 2345 Ruo-

486 2373 698 2430 doll'um
732 2376 844 2445 “",
895 2379 1090 2435 ducem
1140 2380 1497 2437 Berhtoldum
1550 2382 1662 2452 ’m,
1694 2384 1889 2439 ducem
1916 2382 2085 2438 Goze-

488 2467 671 2523 lonem
714 2477 767 2524 et
817 2479 1032 2529 ceteros
1075 2473 1371 2545 principes,
1421 2489 1561 2547 quos
1608 2477 1889 2546 superiore
1937 2476 2082 2531 bello

488 2561 891 2630 conjurationis
942 2565 1145 2623 socios,
1179 2567 1506 2635 habuerant,
1556 2568 1717 2624 ﬁdem
1766 2569 2079 2640 implorant,

490 2650 714 2709 foederis
744 2656 890 2726 quod
939 2658 1277 2730 pepigissent
1327 2659 1417 2692 ““
1447 2659 1595 2733 (579)
1645 2662 1960 2729 admonent,
1991 2663 2086 2718 ob-

2177 524 2508 580 unanimiter
2565 540 2597 579 a
2643 524 2755 580 Deo
2798 526 2903 581 sibi
2950 525 3206 595 deinceps
3251 521 3605 594 quaerendum
3642 532 3772 572 esse

2176 618 2501 684 subsidium,
2532 618 2626 688 qui
2655 618 2807 674 solus
2830 627 2943 673 tam
2972 618 3301 672 obstinatam
3332 614 3476 685 regis
3510 608 3761 666 ferocita-

2175 718 2285 766 tem
2311 712 2557 766 emollire
2582 719 2636 766 et
2663 713 2778 766 rem
2820 710 3137 782 implicitam
3165 708 3420 780 expedire
3447 710 3615 776 queat
3648 701 3766 736 “”°

2174 802 2375 859 Jubent
2405 820 2535 875 ergo
2564 813 2626 859 ut
2650 820 2743 874 per
2773 811 2945 859 totam
2977 801 3273 857 saxoniam
3300 808 3356 856 et
3375 795 3769 869 Thuringiam,

2176 896 2439 967 depositis
2463 896 2788 952 cultioribus
2811 894 3148 951 indumentis
3174 894 3286 961 ⁸⁵³⁸,
3312 907 3474 948 sacco
3502 899 3557 947 et
3583 889 3772 945 laneis

2175 989 2478 1045 vestiantur
2510 990 2619 1058 "3‘,
2660 989 2783 1045 cibo
2827 996 2881 1044 et
2911 996 3041 1060 potu
3088 987 3308 1043 statutis
3353 986 3546 1041 diebus
3596 984 3774 1041 absti—

2177 1091 2363 1151 neant,
2394 1091 2645 1153 sumptus
2676 1083 2765 1115 ¹⁸³⁹
2796 1082 2850 1137 ἰιι
2880 1096 3147 1153 pauperes
3170 1095 3271 1151 pro
3307 1095 3407 1135 sua
3437 1079 3679 1149 quisque
3706 1090 3793 1132 re

2176 1173 2442 1231 familiari
2463 1175 2770 1243 conferant,
2795 1183 2868 1243 et,
2892 1191 2992 1245 per
3032 1173 3290 1230 ecclesias
3332 1171 3495 1227 nudis
3530 1170 3773 1242 pedibus

2176 1268 2569 1336 discurrentes,
2607 1267 2777 1323 Deum
2822 1266 3102 1323 communi
3139 1265 3530 1322 lamentatione
3572 1264 3776 1333 depree

2177 1368 2371 1417 centur
2399 1369 2460 1416 ut
2488 1376 2713 1416 manum
2763 1375 2944 1428 suam,
2973 1375 3097 1431 quae
3139 1357 3252 1425 “",
3285 1358 3526 1412 humano
3558 1355 3775 1426 ubique
3874 1344 3883 1353 ’

2177 1461 2427 1511 cessante
2454 1453 2746 1525 adjutorio,
2779 1452 2895 1508 sola
2927 1451 3043 1523 jam
3090 1449 3265 1529 possit
3302 1448 3583 1519 opitulari,
3606 1448 3778 1502 undi-

2177 1561 2284 1618 que
2311 1546 2585 1602 conclusis
2616 1546 2694 1601 'ad
2717 1546 3052 1617 ereptionem
3100 1526 3293 1600 eorum
3314 1543 3589 1599 extendat.
3610 1541 3781 1595 Prae-

2177 1645 2322 1694 terea
2351 1639 2528 1711 placet
2549 1644 2630 1708 ut‘,
2665 1638 2754 1695 die
2784 1653 2896 1708 quo
2925 1637 3069 1711 regis
3106 1635 3382 1692 exercitus
3405 1637 3562 1706 juxta
3590 1635 3776 1706 publi-

2177 1732 2665 1789 camindictionem
2709 1732 2765 1785 in
2793 1728 3095 1802 Bredingen
3128 1726 3219 1761 ¹⁸³⁸
3263 1727 3778 1785 coadunandus1m

2179 1826 2516 1892 conveniret,
2548 1824 2652 1896 ipsi
2681 1825 2883 1880 inloco
2900 1823 2995 1894 qui
3020 1822 3224 1879 dicitur
3236 1821 3490 1894 Lupezen
3508 1819 3602 1855 ¹⁵⁸⁸
3618 1819 3776 1893 (580)

2179 1934 2276 1975 sex
2302 1918 2521 1975 milibus
2543 1918 2614 1974 ab
2640 1918 2721 1974 eis
2748 1917 3033 1988 disparati,
3061 1902 3243 1972 castra
3270 1916 3536 1982 locarent,
3555 1918 3634 1981 et,
3664 1914 3801 1970 ite--

2180 2028 2303 2068 rum
2333 2021 2499 2084 atque
2547 2011 2751 2067 iterum
2797 2009 3043 2082 repetitis
3090 2006 3583 2079 supplicationibus
3608 2020 3803 2064 aures»

2179 2105 2301 2178 ejus
2330 2114 2385 2161 et
2412 2103 2719 2175 principum
2767 2104 2887 2175 ejus
2915 2102 3300 2168 obtundentes,
3349 2100 3396 2157 si
3435 2100 3779 2169 evincerent,

2180 2200 2387 2271 gratias
2412 2196 2564 2265 Deo;
2597 2197 2681 2253 sin
2713 2205 2917 2264 autem,
2950 2195 3007 2250 in
3053 2194 3244 2250 eodem
3295 2193 3418 2250 loco
3463 2192 3775 2251 venientem

2179 2289 2501 2362 praestolati,
2549 2289 2765 2345 collatis
2822 2288 3021 2360 signis,
3067 2286 3397 2359 aequissimo
3434 2284 3609 2358 judici
3661 2286 3779 2345 Deo

2182 2400 2298 2441 rem
2331 2383 2761 2440 committerent.

2255 2497 2660 2572 Superveniunt
2687 2496 2852 2551 etiam
2883 2495 3012 2551 hinc
3058 2491 3423 2560 Luticiorum,
3462 2493 3594 2549 bino
3618 2491 3807 2551 Polo.-

2182 2608 2382 2648 norum
2433 2590 2523 2624 ’⁸⁵³⁷
2573 2588 2781 2656 nuncii,
2831 2603 2990 2643 suam
3038 2587 3262 2657 utrique
3301 2602 3544 2658 operam,
3592 2587 3780 2645 socias

2183 2701 2380 2741 manus
2431 2692 2486 2739 ct
2538 2698 2718 2753 pares,
2788 2681 2858 2736 ad
2919 2687 3119 2736 cuncta
3172 2695 3299 2750 qua:
3365 2680 3493 2736 belli
3562 2680 3782 2738 artibus

488 2751 869 2817 testanturque
918 2750 1009 2783 ’δ”
1038 2766 1134 2821 per
1179 2750 1373 2818 Deum,
1422 2768 1521 2823 per
1572 2754 1730 2824 cujus
1783 2769 1980 2809 nomen
2026 2754 2080 2810 in

2182 2750 2555 2848 transigenda
2613 2775 2758 2842 sint,
2818 2774 3034 2829 animos
3086 2773 3444 2844 pollicentes;
3505 2781 3564 2829 et
3624 2774 3779 2845 quod

489 2838 1041 2940 unius-ejusdemque
1072 2843 1388 2899 m’militia3
1415 2852 1755 2901 sacramenta
1779 2845 2079 2915 jurassent,
2168 2838 2390 2940 ‘pamliv
2412 2868 2523 2923 sim
2547 2910 2563 2936 ,
2618 2867 2707 2922 die
2746 2838 2937 2937 "luem
3003 2838 3104 2897 mi
3157 2863 3403 2925 Saxones
3431 2838 3789 2937 'design'am,

493 2928 673 3030 ξη-’ω
699 2933 873 2988 assint
901 2935 1356 3003 periclitantibus,
1384 2944 1440 2991 et
1469 2938 1611 2992 sicut
1651 2938 1805 3008 prius
1842 2938 2082 3009 gerendo
2182 2928 2314 3030 ξίιη,
2371 2928 2712 3017 armat'omm
2766 2928 2955 3029 c'opias
3012 2973 3180 3030 quam
3232 2959 3503 3016 maximas
3553 2928 3610 3013 ᾖς
3669 2959 3778 3016 Sa-

492 3020 636 3121 bello
666 3021 908 3080 favorem
940 3042 1122 3094 suum,
1156 3028 1228 3083 ita
1259 3044 1404 3083 nunc
1434 3029 1749 3099 reparanda:
1778 3030 1917 3100 paci,
1949 3045 2084 3101 quo-
2183 3020 2403 3116 mni'am
2432 3053 2677 3120 ιηςηθνο,
2730 3053 2814 3107 νει
2837 3020 2957 3121 ita»,
2988 3020 3046 3108 si.
3083 3053 3190 3108 hoc
3215 3051 3425 3120 malim,
3445 3060 3634 3108 contra
3669 3052 3779 3109 υἷι,

493 3113 642 3168 “iam
692 3130 787 3171 eos
829 3117 953 3217 be!“
1017 3120 1313 3217 Ρωηίίθξηζ
1349 3122 1615 3217 “silium
1634 3214 1646 3217 _
1684 3123 2085 3217 εοηεηίιιιηίιιιθ
2111 3138 2153 3197 C
2186 3163 2289 3204 nos
2315 3113 2374 3203 ct
2398 3147 2533 3202 alias
2561 3113 2749 3217 gentes
2778 3161 2918 3216 quas
2943 3113 3234 3217 vulgatum
3263 3154 3381 3200 erat
3412 3113 3477 3201 ad
3510 3145 3779 3216 irruptio-

494 3222 658 3263 suum
687 3222 795 3263 non
828 3211 1172 3267 subtrahant.
1209 3212 1315 3269 Sed
1338 3215 1483 3286 regis
1512 3214 1821 3285 prudentia,
1852 3232 1961 3287 qua
1992 3234 2087 3273 su-

494 3313 595 3369 pra
628 3300 719 3333 m'
765 3310 979 3358 mtatem
1028 3321 1183 3360 suam
1221 3306 1421 3361 mirum
1473 3306 1528 3361 in
1557 3308 1782 3364 modum
1832 3309 2082 3379 callebat,

494 3393 678 3449 omnia
709 3404 973 3465 sepserat,
1002 3413 1192 3455 omnes
1240 3400 1379 3467 vias,
1428 3415 1621 3456 omnes
1665 3401 1846 3459 aditus
1874 3403 2087 3459 obstru-

494 3494 668 3540 xerat.
696 3485 978 3558 Siquidem
1009 3504 1042 3545 a
1070 3492 1285 3548 cunctis
1310 3492 1652 3563 principibus
1670 3494 1786 3550 suis
1806 3495 2088 3565 jusjuran-

493 3577 625 3633 dum
653 3588 955 3650 acceperat,
1013 3584 1161 3653 quod
1210 3586 1392 3641 nullas
1446 3601 1639 3641 eorum
1687 3587 1987 3659 legationes
2023 3604 2084 3645 se

496 3670 809 3727 inconsulto
838 3674 1194 3744 susciperent,
1227 3678 1375 3748 quod
1401 3693 1497 3734 eos
1523 3694 1624 3734 nec
1651 3679 1821 3735 armis
1866 3682 2085 3751 publice

495 3777 597 3819 nec
626 3765 871 3821 consiliis
927 3774 1140 3823 secreto
1193 3776 1523 3837 tutarentur,
1577 3786 1679 3827 nec
1731 3771 1833 3827 sibi
1875 3788 1975 3843 pro
2003 3774 2084 3829 eis

495 3869 688 3925 preces
717 3857 1012 3926 aliquando
1035 3858 1881 3933 supplicationesquedeferrent,
1909 3865 2084 3921 donec

495 3960 557 4002 se
584 3956 817 4017 acceptae
862 3949 933 4003 ab
968 3949 1049 4004 eis
1078 3949 1391 4021 ignominiae
1439 3956 1711 4010 maculam
1751 3955 1917 4027 digna
1970 3958 2085 4012 ani-

498 4039 880 4095 madversione
905 4042 1110 4098 eluisse
1150 4043 1242 4076 ¹⁸’⁶
1272 4045 1389 4114 ipse
1425 4045 1594 4116 judex
1647 4049 1908 4119 testisque
1946 4048 2083 4105 fate-

495 4138 665 4187 retur.
714 4131 814 4199 lta,
852 4149 1201 4207 quocumque
1246 4137 1626 4207 intendissent,
1679 4156 2083 4213 quamcumque

494 4222 640 4280 viam
671 4233 1149 4297 pertemptassent,
1206 4230 1389 4286 omnia
1439 4231 1750 4302 obﬁrmata,
1783 4234 2079 4304 implicata,

495 4314 754 4388 impedita
783 4331 1123 4389 repererunt.

2182 3259 2308 3298 nem
2343 3241 2593 3298 Samnite
2620 3256 2651 3296 a
2680 3255 2806 3313 rege
2834 3239 3153 3298 sollicitatas
3181 3256 3325 3309 esse,
3370 3242 3632 3297 stationes
3683 3243 3755 3275 ω

2175 3336 2444 3407 jugesque
2472 3334 2734 3391 excubias
2761 3341 2945 3405 agant,
2977 3340 3039 3389 ut
3067 3333 3170 3388 hac
3193 3341 3354 3404 parte
3390 3334 3783 3393 sollicitudinis

2179 3435 2479 3485 exonerent
2493 3428 2629 3483 alias
2653 3434 2971 3501 occupatos.
2996 3424 3112 3482 Hoc
3139 3426 3343 3481 nuncio
3372 3427 3652 3496 paululum
3683 3444 3779 3485 re-

2178 3522 2379 3581 creatis
2408 3520 2632 3587 animis,
2662 3519 2918 3591 digressi,
2959 3526 3225 3589 quantum
3268 3519 3530 3588 temporis
3576 3536 3780 3590 super.

2177 3623 2297 3672 erat
2324 3629 2499 3685 usque
2526 3612 2591 3668 ad
2623 3612 2768 3669 diem
2784 3611 3135 3668 coadunandi
3148 3612 3441 3680 exercitus,
3472 3612 3525 3667 in
3546 3612 3779 3682 jejuniis

2177 3716 2233 3763 et
2258 3706 2459 3779 vigiliis
2502 3706 2748 3778 exigunt,
2778 3705 3040 3761 ecclesias
3085 3702 3344 3760 indefessi
3388 3704 3659 3774 obsident,
3717 3707 3777 3762 in

2177 3800 2361 3856 cinere
2398 3798 2714 3855 volutantur
2741 3804 2797 3853 et
2821 3797 3023 3867 cilicio,
3050 3804 3241 3854 noctes
3276 3796 3499 3868 perinde
3544 3813 3609 3853 ac
3653 3798 3778 3855 dies

2176 3891 2430 3963 precibus
2457 3890 2765 3959 insumunt,
2796 3889 3009 3946 nullum
3038 3897 3316 3961 postremo
3345 3889 3626 3960 religionis
3675 3906 3777 3961 ge—

2180 4000 2305 4050 nus,
2336 3982 2485 4054 quod
2511 3984 2579 4038 ad
2606 3982 2935 4053 placandum
2964 3981 3137 4037 Deum
3181 3981 3550 4037 ecclesiastica
3596 3983 3775 4037 tradi-

2178 4073 2328 4131 tione
2374 4081 2752 4145 comparatum
2783 4074 2874 4142 sit,
2904 4075 3344 4145 przetermittunt.
3395 4073 3499 4129 Sed
3538 4090 3619 4130 ira
3648 4073 3777 4144 Dei,

2179 4183 2303 4239 quae
2330 4167 2385 4222 in
2414 4181 2511 4223 eos
2538 4174 2839 4234 exarserat,
2871 4167 3046 4238 major
3069 4174 3188 4222 erat
3212 4183 3377 4237 quam
3422 4175 3484 4223 ut
3528 4168 3776 4225 lacrimis

2178 4258 2467 4331 restingui,
2494 4258 2692 4315 hostiis
2721 4266 2775 4314 et
2805 4259 3125 4314 muneribus
3153 4259 3389 4331 mitigari
3428 4268 3613 4330 posset
3654 4260 3768 4329 9“.

2251 4350 2364 4408 Rex
2391 4358 2741 4422 pentecosten
2774 4351 3101 4408 Wormaciae
3130 4368 3257 4406 cum
3301 4351 3490 4422 paucis
3527 4352 3773 4408 celebra~

566 4431 705 4486 Exin
752 4433 840 4465 "’7
890 4428 1081 4491 crebra
1128 4453 1224 4507 per
1269 4437 1564 4494 Saxoniam
1615 4439 2080 4514 Thuringiamque
2111 4509 2147 4517 _
2176 4445 2257 4499 vit
2285 4443 2443 4517 (Mai.
2475 4445 2589 4516 24),
2620 4444 2957 4516 principibus
2985 4444 3038 4498 in
3068 4443 3522 4514 praeparationem
3562 4444 3778 4501 militia:

494 4514 873 4581 conventicula
929 4526 1154 4595 faciunt,
1185 4530 1317 4600 quid
1345 4530 1434 4562 ‘m
1472 4530 1618 4587 facto
1666 4549 1805 4604 opus
1834 4509 1922 4588 isit
1952 4509 2081 4589 eon-
2111 4509 2156 4564 D
2182 4509 2411 4609 singulis
2439 4509 2647 4607 privata
2677 4509 3040 4593 sollicitudine
3070 4509 3383 4606 occupatis.
3433 4534 3648 4592 Statuta
3678 4537 3771 4569 ηδ’

497 4616 723 4682 sulunt;
757 4619 1020 4675 discussis
1056 4630 1110 4675 et
1138 4622 1446 4678 eventilatis
1481 4626 1736 4682 omnibus
1776 4642 1897 4697 qum
1927 4636 2079 4683 tanto

497 4709 644 4764 male
697 4713 997 4769 remedium
1034 4715 1255 4786 aliquod
1303 4715 1550 4787 polliceri
1578 4717 1921 4787 videbantur,
1952 4736 2079 4775 cum

2188 4628 2273 4688 ille
2301 4629 2449 4685 venit
2472 4629 2527 4683 in
2556 4628 2857 4701 Bredingen
2888 4627 3061 4700 (lum)
3089 4644 3216 4683 cum
3260 4629 3471 4684 inﬁnita
3516 4629 3775 4684 multitu-

2187 4720 2336 4789 dine,
2353 4722 2627 4793 planeque
2652 4720 2899 4776 omnium
2931 4719 3469 4776 unanimiconsensu
3497 4721 3781 4785 constitit.

1784 4876 2017 4934 VARME
2057 4877 2461 4935 LECTIONES.

512 4988 519 4997 '
571 4982 661 5059 “f‘
682 4982 892 5059 juzlices
922 4985 977 5059 ιτ
994 5057 1027 5059 η
1051 4983 1142 5018 ¹¹⁵¹⁷
1159 4983 1344 5059 Vdalr.
1370 5004 1566 5059 omnes.
1638 4987 1730 5020 ¹⁵¹⁸
1761 4989 1939 5059 primo
1969 4988 2021 5042 5.
2099 4988 2189 5022 ¹³¹¹
2211 4987 2504 5043 Rudolfum
2525 4976 2727 5043 omnes.
2800 4988 2891 5022 ⁸³²⁰
2906 4986 3258 5044 Bertholdum
3292 4988 3482 5044 1.5.4.
3560 4986 3654 5059 f’i
3682 5003 3778 5056 pe-

494 5055 773 5118 pegissaznt
812 5058 863 5112 5.
944 5054 1033 5088 ⁸⁸²²
1062 5072 1170 5118 que
1223 5056 1364 5111 deest
1393 5058 1446 5112 5.
1525 5059 1616 5091 ¹⁸²³
1667 5054 1779 5118 que
1817 5059 1959 5113 deest
2008 5059 2061 5113 ἐξ.

2139 5058 2231 5091 ιω
2279 5067 2337 5114 ει
2363 5059 2417 5113 4,
2493 5059 2585 5091 1m
2616 5074 2781 5118 super
2806 5061 2858 5114 ές
2933 5059 3025 5091 im
3051 5060 3278 5114 cluisset
3305 5060 3358 5114 4.

3441 5059 3531 5092 ¹δ¹⁷
3559 5056 3775 5112 Exinde
