4050 5358
334 303 469 358 “Si

1578 300 1923 357 ANNALES.
1952 331 2021 341 -
2048 301 2163 359 AN.
2196 304 2349 363 i075.

3466 300 3606 367 1183

333 420 478 475 nulla
530 430 793 488 umquam
855 425 1007 473 retro
1054 431 1328 487 majorum
1382 415 1648 471 memoria
1703 422 1917 469 tantum
1946 415 2125 483 Aque
2172 423 2387 485 tempus
2441 423 2692 487 sumptus
2742 415 3097 484 convexisse;
3144 417 3281 474 nihil
3327 431 3606 490 permotos

331 512 647 573 exercitum.
679 519 788 565 tam
818 509 1034 577 fortem,
1077 519 1187 565 tam
1213 508 1543 585 militariter
1572 508 1920 572 instructum,

333 606 385 657 in
416 619 585 674 regno
627 601 926 658 Truton'co
981 619 1013 658 a
1067 617 1349 672 quoquam
1401 617 1527 672 rege
1580 608 1921 656 contractum

332 696 519 751 fuisse.
571 693 838 765 Quicquid
870 696 926 749 in
952 709 1122 766 regno
1145 695 1527 764 episcOporum
1574 703 1712 760 erat,
1761 694 1919 763 quic-

329 788 460 858 quid
486 787 706 853 ducum,
743 786 1000 857 quicquid
1026 787 1314 852 comitum,
1354 786 1614 856 quiequid
1660 786 1919 842 ecclesia-

330 882 592 937 sticarum
622 889 718 934 aut
747 880 1078 935 sccnlarium
1106 878 1457 949 dignitatum,
1486 893 1678 932 omnes
1705 892 1921 935 summa

327 972 402 1037 vi,
451 986 667 1028 summa
702 986 805 1040 ope
843 971 899 1025 in
940 971 1045 1025 hoc
1089 970 1292 1027 bellum
1338 969 1479 1024 enisi
1534 975 1918 1023 convenerant.

328 1062 501 1127 Nemo
526 1078 770 1133 prorsus,
804 1063 907 1119 nisi
936 1078 1101 1133 quem
1136 1061 1276 1117 forte
1313 1078 1346 1132 g
1377 1061 1492 1116 avis
1525 1062 1820 1118 admodum
1867 1068 1923 1117 et

329 1156 558 1217 cumino
604 1156 996 1225 inexplicabilis
1024 1155 1325 1211 necessitas
1351 1163 1689 1221 excusasset,
1713 1155 1917 1211 aberat.

330 1248 633 1317 Episcopus
654 1248 1001 1304 Coloniensis
1023 1290 1037 1312 ,
1068 1255 1330 1303 causatus
1353 1247 1444 1279 ηδ’
1472 1247 1700 1317 impium
1726 1246 1849 1302 fore
1874 1247 1922 1303 si

327 1341 658 1397 calamitatis
693 1358 817 1411 quae
838 1355 1172 1411 Oppressum
1193 1347 1340 1396 esset
1367 1338 1591 1395 fratrem
1617 1356 1779 1395 suum
1815 1340 1923 1397 Ma-

327 1433 795 1505 galaburgensem
842 1434 1160 1504 episcopum
1211 1439 1267 1487 et
1310 1432 1701 1488 consobrinum
1756 1449 1918 1491 suum

326 1522 824 1587 Halberstatensem
856 1525 948 1559 ‘W‘
974 1525 1315 1596 episcopum,
1361 1533 1637 1595 spectator
1680 1526 1918 1594 adesset,

324 1619 663 1673 vacationem
695 1618 1101 1689 impetraverat,
1132 1617 1267 1672 haut
1300 1625 1523 1688 gravate
1571 1618 1676 1675 hoc
1718 1633 1919 1677 conce-

323 1710 485 1765 dente
510 1725 658 1780 rege,
688 1725 756 1766 eo
789 1710 937 1781 quod
967 1717 1091 1779 post
1114 1709 1351 1779 primam
1388 1708 1753 1765 defectionem
1779 1710 1921 1767 invi-

324 1817 449 1873 sum
479 1818 693 1872 semper
724 1818 849 1858 eum
879 1809 1304 1872 suspectumque
1338 1800 1427 1833 ‘W
1454 1801 1757 1863 habuisset.
1786 1801 1920 1859 Leo-

321 1893 526 1957 diensis
566 1893 655 1926 ¹⁵⁸⁶
698 1894 1009 1964 episcopus,
1054 1894 1141 1948 vir
1176 1901 1371 1964 praeter
1417 1894 1747 1964 decrepitam
1793 1904 1920 1952 atta-

322 1994 431 2053 tem
458 1987 620 2056 longa
647 1986 811 2042 etiam
837 1986 1161 2058 aegritudine
1186 1985 1489 2043 exhaustus
1508 2027 1522 2054 ,
1553 1988 1797 2059 reginam
1827 1989 1914 2045 in-

320 2088 390 2133 te:
409 2079 482 2134 im
529 2079 853 2137 servandam
882 2086 1217 2149 susceperat,
1246 2086 1303 2134 et
1326 2079 1433 2135 hac
1460 2080 1751 2136 occasione
1796 2094 1915 2151 ipse

319 2186 539 2241 quoque
568 2170 760 2229 militia
802 2170 1217 2244 defungcbatur.
1270 2170 1508 2243 Uterque
1556 2180 1739 2229 tamen
1776 2175 1915 2232 mili—

319 2271 402 2318 tes
432 2277 565 2319 suos
588 2263 928 2333 amplissimo
957 2279 1187 2319 numero
1206 2265 1527 2348 transmisit.
1554 2264 1673 2322 Dux
1694 2283 1913 2339 quoque

317 2356 647 2410 Boemorum
675 2356 882 2425 aderat,
911 2365 1065 2413 tanto
1092 2358 1323 2427 stipatus
1353 2358 1589 2428 agmine,
1619 2367 1681 2413 ut
1721 2375 1780 2416 se
1826 2376 1912 2416 so—

314 2446 431 2503 lum
459 2448 601 2502 bello
631 2445 905 2505 Saxonico
933 2449 1179 2505 sullicere
1205 2464 1385 2519 posse,
1416 2466 1555 2506 vana
1584 2467 1679 2522 spe
1699 2452 1906 2521 elusus,

318 2540 694 2608 arlitrarrtur.
754 2540 1081 2597 Widcradus
1126 2542 1296 2598 abbas
1341 2541 1663 2611 Fuldensis,
1713 2555 1910 2617 praeter

319 2633 464 2702 ειτοὰ
491 2633 559 2687 ab
588 2633 809 2689 ineunte
834 2642 992 2689 aetate
1034 2649 1145 2688 uno
1174 2635 1309 2704 pede
1356 2636 1595 2706 graviter
1642 2638 1911 2695 claudica-

318 2733 491 2793 verat,
513 2725 631 2795 jam
662 2742 758 2795 per
784 2725 1065 2782 biennium
1097 2727 1169 2781 ita
1200 2727 1420 2796 paralisi
1443 2728 1745 2787 dissolutus
1767 2738 1904 2799 erat,

317 2826 380 2872 ut
424 2817 528 2871 nisi
569 2817 765 2872 baculo
815 2827 910 2873 aut
957 2817 1334 2873 ministrorum
1385 2819 1630 2877 humeris
1686 2822 1908 2879 innixus

2022 514 2298 561 tantorum
2328 507 2567 562 hostium
2596 508 2851 575 adventu,
2894 508 2949 588 in
2987 510 3240 578 proximo
3285 520 3466 567 castra
3519 516 3605 570 lo-

2020 613 2211 663 casse;
2240 607 2363 667 post
2380 598 2621 653 laborem
2652 598 2863 654 itineris
2901 600 3081 654 otioso
3114 600 3230 670 jam
3278 602 3483 672 animo,
3535 607 3604 661 ﬁ-

2021 690 2105 745 xis
2135 690 2224 721 “‘9
2254 690 2522 756 tentoriis,
2546 691 2847 747 recreando
2886 692 3103 762 corpori
3144 692 3455 763 indulgere;
3497 695 3610 754 hoc

2021 781 2301 847 statuisse,
2340 790 2403 836 ut
2434 782 2643 851 legatos
2678 784 2952 853 supplices
2992 784 3060 839 de
3095 800 3230 855 pace
3277 786 3517 856 mittant,
3555 789 3607 847 si

2020 890 2131 930 non
2161 885 2471 942 impetrent,
2522 889 2680 943 reque
2717 875 3014 930 certamine
3037 875 3357 931 adoriantur
3383 877 3607 935 veniet).

2020 974 2121 1023 tes.
2176 964 2355 1019 Facile
2393 973 2447 1019 et
2487 966 2842 1036 contemptim
2869 966 2956 999 ηδ’
2983 968 3089 1023 hoc
3132 968 3377 1025 auditum
3416 976 3502 1027 est
3534 972 3606 1027 ab

2019 1058 2106 1113 his
2152 1058 2248 1129 qui
2292 1073 2417 1113 cum
2456 1072 2584 1129 rege
2638 1058 2825 1129 erantf,
2874 1060 3080 1129 passim
3130 1059 3463 1130 iactantibus
3503 1076 3606 1118 nec

2020 1146 2228 1205 ferreas
2254 1150 2338 1205 vel
2356 1136 2458 1181 ἠδ’
2481 1149 2858 1206 adamantinae
2878 1152 3024 1206 acies
3055 1153 3389 1210 multitudini
3432 1152 3522 1187 ⁸⁸⁸³
3550 1161 3607 1211 et

2020 1240 2207 1297 virtuti
2236 1256 2349 1297 suae
2369 1241 2818 1312 inexpugnabiles
2840 1240 2985 1309 fore;
3011 1259 3196 1299 secum
3226 1260 3347 1301 esse
3375 1245 3603 1301 militem

2018 1332 2401 1397 lectissimum,
2416 1334 2511 1404 qui
2528 1334 2582 1388 in
2600 1332 2864 1389 faciendis
2878 1334 3161 1404 stipendiis
3175 1346 3388 1392 aetatem
3398 1338 3607 1408 exegis-

2020 1434 2124 1493 set,
2153 1433 2208 1481 et
2242 1440 2403 1497 quem
2431 1426 2630 1496 singuli
2657 1426 2951 1496 principes,
2983 1427 3224 1499 diligenti
3253 1429 3462 1487 delectu
3509 1428 3602 1462 “5’

2018 1516 2228 1584 habito,
2257 1518 2324 1573 de
2343 1524 2460 1573 toto
2478 1517 2609 1573 orbe
2632 1518 3037 1589 exquisissent;
3075 1520 3225 1576 illinc
3260 1522 3456 1593 vulgus
3480 1537 3605 1581 esse

2020 1605 2285 1680 ineptum,
2313 1609 2660 1682 agricultura:
2676 1612 3055 1684 pociusquam
3076 1613 3283 1670 militiae
3299 1622 3602 1686 assuetum,

2020 1700 2168 1771 quod
2224 1716 2333 1757 non
2386 1702 2572 1759 animo
2626 1703 2849 1760 militari
2895 1705 2991 1761 sed
3038 1704 3345 1776 principum
3396 1715 3604 1766 terrore

2019 1802 2289 1861 coactum,
2334 1803 2524 1851 contra
2566 1812 2750 1855 mores
2792 1805 2847 1852 et
2888 1796 3136 1854 instituta
3181 1813 3282 1855 sua
3329 1799 3386 1854 in
3426 1799 3601 1856 aciem

2016 1886 2395 1955 processisset,
2423 1896 2478 1943 et
2502 1889 2625 1945 ideo
2648 1906 2758 1945 non
2787 1898 3199 1960 expectaturum
3223 1898 3282 1946 ut
3305 1891 3603 1947 commisso

2016 1979 2312 2035 certamine
2332 1981 2642 2037 comminus
2668 1983 2858 2038 stricto
2885 1998 3016 2038 ense
3037 1982 3226 2039 feriret
3247 1992 3302 2039 et
3326 1983 3599 2051 feriretur,

2016 2070 2112 2126 sed
2162 2079 2288 2126 ante
2341 2073 2697 2128 commissum
2751 2074 2995 2144 praelium
3047 2075 3168 2131 solo
3224 2078 3603 2134 concurrentis

2013 2161 2256 2218 exercitu
2287 2163 2517 2233 strepitu
2548 2172 2603 2219 ct
2641 2164 2881 2221 clamore
2933 2168 3249 2224 terrendum
3301 2167 3599 2240 fugandum

2013 2262 2069 2311 et
2113 2253 2451 2312 fundendum
2500 2271 2624 2314 esse
2678 2258 2788 2313 “”.
2852 2256 2971 2314 Rex
3018 2275 3129 2315 non
3176 2268 3286 2315 tam
3325 2262 3603 2317 metuebat

2012 2362 2082 2403 ne
2125 2350 2313 2420 praelio
2357 2366 2524 2421 quam
2565 2368 2633 2408 ne
2672 2352 3067 2423 supplicatione
3114 2355 3444 2423 vinceretur,
3490 2372 3599 2413 neu

2010 2440 2286 2513 principes
2306 2443 2393 2499 sui
2415 2444 2496 2500 eis
2517 2444 2730 2512 bellum
2760 2445 2962 2501 inferre
2984 2446 3349 2518 irreligiosum
3374 2448 3466 2481 “’5
3491 2450 3599 2505 du-

2010 2542 2197 2589 cerent
2223 2534 2317 2605 qui
2348 2551 2406 2591 se
2447 2536 2513 2592 ad
2551 2552 2929 2608 quascumque
2971 2539 3314 2597 conditiones
3357 2541 3598 2611 pacatis-

2010 2623 2180 2682 simos
2220 2627 2309 2659 ¹¹⁸⁵⁸
2352 2629 2673 2698 praeberent,
2722 2637 2777 2684 et
2822 2628 3134 2700 ignominiae
3178 2646 3293 2686 sure
3339 2631 3596 2701 vindicta,

2009 2733 2118 2788 qua
2146 2720 2282 2773 nihil
2308 2719 2588 2775 ardentius
2610 2721 2883 2791 cupiebat,
2908 2737 2939 2776 e
2969 2723 3222 2780 manibus
3253 2722 3351 2780 sibi
3385 2740 3600 2795 rapere-

2008 2816 2118 2865 tur.
2174 2810 2290 2867 lloc
2331 2828 2668 2883 praecavens,
2721 2830 2884 2886 quam
2934 2814 3172 2871 maxime
3217 2817 3495 2886 satagebat
3537 2827 3600 2873 ut

318 2925 588 2978 nusquam
617 2911 866 2980 progredi
896 2918 1101 2981 posset,
1149 2908 1289 2966 Eum
1321 2919 1501 2968 tamen
1530 2929 1631 2969 nec
1662 2922 1769 2968 tam
1794 2931 1909 2971 mo.
2007 2911 2133 2958 ante
2159 2904 2432 2961 exercitus
2469 2907 2900 2973 committerent,
2918 2923 3082 2978 quam
3124 2908 3286 2979 legati
3316 2908 3595 2965 δεχοιιυω

315 3002 452 3056 lesta
480 3001 721 3057 valitudo
761 3018 1026 3058 excusare
1055 3010 1268 3073 poterat
1294 3019 1325 3058 a
1354 3004 1567 3071 militia,
1600 3005 1653 3060 id
1680 3007 1904 3076 potissi-
2006 3011 2195 3066 Pacem
2223 2999 2548 3067 Ροεῐιιιδιυνί
2576 3000 2853 3066 venirem;
2878 2999 3175 3069 Plurimum
3202 3000 3258 3055 ίη
3280 3000 3385 3056 hoc
3414 3001 3594 3070 ipsum

316 3110 467 3157 mum
505 3102 732 3149 curante
774 3110 897 3166 rege
939 3103 998 3149 ut
1027 3095 1273 3151 omnium
1321 3096 1627 3167 principum
1677 3114 1904 3154 suorum
1933 3108 1975 3166 ο
2007 3092 2285 3149 annitentc
2318 3094 2408 3126 ¹⁵⁸⁶
2435 3095 2575 3151 duce
2607 3094 2910 3151 Suevorum
2964 3093 3257 3161 Ruodolfo,
3307 3102 3593 3165 propterea

316 3185 487 3241 titulis
514 3201 577 3241 ac
608 3184 848 3243 fascibus
887 3203 1053 3257 quam
1102 3187 1340 3243 maxime
1387 3188 1655 3259 insignem
1703 3188 1906 3247 faceret
2006 3186 2174 3254 quod,
2204 3200 2351 3241 anno
2406 3187 2587 3259 priore
2640 3204 2870 3259 regnum
2923 3187 3208 3245 affectasse
3263 3186 3593 3255 infamatus,

312 3278 731 3348 expeditionem.
782 3277 1031 3350 Cumque
1060 3280 1124 3335 ad
1155 3280 1339 3336 locum
1374 3281 1715 3337 coadunandi
1741 3298 1902 3338 exer-

312 3372 455 3426 citus
480 3371 880 3427 ferventissima
906 3380 1095 3428 testate
1123 3372 1376 3429 vehiculo
1404 3374 1598 3430 sedens
1633 3385 1901 3446 pergeret,

311 3464 542 3533 strepitu
570 3463 918 3521 circumfusa:
946 3465 1313 3521 multitudinis
1339 3474 1397 3520 et
1421 3466 1473 3521 vi
1504 3468 1759 3522 concitati
1789 3470 1905 3537 pul-

309 3554 455 3610 veris
481 3554 800 3623 suﬂ‘ocatus,
829 3572 967 3627 pene
995 3557 1251 3628 spiritum
1298 3559 1624 3615 exalaverat.
1678 3559 1901 3618 eratus

310 3645 365 3700 in
394 3648 808 3716 monasterium,
830 3665 862 3705 a
890 3657 1113 3720 stupore
1141 3650 1363 3722 quidem
1392 3651 1591 3707 mentis
1618 3660 1741 3721 post
1768 3646 1902 3722 pau-

310 3737 481 3794 lulum
511 3741 816 3810 respiravit,
848 3742 1060 3797 nullum
1089 3749 1271 3799 tamen
1321 3744 1463 3798 ultra
1510 3744 1734 3799 verbum
1778 3760 1902 3816 pro-

309 3830 458 3901 loqui
490 3833 685 3902 potuit,
726 3843 891 3906 atque
934 3835 1011 3890 ita
1050 3836 1306 3906 deinceps
1342 3852 1439 3907 per
1486 3835 1519 3890 6
1568 3837 1901 3894 ebdomadas

310 3924 629 3995 gravissima
656 3928 905 3998 corporis
931 3928 1181 3986 molestia
1208 3929 1467 3986 decoctus
1486 3972 1502 3998 ,
1534 3927 1601 3984 l7
1631 3928 1901 3987 Kalendas

308 4014 541 4087 Augusti
593 4018 850 4076 humanis
894 4021 1060 4078 rebus
1105 4030 1393 4093 exemptus
1438 4031 1540 4080 est.
1592 4022 1688 4079 Vir
1742 4026 1902 4096 plane

310 4105 567 4165 ferventis
590 4111 645 4165 in
675 4110 847 4167 Deum
874 4112 1019 4181 fidei,
1052 4114 1168 4170 suis
1196 4122 1382 4170 tamen
1420 4116 1677 4173 omnibus
1705 4118 1898 4173 admo-

310 4200 441 4255 dum
480 4202 713 4272 invisus,
759 4212 1045 4276 propterea
1088 4208 1235 4277 quod
1278 4207 1334 4261 in
1381 4208 1574 4265 diebus
1616 4210 1736 4281 ejus
1779 4210 1902 4266 Ful-

310 4291 476 4349 dcnse
496 4309 694 4350 nomen
716 4296 903 4353 multis
925 4298 1327 4355 calamitatibus
1351 4302 1702 4357 vehementer
1748 4305 1903 4359 attri-

2005 3279 2373 3350 suspicionem
2410 3281 2551 3336 hanc
2581 3282 2737 3336 novis
2766 3297 2892 3351 erga
2932 3297 3115 3353 regem
3154 3280 3349 3339 studiis
3382 3280 3595 3338 abster-

2002 3386 2128 3442 gere
2156 3372 2512 3443 cupidissime
2533 3374 2751 3429 volebat
2778 3373 2950 3445 (581).

2065 3462 2351 3521 Profectus
2390 3482 2484 3521 rex
2527 3467 2593 3522 de
2624 3464 2913 3536 Bredingin
2956 3464 3069 3531 “'7,
3101 3465 3402 3535 dieprima
3444 3464 3593 3522 venit

2002 3554 2057 3609 in
2087 3554 2291 3613 Elenen
2323 3558 2493 3629 (582).
2550 3557 2809 3629 Sequenti
2850 3558 2937 3613 die
2965 3557 3303 3627 praecipitato
3355 3557 3588 3612 nimium

2001 3648 2171 3719 gradu
2200 3650 2436 3705 duorum
2474 3666 2610 3721 pene
2645 3650 2855 3705 dierum
2896 3650 2997 3704 iter
3024 3648 3256 3704 confecit
3285 3648 3396 3715 “'3,
3428 3656 3593 3719 atque

2004 3739 2058 3793 in
2090 3739 2319 3813 Beringe
2346 3742 2494 3814 (585)
2524 3750 2704 3797 castra
2734 3742 2918 3813 posuit
2943 3740 3096 3812 (Jun.
3124 3742 3201 3811 8),
3235 3742 3369 3799 haut
3416 3742 3590 3796 multo

2002 3848 2033 3887 a
2065 3831 2374 3890 Saxonibus
2403 3835 2706 3890 intervallo.
2734 3833 2875 3902 Jam,
2914 3834 3038 3890 lixis
3070 3833 3457 3899 “"tentoriis,
3483 3835 3593 3888 sin-

2000 3927 2112 4001 guli
2133 3944 2268 3999 ,quze
2294 3928 2578 3984 exhaustis
2617 3927 2942 3983 lassitudine
2975 3928 3300 3998 corporibus
3327 3941 3587 3982 necessa-

1998 4019 2080 4074 ria
2120 4017 2300 4074 forent
2339 4022 2768 4092 circumquaque
2805 4020 3041 4091 dispersi
3072 4020 3453 4091 providebant,
3490 4032 3589 4072 rex

1997 4116 2165 4173 etiam
2194 4113 2546 4185 refrigerandi
2573 4114 2744 4185 gratia
2781 4128 2841 4169 se
2877 4112 2928 4166 in
2958 4112 3156 4166 lectum
3207 4111 3585 4179 reclinaverat,

1999 4227 2124 4267 cum
2158 4208 2338 4263 subito
2366 4208 2473 4262 dux
2497 4205 2801 4261 Ruodolfus
2824 4203 3133 4274 ingrediens
3170 4202 3393 4258 nunciat
3421 4200 3591 4256 Saxo-

1998 4318 2097 4357 nes
2123 4298 2449 4355 brevissimo
2471 4298 2657 4367 spacio
2675 4297 2889 4362 abesse,
2920 4302 2993 4359 et,
3028 4293 3292 4348 incertum
3322 4293 3591 4364 negligen-

310 4391 425 4440 tnm
453 4393 508 4441 et
533 4401 672 4457 pene
712 4389 938 4445 omnino
982 4391 1353 4446 oblitteratum
1407 4392 1621 4448 fuisset.
1672 4392 1779 4449 Sed
1828 4397 1896 4453 ad
1998 4402 2082 4449 tes
2129 4407 2198 4446 an
2233 4389 2454 4459 ignaros
2494 4386 2894 4442 advenientium
2924 4385 3187 4451 hostium,
3224 4385 3362 4439 inter
3397 4385 3587 4454 epulas

308 4485 568 4548 coeptum,
594 4481 736 4536 unde
762 4481 995 4554 digressi
1027 4497 1240 4550 sumus,
1275 4483 1584 4540 redeamus.

378 4568 557 4627 Misssi
600 4587 631 4626 a
682 4588 807 4644 rege
852 4574 1225 4645 exploratores
1271 4576 1541 4645 speculari
1593 4577 1890 4633 exercitum

309 4656 588 4718 Saxonum
620 4663 730 4732 Μ’,
760 4666 1065 4722 retulerunt
1103 4681 1219 4735 eos,
1264 4669 1612 4723 multitudine
1639 4675 1693 4722 et
1722 4670 1892 4725 armis

308 4751 452 4808 haud
472 4750 730 4827 impares,
761 4767 942 4815 cetero
968 4760 1094 4815 belli
1122 4769 1385 4831 apparatu
1427 4760 1592 4815 etiam
1638 4746 1890 4832 superio-

306 4859 395 4900 res
423 4862 576 4916 esse;
608 4864 740 4920 opes
768 4852 969 4909 multas
995 4860 1050 4908 et
1074 4851 1397 4909 sufﬁcientes
1428 4852 1484 4907 in
1507 4852 1733 4925 longum
1761 4869 1895 4925 quo!

1928 4463 1973 4517 Β
1996 4494 2050 4540 et
2069 4481 2261 4555 pocula
2291 4480 2489 4551 ineptis
2517 4479 2765 4535 lascivire
2796 4477 3027 4545 lusibus,
3058 4477 3217 4548 quasi
3262 4477 3352 4509 “°°
3395 4477 3475 4530 vel
3519 4475 3588 4532 ad

1997 4584 2259 4648 punctum
2301 4573 2561 4644 temporis
2596 4568 2846 4626 inultum
2885 4571 3123 4626 habeant
3172 4570 3318 4641 quod
3368 4578 3589 4640 sumpta

1997 4678 2185 4726 contra
2237 4683 2351 4723 rem
2400 4667 2670 4738 publicam
2719 4673 2774 4721 et
2819 4665 2967 4737 leges
3007 4664 3278 4734 majorum
3318 4678 3470 4717 arma
3507 4664 3591 4721 sic

1997 4763 2244 4835 improbe
2288 4760 2673 4831 conspectibus
2714 4758 2860 4830 regis
2890 4758 2980 4792 ““
3019 4757 3387 4822 invexissent;
3425 4754 3594 4827 igno.

1995 4856 2227 4914 minium
2253 4854 2395 4909 hanc
2420 4851 2705 4909 Teutonici
2732 4851 2886 4924 regni
2912 4851 3078 4908 nullis
3099 4851 3353 4919 deinceps
3385 4853 3604 4919 seculis

1582 4987 1819 5044 VARl/E
1856 4988 2264 5049 LECTIONES.

379 5095 468 5166 ¹ξ³³
494 5103 756 5154 causatur
773 5098 825 5154 5.
903 5101 994 5134 tt“
1022 5099 1535 5159 B'alberstadensem
1565 5103 1618 5157 .t.
1650 5102 1702 5157 5.
1784 5103 1875 5136 ¹⁵⁴⁵
1903 5117 2334 5166 susceptumque
2362 5104 2415 5160 5.
2495 5106 2585 5140 ³⁸³⁸
2616 5104 2897 5162 Lcdiensis
2923 5105 2976 5160 5.
3055 5103 3143 5136 ⁸⁸⁵⁷
3169 5090 3456 5161 Saxonum
3477 5117 3655 5166 th.“
3756 5087 3775 5103 δ
