4050 5358
472 275 614 338 ΗΚ)

1619 267 1966 334 cannensi
1991 278 2548 338 unusrswuxss

3600 283 3742 338 HS!»

385 457 390 460 _
473 391 793 454 abolendam
835 397 997 457 cs‘sc;
1045 390 1258 462 placere
1301 390 1424 457 sibi,
1480 406 1607 447 cum
1649 391 1828 446 adhuc
1882 391 2058 461 major
2085 395 2307 449 Aarma
2358 393 2598 463 rapiunt,
2649 394 2822 462 portis
2869 401 3252 465 prorumpunt.
3306 392 3476 449 Pauci
3521 393 3616 426 Νι
3660 394 3748 448 lo-

473 501 604 557 pars
666 491 904 554 supersnt
949 483 1077 549 diei,
1132 491 1192 564 ut
1243 483 1388 538 acies
1443 485 1766 551 instruatur,
1813 484 2060 553 prmlium

475 577 868 641 committatur,
905 576 1011 642 vel,
1055 577 1102 631 si
1136 573 1386 645 praelium
1413 576 1776 632 detrectantes
1805 577 1946 631 intra
1973 577 2064 610 ‘m

475 678 656 726 castra
691 686 750 726 se
777 676 1044 730 tutentur.
1070 670 1187 740 ipsa
1219 677 1400 724 castra
1435 670 1658 726 admoto
1699 669 1940 726 exercitu
1965 684 2064 723 ex-

479 770 810 832 pugnentur.
849 760 962 816 Rex
997 762 1048 816 ei
1081 777 1288 832 pronus
1321 762 1377 816 in
1403 768 1604 817 terram
1633 763 1838 834 gratias
1859 763 1990 834 agit,
2013 772 2068 819 et

477 855 645 925 liujus
668 854 914 910 beneﬁcii
943 855 1125 926 quoad
1163 855 1253 886 “6‘
1283 855 1431 910 vivat
1454 871 1754 926 numquam
1786 873 1846 912 se
1871 858 2066 916 immea

478 961 686 1002 morem
707 945 976 1014 futurum,
1000 947 1111 1001 Deo
1144 947 1199 1000 in
1231 947 1605 1002 testimonium
1631 949 1823 1016 ascito,
1854 953 2070 1020 pollice—

481 1045 589 1094 tur.
639 1036 718 1093 lta
762 1039 925 1094 ambo
963 1056 1023 1094 se
1064 1039 1304 1094 tentorio
1341 1039 1671 1110 proripiunt.
1712 1041 1850 1098 Dato
1873 1045 1940 1099 ad
1969 1061 2071 1116 pu-

479 1146 642 1199 gnam
693 1131 886 1202 signo,
937 1133 1091 1188 ocius
1130 1147 1324 1188 omnes
1364 1141 1590 1200 assunt;
1646 1134 1805 1208 longe
1857 1138 2071 1208 lateque

481 1221 752 1294 [patentes
794 1223 906 1296 Μδε]
931 1239 1156 1294 campos
1189 1231 1490 1296 occupant;
1523 1225 1724 1298 singuli
1749 1229 1916 1287 duces
1942 1247 2072 1288 suas

483 1332 733 1372 seorsum
759 1316 849 1348 ⁸⁸⁸³
875 1317 1116 1388 legiones
1157 1319 1454 1374 instruunt.
1511 1317 1580 1374 Et
1620 1323 1751 1391 quia
1791 1339 1892 1379 nec
1933 1324 2073 1379 situs

481 1407 589 1462 loci
634 1424 736 1464 nec
787 1410 1078 1466 multitudo
1132 1413 1438 1482 patiebatur
1493 1421 1554 1468 ut
1598 1430 1710 1469 uno
1772 1419 2074 1489 eodemque

483 1507 730 1570 tempore
763 1503 1019 1558 omnibus
1047 1507 1157 1558 una
1193 1503 1348 1559 ﬁeret
1387 1520 1582 1562 manus
1614 1511 1936 1566 conserendi
1977 1526 2074 1567 co-

483 1593 596 1664 pia,
620 1593 805 1649 datum
834 1596 1120 1666 negocium
1147 1604 1232 1652 est
1265 1597 1391 1652 duci
1415 1597 1685 1656 Ruodoll'o
1725 1609 1786 1656 ut
1807 1598 1924 1673 ipse
1949 1619 2074 1659 cum

487 1685 606 1742 suis
635 1685 811 1756 prima
841 1688 957 1742 acie
983 1687 1318 1760 conﬂigeret,
1350 1691 1610 1760 peculiari
1635 1693 1843 1749 scilicet
1871 1694 2079 1752 Suevo—

487 1793 613 1834 rum
639 1779 920 1851 privilegio
953 1781 1124 1851 (584),
1151 1783 1352 1854 quibus
1381 1784 1450 1838 ab
1479 1785 1720 1856 antiquis
1743 1787 1856 1856 jam
1887 1789 2080 1848 diebus
2113 1790 2118 1829 ῖ

489 1869 607 1940 lege
641 1869 812 1926 latum
859 1880 943 1928 est
969 1881 1028 1928 ut
1058 1873 1288 1930 inomni
1327 1877 1668 1947 expeditione
1699 1879 1842 1950 regis
1879 1880 2082 1939 Teuto-

494 1963 606 2019 nici
635 1963 740 2034 ipsi
764 1967 1064 2021 exercitum
1111 1969 1420 2038 praecedere
1464 1977 1518 2025 et
1533 1971 1696 2042 primi
1736 1962 2082 2033 committere

491 2053 746 2110 debeant.
774 2055 984 2115 Ceteris
1016 2060 1236 2130 jussum
1265 2068 1348 2128 ut,
1366 2071 1586 2133 propter
1610 2064 1701 2097 ⁸⁵³⁸
1737 2067 2077 2138 assistentes,

489 2149 881 2218 pugnantibus,
929 2160 1095 2222 prout
1139 2170 1229 2210 res
1259 2155 1350 2188 “‘7
1379 2165 1647 2226 posceret,
1701 2159 1906 2214 auxilio
1945 2175 2080 2216 con-

491 2250 794 2297 currerent.
850 2242 966 2299 Rex
994 2246 1050 2300 in
1077 2237 1268 2318 quinta
1305 2257 1424 2304 erat
1449 2251 1682 2322 legione,
1715 2267 1880 2322 quam
1916 2269 1983 2307 ex
2011 2253 2087 2309 le—

491 2332 756 2391 ctissimis
786 2343 841 2391 et
869 2353 1000 2408 erga
1021 2354 1080 2395 se
1101 2341 1397 2396 admodum
1433 2351 1688 2414 spectatae
1723 2343 1844 2398 tidei
1864 2343 2083 2413 juveni-

492 2422 600 2480 bus
660 2428 915 2498 stipatam
977 2433 1500 2506 ornatissimumque
1547 2435 1858 2492 instituerat
1912 2434 2081 2506 (585).

492 2514 572 2572 Ita
613 2521 872 2590 paulatim
914 2525 1142 2580 servatis
1185 2525 1468 2582 ordinibus
1498 2528 1566 2583 ad
1590 2536 1770 2584 castra
1805 2526 2085 2584 Saxonum

495 2612 814 2680 procedunt
851 2615 964 2670 “‘3.

568 2701 836 2774 Saxones,
884 2709 976 2779 qui
1021 2711 1126 2766 sibi
1169 2711 1495 2769 stultissime
1537 2724 1923 2784 persuaserant
1960 2732 2089 2786 spa-

497 2795 647 2851 cinm
676 2795 809 2854 illud
851 2816 963 2872 quo
993 2818 1023 2858 a
1058 2819 1186 2874 rege
1214 2805 1459 2873 aberant,
1503 2807 1590 2862 vix
1620 2808 1690 2862 ab
1714 2809 1896 2878 equite
1923 2825 2091 2879 expe-

498 2887 634 2955 dito,
674 2891 873 2946 nedum
914 2894 984 2948 ab
1025 2897 1267 2951 exercitu
1309 2898 1546 2955 sarcinis
1590 2901 1821 2970 aliisque
1861 2901 2093 2972 impedi-

501 2979 702 3035 mentis
748 2982 1050 3054 implicato,
1100 3003 1213 3044 uno
1266 2987 1354 3045 die
1394 2991 1690 3047 transmitti
1726 3009 1910 3062 posse,
1960 2994 2094 3049 nihil

2164 484 2294 540 rieis
2339 500 2570 555 corpora
2599 486 2874 552 muniunt,
2902 486 3100 554 ceteri,
3131 487 3264 542 dum
3313 501 3598 542 morarum
3647 487 3757 540 im-

2162 577 2428 646 patientes
2461 585 2663 645 ruunt,
2693 592 2794 634 nec
2817 585 3030 648 vestes,
3075 579 3277 648 Quibus
3318 594 3377 634 se
3415 577 3581 648 paulo
3622 583 3756 632 ante

2165 667 2386 738 largiori
2415 669 2528 724 otio
2557 669 2902 742 indulgentes
2926 677 3211 737 exuerant,
3245 684 3526 725 resumere
3553 669 3762 724 memi—

2167 769 2384 816 nerunt.
2435 759 2630 816 Nullus
2680 763 2912 818 alterum
2959 769 3310 818 cunctantem
3356 761 3625 832 operitur,
3656 760 3763 816 sed

2167 853 2370 926 singuli
2398 856 2602 925 passim
2621 897 2636 922 ,
2666 863 2829 926 prout
2856 857 3012 912 ocius
3039 855 3284 910 seriusve
3311 868 3463 908 arma
3503 852 3768 923 expedia-

2169 957 2312 1013 rant,
2343 956 2658 1003 accurrunt.
2689 947 2866 1015 Quam
2896 946 3120 1018 plurimi
3147 945 3311 1000 etiam
3341 949 3495 1000 trans
3521 943 3766 1000 ﬂuvium

2170 1039 2402 1096 Unstrut
2439 1041 2658 1112 longius
2685 1041 2873 1096 metati
2895 1083 2909 1107 ,
2937 1041 3092 1110 prius
3135 1038 3425 1094 infeliciter
3457 1041 3634 1110 gestae
3675 1036 3769 1094 rei

2171 1149 2336 1204 quam
2361 1134 2736 1189 committendi
2765 1133 3084 1189 certaminis
3113 1132 3375 1187 nuncium
3401 1137 3764 1202 acceperunt.

2171 1223 2282 1281 Nec
2325 1227 2566 1296 legiones
2613 1227 2866 1282 ordinare
2915 1224 3167 1298 angustia
3211 1222 3475 1294 temporis
3516 1222 3784 1289 sinebat,

2173 1334 2275 1374 nec
2303 1318 2530 1372 militem
2561 1319 2877 1386 adhortari,
2909 1333 3008 1374 nec
3034 1327 3216 1373 castra
3243 1315 3522 1372 consuetis
3564 1314 3796 1370 θωνα--

2174 1411 2337 1466 nibus
2393 1411 2627 1478 munire,
2679 1427 2780 1466 nec
2826 1411 2974 1466 aliud
3025 1411 3321 1481 quicquam
3368 1406 3568 1474 facere,
3613 1406 3770 1476 quod

2176 1503 2430 1560 militaris
2457 1504 2756 1574 disciplinae
2785 1504 3107 1560 solemnitas
3133 1501 3401 1573 exigebat.
3422 1499 3774 1572 Repentinus

2176 1594 2320 1666 regis
2363 1596 2628 1652 adventus
2669 1597 2851 1650 omnia
2891 1601 3258 1665 praeverterat.
3289 1592 3390 1648 Vix
3430 1592 3656 1647 tandem
3696 1606 3773 1646 ex

2180 1689 2272 1744 illa
2302 1689 2662 1760 trepidatione
2703 1696 2983 1758 resumpto
3012 1687 3241 1758 spiritu,
3283 1699 3409 1740 cum
3453 1684 3509 1739 in
3540 1683 3775 1754 globum

2177 1781 2574 1839 dcusissimum
2623 1781 2980 1836 tumultuaria
3032 1796 3092 1835 se
3145 1779 3382 1834 statione
3430 1777 3778 1847 stipasseut,

2181 1891 2294 1931 non
2323 1881 2608 1945 expectato
2638 1873 2814 1945 signo,
2847 1881 2907 1928 ut
2933 1871 3271 1928 consuetudo
3296 1877 3381 1927 est
3416 1865 3806 1941 pugnaturis...

2181 1969 2340 2038 equis
2368 1969 2608 2023 subdunt
2635 1967 2866 2022 calcaria
2887 2009 2901 2032 ,
2945 1974 2999 2022 et
3025 1979 3244 2020 summo
3289 1963 3417 2019 nisu
3461 1960 3782 2032 praecipites

2181 2058 2435 2114 feruntur
2481 2061 2534 2114 in
2581 2059 2958 2126 adversarios,
3011 2059 3144 2112 haut
3191 2055 3385 2128 procul
3425 2055 3495 2110 ab
3543 2052 3781 2109 Haben-

2183 2153 2322 2224 burg
2352 2153 2441 2186 "7'
2461 2151 2630 2223 (586).
2655 2151 2763 2207 Nec
2790 2153 3050 2222 impetum
3069 2150 3342 2206 sustinere
3366 2147 3452 2203 vel
3479 2146 3547 2202 ad
3575 2146 3784 2202 horam

2185 2245 2348 2302 Suevi
2379 2246 2702 2316 potuissent,
2731 2246 2836 2302 nisi
2867 2245 2988 2299 loco
3014 2243 3178 2299 motis
3205 2241 3428 2313 jamque
3464 2239 3660 2310 pedem
3692 2252 3790 2294 re-

2184 2349 2273 2395 tro
2321 2339 2626 2394 ferentibus
2667 2339 2779 2393 dux
2825 2334 2976 2393 Wolf
3015 2351 3140 2392 cum
3197 2335 3439 2391 exercitu
3487 2328 3786 2402 Bajoarico

2187 2413 2556 2489 concurrisset
2589 2431 2696 2484 ιδτθ.
2742 2429 2920 2485 Prima
2961 2427 3276 2485 certaminis
3317 2425 3557 2497 procella
3586 2424 3786 2480 hastas

2187 2533 2242 2582 et
2282 2524 2502 2579 lanceas
2546 2522 2920 2591 consumpsit;
2966 2521 3233 2592 reliquam
3288 2512 3502 2591 partem
3543 2516 3784 2588 gladiis,

2187 2635 2297 2691 qua
2359 2617 2633 2688 pugnandi
2684 2623 2800 2670 arte
2858 2615 2949 2646 “'7‘
3003 2615 3300 2684 plurimum
3351 2611 3570 2668 eitcellit
3619 2609 3786 2666 miles

2193 2711 2499 2767 Saxonicus
2519 2753 2533 2776 ,
2564 2717 2864 2779 peragunt,
2895 2706 3170 2778 praecincti
3213 2694 3411 2776 singuli
3437 2703 3656 2760 duobus
3697 2702 3786 2757 vel

2193 2805 2368 2860 tribus
2395 2803 2621 2874 gladiis;
2665 2808 2927 2872 tantaque
2952 2801 3041 2868 vi,
3077 2809 3222 2855 tanta
3266 2797 3584 2862 ferocitate,
3627 2801 3786 2850 tanta

2193 2896 2422 2953 feriendi
2437 2895 2730 2952 calliditate
2745 2889 3086 2966 grassantur,
3107 2902 3170 2948 ut
3195 2890 3446 2946 hostibus
3474 2889 3640 2944 etiam
3671 2903 3788 2942 non

2196 2991 2376 3046 minus
2403 2987 2755 3044 admirationi
2783 3003 2950 3060 quam
2981 2985 3182 3041 terrori
3221 2992 3424 3040 essent.
3470 2981 3550 3036 lbi
3578 2979 3789 3035 Ernest

503 3071 688 3128 minus
721 3090 885 3144 quam
910 3093 1092 3149 regem
1122 3075 1189 3136 co
1211 3083 1299 3138 die
1326 3083 1392 3138 ad
1423 3100 1482 3139 se
1512 3093 1898 3156 perventurum
1925 3086 2100 3158 suspi-
2125 3095 2166 3152 α
2202 3082 2452 3140 marcbio
2493 3081 2895 3151 Bajoariorum,
2923 3081 3009 3134 vir
3047 3078 3102 3132 in
3147 3090 3312 3149 regno
3354 3073 3696 3129 clarissimus
3733 3077 3789 3126 et

503 3163 798 3234 cabantur;
822 3167 1178 3242 ideoque‘m,
1201 3191 1339 3231 vana
1361 3178 1652 3234 securitate
1667 3179 1910 3246 resoluti,
1931 3196 2094 3234 omne

506 3256 748 3314 studium
785 3261 855 3316 ab
895 3266 1063 3322 armis
1108 3267 1175 3323 ad
1218 3284 1407 3325 curam
1455 3286 1749 3342 corporum
1788 3279 2092 3338 verterant;

505 3361 633 3404 cum
655 3362 876 3423 repente
895 3359 1283 3430 conspicantur
1313 3364 1505 3419 caelum
1535 3366 1755 3435 pulvere
1782 3365 2100 3421 obtenebra-

507 3447 654 3510 tum;
683 3445 1008 3517 exercitum,
1045 3469 1209 3524 super
1251 3471 1472 3512 arenam
1519 3457 1689 3513 maris
1725 3458 2098 3513 innumerabi—

507 3529 638 3601 lem,
663 3541 833 3594 totam
861 3541 1157 3611 adjacentis
1179 3549 1357 3619 campi
1379 3549 1717 3606 latitudinem
1744 3551 1918 3606 instar
1943 3551 2100 3606 locu-

510 3631 724 3716 starum
779 3645 1111 3705 occupasse,
1158 3646 1214 3696 et
1251 3639 1365 3698 fere
1399 3643 1515 3714 jam
1554 3661 1778 3700 emenso
1817 3645 1906 3677 “7°
1955 3645 2104 3716 quod

510 3715 570 3822 in
595 3721 778 3824 medio
805 3733 924 3783 erat
969 3729 1174 3822 spacio,
1221 3735 1290 3790 ad
1335 3735 1453 3806 ipsa
1496 3745 1697 3817 castra
1727 3715 2104 3808 opprimenda,

513 3825 620 3865 ms:
665 3824 938 3874 maturent
975 3825 1179 3893 egredi,
1219 3827 1386 3882 citato
1431 3830 1712 3899 paululum
1753 3831 1920 3902 gradu
1972 3847 2104 3901 pro—

513 3916 726 4006 perare.
764 3907 1058 3982 ‘Inopinata
1103 3933 1162 3972 re
1205 3921 1420 3990 trepidi,
1462 3929 1516 3977 ct
1575 3937 1633 3978 se
1679 3923 1911 3978 invicem
1961 3923 2107 3978 iner-

514 4000 638 4059 tiae,
704 4003 850 4070 quod
891 4005 1102 4063 hostem
1143 4027 1254 4067 non
1295 4013 1708 4084 praevidissent,
1767 4015 2105 4082 incusantes,

515 4087 769 4156 protinus
807 4096 1034 4156 sublatis
1089 4101 1144 4158 in
1198 4105 1391 4160 callum
1437 4107 1666 4164 vocibus
1721 4108 2106 4175 conclamant,

2203 3177 2391 3232 multis
2436 3191 2580 3246 scopo
2621 3175 2908 3230 adversum
2955 3170 3224 3243 UngariOs
3253 3167 3494 3224 victoriis
3521 3165 3802 3236 insignis,

2203 3269 2440 3342 graviter
2467 3266 2786 3323 vulneratus
2815 3275 2917 3332 est,
2938 3273 3014 3330 et,
3047 3280 3174 3320 cum
3203 3262 3258 3317 in
3285 3267 3462 3316 castra
3486 3255 3790 3314 'Semivivus

2204 3363 2408 3419 relatus
2437 3359 2652 3425 fuisset,
2684 3367 2905 3429 postero
2947 3358 3034 3412 die
3073 3352 3361 3426 expiravit.
3393 3351 3472 3406 lbi
3499 3348 3790 3421 Engilber—

2203 3462 2296 3510 tus
2325 3468 2542 3520 comes,
2573 3452 2646 3507 ibi
2675 3451 2786 3506 duo
2816 3450 2912 3506 ﬁlii
2940 3447 3242 3506 Eberhardi
3269 3445 3487 3502 comitis
3513 3443 3580 3498 de
3607 3441 3788 3496 Ellen-

2207 3547 2346 3618 burg
2367 3545 2537 3618 (3S7),
2564 3545 2812 3616 ibiquam
2836 3542 3055 3614 plurimi
3077 3541 3286 3596 nobiles
3305 3555 3373 3594 ex
3386 3534 3602 3602 Suevis,
3623 3548 3788 3606 quam

2203 3639 2427 3712 plurimi
2467 3655 2534 3694 ex
2577 3636 2846 3707 Bajoariis
2891 3627 3253 3699 corruerunt;
3298 3630 3568 3702 paucique
3608 3626 3792 3681 admo-

2206 3734 2338 3790 dum
2372 3733 2490 3794 sine
2518 3731 2838 3786 vulneribus
2867 3727 3054 3800 preelio
3083 3730 3454 3782 excesserunt.
3486 3718 3793 3775 Ruodolfus

2209 3827 2321 3883 dux
2350 3825 2537 3880 multis
2565 3839 2708 3894 smpe
2737 3822 2930 3894 gladiis
2956 3819 3256 3890 impctitus,
3284 3809 3619 3888 quamquam
3648 3819 3796 3867 tena-

2208 3918 2449 3974 cissima:
2489 3917 2672 3972 loricae
2701 3915 2957 3986 prmsidio
2997 3913 3138 3969 ictus
3177 3897 3370 3966 omnes
3411 3906 3796 3971 frustraretur,

2209 4011 2402 4066 'multis
2443 4017 2625 4064 tamen
2667 4023 2736 4063 cx
2783 4007 3003 4063 assidua
3052 4003 3375 4061 contusioue
3420 3999 3794 4055 membrbrum

2217 4103 2444 4159 affectus
2462 4088 2555 4158 est
2578 4095 2942 4157 incommodis
2973 4098 3142 4170 (588).
3172 4095 3234 4151 In
3255 4094 3500 4151 exercitu
3522 4090 3802 4146 Saxonico

1798 4240 2028 4296 VARle
2068 4237 2450 4296 LECTIONES

523 4405 535 4426 1
599 4339 686 4374 ιω
711 4341 856 4426 ἱρείη
1133 4369 1188 4424 q.
1218 4371 1270 4409 v.
1305 4373 1361 4412 η.
1392 4357 1578 4413 desunt
1606 4357 1660 4413 5.

527 4419 840 4484 necessitas.
871 4419 924 4474 5.
1020 4422 1109 4455 ’⁵⁸⁸
1149 4419 1468 4484 procederet
1495 4428 1552 4484 4.

525 4477 619 4513 “’3
645 4488 989 4546 concurissct
1015 4493 1068 4548 4.
1148 4477 1241 4529 δή

2027 4607 2236 4665 NOTAE

531 4765 542 4797 ἱ
598 4709 746 4783 (584)
783 4713 972 4797 mjurc
1003 4721 1316 4797 provinciali
1342 4721 1696 4797 Aleniaunico
1736 4723 1813 4797 (in
1847 4721 2118 4797 Senclren-

525 4780 985 4866 c'orpijnr.
1003 4780 1290 4866 Seruium,
1319 4793 1446 4866 till,
1470 4810 1523 4866 ρ.
1545 4795 1654 4866 550
1683 4780 1816 4866 sq.),
1837 4810 1958 4866 cap.
1983 4794 2109 4866 276.

529 4810 676 4852 νιῑιὸ.
701 4810 851 4853 curp.
873 4810 985 4853 JIH'.
1012 4810 1290 4859 hermam,
1319 4810 1355 4848 ι.
1383 4810 1446 4857 ΙΙ,
1510 4835 1523 4848 .
1549 4810 1654 4849 ῡῢυ
1683 4810 1816 4866 sq.),
1837 4810 1958 4864 cap.
1983 4810 2109 4849 ’ΖΙοο

529 4851 733 4918 (Gold.,
766 4854 980 4923 c.-272;
1013 4858 1191 4926 Berg,
1231 4878 1286 4933 p.
1319 4865 1417 4930 55;
1469 4810 1687 4931 gelum,
1737 4880 1786 4920 c.
1825 4865 1938 4989 31},
1981 4879 2036 4918 η.
2078 4865 2112 4920 4

529 4922 645 4978 bzec
665 4925 949 4989 leguntur:
970 4927 1202 4986 Indulsit
1227 4936 1387 4988 etiam
1409 4932 1591 4989 Suavis
1609 4937 1705 4989 hoc
1721 4936 1884 4989 (Caro
1909 4951 1974 4989 us
1990 4934 2109 4989 M.l.

528 4922 918 5008 Ιιίεεμυςμῃῑιιι·
937 4922 1202 5008 :InduIS-it
1227 4922 1387 4988 etiam
1407 4922 1591 4990 Suavis
1609 4922 1705 4990 hoc
1721 4922 1974 5008 (Carolus
1990 4934 2109 5008 M.),

526 4993 687 5086 quod,
787 4998 1008 5084 imperii
1035 5019 1195 5086 causa
1216 5021 1390 5074 pugna
1417 5016 1550 5059 esset
1587 4993 1942 5078 suscipienda,
1981 4993 2111 5077 ipsis

639 5076 769 5102 acea!
795 5071 929 5102 νιν-ἕεις
939 5089 967 5102 η

989 5089 1044 5102 Δυ-
1078 5085 1186 5102 Iunia
1226 5085 1342 5102 -..1-
1373 5093 1436 5102 ἰιι

1855 5093 2088 5102 ..-ιι-..ιρκμρ

1738 4355 1831 4390 ⁸⁸⁸³
1851 4356 1994 4411 deest
2023 4355 2076 4409 5.
2108 4355 2160 4408 4.

1643 4428 1734 4462 Im
1766 4427 1891 4486 ideo
1931 4426 2080 4498 quod
2109 4425 2162 4478 4.

2241 4351 2332 4382 “C5
2361 4351 2618 4406 deorsum
2641 4349 2692 4404 4.

2773 4348 2862 4380 1566
2894 4359 3059 4416 prope.
3089 4346 3141 4400 '5.
3221 4343 3311 4377 ‘W
3341 4341 3484 4396 deest
3511 4338 3638 4396 ὄλ.
3669 4337 3795 4462 5.

2797 4419 2884 4451 1"“
2918 4417 3112 4462 Paucis
3143 4416 3196 4462 Κ-
3286 4413 3378 4448 “7‘
3419 4411 3714 4462 Hocnbum
3780 4447 3795 4462 .

2258 4422 2348 4454 “7°
2390 4437 2606 4476 emerso
2647 4421 2700 4475 4.
2797 4421 2884 4451 “7'
2916 4421 3112 4473 Paucis
3143 4421 3196 4472 5.
3286 4421 3378 4448 "°"
3419 4421 3714 4476 nocnnurg
3739 4421 3804 4462 ὃ.

2797 4381 3196 4473 ηπῊῖίξὶζὸ.
3286 4413 3378 4448 ¹³τ¹
3419 4411 3714 4482 Hocnburg

2221 4720 2305 4776 Cf.
2343 4715 2619 4775 Bertliold.
2649 4713 2837 4770 Const.
2866 4708 2922 4767 a.
2961 4711 3128 4777 1075;
3171 4707 3406 4764 Stenzel.
3435 4707 3500 4774 1.,
3527 4721 3576 4763 c.
3604 4704 3649 4777 Ι,
3672 4703 3808 4777 528.

2221 4791 2410 4860 Ejusd.
2445 4786 2788 4860 Gesch._der
2825 4785 2879 4839 d.
2907 4776 3456 4860 Aliriegst'crfassuilg,
3487 4793 3550 4860 p._
3582 4776 3708 4830 227.
3731 4807 3799 4816 —

2217 4848 2608 4932 K'mnigsliol'en
2650 4848 3182 4932 Elsa‘ss.,Cbroni_e_.,
3213 4865 3266 4932 p.
3303 4848 3659 4932 2527,‘et_loc;‘
3674 4863 3800 4916 poc-

2217 4915 2459 4989 tari.iv'ét.
2502 4929 2782 4989 Gcrman.,
2819 4915 2960 4994 quos
2999 4915 3253 4977 exhibent
3282 4940 3294 4973 :
3320 4919 3592 4975 Deutsche
3626 4915 3798 5040 Sagen

2217 5004 2522 5040 Imm-mann
2580 5011 2685 5040 vnn
2726 4996 2828 5040 den
2862 4993 3099 5040 llm'ldern
3132 4992 3384 5040 Grimm.-
3417 4999 3458 5040 t.
3493 4989 3557 5040 ΙΙ.
3581 5003 3637 5040 D.
3681 4989 3702 5040 1
3747 4987 3796 5040 ὅ.

3747 5005 3796 5053 ον

2214 5004 2540 5102 1l‘iTcrautsgcg.
2580 5011 2688 5052 von
2726 4989 3099 5051 den-Brudern
3132 4992 3384 5056 Grimm.,
3417 4999 3458 5044 t.
3493 4989 3557 5056 ll,
3581 5003 3637 5060 p.
3681 4989 3702 5041 l

2321 5075 2378 5102 £9:
2737 5093 2740 5098 .
3369 5085 3371 5087 .

2321 5075 2338 5102 κ
2353 5075 2418 5102 Pin
2737 5093 2740 5098 ι
3369 5085 3371 5087 ‘
