4050 5358
284 222 424 279 H85

1542 217 1879 275 ANNALI‘IS.
1912 252 1980 260 ——-
2010 221 2121 275 ΑΝ.
2158 223 2314 278 1075.

3399 210 3535 285 ιιεὰ

262 335 700 410 praeclarissime
728 334 920 389 enituit
942 343 1112 390 Virtus
1132 331 1366 400 Ottonis,
1392 334 1546 388 ducis
1570 333 1849 402 quoniam
1884 334 1925 391 Α
1954 334 2211 399 evadunt,
2243 343 2357 389 tum
2388 336 2581 405 peritia
2610 337 2876 403 locorum,
2896 346 3009 393 tum
3029 340 3365 396 ohtcnebrati
3394 344 3538 400 aeris

278 428 568 500 Bajoarire.
598 425 672 493 ls,
700 424 1014 483 fortissimis
1035 426 1125 458 ⁸⁸⁷³
1138 426 1431 497 juvenibus
1459 433 1666 494 septus,
1698 424 1862 478 modo

278 522 343 578 in
371 521 545 591 prima
574 519 688 573 acie
716 535 954 589 pugnam
994 519 1262 573 lacessere
1316 518 1463 587 (589,)
1486 560 1501 582 ,
1534 517 1865 586 ubicumque

278 612 468 668 acrior
503 612 588 667 vis
631 612 876 666 hostium
923 610 1262 664 incubuisset
1292 610 1600 663 comminus
1640 609 1861 673 adesse,

280 704 656 761 insistentium
684 704 870 757 vultus
897 702 1075 773 gladio
1119 700 1316 768 ferire,
1362 717 1456 770 per
1498 701 1723 755 hostiles
1763 715 1862 753 cu~

262 810 422 852 ‘neos
473 810 914 867 quaquaversum
969 795 1114 847 viam
1169 794 1274 848 sibi
1316 792 1462 847 ferro
1507 792 1598 824 “7‘
1637 807 1862 861 parare,

277 889 452 944 modo
481 889 535 942 in
565 888 858 958 postremis
886 893 1163 941 cessantes
1202 884 1481 938 adhortari
1504 926 1517 949 ,
1549 899 1730 939 causa:
1755 898 1863 953 qua

266 994 442 1035 arma
468 986 815 1050 sumpserant
844 979 1158 1041 admonere,
1181 984 1235 1031 et
1263 985 1324 1030 ut
1350 992 1515 1041 nunc,
1545 976 1692 1044 quod
1723 989 1865 1043 saepe

277 1087 454 1142 quam
485 1082 673 1127 sancte
693 1071 1006 1140 jurassent,
1039 1070 1343 1123 libertatem
1374 1082 1529 1122 suam
1559 1082 1724 1121 manu
1754 1066 1868 1119 vin-

277 1163 534 1218 dicarent
556 1205 572 1230 ,
605 1178 795 1217 omnes
825 1162 880 1216 in
910 1176 1200 1215 commune
1230 1175 1323 1229 per
1352 1158 1521 1213 Deum
1552 1159 1860 1213 obsecrare.

261 1252 527 1309 ‘Strenue
553 1252 800 1324 profecto
840 1261 896 1307 et
933 1252 1137 1322 egregii
1164 1250 1353 1305 militis
1390 1257 1446 1303 et
1473 1249 1665 1319 Optimi
1708 1248 1865 1303 ducis

268 1344 466 1400 tomcio
514 1344 839 1415 fungebatur
866 1342 1034 1416 (390).
1082 1342 1424 1396 Preti-actum
1474 1356 1505 1395 a
1560 1341 1737 1395 media
1778 1339 1866 1394 die

264 1452 467 1507 “usque
507 1437 563 1491 in
594 1438 785 1491 horam
828 1451 1034 1490 nonam
1087 1442 1364 1489 certamen
1401 1433 1514 1503 jam
1542 1433 1609 1504 [in
1637 1448 1704 1487 eo
1748 1439 1867 1487 erat

277 1541 345 1585 ut
374 1530 486 1585 duo
511 1530 746 1585 duorum
775 1543 1067 1599 regnorum
1091 1527 1365 1581 exercitus
1384 1568 1397 1592 ,
1433 1523 1651 1580 Suevim
1688 1532 1744 1579 et
1770 1524 1867 1579 Ba-

268 1620 495 1691 joarice,
546 1631 694 1692 terga
727 1629 997 1684 vcterent;
1050 1626 1105 1672 et
1152 1617 1265 1688 regi
1313 1616 1627 1687 frequentes
1660 1610 1864 1671 ‘nuncii

1964 424 2247 488 densitate,
2290 435 2405 480 tum
2451 443 2720 497 equorum
2768 429 3050 484 velocitate
3097 433 3541 490 commodissime

1965 531 2071 570 usr.
2123 516 2294 572 Porro
2348 536 2402 572 tn
2442 525 2645 589 vulgus
2692 522 2973 590 pedestre,
3018 537 3185 591 quon,
3234 526 3543 596 congressis

1964 610 2265 679 equitibus,
2294 611 2475 667 adhuc
2502 614 2556 666 in
2583 613 2781 667 castris
2808 615 3116 680 resederat,
3147 615 3221 669 ita
3248 616 3394 673 ultra
3421 632 3543 672 mo-

1964 701 2094 759 dum
2123 718 2341 756 omnem
2385 703 2815 773 modestiamque
2857 704 3157 760 debachata
3196 714 3280 761 est
3325 707 3545 764 hostilis

1965 792 2176 861 feritas,
2209 802 2290 860 ut,
2336 795 2650 849 christiana:
2694 796 3035 850 verecundiae
3082 798 3257 863 obliti,
3307 800 3544 868 pecudes

1966 885 2100 952 sibi,
2144 901 2253 939 non
2283 886 2534 940 homines
2575 887 2827 955 jugulare
2868 887 3201 943 viderentur.
3242 888 3547 945 Plurimam

1965 976 2128 1031 etiam
2155 985 2366 1046 partem
2398 977 2596 1031 fluvius
2627 975 2876 1043 Unstrut,
2907 979 3036 1033 dum
3067 989 3212 1034 metu
3242 980 3406 1052 gladii
3435 982 3542 1035 im-

1966 1068 2223 1122 minentis
2236 1068 2914 1138 prazcipitantiusirruunt,
2932 1071 3235 1127 obsorbuit.
3259 1071 3405 1126 Caedi
3435 1088 3544 1130 nox

1966 1158 2128 1212 finem
2159 1159 2305 1225 fecit,
2333 1168 2387 1214 et
2415 1162 2561 1231 quod
2590 1162 2730 1215 ultra
2775 1162 3000 1216 fluvium
3041 1164 3296 1233 persequi
3337 1162 3547 1234 fugien-

1966 1259 2048 1306 tes
2080 1252 2213 1305 haut
2241 1252 2374 1307 satis
2404 1260 2581 1308 tutum
2612 1261 2915 1323 putaretur.
2960 1252 3223 1310 Conversi
3251 1255 3449 1310 milites
3478 1256 3547 1310 ad

1966 1344 2140 1413 spolia
2174 1344 2514 1413 diripienda,
2558 1353 2764 1399 tantam
2806 1346 2861 1400 in
2890 1346 3087 1400 castris
3127 1347 3367 1401 hostium
3398 1346 3549 1401 inve-

1966 1443 2165 1507 nerunt
2190 1435 2440 1490 ciborum
2472 1436 2801 1491 affluentiam
2822 1478 2836 1503 ,
2873 1444 3078 1490 tantam
3108 1437 3228 1490 auri
3254 1446 3309 1491 et
3336 1438 3550 1508 argenti

1964 1527 2309 1597 vestiumquc
2350 1528 2727 1597 prcciosarum
2772 1528 3173 1583 multitudinem
3195 1569 3210 1595 ,
3240 1536 3302 1582 ut
3340 1543 3452 1584 non
3478 1530 3549 1585 ad

1964 1618 2167 1673 bellum
2220 1618 2588 1686 inferendum,
2644 1620 2738 1675 sed
2792 1620 2859 1674 ad
2915 1619 3136 1689 epulum
3190 1620 3545 1688 praebendum

277 1714 521 1769 salutem
570 1729 797 1769 suorum
854 1712 909 1765 in
968 1719 1215 1765 extremo
1269 1710 1430 1764 sitam
1475 1710 1857 1766 nunciabant:
1896 1690 2107 1780 Bregis
2131 1711 2393 1765 exercitui
2419 1719 2475 1765 et
2511 1711 2896 1782 ostentandam
2950 1725 3117 1780 opum
3163 1696 3390 1766 suarum
3436 1726 3550 1765 ma-

272 1820 415 1862 cum
446 1812 666 1874 repente
694 1819 760 1857 ex
790 1818 900 1857 uno
944 1803 1111 1856 latere
1148 1800 1515 1856 llerimannus
1562 1817 1747 1857 comes
1794 1802 1864 1857 de

277 1895 542 1967 Glizherg
570 1896 660 1928 ¹δ⁷⁷
691 1895 862 1965 (591),
891 1911 957 1948 ex
992 1894 1081 1926 “‘7’
1108 1893 1216 1947 alio
1244 1893 1411 1946 latere
1441 1892 1861 1965 Babenbergen-

270 2005 376 2044 ses
406 1989 608 2043 milites
637 1986 1062 2058 signainferunt.
1088 1984 1224 2040 Tum
1250 1985 1358 2039 dux
1380 1984 1728 2053 Boemoruni,
1745 1995 1861 2042 tum

273 2079 495 2135 Cozelo
518 2080 625 2135 dux
656 2078 1075 2148 Luteringorum
1106 2076 1216 2143 ιω,
1248 2078 1436 2131 multis
1462 2078 1614 2147 prius
1642 2078 1863 2148 pericli-

268 2172 525 2226 tantium
566 2171 621 2224 in
665 2170 851 2240 przelio
891 2169 1254 2239 legationibus
1291 2178 1345 2223 et
1376 2169 1865 2239 supplicationibus

268 2263 571 2333 fatigatus,
601 2278 732 2318 suas
760 2270 991 2331 uterque
1019 2261 1237 2330 copias,
1270 2260 1510 2314 incitatis
1538 2260 1605 2314 ad
1640 2276 1867 2317 cursum

268 2356 468 2427 equis,
493 2354 751 2409 immittit.
782 2353 903 2408 Non
930 2354 1070 2408 ultra
1099 2352 1345 2407 Saxones
1364 2353 1475 2406 vim
1501 2352 1868 2410 multitudinis

278 2447 562 2504 sustinere
591 2454 872 2516 poterant;
903 2444 1275 2515 paulatimque
1301 2444 1552 2499 cedentes
1575 2486 1590 2511 ,
1621 2460 1747 2499 cum
1790 2445 1871 2500 in-

273 2539 524 2593 elinatas
548 2538 661 2608 jam
692 2538 782 2570 "3°
812 2538 879 2592 ad
907 2535 1089 2607 fugam
1113 2536 1259 2591 acies
1282 2536 1390 2591 dux
1411 2533 1536 2591 Otto
1559 2537 1865 2606 restituere,

276 2631 632 2687 obsecrando
651 2670 666 2696 ,
696 2630 1058 2700 increpando,
1092 2628 1344 2683 inertiam
1373 2628 1747 2698 desidiamque
1775 2643 1871 2683 ex-

282 2722 626 2793 probrando,
657 2722 748 2777 diu
779 2722 1121 2792 multumque
1149 2727 1380 2777 conatus
1406 2719 1619 2787 fuisset,
1649 2721 1867 2775 tandem

283 2814 470 2869 versis
501 2812 668 2869 frenis
695 2829 886 2870 omnes
912 2814 1158 2870 diversas
1188 2814 1242 2867 in
1288 2820 1472 2882 partes
1518 2812 1866 2884 aufugerunt.

278 2904 436 2961 Tum
468 2906 558 2938 “9‘
587 2921 801 2961 vero—
828 2914 890 2960 ut
923 2922 1137 2976 semper
1173 2906 1227 2963 in
1265 2903 1392 2976 fuga
1428 2905 1669 2960 hostium
1717 2904 1872 2975 igna-

1962 1803 2357 1873 gnificentiam,
2388 1804 2695 1859 occurrisse
2723 1802 3038 1857 viderentur
3126 1864 3129 1869 ί

2034 1892 2149 1947 Rex
2179 1894 2341 1963 paulo
2371 1903 2495 1963 post
2542 1910 2798 1949 occasum
2854 1894 2988 1950 solis
3034 1894 3175 1950 inter
3225 1894 3458 1961 faustas,
3489 1903 3552 1950 ut

1965 1985 2211 2040 solemne
2260 1994 2367 2052 est,
2418 1987 2653 2040 militum
2698 1986 3122 2042 acclamationes
3163 1986 3219 2041 in
3247 1995 3430 2043 castra
3469 2000 3555 2041 rc-

1964 2076 2215 2143 vertitur,
2248 2077 2406 2132 hctus
2447 2086 2503 2130 et
2527 2086 2768 2132 :estnans
2804 2079 3002 2147 gaudio
3039 2078 3130 2110 “3’
3170 2080 3320 2148 quod
3363 2083 3553 2134 hostes

1965 2166 2357 2223 infestissimos
2411 2167 2610 2239 insigni
2662 2167 2891 2222 victoria
2944 2167 3269 2238 subegisset,
3312 2169 3552 2225 maxime

1962 2258 2299 2329 jactantibus
2338 2259 2543 2329 passim
2586 2259 2853 2315 militibus
2890 2260 3035 2329 quod
3079 2260 3201 2314 illos
3241 2268 3298 2314 et
3332 2259 3456 2315 illos
3482 2259 3553 2316 de

1966 2351 2161 2421 prunis
2187 2350 2528 2421 principibus
2562 2348 2816 2405 Saxonia:
2844 2367 3008 2405 manu
3040 2351 3258 2420 propria
3289 2350 3554 2420 peremis-

1968 2451 2109 2507 sent.
2128 2442 2398 2513 Cumque,
2428 2443 2496 2497 ad
2517 2442 2697 2498 locum
2727 2442 3137 2513 congressionis
3164 2441 3387 2508 reversi,
3411 2442 3553 2497 alius

1968 2532 2252 2595 dominum
2283 2550 2443 2589 suum
2465 2576 2480 2600 ,
2510 2535 2651 2590 alius
2679 2542 2887 2605 patrem
2907 2575 2921 2600 ,
2952 2533 3092 2589 alius
3119 2532 3343 2589 fratrem
3365 2573 3380 2600 ,
3409 2533 3553 2591 alius

1969 2635 2285 2698 cognatum,
2335 2633 2431 2681 aut
2471 2626 2578 2681 alia
2614 2625 2811 2696 quavis
2861 2624 3264 2681 necessitudine
3306 2623 3409 2679 sibi
3457 2625 3555 2680 de-

1968 2718 2235 2784 vinctum,
2263 2718 2316 2772 in
2340 2718 2457 2772 acie
2478 2718 2754 2773 corruisse
2776 2716 3141 2787 reperissent:
3166 2715 3353 2770 lretitia
3369 2714 3553 2773 omnis

1970 2810 2028 2864 in
2064 2824 2379 2872 man-orem,
2409 2817 2605 2865 cantus
2634 2824 2827 2865 versus
2854 2816 2939 2865 est
2964 2808 3021 2862 in
3052 2823 3240 2864 vocem
3267 2806 3551 2874 ﬂentium;

1971 2902 2189 2973 planctu
2229 2909 2282 2956 et
2325 2902 2532 2956 ululatu
2585 2908 2767 2956 castra
2817 2900 3072 2955 universa
3118 2899 3550 2970 perstrepebant.

285 2999 540 3055 vissimis
565 3006 619 3053 et
660 2997 978 3053 fortissimis
1005 3014 1120 3068 par.
1147 2998 1285 3053 solet
1328 3013 1450 3052 esse
1496 2998 1742 3064 audacia,
1773 3012 1871 3066 par
1897 3032 1938 3088 Ο
1975 2996 2301 3064 Sequentem
2324 2993 2465 3048 dicm
2495 2994 2548 3047 in
2572 2993 2775 3047 eisdem
2799 2992 2995 3047 castris
3018 2998 3240 3064 agentes
3263 2989 3413 3061 (Jun.
3439 2989 3551 3062 10),

286 3091 757 3163 gloria—omnes
788 3092 841 3145 in
872 3092 1110 3145 exercitu
1159 3090 1305 3160 regis
1344 3090 1583 3162 legiones
1626 3088 1872 3144 confusis

288 3184 605 3249 ordinibus,
632 3198 826 3239 omnes
878 3184 1046 3238 etiam
1088 3182 1264 3253 plebei
1315 3197 1381 3239 ac
1423 3181 1636 3249 rustici,
1667 3182 1761 3252 qui
1788 3197 1876 3235 ca-

282 3284 541 3331 strorum
568 3276 759 3331 usibus
779 3276 1030 3331 servilem
1058 3290 1280 3345 operam
1309 3276 1702 3344 dependebant,
1721 3275 1875 3329 ocius

290 3383 352 3423 se
380 3368 451 3424 ad
481 3368 888 3438 persequendos
916 3366 1183 3438 fugientes
1218 3368 1530 3437 expediunt,
1561 3382 1733 3431 equos
1759 3366 1873 3420 cal-

288 3460 521 3516 curibus
574 3476 832 3526 enecant,
889 3464 1184 3516 lallSSlmOS
1235 3474 1460 3529 campos
1513 3460 1658 3514 dicto
1712 3459 1875 3513 citius

286 3553 656 3618 transvolant,
686 3553 957 3608 obstantia
997 3567 1225 3623 qumque
1265 3552 1621 3616 conculcant,
1673 3549 1879 3621 fugien-

282 3650 398 3710 tes,
428 3659 560 3700 cum
589 3644 643 3698 in
672 3651 852 3700 castra
879 3652 1159 3715 tamquam
1190 3644 1299 3698 illic
1325 3644 1608 3698 latibulum
1637 3643 1875 3697 habituri

284 3750 357 3791 .se
381 3737 755 3807 recepissent,
787 3737 959 3807 captis
987 3736 1186 3792 castris
1212 3743 1267 3790 et
1293 3736 1520 3807 direptis
1564 3736 1871 3807 exagitant;

284 3826 420 3884 loca
448 3831 639 3884 omnia
679 3845 776 3899 per
803 3845 926 3901 qua:
956 3828 1083 3900 fuga
1136 3837 1239 3895 est,
1270 3844 1366 3899 per
1394 3828 1627 3885 miliaria
1655 3829 1765 3884 duo
1792 3830 1877 3884 vel

288 3921 423 3985 tria,
456 3922 886 3992 circumquaque
915 3922 1152 3976 czediltus
1199 3928 1509 3987 cruentant,
1551 3922 1876 3977 cadaverum

297 4012 511 4067 acervis
530 4021 883 4084 exaggerant;
905 4020 979 4079 et,
999 4012 1126 4083 quia
1148 4014 1453 4069 concitatus
1476 4013 1693 4084 ungulis
1714 4028 1881 4083 equo-

289 4114 425 4158 rum
476 4103 659 4172 pulvis
710 4104 887 4159 oculis
939 4112 1309 4174 prospectum,
1369 4106 1531 4160 rebus
1580 4104 1874 4161 discrimen

298 4192 599 4263 eripuerat,
652 4202 713 4249 ut
766 4196 899 4249 baut
949 4194 1107 4251 facile
1149 4194 1330 4252 socios
1370 4198 1440 4252 ab
1478 4198 1727 4252 hostibus
1752 4196 1875 4251 visu

294 4284 572 4355 caligante
624 4300 909 4343 secernere
958 4296 1213 4359 possent,
1268 4305 1434 4358 quam
1489 4288 1755 4358 plurimos
1809 4303 1877 4344 ex

1976 3086 2189 3163 occisos
2220 3094 2361 3141 terra
2389 3086 2658 3150 obruunt;
2690 3083 2784 3152 qui
2812 3082 3073 3139 clariores
3100 3082 3243 3137 inter
3268 3097 3364 3137 eos
3391 3082 3556 3138 ditio-

1974 3194 2173 3249 resque
2203 3178 2526 3241 extiterant,
2559 3177 2613 3230 in
2642 3176 2872 3249 patriam
2892 3217 2906 3242 ,
2940 3175 3081 3229 unde
3112 3174 3347 3245 quisque
3370 3173 3561 3230 oriunw

1974 3270 2077 3325 dus
2104 3276 2242 3335 erat,
2292 3268 2630 3338 sepeliendos
2655 3266 2988 3337 ,rcmittunt;
3019 3264 3319 3320 vulneratis
3364 3279 3558 3321 curam

1974 3362 2267 3427 adhibent;
2297 3374 2437 3430 quos
2464 3360 2671 3413 militizc
2696 3358 2750 3411 in
2782 3357 3052 3427 reliquum
3082 3356 3303 3411 inutiles
3327 3356 3557 3410 vulnera

1975 3454 2342 3519 reddiderant,
2401 3452 2518 3507 suis
2568 3451 2624 3505 in
2680 3449 2913 3520 patriam
2944 3448 3219 3504 curandos
3258 3448 3553 3503 destinant.

1973 3544 2084 3602 Nec
2112 3545 2270 3600 facile
2298 3542 2559 3599 restimari
2599 3550 2813 3612 poterat
2850 3549 2985 3610 quot
3011 3540 3148 3607 hac,
3186 3547 3321 3610 quot
3361 3538 3454 3593 illa
3500 3538 3557 3593 in“

1975 3639 2093 3694 acie
2120 3652 2259 3692 caesa
2288 3643 2473 3691 essent
2496 3635 2678 3700 milia;
2710 3633 2813 3687 hoc
2833 3641 3017 3686 tamen
3044 3632 3222 3702 palam
3244 3637 3553 3697 constante,

1974 3731 2098 3801 plus
2120 3728 2517 3799 hicnobilium,
2544 3727 2665 3797 plus
2689 3723 2796 3781 illic
2824 3724 3086 3780 cecidisse
3114 3722 3337 3793 plebeia:
3363 3722 3555 3778 multi-

1974 3823 2202 3888 tudinis,
2233 3830 2287 3876 et
2316 3828 2538 3892 prontcr
2569 3817 2922 3874 amissionem
2951 3815 3387 3870 clarissimorum
3415 3814 3558 3868 viro-

1975 3932 2099 3971 rum
2152 3915 2333 3981 majus
2385 3920 2622 3968 Victores
2678 3925 2842 3980 quam
2890 3908 3065 3963 victos
3111 3906 3301 3962 tulisse
3342 3897 3560 3977 dispen-

1974 3995 2124 4065 dium
2157 4009 2323 4080 (593).
2358 4006 2590 4061 Mmrore
2618 4011 2672 4058 et
2700 4004 2847 4059 luctu
2878 4001 3086 4056 affectis
3113 4000 3402 4067 omnibus,
3434 4014 3559 4069 gra-

1975 4103 2096 4156 vior
2136 4100 2366 4155 accessit
2408 4099 2565 4152 dolor
2621 4105 2676 4151 et
2723 4095 2851 4150 facti
2897 4093 3243 4164 poenitentia,
3276 4098 3557 4160 comperto

1976 4195 2124 4264 quod
2151 4192 2429 4264 principes
2455 4188 2709 4245 Samnite
2727 4230 2741 4253 ,
2768 4202 2909 4258 quos
2937 4186 3002 4239 ad
3030 4200 3201 4238 unum
3236 4181 3417 4236 interf.
3437 4189 3557 4237 ctos

1976 4285 2152 4357 pridie
2179 4298 2322 4338 vano
2349 4296 2571 4335 rumore
2595 4279 2972 4348 vulgaverant,
3001 4266 3193 4329 Omnes
3220 4274 3431 4343 integro
3458 4288 3560 4326 nu-

294 4372 471 4432 sociis
494 4376 633 4444 suis,
680 4378 813 4434 dum
865 4380 1053 4435 hostes
1107 4380 1460 4447 arbitrantur,
1518 4380 1870 4435 interficiunt.
1908 4386 1951 4440 ι)
1978 4391 2131 4432 mero
2156 4376 2422 4439 viverent,
2455 4382 2619 4443 atque
2646 4372 2713 4425 ad
2743 4368 3051 4424 iterandum
3092 4366 3340 4436 prmlium
3386 4378 3559 4420 novas

296 4460 586 4538 Principes
607 4467 758 4540 (Jun.
789 4468 870 4542 9.)
900 4469 1152 4527 Saxonis:
1171 4480 1224 4527 et
1252 4473 1483 4538 nobiles,
1521 4480 1718 4542 prater
1737 4472 1877 4527 deos

300 4556 568 4616 mediocri
613 4561 735 4618 loco
780 4570 939 4620 natos
982 4563 1150 4635 (392)“
1185 4579 1375 4620 omnes
1418 4564 1525 4618 vivi
1575 4562 1879 4633 integrique

1975 4472 2156 4525 denuo
2178 4468 2366 4538 copias
2394 4466 2538 4536 pleni
2567 4462 2877 4519 animorum
2917 4459 3321 4515 contraherent.
3366 4456 3560 4512 Gravié

1976 4569 2059 4616 ter
2105 4560 2271 4614 nimis
2300 4557 2546 4613 ferebant
2587 4563 2642 4610 et
2680 4555 2821 4608 inter
2858 4567 2914 4608 se
2944 4551 3078 4606 haut
3105 4549 3353 4606 obscuris
3381 4548 3559 4633 musi-f

1608 4695 1840 4751 VARle
1878 4693 2279 4751 LECTIONES.

304 4779 317 4788 .
382 4807 469 4839 ⁸⁸⁷⁸
497 4805 831 4866 fortissimus
860 4811 908 4865 i.
930 4810 985 4865 4.
1063 4810 1152 4842 ¹⁵⁷⁸
1180 4812 1317 4864 deest
1348 4811 1399 4862 5.
1480 4809 1569 4840 ³⁵⁷⁷
1600 4808 1930 4866 Glisbertz‘d.
2010 4809 2100 4840 “'3
2130 4816 2184 4863 et
2210 4808 2261 4862 5.

2345 4808 2432 4839 “"9
2466 4803 2890 4873 Lutoringorum
2907 4801 2961 4853 ’5.
3038 4798 3484 4864 Lutteringorum
3510 4796 3558 4848 l.

308 4871 404 4911 “3°
428 4876 479 4933 i.
528 4880 597 4934 ad
644 4877 682 4933 f.
715 4878 793 4934 bis
826 4882 1080 4937 scriptum
1109 4874 1161 4935 ἐι.
1240 4880 1327 4911 ¹⁵⁸¹
1360 4878 1513 4935 Tunc
1542 4880 1595 4933 4.
1676 4880 1766 4911 “‘3’
1799 4871 1976 4950 gladio
2006 4880 2077 4933 Γ.
2705 4871 2719 4873 ⁷
3068 4890 3071 4898 ‘

1826 4987 2057 5044 NOTJE.
2113 5019 2138 5039 κ

375 5102 523 5226 (5892
550 5105 797 5177 Pugnam
830 5106 1101 5170 lacessere,
1143 5105 1214 5161 cf.
1248 5103 1437 5172 Virgil.
1489 5102 1577 5156 1E.
1600 5144 1613 5167 ,
1644 5119 1698 5171 v,
1730 5105 1835 5159 426
1867 5124 1881 5173 ;
1985 5105 2287 5160 secundum
2314 5104 2625 5159 Brunonem
2649 5119 2715 5158 ex
2744 5097 2940 5155 mediis
2962 5097 3312 5172 Folcmarum
3331 5096 3387 5143 et
3407 5088 3578 5151 Liud-

375 5211 382 5226 .
409 5172 491 5226 25
520 5215 532 5226 .
904 5209 914 5216 -
1981 5190 2171 5226 eorum
2229 5175 2491 5226 cecilisse
2544 5180 2758 5226 monet.
2810 5176 2865 5221 et
2919 5167 3155 5221 fortasse
3206 5176 3259 5212 ιη
3290 5157 3578 5222 Lamberti

303 5157 579 5242 11:23":
1087 5157 1101 5170 1
1152 5157 1213 5161 w
1349 5157 1378 5172 υ
1603 5157 1613 5167 1
1686 5157 1698 5171 ⁷
1743 5157 1823 5159 ﬁ—v
1868 5157 1881 5173 ’
2229 5157 2491 5230 cecidisse
2544 5157 2865 5242 monetyet
2919 5167 3158 5242 fortasse
3206 5161 3259 5212 in
3290 5157 3579 5242 Lamberti

373 5209 638 5358 Ξέὅὸξέτ.
674 5209 929 5328 Sallusti,
959 5242 1142 5325 Catil.,
1173 5264 1220 5303 c.
1257 5242 1346 5298 60.

396 5310 487 5358 591
548 5311 615 5358 ν,
651 5315 918 5358 ΩρΜνινΛι
967 5313 1100 5358 Ηιςῑ,
1150 5332 1271 5358 σρη-
1325 5312 1346 5358 Α

1979 5233 2186 5302 Chron.
2211 5261 2377 5299 unam
2408 5246 2605 5299 lineam
2631 5240 2905 5298 excidisse
2935 5243 3121 5306 putat,
3146 5233 3199 5285 in
3231 5238 3580 5306 quangentio

396 5310 518 5358 59H
548 5311 615 5358 ν,
651 5315 918 5358 ΩρΜνινΛί
967 5313 1100 5358 Ηίςῑ,
1150 5332 1271 5358 σρη-
1325 5311 1460 5358 Ahh.

1533 5312 1594 5358 ll-
1646 5329 1681 5358 n
1742 5316 1855 5358 ΜΠ
1982 5298 2305 5358 mag-1......
2325 5298 2595 5358 ﬁnhlmrdi
2626 5322 2681 5358 nt.
2708 5298 3248 5358 Ernestimobilium.
3267 5326 3337 5336 —-
3360 5298 3577 5358 Medio-
