4050 5358
549 191 687 251 118⁴Ι

1717 208 2069 265 LAMBERTI
2099 210 2663 272 HERSFELDENSIS

3679 238 3822 292 “Bb

539 305 840 367 tationibns
885 305 1190 366 fremebant
1231 314 1399 385 quod,
1449 317 1688 371 maximo
1731 321 1816 374 sui
1868 322 2085 393 piaculo
2112 364 2126 389 ,
2159 333 2205 388 Α
2229 324 2411 381 verbis
2440 328 2779 398 supplicibus
2808 344 2868 388 se
2894 346 3085 402 pacem
3118 350 3290 407 quam
3327 338 3825 412 bellum,'dcmen-

539 398 767 455 minimo
797 399 876 453 rei
924 402 1157 470 publica:
1205 406 1580 475 cmolimcnto,
1631 425 1828 467 manus
1871 429 2000 471 suas
2032 414 2123 447 ⁸⁵⁸³
2225 415 2359 470 tiam
2415 417 2537 487 ejus
2586 434 2752 490 quam
2809 423 3240 496 indignationem
3284 431 3385 475 .“9‘
3436 448 3655 506 semper
3701 455 3823 496 ma—

535 488 772 548 innoxia:
798 490 973 561 plebis
1001 495 1267 566 sanguine
1295 499 1640 568 polluissent.

604 620 717 677 Rex
760 622 873 694 ipse
901 641 1068 696 quam
1109 629 1410 700 plurimum
1438 635 1729 690 verebatur
1758 652 1826 693 ne
1854 638 2031 705 miles,
2062 641 2119 697 in

528 712 746 769 irritum
775 714 883 771 fusi
914 719 1052 775 tanti
1081 724 1364 793 sanguinis
1392 727 1682 795 paenitens,
1714 729 1992 799 religionis
2020 734 2119 788 ob-

528 814 678 860 tentu
707 807 965 882 deinceps
994 813 1245 868 militiam
1275 815 1623 885 detrectaret,
1656 835 1819 889 quam
1850 837 1969 877 sme
1995 840 2119 893 pec-

526 906 649 953 cato
676 906 730 965 et
764 906 918 972 gravi
947 905 1151 961 oﬂ‘ensa
1192 905 1285 961 Dei
1326 908 1709 965 administrare
1748 928 1857 967 non
1905 925 2108 984 posset.

524 987 787 1051 Pessimae
821 996 900 1051 rei
941 997 1244 1068 pessimum
1285 998 1637 1071 Mogontinus
1666 1005 2111 1079 archiepiscopus

524 1088 827 1143 remedium
858 1089 1125 1145 adhibuit.
1158 1091 1371 1146 Collato
1391 1108 1518 1147 cum
1539 1095 1728 1163 paucis
1748 1095 2109 1157 familiaribus

524 1179 668 1251 regis
718 1180 983 1247 consilio,
1037 1190 1261 1252 repente
1302 1185 1570 1253 processit
1609 1186 1663 1240 in
1714 1189 2012 1258 publicum,
2055 1200 2109 1252 et

518 1270 797 1341 principes
827 1271 1162 1343 Tburingiae,
1189 1289 1290 1329 nec
1316 1276 1577 1332 canonice
1604 1278 1672 1333 ad
1702 1279 1957 1336 sinodum
1984 1300 2109 1339 evo-

521 1368 697 1427 catos,
731 1378 831 1418 ncc
862 1363 1097 1417 sinodali
1126 1365 1403 1421 audientia
1439 1370 1738 1425 secundum
1779 1373 2107 1432 ecclesiasti-

521 1466 615 1507 cas
644 1453 787 1524 leges
815 1454 1098 1510 discussos
1125 1457 1388 1527 praecipiti
1428 1462 1694 1516 sententia
1736 1468 2106 1522 excommuni-

520 1544 697 1610 cavit;
728 1560 792 1598 ea
821 1545 1031 1601 scilicet
1070 1562 1239 1603 causa
1270 1551 1417 1619 quod
1447 1565 1571 1606 eum
1621 1569 1767 1609 anno
1796 1557 1978 1626 priore
2007 1558 2103 1615 Er-

519 1634 813 1704 phesfurth
836 1636 948 1705 ωδ,
978 1654 1106 1693 cum
1131 1641 1198 1694 ad
1219 1642 1515 1713 exigendas
1529 1645 1769 1703 decimas
1784 1650 2096 1721 assedisset,
2132 1675 2175 1733 Β

518 1725 783 1783 districtis
813 1729 1004 1800 gladiis
1030 1732 1172 1788 intra
1202 1733 1295 1765 ¹δ⁸³
1322 1736 1610 1791 ecclesiam
1640 1738 1999 1809 impctisscnt.
2031 1743 2098 1800 Et

516 1831 585 1870 ne
612 1817 736 1887 quis
765 1819 815 1874 ei
847 1819 987 1876 forte
1028 1822 1134 1879 hoc
1163 1826 1376 1881 crimini
1415 1828 1570 1883 daret
1606 1831 1753 1900 quod
1779 1841 1972 1889 contra
1999 1851 2099 1891 ea-

517 1921 725 1963 nonum
756 1911 891 1967 scita
918 1914 1151 1972 miseros
1179 1918 1451 1988 homines,
1483 1928 1592 1976 tam
1624 1923 2096 1994 inexplicabilibus

515 2002 761 2070 negoeiis
787 2005 854 2059 ad
884 2020 1125 2075 prmsens
1154 2011 1468 2081 implicitos,
1496 2022 1603 2069 tam
1635 2015 1824 2087 iniquo
1852 2027 2096 2091 tempore

513 2090 650 2145 aior
677 2109 738 2148 us
795 2098 1007 2163 fuisset,
1062 2102 1282 2170 quando
1311 2105 1479 2160 tantis
1530 2108 1772 2179 undique
1826 2090 2093 2169 bellorum

512 2184 764 2252 procellis
802 2187 996 2257 jactati
1045 2207 1153 2246 non
1204 2195 1389 2252 causis
1438 2197 1683 2256 dicendis
1724 2218 1951 2273 vacare,
1998 2206 2094 2261 sed

509 2273 680 2330 vitam
710 2293 868 2335 suam
897 2279 1024 2353 fuga
1066 2285 1150 2339 vel
1191 2288 1359 2343 armis
1401 2305 1619 2346 servare
1659 2309 1880 2351 necesse
1925 2297 2095 2355 habe—

508 2374 663 2433 rent;
694 2369 772 2423 ait
812 2386 843 2424 a
872 2366 1123 2430 Romano
1156 2379 1415 2446 pontifice
1459 2380 1550 2413 ¹⁸⁸⁶
1587 2384 1691 2438 sibi
1735 2386 1839 2443 hoc
1865 2392 2095 2458 permis-

509 2471 633 2511 sum
660 2476 782 2515 esse
808 2473 887 2529 ut,
919 2466 1127 2538 absque
1155 2468 1413 2540 legitimis
1444 2472 1698 2544 induciis,
1730 2478 1935 2549 absque
1963 2482 2089 2553 legi-

508 2547 638 2602 tima
668 2550 1036 2625 discussione,
1066 2559 1155 2615 die
1183 2577 1294 2631 quo
1318 2562 1421 2618 sibi
1452 2578 1782 2637 occurreret,
1807 2586 1902 2628 eos
1935 2573 2086 2644 justo

503 2641 849 2701 anathemate
902 2650 971 2704 ab
1022 2652 1251 2709 ecclesia
1295 2654 1578 2711 recideret.
1629 2657 1849 2716 Nullum
1900 2641 2083 2720 tamen

503 2731 803 2800 sapientem
843 2738 1011 2796 latere
1060 2746 1236 2813 potuit
1263 2762 1374 2817 quo
1418 2748 1765 2827 potissimum
1817 2758 2086 2823 spectaret

502 2820 609 2877 boc
634 2822 862 2897 factum,
896 2848 961 2887 eo
991 2834 1200 2892 scilicet
1224 2846 1283 2892 ut
1309 2824 1581 2898 exercitus
1610 2844 1751 2917 regis
1780 2849 2085 2917 promptior

500 2912 758 2987 deinceps
785 2919 1146 2997 fidentiorque
1172 2930 1463 2986 adversum
1494 2949 1591 2989 eos
1616 2912 1817 2993 bellum
1850 2912 2078 3011 gereret,

2221 506 2413 575 luisse,
2445 518 2502 564 et
2527 526 2649 566 eam
2677 514 2723 569 si
2757 515 2866 571 alio
2892 519 3079 587 precio
3108 536 3273 591 quam
3295 527 3518 595 proprio
3546 530 3823 602 sanguine

2220 598 2490 656 redimere
2549 605 2876 675 potuissent,
2936 625 3218 682 nunquam
3274 615 3341 670 ad
3396 617 3514 674 haec
3567 598 3823 684 extrema

2219 690 2465 748 audenda
2517 697 2956 771 experiendaque
3007 719 3367 773 processuros
3409 708 3628 781 fuisse;
3666 715 3821 786 quod

2218 782 2265 836 si
2290 783 2375 837 vel
2403 801 2549 842 nunc
2579 790 2769 844 saltem
2796 803 2921 862 post
2957 795 3162 852 illatam
3191 799 3400 855 cladem
3422 817 3521 857 cor
3545 782 3822 876 ejus—licti—

2216 873 2383 946 gisset
2432 876 2576 934 Deus
2603 921 2619 947 ,
2679 890 2738 936 ut
2793 886 3194 948 calamitatibus
3254 906 3447 948 eorum
3496 873 3821 954 condoleret

2214 981 2354 1036 quos
2376 983 2511 1037 pene
2541 988 2717 1043 usque
2747 974 2835 1007 "9’
2861 979 2929 1033 ad
2957 979 3367 1039 internitionem
3394 991 3814 1058 prostravisset,

2213 1072 2272 1113 se
2306 1060 2410 1114 hoc
2439 1072 2720 1132 gratanter
2751 1070 3025 1140 amplecti,
3064 1082 3145 1141 et,
3187 1076 3515 1136 oblitteratis
3558 1096 3591 1135 a
3640 1082 3815 1137 corde

2211 1166 2313 1205 suo
2347 1155 2603 1212 omnibus
2642 1160 2802 1216 malis
2835 1163 3036 1233 quibus
3083 1166 3137 1220 in
3190 1183 3288 1224 eos
3334 1169 3471 1225 iram
3506 1173 3815 1243 odiumque

2209 1260 2370 1299 suum
2397 1249 2687 1317 explesset,
2724 1253 2980 1326 deinceps
3029 1259 3079 1312 ei
3112 1259 3252 1316 fidos
3281 1261 3621 1334 devotusque
3655 1263 3813 1322 futu-

2207 1350 2332 1402 ros;
2370 1337 2419 1392 si
2451 1347 2634 1394 autem
2662 1344 2770 1399 hoc
2797 1347 2955 1402 aliter
2978 1364 3146 1420 quam
3172 1366 3271 1422 per
3307 1353 3659 1414 dedicaonem
3685 1355 3812 1413 ﬁeri

2206 1442 2317 1485 non
2345 1440 2560 1499 posset,
2588 1436 2897 1494 consultius
2941 1441 3046 1496 sibi
3074 1458 3198 1503 esse
3228 1454 3289 1500 ut
3334 1448 3483 1504 salva
3512 1448 3808 1507 existiim~

2204 1519 2352 1577 tione
2386 1538 2507 1589 sua,
2535 1524 2799 1583 incolumi
2828 1530 3079 1590 libertate
3133 1551 3253 1604 sua,
3306 1539 3361 1594 in
3410 1542 3810 1613 congressione

2202 1612 2417 1705 publica
2479 1627 2826 1676 morerentur
2854 1663 2871 1690 ,
2926 1640 3090 1696 quam
3145 1628 3312 1685 dediti
3364 1633 3471 1688 ritu
3521 1612 3807 1705 pecudum

2194 1694 2597 1777 iugularentur,
2654 1712 2743 1767 vel
2768 1713 2864 1769 diu
2914 1694 2970 1771 in
3020 1721 3272 1777 custodia
3320 1694 3542 1792 habiti,“
3568 1726 3808 1795 insuper

2196 1808 2342 1869 [ante
2392 1808 2449 1856 et
2497 1802 2586 1857 siti
2641 1804 2874 1876 aliisque
2927 1811 3263 1872 cruciatibus
3320 1820 3604 1887 macerati,
3643 1804 3806 1876 omni

2196 1899 2373 1948 morte
2396 1892 2695 1952 tristiorem
2716 1898 2883 1955 vitam
2916 1903 3219 1974 exigerent.
3244 1906 3327 1964 Ad
3355 1908 3612 1965 ultimum
3629 1911 3803 1982 jussu

2196 1984 2340 2053 regis
2387 1984 2666 2055 profectus
2710 1999 2797 2047 est
2846 1993 3137 2067 episcopus
3192 1997 3538 2071 Mogontinus
3588 2011 3648 2061 et
3700 2005 3805 2061 alii

2194 2076 2419 2145 quidam
2455 2094 2523 2133 ex
2565 2082 2925 2154 principibus,
2980 2098 3036 2144 et
3089 2090 3205 2147 haec
3248 2093 3437 2148 eadem
3475 2094 3601 2152 viva
3656 2111 3802 2156 voce

2193 2182 2320 2231 cum
2353 2168 2437 2225 eis
2470 2181 2734 2242 egerunt,
2793 2176 3152 2238 obsecrantes
3199 2198 3296 2241 eos
3329 2200 3429 2255 per
3472 2191 3650 2245 Deum
3702 2199 3797 2260 ut,

2191 2268 2481 2331 postquam
2534 2266 2675 2321 male
2713 2279 3002 2341 auspicato
3054 2290 3170 2329 rem
3214 2279 3499 2334 certamini
3548 2284 3795 2341 contini-

2189 2439 2404 2511 lendam
2438 2453 2796 2521 accepissent,
2836 2471 2983 2513 nunc
3006 2459 3220 2527 saltem,
3266 2462 3413 2518 malo
3445 2480 3551 2520 suo
3580 2467 3789 2538 coacti,

2187 2536 2574 2606 resipiscerent
2605 2557 2636 2598 a
2667 2545 2917 2616 stultitia,
2943 2565 3044 2606 nec
3068 2567 3127 2607 se
3146 2561 3472 2625 gentemque
3499 2559 3593 2613 ’δἐι

2186 2627 2459 2685 obstinata
2484 2632 2865 2705 desperatione
2897 2643 3123 2698 omnino
3171 2647 3444 2715 perditum
3498 2660 3684 2719 irent;
3720 2669 3790 2711 se

2186 2717 2241 2787 in
2270 2731 2566 2791 conspectu
2603 2729 2790 2785 omnia
2825 2735 3098 2791 cernentis
3155 2734 3251 2792 Dei
3286 2724 3445 2797 [idem
3478 2742 3571 2779 ut"
3604 2744 3786 2801 inter-

2183 2826 2387 2881 ponere
2437 2818 2613 2884 auod,
2648 2820 2695 2875 si
2759 2838 2819 2876 se
2854 2825 2999 2881 ultro
3032 2827 3402 2895 dedidissent.
3440 2842 3539 2891 aut
3582 2838 3781 2894 eadem

2158 2903 2270 2963 die
2293 2915 2399 2962 aut
2431 2904 2760 2969 brevissimo
2793 2925 2919 2985 post
2966 2926 3209 2989 tempore
3257 2924 3540 2982 dediczone
3589 2931 3783 2986 absor-

497 3004 564 3059 dc
593 3018 826 3075 quorum
877 3015 1186 3087 occisione,
1218 3020 1266 3076 si
1308 3030 1431 3091 post
1459 3004 2076 3090 excommunicationem
2106 3018 2147 3075 (ἶ
2180 3010 2341 3091 νθηο*
2393 3011 2576 3057 essent
2601 3045 2614 3071 ’
2680 3006 2846 3063 sams
2897 3010 3001 3065 si!”
3036 3012 3414 3083 dlgmmubus'
3472 3020 3775 3080 beneﬁcus

496 3095 665 3151 occisi
687 3098 938 3172 fuissent,
962 3116 1175 3176 putaret
1200 3126 1258 3167 se
1288 3128 1391 3170 nec
1408 3119 1647 3185 peccatis
1670 3119 1760 3154 “3"
1775 3123 2076 3183 obnoxium

496 3182 634 3255 fore,
667 3204 768 3248 nec
822 3198 1000 3264 pmnis
1040 3216 1179 3271 quas
1218 3204 1364 3277 leges
1403 3210 1788 3271 ecclesiastiCa:
1827 3223 2078 3276 statuunt

496 3277 810 3341 bomicidis.

504 3488 511 3497 Ι
563 3414 730 3489 Igitur
780 3425 950 3480 movit
1001 3431 1275 3489 exercitus
1326 3434 1394 3491 de
1434 3436 1559 3495 loco
1612 3445 1930 3504 certaminis
1947 3490 1971 3520 ,ί
2019 3457 2075 3506 et

491 3511 719 3572 transita
766 3512 1063 3591 Tburingia
1112 3523 1201 3556 “8°
1267 3527 1549 3600 ingressus
1597 3544 1683 3592 est
1738 3537 2075 3612 Saxoniam,

489 3601 672 3691 omnia
737 3606 1163 3684 circumquaque
1217 3616 1363 3674 ferro
1412 3630 1469 3678 et
1517 3626 1643 3697 igne
1703 3631 2066 3703 depopulata,

964 3674 981 3681 -
1073 3674 1093 3684 -
1419 3674 1466 3678 ν-
1517 3674 1641 3697 -ο-ν
1703 3674 1760 3685 ν-
1773 3674 2066 3703 γνννιυ-υι

488 3674 776 3766 tantasque
805 3699 861 3755 in
889 3702 1032 3760 villis
1068 3706 1298 3779 singulis
1323 3715 1524 3783 reperit
1552 3734 1705 3790 opes,
1736 3720 2071 3784 fecundssiq

487 3797 578 3851 tua
641 3788 850 3846 scilicet
900 3795 1123 3865 regione
1152 3810 1223 3855 et
1269 3804 1435 3862 nullis
1484 3788 1717 3870 antehac
1770 3816 1928 3876 bellis
1981 3827 2069 3876 at-

487 3881 633 3941 tacta
666 3878 775 3946 Μ’,
812 3891 872 3936 ιιι
896 3887 1225 3948 avidissimus
1253 3897 1396 3964 plebi
1422 3910 1764 3975 castrorum,
1797 3926 1920 3981 quae
1947 3913 2065 3970 sola

487 3981 582 4037 spe
610 3971 920 4047 rapinarum
953 3981 1252 4039 exercitum
1277 3992 1626 4063 sequebatur,
1662 4000 1819 4069 copia
1848 4016 2066 4073 pareret

486 4055 784 4125 fastidium.
815 4064 930 4124 Rex
966 4077 1147 4131 tamen
1179 4055 1431 4151 assiduas
1469 4086 1536 4141 ad
1574 4055 1864 4162 principes.
1884 4093 2063 4153 Saxo—

485 4150 590 4227 niae
622 4152 921 4226 lagationes
967 4171 1084 4221 tum
1142 4183 1245 4225 suo
1294 4179 1410 4228 tum
1468 4150 1777 4252 principum
1830 4201 2059 4251 suorum

484 4244 705 4309 nomine
750 4249 1094 4327 destinabat,
1152 4260 1380 4321 hortans
1432 4244 1528 4325 eos
1577 4244 2057 4351 ut-sedederent,

483 4340 648 4413 atque
675 4339 733 4415 in
759 4343 1046 4404 clementia
1079 4350 1200 4421 ejus
1225 4357 1409 4424 potius
1436 4378 1601 4432 quam
1632 4368 1685 4421 In
1722 4372 1891 4428 armis
1916 4391 2055 4444 suis,

482 4438 606 4503 qua:
632 4434 799 4505 semel
836 4435 1125 4527 infeliciter
1170 4452 1540 4522 temptassent,
1570 4473 1721 4527 spem
1751 4462 1856 4518 sibi
1897 4434 2055 4523 dein;

478 4714 583 4756 ma:
612 4701 701 4736 ¹⁵⁹⁰
736 4707 1023 4770 dementiae
1078 4733 1201 4775 esse
1249 4722 1568 4792 judicabant
1603 4742 1662 4788 ut
1708 4752 1756 4791 et
1802 4744 2052 4814 pra-cipi-

475 4797 655 4895 tanter
699 4802 991 4870 sanguinis
1028 4809 1115 4864 sui
1159 4812 1251 4881 jus
1301 4826 1736 4896 potestatemque
1787 4797 2051 4904 facerent,

474 4883 634 4954 cujus
664 4887 800 4945 iram
833 4903 998 4953 tantis
1033 4910 1159 4957 ante
1201 4910 1597 4977 expeditionem
1634 4921 2051 4989 supplicationi-

474 4971 577 5031 bus
606 4980 857 5052 mitigare
896 4991 1289 5061 nequivissent.
1326 4998 1529 5058 Tamen
1569 5011 1967 5072 mandaverunt
1998 5022 2048 5077 ei

2178 3090 2396 3158 praediis
2428 3102 2485 3148 et
2510 3096 2635 3154 aliis
2664 3097 3017 3160 facultatibus
3061 3106 3195 3162 suis.
3228 3107 3467 3167 Econtra
3509 3115 3587 3168 illi
3636 3117 3777 3175 satis

2178 3181 2285 3236 sibi
2317 3184 2535 3243 aiebant
2556 3205 2616 3245 re
2661 3191 2777 3263 ipsa
2812 3196 3088 3267 cegnitam
3134 3207 3190 3254 et
3218 3213 3517 3271 spectatam
3544 3221 3673 3265 esse
3717 3217 3781 3268 et

2173 3274 2481 3347 principum
2507 3281 2668 3338 tidem
2717 3292 2770 3340 et
2802 3288 2950 3358 regis
3006 3297 3166 3346 atrox
3213 3300 3379 3364 atque
3428 3297 3777 3368 implacabile

2177 3364 2269 3399 ³⁸⁸⁸
2320 3369 2621 3443 ingenium,
2677 3392 2824 3446 eum,
2879 3390 3006 3450 post
3052 3383 3175 3439 illas
3231 3364 3573 3447 conditiones
3616 3393 3774 3461 pacis

2173 3473 2313 3528 quas
2339 3463 2521 3531 priore
2546 3482 2691 3523 anno
2718 3470 2773 3524 in
2799 3470 3128 3545 Gerstingun
3161 3477 3251 3509 “’°
3279 3494 3396 3547 rex,
3426 3482 3771 3554 principibus

2171 3551 2492 3625 sullragium
2527 3557 2847 3631 ferentibus,
2898 3581 3063 3635 quam
3096 3568 3185 3601 ³⁵⁸⁷
3217 3578 3420 3627 sancta:
3465 3551 3768 3646 hmassa,

2170 3652 2282 3707 tam
2311 3649 2601 3706 crudeliter
2627 3653 2683 3707 in
2700 3669 2805 3711 .eos
2830 3658 3020 3728 culpae,
3050 3676 3216 3731 quam
3246 3671 3379 3720 tunc
3411 3668 3771 3727 condonam-

2168 3744 2274 3805 rat,
2336 3740 2633 3800 vindictam
2682 3749 3039 3818 exercuisset,
3104 3766 3205 3810 nec
3256 3756 3565 3828 principum
3620 3754 3771 3819 ﬁdu-

2166 3830 2601 3899 periclitantibus
2624 3837 2919 3910 quicquam
2958 3843 3079 3914 opis
3111 3847 3458 3920 prasidiique
3495 3852 3769 3911 contulis-

2165 3932 2288 3989 set;
2312 3925 2540 3993 proinde
2565 3926 2770 3986 frustra
2795 3946 2890 3988 eos
2926 3949 3120 4006 rogare
3149 3945 3209 4019 ut
3237 3938 3396 3996 tidem
3427 3958 3587 3999 suam
3612 3959 3766 4003 nunc

2162 4015 2514 4084 experiantur
2532 4021 2694 4089 quasi
2719 4023 3075 4095 incognitam,
3098 4015 3265 4100 quam
3292 4048 3346 4086 ιιι
3370 4037 3581 4107 campis
3607 4036 3763 4093 Tim.

2163 4105 2353 4177 ringiaa
2386 4109 2506 4165 luce
2534 4112 2737 4175 clarius
2775 4118 2950 4172 multo
2999 4136 3103 4176 suo
3150 4123 3498 4183 incommodo
3547 4130 3761 4201 experti

2162 4196 2415 4261 fuissent.
2452 4200 2552 4271 Ita,
2580 4204 2743 4265 deﬁxi
2784 4208 2839 4263 in
2877 4214 3141 4268 sententia
3192 4218 3567 4289 persistentes,
3616 4196 3763 4279 baut

2160 4291 2352 4359 procul
2379 4308 2410 4347 a
2440 4293 2806 4371 Magadaburg
2835 4301 2971 4359 locis
3001 4307 3385 4367 munitissimis
3406 4319 3760 4373 secontine-

2092 4362 2137 4418 Β
2162 4382 2313 4450 bant,
2343 4386 2495 4455 quia,
2530 4362 2657 4445 licet
2684 4362 3031 4452 multitudine
3054 4398 3453 4473 habunuarent,
3488 4422 3759 4481 congres-

2163 4473 2412 4532 sionibus
2439 4487 2620 4535 tamen
2650 4484 2906 4555 deinceps
2934 4490 3339 4561 abstinendum,
3382 4500 3493 4555 nisi
3520 4473 3756 4559 inevita-

2160 4565 2285 4627 bilis
2313 4571 2610 4627 necessitas
2633 4573 2930 4645 incidisset,
2958 4581 3327 4644 deereverant.
3354 4590 3559 4650 Tamen
3590 4592 3753 4652 Uodo

2163 4657 2254 4721 “99
2297 4662 2542 4717 marcbio
2579 4664 2701 4736 [pro
2742 4682 2811 4723 se
2859 4671 2973 4746 ωδ]
3008 4683 3062 4729 et
3087 4678 3376 4752 episcopus
3434 4684 3750 4744 Mersebur-

2157 4763 2338 4818 gensns
2366 4760 2421 4807 ct
2448 4770 2609 4819 pauci
2640 4760 2731 4812 alii
2757 4763 2968 4820 nobiles
3005 4767 3257 4827 Samnite
3305 4775 3575 4837 dedicioni
3605 4796 3750 4837 con-

2156 4854 2464 4900 senserunt.
2496 4845 2573 4901 Ex
2602 4851 2802 4920 quibus
2838 4852 2991 4911 Uodo
3029 4859 3120 4891 ¹¹⁵⁹⁹
3149 4865 3416 4936 marchio,
3462 4870 3590 4927 dato
3638 4888 3751 4945 pro

2156 4949 2214 4989 se
2244 4936 2436 4992 obside
2465 4938 2577 4992 lilio
2615 4958 2736 5010 suo,
2767 4947 2946 5002 statim
2985 4951 3269 5012 dedicione
3293 4960 3580 5020 absolutus
3609 4936 3744 5036 est;

2154 5027 2446 5097 episcopus
2502 5030 2556 5083 in
2606 5040 2999 5096 monasterium
3056 5043 3326 5105 Loressan
3361 5053 3452 5086 “’°°
3487 5056 3741 5128 missus;
