4050 5358
271 199 421 256 ιιεθ

1503 186 1843 243 ANNALES.
1876 182 1945 227 '—
1974 183 2086 243 ΑΝ.
2126 188 2278 245 1075.

3409 192 3553 249 Ιιξὶιὶ

267 315 363 369 alii
399 309 635 385 diversis
658 306 1017 380 principibus,
1044 312 1107 360 ut
1128 302 1197 360 ad
1234 309 1452 375 tempus
1483 311 1856 367 servarentur,
1888 302 1934 360 Α
1962 299 2103 357 fecto
2134 302 2310 373 major
2337 312 2544 360 restare
2599 302 2893 359 timebatur
2922 304 3034 372 ¹⁸¹⁵,
3067 304 3249 362 minus
3302 306 3565 388 devotunt

267 402 639 462 commendati
667 410 815 457 sunt.

342 497 459 552 Rex
502 509 678 565 usque
718 491 1024 549 Halberstat
1086 489 1175 522 ¹⁸⁰¹
1233 504 1359 544 cum
1420 489 1662 544 exercitu
1719 489 1868 545 venit

269 585 461 659 (λιιι),
488 585 695 649 omnia,
726 592 786 639 ut
835 590 1098 654 coeperat,
1146 582 1574 652 circumquaque
1620 580 1766 637 ferro
1813 589 1869 638 et

265 680 396 751 igne
452 676 807 747 depopulans.
863 675 1171 732 Goslariam
1220 690 1440 745 quoque
1499 689 1623 728 cum
1676 674 1868 744 paucis

264 767 530 841 perrexit,
562 784 793 840 parcens
815 768 939 823 loco
967 768 1241 823 ditissimo
1265 773 1321 820 et
1361 765 1466 821 sibi
1495 781 1710 835 semper
1743 782 1869 837 gra-

269 861 508 929 tissimo,
534 876 603 918 ne
637 861 729 893 ¹⁸⁹²
750 876 922 931 quam
957 860 1198 916 admissa
1248 858 1595 913 multitudine
1644 858 1872 914 sentiret

265 953 694 1025 depraedationis
728 953 1005 1023 injuriam.
1036 950 1285 1022 Cumque
1330 951 1603 1007 exercitus
1654 951 1709 1006 in
1751 951 1870 1007 dies

266 1040 419 1101 fame
449 1052 504 1101 et
537 1044 626 1100 siti
654 1044 947 1116 deperiret,
978 1043 1150 1100 veteri
1179 1042 1455 1098 frumento
1498 1056 1586 1112 par
1598 1043 1696 1097 tim
1725 1042 1868 1114 igne,

262 1136 477 1205 partim
520 1143 686 1191 tanta:
716 1136 1088 1193 multitudinis
1137 1136 1331 1191 usibus
1376 1136 1690 1204 absumpto,
1728 1150 1870 1191 novo

264 1236 460 1285 autem
502 1228 736 1284 necdum
779 1237 1036 1297 maturo;
1089 1242 1327 1299 cumque
1372 1243 1497 1298 spes
1542 1227 1688 1281 nulla
1726 1236 1874 1284 esset

266 1320 396 1377 sine
420 1320 754 1393 largioribus
784 1320 1019 1376 induciis
1045 1328 1101 1375 et
1129 1318 1434 1390 majoribus
1465 1319 1728 1389 impensis
1756 1318 1871 1374 bel-

265 1411 393 1467 lum
422 1413 530 1469 boc
564 1411 761 1468 conﬁci
792 1427 954 1483 posse
997 1430 1011 1467 :
1050 1419 1312 1468 exoratus
1339 1427 1437 1467 rex
1470 1426 1502 1466 a
1531 1411 1871 1482 principibus

268 1501 520 1560 Saxonia
572 1504 828 1571 excessit,
882 1512 936 1559 et
983 1503 1230 1559 transitis
1275 1503 1477 1559 ﬁnibus
1532 1502 1867 1575 Thuringite,

267 1595 369 1651 ubi
415 1594 811 1668 Escbenewege
847 1596 939 1628 ⁸³⁸³
984 1596 1249 1667 pervenit,
1303 1596 1602 1651 exercitum
1639 1596 1866 1664 dimisit,

1966 393 2255 449 habiturus
2284 404 2446 450 esset.

2036 484 2387 555 Mogontinus
2422 485 2901 557 archiepiscopus,
2943 487 3201 545 efferatus
3242 489 3295 544 in
3325 488 3557 548 llalber-

1967 583 2262 630 statcnsem
2306 576 2396 609 ¹⁸¹⁶
2440 579 2778 650 episcopum,
2823 595 2923 650 pro
2966 596 3032 635 eo
3086 582 3231 652 quod
3286 598 3383 653 per
3434 599 3561 640 eum

1966 667 2313 737 potissimum
2357 670 2573 725 stetisse
2610 672 2886 726 videretur
2916 688 2980 727 ne
3012 658 3562 731 Saxonesdedieioni

1968 760 2340 815 cnnsentirent
2370 802 2385 827 ,
2444 762 2709 831 spirituali
2751 771 3031 818 armatura
3083 765 3352 820 debellare
3405 776 3564 836 parat

1968 866 2129 919 quem
2160 851 2380 905 militari
2413 869 2577 907 manu
2630 871 2739 909 non
2769 864 3022 925 potuerat
3051 856 3162 910 ""7.
3197 855 3461 928 Legatum
3512 859 3565 917 ei

1969 941 2154 1009 mittit,
2198 958 2434 1014 eumque
2488 944 2555 998 ad
2613 946 2864 1001 sinodum
2916 957 3126 1015 evocat,
3184 949 3458 1006 intentans
3512 950 3566 1007 ei

1969 1034 2174 1087 crimen
2204 1034 2450 1105 perjurii,
2483 1052 2543 1090 ea
2574 1036 2640 1092 de
2683 1054 2848 1094 causa
2877 1040 3023 1109 quod
3055 1049 3245 1095 contra
3290 1057 3403 1095 rem
3458 1058 3571 1112 pu»

1968 1123 2166 1180 blicam
2197 1135 2251 1182 et
2277 1144 2479 1199 regem,
2510 1130 2598 1184 cui
2624 1131 2726 1187 sub
2750 1130 3107 1201 jurejurando
3137 1134 3294 1188 ﬁdem
3328 1150 3567 1205 spopon-

1971 1215 2174 1283 disset,
2220 1218 2543 1275 instructam
2580 1222 2754 1276 aciem
2800 1223 2909 1277 dux
2956 1227 3070 1294 ipse
3116 1226 3239 1280 belli
3278 1226 3570 1284 direxisset

1975 1307 2101 1375 "‘3;
2144 1317 2199 1364 et
2240 1310 2673 1388 haeoccasione
2719 1314 2809 1346 ¹⁸¹⁹
2854 1315 3165 1388 episCOpatu
3207 1334 3333 1373 eum
3373 1319 3566 1376 detur-

1971 1398 2123 1467 bare,
2155 1400 2201 1455 si
2226 1386 2372 1457 vota.
2385 1414 2645 1475 sequatur
2687 1405 2932 1475 effectus,
2965 1386 3338 1477 machinatur;
3370 1425 3567 1481 parum

1972 1492 2221 1547 recolens
2258 1510 2316 1549 se
2354 1494 2533 1566 ipsum
2576 1497 2764 1553 eadem
2797 1514 2941 1553 noxa
2987 1501 3180 1566 teneri,
3211 1500 3340 1571 quia
3368 1510 3423 1556 et
3448 1501 3568 1574 ipse

1971 1590 2026 1637 et
2069 1586 2252 1641 cuncti
2301 1588 2575 1660 principes
2604 1591 2776 1665 regni,
2808 1593 2903 1663 qui
2956 1609 3103 1649 nunc
3143 1596 3379 1665 partium
3423 1596 3569 1669 regis

265 1697 498 1760 accepta
533 1705 561 1744 η
591 1666 932 1760 principibus
958 1666 1272 1744 ﬁrmissima
1305 1688 1601 1758 sponsione
1620 1689 1767 1760 quod
1799 1690 1869 1747 ad
1900 1666 1943 1721 Β
1968 1685 2145 1743 erant,
2178 1677 2231 1731 in
2264 1678 2378 1734 haec
2407 1681 2592 1736 eadem
2624 1693 2815 1738 contra
2860 1701 3039 1756 regem
3070 1686 3209 1740 bella
3237 1703 3266 1741 a
3296 1666 3568 1759 principio

269 1779 370 1812 ¹⁸⁰⁸
386 1780 689 1836 iterandam
710 1780 1111 1852 expeditionem
1146 1779 1205 1833 ll
1229 1779 1320 1811 ¹⁸⁰⁸
1345 1779 1615 1837 Kalendas
1636 1779 1870 1837 Novem-

266 1871 392 1926 bris
426 1873 666 1942 majeres
696 1882 751 1928 et
778 1870 1128 1928 ambitiosius
1153 1871 1452 1928 instructas
1483 1872 1584 1929 sibi
1642 1873 1697 1928 in
1736 1872 1871 1930 Ger-

267 1962 503 2036 stingun
533 1964 625 1997 ¹⁸⁰⁶
656 1965 844 2036 cepias
875 1963 1167 2020 addueturi
1196 1972 1401 2020 essent.

342 2054 470 2122 Quo
509 2057 564 2111 in
603 2064 847 2128 tempore
890 2055 1211 2111 nunciatum
1246 2063 1332 2112 est
1378 2056 1492 2128 regi
1541 2054 1871 2111 Dietwinum

267 2146 636 2204 Leodiensem
696 2147 1018 2219 episcopum
1047 2188 1062 2215 ,
1113 2148 1293 2202 virum
1367 2138 1554 2205 multis
1613 2156 1875 2205 ornatum

264 2240 572 2295 virtutibus
601 2247 656 2295 et
683 2256 778 2310 per
814 2240 1000 2311 plures
1036 2238 1153 2311 jam
1187 2255 1361 2297 annos
1392 2241 1697 2298 sacerdotio
1741 2256 1870 2312 per-

267 2330 552 2398 functum,
587 2331 658 2387 ab
690 2332 794 2387 hac
821 2332 945 2387 luce
973 2332 1241 2405 migrasse
1269 2331 1439 2402 (591i).
1479 2332 1579 2388 Cui
1618 2333 1870 2403 protinus

267 2439 371 2478 rex
409 2439 506 2493 per
540 2423 905 2481 interventum
953 2423 1245 2482 Gozelonis
1271 2423 1447 2490 ducis,
1497 2433 1716 2496 pr0pter
1750 2426 1871 2496 ejus

266 2514 549 2571 excellens
575 2515 629 2571 in
675 2515 866 2572 militia
911 2516 1187 2583 meritum,
1227 2531 1602 2573 successorem
1660 2518 1870 2574 consti-

272 2610 383 2665 tuit
408 2605 727 2664 Heinricum
783 2608 1055 2682 quendam
1098 2606 1496 2666 Vertunensem
1526 2610 1616 2642 ¹⁸⁰⁷
1646 2611 1871 2665 canoni-

271 2718 429 2767 cum,
480 2699 585 2772 ipsi
632 2699 759 2757 duci
813 2700 1288 2774 consanguinitate
1334 2701 1644 2771 proximum
1693 2700 1865 2774 (595).

272 2793 400 2862 Quo
447 2793 537 2849 ille
587 2793 851 2850 beneﬁcio
908 2794 1023 2866 regi
1082 2792 1386 2861 devinctus,
1440 2809 1662 2865 operam
1712 2809 1869 2850 suam

272 2885 480 2942 futurae
512 2885 842 2956 expeditioni
872 2900 1036 2958 quam
1064 2885 1360 2941 maximam
1383 2886 1761 2957 pollicebatur.

1968 1769 2409 1839 conjuraverant.
2444 1771 2549 1828 Sed
2580 1776 2816 1832 nuncius
2844 1786 2991 1832 metu
3022 1778 3285 1846 hostium,
3309 1794 3407 1849 per
3427 1794 3573 1851 quo-

1969 1875 2091 1914 rum
2123 1868 2299 1917 terras
2329 1868 2725 1922 transeundum
2751 1878 2889 1937 erat,
2922 1872 3228 1926 retardatus
3267 1879 3375 1937 est,
3406 1886 3472 1926 ne
3500 1871 3573 1931 ad.

1968 1950 2239 2021 legitimas
2269 1955 2539 2024 inducias,
2570 1959 2713 2014 sicut
2744 1962 2987 2017 solemne
3017 1971 3120 2030 est,
3153 1963 3204 2018 ei
3247 1964 3387 2018 diem
3417 1962 3570 2019 dice-

1968 2051 2084 2111 ret;
2126 2053 2289 2118 atque
2326 2046 2402 2102 ita
2457 2050 2701 2120 ineptum
2763 2055 3056 2108 consilium
3110 2056 3300 2110 eadem
3354 2056 3570 2114 levitate

1970 2136 2190 2192 evanuit
2226 2155 2332 2211 qua
2363 2151 2600 2212 emptum
2640 2143 2835 2199 fue.‘at.
2872 2144 3135 2201 Sinodum
3166 2155 3344 2201 tamen
3374 2149 3567 2205 eodem

1971 2242 2115 2283 anni
2144 2247 2333 2287 mense
2377 2232 2599 2289 Octobri
2643 2234 2932 2308 Moguntina
2976 2238 3123 2309 (397)
3169 2241 3565 2312 congregavit;

1972 2321 2065 2377 ubi
2095 2324 2235 2379 inter
2262 2324 2398 2380 alios
2429 2327 2519 2358 "'°
2550 2327 2643 2399 qui
2673 2339 3041 2403 convenerant
3070 2332 3257 2385 aderat
3284 2328 3569 2389 Curiensis

1971 2415 2281 2487 epise0pus,
2313 2420 2624 2488 apostolica:
2656 2421 2743 2452 ¹⁵¹¹
2776 2423 2922 2478 sedis
2974 2424 3183 2478 litteras
3212 2431 3265 2477 et
3312 2422 3568 2480 mandata

1970 2496 2221 2565 deferens
2253 2528 2265 2563 :
2299 2511 2498 2582 quibus
2530 2513 2579 2567 ei
2628 2515 2731 2570 sub
2761 2515 3201 2571 interminatione
3238 2506 3457 2588 gradus
3511 2523 3568 2572 et

1971 2600 2180 2656 ordinis
2211 2602 2293 2657 sui
2336 2604 2702 2676 praecipiebat,
2746 2609 2890 2663 sicut
2928 2618 3086 2664 antea
3115 2624 3336 2680 quoque
3377 2602 3581 2665 multis

1970 2690 2333 2764 legationibus
2360 2708 2710 2769 prmeeperat,
2757 2710 2817 2755 ut
2845 2703 3178 2771 presbiteros
3218 2717 3433 2770 omnes,
3467 2702 3585 2776 qui,

1971 2787 2115 2843 intra
2142 2806 2298 2844 suam
2329 2790 2592 2846 diocesim
2624 2803 2827 2863 essent,
2859 2803 3075 2866 cogeret
3101 2802 3196 2848 aut
3236 2795 3289 2849 in
3319 2811 3566 2866 prmsen-

1975 2879 2173 2935 tiarum
2221 2882 2549 2952 conjugibus
2575 2886 2919 2953 renuueiare,
2951 2896 3045 2942 aut
3074 2903 3131 2944 se
3161 2888 3214 2942 in
3242 2896 3585 2965 perpetuum.

346 2977 491 3045 Rex,
518 2977 746 3035 dimisso
786 2978 1061 3045 exercitu,
1098 2977 1347 3033 concitus
1376 2976 1746 3034 Wormaeiarn
1774 2993 1869 3033 ve—
1896 3015 1939 3074 ϐ
1974 2973 2114 3028 sacri
2144 2972 2333 3030 altaris
2362 2975 2670 3031 ministerio
2700 2978 2789 3009 ¹⁸²¹
2820 2979 3073 3035 abdicare
3105 2979 3215 3034 ¹⁸¹³.
3249 2978 3404 3046 Quod
3433 2982 3568 3040 dum

274 3071 375 3126 nit.
433 3068 547 3126 Nec
606 3071 781 3126 multo
833 3078 960 3141 post
1017 3068 1369 3126 Burchardus
1397 3072 1720 3140 praepositus
1777 3071 1868 3103 ⁸⁸⁸⁸

275 3162 637 3220 Treverensis
663 3163 926 3231 ccclesire,
954 3162 1049 3234 qui
1089 3163 1158 3219 ad
1184 3178 1365 3234 regem
1396 3160 1747 3219 Ruzenorum
1778 3163 1868 3196 “°’

273 3255 551 3327 legatione
596 3256 743 3328 regia
774 3255 995 3312 functus
1040 3255 1197 3321 ierat,
1235 3270 1487 3311 reversus
1518 3264 1620 3324 est,
1659 3264 1868 3311 tantum

275 3350 391 3420 regi
426 3346 682 3404 deferens
717 3348 839 3404 auri
871 3356 926 3404 et
947 3348 1159 3419 argenti
1197 3345 1288 3379 ‘m
1313 3354 1368 3402 et
1393 3348 1627 3403 vestium
1655 3348 1869 3419 precio-

277 3455 495 3507 sarum,
522 3448 587 3496 ut
609 3441 759 3496 nulla
787 3449 935 3496 retro
961 3440 1228 3498 memoria
1256 3447 1468 3495 tantum
1510 3456 1681 3513 regno
1729 3439 1872 3496 Teu-

279 3534 466 3588 tonico
494 3547 607 3588 uno
655 3540 898 3604 tempore
934 3533 1144 3588 illatum
1190 3530 1463 3588 referatur
1515 3532 1685 3606 (396).
1751 3533 1871 3602 Qua

278 3641 464 3699 regem
493 3624 744 3681 mercede
771 3625 841 3681 ad
869 3625 975 3682 hoc
997 3632 1207 3680 tantum
1236 3624 1506 3681 redimere
1533 3626 1749 3682 volebat
1776 3643 1872 3683 rex

278 3714 658 3782 Ruzenorum,
689 3726 750 3773 ut
785 3716 940 3773 fratri
965 3733 1091 3787 suo,
1122 3733 1289 3789 quem
1344 3734 1513 3790 regno
1567 3720 1870 3790 expulerat,

280 3812 572 3866 adversum
615 3825 673 3865 se
715 3826 823 3865 non
862 3811 1125 3881 praeberet
1177 3809 1462 3866 auxilium.
1521 3809 1676 3878 Quod
1726 3820 1875 3869 certe

280 3902 450 3974 gratis
478 3902 643 3957 etiam
684 3900 974 3973 impetrare
1000 3902 1285 3974 potuisset,
1314 3904 1464 3974 quia,
1510 3904 1782 3962 intestinis
1810 3922 1879 3962 ac

280 3992 599 4050 domesticis
642 3994 799 4051 bellis
824 4004 1123 4068 occupatus
1155 3995 1267 4063 "",
1295 3995 1364 4052 ad
1403 4005 1625 4053 externa
1656 4007 1876 4071 tamque

284 4084 510 4140 remotis
548 4085 799 4156 gentibus
838 4084 1116 4143 inferenda
1156 4088 1295 4144 bella
1333 4087 1482 4143 nullo
1510 4090 1672 4145 modo
1710 4108 1875 4148 vaca-

282 4179 393 4234 bat.
436 4175 543 4233 Per
585 4194 646 4234 se
696 4194 892 4250 magno
945 4180 1168 4238 muneri.
1211 4196 1467 4252 magnum
1522 4182 1726 4238 addidit
1783 4183 1875 4216 ¹⁸¹²

285 4271 530 4341 precium
558 4272 820 4343 temporis
868 4273 1231 4343 oportunitas.
1263 4271 1399 4328 Nam
1446 4274 1758 4345 ingentibus
1782 4277 1874 4309 m'

1973 3063 2152 3121 facere
2180 3069 2360 3134 vellet,
2416 3080 2762 3141 exurgentes,
2814 3072 2907 3142 qui
2940 3072 3181 3143 undique
3232 3064 3583 3132 assidebam!

1970 3158 2151 3213 clerici
2183 3159 2257 3214 ita
2294 3177 2419 3216 eum
2461 3162 2640 3219 verbis
2671 3162 3048 3231 confutabant,
3107 3166 3181 3221 ita
3214 3167 3468 3224 manibus
3512 3183 3581 3237 et.

1970 3251 2149 3307 tocius
2175 3253 2421 3323 corporis
2451 3264 2604 3326 gestu
2648 3255 2700 3308 in
2744 3272 2871 3311 eum
2915 3258 3385 3326 debachabantur,
3416 3266 3478 3316 ut
3504 3275 3575 3323 se.

1970 3342 2079 3397 vita
2107 3345 2307 3399 comite
2335 3345 2528 3401 sinodo
2554 3362 2910 3403 excessurum
2939 3349 3253 3419 desperaret
3321 3350 3411 3407 Sic
3440 3360 3579 3411 tan-.

1971 3434 2116 3503 dem,
2148 3436 2225 3492 rei
2253 3436 2565 3493 difﬁcultate
2592 3448 2903 3510 superatus,
2937 3442 3126 3496 statuit
3154 3442 3255 3497 sibi
3311 3442 3577 3516 deinceps.

1972 3528 2069 3582 tali
2097 3529 2401 3600 quaestione
2425 3532 2651 3587 omnino
2679 3535 3166 3604 supersedendum,
3207 3544 3263 3590 et
3315 3533 3566 3593 Romanu

1972 3622 2216 3691 pontiﬁci
2260 3622 2675 3694 relinquendum
2733 3633 2796 3680 ut
2834 3641 3090 3693 causam,
3128 3642 3293 3697 quam
3338 3628 3454 3699 ipse
3479 3634 3566 3685 ιο-

1973 3712 2116 3771 tiens
2146 3715 2238 3748 ¹⁵¹⁸
2266 3715 2533 3773 inutiliter
2578 3718 2976 3791 proposuisset,
3028 3719 3116 3774 ille
3168 3734 3264 3791 per
3308 3706 3577 3792 semetip—S

1975 3822 2099 3864 sum
2130 3849 2148 3876 ,
2201 3810 2420 3881 quando
2469 3809 2630 3865 vellet
2688 3819 2742 3866 et
2795 3813 3075 3883 quomodo
3127 3812 3289 3868 vellet
3320 3854 3335 3880 ,
3397 3824 3575 3885 pero-.

1974 3910 2140 3957 raret.

2048 3992 2314 4051 Henricus
2344 3994 2619 4067 Spirensis
2639 3997 2953 4068 episcopus,
2985 4013 3110 4053 cum
3136 3998 3250 4069 jam
3272 3998 3564 4054 thesauros

1974 4087 2219 4155 ecclesiae
2249 4085 2524 4159 Spirensis
2551 4105 2689 4159 pene
2719 4106 2909 4146 omnes
2937 4091 3131 4162 puerili
3180 4092 3394 4149 levitate
3423 4091 3563 4146 dila—

1975 4179 2215 4255 pidasset
2280 4189 2336 4236 et
2374 4182 2577 4253 przedia
2635 4184 2898 4240 militibus
2967 4184 3101 4251 suis
3139 4184 3194 4237 in
3241 4183 3564 4239 beneficium

1974 4283 2275 4346 erogasset,
2322 4274 2377 4329 in
2424 4287 2635 4331 tantum
2665 4286 2726 4332 ut
2770 4293 2861 4332 vix
2916 4278 2969 4331 in
3021 4276 3304 4331 dimidium
3357 4291 3577 4348 annum.

287 4362 519 4417 recentis
573 4364 697 4419 belli
753 4366 1006 4434 expensis
1046 4364 1301 4421 aerarium
1353 4365 1497 4437 regis
1545 4368 1870 4424 exhaustum
1899 4362 1951 4426 D
1976 4374 2229 4437 sumptus
2255 4366 2306 4422 ei
2330 4381 2398 4422 ex
2425 4367 2689 4424 reditibus
2717 4368 2962 4423 ecclesia:
2991 4366 3289 4422 ministrari
3317 4375 3573 4445 possent,

288 4452 484 4520 fucrat,
514 4463 568 4508 et
594 4456 750 4511 miles
786 4456 1135 4512 vehementer
1186 4455 1441 4523 instabat,
1470 4474 1643 4528 nuper
1669 4468 1871 4516 exacta:

288 4544 493 4601 militia:
521 4548 803 4616 praemium
832 4547 1132 4619 emagitans
1159 4548 1283 4615 m‘*;
1314 4549 1401 4603 cui
1432 4550 1538 4605 nisi
1587 4552 1655 4606 ad
1682 4561 1869 4608 votum

290 4634 438 4703 regia
462 4636 748 4708 largitione
786 4638 1171 4706 satisfecisset,
1216 4640 1350 4695 baut
1378 4640 1541 4697 dubie
1582 4646 1870 4700 constabat

290 4727 435 4793 quod
487 4743 612 4785 eum
652 4731 721 4786 ad
747 4732 1011 4803 reliquam
1066 4731 1276 4804 negocii
1331 4741 1540 4803 partem
1569 4752 1691 4807 qua:
1741 4753 1869 4808 pro-

1973 4461 2253 4533 inopinata
2278 4468 2453 4515 morte
2501 4461 2811 4518 subtractus
2841 4469 2961 4540 est,’
2976 4460 3053 4515 De
3096 4459 3253 4531 cujus
3298 4457 3447 4514 obitu
3475 4460 3577 4539 (ιι-ί

1974 4571 2135 4628 gnam
2164 4555 2427 4611 memoria
2454 4553 2725 4610 visionem
2753 4554 2887 4609 vidit
2913 4553 3147 4609 clericus
3196 4551 3441 4631 quidam,
3465 4554 3584 4627 qui"

1974 4650 2024 4707 ei
2054 4648 2311 4705 defuncto
2336 4647 2591 4719 protinus
2636 4648 2691 4702 in
2716 4647 3087 4718 episcopatum
3120 4644 3402 4709 successit,
3457 4661 3585 4729 [ιο-,Ι

1975 4744 2123 4800 mine
2151 4742 2507 4799 Huzmannus
2537 4740 2649 4811 “"._
2678 4739 2909 4797 Putabat
2937 4756 2995 4797 se
3024 4740 3078 4796 in
3107 4740 3276 4796 choro
3317 4735 3598 4827 Spirensi;

1544 4865 1777 4925 VARle
1816 4872 2216 4931 LECTIONES,

296 4948 807 5051 ...‘.'°‘.}}3.‘33e§e_d
835 4958 888 5051 ιξ-
964 4953 1754 5051 1:1:a%.-:i'1i3'iae.ee~t
1790 4965 1863 5051 ιο.
2047 4965 2498 5051 εεεειειιιεςξςεηδο
2707 4967 2851 5023 dem
2886 4967 2940 5049 ξι
2974 4968 3037 5051 ,ις
3057 4966 3124 5051 .5-
3173 4959 3472 5051 43:23.9":
3544 4979 3638 5041 λι..

444 5018 792 5098 Gerstungun
841 5027 1060 5100 557","
1107 5027 1186 5099 ita
1219 5018 1416 5102 omnes.
1489 5028 1591 5102 ﬁ”?
1621 5029 1713 5103 Tr.
1753 5018 1999 5092 ecclesiae
2045 5018 2113 5106 ιῖ
2127 5018 2946 5106 '3‘.”“Wilusenorumnregia
2974 5018 3098 5092 ιῖἰῖ
3114 5018 3275 5106 ⁷1¹⁸ξ⁰⁸
3294 5030 3404 5106 (ξετ-
3451 5018 3669 5106 rei},
