4050 5358
486 312 618 372 1191

1627 299 1977 356 Ι.ΛΜΒΕΒἸ“1
2007 294 2567 354 HERSFELDENSIS

3625 273 3774 350 (ιω

483 439 610 482 cum
636 424 895 498 episeopo
921 428 977 478 et
1025 418 1222 476 ceteris
1249 415 1462 472 clericis
1513 423 1659 470 stare
1684 433 1698 480 ;
1748 422 1802 468 et
1828 428 1953 468 ecce
1981 412 2068 466 in-
2098 413 2146 470 Α
2172 408 2452 478 Bajoariae,
2478 423 2714 478 quorum
2735 404 3334 478 potissimum'consilio
3354 407 3560 463 bellum
3581 405 3768 462 Saxo-

482 517 868 591 grediebantur
919 514 1152 570 chorum
1207 519 1320 566 tres
1367 508 1490 574 viri,
1542 522 1687 562 unus
1732 515 1923 561 exacta
1979 506 2071 538 ¹⁵¹⁶

483 618 662 677 aetate,
691 607 901 664 canicie
928 603 1256 669 vcnerenda,
1287 602 1397 657 duo
1421 601 1674 672 juvenes,
1706 606 1985 669 tamquam
2015 599 2071 654 in

483 703 808 774 obsequium
856 697 1088 753 senioris
1150 693 1424 750 destinati.
1489 692 1738 763 Cumque
1786 691 1840 745 in
1892 692 2070 747 medio

482 793 637 848 chori
665 790 997 863 aliquamdiu
1026 789 1178 844 taciti
1205 787 1602 851 constitissent,
1652 786 1728 839 ait
1773 785 1958 840 senior
1986 785 2073 841 his

485 889 582 956 qui
611 887 758 940 circa
785 900 845 940 se
899 889 1054 938 erant
1092 881 1428 952 juvenibus:
1481 877 1621 943 Quid
1658 879 1884 932 tardatis
1932 877 2072 948 quad

481 978 624 1032 vobis
652 978 865 1048 jussum
893 985 970 1030 est
999 974 1254 1044 explere?
1296 973 1365 1026 At
1392 971 1468 1025 illi
1501 991 1514 1026 :
1557 970 1746 1037 Tuum,
1792 970 2070 1040 inquiu:.t,

479 1077 649 1139 pater,
683 1077 780 1135 est,
812 1068 982 1138 primo
1010 1066 1256 1120 adversus
1277 1080 1393 1118 eum
1427 1062 1629 1117 dictare
1659 1063 1992 1128 sententiam,
2023 1070 2071 1116 et

482 1179 574 1215 nos
591 1161 702 1214 sine
717 1160 973 1214 dilatione
987 1157 1235 1230 quicquid
1241 1156 1270 1226 j
1275 1173 1303 1210 α
1312 1155 1566 1208 dicereris
1580 1171 1912 1225 exequemur.
1933 1152 2000 1206 Et
2016 1155 2075 1208 il-

480 1253 557 1310 le:
576 1254 803 1326 Propter
818 1253 1006 1316 multa,
1025 1253 1215 1322 inquit,
1235 1249 1378 1303 mala
1393 1265 1510 1319 qua:
1532 1249 1588 1302 in
1610 1247 1782 1301 locum
1799 1246 1934 1300 hunc
1951 1257 1999 1300 et
2019 1248 2074 1302 in

479 1352 720 1402 Sanctam
759 1346 857 1400 Dei
901 1345 1204 1417 genitricem
1237 1353 1482 1414 operatus
1530 1359 1628 1410 est,
1665 1358 1874 1413 egressa
1928 1351 2005 1395 est
2040 1359 2074 1396 a

481 1437 590 1495 Deo
627 1440 886 1494 sententia
909 1447 966 1492 ut
1001 1437 1375 1506 interﬁciatur.
1407 1435 1489 1490 Ad
1514 1436 1656 1490 hanc
1681 1449 1867 1489 vocem
1897 1434 2073 1489 corri-

479 1532 690 1602 pientes
703 1531 1038 1603 episcopum,
1057 1529 1484 1595 decollaverunt,
1500 1536 1555 1582 et
1573 1537 1827 1583 truncum
1844 1526 1898 1580 in
1927 1527 2074 1598 ligno

480 1623 662 1680 crucis
683 1665 698 1690 ,
729 1624 875 1694 quod
923 1623 980 1676 in
1021 1622 1208 1677 eadem
1253 1621 1481 1676 ecclesia
1515 1621 1569 1674 in
1606 1619 1837 1674 sublime
1870 1619 2074 1676 clatum

481 1716 680 1782 stabat,
721 1715 1142 1784 suspenderunt.
1175 1712 1423 1783 Cumque
1455 1729 1613 1767 mane
1643 1711 1788 1766 facto
1819 1713 2072 1780 clericus,

481 1808 652 1862 nimio
686 1807 914 1861 horrore
949 1821 1291 1872 concussus,
1333 1805 1591 1874 episcopo
1622 1804 1898 1860 somnium
1927 1812 2075 1860 retu-

479 1896 654 1966 lisset,
685 1899 838 1954 visus
864 1907 948 1953 est
975 1898 1025 1953 ei
1057 1898 1215 1968 quasi
1255 1897 1611 1953 deliramenta
1647 1895 1832 1966 loqui,
1865 1905 1919 1951 et
1939 1890 2074 1966 pro-

479 1999 600 2061 pter
629 1991 950 2061 sospitatem
976 1989 1226 2060 corporis
1260 1989 1345 2044 sui
1381 1989 1696 2058 optimeque
1729 1996 2074 2045 constantem

479 2083 740 2138 omnibus
791 2083 1054 2138 membris
1098 2083 1341 2154 vigorem
1391 2096 1586 2146 suum,
1632 2081 1846 2134 nullum
1891 2088 2001 2136 tam
2043 2095 2076 2135 e

476 2176 659 2232 vicino
701 2175 1036 2230 imminentis
1079 2175 1231 2230 exitii
1279 2189 1502 2229 sensum
1545 2173 1785 2228 admisit.
1840 2171 1907 2227 lat
1947 2189 2075 2230 ecce

478 2267 713 2340 septimo
747 2266 946 2322 dehinc
973 2267 1068 2298 ⁸⁵⁸⁷
1105 2265 1226 2334 die,
1268 2281 1395 2321 cum
1435 2265 1502 2320 ad
1533 2265 1954 2336 vespertinalem
1999 2265 2075 2322 si-

476 2360 662 2416 naxim
684 2375 812 2415 cum
841 2358 1104 2414 fratribus
1123 2359 1177 2414 in
1209 2359 1382 2413 choro
1407 2365 1600 2424 staret,
1627 2367 1802 2412 sensnt
1828 2367 2070 2428 repente,

474 2454 760 2524 parvulam
804 2453 910 2508 sibi
951 2453 1126 2508 instar
1151 2452 1244 2484 ¹⁸²⁸
1280 2451 1467 2522 puncti
1507 2451 1784 2520 pustulam
1833 2450 1890 2505 in
1931 2452 2074 2506 collo

473 2560 827 2611 excrescere,
876 2561 986 2616 qua
1023 2544 1288 2616 paulatim
1337 2543 1392 2597 in
1444 2543 1776 2599 immensum
1833 2542 2074 2599 intume-

475 2645 684 2705 scente,
717 2645 843 2693 ante
873 2637 1108 2692 mediam
1144 2645 1363 2692 noctem
1392 2634 1686 2692 defunctus
1715 2643 1802 2690 est
1829 2635 1999 2707 (598).

545 2728 681 2788 Post
712 2730 1010 2787 abductum
1043 2730 1111 2784 de
1139 2729 1379 2784 Saxonia
1413 2727 1558 2798 regis
1587 2727 1888 2783 exercitum
1911 2769 1926 2794 ,
1967 2730 2072 2782 ite-

475 2833 602 2878 rum
637 2819 888 2878 Saxones
913 2830 969 2876 et
992 2821 1257 2891 Thuringi
1285 2821 1474 2875 crebra
1497 2819 1877 2874 conventicula
1908 2818 2074 2874 facie-

473 2912 608 2971 bant
643 2911 778 2984 (Jul.
804 2912 968 2985 Aug.)
991 2955 1006 2980 ,
1034 2913 1089 2967 in
1117 2914 1322 2983 quibus
1365 2912 1518 2982 plebs
1545 2919 1738 2966 contra
1777 2911 2070 2982 principes,

475 3013 530 3063 et
559 3007 831 3077 principes
861 3014 1049 3078 contra
1083 3005 1294 3075 plebem
1321 3003 1642 3075 gravissima
1677 3003 1956 3058 simultate
1981 3013 2072 3058 tu-

2172 503 2356 558 nicum
2377 502 2878 569 administrabatur,
2900 500 3134 556 cﬂ‘eraue
3159 501 3524 556 multitudinis
3546 502 3769 556 animos

2173 593 2379 650 salubri
2421 597 2794 652 moderatione
2841 596 3197 666 mitigabant;
3245 603 3467 650 orantes
3517 609 3618 650 eos
3667 610 3770 666 per

2176 688 2346 742 Deum
2373 706 2441 744 ne
2477 706 2658 755 arma,
2701 704 2824 760 qua:
2852 703 2952 758 pro
2995 687 3320 742 vindicanda
3363 687 3619 742 libertate
3665 703 3765 742 sua

2173 782 2515 837 concorditer
2569 783 2959 853 sumpsissent,
3023 797 3167 836 nunc
3231 781 3503 836 diabolico
3574 785 3772 839 lurore

2175 875 2401 943 raptati,
2437 875 2492 930 in
2537 875 2757 946 pmpria
2800 875 3011 929 viscera
3048 882 3431 944 retorquerent
3465 875 3602 944 m';
3656 892 3772 932 neu

2175 966 2424 1024 hostibus
2457 967 2601 1034 suis,
2640 967 2734 1038 qui
2767 968 3072 1022 luctuosam
3104 984 3134 1022 a
3172 984 3231 1022 se
3253 968 3537 1024 victoriam
3569 985 3773 1041 repor-

2177 1065 2421 1127 tassent,
2464 1077 2562 1130 per
2618 1061 2932 1115 intestinam
2983 1061 3124 1116 hanc
3172 1061 3495 1116 seditionem
3546 1077 3778 1121 animos

2175 1154 2570 1224 audaciamque
2607 1161 2942 1224 repararent.
2987 1153 3252 1209 Przcterca
3289 1161 3579 1210 cernentes
3617 1155 3776 1226 quod

2176 1245 2464 1302 infractam
2490 1247 2664 1317 prima
2690 1247 3014 1302 adversitate
3033 1247 3245 1316 plebem
3273 1252 3628 1303 vehementer
3653 1249 3775 1322 jam

2174 1338 2302 1394 belli
2330 1341 2617 1412 pceniteret
2653 1340 2859 1410 pariter
2897 1348 2951 1395 et
2988 1340 3240 1406 tcederet,
3259 1394 3264 1398 ,
3285 1341 3444 1396 veriti
3471 1339 3580 1397 etia
3608 1361 3640 1396 n
3665 1387 3681 1410 ,
3715 1353 3780 1402 ut

2176 1428 2390 1502 Semper
2411 1433 2621 1487 varium
2643 1442 2699 1487 et
2719 1433 2968 1488 instabile
2993 1439 3077 1488 est
3099 1433 3272 1502 plebis
3293 1433 3570 1505 ingenium
3595 1438 3780 1508 (399),

2176 1539 2244 1578 ne
2279 1524 2432 1594 ipsos
2474 1525 2745 1596 principes
2785 1535 2974 1596 captos
3018 1526 3128 1596 regi
3177 1527 3452 1582 traderent
3505 1541 3561 1584 et
3612 1546 3782 1588 suam

2177 1616 2408 1671 salutem
2436 1633 2627 1672 eorum
2673 1619 2939 1689 sanguine
2976 1617 3326 1686 redimerem,
3355 1622 3669 1677 retulerunt
3709 1622 3786 1684 ad

2176 1725 2272 1765 eos
2293 1710 2361 1765 de
2383 1725 2514 1779 pace
2537 1711 2924 1776 instauranda,
2954 1719 3357 1781 suaseruntque
3386 1722 3466 1781 ut,
3502 1718 3785 1785 quoniam

2179 1802 2345 1856 semel
2371 1810 2591 1872 accepta
2617 1803 2800 1858 clades
2829 1803 2952 1858 belli
2977 1803 3056 1859 eis
3086 1802 3176 1840 "3*
3203 1805 3418 1858 ticdium
3453 1805 3785 1864 horrorem—

2176 1911 2283 1966 que
2315 1895 2638 1950 incussisset
2663 1895 2776 1963 “‘3’,
2821 1911 3040 1951 omnem
3072 1913 3218 1952 nunc
3243 1912 3468 1966 operam
3495 1909 3788 1957 verterent

2176 1988 2243 2043 ad
2290 1987 2612 2058 placandam
2659 1989 2804 2059 regis
2862 1989 3152 2043 adversum
3203 2005 3263 2044 se
3315 1990 3780 2061 indignationem.

2176 2079 2466 2136 Gratanter
2499 2081 2662 2136 nimis
2707 2081 2811 2136 hoc
2845 2081 3090 2136 auditum
3141 2090 3536 2154 acceptumque
3583 2093 3675 2140 est
3711 2087 3786 2142 ab

2176 2173 2326 2226 omni
2367 2173 2540 2242 plebe.
2575 2171 2887 2242 Statimque
2939 2173 3257 2243 episcopum
3313 2173 3676 2232 Premensem
3728 2187 3788 2236 et

2177 2261 2459 2319 Uodonem
2497 2263 2590 2296 ¹⁸³⁶
2639 2264 3050 2331 marchionem,
3107 2265 3305 2319 collato
3358 2267 3640 2336 consilio,
3708 2271 3784 2324 ad

2175 2373 2358 2427 regem
2396 2357 2666 2412 miserunt
2705 2375 2716 2410 :
2747 2372 2906 2411 orare
2951 2374 3048 2427 per
3076 2355 3247 2412 Deum
3277 2367 3358 2425 ut,
3396 2359 3590 2414 saltem
3628 2377 3790 2419 nunc

2176 2451 2440 2521 sanguine
2465 2466 2656 2505 eorum
2679 2458 3048 2515 exsaturatus,
3081 2449 3379 2506 iracundiae
3401 2469 3515 2508 sua:
3545 2454 3786 2510 modum

2175 2551 2420 2613 poneret,
2455 2558 2556 2597 nec
2585 2543 2841 2614 exiguum
2871 2543 3050 2614 gentis
3081 2537 3366 2598 Saxonicm
3385 2587 3401 2610 ,
3435 2545 3586 2615 quod
3618 2554 3784 2602 atro-

2175 2635 2412 2691 cissimae
2437 2635 2568 2692 caedi
2617 2633 2996 2705 superfuerat,
3041 2651 3218 2706 usque
3257 2637 3323 2691 ad
3355 2619 3794 2694 internitionem'

2173 2728 2408 2795 deleret;
2450 2727 2593 2782 diem
2647 2728 2840 2798 pocius
2889 2729 3181 2798 locumque
3229 2729 3628 2796 constitueret,
3666 2747 3786 2803 quo

2174 2829 2293 2875 tuto
2335 2821 2554 2886 venire,
2587 2827 2705 2875 tuto
2751 2837 2975 2876 causam
3010 2820 3192 2877 dicere
3244 2821 3465 2889 liceret;
3517 2839 3578 2878 se
3618 2824 3786 2894 juxta

2169 2913 2612 2984 jurisdictionem
2659 2913 2904 2967 omnium
2946 2912 3101 2983 regni
3130 2913 3464 2984 principum,
3515 2916 3585 2970 dc
3623 2918 3784 2971 enini

2175 3006 2374 3077 injuria
2418 3021 2526 3077 qua
2567 3021 2626 3062 se
2662 3005 2852 3060 l:esum
2888 3005 3122 3073 diceret,
3157 3015 3377 3076 paratos
3407 3007 3454 3060 ei
3486 3008 3552 3062 ad
3586 3017 3782 3064 votum

477 3097 912 3153 multuabantur.
957 3095 1328 3152 Succensebat
1351 3095 1504 3164 plebs
1537 3094 1896 3166 principibus,
1921 3095 2071 3165 quod
2097 3113 2140 3164 ρ
2173 3098 2521 3164 satisfacere,
2559 3113 2777 3152 onmem
2828 3107 3104 3169 postremo
3154 3097 3588 3154 satisfactionem
3645 3116 3785 3170 pro-

477 3205 602 3246 eam
651 3189 719 3244 ad
759 3189 1026 3244 sumenda
1064 3195 1259 3243 contra
1308 3203 1490 3258 regem
1544 3203 1698 3242 arma
1745 3187 2071 3258 importunis

479 3280 832 3339 suasionibus
861 3289 1229 3351 impulissent,
1255 3289 1310 3336 et
1335 3295 1500 3344 nunc,
1535 3295 1662 3334 cum
1693 3279 1762 3334 ad
1793 3293 2072 3336 certamen

483 3381 706 3430 ventum
735 3363 904 3439 esset;
930 3373 1052 3444 ipsi,
1083 3372 1209 3445 fuga
1245 3371 1436 3442 elapsi,
1469 3371 1682 3441 plebem
1720 3378 2074 3441 prosternen-

482 3465 630 3534 dam,
655 3466 1090 3522 conculcandam
1121 3475 1175 3522 et
1204 3467 1314 3520 ritu
1344 3465 1602 3519 inertium
1629 3465 1898 3534 pecudum
1926 3464 2078 3525 iugu-

483 3559 700 3615 tandam
741 3559 995 3615 hostibus
1039 3561 1444 3632 exposuissent.
1498 3556 1880 3612 lrascebantur
1921 3557 2076 3620 prin-

483 3653 633 3722 cipes
659 3653 824 3724 plebi,
853 3653 1036 3722 quod,
1070 3653 1204 3724 ipsis
1245 3654 1300 3707 in
1342 3651 1516 3706 aciem
1552 3650 1859 3720 progressis
1891 3657 1946 3704 et
1978 3665 2078 3720 pro

485 3759 715 3800 numero
761 3759 862 3800 suo
907 3745 1044 3798 satis
1091 3745 1319 3817 impigre
1372 3759 1486 3798 rem
1535 3743 1880 3813 gerentibus,
1928 3743 2081 3812 plebs

483 3840 628 3892 intra
655 3850 836 3892 castra
874 3838 1036 3892 inerti
1067 3837 1181 3891 otio
1207 3835 1538 3900 desedisset,
1567 3843 1623 3889 et
1645 3834 2081 3903 periclitantibus

477 3928 785 3999 plurimum
811 3928 978 3982 irrita:
1003 3928 1139 3997 spei,
1164 3927 1301 3981 nihil
1327 3927 1448 3996 opis
1479 3926 1825 3996 prmsidiique
1853 3927 1946 3981 diu
1981 3941 2082 3980 ex-

485 4026 704 4091 pectata
740 4019 1083 4076 contulisset.
1136 4018 1276 4074 Tum
1306 4020 1398 4049 ⁸⁵³³
1428 4032 1559 4072 vero
1598 4033 1791 4072 omnes
1834 4034 1889 4072 m
1931 4033 2084 4072 com-

488 4125 657 4168 mune
688 4109 935 4168 Saxones
949 4126 1139 4168 omncs
1155 4110 1466 4180 Thuringos
1495 4108 1842 4164 infestissime
1867 4124 2085 4165 aversa-

487 4203 710 4271 bantur,
739 4211 794 4260 et
817 4219 942 4260 cum
962 4204 1048 4260 his
1071 4205 1277 4275 justius
1295 4218 1602 4274 quamcum
1619 4218 1744 4271 rege
1756 4202 1955 4256 bellum
1981 4201 2083 4256 sibi

490 4295 609 4352 fore
637 4297 910 4365 dicebant,
932 4299 1099 4369 quod,
1138 4299 1191 4352 in
1219 4296 1402 4368 fugam
1437 4312 1598 4351 verso
1628 4294 1900 4350 Saxonico
1929 4311 2087 4350 exer-

491 4389 626 4456 citu,
651 4387 939 4462 Thuringi,
973 4407 1068 4461 per
1087 4405 1279 4445 omnes
1305 4390 1423 4444 vias
1449 4397 1502 4442 et
1528 4389 1764 4459 compita
1793 4388 1884 4420 ¹¹³⁰
1912 4402 2086 4459 oppo-

491 4480 606 4548 siti,
644 4479 918 4552 fugientes
952 4482 1302 4548 invaderent,
1344 4489 1634 4552 raperent,
1662 4477 2001 4545 lacerarent,
2033 4487 2088 4534 et
2121 4461 2164 4516 ί)

494 4570 861 4642 ignominiosa
896 4573 1140 4629 nuditate
1171 4573 1403 4647 foedatos
1425 4574 1493 4626 de
1521 4573 1638 4628 suis
1663 4572 1863 4628 finibus
1887 4573 2090 4643 effuga-

494 4671 638 4719 rent.
688 4661 807 4719 tam
860 4665 915 4719 in
967 4680 1034 4720 eo
1089 4673 1206 4721 erat
1245 4675 1304 4721 ut
1351 4666 1418 4721 ad
1457 4666 1568 4719 vim
1596 4665 1682 4698 ’⁸³⁸
1721 4677 2090 4734 magnumque

498 4755 720 4827 aliquod
747 4757 952 4812 malum
983 4758 1162 4828 jurgia
1185 4768 1432 4829 spectare
1469 4759 1802 4814 viderentur.
1835 4757 1939 4811 Sed
1975 4771 2090 4826 epi-

499 4863 703 4920 scopus
746 4847 1220 4906 Halberstadensis
1246 4851 1340 4883 ¹⁸³²
1383 4860 1438 4906 et
1481 4848 1607 4906 Otto
1647 4851 1758 4905 dux
1811 4848 2088 4919 quondam

2173 3210 2398 3267 ponere,
2429 3191 2636 3256 omnia,
2660 3193 2808 3246 salva
2839 3192 3001 3246 modo
3027 3190 3137 3244 vita
3163 3198 3218 3246 et
3244 3191 3512 3258 libertate,
3545 3193 3788 3249 libenter

2175 3299 2437 3359 passuros
2462 3283 2598 3349 fore,
2629 3284 2674 3338 si
2699 3292 2910 3338 tantum
2938 3273 3362 3353 expeditionem,
3385 3300 3555 3356 quam
3581 3287 3785 3341 adver-

2177 3397 2300 3438 sum
2332 3395 2390 3434 se
2411 3379 2668 3432 omnibus
2711 3376 2862 3447 regni
2893 3375 3231 3447 principibus
3265 3377 3523 3432 indictam
3554 3394 3786 3449 compe-

2180 3473 2400 3538 rissent,
2428 3471 2493 3525 ad
2519 3479 2732 3541 tempus
2767 3469 3057 3524 inhiberet.
3097 3469 3178 3523 Ad
3219 3471 3332 3524 haec
3367 3486 3462 3524 rex
3490 3471 3567 3525 ait
3599 3488 3660 3526 se
3683 3488 3786 3526 nec

2179 3565 2259 3620 eis
2304 3579 2402 3619 nec
2451 3563 2706 3633 cuiquam
2751 3561 2957 3633 justam
3016 3561 3448 3617 satisfactionem
3505 3563 3574 3618 de
3623 3563 3785 3634 culpa

2181 3656 2511 3730 proponenti
2547 3653 2761 3710 veniam
2792 3663 3138 3726 negaturum,
3167 3655 3233 3709 de
3262 3663 3414 3709 tanto
3441 3663 3625 3708 autem
3651 3663 3789 3709 tam—

2181 3768 2289 3822 que
2307 3749 2395 3783 ’⁸³⁷
2425 3749 2596 3806 atroci
2621 3749 2846 3820 negocio
2868 3747 3273 3819 prmeipitanter
3291 3747 3619 3802 sententiam
3644 3747 3788 3803 ferre

2185 3861 2284 3900 nec
2318 3844 2454 3898 velle
2479 3859 2578 3898 nec
2605 3843 2819 3908 debere,
2847 3839 3021 3895 donec
3047 3840 3318 3910 principes
3349 3842 3501 3911 regni
3529 3841 3584 3894 in
3611 3859 3787 3897 unum

2184 3937 2570 4001 convenirent,
2630 3935 2684 3988 in
2742 3950 2979 4004 quorum
3028 3948 3376 3987 communem
3426 3933 3786 4003 ignominiam

2183 4031 2326 4086 lmsm
2347 4029 2510 4100 regiae
2531 4027 2832 4098 majestatis
2857 4027 3057 4097 injuria
3087 4025 3436 4090 redundaret,
3465 4035 3518 4080 et
3545 4043 3786 4096 quorum

2188 4133 2298 4179 tam
2325 4122 2525 4177 virtute
2551 4121 2753 4175 bellum
2787 4119 3196 4190 transigendum
3223 4134 3386 4189 quam
3418 4120 3655 4191 consitio
3681 4138 3785 4191 pax

2187 4215 2491 4287 reparanda
2527 4222 2705 4281 esset,
2742 4213 3046 4284 praesertim
3093 4227 3220 4266 eum
3257 4228 3374 4281 jam
3406 4228 3791 4282 schenuzmro

2188 4310 2331 4365 bona
2357 4317 2412 4364 et
2431 4307 2654 4378 pacifica
2684 4305 3064 4378 promittentes
3093 4303 3446 4370 fefellissent;
3493 4320 3552 4359 se
3577 4305 3785 4375 princi-

2190 4399 2351 4474 pibus
2396 4401 2513 4456 suis
2560 4400 2615 4454 in
2659 4397 3059 4468 expeditionem
3103 4396 3446 4452 coadunandi
3511 4399 3792 4456 exercitus

2189 4498 2332 4554 diem
2375 4494 2435 4548 11
2493 4492 2762 4548 Kalendas
2810 4490 3132 4546 Novembris
3171 4488 3522 4546 c0nstituisse
3557 4493 3614 4544 in
3654 4490 3788 4546 Ger-

2191 4589 2448 4658 stingun;
2487 4586 2534 4641 si
2563 4601 2660 4641 eos
2704 4584 2902 4656 patrati
2943 4582 3204 4638 facinoris
3249 4597 3435 4637 revera
3475 4583 3791 4654 pmniteret,

2193 4697 2258 4736 eo
2283 4680 2554 4744 venirent,
2592 4677 2870 4749 accepturi
2916 4677 3025 4732 illic
3066 4691 3476 4746 quamcumque
3509 4675 3601 4708 ¹⁵³⁸
3632 4678 3791 4743 regni

2193 4774 2468 4845 principes
2495 4789 2706 4844 aequam
2729 4771 3070 4843 judicassent
3091 4784 3190 4839 pro
3215 4768 3454 4822 admissa
3479 4769 3793 4831 temeritate

2195 4866 2542 4922 sententiam.
2579 4863 2692 4920 [loc
2727 4865 2820 4919 ubi
2855 4861 3166 4917 Saxonibus
3205 4859 3525 4915 nunciatum
3553 4869 3670 4926 est,
3702 4861 3794 4914 in-

1817 5044 2048 5102 VABLE
2087 5042 2378 5101 LECTION
2387 5042 2488 5098 ES.

509 5184 673 5262 ___f'”
710 5193 902 5243 exacte
916 5185 980 5262 ξ.
1029 5183 1322 5262 eligetet?)
1351 5184 1428 5262 1:.
1517 5180 1624 5262 ﬁt"
1652 5180 1742 5262 die
1769 5179 1898 5236 hinc
1934 5177 2023 5262 die
2061 5175 2234 5260 deleto
2261 5176 2434 5260 primo
2461 5173 2550 5258 die

2857 5171 3042 5256 ρμιιοιε
3071 5169 3326 5256 ρ.
3389 5167 3788 5254 renew-
