4050 5358
282 236 423 304 itas

1491 255 1501 264 ·
1542 230 1955 307 ᾸΝΝΑΕΕΞ-
1980 249 2089 307 ΑΝ.
2117 254 2269 308 iam.

3392 247 3530 319 net

276 375 411 433 gens
449 374 547 416 eos
575 366 755 416 metus
793 350 1025 426 invasit;
1064 374 1364 430 omnesque
1400 360 1647 417 certatim
1683 362 1851 417 animi
1881 369 1926 424 Α
1957 371 2013 418 et
2040 363 2307 419 Saxoniae.
2339 363 2418 419 lbi
2460 379 2492 419 a
2536 365 2747 421 civibus
2787 365 3007 436 paciflce
3048 368 3102 423 in
3132 369 3404 427 civitatem
3438 390 3534 430 su-

277 460 508 508 eOnatus
532 452 818 506 intendunt
840 452 908 507 ad
944 450 1262 521 placandam
1287 451 1399 515 ηδ’,
1437 466 1661 521 quoque
1690 457 1854 506 modo
1882 493 1889 499 .

274 544 508 615 possint,
526 543 671 613 regis
688 543 1044 608 iracundiam,
1057 558 1120 597 ea
1139 556 1251 611 pra:
1266 542 1520 597 omnibus
1539 556 1671 597 cura
1692 544 1851 597 habi-

275 638 330 690 ta
350 638 411 689 ut
444 633 862 704 expeditionem,
886 650 1010 704 quae
1029 642 1139 687 tam
1152 633 1414 688 atrociter
1434 633 1631 688 indieta
1654 632 1852 702 fuerat,

276 732 691 797 prmvcrterent;
735 725 1035 781 recolentes
1081 732 1348 795 quantum
1395 724 1722 779 calamitatis
1754 741 1852 782 su-

276 819 490 889 periore
516 817 857 887 expeditione
870 817 1228 886 accepissent,
1259 823 1314 870 et
1339 816 1473 891 haut
1494 815 1656 870 dubie
1677 817 1854 872 scien-

277 919 358 964 tes
404 908 551 980 quod
587 908 927 965 infestiorem
965 923 1112 961 nunc
1147 908 1361 962 hostem
1397 908 1700 963 instaurata
1729 914 1854 977 post

276 998 460 1072 fugam
518 1000 658 1055 bella
701 999 806 1055 sibi
855 999 1133 1054 redditura
1179 1006 1379 1052 essent.
1447 997 1635 1069 Itaque
1682 1012 1853 1068 supra

274 1099 605 1149 memoratos
641 1090 871 1146 nuncios
897 1098 951 1145 et
985 1105 1111 1144 cum
1138 1090 1225 1144 his
1249 1089 1339 1121 ‘m
1372 1087 1850 1144 Hildinisheimen-

275 1200 391 1238 sem
414 1182 503 1251 '3“
548 1182 864 1252 episcopum
911 1182 1165 1246 mittunt,
1215 1196 1317 1235 nec
1368 1181 1483 1251 regi
1528 1180 1706 1257 solum
1756 1180 1852 1236 sed

274 1273 485 1330 cunctis
526 1273 691 1328 etiam
743 1271 1082 1343 principibus
1122 1286 1224 1341 pro
1247 1272 1662 1342 recnperatione
1702 1272 1853 1341 pacis

272 1366 528 1421 obnixius
553 1364 857 1435 supplicare
880 1363 1104 1434 jubent;
1143 1376 1359 1419 omnem
1384 1362 1609 1418 admissi
1638 1360 1850 1416 facino-

273 1459 350 1512 ris
375 1455 821 1522 satisfactionem,
845 1455 1007 1511 etiam
1031 1468 1196 1525 supra
1225 1454 1371 1526 leges
1391 1463 1445 1509 et
1466 1454 1675 1510 natales
1696 1468 1848 1518 suos,

272 1549 616 1620 promittunt.
667 1547 753 1614 Et,
785 1561 854 1603 ne
894 1547 1074 1603 verbis
1118 1546 1305 1601 minus
1335 1546 1461 1601 fidei
1495 1545 1596 1610 sit,
1631 1543 1852 1600 obsides

1955 462 2209 524 sceptus,
2259 456 2576 527 episcopum
2600 455 2749 528 (401)
2797 458 3032 514 civitatis
3075 459 3248 529 ipsius
3281 477 3532 535 compre—

1955 545 2180 611 hendit,
2208 547 2391 601 omnia
2444 563 2569 616 qua:
2619 548 2738 619 ejus
2783 558 2939 604 erant
2987 549 3241 621 diripuit,
3268 552 3375 608 hoc
3408 555 3535 611 solo

1954 651 2107 693 reum
2139 636 2442 706 majestatis
2470 653 2598 692 eum
2622 638 2960 708 adjudicans,
2985 643 3132 712 quod
3153 650 3267 697 toto
3289 651 3537 718 tempore

1953 727 2079 783 belli
2117 728 2374 783 Saxoniei
2408 729 2590 785 nullos
2614 730 2682 784 ad
2711 741 3098 799 cum,servat:e
3132 749 3256 804 erga
3288 751 3402 789 rem
3428 750 3534 808 pu-

1952 818 2147 875 blicam
2178 818 2299 873 fidei
2328 818 2553 886 indices,
2579 821 2810 877 nuncios
2836 823 2920 876 vel
2946 823 3156 879 litteras
3183 825 3531 884 destinasset;

1950 907 2203 965 Ceterum
2233 910 2398 965 homo
2425 911 2806 967 ecclesiastica:
2829 916 3182 985 paupertatis,
3202 925 3256 971 et
3281 917 3417 972 nihil
3440 927 3538 976 aut

1948 1010 2146 1069 parum
2169 1001 2379 1056 habens
2403 1016 2613 1073 pompa:
2632 1003 2907 1069 militaris,
2931 1014 3057 1060 vota
3078 1006 3307 1063 forsitan
3337 1015 3534 1067 contra
3632 1052 3635 1055 .

1951 1107 2067 1146 rem
2108 1092 2383 1164 publicam
2430 1094 2639 1160 facere,
2670 1107 2822 1150 arma
2856 1094 2998 1152 ferre
3026 1114 3137 1153 non
3164 1107 3402 1169 poterat,
3433 1104 3534 1159 nec

1950 1198 2210 1254 magnum
2237 1184 2323 1239 vel
2345 1185 2432 1240 his
2461 1186 2547 1242 vel
2576 1186 2682 1242 illis
2697 1187 2942 1257 partibus
2962 1199 3297 1246 momentum
3323 1207 3533 1248 amicus

1951 1272 2067 1329 sive
2094 1276 2353 1332 inimicus
2379 1278 2667 1333 extitisset.
2701 1276 2871 1333 Paulo
2912 1280 3143 1337 ulterius
3169 1296 3531 1354 progressus,

1948 1364 2106 1421 villas
2136 1368 2429 1423 nonnullas
2468 1368 2739 1435 incendit,
2769 1370 3021 1426 homines
3057 1373 3347 1443 plerosque
3379 1374 3535 1447 ἱείςοκ

1946 1470 2093 1513 nues
2121 1456 2178 1513 in
2212 1459 2551 1516 dedicionem
2582 1460 2824 1530 accepit,
2855 1476 2982 1516 cum
3011 1471 3228 1531 repente
3253 1466 3523 1534 praemissi

1948 1548 2321 1617 exploratores
2393 1552 2699 1607 retulerunt
2760 1553 2874 1623 jam
2920 1552 3130 1608 dudum
3184 1556 3398 1611 consilii
3439 1558 3532 1590 ηδ’

270 1640 406 1710 ipsis
422 1641 635 1711 legatis,
659 1647 894 1709 quantos
909 1637 1153 1707 accipere
1169 1636 1357 1701 velint,
1381 1636 1634 1691 tradunt:
1650 1636 1852 1706 quibus
1952 1636 2120 1709 hujus
2143 1638 2348 1696 famam
2386 1643 2455 1697 ad
2487 1642 2731 1700 Saxones
2760 1644 3338 1717 prtevenisse,,,cosque
3356 1689 3372 1711 ,
3398 1664 3529 1703 con-

271 1744 331 1787 se
357 1732 597 1805 obligent
642 1731 791 1786 nulla
812 1744 1055 1801 unquam
1074 1728 1307 1792 levitate,
1331 1727 1480 1782 nulla
1501 1727 1843 1789 necessitate,
1880 1721 1922 1777 B
1949 1732 2136 1788 tractis
2189 1734 2312 1803 plus
2364 1750 2530 1805 quam
2586 1735 2653 1791 15
2691 1736 2914 1792 milibus
2969 1746 3345 1805 armatorum,
3398 1739 3531 1795 haut

271 1824 418 1879 nulla
445 1822 811 1894 ingruentium
833 1835 1063 1877 casuum
1097 1818 1456 1875 mutabilitate
1476 1859 1491 1884 ,
1528 1817 1852 1888 promissio-

269 1914 433 1971 nihus
466 1916 582 1971 suis
622 1914 907 1970 defuturos
949 1911 1086 1967 fore.
1134 1910 1239 1965 Sed
1272 1925 1401 1975 rex,
1434 1916 1717 1978 comperto
1753 1918 1852 1979 per

270 2008 515 2063 occultos
545 2007 752 2062 indices
780 2006 929 2076 quod
949 2005 1001 2059 id
1026 2004 1369 2067 molirentur,
1396 2001 1652 2057 omnibus
1674 2001 1851 2055 modis

270 2099 550 2170 satagebat
582 2114 652 2153 ne
683 2112 791 2169 qua
818 2095 1072 2166 deinceps
1121 2102 1247 2150 ante
1279 2093 1602 2148 instructam
1630 2090 1851 2160 expedi-

268 2191 475 2244 tionem
541 2189 730 2260 legatis
785 2187 1065 2243 Saxonum
1112 2185 1267 2255 copia
1312 2183 1465 2240 fieret
1506 2182 1850 2253 colloquendi

269 2298 493 2348 secum;
527 2296 839 2352 praecavens
865 2279 1073 2336 scilicet
1121 2293 1195 2350 ne.
1219 2276 1359 2332 forte
1381 2277 1653 2347 principes
1676 2275 1848 2345 regni,

268 2373 761 2444 supplicationibus
792 2384 985 2427 eorum
1032 2377 1087 2426 et
1115 2368 1508 2425 satisfactionis
1544 2368 1852 2423 humilitate

269 2466 431 2521 evicti
454 2465 565 2531 ⁸⁸⁸³,
596 2465 1003 2521 clementiorem
1025 2460 1081 2518 in
1116 2470 1212 2518 eus
1241 2462 1485 2516 animum
1521 2461 1848 2531 acciperent.

270 2556 414 2625 Quin
461 2558 630 2612 immo
672 2564 786 2612 tam
824 2555 1019 2611 honori
1060 2569 1224 2624 quam
1269 2553 1563 2609 iracundia:
1596 2569 1711 2609 sua:
1748 2553 1853 2607 hoc

271 2650 577 2711 consultius
603 2650 698 2682 m'
750 2648 869 2704 fore
912 2646 1224 2717 judicabat,
1272 2654 1369 2711 ut,
1401 2645 1449 2700 si
1483 2644 1602 2701 fieri
1629 2648 1849 2715 posset,

192 2794 199 2797 .
271 2744 426 2800 novis
448 2743 832 2800 occasionibus
850 2748 1061 2796 Veteres
1080 2738 1378 2793 inimicitiae
1392 2738 1849 2799 instaurarentur,

273 2841 328 2889 et
347 2835 576 2902 vulnus,
611 2835 757 2905 quod
801 2836 1145 2903 prmprdpcre
1187 2830 1245 2885 in
1282 2830 1594 2886 cicatricem
1647 2826 1849 2887 obduci

273 2927 568 2991 metuebat,
596 2926 909 2981 recentibus
947 2922 1122 2993 plagis
1161 2922 1584 2978 exulceraretur.
1629 2917 1711 2975 Ad
1746 2919 1844 2974 hoc

1951 1824 2143 1891 procul
2187 1834 2367 1882 castra
2411 1828 2696 1896 posuisse,
2739 1835 2960 1898 paratos
3007 1846 3133 1884 eum
3172 1845 3239 1885 eo
3282 1831 3532 1900 proxima

1951 1914 2058 1981 die,
2096 1917 2202 1972 nisi
2232 1916 2660 1974 satisfactionem
2686 1934 2879 1975 eorum
2909 1921 3165 1991 pacisque
3192 1922 3534 1977 conditiones

1950 2007 2096 2064 ultro
2123 2010 2444 2080 susciperet,
2467 2011 2681 2065 collatis
2710 2010 2882 2081 signis
2909 2011 3226 2083 ‘coniligcre;
3256 2021 3534 2083 postremo

1950 2098 2019 2153 de
2046 2099 2167 2169 ejus
2208 2116 2543 2171 suorumque
2583 2101 2829 2157 omnium
2868 2102 3046 2157 salute
3086 2111 3266 2159 actum
3306 2118 3457 2167 esse,
3486 2106 3532 2159 si

1950 2191 2035 2246 vel
2065 2193 2206 2247 ultra
2256 2194 2506 2263 progredi
2532 2194 2616 2249 vel
2657 2193 2713 2248 in
2761 2193 2964 2249 eisdem
3007 2193 3207 2249 castris
3258 2203 3533 2264 posteram

1949 2282 2095 2338 diem
2123 2284 2325 2354 operiri
2352 2285 2541 2351 vellet,
2568 2285 2869 2355 pmsertim
2902 2300 3027 2339 cum
3056 2285 3266 2340 nullum
3294 2285 3537 2356 undique

1950 2377 2228 2432 conclusis
2273 2376 2532 2446 eﬂuginm
2581 2383 2827 2446 pateret,
2875 2390 2975 2430 nec
3015 2376 3319 2445 periculum
3369 2386 3534 2431 manu

1950 2468 2274 2538 propulsare
2289 2466 2635 2523 multitudine
2662 2466 2897 2536 impares
2923 2474 3164 2536 possent.
3195 2466 3390 2539 Ingens
3417 2483 3536 2522 om-

1952 2574 2052 2614 nes
2079 2559 2175 2629 qui
2194 2575 2321 2615 cum
2340 2573 2467 2630 rege
2485 2567 2644 2614 erant
2662 2566 2842 2613 metus
2861 2558 3096 2627 perculit
3111 2599 3127 2626 ,
3163 2560 3535 2615 vehementer-

1951 2665 2058 2720 que
2081 2651 2202 2721 ejus
2224 2651 2482 2721 ineptiam
2509 2650 2854 2716 incusahant,
2884 2651 3035 2719 quod
3084 2664 3377 2707 successus
3405 2665 3537 2705 suos

1952 2741 2185 2797 nimium
2222 2742 2338 2811 ipse
2363 2750 2602 2812 urgeret,
2628 2748 2702 2804 et,
2721 2755 3001 2796 morarum
3019 2741 3307 2811 impatiens
3332 2740 3537 2796 multo-

1954 2848 2078 2888 rum
2097 2846 2369 2888 annorum
2382 2833 2521 2887 bella
2536 2847 2647 2886 uno
2665 2832 2865 2901 impetu
2883 2832 3154 2889 conﬁcere
3180 2832 3537 2887 immoderata

1951 2922 2711 2996 praesumptioneufestinamt,
2741 2938 2801 2980 se
2838 2934 3084 2994 Suosque
3125 2923 3378 2980 hostibus
3406 2938 3541 2993 pue-

273 3017 607 3073 eﬂiciendum
634 3032 778 3072 novo
817 3016 1091 3086 exquisito
1130 3014 1303 3070 utitur
1334 3012 1583 3070 artificio.
1620 3010 1853 3068 Simulat
1942 3017 2043 3072 vili
2096 3017 2316 3073 levitate
2356 3016 2707 3087 prodidissct.
2745 3014 2951 3071 Eorum
2990 3014 3215 3070 monitis
3258 3014 3539 3084 ohtempes

274 3123 334 3164 se
369 3124 399 3164 a
423 3107 738 3174 Salomone,
771 3107 890 3162 viro
921 3106 1128 3163 soruris
1149 3121 1283 3172 suae,
1313 3120 1437 3176 rege
1468 3101 1854 3177 Ungariorum,
1884 3106 1924 3157 t.
1957 3124 2122 3175 rans,
2151 3109 2333 3167 citato,
2365 3115 2632 3178 quantum
2671 3114 2883 3177 poterat
2910 3107 3084 3163 reditu
3105 3147 3119 3171 ,
3148 3106 3205 3160 in
3230 3106 3532 3168 Boemiam,

274 3200 331 3255 in
374 3197 666 3272 Ungariam
701 3207 1020 3265 evocatum,
1053 3205 1115 3253 ut
1144 3198 1305 3265 lites,
1344 3213 1468 3268 quae
1504 3196 1647 3253 inter
1683 3195 1863 3266 ipsum

274 3299 431 3347 erant
443 3299 499 3346 et
511 3290 759 3348 Joiadam
783 3288 896 3357 "“,
921 3289 1157 3361 quicum
1171 3304 1336 3360 regno
1352 3289 1655 3359 expulerat,
1678 3288 1864 3343 habito

275 3397 399 3437 eum
426 3383 672 3454 utrisque
696 3381 954 3449 familiari
974 3380 1270 3452 colloquio,
1294 3387 1666 3451 cumponeret.

346 3472 521 3545 Hujus
569 3475 780 3530 itineris
826 3481 1092 3545 praetextu
1118 3514 1132 3539 ,
1183 3472 1352 3528 elusis
1396 3472 1654 3528 omnibus
1710 3470 1863 3541 regni

277 3566 635 3637 principibus,
674 3565 729 3621 in
762 3565 853 3598 “"
895 3564 1173 3620 Boemiam
1219 3563 1588 3634 proﬁciscitur
1647 3561 1860 3634 (Sept.);

278 3658 491 3715 nullum
520 3664 706 3714 Secum
740 3657 950 3713 habens
986 3673 1053 3712 ex
1086 3655 1426 3726 principibus
1462 3664 1660 3726 praeter
1710 3654 1865 3711 Heri-

280 3764 540 3806 mannum
588 3749 842 3805 comitem
882 3749 950 3805 de
997 3747 1249 3820 Glizherg
1276 3748 1389 3813 "“,
1428 3749 1640 3819 equites
1682 3757 1864 3803 autem

281 3842 560 3910 expeditos
600 3849 656 3896 et
703 3849 854 3895 tanto
901 3839 1128 3911 negocio
1175 3839 1559 3896 allectissimos
1589 3839 1678 3871 "3"
1729 3854 1866 3910 pene

281 3931 624 4004 quingentos,
655 3932 769 4003 qni,
794 3932 1011 4002 rejectis
1036 3931 1269 3989 sarcinis
1291 3939 1347 3987 et
1374 3932 1568 3988 ceteris
1596 3932 1864 3988 bellorum

283 4024 714 4093 impedimentis,
751 4023 933 4079 itineri
963 4031 1174 4079 tantum
1201 4030 1254 4079 et
1282 4023 1569 4080 certamini
1607 4040 1666 4079 se
1702 4038 1867 4094 expe-

284 4114 509 4171 dierant.
573 4115 874 4185 Assumpto
936 4115 994 4171 in
1053 4114 1276 4171 Boemia
1323 4116 1465 4172 duce
1516 4123 1572 4170 et
1618 4116 1865 4173 exercitu

286 4204 569 4272 Boemico,
600 4223 696 4277 per
724 4207 971 4262 occultos
1008 4221 1074 4262 ac
1110 4206 1457 4264 difﬁcillimas
1485 4207 1576 4242 ⁸⁸⁸⁸
1618 4208 1866 4263 tramites

284 4298 339 4355 'rn
369 4297 661 4357 Sarmriam
691 4299 990 4367 contendit,
1021 4314 1251 4372 sperans
1302 4315 1363 4355 se
1390 4308 1521 4367 eos,
1553 4308 1613 4355 ut
1634 4300 1742 4355 dici
1776 4313 1867 4355 so-

286 4393 375 4459 let,
404 4392 545 4448 inter
570 4395 865 4451 oscitantes
889 4392 1037 4465 (400)
1058 4434 1074 4459 ,
1099 4406 1227 4448 cum
1256 4390 1570 4460 inopinatus
1599 4390 1864 4455 irrueret,

288 4482 437 4542 facile
478 4500 867 4556 oppressurum
893 4527 908 4551 ,
962 4493 1079 4551 aut,
1128 4484 1175 4540 si
1204 4483 1466 4541 rebellare
1499 4489 1829 4552 temptarent
1848 4522 1863 4548 ,

1962 3200 2107 3257 unde
2160 3208 2433 3269 eruperat,
2492 3214 2552 3256 se
2595 3199 2817 3269 recepit.
2848 3198 3023 3265 Quem
3051 3199 3341 3254 abeuntem
3409 3196 3536 3267 qui-

1961 3292 2088 3347 dam
2144 3305 2212 3346 ex
2263 3289 2573 3346 Saxonibus
2625 3290 2859 3361 expediti
2896 3289 3130 3359 equites,
3168 3288 3356 3343 insciis
3393 3287 3542 3357 prin-

1960 3383 2175 3454 cipibus
2198 3381 2454 3448 insecuti,
2486 3382 2808 3453 priusquam
2838 3378 3077 3436 Saxonia
3104 3379 3406 3441 excederet,
3438 3392 3540 3445 0p-

1962 3475 2326 3548 pressissent,
2356 3474 2465 3529 nisi
2492 3473 2630 3529 Boto
2659 3487 2846 3528 comes
2876 3471 3058 3544 (402),
3078 3472 3171 3542 q'ui
3199 3471 3266 3525 ad
3295 3468 3542 3523 Saxones

1962 3581 2138 3637 arege
2174 3572 2364 3621 orator
2402 3566 2541 3620 ierat
2584 3578 2884 3635 provocare
2925 3577 3021 3619 eos
3063 3562 3132 3617 ad
3169 3560 3533 3624 dedicionem,

1965 3658 2077 3722 vel,
2109 3657 2259 3727 quod
2285 3657 2475 3714 verius
2503 3665 2588 3714 est
2604 3699 2620 3724 ,
2646 3671 2787 3711 vana
2811 3653 3203 3727 pollicitatione
3236 3651 3409 3707 venia
3432 3650 3541 3704 im-

1961 3749 2168 3821 plicare
2194 3763 2291 3807 eos
2311 3790 2327 3815 ,
2356 3763 2426 3805 ne
2453 3755 2914 3820 persequerentur
2939 3746 3228 3802 abeuntem
3248 3785 3263 3810 ,
3294 3744 3398 3799 hac
3424 3749 3544 3797 arte

1963 3856 2060 3896 eos
2093 3838 2392 3897 fefellisset.
2430 3840 2751 3913 Digrediens
2787 3849 2819 3894 a
2851 3837 3051 3896 castris
3078 3834 3389 3901 Saxonum,
3413 3849 3541 3889 cum

1962 3946 2061 3988 eos
2103 3932 2367 4001 paulatim
2416 3932 2647 4004 vestigia
2698 3944 2797 3987 sua
2845 3928 3061 4000 insequi
3100 3934 3388 3992 cerneret,
3436 3925 3543 3980 iter

1964 4023 2130 4079 unius
2157 4023 2302 4090 diei,
2345 4034 2457 4095 quo
2498 4024 2567 4080 ad
2597 4033 2783 4095 regem
2820 4022 3002 4078 redire
3040 4028 3258 4092 poterat
3280 4060 3296 4085 ,
3337 4019 3536 4089 longos

1965 4114 2246 4173 anfractus
2286 4117 2379 4149 ³⁸⁸⁸
2407 4124 2465 4171 et
2503 4116 2666 4186 longa
2696 4116 2910 4170 viarum
2948 4112 3232 4182 dispendia
3273 4110 3537 4180 legendo,

1964 4209 2057 4262 vix
2077 4208 2258 4263 triduo
2285 4206 2523 4263 cenfeelt
2537 4249 2553 4273 ,
2584 4213 2648 4262 ut
2668 4220 2765 4276 per
2786 4207 2931 4261 hanc
2952 4204 3164 4259 scilicet
3184 4216 3394 4257 moram
3416 4213 3538 4262 rex,

1967 4298 2141 4355 elusis
2181 4299 2470 4364 hostibus,
2523 4297 2581 4353 in
2628 4305 2811 4353 tutum
2857 4296 3087 4351 evadere
3127 4291 3415 4364 potuisset.
3466 4288 3544 4344 ita

1968 4389 2213 4460 periculo
2237 4389 2500 4445 liberatus
2535 4403 2632 4444 rex
2648 4429 2667 4455 ,
2696 4387 2922 4443 militem
2949 4396 3108 4441 suum
3128 4425 3145 4451 ,
3166 4384 3434 4439 labore'et
3457 4379 3544 4438 vis

1900 4448 1944 4503 Β
1970 4448 2146 4553 giliis,
2198 4488 2314 4535 tum
2350 4448 2702 4551 potissimum
2744 4478 2887 4534 fame
2935 4492 3007 4533 ac
3043 4448 3138 4533 siti
3186 4488 3325 4546 pene
3364 4484 3549 4543 usque

284 4575 485 4646 justam
519 4576 776 4647 deinceps
804 4579 1094 4633 adversum
1122 4591 1220 4631 eos
1246 4575 1373 4630 belli
1395 4583 1450 4630 et
1471 4573 1866 4631 satisfactionis
1970 4573 2037 4628 ad
2057 4570 2417 4628 defectionem
2441 4571 2668 4641 spiritus
2689 4569 3020 4635 confectum,
3043 4576 3167 4639 post
3203 4576 3408 4637 paucos
3427 4562 3558 4627 dies

290 4683 394 4724 non
436 4668 794 4739 suscipiendae
821 4684 1046 4725 causam
1097 4667 1433 4723 habiturum.
1473 4665 1644 4736 Igitur
1686 4681 1864 4736 usque
1962 4660 2327 4746 .Ratisponam
2389 4662 2651 4729 reduxit,
2691 4678 2723 4718 e
2752 4660 2932 4716 vicino
2964 4660 3076 4730 jam
3117 4659 3437 4716 imminente
3461 4655 3579 4723 die

289 4759 524 4825 Misenen
550 4760 796 4830 pervenit
825 4761 1015 4816 urbem
1055 4758 1221 4813 sitam
1262 4758 1317 4813 in
1348 4757 1589 4814 conﬁnio
1628 4758 1865 4813 Boemite
1970 4769 2084 4825 quo
2119 4756 2175 4811 in
2204 4754 2613 4826 expeditionem
2634 4769 2753 4810 exc:
2766 4754 2908 4809 citus
2933 4753 3260 4813 adunandus
3289 4755 3440 4812 erat;
3470 4747 3597 4812 in,

1568 4886 1798 4946 VARM‘J
1837 4888 2237 4945 LECTIONES.

357 4989 445 5059 im
484 4988 807 5059 placandum
834 4989 888 5042 4.
996 4984 1087 5016 ¹⁸³⁰
1134 4980 1275 5059 deest
1304 4983 1385 5059 _&.

297 5058 378 5092 ηδ’
414 5068 470 5113 et
484 5051 723 5115 'stultius
750 5066 866 5125 post
912 5071 1049 5112 corr.
1081 5054 1392 5125 consultius
1421 5051 1473 5105 3.

298 5130 381 5162 ius
405 5130 663 5254 fusam”;
690 5121 759 5179 4·
846 5125 933 5159 1W
972 5126 1125 5178 elect.
1165 5141 1301 5179 corr.
1343 5121 1501 5176 alect.
1547 5125 1600 5181 3.

294 5211 339 5254 et
375 5217 404 5255 ε
448 5240 461 5252 .
551 5239 563 5251 .

1486 4980 2146 5038 “"‘Hildinishemensem
2197 4980 2252 5034 '5.
2307 4968 2891 5036 Hildineshcimcnsem
2940 4971 2994 5031 4.

1594 5055 1685 5087 ηδε
1717 5050 1962 5121 Joiaden}
1986 5049 2377 5121 superscriptoa
2408 5051 2462 5104 4.

1709 5123 1799 5155 ηδε
1851 5118 2195 5177 difﬁcillimus
2244 5118 2294 5171 1ο
2328 5122 2381 5175 4ο

1743 5305 1760 5323 .
1795 5249 2023 5315 ΝΟΜ).

3125 4971 3216 5010 ιω
3256 4964 3476 5025 devicti
3504 5004 3511 5011 -

2572 5049 2662 5080 ¹⁵⁵⁸
2702 5051 2754 5103 in
2792 5034 2862 5089 ὲ-
2881 5044 3225 5116 principibus
3242 5104 3265 5116 _
3280 5034 3493 5116 desunt

2482 5117 2572 5147 isse
2608 5120 2800 5175 euasi“
2839 5104 2897 5168 ὃς
2998 5104 3094 5148 ias'o
3161 5104 3466 5169 anfractos

2539 5345 2573 5358 ,λ
2954 5355 2963 5358 _
2986 5356 2993 5358 _
3160 5348 3167 5351 A
3246 5329 3362 5349 ,ψη
3396 5341 3431 5344 Α

3552 4988 3682 5055 εὶ.

3579 5064 3713 5122 ἢ..

3588 5136 3716 5193 εἰ..
