4050 5358
513 322 653 379 H95

1668 284 2019 374 nauseam
2041 316 2606 374 HERSFELDENSlS

3659 311 3805 366 H96

512 434 776 505 venitque
820 432 894 487 ibi
926 430 1135 502 legatos
1162 425 1447 485 Saxonum
1471 471 1484 494 ,
1515 428 1693 484 multo
1716 429 1833 501 jam
1858 437 2104 500 tempore
2132 433 2177 489 Α
2205 430 2496 500 scrupulus
2522 427 2809 495 ademptus
2853 432 3029 489 esset,
3078 422 3288 479 nullum
3316 438 3494 495 regem
3520 466 3536 490 ,
3558 423 3800 480 'nuilum

514 617 687 674 rendo
714 614 808 671 diu
834 622 1133 684 suspensos
1156 612 1334 667 tenuit
1359 653 1372 677 ,
1413 618 1475 666 ut
1511 610 1688 667 redire
1718 613 1787 667 ad
1813 628 1965 678 suos,
1992 610 2098 666 nisi

514 708 621 775 sub
681 707 802 776 ipso
842 703 1183 759 imminentis
1219 703 1334 772 jam
1380 702 1741 772 expeditionis
1778 704 2011 759 articulo
2047 710 2102 757 et

514 814 653 871 pene
675 796 1026 853 incumbente
1052 795 1167 866 jam
1193 793 1505 850 cervicibus
1543 810 1736 849 eorum
1766 794 1954 849 hostili
1982 794 2099 865 gla-

513 888 640 956 dio,
667 902 780 943 non
827 883 1362 958 possent.‘Cumque
1397 885 1504 939 sub
1553 885 1697 940 idem
1734 883 1848 941 fere
1887 893 2101 955 tempus

512 978 648 1035 Dedi
683 978 775 1011 ⁸¹⁸¹
800 977 1072 1042 marchio,
1102 976 1265 1047 longa
1287 976 1610 1046 aegritudine
1636 976 1960 1047 absumptus
1978 1019 1993 1043 ,
2015 976 2104 1031 de-

514 1070 809 1135 cessisset,
841 1067 1267 1138 marcham‘ejus
1300 1067 1555 1122 Boemico
1576 1068 1703 1123 duci
1724 1068 1792 1122 in
1817 1068 2101 1138 praemium

512 1170 718 1218 exacta:
754 1160 960 1216 militiae.
1007 1159 1158 1215 dedit
1183 1159 1365 1229 (ωδ),
1389 1160 1608 1214 tametsi
1649 1176 1791 1215 uxor
1831 1160 2106 1216 marchio—

513 1252 602 1309 nis
639 1252 810 1307 Adala
836 1251 1009 1306 tilium
1032 1266 1194 1307 suum
1226 1293 1241 1318 ,
1270 1251 1360 1306 cui
1393 1250 1720 1306 hereditaria
1754 1252 2106 1307 successione

515 1344 740 1400 marcha
765 1343 1085 1409 debebatur,
1114 1344 1166 1397 ci
1194 1342 1356 1413 paulo
1382 1350 1508 1397 ante
1529 1357 1629 1412 pro
1656 1358 1715 1399 se
1735 1343 1981 1398 obsidem
2008 1343 2108 1398 mi-

516 1435 713 1503 sisset,
755 1443 810 1490 et
838 1436 955 1506 ipse
994 1434 1244 1490 marchio
1270 1442 1397 1504 post
1419 1443 1795 1505 recuperatam
1827 1450 2017 1505 pacem
2048 1435 2105 1490 in

515 1524 847 1598 Gerstingun
888 1526 980 1559 “"
1027 1527 1407 1581 intemeratam
1475 1541 1689 1597 semper
1737 1542 1866 1599 erga
1920 1543 2105 1599 regem

517 1630 742 1689 remque
776 1618 1050 1689 publicam
1083 1618 1244 1673 ﬁdem
1277 1625 1570 1674 servasset.

586 1708 796 1764 Interea
840 1708 1087 1765 Saxones
1119 1718 1174 1765 et
1207 1708 1476 1781 Thuringi
1512 1711 1656 1765 inter
1701 1723 1854 1781 spem
1899 1720 1954 1767 et
1994 1727 2104 1767 me-

516 1807 633 1854 tum
654 1841 669 1865 ,
703 1800 848 1855 inter
873 1815 1061 1871 pacem
1090 1810 1143 1856 et
1178 1801 1381 1856 bellum
1405 1845 1419 1869 ,
1458 1802 1600 1857 inter
1647 1804 2104 1859 comminationes

517 1900 572 1944 et
632 1892 1093 1963 supplicationes,
1144 1894 1298 1949 vario
1359 1909 1619 1949 curarum
1671 1903 1808 1950 testu
1868 1895 2104 1950 fluctua-

520 1984 652 2038 bant
682 1982 853 2054 (404),
884 1998 985 2039 nec
1030 1985 1161 2054 quid
1210 1992 1471 2056 agerent,
1519 1997 1630 2055 quo
1677 2000 1736 2040 se
1785 1993 2100 2052 verterent,

518 2070 724 2145 quibus
765 2075 942 2131 modis
982 2075 1298 2147 impeditam
1343 2092 1459 2131 rem
1508 2077 1874 2146 explicarent,
1911 2079 2103 2134 crebra

517 2167 901 2223 conventicula
927 2165 1192 2223 facientes
1211 2210 1226 2235 ,
1262 2168 1566 2225 deliberare
1592 2176 1864 2239 poterant.
1897 2169 2103 2227 Cense-

520 2258 652 2313 bant
690 2258 781 2313 alii
804 2300 819 2326 ,
850 2259 1113 2331 quoniam
1139 2275 1236 2315 rex
1262 2260 1329 2315 ad
1369 2260 1778 2316 internitionem
1807 2261 1900 2294 ⁸³³³
1922 2264 2105 2318 tocius

521 2347 804 2406 Saxonica:
846 2351 1025 2423 gentis
1064 2351 1309 2407 animum
1338 2353 1673 2409 obstinas‘sct
1696 2395 1710 2420 ,
1748 2354 1810 2408 ut
1841 2354 2104 2425 quicquid

521 2439 775 2498 Saxouiae
806 2443 894 2498 vel
924 2442 1240 2515 Thuringize
1269 2444 1485 2500 hostilis
1525 2444 1803 2500 exercitus
1830 2446 2102 2516 reliquum

516 2531 757 2601 fecisset,
795 2534 849 2591 id
877 2533 982 2606 ipsi
1014 2535 1104 2568 ¹⁸⁸⁴
1128 2535 1330 2607 injecto
1374 2536 1497 2607 igne
1519 2537 1905 2606 absumerent,
1938 2546 1993 2593 et
2024 2538 2107 2594 sic

518 2639 645 2681 cum
685 2625 943 2682 omnibus
992 2626 1110 2683 suis
1152 2627 1296 2683 ultra
1345 2627 1573 2683 ﬂuvium
1614 2627 1795 2683 Albim
1829 2644 2106 2684 commea-

520 2724 674 2783 rent;
704 2717 815 2785 alii,
844 2727 906 2773 ut
926 2717 1018 2751 ⁸⁸⁸⁸
1042 2717 1287 2775 Luticios
1318 2718 1431 2786 “",
1454 2718 1869 2776 infestissimam
1894 2721 2105 2775 nomini

517 2807 822 2864 christiano
847 2816 1085 2881 gentem,
1118 2809 1321 2866 finibus
1344 2809 1461 2866 suis
1495 2810 1760 2878 excirent,
1795 2819 1852 2866 et
1869 2811 2106 2866 barbaro

519 2897 706 2964 milite.
732 2901 999 2958 adversus
1041 2902 1339 2959 barbarum
1384 2910 1549 2972 atque
1585 2901 1674 2935 ⁸⁸³⁷
1706 2904 2104 2973 implacabilem

519 2991 733 3048 hostem
775 3000 1089 3061 uterentur;
1131 2994 1255 3060 alii,
1316 3001 1378 3048 ut
1422 2992 1678 3062 castella,
1703 3007 1826 3065 qua:
1864 3011 1961 3050 rex
2009 3011 2107 3066 per

519 3080 881 3154 Thuringiam
923 3091 978 3139 et
1022 3083 1318 3140 Saxoniam
1352 3085 1497 3141 dirui
1518 3086 1793 3157 jusserat,
1819 3087 2102 3144 instaura-

426 540 449 561 ο
513 526 751 582 reditum
788 523 909 596 ejus
948 521 1346 593 praestolantes.
1388 519 1539 586 Quos
1580 536 1905 592 responsum
1941 520 2097 577 diﬂ'e—
2198 522 2455 589 deinceps
2498 518 2803 574 exercitum
2864 515 3055 571 virtuti
3099 514 3383 571 Saxonicee
3438 516 3800 586 insuperabi-

2202 614 2304 667 lem
2330 609 2449 665 fore
2468 628 2482 677 ;
2500 609 2734 680 proinde
2765 609 2923 664 mala:
2938 608 3058 674 rei,
3102 608 3354 679 pessimae
3383 608 3497 679 spei
3524 649 3539 674 ,
3564 608 3800 664 unicum

2201 704 2306 759 hac
2328 701 2630 757 remedium
2666 708 2721 756 et
2756 700 3020 755 adversus
3046 699 3394 754 insolentiam
3422 698 3673 755 hostium
3710 716 3804 754 ve-

2201 794 2429 849 hemens
2446 792 2622 847 telum
2643 807 2767 847 esse
2785 834 2803 858 ,
2830 792 2875 847 si
2899 806 3081 862 regem
3117 791 3221 846 sibi
3261 791 3352 823 ⁸⁸⁸⁸
3378 799 3639 846 crearent
3659 801 3717 846 et
3741 792 3803 845 in

2202 886 2322 955 ejus
2349 885 2514 939 verba
2534 883 2985 955 jurarent'(405),
3010 898 3069 937 se
3090 898 3198 953 pro
3224 882 3401 952 patria
3420 925 3435 948 ,
3459 897 3567 953 pro
3590 883 3804 953 conj"-

2203 976 2363 1046 gibus
2386 1016 2401 1043 ,
2446 990 2546 1045 pro
2592 975 2779 1030 liberis
2809 973 2933 1046 [pro
2965 974 3056 1005 ¹⁸⁶¹
3086 972 3355 1046 legibus],
3396 989 3498 1045 pro
3542 974 3808 1029 libertate

2205 1084 2303 1122 sua
2328 1110 2343 1134 ,
2373 1082 2551 1138 usque
2580 1067 2661 1121 ad
2709 1074 2943 1121 mortem
2976 1065 3307 1121 militaturos
3330 1081 3475 1121 esse.
3513 1065 3573 1120 In
3612 1066 3708 1122 his
3749 1075 3808 1120 et

2205 1159 2586 1229 hujuscemodi
2635 1157 3122 1213 deliberationibus
3167 1172 3294 1211 cum
3349 1172 3495 1227 sape
3539 1167 3758 1228 septem
3788 1200 3805 1220 ,

2206 1265 2349 1320 saepe
2390 1250 2456 1304 M
2484 1250 2887 1305 dies‘continna
2929 1249 3332 1305 consultatione
3365 1249 3689 1316 trivissent,
3713 1250 3809 1304 in-

2206 1342 2470 1397 certiores
2507 1356 2723 1411 semper
2765 1350 2931 1412 quam
2974 1348 3239 1395 venerant
3276 1341 3500 1396 domum
3548 1350 3807 1395 reverte-

2206 1436 2427 1489 bantur.
2457 1433 2535 1488 lta
2559 1449 2685 1489 cum
2711 1433 2905 1488 omnia
2923 1432 3016 1464 ¹⁸⁶¹
3032 1433 3404 1487 'deliberando
3427 1440 3809 1503 pertemptas-

2208 1535 2330 1581 sent
2355 1568 2369 1592 ,
2410 1526 2593 1580 omnia
2621 1524 3011 1581 discussissent
3034 1565 3049 1591 ,
3096 1532 3321 1594 propter
3361 1534 3601 1596 accepta:
3623 1526 3809 1581 cladis

2208 1627 2481 1674 recentem
2508 1617 2830 1672 memoriam
2856 1615 2992 1671 nihil
3018 1615 3325 1671 ration-ibus
3370 1617 3488 1672 suis
3529 1618 3673 1674 satis
3715 1627 3808 1672 tu-

2208 1720 2346 1777 tum,
2380 1710 2513 1766 satis
2540 1710 2760 1764 firmum
2790 1708 3076 1780 putabant.

2137 1781 2180 1834 Β
2276 1801 2392 1858 Rex
2414 1800 2770 1857 llKalendas
2802 1798 3123 1856 Novembris
3157 1798 3303 1869 (Oct.
3336 1799 3429 1872 22)
3457 1799 3616 1871 juxta
3658 1816 3771 1856 con
3800 1830 3807 1839 ε

2205 1896 2413 1952 dictum
2452 1894 2604 1949 venit
2647 1892 2703 1947 in
2753 1891 3083 1962 Gerstingun
3115 1891 3228 1945 ¹⁸⁶³.
3268 1889 3552 1947 Venerunt
3596 1906 3806 1946 omnes

2208 1986 2494 2041 Teutonici
2530 1984 2682 2056 regni
2712 1983 2954 2054 episcopi
2984 1991 3039 2038 et
3068 1984 3331 2051 comites;
3366 1982 3562 2039 aderat
3590 1982 3805 2038 Tiode-

2206 2079 2356 2133 ricus
2382 2076 2475 2109 ⁸⁸⁸⁸
2512 2076 2623 2130 dux
2658 2075 2896 2131 Mosellae
2929 2075 3200 2147 regionis;
3238 2075 3427 2131 aderat
3465 2074 3677 2131 Gozelo
3707 2076 3751 2107 "
3782 2072 3806 2106 ⁸

2205 2160 2315 2225 dux
2344 2167 2673 2239 Luteringiae
2704 2168 2818 2234 ""‘,
2860 2167 3276 2222 tantashabens
3304 2167 3510 2237 copias,
3542 2166 3621 2222 ita
3643 2167 3805 2222 mili-

2206 2262 2417 2317 taribus
2443 2260 2611 2315 armis
2631 2258 2951 2326 instructas,
2976 2260 3071 2325 ita;
3102 2259 3170 2315 de
3190 2268 3302 2314 tota
3324 2260 3412 2315 cui
3443 2259 3682 2330 praeerat
3711 2277 3804 2316 re-

2207 2355 2368 2426 gione
2398 2351 2747 2407 severissime
2789 2349 3004 2409 delectu
3030 2348 3118 2383 "”
3144 2351 3351 2418 habito,
3381 2352 3713 2422 exquisitas,
3738 2363 3806 2407 ut

2208 2445 2339 2503 solre
2373 2444 2612 2501 ceterum
2644 2442 2786 2515 regis
2834 2444 3138 2499 exercitum
3167 2451 3227 2499 et
3260 2459 3492 2500 numero
3531 2453 3590 2501 et
3612 2446 3801 2500 bellin‘

2208 2543 2502 2610 apparatus
2524 2536 2711 2608 gloria
2732 2534 3059 2607 praeceliere'
3080 2551 3144 2592 ac
3182 2536 3497 2608 supergredi
3534 2537 3802 2593 videren-

2207 2640 2316 2686 tur.
2356 2628 2461 2682 Alii
2488 2629 2687 2695 duces,
2719 2626 3025 2684 Ruodolfus
3068 2628 3415 2684 scilicet'dux
3447 2627 3798 2695 Suevorum,

2209 2720 2358 2777 Welf
2394 2720 2505 2775 dux
2542 2718 2958 2790 Bajoariorum,
2989 2719 3276 2776 Bertoldus
3316 2721 3426 2776 dux
3452 2722 3802 2779 ‘Carentino;

2208 2820 2354 2878 rum,
2382 2812 2494 2881 regi
2522 2811 2787 2866 auxilium
2809 2828 2973 2868 suum
2994 2808 3202 2881 petenti
3231 2812 3660 2885 denegaverant,
3682 2825 3802 2886 p054

2210 2902 2463 2970 nitentes,
2489 2911 2551 2958 ut
2569 2903 2809 2970 aiebant,
2829 2904 3099 2973 superiori
3122 2904 3467 2975 expeditione
3489 2907 3546 2960 in
3572 2907 3799 2961 irritum

2212 2993 2319 3051 fusi
2347 2995 2485 3051 tanti
2527 2994 2845 3066 sanguinis;
2888 2994 3082 3050 offensi
3119 2996 3284 3049 etiam
3318 2997 3461 3067 regis
3484 2998 3692 3052 immiti
3722 3009 3802 3052 at-

2211 3094 2318 3158 que
2350 3087 2680 3158 implacabili
2718 3086 2954 3158 ingenio,
2977 3087 3136 3157 cujus
3160 3086 3457 3143 iracundia:
3479 3089 3797 3144 incendium

519 3180 679 3240 rent,
724 3182 780 3230 et
819 3174 1069 3232 locorum
1107 3176 1453 3246 difﬁcultate,
1492 3178 1753 3249 quoniam
1795 3181 1963 3236 armis
1991 3195 2103 3235 non
2130 3169 2172 3225 C
2206 3197 2307 3237 nec
2328 3181 2573 3237 lacrima
2597 3175 2880 3235 Saxonum
2906 3194 3007 3233 nec
3041 3178 3374 3235 inundantes
3400 3181 3615 3252 campis
3648 3179 3802 3237 Thu-

521 3272 779 3335 possente,
819 3267 1051 3323 salutem
1093 3285 1281 3338 suam,
1325 3271 1508 3341 quoad
1542 3271 1844 3343 indignatio
1895 3272 2103 3328 domini

519 3355 867 3429 deﬂagraret,
897 3368 1226 3417 tutarentur.
1248 3360 1352 3417 Sed
1368 3363 1521 3433 plebs
1540 3378 1758 3419 omnem
1774 3380 1925 3436 spem
1945 3381 2102 3433 suam

518 3448 589 3503 ah
604 3448 777 3507 armis
803 3451 871 3507 ad
885 3466 1075 3522 preces
1094 3462 1334 3510 verterat
1358 3473 1371 3522 ;
1395 3471 1518 3526 quae
1546 3454 1593 3512 si
1609 3472 1720 3511 non
1741 3458 2100 3527 proficerent,

518 3541 899 3599 incunctanter
937 3544 1124 3601 animo
1161 3547 1354 3601 fixerat
1392 3547 1504 3615 ³⁸⁸⁸,
1531 3549 1714 3603 omnia
1750 3548 1893 3605 fmda
1937 3550 2102 3606 etiam

516 3642 681 3704 atque
721 3634 964 3691 crudelia
1002 3639 1191 3707 potius
1217 3639 1486 3706 tolerare,
1516 3655 1682 3710 quam
1724 3656 1783 3696 se
1818 3642 2102 3697 certamini

517 3726 865 3783 committere
885 3733 941 3782 et
978 3730 1271 3800 ancipitem
1308 3730 1545 3787 fortunae
1574 3732 1747 3788 aleam
1774 3775 1789 3800 ,
1822 3744 1987 3804 quam
2026 3750 2107 3790 se—

518 3817 626 3871 mel
674 3814 914 3874 infausta
959 3822 1350 3892 congressione
1393 3832 1616 3894 experta
1659 3823 1888 3892 fuisset,
1921 3826 2104 3881 dmuo

518 3914 810 3977 temptare.
868 3907 1105 3965 Econtra
1132 3912 1443 3983 principes,
1479 3915 1681 3983 quibus
1720 3918 1957 3987 primum
2001 3935 2102 3974 au—

520 3997 768 4054 ctoribus
783 4012 848 4054 ea
874 4000 1055 4057 rabies
1077 4002 1370 4070 lnarserat,
1403 4003 1594 4059 sedulo
1617 4005 1912 4076 instabant,
1939 4010 2102 4066 obse-

518 4097 735 4148 crantes
776 4099 859 4161 ut,
902 4092 1149 4164 pristinae
1194 4095 1416 4151 virtutis
1452 4110 1725 4155 memores
1760 4098 1969 4155 crimen
1992 4117 2103 4158 non

517 4181 784 4241 inferrent
810 4184 1000 4256 gloria:
1044 4202 1161 4242 sua:
1198 4202 1301 4243 nec
1341 4188 1546 4258 optime
1579 4196 1755 4261 coepta
1802 4191 2103 4251 flediss'me

517 4287 669 4329 nunc
694 4275 1052 4346 desererent;
1094 4279 1241 4349 quod
1268 4277 1445 4350 prima
1473 4284 1862 4353 congressione
1890 4301 1984 4342 res
2012 4294 2115 4343 se-‘

517 4378 617 4420 cus
647 4367 941 4436 cessisset,
985 4368 1038 4424 id
1073 4386 1257 4426 causa:
1296 4372 1544 4429 extitisse
1568 4415 1583 4440 ,
1611 4375 1760 4444 quod
1789 4390 1890 4432 nec
1919 4388 2100 4449 regem

515 4467 620 4510 nec
646 4457 950 4529 principem
980 4459 1337 4530 habuissent,
1374 4464 1534 4536 cujus
1571 4466 1739 4523 ductu
1778 4476 1833 4523 et
1853 4471 2100 4541 auspicio

516 4544 722 4603 bellum
769 4564 957 4619 gerere
977 4593 992 4618 ,
1029 4552 1098 4607 ad
1131 4553 1290 4624 cujus
1335 4550 1624 4627 imperium
1667 4569 1845 4616 castra
1881 4562 2065 4619 locare
2084 4605 2099 4631 ,

517 4640 575 4695 in
596 4639 771 4696 aciem
793 4644 1105 4712 procedere,
1142 4660 1367 4702 manum
1392 4663 1519 4704 cum
1548 4650 1799 4708 hostibus
1829 4653 2099 4722 conferre,

517 4741 574 4790 et
599 4740 782 4790 cetera
802 4733 1058 4794 militaris
1090 4732 1390 4809 disciplinae
1422 4742 1609 4797 munia
1647 4743 1939 4801 observare
1962 4789 1976 4815 ,
2009 4763 2102 4803 sa-

518 4825 786 4883 cramenti
833 4826 1087 4887 militaris
1132 4830 1396 4903 religione
1441 4843 1801 4905 cogerentur;
1845 4837 1893 4894 si
1933 4838 1981 4895 is
2010 4839 2102 4872 “'"

2204 3273 2394 3344 ﬁngite
2425 3272 2528 3326 rivi
2570 3271 2857 3342 sanguinis
2891 3271 3232 3342 restinguere
3256 3272 3583 3342 potuissent.
3612 3271 3801 3328 Ceteri

2202 3373 2384 3419 tamen
2427 3364 2735 3434 principes,
2781 3363 2874 3434 qui
2917 3361 3348 3433 frequentissimi
3386 3375 3798 3431 convenerant.

2203 3470 2462 3527 magnum
2494 3455 2629 3511 satis
2651 3470 2717 3509 ac
2742 3455 2985 3510 validum
3013 3458 3312 3510 exercitum
3343 3456 3613 3524 fecerant,
3641 3458 3695 3513 ei
3717 3466 3803 3512 tau

2204 3564 2328 3602 men
2359 3547 2520 3619 longe
2543 3563 2609 3602 ac
2635 3546 2799 3617 longe
2821 3547 3107 3618 imparem,
3133 3563 3295 3617 quem
3322 3548 3475 3619 prior
3500 3548 3594 3605 illa
3633 3564 3799 3620 expe-

2202 3640 2338 3694 ditio
2365 3646 2731 3693 contraxerat.
2766 3636 3016 3693 Saxones
3039 3648 3094 3694 et
3119 3636 3412 3711 Thuringi,
3444 3640 3641 3696 ultima
3675 3641 3797 3712 jam

2203 3730 2529 3786 necessitate
2580 3730 2774 3796 exciti,
2811 3727 3151 3801 amplissimo
3190 3747 3422 3787 numero
3443 3746 3793 3801 convenere,

2202 3833 2256 3879 et
2289 3823 2485 3893 positis
2516 3823 2714 3878 castris
2746 3822 2880 3877 haut
2908 3820 3101 3894 proelii
3126 3838 3155 3878 a
3179 3833 3334 3879 eurte
3367 3825 3517 3893 regia
3541 3822 3796 3880 Northu—

2204 3930 2342 3981 sun,
2369 3914 2839 3984 archiepiscopum
2867 3913 3239 3983 Premensem,
3269 3915 3593 3987 episcopum
3623 3916 3793 3972 Hilti-

2203 4006 2626 4061 nisbeimensem
2654 4003 2767 4072 ⁸⁸⁸⁸,
2810 4003 3095 4061 Uodonem
3126 4007 3218 4038 ¹⁹⁶⁹
3256 4009 3638 4063 marchionem
3675 4010 3821 4081 regi-

2203 4097 2417 4152 obviam
2440 4097 2494 4151 in
2517 4092 2847 4168 Gerstingun
2870 4097 3168 4167 miserunt,
3203 4100 3403 4155 obnixe
3444 4100 3798 4170 postulantes

2203 4198 2319 4245 uta
2350 4189 2517 4244 latere
2559 4204 2662 4244 suo
2698 4190 2974 4260 principes
3001 4204 3143 4260 quos
3177 4192 3338 4247 vellet
3374 4192 3440 4247 ad
3483 4208 3583 4248 eos
3605 4192 3798 4247 trans-

2205 4282 2474 4347 mitteret;
2508 4280 2728 4351 paratos
2755 4294 2814 4335 se
2834 4323 2848 4347 ,
2873 4280 3074 4336 collato
3103 4299 3227 4338 cum
3254 4284 3335 4339 eis
3369 4284 3603 4339 consilio
3622 4327 3637 4350 ,
3668 4299 3796 4339 om—

2203 4374 2365 4428 nibus
2402 4388 2526 4443 quaa
2554 4372 2704 4443 justa
2754 4372 2865 4428 sint
2904 4373 2996 4406 ’⁵⁷⁸
3038 4371 3449 4445 promptissime
3496 4383 3797 4431 assensum

2203 4465 2462 4536 prmbere.
2502 4463 2707 4518 Abnuit
2747 4468 3026 4532 rex,'nec
3068 4466 3345 4536 principes
3385 4480 3520 4522 suos
3565 4467 3638 4522 de
3678 4475 3797 4521 tam

2206 4557 2430 4612 remotis
2459 4557 2609 4629 regni
2631 4557 2881 4627 partibus
2909 4558 2976 4612 ad
3020 4559 3318 4615 sententias
3353 4560 3617 4615 dicendas
3656 4575 3801 4616 con-

2207 4654 2449 4719 ﬂuxisse,
2488 4652 2583 4708 sed
2620 4660 2681 4707 ut
2710 4669 2876 4708 manu
2900 4653 3123 4709 militari
3150 4655 3219 4709 ab
3246 4655 3501 4712 hostibus
3534 4670 3799 4710 commu-

2208 4758 2306 4802 nes
2333 4745 2412 4801 rei
2434 4746 2666 4815 publicae
2705 4746 2937 4817 injurias
2972 4749 3400 4816 expostularent.
3442 4746 3549 4804 Sed
3585 4764 3717 4804 cum
3746 4749 3800 4803 ei

2210 4840 2315 4894 hoc
2356 4840 2449 4894 vix
2486 4846 2540 4894 et
2578 4852 2721 4909 aegre
2762 4838 3088 4909 supplicatio
3116 4841 3420 4912 legatorum
3443 4842 3798 4907 extorsisset,

938 5045 942 5049 1
1792 4966 2025 5025 vanu:
2061 4964 2459 5027 LECTIONES.

710 5066 1002 5162 99:11.12:
1037 5066 1593 5162 gmgﬁrst‘imgupé
1625 5144 1649 5162 ρ
1673 5076 2638 5162 ‘minternecionem}.qut‘swpigs.
2697 5083 2810 5162 "ff
2881 5083 3011 5162 ipso
3030 5087 3081 5143 5.
3162 5088 3252 5161 ἐν
3279 5091 3491 5145 deerit.
3572 5093 3802 5149 ""lui-

519 5136 677 5166 “43n-
710 5138 725 5166 ξ
781 5139 1004 5166 ..Λ-ηιξκιε
1037 5139 1067 5166 Β
1166 5140 1257 5166 ιβιη
1293 5151 1339 5166 ..Α
1380 5136 1445 5166 ι“’
1503 5145 1593 5166 ιιι.
1625 5144 1795 5166 Β.--,ΑΑι
1829 5149 1861 5166 ν
1961 5136 2052 5166 ιη.
2081 5151 2095 5164 I
2121 5151 2133 5163 ο
