4050 5358
219 298 352 376 ὶιοιῗ

1467 314 1807 374 ANNALES.
1840 348 1908 362 η-
1933 312 2045 373 AN.
2084 312 2237 376 1075.

3354 312 3489 409 ll98

214 435 399 491 nullus
436 442 559 492 erat
594 444 660 491 ex
698 424 1074 508 principibus,
1119 434 1214 507 qui
1259 449 1326 491 eo
1368 451 1600 492 munere
1648 434 1800 507 fungi
1829 436 1874 492 A
1901 436 1972 491 tis
1997 437 2277 491 Saxonum
2302 436 2675 502 moderentur,
2702 434 2777 490 ita
2808 434 2899 467 ⁸⁸⁷⁸
2923 433 3148 491 calicem
3170 433 3317 491 hunc
3346 435 3488 492 fellis

212 527 581 595 consentiret,
624 528 857 598 singulis
904 528 1158 587 videlicet
1198 528 1557 593 timentibus,
1606 542 1676 583 ne
1715 528 1802 583 vel

211 610 355 689 apud
390 634 573 690 regem
598 620 838 689 perﬁdia:
866 628 1208 687 notarentur,
1226 619 1274 675 si
1300 620 1433 691 quid
1474 620 1531 674 in
1555 618 1802 695 Saxones

210 709 533 767 clementius
552 719 814 782 agerent,
840 711 927 768 vel
958 712 1106 782 apud
1122 710 1369 768 Saxones
1397 711 1666 767 mendacii
1688 701 1800 766 erid-

213 800 358 856 mine
386 800 820 871 infamarentur,
859 803 909 859 si
933 803 1153 859 veniam
1192 803 1275 858 eis
1316 802 1545 859 admissi
1579 801 1803 873 pollice-

210 898 402 949 rentur
429 891 542 958 "7‘,
582 908 750 963 quam
771 893 1154 973 incunctanter
1183 895 1389 950 scirent
1415 894 1623 949 nullam
1648 908 1744 951 eos
1769 908 1802 949 a

212 997 339 1053 rege
366 991 768 1041 consecuturos
798 984 942 1057 (θοι.
967 985 1083 1057 24).
1117 984 1324 1041 Triduo
1354 986 1411 1040 in
1438 985 1544 1041 hac
1568 992 1800 1041 cuncta-

211 1072 361 1129 tione
396 1084 675 1133 cessatum
706 1085 791 1133 est
809 1118 824 1142 ,
848 1060 1044 1149 legatis
1074 1077 1301 1134 assiduo
1325 1078 1585 1133 euntibus
1620 1092 1689 1157 ac
1710 1092 1799 1132 re-

210 1164 505 1222 denntibus
546 1174 711 1238 atque
762 1168 819 1223 in
854 1169 1047 1235 eadem
1072 1169 1241 1225 verba
1270 1169 1413 1241 regis
1455 1178 1511 1225 et
1552 1169 1802 1225 omnium

211 1258 522 1330 principum
561 1272 725 1317 aures
755 1261 1207 1323 obtundentibus.
1248 1259 1360 1317 Nec
1387 1269 1676 1333 propterea
1705 1277 1802 1317 rex

208 1347 604 1419 profectionem
628 1351 866 1419 distulit,
898 1353 993 1411 sed
1017 1352 1291 1409 instructo
1316 1352 1581 1418 exercitu,
1609 1353 1801 1422 pracla-

208 1439 285 1498 tis
310 1443 644 1500 militaribus
672 1443 844 1515 signis
862 1485 879 1511 ,
906 1444 1057 1502 lento
1081 1443 1305 1501 cottidie
1330 1444 1503 1514 gradu
1523 1483 1539 1511 ,
1570 1442 1625 1499 in
1656 1444 1800 1499 ulte-

211 1532 360 1588 riora
406 1536 840 1605 populabundus
881 1536 1263 1593 contendebat.
1311 1526 1553 1592 Tandem
1595 1526 1811 1607 placuit.

1903 534 1957 583 et
1980 526 2238 582 absinthii
2271 526 2289 599 (
2318 525 2505 583 Tln'en.
2548 544 2645 595 ιιι,
2685 526 2788 599 19)
2820 526 3088 582 misceant
3115 535 3171 583 et
3199 528 3491 599 propincnt

1906 606 2219 674 Sasonibus
2241 660 2256 685 ,
2284 627 2345 674 ut
2373 619 2477 675 sibi
2516 635 2738 691 quoque
2774 618 2938 691 paulo
2962 628 3088 690 post
3110 620 3341 676 eundem
3374 637 3489 676 me-

1904 704 2164 787 minerint
2187 726 2310 766 esse
2335 702 2654 768 bibendum.
2678 708 2748 766 Se
2768 712 2905 783 jam,
2931 711 3105 774 incisa
3138 727 3253 782 spe,
3280 712 3487 769 omissa

1901 795 2158 871 deinceps
2201 791 2396 857 salutis
2432 802 2668 873 propria:
2704 809 2872 870 cura,
2903 798 3009 859 hoc
3043 800 3275 858 firmiter
3301 804 3488 860 animo

1903 891 2163 949 statuisse
2198 901 2290 961 ut,
2315 894 2576 965 quicquid
2608 892 2688 951 illi
2722 895 2993 966 agendum
3038 898 3334 964 censeant,
3357 913 3489 952 sua-

1902 982 2099 1051 deant,
2145 984 2410 1055 jubeant,
2459 985 2842 1049 incunctanter
2890 993 3083 1060 agant,
3123 1004 3225 1045 nec
3259 997 3487 1045 suarum

1902 1075 2141 1145 partium
2183 1077 2364 1134 studio
2399 1076 2679 1147 patiantur
2720 1078 2952 1135 ulterius
2992 1080 3170 1136 tocius
3199 1072 3279 1136 rei
3307 1080 3488 1152 publi-

1902 1181 1980 1225 cae
2007 1176 2210 1224 statum
2237 1159 2552 1240 periclitari.
2592 1162 2675 1224 Ad
2713 1170 2832 1226 haec
2879 1158 2956 1225 illi
2982 1172 3383 1243 responderunt
3427 1187 3489 1228 se

1902 1268 2129 1315 causam
2153 1302 2169 1327 ,
2207 1278 2317 1333 qua
2343 1262 2582 1332 primum
2627 1254 2893 1318 adversus
2936 1278 3119 1335 regem
3162 1280 3315 1320 arma
3341 1276 3490 1321 sum-

1900 1350 2114 1423 pserint
2136 1393 2152 1420 ,
2201 1368 2313 1409 non
2366 1353 2663 1410 admodum
2710 1354 3020 1425 improbare
3040 1396 3056 1423 ,
3116 1371 3219 1412 nec
3269 1357 3487 1428 placere

1902 1440 2006 1497 sibi
2034 1443 2371 1500 obstinatum
2399 1446 2467 1500 ad
2505 1444 2802 1516 perniciem
2831 1461 3024 1501 eorum
3062 1447 3206 1518 regis
3235 1448 3484 1504 animum

1901 1541 1956 1590 et
1982 1526 2474 1619 pertinaxqodium;
2499 1537 2846 1595 consensisse
2868 1545 3050 1592 tamen
3076 1538 3131 1593 in
3160 1539 3266 1594 hoc
3293 1554 3485 1595 omnes

210 1624 356 1679 mitti
381 1627 449 1681 ad
470 1643 566 1683 eos
591 1626 971 1699 Mogontinum
1000 1627 1497 1697 archiepiscopum,
1534 1626 1797 1684 Salzbur-
1901 1626 2054 1699 regni
2083 1628 2378 1701 principes,
2401 1629 2467 1685 de
2495 1634 2761 1701 usurpato
2785 1629 2840 1684 in
2870 1644 2930 1684 re
2959 1629 3176 1700 publica
3205 1644 3350 1686 novo
3378 1631 3486 1686 hoc

207 1730 433 1785 gensem
484 1719 959 1789 archiepiscopum
1016 1718 1191 1791 (406),
1230 1717 1633 1790 Augustensem
1687 1719 1802 1791 epi-
1836 1770 1878 1791 π
1901 1725 1957 1773 et
1980 1720 2168 1776 multis
2193 1729 2342 1776 retro
2382 1722 2583 1779 seculis
2630 1721 2876 1777 inaudito
2906 1720 3149 1778 facinore
3176 1737 3287 1776 non
3329 1723 3478 1778 aliter

210 1794 632 1883 scopnm(407),
658 1810 1163 1882 Wirciburgensem
1191 1810 1801 1883 “"episcopum(408),
1837 1794 1879 1825 ⁸³
1905 1810 2021 1882 regi
2069 1811 2157 1869 vel
2199 1801 2281 1870 rei
2324 1814 2557 1884 publica:
2584 1829 2748 1885 posse
2794 1813 3071 1882 satisﬁeri,
3121 1829 3288 1886 quam
3337 1821 3399 1870 ιιι
3426 1830 3488 1871 se

206 1908 263 1955 et
290 1916 418 1956 cum
444 1903 534 1961 his
558 1904 754 1959 ducem
780 1902 1110 1960 Gozelonem
1131 1902 1245 1969 ⁸⁵⁷³,
1268 1903 1427 1973 cujus
1451 1904 1804 1974 potissimum
1904 1901 2110 1972 absque
2137 1890 2248 1961 ulla
2275 1894 2594 1975 exceptione
2622 1906 2851 1973 dedant;
2883 1906 2988 1962 sibi
3015 1914 3219 1975 autem,
3244 1920 3482 1976 quorum

207 1992 264 2046 in
295 2007 357 2047 ea
404 1995 750 2064 expeditione
788 1995 1091 2051 auctoritas
1130 1995 1380 2063 valebat,
1417 1987 1473 2051 et
1500 1996 1557 2051 in
1582 2010 1648 2052 eo
1678 2011 1801 2052 oni-
1903 1994 2009 2050 hoc
2038 1995 2128 2028 ¹⁸⁷⁹
2154 1997 2386 2054 consilio
2440 2005 2605 2072 agant
2635 1997 2758 2065 "8°,
2783 2014 2930 2054 curae
2948 1989 3202 2054 futurum
3248 2006 3311 2054 ut
3346 1996 3483 2053 nihil

206 2085 382 2164 nium.
405 2102 530 2156 quae
565 2087 776 2159 agenda
818 2095 980 2142 erant
1019 2102 1234 2143 summa
1273 2093 1330 2142 et
1356 2087 1523 2144 cardo
1550 2088 1801 2143 verteba-
1902 2102 1970 2142 ex
1997 2086 2101 2143 hac
2127 2088 2435 2158 dedicione,
2463 2090 2611 2161 quod
2638 2090 2801 2146 saluti
2841 2105 3058 2157 eorum,
3087 2091 3235 2161 quod
3261 2091 3479 2156 honori,

202 2181 322 2246 tur,
351 2193 452 2248 pro
474 2194 541 2234 eo
568 2179 736 2249 quod,
770 2179 897 2234 licet
930 2186 1140 2235 statura
1172 2179 1407 2248 pusillus
1434 2186 1490 2235 et
1506 2180 1672 2252 gibbo
1711 2180 1803 2237 dc—
1901 2179 2049 2248 quod
2080 2180 2159 2235 rei
2204 2178 2462 2237 familiari
2507 2182 2735 2250 ofﬁciat,
2785 2182 3156 2252 experiantur.
3205 2182 3482 2238 Adversus

200 2268 407 2328 formis
437 2270 529 2304 ¹⁸⁷⁴
565 2278 751 2337 esset,
806 2278 990 2326 tamen
1039 2287 1206 2342 opum
1251 2271 1425 2341 gloria
1462 2281 1517 2326 et
1564 2272 1801 2345 militum

199 2362 638 2421 lectissimorum
674 2363 832 2434 copia
852 2404 867 2431 ,
898 2371 1018 2418 tum
1047 2362 1331 2433 sapientiae
1356 2371 1413 2418 et
1447 2364 1653 2434 eloquii
1680 2380 1797 2420 ma-

202 2456 454 2520 turitate,
479 2454 678 2511 ceteris
698 2455 1038 2526 principibus
1064 2471 1232 2526 quam
1260 2455 1562 2525 plurimum
1587 2458 1798 2513 emine-

202 2548 322 2604 bat.
356 2545 471 2602 llos
497 2546 746 2618 quinque
778 2546 1106 2603 nominatim
1145 2548 1216 2605 ad
1260 2547 1603 2619 colloquium
1635 2565 1797 2606 suum

207 2638 463 2695 Saxones
485 2639 849 2710 expetierant,
877 2640 1026 2710 quod
1055 2640 1159 2695 hos
1190 2640 1651 2696 constantissimae
1672 2642 1795 2698 fidei

204 2740 262 2786 et
292 2726 544 2787 veritatis
583 2746 709 2787 esse
741 2740 1154 2803 compererant,
1183 2741 1240 2788 et
1266 2733 1528 2804 quicquid
1567 2733 1623 2788 bi
1664 2749 1794 2804 spo-

204 2823 564 2893 pondissent,
591 2833 770 2879 ratum
799 2823 919 2880 fore
943 2825 1080 2881 haut
1109 2823 1278 2881 dubio
1304 2826 1619 2881 credebant.
1634 2826 1797 2882 Cum-

206 2929 316 2985 que
347 2915 404 2969 in
423 2924 604 2971 castra
630 2915 911 2972 Saxonum
941 2918 1240 2984 venissent,
1262 2918 1536 2988 provoluti
1564 2918 1794 2990 pedibus

205 3021 403 3062 eorum
451 3008 723 3078 principes
774 3007 1027 3066 Saxonis:
1070 3011 1198 3076 "7‘,
1237 3010 1653 3069 obtestabantur
1696 3028 1795 3082 per

1901 2270 2043 2326 hanc
2069 2287 2259 2329 vocem
2306 2274 2655 2352 vehementer
2695 2272 2979 2353 infremuit
3014 2275 3213 2347 vulgus
3255 2262 3484 2331 Saxoni-

1900 2378 2062 2430 cum;
2091 2364 2402 2436 durumque
2428 2366 2685 2423 omnibus
2711 2365 2890 2421 visum
2919 2374 3003 2422 est
3028 2374 3083 2421 et
3117 2367 3479 2441 intolerabile,

1899 2454 1950 2510 ei
1989 2454 2079 2487 ¹⁵⁸¹
2136 2456 2421 2529 sanguinis
2476 2457 2563 2513 sui
2613 2457 2709 2527 jus
2767 2465 3205 2530 potestatemque
3247 2457 3479 2529 .facere,

1898 2546 2056 2617 cujus
2087 2537 2178 2581 ηδ’
2221 2548 2559 2606 crudelitatis
2609 2557 2723 2604 tam
2771 2550 2918 2605 clara
2965 2550 3235 2621 cepissent
3275 2550 3485 2622 experi-

1897 2647 2116 2707 menta;
2147 2640 2242 2711 qui
2271 2648 2398 2711 post
2417 2640 2869 2711 depopulationes
2891 2628 3206 2713 Thuringiaa
3231 2650 3286 2697 et
3315 2642 3482 2697 Saxo—

1896 2729 2034 2798 nise,
2063 2740 2189 2802 post
2216 2731 2389 2787 multa
2431 2730 2721 2787 hominum
2768 2730 2921 2786 milia
2949 2731 3042 2763 "“
3080 2747 3256 2801 caesa,
3300 2728 3481 2788 adhuc

1896 2822 2115 2893 spirans
2164 2823 2440 2879 minarum
2489 2831 2543 2879 et
2586 2823 2783 2890 aedis,
2820 2823 3007 2880 omnia
3045 2824 3335 2881 adversum
3384 2839 3481 2880 eos

1896 2915 2086 2977 mundi
2113 2930 2281 2987 regna
2308 2915 2665 2982 concitasset;
2696 2915 2855 2986 cujus
2881 2915 3179 2972 iracundiae
3204 2915 3261 2972 in
3290 2931 3483 2973 secun-

1893 3005 1979 3063 dis
2005 3008 2172 3064 rebus
2202 3022 2313 3063 non
2340 3008 2516 3079 pietas
2533 3050 2549 3076 ,
2575 3022 2685 3064 non
2715 3007 3023 3076 miseratio,
3053 3020 3166 3065 non
3191 3006 3321 3077 Dei,
3368 3023 3479 3065 non

206 3099 384 3157 Deum
443 3109 505 3156 ut
533 3101 862 3158 calamitatis
890 3116 1084 3158 eorum
1107 3102 1523 3171 misererentur,
1550 3117 1691 3173 quos
1717 3120 1799 3160 re-
1823 3110 1866 3167 c
1898 3100 2186 3158 hominum
2249 3094 2534 3172 respectus
2585 3116 2850 3172 umquam
2904 3100 3130 3157 modum
3184 3099 3476 3167 fecissent;

204 3192 290 3264 gis
319 3193 670 3250 inclementia
700 3202 757 3249 et
781 3193 960 3266 primo
996 3195 1062 3250 ad
1096 3195 1407 3252 audendum
1434 3194 1525 3227 ³⁸⁷⁸
1551 3196 1657 3252 hoc
1682 3197 1788 3251 im-

204 3301 371 3342 mane
393 3284 608 3342 facinus
629 3286 900 3358 coegisset
922 3294 977 3342 et
1005 3302 1152 3343 nunc
1180 3288 1357 3344 victos
1376 3297 1432 3343 et
1457 3303 1595 3358 pene
1614 3304 1791 3359 usque

204 3376 276 3433 ad
305 3377 717 3433 internitionem
742 3377 950 3434 deletos
987 3378 1056 3434 ad
1075 3379 1322 3436 exitiales
1344 3380 1623 3436 cruciatus
1638 3379 1792 3441 insa-

203 3471 385 3527 tiabili
409 3471 536 3526 odio
569 3471 907 3541 deposceret.
932 3470 1090 3539 Quod
1124 3472 1171 3527 si
1208 3472 1441 3544 legibus,
1476 3470 1524 3528 si
1542 3472 1789 3543 judiciis,

204 3563 255 3617 si
286 3576 443 3618 more
477 3563 752 3633 majorum
780 3562 1152 3619 innocentiam
1195 3579 1352 3620 suam
1388 3579 1638 3620 asserere
1667 3581 1792 3636 per:

205 3653 522 3721 mittantur,
550 3652 711 3711 facile
740 3655 952 3711 crimen
978 3655 1261 3723 refellant,
1286 3664 1344 3713 et
1377 3672 1437 3713 se
1454 3665 1707 3727 acceptas
1735 3658 1793 3723 in

204 3742 542 3818 Gerstingun
588 3747 741 3818 pacis
781 3747 1126 3804 conditiones
1167 3749 1319 3805 nullo
1352 3748 1609 3819 deinceps
1652 3766 1791 3807 ausu

205 3840 503 3894 temerario
524 3838 761 3913 violasse
783 3839 1034 3910 probent,
1052 3841 1136 3896 vel
1158 3841 1205 3897 si
1235 3841 1468 3912 probare
1495 3850 1789 3912 nequeant,

204 3944 405 4000 prenas
429 3973 444 3997 ,
486 3947 625 4001 quas
663 3932 811 4003 leges
845 3939 902 3987 et
947 3935 1087 3988 scita
1122 3933 1397 4003 majorum
1431 3933 1488 3991 in
1527 3934 1792 3990 similium

205 4023 502 4080 criminum
546 4040 670 4081 reos
706 4023 1027 4092 sanxerint,
1057 4026 1368 4096 persolvere
1389 4041 1501 4083 non
1525 4026 1788 4083 abnuant.

205 4110 370 4172 Nunc
393 4115 484 4148 ’⁸⁷⁷
508 4132 640 4172 vero
669 4131 814 4173 novo
838 4117 1177 4174 crudelitatis
1197 4133 1396 4190 genere
1410 4118 1793 4176 innocentibus

205 4206 495 4264 refellendi
541 4208 792 4264 criminis
827 4209 1043 4279 copiam
1080 4224 1191 4266 non
1232 4210 1391 4278 dari,
1429 4211 1791 4281 piscationem

207 4314 322 4354 non
356 4298 555 4370 recipi,
592 4297 1024 4375 satisfactionem
1061 4317 1173 4357 non
1216 4302 1461 4369 admitti,
1499 4304 1596 4359 sed
1624 4304 1793 4359 semel

205 4398 489 4460 concepta:
528 4390 922 4463 indignationis
948 4392 1102 4448 virus
1134 4393 1210 4448 ita
1247 4393 1468 4463 penitus
1492 4394 1620 4450 imis
1647 4393 1796 4455 inser-

204 4481 360 4539 disse
385 4482 718 4551 visceribus,
748 4492 810 4539 ut
840 4498 953 4540 non
980 4484 1089 4539 alio
1119 4485 1479 4541 medicamine
1503 4498 1671 4557 quam
1707 4495 1791 4542 to-

205 4573 332 4630 cius
388 4571 673 4631 Saxonicae
736 4576 916 4647 gentis
963 4576 1292 4632 exterminio
1347 4577 1535 4633 sedari
1589 4578 1787 4634 valeat.

205 4662 447 4721 Proinde
471 4665 693 4721 videant
711 4667 816 4738 ipsi
839 4708 855 4735 ,
881 4683 1154 4725 memores
1176 4669 1545 4726 humanarum
1571 4678 1755 4727 rerum
1773 4712 1788 4738 ,

205 4770 278 4812 ne
303 4754 447 4812 forte
470 4747 776 4827 pestilentis
810 4759 977 4831 hujus
1000 4760 1234 4831 exempli
1255 4762 1571 4832 contagium
1593 4804 1609 4830 ,
1635 4778 1791 4819 sum-

155 4839 159 4844 ’
204 4855 302 4917 pto
329 4847 401 4903 ab
426 4849 735 4906 Saxonibus
760 4852 1005 4918 exordio,
1029 4860 1242 4908 ceteros
1269 4853 1434 4908 etiam
1463 4854 1793 4925 quandoque

204 4938 368 5013 regni
386 4940 662 5012 principes
688 4941 920 5014 inliciat;
950 4951 1007 5000 et
1027 4944 1103 4999 ita
1127 4959 1273 5003 nunc
1301 4941 1617 5002 infelicibus
1636 4960 1796 5001 even-

1891 3193 2067 3259 satius
2086 3193 2187 3239 ³⁵⁸⁸
2221 3192 2327 3250 sibi
2356 3192 2477 3249 fore
2522 3201 2604 3260 ut,
2648 3207 2807 3265 aequo
2849 3193 3149 3250 certamine
3174 3192 3477 3266 congressi,

1893 3301 2046 3341 more
2073 3285 2321 3342 virorum
2348 3283 2577 3359 fortium
2604 3284 2914 3341 moriantur
2939 3284 2997 3339 in
3025 3283 3190 3352 bello,
3221 3299 3389 3363 quam
3418 3292 3481 3338 ut

1892 3378 1949 3433 in
1974 3378 2154 3435 exiliis
2192 3384 2249 3433 et
2274 3376 2587 3433 carceribus
2626 3376 3051 3446 ritu'pecudum
3082 3376 3174 3408 ⁸⁸⁸⁸
3212 3376 3474 3447 jugulati,

1892 3470 2184 3527 ridiculum
2202 3469 2455 3526 hostibus
2466 3468 2583 3524 suis
2603 3466 2974 3539 spectaculum
2991 3468 3287 3539 praebeant.
3303 3467 3479 3538 Econ-

1892 3571 1976 3619 tra
2000 3563 2077 3618 illi
2107 3562 2301 3619 sedulo
2329 3561 2629 3629 instabant,
2660 3559 3014 3631 deprecantes
3039 3567 3104 3615 ut
3141 3560 3477 3639 salutaribus

1890 3655 2117 3714 monitis
2165 3653 2617 3726 adquiescerent,
2665 3666 2845 3723 neque
2891 3650 3155 3723 exiguum
3216 3650 3481 3709 Saxoniei
3532 3712 3535 3713 ν

1891 3748 2161 3816 nominis,
2190 3746 2337 3818 quod
2365 3745 2500 3802 caedi
2527 3759 2593 3802 ac
2630 3743 3042 3816 depopulationi
3082 3742 3476 3815 superfuisset,

1890 3857 2032 3897 vana
2059 3839 2441 3912 desperatione
2465 3835 2739 3910 perditum
2777 3836 2945 3903 irent;
2976 3849 3036 3892 se
3053 3876 3070 3904 ,
3108 3836 3156 3892 si
3182 3836 3368 3893 minus
3395 3851 3457 3893 sa

1890 3933 2024 3991 lutis
2050 3947 2242 3990 eorum
2261 3970 2279 4000 ,
2326 3938 2385 3989 at
2408 3930 2645 4002 propriae
2670 3927 3093 3985 existimationis
3140 3943 3334 3984 curam
3360 3943 3457 3997 per

1892 4025 2189 4082 maximam
2217 4023 2439 4091 habere,
2468 4022 2564 4094 qui
2591 4019 2837 4093 profecto
2864 4020 3136 4076 maculam
3159 4019 3264 4074 sibi
3293 4026 3348 4074 et
3376 4017 3458 4074 cri

1893 4134 2041 4187 men,
2068 4117 2220 4173 nulla
2234 4115 2491 4185 deinceps
2512 4121 2692 4180 aetate,
2718 4111 2866 4167 nulla
2885 4110 3089 4184 virtute
3111 4110 3441 4166 abolendum
3456 4149 3473 4175 ,

1892 4210 2300 4274 contraherent,
2340 4206 2389 4262 si
2418 4205 2511 4238 ¹⁸⁸⁰
2546 4203 2674 4261 ﬁdei
2712 4217 2829 4260 suae
2855 4202 3093 4258 creditos
3129 4201 3473 4273 adversitatis

1894 4302 2221 4373 cujusquam
2266 4297 2353 4352 vel
2394 4296 2530 4352 levis
2586 4309 2722 4351 aura
2766 4293 3196 4365 perstringeret;
3247 4293 3472 4367 proinde

1895 4395 2073 4449 ituros
2094 4406 2152 4446 se
2175 4390 2243 4445 ad
2264 4403 2470 4460 regem,
2496 4395 2552 4443 et
2578 4387 2626 4444 si
2650 4393 2771 4442 tuto
2798 4385 2960 4451 fidem
2978 4384 3190 4452 dicere,
3232 4391 3352 4455 tuto
3388 4400 3460 4439 ve

1899 4485 2046 4541 niam
2073 4479 2319 4553 polliceri
2344 4485 2591 4549 possent,
2637 4483 3047 4547 comperturos,
3072 4482 3128 4530 et
3166 4490 3291 4546 quae
3330 4489 3455 4531 com

1898 4584 2052 4649 perta
2077 4573 2328 4639 fuissent,
2355 4570 2445 4628 die
2480 4579 2699 4648 postera
2723 4566 3162 4624 renunciaturos.
3202 4565 3319 4622 Rex
3343 4580 3467 4639 gra'

1898 4668 2109 4726 tissime
2134 4665 2421 4738 amplexus
2445 4663 2596 4734 pacis
2609 4659 3025 4735 conventionem
3040 4699 3056 4726 ,
3085 4658 3367 4730 promisit,
3394 4665 3470 4725 et,

1899 4761 2044 4817 sicut
2080 4760 2301 4831 vulgata
2320 4816 2323 4819 λ
2343 4756 2400 4811 in
2431 4754 2699 4825 plurimos
2744 4750 2892 4807 fama
2922 4751 3276 4831 loquebatur,
3306 4749 3472 4804 etiam

1889 4850 2276 4924 jusjurandum
2295 4847 2464 4913 dedit,
2487 4844 2620 4899 nihil
2643 4859 2702 4900 se
2727 4842 2784 4898 in
2808 4856 2925 4909 eos,
2956 4842 3002 4896 si
3024 4841 3193 4896 dediti
3219 4836 3473 4902 fuissent,

1894 4952 2093 5013 praeter
2144 4942 2484 5001 voluntatem
2529 4943 2586 4993 et
2625 4934 2951 4993 sententiam
2996 4939 3252 5001 acturum
3281 4942 3476 4984 eorum

1532 5098 1757 5189 VARLE
1796 5097 2209 5185 LECTIONESr
