  <div class='ocr_page' id='page_1' title='image "/cluster/home/n/w/nwhite01/storage/ocr_20150623/146/hvd.32044015471832/609.png"; bbox 0 0 4050 5358; ppageno 0'>
   <div class='ocr_carea' id='block_1_1' title="bbox 564 358 702 413">
    <p class='ocr_par' dir='ltr' id='par_1_1' title="bbox 564 358 702 413">
     <span class='ocr_line' id='line_1_1' title="bbox 564 358 702 413; baseline 0.007 -1"><span class='ocrx_word' id='word_1_1' title='bbox 564 358 702 413; x_wconf 77' lang='grc'>1199</span> 
     </span>
    </p>
   </div>
   <div class='ocr_carea' id='block_1_2' title="bbox 1689 353 2631 415">
    <p class='ocr_par' dir='ltr' id='par_1_2' title="bbox 1689 353 2631 415">
     <span class='ocr_line' id='line_1_2' title="bbox 1689 353 2631 415; baseline -0.004 0"><span class='ocrx_word' id='word_1_2' title='bbox 1689 356 2038 415; x_wconf 65' lang='grc' dir='ltr'><strong>ιΑΜΒΕιὶΤι</strong></span> <span class='ocrx_word' id='word_1_3' title='bbox 2072 353 2631 411; x_wconf 78' lang='lat' dir='ltr'><strong>HERSFELDENSIS</strong></span> 
     </span>
    </p>
   </div>
   <div class='ocr_carea' id='block_1_3' title="bbox 3608 351 3806 407">
    <p class='ocr_par' dir='ltr' id='par_1_3' title="bbox 3608 351 3806 407">
     <span class='ocr_line' id='line_1_3' title="bbox 3608 351 3806 407; baseline -0.005 0"><span class='ocrx_word' id='word_1_4' title='bbox 3608 351 3806 407; x_wconf 71' lang='grc'>-1200</span> 
     </span>
    </p>
   </div>
   <div class='ocr_carea' id='block_1_4' title="bbox 562 428 3810 539">
    <p class='ocr_par' dir='ltr' id='par_1_4' title="bbox 562 428 3810 539">
     <span class='ocr_line' id='line_1_4' title="bbox 562 428 3810 539; baseline 0.005 -17"><span class='ocrx_word' id='word_1_5' title='bbox 562 484 802 539; x_wconf 88' lang='lat' dir='ltr'><strong>quorum</strong></span> <span class='ocrx_word' id='word_1_6' title='bbox 829 483 992 538; x_wconf 81' lang='lat' dir='ltr'><strong>opera</strong></span> <span class='ocrx_word' id='word_1_7' title='bbox 1018 474 1071 522; x_wconf 87' lang='lat' dir='ltr'><strong>et</strong></span> <span class='ocrx_word' id='word_1_8' title='bbox 1096 428 1361 526; x_wconf 78' lang='lat' dir='ltr'><strong>beneficio</strong></span> <span class='ocrx_word' id='word_1_9' title='bbox 1387 436 1669 526; x_wconf 82' lang='lat' dir='ltr'><strong>incruenta</strong></span> <span class='ocrx_word' id='word_1_10' title='bbox 1696 470 1799 527; x_wconf 92' lang='lat' dir='ltr'><strong>sibi</strong></span> <span class='ocrx_word' id='word_1_11' title='bbox 1832 473 1946 526; x_wconf 57' lang='lat' dir='ltr'><strong>haec</strong></span> <span class='ocrx_word' id='word_1_12' title='bbox 1971 470 2139 526; x_wconf 86' lang='lat' dir='ltr'><strong>vieto—</strong></span> <span class='ocrx_word' id='word_1_13' title='bbox 2165 468 2213 524; x_wconf 83' lang='lat' dir='ltr'><strong>A</strong></span> <span class='ocrx_word' id='word_1_14' title='bbox 2238 466 2321 536; x_wconf 70' lang='grc' dir='ltr'><strong>εἰει</strong></span> <span class='ocrx_word' id='word_1_15' title='bbox 2347 508 2362 532; x_wconf 81' lang='lat'><strong>.</strong></span> <span class='ocrx_word' id='word_1_16' title='bbox 2428 465 2715 535; x_wconf 76' lang='lat' dir='ltr'><strong>Ruodeser</strong></span> <span class='ocrx_word' id='word_1_17' title='bbox 2777 463 2868 495; x_wconf 71' lang='grc'><strong>⁸⁸⁸⁸</strong></span> <span class='ocrx_word' id='word_1_18' title='bbox 2922 463 3070 535; x_wconf 59' lang='grc' dir='ltr'>(4η)</span> <span class='ocrx_word' id='word_1_19' title='bbox 3097 506 3112 531; x_wconf 71' lang='grc' dir='ltr'><strong>ν</strong></span> <span class='ocrx_word' id='word_1_20' title='bbox 3161 462 3320 519; x_wconf 64' lang='lat' dir='ltr'><strong>Sin&quot;</strong></span> <span class='ocrx_word' id='word_1_21' title='bbox 3360 464 3510 536; x_wconf 69' lang='lat'><strong>(“5)</strong></span> <span class='ocrx_word' id='word_1_22' title='bbox 3535 505 3551 533; x_wconf 78' lang='grc' dir='ltr'>ι</span> <span class='ocrx_word' id='word_1_23' title='bbox 3614 463 3810 520; x_wconf 63' lang='lat' dir='ltr'><strong>Rem&quot;</strong></span> 
     </span>
    </p>
   </div>
   <div class='ocr_carea' id='block_1_5' title="bbox 562 556 2136 633">
    <p class='ocr_par' dir='ltr' id='par_1_5' title="bbox 562 556 2136 633">
     <span class='ocr_line' id='line_1_5' title="bbox 562 556 2136 633; baseline 0.003 -20"><span class='ocrx_word' id='word_1_24' title='bbox 562 560 646 613; x_wconf 89' lang='lat' dir='ltr'><strong>ria</strong></span> <span class='ocrx_word' id='word_1_25' title='bbox 694 556 991 629; x_wconf 81' lang='lat' dir='ltr'><strong>obtigisset.</strong></span> <span class='ocrx_word' id='word_1_26' title='bbox 1023 558 1207 631; x_wconf 81' lang='lat' dir='ltr'><strong>Saepe</strong></span> <span class='ocrx_word' id='word_1_27' title='bbox 1257 562 1392 615; x_wconf 89' lang='lat' dir='ltr'><strong>itum</strong></span> <span class='ocrx_word' id='word_1_28' title='bbox 1440 577 1506 616; x_wconf 90' lang='lat' dir='ltr'><strong>ac</strong></span> <span class='ocrx_word' id='word_1_29' title='bbox 1549 562 1781 621; x_wconf 86' lang='lat' dir='ltr'><strong>reditum</strong></span> <span class='ocrx_word' id='word_1_30' title='bbox 1829 570 1931 616; x_wconf 83' lang='lat' dir='ltr'><strong>est.</strong></span> <span class='ocrx_word' id='word_1_31' title='bbox 1984 561 2136 633; x_wconf 57' lang='lat' dir='ltr'><strong>Saepe</strong></span> 
     </span>
    </p>
   </div>
   <div class='ocr_carea' id='block_1_6' title="bbox 567 640 2138 723">
    <p class='ocr_par' dir='ltr' id='par_1_6' title="bbox 567 640 2138 723">
     <span class='ocr_line' id='line_1_6' title="bbox 567 640 2138 723; baseline 0.001 -19"><span class='ocrx_word' id='word_1_32' title='bbox 567 647 829 715; x_wconf 76' lang='lat' dir='ltr'><strong>Saxones,</strong></span> <span class='ocrx_word' id='word_1_33' title='bbox 865 648 1098 705; x_wconf 90' lang='lat' dir='ltr'><strong>refutato</strong></span> <span class='ocrx_word' id='word_1_34' title='bbox 1145 651 1448 707; x_wconf 86' lang='lat' dir='ltr'><strong>dedicionis</strong></span> <span class='ocrx_word' id='word_1_35' title='bbox 1486 653 1737 719; x_wconf 91' lang='lat' dir='ltr'><strong>consilio,</strong></span> <span class='ocrx_word' id='word_1_36' title='bbox 1785 667 1937 707; x_wconf 89' lang='lat' dir='ltr'><strong>arma</strong></span> <span class='ocrx_word' id='word_1_37' title='bbox 1979 640 2138 723; x_wconf 82' lang='lat' dir='ltr'><strong>expe-</strong></span> 
     </span>
    </p>
   </div>
   <div class='ocr_carea' id='block_1_7' title="bbox 563 739 2134 821">
    <p class='ocr_par' dir='ltr' id='par_1_7' title="bbox 563 739 2134 821">
     <span class='ocr_line' id='line_1_7' title="bbox 563 739 2134 821; baseline 0.003 -28"><span class='ocrx_word' id='word_1_38' title='bbox 563 739 670 793; x_wconf 83' lang='lat' dir='ltr'><strong>diri</strong></span> <span class='ocrx_word' id='word_1_39' title='bbox 714 746 878 811; x_wconf 87' lang='lat' dir='ltr'><strong>atque</strong></span> <span class='ocrx_word' id='word_1_40' title='bbox 922 741 976 795; x_wconf 90' lang='lat' dir='ltr'><strong>in</strong></span> <span class='ocrx_word' id='word_1_41' title='bbox 1006 743 1180 797; x_wconf 90' lang='lat' dir='ltr'><strong>aciem</strong></span> <span class='ocrx_word' id='word_1_42' title='bbox 1220 742 1373 814; x_wconf 86' lang='lat' dir='ltr'><strong>signa</strong></span> <span class='ocrx_word' id='word_1_43' title='bbox 1421 743 1601 798; x_wconf 79' lang='lat' dir='ltr'><strong>efferri</strong></span> <span class='ocrx_word' id='word_1_44' title='bbox 1644 744 2134 821; x_wconf 86' lang='lat' dir='ltr'><strong>conclamaverant,</strong></span> 
     </span>
    </p>
   </div>
   <div class='ocr_carea' id='block_1_8' title="bbox 562 829 2137 904">
    <p class='ocr_par' dir='ltr' id='par_1_8' title="bbox 562 829 2137 904">
     <span class='ocr_line' id='line_1_8' title="bbox 562 829 2137 904; baseline 0.003 -19"><span class='ocrx_word' id='word_1_45' title='bbox 562 829 694 901; x_wconf 89' lang='lat' dir='ltr'><strong>dum</strong></span> <span class='ocrx_word' id='word_1_46' title='bbox 720 831 904 887; x_wconf 87' lang='lat' dir='ltr'><strong>omnia</strong></span> <span class='ocrx_word' id='word_1_47' title='bbox 926 831 1030 888; x_wconf 89' lang='lat' dir='ltr'><strong>ﬁde</strong></span> <span class='ocrx_word' id='word_1_48' title='bbox 1050 834 1194 904; x_wconf 88' lang='lat' dir='ltr'><strong>regis</strong></span> <span class='ocrx_word' id='word_1_49' title='bbox 1224 834 1427 893; x_wconf 81' lang='lat' dir='ltr'><strong>tutiora</strong></span> <span class='ocrx_word' id='word_1_50' title='bbox 1457 834 1559 889; x_wconf 88' lang='lat' dir='ltr'><strong>sibi</strong></span> <span class='ocrx_word' id='word_1_51' title='bbox 1583 834 1999 890; x_wconf 80' lang='lat' dir='ltr'><strong>arbitrarentur.</strong></span> <span class='ocrx_word' id='word_1_52' title='bbox 2031 834 2137 890; x_wconf 90' lang='lat' dir='ltr'><strong>Sed</strong></span> 
     </span>
    </p>
   </div>
   <div class='ocr_carea' id='block_1_9' title="bbox 563 909 2139 997">
    <p class='ocr_par' dir='ltr' id='par_1_9' title="bbox 563 909 2139 997">
     <span class='ocr_line' id='line_1_9' title="bbox 563 909 2139 997; baseline 0.003 -22"><span class='ocrx_word' id='word_1_53' title='bbox 563 909 765 978; x_wconf 76' lang='lat' dir='ltr'><strong>Cozelo</strong></span> <span class='ocrx_word' id='word_1_54' title='bbox 791 920 882 956; x_wconf 80' lang='grc'><strong>¹¹⁸⁷</strong></span> <span class='ocrx_word' id='word_1_55' title='bbox 910 924 1020 989; x_wconf 74' lang='lat' dir='ltr'><strong>dux</strong></span> <span class='ocrx_word' id='word_1_56' title='bbox 1045 932 1101 979; x_wconf 89' lang='lat' dir='ltr'><strong>et</strong></span> <span class='ocrx_word' id='word_1_57' title='bbox 1131 926 1225 996; x_wconf 86' lang='lat' dir='ltr'><strong>qui</strong></span> <span class='ocrx_word' id='word_1_58' title='bbox 1257 941 1383 980; x_wconf 89' lang='lat' dir='ltr'><strong>cum</strong></span> <span class='ocrx_word' id='word_1_59' title='bbox 1415 940 1482 981; x_wconf 85' lang='lat' dir='ltr'><strong>eo</strong></span> <span class='ocrx_word' id='word_1_60' title='bbox 1519 926 1787 997; x_wconf 52' lang='lat' dir='ltr'><strong>erant?“m</strong></span> <span class='ocrx_word' id='word_1_61' title='bbox 1817 926 1949 983; x_wconf 84' lang='lat' dir='ltr'><strong>satis</strong></span> <span class='ocrx_word' id='word_1_62' title='bbox 1987 927 2139 997; x_wconf 86' lang='lat' dir='ltr'><strong>impi—</strong></span> 
     </span>
    </p>
   </div>
   <div class='ocr_carea' id='block_1_10' title="bbox 563 999 2139 1087">
    <p class='ocr_par' dir='ltr' id='par_1_10' title="bbox 563 999 2139 1087">
     <span class='ocr_line' id='line_1_10' title="bbox 563 999 2139 1087; baseline 0.001 -19"><span class='ocrx_word' id='word_1_63' title='bbox 563 1029 691 1084; x_wconf 81' lang='lat' dir='ltr'><strong>gros</strong></span> <span class='ocrx_word' id='word_1_64' title='bbox 720 1029 779 1069; x_wconf 90' lang='lat' dir='ltr'><strong>se</strong></span> <span class='ocrx_word' id='word_1_65' title='bbox 805 999 1170 1070; x_wconf 83' lang='lat' dir='ltr'><strong>exhibuerunt</strong></span> <span class='ocrx_word' id='word_1_66' title='bbox 1212 1017 1461 1087; x_wconf 81' lang='lat' dir='ltr'><strong>negorio,</strong></span> <span class='ocrx_word' id='word_1_67' title='bbox 1504 1024 1559 1071; x_wconf 91' lang='lat' dir='ltr'><strong>et</strong></span> <span class='ocrx_word' id='word_1_68' title='bbox 1605 1015 1918 1072; x_wconf 84' lang='lat' dir='ltr'><strong>ferocientis</strong></span> <span class='ocrx_word' id='word_1_69' title='bbox 1962 1010 2139 1072; x_wconf 89' lang='lat' dir='ltr'><strong>multi-</strong></span> 
     </span>
    </p>
   </div>
   <div class='ocr_carea' id='block_1_11' title="bbox 564 1096 2139 1164">
    <p class='ocr_par' dir='ltr' id='par_1_11' title="bbox 564 1096 2139 1164">
     <span class='ocr_line' id='line_1_11' title="bbox 564 1096 2139 1164; baseline 0.004 -6"><span class='ocrx_word' id='word_1_70' title='bbox 564 1096 770 1160; x_wconf 82' lang='lat' dir='ltr'><strong>tudinis</strong></span> <span class='ocrx_word' id='word_1_71' title='bbox 810 1106 1101 1161; x_wconf 85' lang='lat' dir='ltr'><strong>tumultum</strong></span> <span class='ocrx_word' id='word_1_72' title='bbox 1143 1122 1289 1162; x_wconf 91' lang='lat' dir='ltr'><strong>nunc</strong></span> <span class='ocrx_word' id='word_1_73' title='bbox 1340 1107 1503 1163; x_wconf 87' lang='lat' dir='ltr'><strong>minis</strong></span> <span class='ocrx_word' id='word_1_74' title='bbox 1558 1123 1704 1163; x_wconf 91' lang='lat' dir='ltr'><strong>nunc</strong></span> <span class='ocrx_word' id='word_1_75' title='bbox 1755 1107 2139 1164; x_wconf 79' lang='lat' dir='ltr'><strong>blandimentis</strong></span> 
     </span>
    </p>
   </div>
   <div class='ocr_carea' id='block_1_12' title="bbox 565 1182 2137 1270">
    <p class='ocr_par' dir='ltr' id='par_1_12' title="bbox 565 1182 2137 1270">
     <span class='ocr_line' id='line_1_12' title="bbox 565 1182 2137 1270; baseline 0.003 -20"><span class='ocrx_word' id='word_1_76' title='bbox 565 1182 1016 1267; x_wconf 79' lang='lat' dir='ltr'><strong>comprimebant;</strong></span> <span class='ocrx_word' id='word_1_77' title='bbox 1064 1199 1413 1269; x_wconf 81' lang='lat' dir='ltr'><strong>pollicentes,</strong></span> <span class='ocrx_word' id='word_1_78' title='bbox 1461 1207 1535 1266; x_wconf 86' lang='lat' dir='ltr'><strong>et,</strong></span> <span class='ocrx_word' id='word_1_79' title='bbox 1570 1199 1697 1269; x_wconf 87' lang='lat' dir='ltr'><strong>quia</strong></span> <span class='ocrx_word' id='word_1_80' title='bbox 1738 1200 1917 1255; x_wconf 90' lang='lat' dir='ltr'><strong>verbis</strong></span> <span class='ocrx_word' id='word_1_81' title='bbox 1945 1215 2137 1270; x_wconf 86' lang='lat' dir='ltr'><strong>parum</strong></span> 
     </span>
    </p>
   </div>
   <div class='ocr_carea' id='block_1_13' title="bbox 565 1286 2139 1360">
    <p class='ocr_par' dir='ltr' id='par_1_13' title="bbox 565 1286 2139 1360">
     <span class='ocr_line' id='line_1_13' title="bbox 565 1286 2139 1360; baseline 0.004 -20"><span class='ocrx_word' id='word_1_82' title='bbox 565 1286 689 1343; x_wconf 90' lang='lat' dir='ltr'><strong>ﬁdei</strong></span> <span class='ocrx_word' id='word_1_83' title='bbox 714 1296 852 1354; x_wconf 90' lang='lat' dir='ltr'><strong>erat,</strong></span> <span class='ocrx_word' id='word_1_84' title='bbox 888 1290 1053 1343; x_wconf 88' lang='lat' dir='ltr'><strong>etiam</strong></span> <span class='ocrx_word' id='word_1_85' title='bbox 1079 1291 1182 1345; x_wconf 90' lang='lat' dir='ltr'><strong>sub</strong></span> <span class='ocrx_word' id='word_1_86' title='bbox 1210 1290 1569 1360; x_wconf 82' lang='lat' dir='ltr'><strong>jurejurando</strong></span> <span class='ocrx_word' id='word_1_87' title='bbox 1595 1290 2001 1358; x_wconf 76' lang='lat' dir='ltr'><strong>continuantes,</strong></span> <span class='ocrx_word' id='word_1_88' title='bbox 2030 1307 2139 1346; x_wconf 92' lang='lat' dir='ltr'><strong>non</strong></span> 
     </span>
    </p>
   </div>
   <div class='ocr_carea' id='block_1_14' title="bbox 566 1363 2142 1452">
    <p class='ocr_par' dir='ltr' id='par_1_14' title="bbox 566 1363 2142 1452">
     <span class='ocr_line' id='line_1_14' title="bbox 566 1363 2142 1452; baseline 0.005 -21"><span class='ocrx_word' id='word_1_89' title='bbox 566 1363 779 1444; x_wconf 83' lang='lat' dir='ltr'><strong>salutis,</strong></span> <span class='ocrx_word' id='word_1_90' title='bbox 811 1394 921 1433; x_wconf 88' lang='lat' dir='ltr'><strong>non</strong></span> <span class='ocrx_word' id='word_1_91' title='bbox 953 1380 1239 1447; x_wconf 83' lang='lat' dir='ltr'><strong>libertatis,</strong></span> <span class='ocrx_word' id='word_1_92' title='bbox 1270 1397 1376 1436; x_wconf 90' lang='lat' dir='ltr'><strong>non</strong></span> <span class='ocrx_word' id='word_1_93' title='bbox 1414 1382 1741 1452; x_wconf 70' lang='lat' dir='ltr'><strong>praediorum</strong></span> <span class='ocrx_word' id='word_1_94' title='bbox 1761 1425 1775 1447; x_wconf 94' lang='lat'><strong>,</strong></span> <span class='ocrx_word' id='word_1_95' title='bbox 1807 1394 1915 1438; x_wconf 87' lang='lat' dir='ltr'><strong>n0n</strong></span> <span class='ocrx_word' id='word_1_96' title='bbox 1943 1384 2142 1440; x_wconf 87' lang='lat' dir='ltr'><strong>beneﬁ-</strong></span> 
     </span>
    </p>
   </div>
   <div class='ocr_carea' id='block_1_15' title="bbox 566 1469 2141 1545">
    <p class='ocr_par' dir='ltr' id='par_1_15' title="bbox 566 1469 2141 1545">
     <span class='ocr_line' id='line_1_15' title="bbox 566 1469 2141 1545; baseline 0.004 -22"><span class='ocrx_word' id='word_1_97' title='bbox 566 1469 799 1537; x_wconf 88' lang='lat' dir='ltr'><strong>ciorum,</strong></span> <span class='ocrx_word' id='word_1_98' title='bbox 828 1486 939 1525; x_wconf 92' lang='lat' dir='ltr'><strong>non</strong></span> <span class='ocrx_word' id='word_1_99' title='bbox 967 1480 1161 1528; x_wconf 76' lang='lat' dir='ltr'><strong>ceterae</strong></span> <span class='ocrx_word' id='word_1_100' title='bbox 1204 1473 1592 1542; x_wconf 78' lang='lat' dir='ltr'><strong>suppellectilis</strong></span> <span class='ocrx_word' id='word_1_101' title='bbox 1616 1488 1730 1530; x_wconf 67' lang='lat' dir='ltr'><strong>sua:</strong></span> <span class='ocrx_word' id='word_1_102' title='bbox 1752 1475 1918 1530; x_wconf 81' lang='lat' dir='ltr'><strong>ullam</strong></span> <span class='ocrx_word' id='word_1_103' title='bbox 1948 1490 2043 1530; x_wconf 91' lang='lat' dir='ltr'><strong>eos</strong></span> <span class='ocrx_word' id='word_1_104' title='bbox 2061 1474 2141 1545; x_wconf 89' lang='lat' dir='ltr'><strong>ja-</strong></span> 
     </span>
    </p>
   </div>
   <div class='ocr_carea' id='block_1_16' title="bbox 567 1563 2140 1635">
    <p class='ocr_par' dir='ltr' id='par_1_16' title="bbox 567 1563 2140 1635">
     <span class='ocr_line' id='line_1_16' title="bbox 567 1563 2140 1635; baseline 0.006 -22"><span class='ocrx_word' id='word_1_105' title='bbox 567 1569 778 1615; x_wconf 87' lang='lat' dir='ltr'><strong>cturam</strong></span> <span class='ocrx_word' id='word_1_106' title='bbox 825 1577 1123 1631; x_wconf 90' lang='lat' dir='ltr'><strong>sensuros,</strong></span> <span class='ocrx_word' id='word_1_107' title='bbox 1174 1564 1290 1630; x_wconf 89' lang='lat' dir='ltr'><strong>scd,</strong></span> <span class='ocrx_word' id='word_1_108' title='bbox 1340 1572 1630 1635; x_wconf 83' lang='lat' dir='ltr'><strong>postquam</strong></span> <span class='ocrx_word' id='word_1_109' title='bbox 1659 1563 1852 1621; x_wconf 82' lang='lat' dir='ltr'><strong>faciem</strong></span> <span class='ocrx_word' id='word_1_110' title='bbox 1900 1566 2042 1635; x_wconf 84' lang='lat' dir='ltr'><strong>regis</strong></span> <span class='ocrx_word' id='word_1_111' title='bbox 2087 1575 2140 1623; x_wconf 91' lang='lat' dir='ltr'><strong>et</strong></span> 
     </span>
    </p>
   </div>
   <div class='ocr_carea' id='block_1_17' title="bbox 567 1651 2140 1728">
    <p class='ocr_par' dir='ltr' id='par_1_17' title="bbox 567 1651 2140 1728">
     <span class='ocr_line' id='line_1_17' title="bbox 567 1651 2140 1728; baseline 0.004 -24"><span class='ocrx_word' id='word_1_112' title='bbox 567 1651 720 1720; x_wconf 81' lang='lat' dir='ltr'><strong>regni</strong></span> <span class='ocrx_word' id='word_1_113' title='bbox 744 1653 1084 1721; x_wconf 87' lang='lat' dir='ltr'><strong>majestatem</strong></span> <span class='ocrx_word' id='word_1_114' title='bbox 1120 1664 1500 1710; x_wconf 85' lang='lat' dir='ltr'><strong>momentanea</strong></span> <span class='ocrx_word' id='word_1_115' title='bbox 1526 1654 1897 1712; x_wconf 85' lang='lat' dir='ltr'><strong>satisfactione</strong></span> <span class='ocrx_word' id='word_1_116' title='bbox 1929 1657 2140 1728; x_wconf 88' lang='lat' dir='ltr'><strong>magni-</strong></span> 
     </span>
    </p>
   </div>
   <div class='ocr_carea' id='block_1_18' title="bbox 569 1744 2139 1818">
    <p class='ocr_par' dir='ltr' id='par_1_18' title="bbox 569 1744 2139 1818">
     <span class='ocr_line' id='line_1_18' title="bbox 569 1744 2139 1818; baseline 0.005 -21"><span class='ocrx_word' id='word_1_117' title='bbox 569 1744 842 1810; x_wconf 86' lang='lat' dir='ltr'><strong>ﬁcassent,</strong></span> <span class='ocrx_word' id='word_1_118' title='bbox 889 1746 1070 1799; x_wconf 86' lang='lat' dir='ltr'><strong>statim</strong></span> <span class='ocrx_word' id='word_1_119' title='bbox 1116 1747 1397 1802; x_wconf 91' lang='lat' dir='ltr'><strong>dedicione</strong></span> <span class='ocrx_word' id='word_1_120' title='bbox 1437 1747 1800 1804; x_wconf 87' lang='lat' dir='ltr'><strong>absolvendos</strong></span> <span class='ocrx_word' id='word_1_121' title='bbox 1843 1754 1897 1803; x_wconf 87' lang='lat' dir='ltr'><strong>et</strong></span> <span class='ocrx_word' id='word_1_122' title='bbox 1946 1750 2139 1818; x_wconf 64' lang='lat' dir='ltr'><strong>patriae</strong></span> 
     </span>
    </p>
   </div>
   <div class='ocr_carea' id='block_1_19' title="bbox 566 1835 2137 1907">
    <p class='ocr_par' dir='ltr' id='par_1_19' title="bbox 566 1835 2137 1907">
     <span class='ocr_line' id='line_1_19' title="bbox 566 1835 2137 1907; baseline 0.006 -19"><span class='ocrx_word' id='word_1_123' title='bbox 566 1835 930 1907; x_wconf 83' lang='lat' dir='ltr'><strong>libertatique,</strong></span> <span class='ocrx_word' id='word_1_124' title='bbox 962 1838 1017 1892; x_wconf 88' lang='lat' dir='ltr'><strong>in</strong></span> <span class='ocrx_word' id='word_1_125' title='bbox 1047 1838 1208 1894; x_wconf 88' lang='lat' dir='ltr'><strong>nullis</strong></span> <span class='ocrx_word' id='word_1_126' title='bbox 1234 1838 1521 1893; x_wconf 83' lang='lat' dir='ltr'><strong>imminuto</strong></span> <span class='ocrx_word' id='word_1_127' title='bbox 1546 1838 1649 1893; x_wconf 87' lang='lat' dir='ltr'><strong>sibi</strong></span> <span class='ocrx_word' id='word_1_128' title='bbox 1674 1839 2003 1896; x_wconf 86' lang='lat' dir='ltr'><strong>conditionis</strong></span> <span class='ocrx_word' id='word_1_129' title='bbox 2025 1857 2137 1897; x_wconf 72' lang='lat' dir='ltr'><strong>sua:</strong></span> 
     </span>
    </p>
   </div>
   <div class='ocr_carea' id='block_1_20' title="bbox 569 1927 2135 2001">
    <p class='ocr_par' dir='ltr' id='par_1_20' title="bbox 569 1927 2135 2001">
     <span class='ocr_line' id='line_1_20' title="bbox 569 1927 2135 2001; baseline 0.004 -21"><span class='ocrx_word' id='word_1_130' title='bbox 569 1933 733 1994; x_wconf 88' lang='lat' dir='ltr'><strong>statu,</strong></span> <span class='ocrx_word' id='word_1_131' title='bbox 760 1927 1123 1984; x_wconf 80' lang='lat' dir='ltr'><strong>restituendos</strong></span> <span class='ocrx_word' id='word_1_132' title='bbox 1147 1944 1286 1985; x_wconf 84' lang='lat' dir='ltr'><strong>esse.</strong></span> <span class='ocrx_word' id='word_1_133' title='bbox 1320 1927 1437 1984; x_wconf 86' lang='lat' dir='ltr'><strong>Non</strong></span> <span class='ocrx_word' id='word_1_134' title='bbox 1463 1930 1648 1997; x_wconf 86' lang='lat' dir='ltr'><strong>verba,</strong></span> <span class='ocrx_word' id='word_1_135' title='bbox 1669 1946 1778 1986; x_wconf 92' lang='lat' dir='ltr'><strong>non</strong></span> <span class='ocrx_word' id='word_1_136' title='bbox 1804 1930 2135 2001; x_wconf 83' lang='lat' dir='ltr'><strong>juramenta,</strong></span> 
     </span>
    </p>
   </div>
   <div class='ocr_carea' id='block_1_21' title="bbox 568 2020 2137 2092">
    <p class='ocr_par' dir='ltr' id='par_1_21' title="bbox 568 2020 2137 2092">
     <span class='ocr_line' id='line_1_21' title="bbox 568 2020 2137 2092; baseline 0.004 -21"><span class='ocrx_word' id='word_1_137' title='bbox 568 2032 678 2073; x_wconf 92' lang='lat' dir='ltr'><strong>non</strong></span> <span class='ocrx_word' id='word_1_138' title='bbox 711 2020 1103 2089; x_wconf 87' lang='lat' dir='ltr'><strong>promissiones</strong></span> <span class='ocrx_word' id='word_1_139' title='bbox 1131 2021 1253 2075; x_wconf 68' lang='lat' dir='ltr'><strong>ullae</strong></span> <span class='ocrx_word' id='word_1_140' title='bbox 1279 2021 1615 2092; x_wconf 88' lang='lat' dir='ltr'><strong>principibus</strong></span> <span class='ocrx_word' id='word_1_141' title='bbox 1654 2020 1905 2076; x_wconf 68' lang='lat' dir='ltr'><strong>Saxonim</strong></span> <span class='ocrx_word' id='word_1_142' title='bbox 1933 2030 2137 2078; x_wconf 84' lang='lat' dir='ltr'><strong>metum</strong></span> 
     </span>
    </p>
   </div>
   <div class='ocr_carea' id='block_1_22' title="bbox 567 2108 2135 2187">
    <p class='ocr_par' dir='ltr' id='par_1_22' title="bbox 567 2108 2135 2187">
     <span class='ocr_line' id='line_1_22' title="bbox 567 2108 2135 2187; baseline 0.004 -24"><span class='ocrx_word' id='word_1_143' title='bbox 567 2108 881 2165; x_wconf 86' lang='lat' dir='ltr'><strong>ademerant</strong></span> <span class='ocrx_word' id='word_1_144' title='bbox 904 2129 918 2179; x_wconf 91' lang='lat'><strong>;</strong></span> <span class='ocrx_word' id='word_1_145' title='bbox 944 2111 1062 2178; x_wconf 90' lang='lat' dir='ltr'><strong>sed,</strong></span> <span class='ocrx_word' id='word_1_146' title='bbox 1083 2112 1212 2182; x_wconf 84' lang='lat' dir='ltr'><strong>quia</strong></span> <span class='ocrx_word' id='word_1_147' title='bbox 1235 2128 1334 2168; x_wconf 89' lang='lat' dir='ltr'><strong>nec</strong></span> <span class='ocrx_word' id='word_1_148' title='bbox 1352 2113 1555 2167; x_wconf 86' lang='lat' dir='ltr'><strong>utiliter</strong></span> <span class='ocrx_word' id='word_1_149' title='bbox 1580 2113 1831 2169; x_wconf 88' lang='lat' dir='ltr'><strong>hostibus</strong></span> <span class='ocrx_word' id='word_1_150' title='bbox 1856 2118 2135 2187; x_wconf 81' lang='lat' dir='ltr'><strong>congredi,</strong></span> 
     </span>
    </p>
   </div>
   <div class='ocr_carea' id='block_1_23' title="bbox 568 2202 2138 2275">
    <p class='ocr_par' dir='ltr' id='par_1_23' title="bbox 568 2202 2138 2275">
     <span class='ocr_line' id='line_1_23' title="bbox 568 2202 2138 2275; baseline 0.004 -20"><span class='ocrx_word' id='word_1_151' title='bbox 568 2217 795 2256; x_wconf 88' lang='lat' dir='ltr'><strong>numero</strong></span> <span class='ocrx_word' id='word_1_152' title='bbox 842 2216 907 2257; x_wconf 89' lang='lat' dir='ltr'><strong>ac</strong></span> <span class='ocrx_word' id='word_1_153' title='bbox 949 2202 1151 2258; x_wconf 90' lang='lat' dir='ltr'><strong>virtute</strong></span> <span class='ocrx_word' id='word_1_154' title='bbox 1198 2203 1454 2275; x_wconf 89' lang='lat' dir='ltr'><strong>impares,</strong></span> <span class='ocrx_word' id='word_1_155' title='bbox 1485 2204 1766 2270; x_wconf 85' lang='lat' dir='ltr'><strong>valebant,</strong></span> <span class='ocrx_word' id='word_1_156' title='bbox 1810 2219 1913 2261; x_wconf 90' lang='lat' dir='ltr'><strong>nec</strong></span> <span class='ocrx_word' id='word_1_157' title='bbox 1938 2206 2138 2262; x_wconf 86' lang='lat' dir='ltr'><strong>bellum</strong></span> 
     </span>
    </p>
   </div>
   <div class='ocr_carea' id='block_1_24' title="bbox 564 2292 2141 2364">
    <p class='ocr_par' dir='ltr' id='par_1_24' title="bbox 564 2292 2141 2364">
     <span class='ocr_line' id='line_1_24' title="bbox 564 2292 2141 2364; baseline 0.004 -18"><span class='ocrx_word' id='word_1_158' title='bbox 564 2292 768 2349; x_wconf 90' lang='lat' dir='ltr'><strong>diutius</strong></span> <span class='ocrx_word' id='word_1_159' title='bbox 795 2292 968 2360; x_wconf 89' lang='lat' dir='ltr'><strong>trahi,</strong></span> <span class='ocrx_word' id='word_1_160' title='bbox 1011 2293 1164 2363; x_wconf 89' lang='lat' dir='ltr'><strong>plebe</strong></span> <span class='ocrx_word' id='word_1_161' title='bbox 1203 2294 1295 2326; x_wconf 68' lang='lat'><strong>&quot;&#39;9</strong></span> <span class='ocrx_word' id='word_1_162' title='bbox 1321 2295 1435 2364; x_wconf 90' lang='lat' dir='ltr'><strong>jam</strong></span> <span class='ocrx_word' id='word_1_163' title='bbox 1481 2295 1612 2350; x_wconf 90' lang='lat' dir='ltr'><strong>olim</strong></span> <span class='ocrx_word' id='word_1_164' title='bbox 1659 2295 1821 2351; x_wconf 66' lang='lat' dir='ltr'><strong>taedio</strong></span> <span class='ocrx_word' id='word_1_165' title='bbox 1849 2294 2039 2351; x_wconf 81' lang='lat' dir='ltr'><strong>aﬁ‘ecta</strong></span> <span class='ocrx_word' id='word_1_166' title='bbox 2085 2303 2141 2352; x_wconf 90' lang='lat' dir='ltr'><strong>et</strong></span> 
     </span>
    </p>
   </div>
   <div class='ocr_carea' id='block_1_25' title="bbox 563 2384 2142 2459">
    <p class='ocr_par' dir='ltr' id='par_1_25' title="bbox 563 2384 2142 2459">
     <span class='ocr_line' id='line_1_25' title="bbox 563 2384 2142 2459; baseline 0.004 -22"><span class='ocrx_word' id='word_1_167' title='bbox 563 2384 712 2452; x_wconf 89' lang='lat' dir='ltr'><strong>pacis</strong></span> <span class='ocrx_word' id='word_1_168' title='bbox 738 2384 1121 2454; x_wconf 76' lang='lat' dir='ltr'><strong>recuperanda:</strong></span> <span class='ocrx_word' id='word_1_169' title='bbox 1139 2386 1513 2456; x_wconf 88' lang='lat' dir='ltr'><strong>cupidissima,</strong></span> <span class='ocrx_word' id='word_1_170' title='bbox 1527 2392 1739 2456; x_wconf 89' lang='lat' dir='ltr'><strong>poterat</strong></span> <span class='ocrx_word' id='word_1_171' title='bbox 1764 2405 1778 2441; x_wconf 90' lang='lat'><strong>:</strong></span> <span class='ocrx_word' id='word_1_172' title='bbox 1802 2396 1929 2456; x_wconf 89' lang='lat' dir='ltr'><strong>post</strong></span> <span class='ocrx_word' id='word_1_173' title='bbox 1949 2388 2142 2459; x_wconf 79' lang='lat' dir='ltr'><strong>longas</strong></span> 
     </span>
    </p>
   </div>
   <div class='ocr_carea' id='block_1_26' title="bbox 563 2475 2142 2549">
    <p class='ocr_par' dir='ltr' id='par_1_26' title="bbox 563 2475 2142 2549">
     <span class='ocr_line' id='line_1_26' title="bbox 563 2475 2142 2549; baseline 0.004 -19"><span class='ocrx_word' id='word_1_174' title='bbox 563 2475 998 2544; x_wconf 89' lang='lat' dir='ltr'><strong>deliberationes,</strong></span> <span class='ocrx_word' id='word_1_175' title='bbox 1052 2486 1177 2548; x_wconf 90' lang='lat' dir='ltr'><strong>post</strong></span> <span class='ocrx_word' id='word_1_176' title='bbox 1218 2478 1417 2533; x_wconf 82' lang='lat' dir='ltr'><strong>multas</strong></span> <span class='ocrx_word' id='word_1_177' title='bbox 1464 2478 1960 2549; x_wconf 86' lang='lat' dir='ltr'><strong>tergiversationes,</strong></span> <span class='ocrx_word' id='word_1_178' title='bbox 1985 2480 2142 2536; x_wconf 86' lang='lat' dir='ltr'><strong>lacri-</strong></span> 
     </span>
    </p>
   </div>
   <div class='ocr_carea' id='block_1_27' title="bbox 564 2569 2143 2639">
    <p class='ocr_par' dir='ltr' id='par_1_27' title="bbox 564 2569 2143 2639">
     <span class='ocr_line' id='line_1_27' title="bbox 564 2569 2143 2639; baseline 0.004 -18"><span class='ocrx_word' id='word_1_179' title='bbox 564 2575 776 2623; x_wconf 85' lang='lat' dir='ltr'><strong>mantes</strong></span> <span class='ocrx_word' id='word_1_180' title='bbox 814 2577 977 2639; x_wconf 86' lang='lat' dir='ltr'><strong>atque</strong></span> <span class='ocrx_word' id='word_1_181' title='bbox 1016 2569 1124 2624; x_wconf 87' lang='lat' dir='ltr'><strong>alta</strong></span> <span class='ocrx_word' id='word_1_182' title='bbox 1153 2570 1387 2639; x_wconf 88' lang='lat' dir='ltr'><strong>suspiria</strong></span> <span class='ocrx_word' id='word_1_183' title='bbox 1415 2570 1484 2625; x_wconf 89' lang='lat' dir='ltr'><strong>ab</strong></span> <span class='ocrx_word' id='word_1_184' title='bbox 1511 2569 1639 2626; x_wconf 88' lang='lat' dir='ltr'><strong>imis</strong></span> <span class='ocrx_word' id='word_1_185' title='bbox 1663 2571 1943 2627; x_wconf 84' lang='lat' dir='ltr'><strong>trahentes</strong></span> <span class='ocrx_word' id='word_1_186' title='bbox 1971 2588 2143 2629; x_wconf 74' lang='lat' dir='ltr'><strong>visce-</strong></span> 
     </span>
    </p>
   </div>
   <div class='ocr_carea' id='block_1_28' title="bbox 567 2658 2143 2740">
    <p class='ocr_par' dir='ltr' id='par_1_28' title="bbox 567 2658 2143 2740">
     <span class='ocr_line' id='line_1_28' title="bbox 567 2658 2143 2740; baseline 0.004 -29"><span class='ocrx_word' id='word_1_187' title='bbox 567 2658 740 2726; x_wconf 86' lang='lat' dir='ltr'><strong>ribus,</strong></span> <span class='ocrx_word' id='word_1_188' title='bbox 761 2660 979 2715; x_wconf 87' lang='lat' dir='ltr'><strong>tandem</strong></span> <span class='ocrx_word' id='word_1_189' title='bbox 1006 2660 1273 2740; x_wconf 81' lang='lat' dir='ltr'><strong>dedicioni</strong></span> <span class='ocrx_word' id='word_1_190' title='bbox 1293 2670 1710 2728; x_wconf 88' lang='lat' dir='ltr'><strong>consenserunt,</strong></span> <span class='ocrx_word' id='word_1_191' title='bbox 1726 2670 1780 2717; x_wconf 90' lang='lat' dir='ltr'><strong>et</strong></span> <span class='ocrx_word' id='word_1_192' title='bbox 1806 2661 1966 2718; x_wconf 88' lang='lat' dir='ltr'><strong>ﬁdem</strong></span> <span class='ocrx_word' id='word_1_193' title='bbox 1996 2666 2143 2735; x_wconf 90' lang='lat' dir='ltr'><strong>prin-</strong></span> 
     </span>
    </p>
   </div>
   <div class='ocr_carea' id='block_1_29' title="bbox 565 2749 2142 2825">
    <p class='ocr_par' dir='ltr' id='par_1_29' title="bbox 565 2749 2142 2825">
     <span class='ocr_line' id='line_1_29' title="bbox 565 2749 2142 2825; baseline 0.004 -21"><span class='ocrx_word' id='word_1_194' title='bbox 565 2749 744 2819; x_wconf 92' lang='lat' dir='ltr'><strong>cipum</strong></span> <span class='ocrx_word' id='word_1_195' title='bbox 767 2751 1018 2823; x_wconf 78' lang='lat' dir='ltr'><strong>regisque</strong></span> <span class='ocrx_word' id='word_1_196' title='bbox 1042 2753 1385 2807; x_wconf 83' lang='lat' dir='ltr'><strong>clementiam</strong></span> <span class='ocrx_word' id='word_1_197' title='bbox 1413 2753 1645 2822; x_wconf 79' lang='lat' dir='ltr'><strong>propriae</strong></span> <span class='ocrx_word' id='word_1_198' title='bbox 1674 2754 1868 2811; x_wconf 90' lang='lat' dir='ltr'><strong>salutis</strong></span> <span class='ocrx_word' id='word_1_199' title='bbox 1896 2756 2142 2825; x_wconf 90' lang='lat' dir='ltr'><strong>periculo</strong></span> 
     </span>
    </p>
   </div>
   <div class='ocr_carea' id='block_1_30' title="bbox 564 2842 2142 2917">
    <p class='ocr_par' dir='ltr' id='par_1_30' title="bbox 564 2842 2142 2917">
     <span class='ocr_line' id='line_1_30' title="bbox 564 2842 2142 2917; baseline 0.006 -23"><span class='ocrx_word' id='word_1_200' title='bbox 564 2843 800 2911; x_wconf 81' lang='lat' dir='ltr'><strong>experiri</strong></span> <span class='ocrx_word' id='word_1_201' title='bbox 839 2850 1165 2899; x_wconf 90' lang='lat' dir='ltr'><strong>statuerunt.</strong></span> <span class='ocrx_word' id='word_1_202' title='bbox 1214 2842 1369 2910; x_wconf 84' lang='lat' dir='ltr'><strong>Quod</strong></span> <span class='ocrx_word' id='word_1_203' title='bbox 1405 2845 1499 2898; x_wconf 89' lang='lat' dir='ltr'><strong>ubi</strong></span> <span class='ocrx_word' id='word_1_204' title='bbox 1540 2845 1791 2915; x_wconf 90' lang='lat' dir='ltr'><strong>protinus</strong></span> <span class='ocrx_word' id='word_1_205' title='bbox 1836 2862 1935 2917; x_wconf 91' lang='lat' dir='ltr'><strong>per</strong></span> <span class='ocrx_word' id='word_1_206' title='bbox 1989 2865 2142 2905; x_wconf 38' lang='lat' dir='ltr'><strong>exere</strong></span> 
     </span>
    </p>
   </div>
   <div class='ocr_carea' id='block_1_31' title="bbox 564 2933 2140 3011">
    <p class='ocr_par' dir='ltr' id='par_1_31' title="bbox 564 2933 2140 3011">
     <span class='ocr_line' id='line_1_31' title="bbox 564 2933 2140 3011; baseline 0.004 -25"><span class='ocrx_word' id='word_1_207' title='bbox 564 2933 734 2987; x_wconf 89' lang='lat' dir='ltr'><strong>citum</strong></span> <span class='ocrx_word' id='word_1_208' title='bbox 763 2933 905 3004; x_wconf 86' lang='lat' dir='ltr'><strong>regis</strong></span> <span class='ocrx_word' id='word_1_209' title='bbox 930 2935 1159 2990; x_wconf 87' lang='lat' dir='ltr'><strong>celebris</strong></span> <span class='ocrx_word' id='word_1_210' title='bbox 1206 2950 1395 2990; x_wconf 87' lang='lat' dir='ltr'><strong>rumor</strong></span> <span class='ocrx_word' id='word_1_211' title='bbox 1422 2936 1755 3005; x_wconf 78' lang='lat' dir='ltr'><strong>vulgaverat,</strong></span> <span class='ocrx_word' id='word_1_212' title='bbox 1782 2937 1972 3009; x_wconf 86' lang='lat' dir='ltr'><strong>ingens</strong></span> <span class='ocrx_word' id='word_1_213' title='bbox 2002 2955 2140 3011; x_wconf 80' lang='lat' dir='ltr'><strong>gau-</strong></span> 
     </span>
    </p>
   </div>
   <div class='ocr_carea' id='block_1_32' title="bbox 566 3023 2139 3101">
    <p class='ocr_par' dir='ltr' id='par_1_32' title="bbox 566 3023 2139 3101">
     <span class='ocr_line' id='line_1_32' title="bbox 566 3023 2139 3101; baseline 0.006 -24"><span class='ocrx_word' id='word_1_214' title='bbox 566 3023 715 3077; x_wconf 87' lang='lat' dir='ltr'><strong>dium</strong></span> <span class='ocrx_word' id='word_1_215' title='bbox 732 3065 746 3089; x_wconf 97' lang='lat'><strong>,</strong></span> <span class='ocrx_word' id='word_1_216' title='bbox 775 3026 1068 3082; x_wconf 81' lang='lat' dir='ltr'><strong>vehemens</strong></span> <span class='ocrx_word' id='word_1_217' title='bbox 1090 3035 1207 3081; x_wconf 91' lang='lat' dir='ltr'><strong>erat</strong></span> <span class='ocrx_word' id='word_1_218' title='bbox 1232 3027 1541 3097; x_wconf 81' lang='lat' dir='ltr'><strong>gratulatio,</strong></span> <span class='ocrx_word' id='word_1_219' title='bbox 1572 3030 1832 3099; x_wconf 90' lang='lat' dir='ltr'><strong>omnique</strong></span> <span class='ocrx_word' id='word_1_220' title='bbox 1858 3030 2139 3101; x_wconf 86' lang='lat' dir='ltr'><strong>triumpho</strong></span> 
     </span>
    </p>
   </div>
   <div class='ocr_carea' id='block_1_33' title="bbox 563 3114 2210 3203">
    <p class='ocr_par' dir='ltr' id='par_1_33' title="bbox 563 3114 2210 3203">
     <span class='ocr_line' id='line_1_33' title="bbox 563 3114 2210 3203; baseline 0.008 -37"><span class='ocrx_word' id='word_1_221' title='bbox 563 3114 936 3183; x_wconf 79' lang='lat' dir='ltr'><strong>illustriorem,</strong></span> <span class='ocrx_word' id='word_1_222' title='bbox 964 3116 1219 3172; x_wconf 90' lang='lat' dir='ltr'><strong>omnibus</strong></span> <span class='ocrx_word' id='word_1_223' title='bbox 1247 3118 1436 3187; x_wconf 86' lang='lat' dir='ltr'><strong>spoliis</strong></span> <span class='ocrx_word' id='word_1_224' title='bbox 1456 3117 1777 3188; x_wconf 79' lang='lat' dir='ltr'><strong>opimiorem</strong></span> <span class='ocrx_word' id='word_1_225' title='bbox 1795 3121 2141 3178; x_wconf 61' lang='lat' dir='ltr'><strong>aastimabant</strong></span> <span class='ocrx_word' id='word_1_226' title='bbox 2167 3142 2210 3203; x_wconf 68' lang='grc' dir='ltr'>α</span> 
     </span>
    </p>
   </div>
   <div class='ocr_carea' id='block_1_34' title="bbox 560 3206 2142 3281">
    <p class='ocr_par' dir='ltr' id='par_1_34' title="bbox 560 3206 2142 3281">
     <span class='ocr_line' id='line_1_34' title="bbox 560 3206 2142 3281; baseline 0.009 -22"><span class='ocrx_word' id='word_1_227' title='bbox 560 3206 873 3276; x_wconf 60' lang='grc' dir='ltr'><strong>ἥρωι-ἰωῇ,</strong></span> <span class='ocrx_word' id='word_1_228' title='bbox 901 3209 1049 3281; x_wconf 90' lang='lat' dir='ltr'><strong>quod</strong></span> <span class='ocrx_word' id='word_1_229' title='bbox 1076 3209 1326 3278; x_wconf 89' lang='lat' dir='ltr'><strong>adempta</strong></span> <span class='ocrx_word' id='word_1_230' title='bbox 1348 3210 1449 3266; x_wconf 88' lang='lat' dir='ltr'><strong>sibi</strong></span> <span class='ocrx_word' id='word_1_231' title='bbox 1472 3209 1666 3266; x_wconf 85' lang='lat' dir='ltr'><strong>fuisset</strong></span> <span class='ocrx_word' id='word_1_232' title='bbox 1692 3214 1990 3270; x_wconf 87' lang='lat' dir='ltr'><strong>necessitas</strong></span> <span class='ocrx_word' id='word_1_233' title='bbox 2015 3231 2142 3273; x_wconf 87' lang='lat' dir='ltr'><strong>cum</strong></span> 
     </span>
    </p>
   </div>
   <div class='ocr_carea' id='block_1_35' title="bbox 566 3296 2139 3378">
    <p class='ocr_par' dir='ltr' id='par_1_35' title="bbox 566 3296 2139 3378">
     <span class='ocr_line' id='line_1_35' title="bbox 566 3296 2139 3378; baseline 0.007 -25"><span class='ocrx_word' id='word_1_234' title='bbox 566 3298 655 3354; x_wconf 86' lang='lat' dir='ltr'><strong>his</strong></span> <span class='ocrx_word' id='word_1_235' title='bbox 699 3315 923 3355; x_wconf 91' lang='lat' dir='ltr'><strong>manum</strong></span> <span class='ocrx_word' id='word_1_236' title='bbox 960 3300 1141 3357; x_wconf 90' lang='lat' dir='ltr'><strong>denuo</strong></span> <span class='ocrx_word' id='word_1_237' title='bbox 1168 3296 1505 3370; x_wconf 85' lang='lat' dir='ltr'><strong>conferendi,</strong></span> <span class='ocrx_word' id='word_1_238' title='bbox 1537 3302 1633 3374; x_wconf 90' lang='lat' dir='ltr'><strong>qui</strong></span> <span class='ocrx_word' id='word_1_239' title='bbox 1658 3303 1833 3373; x_wconf 88' lang='lat' dir='ltr'><strong>prima</strong></span> <span class='ocrx_word' id='word_1_240' title='bbox 1879 3321 2139 3378; x_wconf 88' lang='lat' dir='ltr'><strong>congres-</strong></span> 
     </span>
    </p>
   </div>
   <div class='ocr_carea' id='block_1_36' title="bbox 562 3386 2141 3468">
    <p class='ocr_par' dir='ltr' id='par_1_36' title="bbox 562 3386 2141 3468">
     <span class='ocr_line' id='line_1_36' title="bbox 562 3386 2141 3468; baseline 0.006 -22"><span class='ocrx_word' id='word_1_241' title='bbox 562 3390 740 3458; x_wconf 83' lang='lat' dir='ltr'><strong>sione,</strong></span> <span class='ocrx_word' id='word_1_242' title='bbox 770 3386 1021 3448; x_wconf 83' lang='lat' dir='ltr'><strong>extinctis</strong></span> <span class='ocrx_word' id='word_1_243' title='bbox 1065 3407 1204 3463; x_wconf 88' lang='lat' dir='ltr'><strong>pene</strong></span> <span class='ocrx_word' id='word_1_244' title='bbox 1254 3392 1509 3450; x_wconf 87' lang='lat' dir='ltr'><strong>omnibus</strong></span> <span class='ocrx_word' id='word_1_245' title='bbox 1538 3392 1750 3451; x_wconf 71' lang='lat' dir='ltr'><strong>Suevire</strong></span> <span class='ocrx_word' id='word_1_246' title='bbox 1772 3405 1837 3452; x_wconf 89' lang='lat' dir='ltr'><strong>ac</strong></span> <span class='ocrx_word' id='word_1_247' title='bbox 1875 3395 2141 3468; x_wconf 75' lang='lat' dir='ltr'><strong>Bajoarize</strong></span> 
     </span>
    </p>
   </div>
   <div class='ocr_carea' id='block_1_37' title="bbox 561 3483 2142 3549">
    <p class='ocr_par' dir='ltr' id='par_1_37' title="bbox 561 3483 2142 3549">
     <span class='ocr_line' id='line_1_37' title="bbox 561 3483 2142 3549; baseline 0.006 -14"><span class='ocrx_word' id='word_1_248' title='bbox 561 3483 882 3549; x_wconf 88' lang='lat' dir='ltr'><strong>luminibus,</strong></span> <span class='ocrx_word' id='word_1_249' title='bbox 924 3483 1231 3539; x_wconf 90' lang='lat' dir='ltr'><strong>luctuosam</strong></span> <span class='ocrx_word' id='word_1_250' title='bbox 1259 3483 1561 3539; x_wconf 87' lang='lat' dir='ltr'><strong>victoribus</strong></span> <span class='ocrx_word' id='word_1_251' title='bbox 1609 3485 1736 3541; x_wconf 88' lang='lat' dir='ltr'><strong>victi</strong></span> <span class='ocrx_word' id='word_1_252' title='bbox 1765 3487 1972 3543; x_wconf 89' lang='lat' dir='ltr'><strong>cladem</strong></span> <span class='ocrx_word' id='word_1_253' title='bbox 2000 3489 2142 3545; x_wconf 83' lang='lat' dir='ltr'><strong>intu-</strong></span> 
     </span>
    </p>
   </div>
   <div class='ocr_carea' id='block_1_38' title="bbox 557 3573 1603 3631">
    <p class='ocr_par' dir='ltr' id='par_1_38' title="bbox 557 3573 1603 3631">
     <span class='ocr_line' id='line_1_38' title="bbox 557 3573 1603 3631; baseline 0.003 -3"><span class='ocrx_word' id='word_1_254' title='bbox 557 3574 777 3631; x_wconf 86' lang='lat' dir='ltr'><strong>&#39;lissent.</strong></span> <span class='ocrx_word' id='word_1_255' title='bbox 978 3594 982 3601; x_wconf 64' lang='lat'><strong><em>&#39;</em></strong></span> <span class='ocrx_word' id='word_1_256' title='bbox 1598 3573 1603 3580; x_wconf 83' lang='grc'><strong>’</strong></span> 
     </span>
    </p>
   </div>
   <div class='ocr_carea' id='block_1_39' title="bbox 635 3657 2139 3741">
    <p class='ocr_par' dir='ltr' id='par_1_39' title="bbox 635 3657 2139 3741">
     <span class='ocr_line' id='line_1_39' title="bbox 635 3657 2139 3741; baseline 0.006 -20"><span class='ocrx_word' id='word_1_257' title='bbox 635 3665 861 3721; x_wconf 88' lang='lat' dir='ltr'><strong>Postera</strong></span> <span class='ocrx_word' id='word_1_258' title='bbox 888 3657 976 3721; x_wconf 86' lang='lat' dir='ltr'><strong>die</strong></span> <span class='ocrx_word' id='word_1_259' title='bbox 1000 3664 1142 3735; x_wconf 73' lang='grc' dir='ltr'><strong>(οτι.</strong></span> <span class='ocrx_word' id='word_1_260' title='bbox 1170 3666 1264 3737; x_wconf 73' lang='grc'>25)</span> <span class='ocrx_word' id='word_1_261' title='bbox 1305 3683 1404 3723; x_wconf 82' lang='lat' dir='ltr'><strong>rex</strong></span> <span class='ocrx_word' id='word_1_262' title='bbox 1434 3668 1503 3723; x_wconf 88' lang='lat' dir='ltr'><strong>ad</strong></span> <span class='ocrx_word' id='word_1_263' title='bbox 1531 3670 1917 3741; x_wconf 88' lang='lat' dir='ltr'><strong>suscipiendos</strong></span> <span class='ocrx_word' id='word_1_264' title='bbox 1941 3687 2038 3729; x_wconf 89' lang='lat' dir='ltr'><strong>eos</strong></span> <span class='ocrx_word' id='word_1_265' title='bbox 2082 3673 2139 3729; x_wconf 89' lang='lat' dir='ltr'><strong>in</strong></span> 
     </span>
    </p>
   </div>
   <div class='ocr_carea' id='block_1_40' title="bbox 562 3756 2139 3835">
    <p class='ocr_par' dir='ltr' id='par_1_40' title="bbox 562 3756 2139 3835">
     <span class='ocr_line' id='line_1_40' title="bbox 562 3756 2139 3835; baseline 0.008 -25"><span class='ocrx_word' id='word_1_266' title='bbox 562 3756 743 3811; x_wconf 85' lang='lat' dir='ltr'><strong>media</strong></span> <span class='ocrx_word' id='word_1_267' title='bbox 776 3756 866 3788; x_wconf 64' lang='lat'><strong>&quot;9°</strong></span> <span class='ocrx_word' id='word_1_268' title='bbox 904 3756 1011 3811; x_wconf 84' lang='lat' dir='ltr'><strong>late</strong></span> <span class='ocrx_word' id='word_1_269' title='bbox 1039 3758 1275 3826; x_wconf 84' lang='lat' dir='ltr'><strong>patentis</strong></span> <span class='ocrx_word' id='word_1_270' title='bbox 1300 3759 1477 3828; x_wconf 88' lang='lat' dir='ltr'><strong>campi</strong></span> <span class='ocrx_word' id='word_1_271' title='bbox 1517 3759 1746 3829; x_wconf 89' lang='lat' dir='ltr'><strong>planicie</strong></span> <span class='ocrx_word' id='word_1_272' title='bbox 1765 3804 1779 3830; x_wconf 95' lang='lat'><strong>,</strong></span> <span class='ocrx_word' id='word_1_273' title='bbox 1810 3763 1865 3817; x_wconf 91' lang='lat' dir='ltr'><strong>in</strong></span> <span class='ocrx_word' id='word_1_274' title='bbox 1894 3764 2018 3820; x_wconf 91' lang='lat' dir='ltr'><strong>loco</strong></span> <span class='ocrx_word' id='word_1_275' title='bbox 2045 3767 2139 3835; x_wconf 94' lang='lat' dir='ltr'><strong>qui</strong></span> 
     </span>
    </p>
   </div>
   <div class='ocr_carea' id='block_1_41' title="bbox 566 3844 2140 3918">
    <p class='ocr_par' dir='ltr' id='par_1_41' title="bbox 566 3844 2140 3918">
     <span class='ocr_line' id='line_1_41' title="bbox 566 3844 2140 3918; baseline 0.008 -17"><span class='ocrx_word' id='word_1_276' title='bbox 566 3846 767 3901; x_wconf 89' lang='lat' dir='ltr'><strong>dicitur</strong></span> <span class='ocrx_word' id='word_1_277' title='bbox 794 3844 1027 3915; x_wconf 87' lang='lat' dir='ltr'><strong>Spiraba</strong></span> <span class='ocrx_word' id='word_1_278' title='bbox 1073 3847 1220 3918; x_wconf 62' lang='lat'><strong>(409)</strong></span> <span class='ocrx_word' id='word_1_279' title='bbox 1262 3850 1490 3916; x_wconf 84' lang='lat' dir='ltr'><strong>assedit,</strong></span> <span class='ocrx_word' id='word_1_280' title='bbox 1521 3859 1641 3907; x_wconf 88' lang='lat' dir='ltr'><strong>toto</strong></span> <span class='ocrx_word' id='word_1_281' title='bbox 1663 3855 1904 3910; x_wconf 77' lang='lat' dir='ltr'><strong>exemita</strong></span> <span class='ocrx_word' id='word_1_282' title='bbox 1940 3857 2007 3910; x_wconf 88' lang='lat' dir='ltr'><strong>ad</strong></span> <span class='ocrx_word' id='word_1_283' title='bbox 2035 3858 2140 3914; x_wconf 88' lang='lat' dir='ltr'><strong>boc</strong></span> 
     </span>
    </p>
   </div>
   <div class='ocr_carea' id='block_1_42' title="bbox 548 3936 2143 4007">
    <p class='ocr_par' dir='ltr' id='par_1_42' title="bbox 548 3936 2143 4007">
     <span class='ocr_line' id='line_1_42' title="bbox 548 3936 2143 4007; baseline 0.009 -18"><span class='ocrx_word' id='word_1_284' title='bbox 548 3936 937 4005; x_wconf 51' lang='lat' dir='ltr'><strong>&#39;spectaculum</strong></span> <span class='ocrx_word' id='word_1_285' title='bbox 962 3938 1278 3994; x_wconf 88' lang='lat' dir='ltr'><strong>solemniter</strong></span> <span class='ocrx_word' id='word_1_286' title='bbox 1297 3949 1542 4007; x_wconf 84' lang='lat' dir='ltr'><strong>evocato,</strong></span> <span class='ocrx_word' id='word_1_287' title='bbox 1565 3941 1834 3999; x_wconf 85' lang='lat' dir='ltr'><strong>latissimo</strong></span> <span class='ocrx_word' id='word_1_288' title='bbox 1854 3947 1993 4002; x_wconf 86' lang='lat' dir='ltr'><strong>inter</strong></span> <span class='ocrx_word' id='word_1_289' title='bbox 2014 3964 2143 4003; x_wconf 78' lang='lat' dir='ltr'><strong>con-</strong></span> 
     </span>
    </p>
   </div>
   <div class='ocr_carea' id='block_1_43' title="bbox 564 4027 2139 4102">
    <p class='ocr_par' dir='ltr' id='par_1_43' title="bbox 564 4027 2139 4102">
     <span class='ocr_line' id='line_1_43' title="bbox 564 4027 2139 4102; baseline 0.01 -20"><span class='ocrx_word' id='word_1_290' title='bbox 564 4027 820 4099; x_wconf 88' lang='lat' dir='ltr'><strong>stipatam</strong></span> <span class='ocrx_word' id='word_1_291' title='bbox 870 4028 1271 4085; x_wconf 80' lang='lat' dir='ltr'><strong>multitudinem</strong></span> <span class='ocrx_word' id='word_1_292' title='bbox 1310 4039 1540 4087; x_wconf 81' lang='lat' dir='ltr'><strong>vacante</strong></span> <span class='ocrx_word' id='word_1_293' title='bbox 1587 4035 1819 4102; x_wconf 86' lang='lat' dir='ltr'><strong>spacio;</strong></span> <span class='ocrx_word' id='word_1_294' title='bbox 1868 4038 1962 4093; x_wconf 90' lang='lat' dir='ltr'><strong>ubi</strong></span> <span class='ocrx_word' id='word_1_295' title='bbox 2006 4040 2139 4096; x_wconf 90' lang='lat' dir='ltr'><strong>dum</strong></span> 
     </span>
    </p>
   </div>
   <div class='ocr_carea' id='block_1_44' title="bbox 563 4120 2143 4198">
    <p class='ocr_par' dir='ltr' id='par_1_44' title="bbox 563 4120 2143 4198">
     <span class='ocr_line' id='line_1_44' title="bbox 563 4120 2143 4198; baseline 0.008 -24"><span class='ocrx_word' id='word_1_296' title='bbox 563 4120 937 4190; x_wconf 85' lang='lat' dir='ltr'><strong>procederent,</strong></span> <span class='ocrx_word' id='word_1_297' title='bbox 985 4121 1166 4176; x_wconf 90' lang='lat' dir='ltr'><strong>tocius</strong></span> <span class='ocrx_word' id='word_1_298' title='bbox 1209 4121 1482 4178; x_wconf 78' lang='lat' dir='ltr'><strong>exercitus</strong></span> <span class='ocrx_word' id='word_1_299' title='bbox 1530 4125 1704 4181; x_wconf 88' lang='lat' dir='ltr'><strong>oculis</strong></span> <span class='ocrx_word' id='word_1_300' title='bbox 1731 4129 2011 4198; x_wconf 87' lang='lat' dir='ltr'><strong>conspicui</strong></span> <span class='ocrx_word' id='word_1_301' title='bbox 2064 4130 2143 4187; x_wconf 90' lang='lat' dir='ltr'><strong>fo-</strong></span> 
     </span>
    </p>
   </div>
   <div class='ocr_carea' id='block_1_45' title="bbox 564 4208 2141 4283">
    <p class='ocr_par' dir='ltr' id='par_1_45' title="bbox 564 4208 2141 4283">
     <span class='ocr_line' id='line_1_45' title="bbox 564 4208 2141 4283; baseline 0.009 -17"><span class='ocrx_word' id='word_1_302' title='bbox 564 4217 706 4266; x_wconf 89' lang='lat' dir='ltr'><strong>rent.</strong></span> <span class='ocrx_word' id='word_1_303' title='bbox 735 4208 907 4281; x_wconf 82' lang='lat' dir='ltr'><strong>Igitur</strong></span> <span class='ocrx_word' id='word_1_304' title='bbox 936 4210 1361 4267; x_wconf 89' lang='lat' dir='ltr'><strong>introducuntur</strong></span> <span class='ocrx_word' id='word_1_305' title='bbox 1386 4228 1484 4283; x_wconf 85' lang='lat' dir='ltr'><strong>per</strong></span> <span class='ocrx_word' id='word_1_306' title='bbox 1510 4212 1759 4270; x_wconf 90' lang='lat' dir='ltr'><strong>ordinem</strong></span> <span class='ocrx_word' id='word_1_307' title='bbox 1789 4217 2039 4277; x_wconf 68' lang='lat' dir='ltr'><strong>Saxoniaa</strong></span> <span class='ocrx_word' id='word_1_308' title='bbox 2076 4239 2141 4281; x_wconf 87' lang='lat' dir='ltr'><strong>ac</strong></span> 
     </span>
    </p>
   </div>
   <div class='ocr_carea' id='block_1_46' title="bbox 565 4299 2143 4377">
    <p class='ocr_par' dir='ltr' id='par_1_46' title="bbox 565 4299 2143 4377">
     <span class='ocr_line' id='line_1_46' title="bbox 565 4299 2143 4377; baseline 0.008 -22"><span class='ocrx_word' id='word_1_309' title='bbox 565 4299 880 4373; x_wconf 71' lang='lat' dir='ltr'><strong>Thuringiae</strong></span> <span class='ocrx_word' id='word_1_310' title='bbox 900 4302 1079 4371; x_wconf 91' lang='lat' dir='ltr'><strong>primo</strong></span> <span class='ocrx_word' id='word_1_311' title='bbox 1105 4303 1377 4373; x_wconf 85' lang='lat' dir='ltr'><strong>principes</strong></span> <span class='ocrx_word' id='word_1_312' title='bbox 1418 4305 1588 4377; x_wconf 74' lang='grc'>(410),</span> <span class='ocrx_word' id='word_1_313' title='bbox 1634 4306 1806 4363; x_wconf 84' lang='lat' dir='ltr'><strong>Wezil</strong></span> <span class='ocrx_word' id='word_1_314' title='bbox 1838 4312 1928 4344; x_wconf 78' lang='grc'><strong>²⁰⁹¹</strong></span> <span class='ocrx_word' id='word_1_315' title='bbox 1969 4317 2143 4371; x_wconf 89' lang='lat' dir='ltr'><strong>archi-</strong></span> 
     </span>
    </p>
   </div>
   <div class='ocr_carea' id='block_1_47' title="bbox 564 4391 2142 4472">
    <p class='ocr_par' dir='ltr' id='par_1_47' title="bbox 564 4391 2142 4472">
     <span class='ocr_line' id='line_1_47' title="bbox 564 4391 2142 4472; baseline 0.01 -25"><span class='ocrx_word' id='word_1_316' title='bbox 564 4391 849 4462; x_wconf 83' lang='lat' dir='ltr'><strong>episcopus</strong></span> <span class='ocrx_word' id='word_1_317' title='bbox 864 4391 1395 4467; x_wconf 80' lang='lat' dir='ltr'><strong>Magadaburgensis,</strong></span> <span class='ocrx_word' id='word_1_318' title='bbox 1411 4395 1591 4453; x_wconf 84' lang='lat' dir='ltr'><strong>Bucco</strong></span> <span class='ocrx_word' id='word_1_319' title='bbox 1614 4400 1901 4472; x_wconf 84' lang='lat' dir='ltr'><strong>episc0pus</strong></span> <span class='ocrx_word' id='word_1_320' title='bbox 1925 4403 2142 4462; x_wconf 84' lang='lat' dir='ltr'><strong>Halber-</strong></span> 
     </span>
    </p>
   </div>
   <div class='ocr_carea' id='block_1_48' title="bbox 2234 553 3808 626">
    <p class='ocr_par' dir='ltr' id='par_1_48' title="bbox 2234 553 3808 626">
     <span class='ocr_line' id='line_1_48' title="bbox 2234 553 3808 626; baseline -0.001 -16"><span class='ocrx_word' id='word_1_321' title='bbox 2234 572 2332 626; x_wconf 83' lang='lat' dir='ltr'><strong>ger</strong></span> <span class='ocrx_word' id='word_1_322' title='bbox 2359 556 2453 589; x_wconf 83' lang='grc'><strong>¹⁸⁹⁸</strong></span> <span class='ocrx_word' id='word_1_323' title='bbox 2476 554 2647 626; x_wconf 69' lang='grc'>(414),</span> <span class='ocrx_word' id='word_1_324' title='bbox 2673 553 2833 625; x_wconf 86' lang='lat' dir='ltr'><strong>Bern,</strong></span> <span class='ocrx_word' id='word_1_325' title='bbox 2860 555 3106 622; x_wconf 56' lang='lat' dir='ltr'><strong>comites,</strong></span> <span class='ocrx_word' id='word_1_326' title='bbox 3135 554 3331 610; x_wconf 85' lang='lat' dir='ltr'><strong>deinde</strong></span> <span class='ocrx_word' id='word_1_327' title='bbox 3352 553 3571 626; x_wconf 79' lang='lat' dir='ltr'><strong>ingenui</strong></span> <span class='ocrx_word' id='word_1_328' title='bbox 3596 566 3808 625; x_wconf 81' lang='lat' dir='ltr'><strong>omnes,</strong></span> 
     </span>
    </p>
   </div>
   <div class='ocr_carea' id='block_1_49' title="bbox 2237 644 3815 719">
    <p class='ocr_par' dir='ltr' id='par_1_49' title="bbox 2237 644 3815 719">
     <span class='ocr_line' id='line_1_49' title="bbox 2237 644 3815 719; baseline 0.001 -18"><span class='ocrx_word' id='word_1_329' title='bbox 2237 647 2330 719; x_wconf 89' lang='lat' dir='ltr'><strong>qui</strong></span> <span class='ocrx_word' id='word_1_330' title='bbox 2360 647 2575 718; x_wconf 76' lang='lat' dir='ltr'><strong>generis</strong></span> <span class='ocrx_word' id='word_1_331' title='bbox 2602 646 2686 702; x_wconf 87' lang='lat' dir='ltr'><strong>vel</strong></span> <span class='ocrx_word' id='word_1_332' title='bbox 2713 662 2878 717; x_wconf 90' lang='lat' dir='ltr'><strong>opum</strong></span> <span class='ocrx_word' id='word_1_333' title='bbox 2907 644 3152 701; x_wconf 86' lang='lat' dir='ltr'><strong>claritate</strong></span> <span class='ocrx_word' id='word_1_334' title='bbox 3177 646 3575 717; x_wconf 88' lang='lat' dir='ltr'><strong>aliquantulum</strong></span> <span class='ocrx_word' id='word_1_335' title='bbox 3610 646 3815 703; x_wconf 75' lang='lat' dir='ltr'><strong>emine-</strong></span> 
     </span>
    </p>
   </div>
   <div class='ocr_carea' id='block_1_50' title="bbox 2236 730 3817 809">
    <p class='ocr_par' dir='ltr' id='par_1_50' title="bbox 2236 730 3817 809">
     <span class='ocr_line' id='line_1_50' title="bbox 2236 730 3817 809; baseline 0.001 -15"><span class='ocrx_word' id='word_1_336' title='bbox 2236 740 2369 795; x_wconf 86' lang='lat' dir='ltr'><strong>bant</strong></span> <span class='ocrx_word' id='word_1_337' title='bbox 2408 736 2466 793; x_wconf 86' lang='lat' dir='ltr'><strong>in</strong></span> <span class='ocrx_word' id='word_1_338' title='bbox 2509 739 2739 809; x_wconf 90' lang='lat' dir='ltr'><strong>populo;</strong></span> <span class='ocrx_word' id='word_1_339' title='bbox 2789 745 2864 805; x_wconf 91' lang='lat' dir='ltr'><strong>et,</strong></span> <span class='ocrx_word' id='word_1_340' title='bbox 2896 738 3037 792; x_wconf 89' lang='lat' dir='ltr'><strong>sicut</strong></span> <span class='ocrx_word' id='word_1_341' title='bbox 3077 730 3425 804; x_wconf 79' lang='lat' dir='ltr'><strong>cnnvenerat,</strong></span> <span class='ocrx_word' id='word_1_342' title='bbox 3465 738 3677 808; x_wconf 72' lang='lat' dir='ltr'><strong>absque</strong></span> <span class='ocrx_word' id='word_1_343' title='bbox 3701 736 3817 796; x_wconf 78' lang='lat' dir='ltr'><strong>ulla</strong></span> 
     </span>
    </p>
   </div>
   <div class='ocr_carea' id='block_1_51' title="bbox 2236 820 3816 903">
    <p class='ocr_par' dir='ltr' id='par_1_51' title="bbox 2236 820 3816 903">
     <span class='ocr_line' id='line_1_51' title="bbox 2236 820 3816 903; baseline 0.003 -19"><span class='ocrx_word' id='word_1_344' title='bbox 2236 830 2554 899; x_wconf 78' lang='lat' dir='ltr'><strong>exceptione</strong></span> <span class='ocrx_word' id='word_1_345' title='bbox 2589 829 2701 900; x_wconf 81' lang='lat' dir='ltr'><strong>regi</strong></span> <span class='ocrx_word' id='word_1_346' title='bbox 2727 844 2785 883; x_wconf 90' lang='lat' dir='ltr'><strong>se</strong></span> <span class='ocrx_word' id='word_1_347' title='bbox 2811 820 3298 885; x_wconf 23' lang='lat' dir='ltr'><strong>dediderunt.’Rex</strong></span> <span class='ocrx_word' id='word_1_348' title='bbox 3345 842 3442 887; x_wconf 81' lang='lat' dir='ltr'><strong>eos</strong></span> <span class='ocrx_word' id='word_1_349' title='bbox 3468 829 3816 903; x_wconf 75' lang='lat' dir='ltr'><strong>principibus</strong></span> 
     </span>
    </p>
   </div>
   <div class='ocr_carea' id='block_1_52' title="bbox 2238 918 3818 991">
    <p class='ocr_par' dir='ltr' id='par_1_52' title="bbox 2238 918 3818 991">
     <span class='ocr_line' id='line_1_52' title="bbox 2238 918 3818 991; baseline 0.001 -15"><span class='ocrx_word' id='word_1_350' title='bbox 2238 922 2374 988; x_wconf 87' lang='lat' dir='ltr'><strong>suis,</strong></span> <span class='ocrx_word' id='word_1_351' title='bbox 2392 918 2633 991; x_wconf 73' lang='lat' dir='ltr'><strong>singulis</strong></span> <span class='ocrx_word' id='word_1_352' title='bbox 2674 919 2948 991; x_wconf 80' lang='lat' dir='ltr'><strong>singulos,</strong></span> <span class='ocrx_word' id='word_1_353' title='bbox 2975 920 3149 974; x_wconf 92' lang='lat' dir='ltr'><strong>donec</strong></span> <span class='ocrx_word' id='word_1_354' title='bbox 3174 920 3241 975; x_wconf 91' lang='lat' dir='ltr'><strong>de</strong></span> <span class='ocrx_word' id='word_1_355' title='bbox 3271 920 3351 975; x_wconf 89' lang='lat' dir='ltr'><strong>eis</strong></span> <span class='ocrx_word' id='word_1_356' title='bbox 3375 922 3659 978; x_wconf 87' lang='lat' dir='ltr'><strong>communi</strong></span> <span class='ocrx_word' id='word_1_357' title='bbox 3688 934 3818 978; x_wconf 82' lang='lat' dir='ltr'><strong>con-</strong></span> 
     </span>
    </p>
   </div>
   <div class='ocr_carea' id='block_1_53' title="bbox 2238 1002 3814 1082">
    <p class='ocr_par' dir='ltr' id='par_1_53' title="bbox 2238 1002 3814 1082">
     <span class='ocr_line' id='line_1_53' title="bbox 2238 1002 3814 1082; baseline -0.001 -13"><span class='ocrx_word' id='word_1_358' title='bbox 2238 1013 2362 1069; x_wconf 89' lang='lat' dir='ltr'><strong>silio</strong></span> <span class='ocrx_word' id='word_1_359' title='bbox 2401 1011 2817 1077; x_wconf 88' lang='lat' dir='ltr'><strong>deliberaretur,</strong></span> <span class='ocrx_word' id='word_1_360' title='bbox 2867 1002 3164 1079; x_wconf 75' lang='lat' dir='ltr'><strong>servandos</strong></span> <span class='ocrx_word' id='word_1_361' title='bbox 3211 1010 3515 1078; x_wconf 83' lang='lat' dir='ltr'><strong>commisit,</strong></span> <span class='ocrx_word' id='word_1_362' title='bbox 3564 1020 3621 1067; x_wconf 87' lang='lat' dir='ltr'><strong>et</strong></span> <span class='ocrx_word' id='word_1_363' title='bbox 3648 1014 3814 1082; x_wconf 87' lang='lat' dir='ltr'><strong>paulo</strong></span> 
     </span>
    </p>
   </div>
   <div class='ocr_carea' id='block_1_54' title="bbox 2237 1092 3816 1175">
    <p class='ocr_par' dir='ltr' id='par_1_54' title="bbox 2237 1092 3816 1175">
     <span class='ocr_line' id='line_1_54' title="bbox 2237 1092 3816 1175; baseline 0.003 -17"><span class='ocrx_word' id='word_1_364' title='bbox 2237 1112 2380 1175; x_wconf 91' lang='lat' dir='ltr'><strong>post,</strong></span> <span class='ocrx_word' id='word_1_365' title='bbox 2420 1112 2583 1173; x_wconf 85' lang='lat' dir='ltr'><strong>rupto</strong></span> <span class='ocrx_word' id='word_1_366' title='bbox 2627 1102 2851 1168; x_wconf 84' lang='lat' dir='ltr'><strong>foedere,</strong></span> <span class='ocrx_word' id='word_1_367' title='bbox 2881 1092 3204 1171; x_wconf 87' lang='lat' dir='ltr'><strong>contemptis</strong></span> <span class='ocrx_word' id='word_1_368' title='bbox 3230 1102 3483 1158; x_wconf 88' lang='lat' dir='ltr'><strong>omnibus</strong></span> <span class='ocrx_word' id='word_1_369' title='bbox 3524 1104 3733 1173; x_wconf 81' lang='lat' dir='ltr'><strong>quibus</strong></span> <span class='ocrx_word' id='word_1_370' title='bbox 3757 1120 3816 1163; x_wconf 83' lang='lat' dir='ltr'><strong>se</strong></span> 
     </span>
    </p>
   </div>
   <div class='ocr_carea' id='block_1_55' title="bbox 2238 1192 3813 1266">
    <p class='ocr_par' dir='ltr' id='par_1_55' title="bbox 2238 1192 3813 1266">
     <span class='ocr_line' id='line_1_55' title="bbox 2238 1192 3813 1266; baseline -0.001 -14"><span class='ocrx_word' id='word_1_371' title='bbox 2238 1196 2571 1266; x_wconf 81' lang='lat' dir='ltr'><strong>obligaverat</strong></span> <span class='ocrx_word' id='word_1_372' title='bbox 2611 1192 2969 1265; x_wconf 86' lang='lat' dir='ltr'><strong>jnrisjnrandi</strong></span> <span class='ocrx_word' id='word_1_373' title='bbox 2992 1192 3248 1260; x_wconf 85' lang='lat' dir='ltr'><strong>vinculis,</strong></span> <span class='ocrx_word' id='word_1_374' title='bbox 3292 1208 3388 1249; x_wconf 91' lang='lat' dir='ltr'><strong>eos</strong></span> <span class='ocrx_word' id='word_1_375' title='bbox 3425 1209 3525 1263; x_wconf 91' lang='lat' dir='ltr'><strong>per</strong></span> <span class='ocrx_word' id='word_1_376' title='bbox 3552 1193 3813 1262; x_wconf 84' lang='lat' dir='ltr'><strong>Galliam,</strong></span> 
     </span>
    </p>
   </div>
   <div class='ocr_carea' id='block_1_56' title="bbox 2241 1283 3814 1355">
    <p class='ocr_par' dir='ltr' id='par_1_56' title="bbox 2241 1283 3814 1355">
     <span class='ocr_line' id='line_1_56' title="bbox 2241 1283 3814 1355; baseline -0.001 -13"><span class='ocrx_word' id='word_1_377' title='bbox 2241 1287 2500 1343; x_wconf 87' lang='lat' dir='ltr'><strong>Sueviam</strong></span> <span class='ocrx_word' id='word_1_378' title='bbox 2529 1294 2585 1341; x_wconf 92' lang='lat' dir='ltr'><strong>et</strong></span> <span class='ocrx_word' id='word_1_379' title='bbox 2611 1285 2938 1355; x_wconf 87' lang='lat' dir='ltr'><strong>Bajoariam,</strong></span> <span class='ocrx_word' id='word_1_380' title='bbox 2980 1300 3077 1354; x_wconf 90' lang='lat' dir='ltr'><strong>per</strong></span> <span class='ocrx_word' id='word_1_381' title='bbox 3121 1283 3332 1339; x_wconf 82' lang='lat' dir='ltr'><strong>Italiam</strong></span> <span class='ocrx_word' id='word_1_382' title='bbox 3359 1292 3414 1339; x_wconf 92' lang='lat' dir='ltr'><strong>et</strong></span> <span class='ocrx_word' id='word_1_383' title='bbox 3439 1283 3814 1354; x_wconf 80' lang='lat' dir='ltr'><strong>Burgundiam</strong></span> 
     </span>
    </p>
   </div>
   <div class='ocr_carea' id='block_1_57' title="bbox 2237 1376 3817 1450">
    <p class='ocr_par' dir='ltr' id='par_1_57' title="bbox 2237 1376 3817 1450">
     <span class='ocr_line' id='line_1_57' title="bbox 2237 1376 3817 1450; baseline -0.001 -15"><span class='ocrx_word' id='word_1_384' title='bbox 2237 1377 2512 1450; x_wconf 85' lang='lat' dir='ltr'><strong>deportari</strong></span> <span class='ocrx_word' id='word_1_385' title='bbox 2539 1376 2684 1433; x_wconf 91' lang='lat' dir='ltr'><strong>fecit.</strong></span> <span class='ocrx_word' id='word_1_386' title='bbox 2729 1376 2999 1431; x_wconf 88' lang='lat' dir='ltr'><strong>Beneﬁcia</strong></span> <span class='ocrx_word' id='word_1_387' title='bbox 3039 1391 3259 1446; x_wconf 89' lang='lat' dir='ltr'><strong>quoque</strong></span> <span class='ocrx_word' id='word_1_388' title='bbox 3303 1391 3497 1432; x_wconf 88' lang='lat' dir='ltr'><strong>eorum</strong></span> <span class='ocrx_word' id='word_1_389' title='bbox 3544 1379 3817 1434; x_wconf 81' lang='lat' dir='ltr'><strong>militibus</strong></span> 
     </span>
    </p>
   </div>
   <div class='ocr_carea' id='block_1_58' title="bbox 2236 1465 3819 1541">
    <p class='ocr_par' dir='ltr' id='par_1_58' title="bbox 2236 1465 3819 1541">
     <span class='ocr_line' id='line_1_58' title="bbox 2236 1465 3819 1541; baseline 0.001 -14"><span class='ocrx_word' id='word_1_390' title='bbox 2236 1472 2372 1538; x_wconf 84' lang='lat' dir='ltr'><strong>suis,</strong></span> <span class='ocrx_word' id='word_1_391' title='bbox 2396 1483 2631 1541; x_wconf 88' lang='lat' dir='ltr'><strong>quorum</strong></span> <span class='ocrx_word' id='word_1_392' title='bbox 2654 1468 2922 1538; x_wconf 81' lang='lat' dir='ltr'><strong>praecipue</strong></span> <span class='ocrx_word' id='word_1_393' title='bbox 2949 1480 3113 1538; x_wconf 82' lang='lat' dir='ltr'><strong>opera</strong></span> <span class='ocrx_word' id='word_1_394' title='bbox 3135 1468 3188 1522; x_wconf 90' lang='lat' dir='ltr'><strong>in</strong></span> <span class='ocrx_word' id='word_1_395' title='bbox 3210 1468 3352 1523; x_wconf 90' lang='lat' dir='ltr'><strong>bello</strong></span> <span class='ocrx_word' id='word_1_396' title='bbox 3376 1465 3659 1525; x_wconf 73' lang='lat' dir='ltr'><strong>Saxonico</strong></span> <span class='ocrx_word' id='word_1_397' title='bbox 3680 1485 3819 1528; x_wconf 76' lang='lat' dir='ltr'><strong>usus</strong></span> 
     </span>
    </p>
   </div>
   <div class='ocr_carea' id='block_1_59' title="bbox 2239 1556 3820 1629">
    <p class='ocr_par' dir='ltr' id='par_1_59' title="bbox 2239 1556 3820 1629">
     <span class='ocr_line' id='line_1_59' title="bbox 2239 1556 3820 1629; baseline 0.003 -13"><span class='ocrx_word' id='word_1_398' title='bbox 2239 1563 2434 1627; x_wconf 84' lang='lat' dir='ltr'><strong>fuerat,</strong></span> <span class='ocrx_word' id='word_1_399' title='bbox 2465 1560 2759 1615; x_wconf 86' lang='lat' dir='ltr'><strong>distribuit.</strong></span> <span class='ocrx_word' id='word_1_400' title='bbox 2789 1556 3169 1614; x_wconf 76' lang='lat' dir='ltr'><strong>Commoratus</strong></span> <span class='ocrx_word' id='word_1_401' title='bbox 3203 1557 3370 1614; x_wconf 88' lang='lat' dir='ltr'><strong>etiam</strong></span> <span class='ocrx_word' id='word_1_402' title='bbox 3395 1560 3590 1629; x_wconf 85' lang='lat' dir='ltr'><strong>paucis</strong></span> <span class='ocrx_word' id='word_1_403' title='bbox 3621 1562 3820 1621; x_wconf 77' lang='lat' dir='ltr'><strong>diebus</strong></span> 
     </span>
    </p>
   </div>
   <div class='ocr_carea' id='block_1_60' title="bbox 2231 1648 3818 1723">
    <p class='ocr_par' dir='ltr' id='par_1_60' title="bbox 2231 1648 3818 1723">
     <span class='ocr_line' id='line_1_60' title="bbox 2231 1648 3818 1723; baseline 0.002 -16"><span class='ocrx_word' id='word_1_404' title='bbox 2231 1655 2291 1708; x_wconf 86' lang='lat' dir='ltr'><strong>in</strong></span> <span class='ocrx_word' id='word_1_405' title='bbox 2337 1650 2665 1722; x_wconf 86' lang='lat' dir='ltr'><strong>Thuringia,</strong></span> <span class='ocrx_word' id='word_1_406' title='bbox 2710 1650 2992 1706; x_wconf 86' lang='lat' dir='ltr'><strong>castellum</strong></span> <span class='ocrx_word' id='word_1_407' title='bbox 3022 1650 3081 1704; x_wconf 88' lang='lat' dir='ltr'><strong>in</strong></span> <span class='ocrx_word' id='word_1_408' title='bbox 3128 1648 3407 1722; x_wconf 82' lang='lat' dir='ltr'><strong>Asenberg</strong></span> <span class='ocrx_word' id='word_1_409' title='bbox 3450 1652 3818 1723; x_wconf 74' lang='lat' dir='ltr'><strong>instauravit,</strong></span> 
     </span>
    </p>
   </div>
   <div class='ocr_carea' id='block_1_61' title="bbox 2236 1741 3821 1816">
    <p class='ocr_par' dir='ltr' id='par_1_61' title="bbox 2236 1741 3821 1816">
     <span class='ocr_line' id='line_1_61' title="bbox 2236 1741 3821 1816; baseline 0.002 -17"><span class='ocrx_word' id='word_1_410' title='bbox 2236 1743 2656 1814; x_wconf 80' lang='lat' dir='ltr'><strong>praesidiumque</strong></span> <span class='ocrx_word' id='word_1_411' title='bbox 2707 1741 2998 1812; x_wconf 77' lang='lat' dir='ltr'><strong>imposuit,</strong></span> <span class='ocrx_word' id='word_1_412' title='bbox 3046 1754 3357 1812; x_wconf 66' lang='lat' dir='ltr'><strong>prmcavens</strong></span> <span class='ocrx_word' id='word_1_413' title='bbox 3409 1758 3479 1798; x_wconf 87' lang='lat' dir='ltr'><strong>ne</strong></span> <span class='ocrx_word' id='word_1_414' title='bbox 3520 1746 3658 1814; x_wconf 90' lang='lat' dir='ltr'><strong>quid</strong></span> <span class='ocrx_word' id='word_1_415' title='bbox 3696 1756 3821 1816; x_wconf 78' lang='lat' dir='ltr'><strong>post</strong></span> 
     </span>
    </p>
   </div>
   <div class='ocr_carea' id='block_1_62' title="bbox 2171 1805 3817 1909">
    <p class='ocr_par' dir='ltr' id='par_1_62' title="bbox 2171 1805 3817 1909">
     <span class='ocr_line' id='line_1_62' title="bbox 2171 1805 3817 1909; baseline 0.001 -17"><span class='ocrx_word' id='word_1_416' title='bbox 2171 1805 2213 1859; x_wconf 65' lang='grc' dir='ltr'><strong>Β</strong></span> <span class='ocrx_word' id='word_1_417' title='bbox 2238 1805 2542 1909; x_wconf 77' lang='lat' dir='ltr'><strong>digressum</strong></span> <span class='ocrx_word' id='word_1_418' title='bbox 2567 1805 2731 1893; x_wconf 73' lang='lat' dir='ltr'><strong>suum</strong></span> <span class='ocrx_word' id='word_1_419' title='bbox 2759 1805 3029 1892; x_wconf 78' lang='lat' dir='ltr'><strong>instabilis</strong></span> <span class='ocrx_word' id='word_1_420' title='bbox 3047 1805 3217 1907; x_wconf 47' lang='grc' dir='ltr'><strong>ἠιιεί</strong></span> <span class='ocrx_word' id='word_1_421' title='bbox 3246 1837 3462 1892; x_wconf 85' lang='lat' dir='ltr'><strong>levitate</strong></span> <span class='ocrx_word' id='word_1_422' title='bbox 3491 1805 3817 1894; x_wconf 64' lang='lat' dir='ltr'><strong>novaretur.</strong></span> 
     </span>
    </p>
   </div>
   <div class='ocr_carea' id='block_1_63' title="bbox 2237 1924 3822 1999">
    <p class='ocr_par' dir='ltr' id='par_1_63' title="bbox 2237 1924 3822 1999">
     <span class='ocr_line' id='line_1_63' title="bbox 2237 1924 3822 1999; baseline 0.003 -16"><span class='ocrx_word' id='word_1_423' title='bbox 2237 1930 2503 1985; x_wconf 60' lang='lat' dir='ltr'><strong>Praeterea</strong></span> <span class='ocrx_word' id='word_1_424' title='bbox 2529 1924 2775 1999; x_wconf 88' lang='lat' dir='ltr'><strong>ingenuis</strong></span> <span class='ocrx_word' id='word_1_425' title='bbox 2800 1929 3075 1995; x_wconf 82' lang='lat' dir='ltr'><strong>omnibus,</strong></span> <span class='ocrx_word' id='word_1_426' title='bbox 3106 1928 3200 1998; x_wconf 91' lang='lat' dir='ltr'><strong>qui</strong></span> <span class='ocrx_word' id='word_1_427' title='bbox 3231 1929 3317 1984; x_wconf 86' lang='lat' dir='ltr'><strong>vel</strong></span> <span class='ocrx_word' id='word_1_428' title='bbox 3342 1944 3479 1985; x_wconf 84' lang='lat' dir='ltr'><strong>casu</strong></span> <span class='ocrx_word' id='word_1_429' title='bbox 3524 1929 3822 1987; x_wconf 76' lang='lat' dir='ltr'><strong>abfuerant</strong></span> 
     </span>
    </p>
   </div>
   <div class='ocr_carea' id='block_1_64' title="bbox 2240 2018 3821 2095">
    <p class='ocr_par' dir='ltr' id='par_1_64' title="bbox 2240 2018 3821 2095">
     <span class='ocr_line' id='line_1_64' title="bbox 2240 2018 3821 2095; baseline 0.001 -18"><span class='ocrx_word' id='word_1_430' title='bbox 2240 2022 2324 2077; x_wconf 89' lang='lat' dir='ltr'><strong>vel</strong></span> <span class='ocrx_word' id='word_1_431' title='bbox 2350 2028 2500 2076; x_wconf 90' lang='lat' dir='ltr'><strong>metu</strong></span> <span class='ocrx_word' id='word_1_432' title='bbox 2527 2034 2587 2074; x_wconf 89' lang='lat' dir='ltr'><strong>se</strong></span> <span class='ocrx_word' id='word_1_433' title='bbox 2615 2018 3026 2087; x_wconf 80' lang='lat' dir='ltr'><strong>subtraxerant,</strong></span> <span class='ocrx_word' id='word_1_434' title='bbox 3070 2020 3215 2076; x_wconf 89' lang='lat' dir='ltr'><strong>diem</strong></span> <span class='ocrx_word' id='word_1_435' title='bbox 3243 2022 3464 2088; x_wconf 85' lang='lat' dir='ltr'><strong>statuit,</strong></span> <span class='ocrx_word' id='word_1_436' title='bbox 3489 2030 3629 2078; x_wconf 81' lang='lat' dir='ltr'><strong>ante</strong></span> <span class='ocrx_word' id='word_1_437' title='bbox 3654 2039 3821 2095; x_wconf 85' lang='lat' dir='ltr'><strong>quem</strong></span> 
     </span>
    </p>
   </div>
   <div class='ocr_carea' id='block_1_65' title="bbox 2239 2109 3825 2183">
    <p class='ocr_par' dir='ltr' id='par_1_65' title="bbox 2239 2109 3825 2183">
     <span class='ocr_line' id='line_1_65' title="bbox 2239 2109 3825 2183; baseline 0 -15"><span class='ocrx_word' id='word_1_438' title='bbox 2239 2113 2288 2168; x_wconf 87' lang='lat' dir='ltr'><strong>si</strong></span> <span class='ocrx_word' id='word_1_439' title='bbox 2327 2111 2381 2166; x_wconf 91' lang='lat' dir='ltr'><strong>in</strong></span> <span class='ocrx_word' id='word_1_440' title='bbox 2428 2109 2765 2166; x_wconf 87' lang='lat' dir='ltr'><strong>dediciouem</strong></span> <span class='ocrx_word' id='word_1_441' title='bbox 2816 2122 2927 2165; x_wconf 90' lang='lat' dir='ltr'><strong>non</strong></span> <span class='ocrx_word' id='word_1_442' title='bbox 2974 2110 3268 2176; x_wconf 81' lang='lat' dir='ltr'><strong>venissent,</strong></span> <span class='ocrx_word' id='word_1_443' title='bbox 3299 2119 3585 2183; x_wconf 86' lang='lat' dir='ltr'><strong>tamquam</strong></span> <span class='ocrx_word' id='word_1_444' title='bbox 3633 2114 3825 2179; x_wconf 74' lang='lat' dir='ltr'><strong>hostes</strong></span> 
     </span>
    </p>
   </div>
   <div class='ocr_carea' id='block_1_66' title="bbox 2238 2202 3824 2277">
    <p class='ocr_par' dir='ltr' id='par_1_66' title="bbox 2238 2202 3824 2277">
     <span class='ocr_line' id='line_1_66' title="bbox 2238 2202 3824 2277; baseline 0.003 -19"><span class='ocrx_word' id='word_1_445' title='bbox 2238 2202 2462 2276; x_wconf 85' lang='lat' dir='ltr'><strong>publici,</strong></span> <span class='ocrx_word' id='word_1_446' title='bbox 2492 2202 2561 2256; x_wconf 88' lang='lat' dir='ltr'><strong>ab</strong></span> <span class='ocrx_word' id='word_1_447' title='bbox 2587 2202 2841 2258; x_wconf 90' lang='lat' dir='ltr'><strong>omnibus</strong></span> <span class='ocrx_word' id='word_1_448' title='bbox 2890 2202 3088 2272; x_wconf 81' lang='lat' dir='ltr'><strong>quibus</strong></span> <span class='ocrx_word' id='word_1_449' title='bbox 3116 2218 3204 2258; x_wconf 90' lang='lat' dir='ltr'><strong>res</strong></span> <span class='ocrx_word' id='word_1_450' title='bbox 3230 2203 3445 2273; x_wconf 88' lang='lat' dir='ltr'><strong>publica</strong></span> <span class='ocrx_word' id='word_1_451' title='bbox 3472 2219 3627 2260; x_wconf 71' lang='lat' dir='ltr'><strong>cura:</strong></span> <span class='ocrx_word' id='word_1_452' title='bbox 3655 2214 3824 2277; x_wconf 76' lang='lat' dir='ltr'><strong>esset,</strong></span> 
     </span>
    </p>
   </div>
   <div class='ocr_carea' id='block_1_67' title="bbox 2239 2292 3829 2365">
    <p class='ocr_par' dir='ltr' id='par_1_67' title="bbox 2239 2292 3829 2365">
     <span class='ocr_line' id='line_1_67' title="bbox 2239 2292 3829 2365; baseline 0.002 -15"><span class='ocrx_word' id='word_1_453' title='bbox 2239 2293 2385 2350; x_wconf 89' lang='lat' dir='ltr'><strong>ferro</strong></span> <span class='ocrx_word' id='word_1_454' title='bbox 2420 2300 2474 2348; x_wconf 90' lang='lat' dir='ltr'><strong>et</strong></span> <span class='ocrx_word' id='word_1_455' title='bbox 2502 2294 2623 2363; x_wconf 88' lang='lat' dir='ltr'><strong>igne</strong></span> <span class='ocrx_word' id='word_1_456' title='bbox 2654 2292 3056 2349; x_wconf 84' lang='lat' dir='ltr'><strong>infestarentur.</strong></span> <span class='ocrx_word' id='word_1_457' title='bbox 3087 2293 3262 2365; x_wconf 79' lang='lat' dir='ltr'><strong>Atque</strong></span> <span class='ocrx_word' id='word_1_458' title='bbox 3288 2294 3383 2361; x_wconf 89' lang='lat' dir='ltr'><strong>ita,</strong></span> <span class='ocrx_word' id='word_1_459' title='bbox 3409 2294 3647 2352; x_wconf 72' lang='lat' dir='ltr'><strong>dimisso</strong></span> <span class='ocrx_word' id='word_1_460' title='bbox 3674 2313 3829 2353; x_wconf 77' lang='lat' dir='ltr'><strong>exer-</strong></span> 
     </span>
    </p>
   </div>
   <div class='ocr_carea' id='block_1_68' title="bbox 2240 2384 3826 2453">
    <p class='ocr_par' dir='ltr' id='par_1_68' title="bbox 2240 2384 3826 2453">
     <span class='ocr_line' id='line_1_68' title="bbox 2240 2384 3826 2453; baseline 0.003 -12"><span class='ocrx_word' id='word_1_461' title='bbox 2240 2386 2352 2442; x_wconf 92' lang='lat' dir='ltr'><strong>citu</strong></span> <span class='ocrx_word' id='word_1_462' title='bbox 2373 2425 2387 2453; x_wconf 92' lang='lat'><strong>,</strong></span> <span class='ocrx_word' id='word_1_463' title='bbox 2423 2386 2599 2441; x_wconf 83' lang='lat' dir='ltr'><strong>victOr</strong></span> <span class='ocrx_word' id='word_1_464' title='bbox 2637 2384 2876 2453; x_wconf 86' lang='lat' dir='ltr'><strong>rediens,</strong></span> <span class='ocrx_word' id='word_1_465' title='bbox 2913 2384 3149 2441; x_wconf 85' lang='lat' dir='ltr'><strong>natalem</strong></span> <span class='ocrx_word' id='word_1_466' title='bbox 3189 2386 3365 2442; x_wconf 82' lang='lat' dir='ltr'><strong>sancti</strong></span> <span class='ocrx_word' id='word_1_467' title='bbox 3402 2384 3630 2442; x_wconf 67' lang='lat' dir='ltr'><strong>Martini</strong></span> <span class='ocrx_word' id='word_1_468' title='bbox 3669 2387 3826 2445; x_wconf 80' lang='lat' dir='ltr'><strong>Wor-</strong></span> 
     </span>
    </p>
   </div>
   <div class='ocr_carea' id='block_1_69' title="bbox 2241 2475 3397 2549">
    <p class='ocr_par' dir='ltr' id='par_1_69' title="bbox 2241 2475 3397 2549">
     <span class='ocr_line' id='line_1_69' title="bbox 2241 2475 3397 2549; baseline -0.002 -15"><span class='ocrx_word' id='word_1_469' title='bbox 2241 2478 2431 2535; x_wconf 65' lang='lat' dir='ltr'><strong>maciaa</strong></span> <span class='ocrx_word' id='word_1_470' title='bbox 2447 2475 2738 2533; x_wconf 85' lang='lat' dir='ltr'><strong>celebravit</strong></span> <span class='ocrx_word' id='word_1_471' title='bbox 2766 2475 2928 2549; x_wconf 78' lang='lat' dir='ltr'><strong>(Nov.</strong></span> <span class='ocrx_word' id='word_1_472' title='bbox 2962 2476 3072 2549; x_wconf 89' lang='grc'>10).</span> <span class='ocrx_word' id='word_1_473' title='bbox 3396 2490 3397 2493; x_wconf 77' lang='lat'>‘</span> 
     </span>
    </p>
   </div>
   <div class='ocr_carea' id='block_1_70' title="bbox 2310 2555 3828 2641">
    <p class='ocr_par' dir='ltr' id='par_1_70' title="bbox 2310 2555 3828 2641">
     <span class='ocr_line' id='line_1_70' title="bbox 2310 2555 3828 2641; baseline 0.005 -18"><span class='ocrx_word' id='word_1_474' title='bbox 2310 2569 2521 2624; x_wconf 87' lang='lat' dir='ltr'><strong>Interea</strong></span> <span class='ocrx_word' id='word_1_475' title='bbox 2546 2566 2828 2625; x_wconf 84' lang='lat' dir='ltr'><strong>Romanus</strong></span> <span class='ocrx_word' id='word_1_476' title='bbox 2855 2568 3098 2639; x_wconf 81' lang='lat' dir='ltr'><strong>pontifex</strong></span> <span class='ocrx_word' id='word_1_477' title='bbox 3126 2555 3335 2625; x_wconf 78' lang='lat' dir='ltr'><strong>crebris</strong></span> <span class='ocrx_word' id='word_1_478' title='bbox 3368 2567 3749 2641; x_wconf 78' lang='lat' dir='ltr'><strong>legationibus</strong></span> <span class='ocrx_word' id='word_1_479' title='bbox 3772 2581 3828 2629; x_wconf 82' lang='lat' dir='ltr'><strong>et</strong></span> 
     </span>
    </p>
   </div>
   <div class='ocr_carea' id='block_1_71' title="bbox 2241 2653 3829 2732">
    <p class='ocr_par' dir='ltr' id='par_1_71' title="bbox 2241 2653 3829 2732">
     <span class='ocr_line' id='line_1_71' title="bbox 2241 2653 3829 2732; baseline 0.004 -18"><span class='ocrx_word' id='word_1_480' title='bbox 2241 2653 2716 2731; x_wconf 83' lang='lat' dir='ltr'><strong>Babenbergenses</strong></span> <span class='ocrx_word' id='word_1_481' title='bbox 2771 2661 2957 2716; x_wconf 90' lang='lat' dir='ltr'><strong>clerici</strong></span> <span class='ocrx_word' id='word_1_482' title='bbox 3024 2660 3262 2718; x_wconf 86' lang='lat' dir='ltr'><strong>assiduis</strong></span> <span class='ocrx_word' id='word_1_483' title='bbox 3323 2663 3829 2732; x_wconf 63' lang='lat' dir='ltr'><strong>supplicationibus</strong></span> 
     </span>
    </p>
   </div>
   <div class='ocr_carea' id='block_1_72' title="bbox 2241 2746 3825 2824">
    <p class='ocr_par' dir='ltr' id='par_1_72' title="bbox 2241 2746 3825 2824">
     <span class='ocr_line' id='line_1_72' title="bbox 2241 2746 3825 2824; baseline 0.004 -18"><span class='ocrx_word' id='word_1_484' title='bbox 2241 2752 2589 2807; x_wconf 89' lang='lat' dir='ltr'><strong>vehementer</strong></span> <span class='ocrx_word' id='word_1_485' title='bbox 2630 2752 2742 2824; x_wconf 89' lang='lat' dir='ltr'><strong>regi</strong></span> <span class='ocrx_word' id='word_1_486' title='bbox 2790 2751 3166 2820; x_wconf 86' lang='lat' dir='ltr'><strong>imminebant,</strong></span> <span class='ocrx_word' id='word_1_487' title='bbox 3215 2760 3277 2807; x_wconf 91' lang='lat' dir='ltr'><strong>ut</strong></span> <span class='ocrx_word' id='word_1_488' title='bbox 3310 2753 3424 2823; x_wconf 91' lang='lat' dir='ltr'><strong>jam</strong></span> <span class='ocrx_word' id='word_1_489' title='bbox 3474 2746 3572 2809; x_wconf 76' lang='lat' dir='ltr'><strong>diu</strong></span> <span class='ocrx_word' id='word_1_490' title='bbox 3603 2757 3825 2813; x_wconf 84' lang='lat' dir='ltr'><strong>vacanti</strong></span> 
     </span>
    </p>
   </div>
   <div class='ocr_carea' id='block_1_73' title="bbox 2241 2843 3823 2916">
    <p class='ocr_par' dir='ltr' id='par_1_73' title="bbox 2241 2843 3823 2916">
     <span class='ocr_line' id='line_1_73' title="bbox 2241 2843 3823 2916; baseline 0.002 -18"><span class='ocrx_word' id='word_1_491' title='bbox 2241 2844 2484 2899; x_wconf 64' lang='lat' dir='ltr'><strong>ecclesiae</strong></span> <span class='ocrx_word' id='word_1_492' title='bbox 2532 2843 2623 2876; x_wconf 77' lang='grc'><strong>¹³⁹⁶</strong></span> <span class='ocrx_word' id='word_1_493' title='bbox 2668 2843 3105 2914; x_wconf 84' lang='lat' dir='ltr'><strong>Babcnbergensi</strong></span> <span class='ocrx_word' id='word_1_494' title='bbox 3164 2853 3431 2900; x_wconf 84' lang='lat' dir='ltr'><strong>rectorem</strong></span> <span class='ocrx_word' id='word_1_495' title='bbox 3482 2847 3823 2916; x_wconf 73' lang='lat' dir='ltr'><strong>provideret.</strong></span> 
     </span>
    </p>
   </div>
   <div class='ocr_carea' id='block_1_74' title="bbox 2242 2932 3831 3005">
    <p class='ocr_par' dir='ltr' id='par_1_74' title="bbox 2242 2932 3831 3005">
     <span class='ocr_line' id='line_1_74' title="bbox 2242 2932 3831 3005; baseline 0.001 -15"><span class='ocrx_word' id='word_1_496' title='bbox 2242 2932 2523 3005; x_wconf 87' lang='lat' dir='ltr'><strong>Siquidem</strong></span> <span class='ocrx_word' id='word_1_497' title='bbox 2547 2934 2699 3005; x_wconf 87' lang='lat' dir='ltr'><strong>prior</strong></span> <span class='ocrx_word' id='word_1_498' title='bbox 2720 2935 3007 3004; x_wconf 87' lang='lat' dir='ltr'><strong>episcopus</strong></span> <span class='ocrx_word' id='word_1_499' title='bbox 3024 2977 3038 3002; x_wconf 94' lang='lat'><strong>,</strong></span> <span class='ocrx_word' id='word_1_500' title='bbox 3066 2936 3193 2990; x_wconf 89' lang='lat' dir='ltr'><strong>licet</strong></span> <span class='ocrx_word' id='word_1_501' title='bbox 3214 2937 3546 2993; x_wconf 80' lang='lat' dir='ltr'><strong>extrinsecis</strong></span> <span class='ocrx_word' id='word_1_502' title='bbox 3572 2939 3831 2995; x_wconf 68' lang='lat' dir='ltr'><strong>ecclesia!</strong></span> 
     </span>
    </p>
   </div>
   <div class='ocr_carea' id='block_1_75' title="bbox 2240 3026 3827 3099">
    <p class='ocr_par' dir='ltr' id='par_1_75' title="bbox 2240 3026 3827 3099">
     <span class='ocr_line' id='line_1_75' title="bbox 2240 3026 3827 3099; baseline 0.001 -17"><span class='ocrx_word' id='word_1_503' title='bbox 2240 3026 2700 3097; x_wconf 86' lang='lat' dir='ltr'><strong>possessionibus,</strong></span> <span class='ocrx_word' id='word_1_504' title='bbox 2732 3027 2966 3081; x_wconf 89' lang='lat' dir='ltr'><strong>militum</strong></span> <span class='ocrx_word' id='word_1_505' title='bbox 2998 3041 3223 3084; x_wconf 86' lang='lat' dir='ltr'><strong>suorum</strong></span> <span class='ocrx_word' id='word_1_506' title='bbox 3245 3062 3262 3094; x_wconf 92' lang='lat'><strong>-,</strong></span> <span class='ocrx_word' id='word_1_507' title='bbox 3308 3037 3369 3082; x_wconf 90' lang='lat' dir='ltr'><strong>ut</strong></span> <span class='ocrx_word' id='word_1_508' title='bbox 3407 3044 3582 3099; x_wconf 85' lang='lat' dir='ltr'><strong>supra</strong></span> <span class='ocrx_word' id='word_1_509' title='bbox 3611 3030 3827 3085; x_wconf 75' lang='lat' dir='ltr'><strong>dictum</strong></span> 
     </span>
    </p>
   </div>
   <div class='ocr_carea' id='block_1_76' title="bbox 2240 3118 3825 3189">
    <p class='ocr_par' dir='ltr' id='par_1_76' title="bbox 2240 3118 3825 3189">
     <span class='ocr_line' id='line_1_76' title="bbox 2240 3118 3825 3189; baseline 0.004 -16"><span class='ocrx_word' id='word_1_510' title='bbox 2240 3126 2325 3173; x_wconf 87' lang='lat' dir='ltr'><strong>est</strong></span> <span class='ocrx_word' id='word_1_511' title='bbox 2352 3119 2522 3189; x_wconf 74' lang='grc'>(415),</span> <span class='ocrx_word' id='word_1_512' title='bbox 2546 3119 2798 3188; x_wconf 65' lang='lat' dir='ltr'><strong>praesidio</strong></span> <span class='ocrx_word' id='word_1_513' title='bbox 2824 3118 3012 3186; x_wconf 87' lang='lat' dir='ltr'><strong>fultus,</strong></span> <span class='ocrx_word' id='word_1_514' title='bbox 3029 3128 3219 3176; x_wconf 87' lang='lat' dir='ltr'><strong>contra</strong></span> <span class='ocrx_word' id='word_1_515' title='bbox 3245 3121 3470 3177; x_wconf 88' lang='lat' dir='ltr'><strong>vetitum</strong></span> <span class='ocrx_word' id='word_1_516' title='bbox 3507 3122 3825 3184; x_wconf 76' lang='lat' dir='ltr'><strong>incubaret.</strong></span> 
     </span>
    </p>
   </div>
   <div class='ocr_carea' id='block_1_77' title="bbox 2242 3211 3828 3282">
    <p class='ocr_par' dir='ltr' id='par_1_77' title="bbox 2242 3211 3828 3282">
     <span class='ocr_line' id='line_1_77' title="bbox 2242 3211 3828 3282; baseline 0.003 -17"><span class='ocrx_word' id='word_1_517' title='bbox 2242 3212 2447 3266; x_wconf 86' lang='lat' dir='ltr'><strong>nullam</strong></span> <span class='ocrx_word' id='word_1_518' title='bbox 2489 3223 2671 3266; x_wconf 86' lang='lat' dir='ltr'><strong>tamen</strong></span> <span class='ocrx_word' id='word_1_519' title='bbox 2709 3211 3035 3282; x_wconf 87' lang='lat' dir='ltr'><strong>pontiﬁcalis</strong></span> <span class='ocrx_word' id='word_1_520' title='bbox 3080 3212 3241 3268; x_wconf 75' lang='lat' dir='ltr'><strong>oliicii</strong></span> <span class='ocrx_word' id='word_1_521' title='bbox 3284 3213 3828 3270; x_wconf 78' lang='lat' dir='ltr'><strong>administrationem</strong></span> 
     </span>
    </p>
   </div>
   <div class='ocr_carea' id='block_1_78' title="bbox 2239 3304 3831 3376">
    <p class='ocr_par' dir='ltr' id='par_1_78' title="bbox 2239 3304 3831 3376">
     <span class='ocr_line' id='line_1_78' title="bbox 2239 3304 3831 3376; baseline 0.001 -14"><span class='ocrx_word' id='word_1_522' title='bbox 2239 3304 2557 3376; x_wconf 77' lang='lat' dir='ltr'><strong>usurpabat,</strong></span> <span class='ocrx_word' id='word_1_523' title='bbox 2584 3304 2865 3374; x_wconf 86' lang='lat' dir='ltr'><strong>apostolici</strong></span> <span class='ocrx_word' id='word_1_524' title='bbox 2900 3305 3273 3361; x_wconf 86' lang='lat' dir='ltr'><strong>anathematis</strong></span> <span class='ocrx_word' id='word_1_525' title='bbox 3300 3305 3571 3376; x_wconf 84' lang='lat' dir='ltr'><strong>religione</strong></span> <span class='ocrx_word' id='word_1_526' title='bbox 3612 3307 3831 3363; x_wconf 58' lang='lat' dir='ltr'><strong>abstero&#39;</strong></span> 
     </span>
    </p>
   </div>
   <div class='ocr_carea' id='block_1_79' title="bbox 2239 3396 3831 3469">
    <p class='ocr_par' dir='ltr' id='par_1_79' title="bbox 2239 3396 3831 3469">
     <span class='ocr_line' id='line_1_79' title="bbox 2239 3396 3831 3469; baseline -0.001 -15"><span class='ocrx_word' id='word_1_527' title='bbox 2239 3400 2399 3455; x_wconf 90' lang='lat' dir='ltr'><strong>ritus.</strong></span> <span class='ocrx_word' id='word_1_528' title='bbox 2430 3396 2676 3466; x_wconf 87' lang='lat' dir='ltr'><strong>Cumque</strong></span> <span class='ocrx_word' id='word_1_529' title='bbox 2716 3396 2829 3467; x_wconf 86' lang='lat' dir='ltr'><strong>regi</strong></span> <span class='ocrx_word' id='word_1_530' title='bbox 2857 3397 2913 3450; x_wconf 89' lang='lat' dir='ltr'><strong>in</strong></span> <span class='ocrx_word' id='word_1_531' title='bbox 2945 3410 3079 3467; x_wconf 89' lang='lat' dir='ltr'><strong>pace</strong></span> <span class='ocrx_word' id='word_1_532' title='bbox 3116 3398 3171 3451; x_wconf 82' lang='lat' dir='ltr'><strong>et</strong></span> <span class='ocrx_word' id='word_1_533' title='bbox 3220 3398 3274 3452; x_wconf 88' lang='lat' dir='ltr'><strong>in</strong></span> <span class='ocrx_word' id='word_1_534' title='bbox 3313 3398 3479 3463; x_wconf 81' lang='lat' dir='ltr'><strong>bello,</strong></span> <span class='ocrx_word' id='word_1_535' title='bbox 3516 3396 3831 3469; x_wconf 79' lang='lat' dir='ltr'><strong>tranquilla</strong></span> 
     </span>
    </p>
   </div>
   <div class='ocr_carea' id='block_1_80' title="bbox 2239 3486 3829 3558">
    <p class='ocr_par' dir='ltr' id='par_1_80' title="bbox 2239 3486 3829 3558">
     <span class='ocr_line' id='line_1_80' title="bbox 2239 3486 3829 3558; baseline -0.001 -11"><span class='ocrx_word' id='word_1_536' title='bbox 2239 3506 2337 3547; x_wconf 87' lang='lat' dir='ltr'><strong>seu</strong></span> <span class='ocrx_word' id='word_1_537' title='bbox 2360 3489 2578 3543; x_wconf 89' lang='lat' dir='ltr'><strong>turbata</strong></span> <span class='ocrx_word' id='word_1_538' title='bbox 2596 3502 2655 3542; x_wconf 88' lang='lat' dir='ltr'><strong>re</strong></span> <span class='ocrx_word' id='word_1_539' title='bbox 2673 3486 2909 3557; x_wconf 83' lang='lat' dir='ltr'><strong>publica,</strong></span> <span class='ocrx_word' id='word_1_540' title='bbox 2933 3503 3150 3558; x_wconf 88' lang='lat' dir='ltr'><strong>semper</strong></span> <span class='ocrx_word' id='word_1_541' title='bbox 3162 3489 3610 3545; x_wconf 86' lang='lat' dir='ltr'><strong>commodissime</strong></span> <span class='ocrx_word' id='word_1_542' title='bbox 3638 3490 3829 3546; x_wconf 43' lang='lat' dir='ltr'><strong>aﬂuis‘</strong></span> 
     </span>
    </p>
   </div>
   <div class='ocr_carea' id='block_1_81' title="bbox 2238 3578 3828 3651">
    <p class='ocr_par' dir='ltr' id='par_1_81' title="bbox 2238 3578 3828 3651">
     <span class='ocr_line' id='line_1_81' title="bbox 2238 3578 3828 3651; baseline -0.007 -12"><span class='ocrx_word' id='word_1_543' title='bbox 2238 3589 2342 3649; x_wconf 89' lang='lat' dir='ltr'><strong>set,</strong></span> <span class='ocrx_word' id='word_1_544' title='bbox 2364 3588 2440 3647; x_wconf 87' lang='lat' dir='ltr'><strong>et,</strong></span> <span class='ocrx_word' id='word_1_545' title='bbox 2467 3578 2849 3636; x_wconf 84' lang='lat' dir='ltr'><strong>scandalizatis</strong></span> <span class='ocrx_word' id='word_1_546' title='bbox 2872 3579 2929 3634; x_wconf 90' lang='lat' dir='ltr'><strong>in</strong></span> <span class='ocrx_word' id='word_1_547' title='bbox 2955 3592 3023 3635; x_wconf 90' lang='lat' dir='ltr'><strong>eo</strong></span> <span class='ocrx_word' id='word_1_548' title='bbox 3050 3579 3248 3635; x_wconf 87' lang='lat' dir='ltr'><strong>ceteris</strong></span> <span class='ocrx_word' id='word_1_549' title='bbox 3274 3580 3793 3651; x_wconf 75' lang='lat' dir='ltr'><strong>rcgniprincipihus</strong></span> <span class='ocrx_word' id='word_1_550' title='bbox 3809 3613 3828 3645; x_wconf 47' lang='grc' dir='ltr'>φ</span> 
     </span>
    </p>
   </div>
   <div class='ocr_carea' id='block_1_82' title="bbox 2238 3668 3827 3742">
    <p class='ocr_par' dir='ltr' id='par_1_82' title="bbox 2238 3668 3827 3742">
     <span class='ocr_line' id='line_1_82' title="bbox 2238 3668 3827 3742; baseline -0.004 -9"><span class='ocrx_word' id='word_1_551' title='bbox 2238 3675 2390 3733; x_wconf 86' lang='lat' dir='ltr'><strong>solus</strong></span> <span class='ocrx_word' id='word_1_552' title='bbox 2424 3673 2515 3728; x_wconf 88' lang='lat' dir='ltr'><strong>ille</strong></span> <span class='ocrx_word' id='word_1_553' title='bbox 2560 3687 2862 3742; x_wconf 84' lang='lat' dir='ltr'><strong>numquam</strong></span> <span class='ocrx_word' id='word_1_554' title='bbox 2909 3668 3308 3728; x_wconf 86' lang='lat' dir='ltr'><strong>scandalizatus</strong></span> <span class='ocrx_word' id='word_1_555' title='bbox 3351 3671 3582 3738; x_wconf 88' lang='lat' dir='ltr'><strong>fuisset,</strong></span> <span class='ocrx_word' id='word_1_556' title='bbox 3636 3675 3737 3729; x_wconf 80' lang='lat' dir='ltr'><strong>sed</strong></span> <span class='ocrx_word' id='word_1_557' title='bbox 3767 3675 3827 3727; x_wconf 81' lang='lat' dir='ltr'><strong>in</strong></span> 
     </span>
    </p>
   </div>
   <div class='ocr_carea' id='block_1_83' title="bbox 2192 3764 3825 3834">
    <p class='ocr_par' dir='ltr' id='par_1_83' title="bbox 2192 3764 3825 3834">
     <span class='ocr_line' id='line_1_83' title="bbox 2192 3764 3825 3834; baseline -0.002 -11"><span class='ocrx_word' id='word_1_558' title='bbox 2192 3786 2199 3793; x_wconf 71' lang='grc'><strong>’</strong></span> <span class='ocrx_word' id='word_1_559' title='bbox 2238 3765 2451 3824; x_wconf 87' lang='lat' dir='ltr'><strong>cunctis</strong></span> <span class='ocrx_word' id='word_1_560' title='bbox 2475 3779 2599 3834; x_wconf 60' lang='lat' dir='ltr'><strong>quae</strong></span> <span class='ocrx_word' id='word_1_561' title='bbox 2623 3765 2674 3819; x_wconf 87' lang='lat' dir='ltr'><strong>ei</strong></span> <span class='ocrx_word' id='word_1_562' title='bbox 2693 3764 3016 3819; x_wconf 87' lang='lat' dir='ltr'><strong>accidissent</strong></span> <span class='ocrx_word' id='word_1_563' title='bbox 3038 3764 3438 3820; x_wconf 85' lang='lat' dir='ltr'><strong>calamitatibus</strong></span> <span class='ocrx_word' id='word_1_564' title='bbox 3461 3764 3687 3834; x_wconf 84' lang='lat' dir='ltr'><strong>pondus</strong></span> <span class='ocrx_word' id='word_1_565' title='bbox 3710 3766 3825 3820; x_wconf 78' lang='lat' dir='ltr'><strong>diei</strong></span> 
     </span>
    </p>
   </div>
   <div class='ocr_carea' id='block_1_84' title="bbox 2238 3854 3830 3928">
    <p class='ocr_par' dir='ltr' id='par_1_84' title="bbox 2238 3854 3830 3928">
     <span class='ocr_line' id='line_1_84' title="bbox 2238 3854 3830 3928; baseline -0.002 -13"><span class='ocrx_word' id='word_1_566' title='bbox 2238 3868 2294 3915; x_wconf 87' lang='lat' dir='ltr'><strong>et</strong></span> <span class='ocrx_word' id='word_1_567' title='bbox 2318 3867 2484 3914; x_wconf 69' lang='lat' dir='ltr'><strong>aestus</strong></span> <span class='ocrx_word' id='word_1_568' title='bbox 2512 3854 2727 3928; x_wconf 73' lang='lat' dir='ltr'><strong>(Matth.</strong></span> <span class='ocrx_word' id='word_1_569' title='bbox 2777 3872 2868 3924; x_wconf 73' lang='lat' dir='ltr'><strong>xx,</strong></span> <span class='ocrx_word' id='word_1_570' title='bbox 2919 3856 3007 3926; x_wconf 76' lang='grc'>12)</span> <span class='ocrx_word' id='word_1_571' title='bbox 3056 3871 3182 3912; x_wconf 92' lang='lat' dir='ltr'><strong>cum</strong></span> <span class='ocrx_word' id='word_1_572' title='bbox 3228 3871 3296 3911; x_wconf 90' lang='lat' dir='ltr'><strong>eo</strong></span> <span class='ocrx_word' id='word_1_573' title='bbox 3338 3856 3675 3912; x_wconf 76' lang='lat' dir='ltr'><strong>inconcussa</strong></span> <span class='ocrx_word' id='word_1_574' title='bbox 3717 3856 3830 3912; x_wconf 78' lang='lat' dir='ltr'><strong>ﬁde</strong></span> 
     </span>
    </p>
   </div>
   <div class='ocr_carea' id='block_1_85' title="bbox 2239 3948 3828 4021">
    <p class='ocr_par' dir='ltr' id='par_1_85' title="bbox 2239 3948 3828 4021">
     <span class='ocr_line' id='line_1_85' title="bbox 2239 3948 3828 4021; baseline 0.001 -17"><span class='ocrx_word' id='word_1_575' title='bbox 2239 3956 2511 4021; x_wconf 86' lang='lat' dir='ltr'><strong>portasset</strong></span> <span class='ocrx_word' id='word_1_576' title='bbox 2540 3965 2553 4002; x_wconf 73' lang='grc' dir='ltr'><strong>ε</strong></span> <span class='ocrx_word' id='word_1_577' title='bbox 2584 3961 2882 4017; x_wconf 84' lang='lat' dir='ltr'><strong>numquam</strong></span> <span class='ocrx_word' id='word_1_578' title='bbox 2916 3955 3097 4002; x_wconf 88' lang='lat' dir='ltr'><strong>tamen</strong></span> <span class='ocrx_word' id='word_1_579' title='bbox 3135 3962 3231 4002; x_wconf 82' lang='lat' dir='ltr'><strong>rex</strong></span> <span class='ocrx_word' id='word_1_580' title='bbox 3275 3948 3362 4002; x_wconf 87' lang='lat' dir='ltr'><strong>vel</strong></span> <span class='ocrx_word' id='word_1_581' title='bbox 3402 3948 3508 4002; x_wconf 89' lang='lat' dir='ltr'><strong>levi</strong></span> <span class='ocrx_word' id='word_1_582' title='bbox 3536 3950 3713 4005; x_wconf 81' lang='lat' dir='ltr'><strong>verbo</strong></span> <span class='ocrx_word' id='word_1_583' title='bbox 3736 3965 3828 4005; x_wconf 55' lang='lat' dir='ltr'><strong>ca.</strong></span> 
     </span>
    </p>
   </div>
   <div class='ocr_carea' id='block_1_86' title="bbox 2237 4038 3829 4112">
    <p class='ocr_par' dir='ltr' id='par_1_86' title="bbox 2237 4038 3829 4112">
     <span class='ocr_line' id='line_1_86' title="bbox 2237 4038 3829 4112; baseline -0.001 -16"><span class='ocrx_word' id='word_1_584' title='bbox 2237 4040 2690 4112; x_wconf 85' lang='lat' dir='ltr'><strong>lumpniatoribus</strong></span> <span class='ocrx_word' id='word_1_585' title='bbox 2731 4039 2852 4110; x_wconf 82' lang='lat' dir='ltr'><strong>ejus</strong></span> <span class='ocrx_word' id='word_1_586' title='bbox 2877 4039 3107 4105; x_wconf 81' lang='lat' dir='ltr'><strong>obstitit,</strong></span> <span class='ocrx_word' id='word_1_587' title='bbox 3157 4038 3288 4108; x_wconf 86' lang='lat' dir='ltr'><strong>quin</strong></span> <span class='ocrx_word' id='word_1_588' title='bbox 3332 4039 3501 4094; x_wconf 85' lang='lat' dir='ltr'><strong>immo</strong></span> <span class='ocrx_word' id='word_1_589' title='bbox 3528 4040 3673 4095; x_wconf 84' lang='lat' dir='ltr'><strong>haut</strong></span> <span class='ocrx_word' id='word_1_590' title='bbox 3706 4057 3829 4111; x_wconf 67' lang='grc' dir='ltr'><strong>ςτε-</strong></span> 
     </span>
    </p>
   </div>
   <div class='ocr_carea' id='block_1_87' title="bbox 2235 4130 3826 4200">
    <p class='ocr_par' dir='ltr' id='par_1_87' title="bbox 2235 4130 3826 4200">
     <span class='ocr_line' id='line_1_87' title="bbox 2235 4130 3826 4200; baseline 0.003 -13"><span class='ocrx_word' id='word_1_591' title='bbox 2235 4141 2362 4187; x_wconf 73' lang='lat' dir='ltr'><strong>vate</strong></span> <span class='ocrx_word' id='word_1_592' title='bbox 2387 4132 2646 4187; x_wconf 85' lang='lat' dir='ltr'><strong>adversus</strong></span> <span class='ocrx_word' id='word_1_593' title='bbox 2667 4144 2792 4186; x_wconf 88' lang='lat' dir='ltr'><strong>eum</strong></span> <span class='ocrx_word' id='word_1_594' title='bbox 2812 4130 3220 4186; x_wconf 86' lang='lat' dir='ltr'><strong>accusationem</strong></span> <span class='ocrx_word' id='word_1_595' title='bbox 3236 4130 3483 4200; x_wconf 87' lang='lat' dir='ltr'><strong>recipere</strong></span> <span class='ocrx_word' id='word_1_596' title='bbox 3501 4130 3826 4192; x_wconf 72' lang='lat' dir='ltr'><strong>videbatur.</strong></span> 
     </span>
    </p>
   </div>
   <div class='ocr_carea' id='block_1_88' title="bbox 2238 4221 3821 4293">
    <p class='ocr_par' dir='ltr' id='par_1_88' title="bbox 2238 4221 3821 4293">
     <span class='ocr_line' id='line_1_88' title="bbox 2238 4221 3821 4293; baseline -0.001 -13"><span class='ocrx_word' id='word_1_597' title='bbox 2238 4238 2307 4280; x_wconf 90' lang='lat' dir='ltr'><strong>eo</strong></span> <span class='ocrx_word' id='word_1_598' title='bbox 2332 4223 2580 4277; x_wconf 90' lang='lat' dir='ltr'><strong>videlicet</strong></span> <span class='ocrx_word' id='word_1_599' title='bbox 2600 4221 2690 4254; x_wconf 83' lang='grc'><strong>¹⁸⁹⁷</strong></span> <span class='ocrx_word' id='word_1_600' title='bbox 2720 4229 2780 4276; x_wconf 88' lang='lat' dir='ltr'><strong>ut</strong></span> <span class='ocrx_word' id='word_1_601' title='bbox 2809 4222 3054 4292; x_wconf 88' lang='lat' dir='ltr'><strong>plerique</strong></span> <span class='ocrx_word' id='word_1_602' title='bbox 3082 4222 3607 4293; x_wconf 79' lang='lat' dir='ltr'><strong>interpretabantur,</strong></span> <span class='ocrx_word' id='word_1_603' title='bbox 3634 4224 3821 4279; x_wconf 54' lang='lat' dir='ltr'><strong>interr</strong></span> 
     </span>
    </p>
   </div>
   <div class='ocr_carea' id='block_1_89' title="bbox 2240 4311 3827 4383">
    <p class='ocr_par' dir='ltr' id='par_1_89' title="bbox 2240 4311 3827 4383">
     <span class='ocr_line' id='line_1_89' title="bbox 2240 4311 3827 4383; baseline -0.002 -11"><span class='ocrx_word' id='word_1_604' title='bbox 2240 4317 2395 4380; x_wconf 83' lang='lat' dir='ltr'><strong>dens,</strong></span> <span class='ocrx_word' id='word_1_605' title='bbox 2419 4323 2478 4367; x_wconf 85' lang='lat' dir='ltr'><strong>ut</strong></span> <span class='ocrx_word' id='word_1_606' title='bbox 2496 4329 2591 4383; x_wconf 89' lang='lat' dir='ltr'><strong>per</strong></span> <span class='ocrx_word' id='word_1_607' title='bbox 2611 4311 2775 4381; x_wconf 85' lang='lat' dir='ltr'><strong>hujus</strong></span> <span class='ocrx_word' id='word_1_608' title='bbox 2794 4312 3152 4382; x_wconf 85' lang='lat' dir='ltr'><strong>dejectionem</strong></span> <span class='ocrx_word' id='word_1_609' title='bbox 3170 4312 3258 4366; x_wconf 86' lang='lat' dir='ltr'><strong>via</strong></span> <span class='ocrx_word' id='word_1_610' title='bbox 3287 4312 3395 4368; x_wconf 89' lang='lat' dir='ltr'><strong>sibi</strong></span> <span class='ocrx_word' id='word_1_611' title='bbox 3417 4312 3710 4383; x_wconf 82' lang='lat' dir='ltr'><strong>pateﬁeret</strong></span> <span class='ocrx_word' id='word_1_612' title='bbox 3728 4314 3827 4348; x_wconf 70' lang='grc'><strong>⁸³⁵³</strong></span> 
     </span>
    </p>
   </div>
   <div class='ocr_carea' id='block_1_90' title="bbox 2184 4405 3826 4476">
    <p class='ocr_par' dir='ltr' id='par_1_90' title="bbox 2184 4405 3826 4476">
     <span class='ocr_line' id='line_1_90' title="bbox 2184 4405 3826 4476; baseline 0 -13"><span class='ocrx_word' id='word_1_613' title='bbox 2184 4472 2185 4475; x_wconf 25' lang='grc' dir='ltr'><strong>η</strong></span> <span class='ocrx_word' id='word_1_614' title='bbox 2243 4408 2310 4463; x_wconf 91' lang='lat' dir='ltr'><strong>ad</strong></span> <span class='ocrx_word' id='word_1_615' title='bbox 2355 4405 2817 4461; x_wconf 85' lang='lat' dir='ltr'><strong>Wormaciensem</strong></span> <span class='ocrx_word' id='word_1_616' title='bbox 2851 4406 3166 4476; x_wconf 81' lang='lat' dir='ltr'><strong>episc0pum</strong></span> <span class='ocrx_word' id='word_1_617' title='bbox 3208 4406 3263 4461; x_wconf 89' lang='lat' dir='ltr'><strong>et</strong></span> <span class='ocrx_word' id='word_1_618' title='bbox 3307 4406 3449 4461; x_wconf 83' lang='lat' dir='ltr'><strong>alios</strong></span> <span class='ocrx_word' id='word_1_619' title='bbox 3493 4407 3826 4471; x_wconf 70' lang='lat' dir='ltr'><strong>nonnullos.</strong></span> 
     </span>
    </p>
   </div>
   <div class='ocr_carea' id='block_1_91' title="bbox 566 4476 3827 4569">
    <p class='ocr_par' dir='ltr' id='par_1_91' title="bbox 566 4476 3827 4569">
     <span class='ocr_line' id='line_1_91' title="bbox 566 4476 3827 4569; baseline 0.005 -30"><span class='ocrx_word' id='word_1_620' title='bbox 566 4482 854 4551; x_wconf 87' lang='lat' dir='ltr'><strong>stadensis,</strong></span> <span class='ocrx_word' id='word_1_621' title='bbox 882 4476 1007 4540; x_wconf 87' lang='lat' dir='ltr'><strong>Otto</strong></span> <span class='ocrx_word' id='word_1_622' title='bbox 1031 4484 1141 4540; x_wconf 86' lang='lat' dir='ltr'><strong>dux</strong></span> <span class='ocrx_word' id='word_1_623' title='bbox 1170 4488 1445 4557; x_wconf 88' lang='lat' dir='ltr'><strong>quondam</strong></span> <span class='ocrx_word' id='word_1_624' title='bbox 1473 4488 1755 4558; x_wconf 68' lang='lat' dir='ltr'><strong>Baioariae,</strong></span> <span class='ocrx_word' id='word_1_625' title='bbox 1778 4492 2005 4565; x_wconf 82' lang='lat' dir='ltr'><strong>Magnus</strong></span> <span class='ocrx_word' id='word_1_626' title='bbox 2028 4499 2139 4554; x_wconf 80' lang='lat' dir='ltr'><strong>dux</strong></span> <span class='ocrx_word' id='word_1_627' title='bbox 2172 4483 2216 4538; x_wconf 79' lang='grc' dir='ltr'>Ῑ)</span> <span class='ocrx_word' id='word_1_628' title='bbox 2242 4498 2440 4568; x_wconf 88' lang='lat' dir='ltr'><strong>quibus</strong></span> <span class='ocrx_word' id='word_1_629' title='bbox 2466 4498 2519 4551; x_wconf 92' lang='lat' dir='ltr'><strong>in</strong></span> <span class='ocrx_word' id='word_1_630' title='bbox 2545 4497 2802 4552; x_wconf 88' lang='lat' dir='ltr'><strong>ultionem</strong></span> <span class='ocrx_word' id='word_1_631' title='bbox 2829 4498 3073 4568; x_wconf 72' lang='lat' dir='ltr'><strong>pristinae</strong></span> <span class='ocrx_word' id='word_1_632' title='bbox 3097 4496 3418 4554; x_wconf 80' lang='lat' dir='ltr'><strong>defectionis</strong></span> <span class='ocrx_word' id='word_1_633' title='bbox 3442 4494 3562 4568; x_wconf 87' lang='lat' dir='ltr'><strong>jam</strong></span> <span class='ocrx_word' id='word_1_634' title='bbox 3600 4499 3827 4569; x_wconf 77' lang='lat' dir='ltr'><strong>pridem</strong></span> 
     </span>
    </p>
   </div>
   <div class='ocr_carea' id='block_1_92' title="bbox 567 4572 2141 4654">
    <p class='ocr_par' dir='ltr' id='par_1_92' title="bbox 567 4572 2141 4654">
     <span class='ocr_line' id='line_1_92' title="bbox 567 4572 2141 4654; baseline 0.012 -27"><span class='ocrx_word' id='word_1_635' title='bbox 567 4572 840 4650; x_wconf 76' lang='lat' dir='ltr'><strong>Saxoniae,</strong></span> <span class='ocrx_word' id='word_1_636' title='bbox 871 4573 1235 4632; x_wconf 80' lang='lat' dir='ltr'><strong>Herimannus</strong></span> <span class='ocrx_word' id='word_1_637' title='bbox 1264 4583 1470 4645; x_wconf 86' lang='lat' dir='ltr'><strong>eomes,</strong></span> <span class='ocrx_word' id='word_1_638' title='bbox 1516 4589 1746 4650; x_wconf 87' lang='lat' dir='ltr'><strong>patruus</strong></span> <span class='ocrx_word' id='word_1_639' title='bbox 1789 4586 1930 4654; x_wconf 86' lang='lat' dir='ltr'><strong>ejus,</strong></span> <span class='ocrx_word' id='word_1_640' title='bbox 1958 4587 2141 4645; x_wconf 81' lang='lat' dir='ltr'><strong>Fride-</strong></span> 
     </span>
    </p>
   </div>
   <div class='ocr_carea' id='block_1_93' title="bbox 564 4662 2142 4736">
    <p class='ocr_par' dir='ltr' id='par_1_93' title="bbox 564 4662 2142 4736">
     <span class='ocr_line' id='line_1_93' title="bbox 564 4662 2142 4736; baseline 0.012 -19"><span class='ocrx_word' id='word_1_641' title='bbox 564 4662 716 4719; x_wconf 89' lang='lat' dir='ltr'><strong>ricus</strong></span> <span class='ocrx_word' id='word_1_642' title='bbox 750 4664 1020 4734; x_wconf 81' lang='lat' dir='ltr'><strong>palatinas</strong></span> <span class='ocrx_word' id='word_1_643' title='bbox 1048 4683 1253 4735; x_wconf 88' lang='lat' dir='ltr'><strong>comes,</strong></span> <span class='ocrx_word' id='word_1_644' title='bbox 1284 4668 1600 4728; x_wconf 88' lang='lat' dir='ltr'><strong>Diedericus</strong></span> <span class='ocrx_word' id='word_1_645' title='bbox 1642 4688 1829 4732; x_wconf 87' lang='lat' dir='ltr'><strong>comes</strong></span> <span class='ocrx_word' id='word_1_646' title='bbox 1871 4679 1939 4733; x_wconf 92' lang='lat' dir='ltr'><strong>de</strong></span> <span class='ocrx_word' id='word_1_647' title='bbox 1973 4678 2142 4736; x_wconf 80' lang='lat' dir='ltr'><strong>Cada-</strong></span> 
     </span>
    </p>
   </div>
   <div class='ocr_carea' id='block_1_94' title="bbox 566 4754 2141 4835">
    <p class='ocr_par' dir='ltr' id='par_1_94' title="bbox 566 4754 2141 4835">
     <span class='ocr_line' id='line_1_94' title="bbox 566 4754 2141 4835; baseline 0.013 -28"><span class='ocrx_word' id='word_1_648' title='bbox 566 4754 795 4835; x_wconf 85' lang='lat' dir='ltr'><strong>lenburg</strong></span> <span class='ocrx_word' id='word_1_649' title='bbox 818 4754 910 4789; x_wconf 82' lang='grc'><strong>¹⁸⁹¹</strong></span> <span class='ocrx_word' id='word_1_650' title='bbox 933 4757 1103 4829; x_wconf 74' lang='lat' dir='ltr'><strong>(Ml),</strong></span> <span class='ocrx_word' id='word_1_651' title='bbox 1130 4754 1457 4817; x_wconf 72' lang='lat' dir='ltr'><strong>Adalbertus</strong></span> <span class='ocrx_word' id='word_1_652' title='bbox 1488 4763 1581 4799; x_wconf 69' lang='lat' dir='ltr'><strong>m‘</strong></span> <span class='ocrx_word' id='word_1_653' title='bbox 1603 4779 1790 4822; x_wconf 90' lang='lat' dir='ltr'><strong>comes</strong></span> <span class='ocrx_word' id='word_1_654' title='bbox 1814 4767 1883 4824; x_wconf 91' lang='lat' dir='ltr'><strong>de</strong></span> <span class='ocrx_word' id='word_1_655' title='bbox 1908 4764 2141 4827; x_wconf 78' lang='lat' dir='ltr'><strong>Thurin-</strong></span> 
     </span>
    </p>
   </div>
   <div class='ocr_carea' id='block_1_95' title="bbox 665 4968 1461 4996">
    <p class='ocr_par' dir='ltr' id='par_1_95' title="bbox 665 4968 1461 4996">
     <span class='ocr_line' id='line_1_95' title="bbox 665 4968 1461 4996; baseline 0 0"><span class='ocrx_word' id='word_1_656' title='bbox 665 4968 1028 4996; x_wconf 33' lang='lat' dir='ltr'><strong>nomn-.1&quot;!</strong></span> <span class='ocrx_word' id='word_1_657' title='bbox 1115 4968 1461 4996; x_wconf 63' lang='lat' dir='ltr'><strong>n&#39;u‘un</strong></span> 
     </span>
    </p>
   </div>
   <div class='ocr_carea' id='block_1_96' title="bbox 2254 4589 3831 4662">
    <p class='ocr_par' dir='ltr' id='par_1_96' title="bbox 2254 4589 3831 4662">
     <span class='ocr_line' id='line_1_96' title="bbox 2254 4589 3831 4662; baseline 0.003 -19"><span class='ocrx_word' id='word_1_658' title='bbox 2254 4604 2455 4643; x_wconf 72' lang='lat' dir='ltr'><strong>:umma</strong></span> <span class='ocrx_word' id='word_1_659' title='bbox 2491 4602 2593 4658; x_wconf 87' lang='lat' dir='ltr'><strong>Ope</strong></span> <span class='ocrx_word' id='word_1_660' title='bbox 2607 4589 2969 4658; x_wconf 88' lang='lat' dir='ltr'><strong>calumpniam</strong></span> <span class='ocrx_word' id='word_1_661' title='bbox 3003 4597 3214 4646; x_wconf 88' lang='lat' dir='ltr'><strong>struere</strong></span> <span class='ocrx_word' id='word_1_662' title='bbox 3241 4590 3604 4646; x_wconf 85' lang='lat' dir='ltr'><strong>sentiebatur.</strong></span> <span class='ocrx_word' id='word_1_663' title='bbox 3646 4589 3831 4662; x_wconf 75' lang='lat' dir='ltr'><strong>Igitur</strong></span> 
     </span>
    </p>
   </div>
   <div class='ocr_carea' id='block_1_97' title="bbox 2248 4679 3827 4752">
    <p class='ocr_par' dir='ltr' id='par_1_97' title="bbox 2248 4679 3827 4752">
     <span class='ocr_line' id='line_1_97' title="bbox 2248 4679 3827 4752; baseline 0.001 -16"><span class='ocrx_word' id='word_1_664' title='bbox 2248 4679 2516 4736; x_wconf 77' lang='lat' dir='ltr'><strong>Jrofectus</strong></span> <span class='ocrx_word' id='word_1_665' title='bbox 2547 4680 2877 4751; x_wconf 87' lang='lat' dir='ltr'><strong>Babenberg,</strong></span> <span class='ocrx_word' id='word_1_666' title='bbox 2916 4681 3251 4752; x_wconf 85' lang='lat' dir='ltr'><strong>Ruopertum</strong></span> <span class='ocrx_word' id='word_1_667' title='bbox 3280 4683 3372 4715; x_wconf 60' lang='lat'><strong>’5”</strong></span> <span class='ocrx_word' id='word_1_668' title='bbox 3399 4681 3827 4738; x_wconf 74' lang='lat' dir='ltr'><strong>Goslariensem</strong></span> 
     </span>
    </p>
   </div>
   <div class='ocr_carea' id='block_1_98' title="bbox 2247 4770 3829 4843">
    <p class='ocr_par' dir='ltr' id='par_1_98' title="bbox 2247 4770 3829 4843">
     <span class='ocr_line' id='line_1_98' title="bbox 2247 4770 3829 4843; baseline 0.001 -16"><span class='ocrx_word' id='word_1_669' title='bbox 2247 4770 2594 4842; x_wconf 68' lang='lat' dir='ltr'><strong>praepositum</strong></span> <span class='ocrx_word' id='word_1_670' title='bbox 2642 4772 2698 4826; x_wconf 86' lang='lat' dir='ltr'><strong>in</strong></span> <span class='ocrx_word' id='word_1_671' title='bbox 2751 4774 3033 4828; x_wconf 87' lang='lat' dir='ltr'><strong>nativitate</strong></span> <span class='ocrx_word' id='word_1_672' title='bbox 3080 4774 3255 4828; x_wconf 84' lang='lat' dir='ltr'><strong>sancti</strong></span> <span class='ocrx_word' id='word_1_673' title='bbox 3298 4773 3532 4829; x_wconf 66' lang='lat' dir='ltr'><strong>Andreae</strong></span> <span class='ocrx_word' id='word_1_674' title='bbox 3576 4774 3829 4843; x_wconf 73' lang='lat' dir='ltr'><strong>apostoli</strong></span> 
     </span>
    </p>
   </div>
   <div class='ocr_carea' id='block_1_99' title="bbox 1730 4882 2589 4985">
    <p class='ocr_par' dir='ltr' id='par_1_99' title="bbox 1730 4882 2589 4985">
     <span class='ocr_line' id='line_1_99' title="bbox 1730 4882 2589 4985; baseline 0.003 -33"><span class='ocrx_word' id='word_1_675' title='bbox 1730 4984 1735 4985; x_wconf 13' lang='grc' dir='ltr'><em>ν</em></span> <span class='ocrx_word' id='word_1_676' title='bbox 1879 4897 2106 4955; x_wconf 63' lang='lat' dir='ltr'><strong>nam</strong></span> <span class='ocrx_word' id='word_1_677' title='bbox 2146 4900 2538 4957; x_wconf 70' lang='lat' dir='ltr'><strong>Lecrloms.</strong></span> <span class='ocrx_word' id='word_1_678' title='bbox 2588 4882 2589 4885; x_wconf 46' lang='lat'>‘</span> 
     </span>
    </p>
   </div>
  </div>
