4050 5358
638 165 784 180 ,’.-“
803 163 868 174 ιο».-
878 163 903 171 0'
917 162 931 173 φ

260 218 393 278 ηοι

1504 223 1840 281 ANNALES.
1872 255 1940 264 —
1961 224 2072 283 AN.
2094 226 2264 288 1071⁸5.Δ
2304 246 2307 249 ‘

3372 228 3527 287 303.-

240 334 417 407 ,(Νου.
457 334 550 406 '50)
574 345 675 403 pro
715 348 782 389 eo
814 333 1060 389 ordinari
1101 332 1230 389 fecit
1269 333 1609 406 episcopum,
1649 337 1830 392 virum
1860 340 1907 396 Α
1930 337 2100 414 eligit,
2123 338 2250 393 dein
2269 337 2360 369 ¹⁶⁰⁸
2382 345 2593 392 ceteros
2622 344 2736 392 tam
2762 337 3062 394 monachos
3091 354 3256 409 quam
3287 340 3507 419 milites,

238 426 507 498 pessimae
537 424 960 483 existimationis
987 426 1042 480 in
1064 427 1289 497 populo,
1317 441 1384 481 eo
1406 428 1555 498 quod
1587 429 1703 499 regi
1747 427 1830 487 fas-

240 518 658 579 miliarissimus
678 525 734 573 et
770 518 1026 575 omnibus
1056 518 1176 589 ejus
1206 519 1431 576 secretis
1467 535 1680 590 semper
1704 519 1831 575 inti-

250 626 376 669 mus
394 609 611 677 fuisset,
651 618 708 665 et
740 609 987 664 omnium
1030 626 1154 681 qua:
1178 626 1283 673 πει,
1296 627 1581 681 perperam
1605 619 1661 666 et
1691 626 1832 680 prae-

250 711 335 758 ter
361 702 565 773 regiam
609 701 1072 771 magniﬁcentiam
1117 702 1172 756 in
1216 718 1276 758 re
1305 704 1521 772 publica
1549 703 1828 774 gessisset,

248 793 569 862 potissimus
614 792 861 847 incentor
895 793 1140 849 extitisse
1177 802 1479 864 putaretur.
1524 793 1593 848 Et
1632 794 1831 850 milites

246 883 489 953 quidem,
512 884 605 917 ¹⁸⁹⁹
653 884 921 941 acerrime
969 884 1174 945 factum
1222 886 1636 958 improbabant,
1681 886 1829 957 quod

248 975 487 1043 scilicet,
528 976 742 1030 vivente
781 977 964 1047 priore
1001 977 1260 1048 episcopo
1309 994 1410 1035 nec
1458 978 1719 1041 canonice
1761 978 1830 1033 ad

246 1066 504 1121 sinodum
542 1075 769 1123 evocato
797 1084 898 1125 nec
930 1070 1192 1125 canonice
1231 1071 1561 1140 adiudicato,
1593 1072 1739 1127 alius
1760 1071 1829 1126 ad

245 1156 677 1223 adulterandum,
708 1160 957 1222 ecclesia:
993 1160 1461 1232 Babenbergensis
1514 1163 1824 1223 castitatem

245 1248 700 1318 superordinatus
756 1249 956 1305 fuisset
998 1251 1309 1321 episcopus.
1359 1250 1556 1308 Clerici
1602 1262 1782 1308 autem
1809 1295 1826 1321 ,

244 1338 352 1395 etsi
392 1354 490 1395 eos
511 1355 676 1409 quam
721 1340 958 1397 maxime
991 1340 1287 1396 oﬂ‘enderet
1309 1357 1542 1411 persona
1568 1344 1825 1411 ordinati,

247 1430 381 1486 ha‘ut
413 1446 544 1489 sane
587 1431 791 1487 bonum
842 1432 1221 1495 testimonium
1251 1434 1461 1493 habens
1504 1435 1573 1496 ab
1611 1435 1698 1490 bis
1732 1439 1828 1508 qui

244 1520 383 1578 foris
399 1532 576 1590 erant,
608 1524 885 1579 malebant
911 1533 1092 1580 tamen
1115 1525 1573 1596 qualemcumque
1601 1528 1823 1595 habere,

243 1629 411 1684 quam
438 1630 566 1670 eum
601 1616 865 1671 adversus
907 1631 1070 1686 quem
1113 1617 1296 1672 sedem
1327 1618 1684 1687 apostolicam
1725 1634 1825 1689 ap-

1932 437 1994 483 ut
2020 428 2077 482 in
2109 428 2429 484 electionem
2463 428 2581 498 ejus
2609 428 2972 496 consentiant,
3000 429 3200 485 obnixe
3231 430 3509 504 etllagitat.

1929 518 2009 575 lta
2038 520 2253 575 cunctis
2277 521 2369 589 qui
2397 520 2623 575 aderant
2653 520 2931 575 lartissima
2965 514 3355 578 acclamatione
3390 525 3509 580 suf-

1930 608 2165 681 fragium
2199 609 2518 676 ferentibus,
2550 611 2822 665 abbatiam
2848 610 3127 682 suscipere
3148 612 3372 683 jubetur
3400 633 3416 682 ;
3457 625 3513 672 et

1930 716 2055 754 eum
2083 700 2289 757 diu,um
2335 717 2482 756 nunc
2532 702 2859 779 imperitiam
2899 717 3090 768 suam,
3129 689 3276 758 nunc
3311 705 3511 762 malam

1928 792 2317 859 valitudinem,
2362 808 2508 847 nunc
2537 792 2748 848 abbatis
2782 792 2868 848 sui
2904 792 3208 848 absentiam
3249 804 3511 852 causatus

1930 885 2238 950 restitisset,
2281 883 2371 937 vix
2413 884 2630 939 tandem
2670 884 2984 954 aliquando,
3016 887 3365 954 praesentium
3392 888 3511 958 epi-

1929 991 2221 1045 SCOpOl‘um
2247 974 2611 1029 obtestatione
2648 976 2948 1044 adjuratus,
2979 976 3255 1045 suscipere
3279 991 3513 1033 consen'.

1929 1068 2016 1121 sit.
2050 1064 2331 1134 Similiter,
2364 1065 2621 1121 defuncto
2662 1082 2836 1136 nuper
2863 1064 3158 1122 Oudalrico
3188 1067 3282 1098 ¹⁶⁰⁷
3316 1068 3512 1125 abbate

1928 1158 1995 1212 de
2022 1157 2318 1225 Loressan,
2345 1173 2471 1213 eum
2503 1158 2760 1212 monachi
2789 1165 2843 1211 et
2876 1157 3078 1213 milites
3104 1159 3158 1213 in
3188 1159 3510 1217 electionem

1922 1249 2205 1319 praepositi
2232 1249 2575 1305 concorditer
2617 1249 2840 1304 adunati
2870 1249 2938 1304 ad
2966 1258 3174 1304 curtem
3208 1250 3509 1318 venissent,

1929 1356 2107 1410 neque
2147 1328 2241 1396 rex
2270 1340 2428 1395 aliter
2467 1356 2734 1397 sensurus
2764 1347 3050 1410 putaretur
3087 1350 3307 1411 propter
3340 1344 3514 1397 multa

1927 1431 2146 1493 servitia
2199 1432 2401 1501 quibus
2431 1433 2540 1499 ille,
2565 1433 2695 1487 dum
2726 1432 3050 1502 praepositus
3082 1420 3407 1489 monasterii
3432 1450 3514 1489 es—

1927 1531 2028 1589 set,
2058 1522 2288 1594 gratiam
2324 1523 2781 1595 dileetionemque
2809 1524 2929 1594 ejus
2949 1524 3187 1581 olliciosa
3218 1527 3512 1583 admodum

1927 1615 2213 1677 sedulitate
2239 1615 2547 1671 redemerat
2576 1633 2589 1668 :
2630 1631 2723 1670 rex
2754 1616 2920 1670 alium
2945 1617 3216 1686 quendam
3242 1617 3334 1649 ¹⁶⁰⁸
3361 1619 3513 1689 ejus-

244 1705 596 1774 pellaverant,
632 1716 687 1763 et
711 1709 871 1778 cujus
897 1709 1029 1783 vita:
1050 1708 1520 1778 institutionisque
1541 1710 1827 1780 lugubrem
1861 1690 1902 1744 Β
1930 1706 2054 1761 dem
2085 1706 2321 1762 cmuobii
2360 1707 2715 1774 monachum,
2752 1705 3108 1762 Adalbertum
3139 1707 3230 1739 ’δυ’
3270 1710 3511 1776 nomine,

244 1798 545 1867 tragediam
573 1806 705 1854 toto.
731 1800 923 1863 mundi
950 1800 1042 1874 ¹⁶⁰ξ
1080 1800 1247 1872 hujus
1288 1801 1503 1864 theatro
1527 1801 1824 1865 decantan-

243 1887 372 1943 dam
393 1889 768 1960 vulgaverant,
800 1891 1045 1962 recipere
1314 1938 1317 1939 ν

314 1978 544 2036 Postera
570 1981 657 2037 die
684 1981 834 2052 (Dec.
871 1982 945 2053 l),
985 1998 1113 2037 cum
1137 1981 1206 2037 ad
1235 1981 1545 2054 eligendum
1587 1983 1825 2045 Fulden.

240 2071 637 2132 semabbatem
664 2087 912 2134 rexcum
940 2073 1277 2144 principibus
1306 2074 1624 2142 assedisset,
1664 2092 1828 2148 gran-

238 2160 331 2216 dis
350 2168 468 2217 erat
505 2164 648 2218 inter
671 2164 895 2220 abbates
924 2172 979 2220 et
1015 2167 1338 2232 monachos,
1368 2167 1465 2237 qui
1502 2182 1569 2223 ex
1596 2168 1828 2226 diversis

240 2251 383 2307 locis
408 2252 720 2324 frequentes
735 2256 1130 2323 conﬂuxerant,
1153 2259 1507 2321 concertatio.
1524 2258 1828 2331 Tamquam

240 2345 566 2405 solemniter
591 2347 796 2408 indicto
822 2364 1015 2419 agone,
1047 2350 1247 2421 singuli
1275 2366 1374 2421 pro
1396 2351 1537 2406 virili
1578 2368 1667 2423 poi
1680 2353 1830 2411 tione

238 2444 551 2505 currentes,
578 2438 717 2495 alius
743 2455 940 2496 aureos
966 2450 1201 2509 montes,
1224 2443 1365 2498 alius
1388 2442 1629 2515 ingentia
1658 2446 1826 2503 bene-

237 2527 368 2588 ticia
397 2543 462 2583 ex
509 2544 642 2599 agro
688 2529 991 2598 Fuldeusi,
1022 2532 1164 2587 alius
1201 2533 1365 2589 solito
1395 2535 1728 2604 impensiora
1771 2539 1825 2594 in

240 2634 363 2674 rem
390 2619 665 2690 publicam
707 2622 928 2679 servitia
953 2624 1360 2694 promittebant,
1385 2640 1486 2682 nec
1509 2642 1736 2697 prorsus
1771 2629 1826 2687 in

240 2710 616 2785 promittendo
656 2716 901 2769 modum.
921 2723 1017 2770 aut
1058 2717 1382 2773 modestiam
1428 2719 1595 2774 ullam
1642 2736 1828 2778 serva-

241 2801 396 2865 bant.
422 2802 489 2859 Et
513 2792 553 2859 Vo
576 2820 779 2873 mores,
802 2822 838 2861 ο
866 2813 1119 2879 tempora
1142 2808 1290 2882 (M6)
1320 2812 1334 2865 l
1362 2826 1397 2875 ο
1422 2811 1831 2872 abhominatio-

240 2908 372 2949 nem
399 2895 948 2970 desolationis(Dan.
984 2917 1061 2969 rx,
1087 2900 1180 2974 2'1)
1209 2911 1443 2961 stantem
1486 2905 1542 2960 in
1584 2906 1707 2962 loco
1729 2907 1823 2965 ubi

240 3001 360 3045 non
373 2987 550 3055 debet,
574 2996 629 3043 et
649 3004 1017 3048 mammonam
1038 2992 1243 3049 nostris
1262 2995 1594 3065 temporibus
1610 2999 1825 3067 publice

242 3078 527 3139 sedentem
551 3079 608 3134 in
627 3082 832 3152 templo
857 3081 954 3138 Dei
980 3093 1034 3139 et
1057 3085 1404 3141 extollentem
1462 3103 1520 3144 se
1541 3104 1706 3159 supra
1729 3090 1831 3132 “"-

242 3181 410 3227 omne
445 3172 594 3242 quod
634 3173 834 3229 dicitur
860 3173 1004 3231 Deus
1025 3185 1120 3231 aut
1147 3178 1293 3248 quod
1317 3179 1542 3235 colitur!
1587 3180 1826 3239 Abbates

242 3267 302 3318 et
321 3263 577 3336 monachi
591 3264 666 3319 ita
689 3266 1003 3323 ambitionis
1013 3268 1207 3338 spiritu
1230 3271 1534 3342 przecipites
1548 3273 1828 3342 rapieban-

242 3360 358 3422 tur,
380 3363 442 3409 ut
463 3370 560 3411 eos
583 3371 625 3415 a
643 3358 937 3428 cupiditate
964 3375 1069 3419 sua
1087 3377 1197 3416 non
1218 3364 1394 3434 pudor
1418 3365 1658 3422 nominis
1687 3366 1836 3430 chris

245 3445 433 3513 stiani,
459 3462 570 3501 non
593 3448 815 3504 habitus
844 3451 1063 3507 artioris
1083 3454 1367 3523 propositi,
1392 3470 1500 3510 non
1528 3457 1709 3526 ipsum
1732 3458 1827 3513 de-

244 3536 412 3608 nique
438 3528 739 3595 deterreret
768 3556 960 3599 recens
1005 3530 1317 3615 exemplum
1359 3546 1827 3617 Babenbergensis

244 3626 510 3698 episcopi,
534 3644 695 3698 quem
720 3632 893 3701 pridie
916 3632 1171 3690 videbant
1195 3652 1305 3692 non
1326 3637 1489 3693 aliam
1511 3640 1583 3696 ob
1602 3655 1827 3697 causam

243 3725 301 3773 et
317 3719 642 3790 ,episcOpatn
668 3723 939 3791 privatum
974 3734 1029 3782 et
1054 3730 1458 3796 communione,
1482 3747 1656 3802 quam
1680 3734 1827 3802 quod

246 3808 317 3869 ad
355 3825 577 3873 sacrum
620 3813 865 3877 ordinem
918 3819 1110 3880 illicita
1144 3822 1432 3891 largitione
1478 3825 1695 3879 aditum
1722 3826 1833 3887 sibi

247 3899 585 3958 affectasset:
628 3904 835 3963 Horum
880 3909 1273 3980 impudentiam
1322 3931 1417 3970 rex
1468 3915 1828 3974 vehementis-

249 3991 407 4060 sime,
430 4002 491 4048 ut
518 3994 741 4066 dignum
768 4009 905 4067 erat,
929 4001 1249 4071 detestatus,
1276 4021 1401 4061 cum
1430 4006 1558 4061 hinc
1582 4007 1705 4063 inde
1730 4008 1831 4065 im-

247 4085 598 4153 portunem‘
635 4088 1056 4155 obtundentium
1101 4094 1356 4164 precibus
1394 4105 1699 4168 urgeretur,
1737 4115 1828 4156 re-

249 4181 411 4244 pente
436 4176 644 4245 divino,
669 4188 732 4234 ut
759 4183 1018 4252 creditur,
1050 4185 1249 4254 spiritu
1282 4196 1458 4253 actus,
1499 4191 1831 4249 monachum

249 4267 522 4337 quendam
550 4269 1014 4342 llerveldensem,
1048 4274 1406 4333 Ruozelinum
1438 4280 1532 4312 ¹⁶⁰⁸
1585 4282 1827 4349 nomine,

1927 1798 2177 1871 quicum
2217 1798 2413 1855 ceteris
2444 1798 2707 1855 fratribus
2744 1798 2881 1855 nihil
2923 1800 3027 1853 tale
3058 1799 3313 1870 opinatus
3349 1800 3515 1855 adve—

1927 1899 2107 1956 nerat,
2136 1898 2359 1960 repente
2386 1890 2587 1960 injecta
2613 1891 2705 1924 ¹⁶¹⁰
2750 1907 2913 1946 manu
2950 1891 3005 1944 in
3033 1890 3275 1946 medium
3299 1900 3515 1962 protra-

1926 1981 2039 2049 hit,
2075 1989 2130 2037 et
2170 1966 2252 2037 rei
2286 1981 2527 2036 novitate
2576 1982 2808 2036 attonito
2855 1982 3110 2038 baculum
3159 1983 3512 2053 pastoralem,

1927 2073 2139 2129 cunctis
2175 2073 2540 2143 stupentibus,
2573 2073 2735 2140 tradit
2762 2073 2877 2127 m'.

1997 2163 2363 2220 Herimannus
2398 2163 2866 2236 Babenbergensis
2891 2164 3200 2236 epiScopus,
3234 2173 3515 2235 comperto

1926 2257 2074 2327 quod
2108 2257 2255 2312 alius
2285 2257 2345 2339 in
2388 2256 2573 2315 locum
2617 2257 2739 2327 ejus
2787 2258 3120 2328 subrogatus
3163 2265 3311 2312 esset
3365 2257 3513 2321 (417)

1927 2349 2235 2419 episcopus,
2259 2364 2384 2404 cum
2410 2349 2590 2404 omnis
2607 2349 2721 2419 jam
2750 2348 2801 2404 ci
2822 2349 2913 2380 ¹⁶¹¹
2936 2364 3060 2420 spes
3089 2356 3338 2418 adempta
3369 2356 3516 2404 esset

1926 2440 2309 2511 recuperandae
2330 2442 2585 2512 deinceps
2611 2441 2891 2512 dignitatis
2914 2457 3047 2515 sure,
3070 2456 3171 2496 nec
3198 2441 3265 2495 ad
3291 2449 3514 2496 elucen-

1925 2532 2049 2587 dam
2081 2530 2312 2586 Romani
2340 2532 2613 2602 pontiﬁcis
2642 2533 2963 2589 sententiam
2997 2532 3168 2588 ullum
3192 2531 3335 2586 ultra
3362 2539 3515 2601 pate-

1926 2631 2009 2679 ret
2037 2623 2441 2692 diverticulum,
2478 2624 2535 2680 in
2587 2612 2984 2681 monasterium
3039 2623 3131 2678 cui
3187 2638 3388 2687 nomen
3430 2631 3519 2677 est

1928 2714 2134 2770 Suarza
2152 2714 2297 2786 (418)
2324 2716 2570 2783 secessit,
2599 2716 2783 2786 ibique
2812 2717 2914 2771 sub
2942 2715 3178 2786 Egberto
3198 2715 3289 2795 “‘f
3316 2714 3511 2769 abbate

1926 2814 2128 2863 sancta:
2154 2807 2584 2864 conversationis
2619 2808 2865 2863 habitum
2907 2807 3164 2877 suscepit.
3210 2804 3515 2875 Statimque

1926 2906 2210 2969 assumpto
2252 2914 2439 2956 secum
2475 2900 2668 2955 eodem
2709 2899 2904 2953 abbate
2938 2913 3060 2964 suo,
3105 2895 3336 2952 Romam
3382 2913 3512 2968 pro-

1927 2992 2101 3048 fectus
2130 2991 2241 3062 ““,
2284 3007 2411 3047 cum
2439 2992 2507 3047 de
2550 2990 2913 3047 inobedientia
2942 3006 3040 3052 sua
3068 2989 3344 3045 humiliter
3371 2989 3515 3060 apud

1928 3084 2112 3140 sedem
2142 3084 2497 3156 apostolicam
2525 3083 2900 3154 pmnitentiam
2942 3082 3163 3152 egisset,
3202 3090 3257 3136 et
3283 3081 3514 3137 anathe-

1927 3184 2071 3231 mate
2129 3176 2391 3231 liberatus
2414 3217 2429 3242 ,
2483 3183 2537 3230 et
2563 3173 2914 3230 sacerdotalis
2966 3173 3277 3240 ministerii,
3321 3181 3517 3246 praeter

1927 3267 2292 3339 pontiﬁcalem
2317 3265 2657 3339 dignitatem,
2687 3265 2868 3322 denuo
2892 3265 3167 3322 licentiam
3204 3274 3288 3321 est
3317 3268 3528 3321 conse-'

1928 3367 2090 3415 cutus
2106 3359 2219 3413 ¹⁶¹³.
2838 3346 2842 3381 λ

1998 3452 2216 3506 Annum
2243 3450 2337 3482 ¹⁶ί⁶
2364 3450 2528 3514 hunc,
2543 3450 2731 3505 multis
2749 3447 3302 3520 cladibusinsignem,
3334 3448 3522 3519 potis-

1928 3543 2129 3600 simum
2161 3541 2443 3613 lugubrem
2476 3540 2603 3595 fecit
2630 3540 2812 3596 obitus
2838 3539 3193 3595 Annonis‘m
3221 3539 3514 3595 Colonien-

1929 3637 2006 3693 sis
2047 3622 2481 3707 archiepiscopi,
2513 3634 2607 3704 qui
2656 3641 2781 3703 post
2823 3633 3042 3703 longam
3079 3632 3511 3704 aegrotationem,

1928 3740 2035 3805 qua
2067 3729 2328 3786 Dominus
2352 3744 2450 3783 vas
2476 3726 2759 3782 electionis
2794 3741 2907 3780 sua:
2954 3724 3009 3780 in
3040 3724 3257 3780 camino
3288 3723 3515 3783 tribula-

1927 3823 2095 3878 tionis
2116 3821 2211 3856 ¹⁶¹⁸
2233 3818 2561 3875 transitoria:
2586 3818 2779 3888 purius
2803 3833 2957 3883 auro,
2989 3817 3275 3887 purgatius
3302 3816 3523 3871 mundo.

1929 3914 2116 3970 obrizo
2156 3914 2465 3977 decoxerat,
2494 3908 2666 3980 pridie
2706 3906 2889 3964 Nonas
2918 3907 3231 3964 Decembris
3280 3907 3427 3979 (Dec.
3455 3909 3511 3977 4)

1927 4007 2088 4063 beato
2116 4006 2223 4060 (ine
2248 4003 2587 4074 perfunctus,
2619 4001 2689 4056 ad
2727 4001 2950 4072 angelos
2977 4016 3045 4058 ex
3068 3998 3411 4066 hominibus,
3443 4000 3512 4055 ad

1928 4097 2256 4154 immortalia
2301 4110 2368 4151 ex
2395 4093 2719 4150 mortalibus
2746 4094 3174 4165 transmigravit.
3220 4092 3515 4148 Testantur

1929 4191 2036 4250 hoc
2060 4191 2215 4262 signa
2240 4190 2295 4243 et
2320 4186 2588 4257 prodigia,
2605 4201 2727 4256 qua:
2748 4186 2967 4241 cottidie
2989 4186 3133 4241 circa
3162 4182 3514 4253 sepulchrum

1928 4282 2049 4352 ejus
2103 4279 2368 4334 Dominus
2398 4276 2711 4332 ‘ostendere
2759 4276 3038 4347 dignatur,
3095 4275 3163 4329 ad
3216 4270 3513 4329 confutan-

250 4358 348 4428 ςιιί
372 4373 474 4431 pro
502 4356 679 4418 causa
702 4369 1021 4422 monasterii
1053 4368 1211 4438 jussu
1248 4370 1460 4426 abbatis
1488 4372 1572 4428 sui
1601 4373 1668 4427 ad
1697 4389 1826 4429 cur-
1859 4376 1903 4432 D
1927 4374 2053 4427 dam
2077 4372 2167 4404 ¹⁶¹⁹
2212 4368 2603 4438 impudentiam
2631 4383 2824 4423 eorum
2876 4367 2972 4438 qui
2999 4366 3164 4436 paulo
3192 4373 3317 4419 ante
3346 4363 3514 4419 vitam

250 4454 364 4506 tem
398 4462 637 4523 venerat,
662 4455 717 4510 in
750 4459 992 4514 medium
1017 4469 1227 4528 evocat,
1256 4471 1310 4517 et
1335 4462 1468 4521 nihil
1491 4464 1674 4520 minus
1702 4480 1829 4541 suse

251 4539 476 4613 picenti,
499 4545 665 4602 etiam
688 4547 980 4620 in0pinatm
1004 4553 1084 4607 rei
1119 4542 1385 4627 miraculo
1412 4568 1549 4625 pene
1570 4555 1828 4622 exanimi,

253 4632 511 4695 baculum
545 4634 875 4712 pastoralem
898 4640 1179 4714 ‘oli‘erens,’
1201 4646 1414 4723 primus
1435 4647 1550 4718 ipse
1578 4647 1830 4707 abbatem

1934 4464 2055 4535 ejus
2082 4460 2498 4519 sanctissimam
2520 4468 2685 4528 atque
2710 4459 2778 4513 ab
2806 4458 2956 4512 omni
2985 4457 3150 4527 hujus
3178 4454 3368 4543 mundi
3399 4455 3521 4510 labe

1933 4561 2200 4626 quantum
2229 4551 2299 4607 ad
2326 4552 2603 4606 hominem
2658 4548 3086 4620 integerrimam,
3141 4548 3305 4603 livido
3359 4545 3528 4603 dente

1933 4646 2230 4720 carpebant
2256 4642 2428 4718 (419),
2456 4651 2512 4698 et
2537 4641 2840 4713 preciosam
2866 4640 3237 4713 margaritam,
3257 4632 3372 4709 jam
3392 4637 3537 4697 olim

1450 4790 1453 4793 Ἴ
1527 4800 1760 4859 ῩΑΚΙΕ
1802 4790 2201 4858 LECTIONES.

328 4906 376 4959 ί·
403 4994 436 5003 _
455 4926 762 5003 quidanm}:
802 4998 817 5003 _
838 4928 934 5003 εεοέ
954 4944 1159 5003 "innec
1190 4930 1247 5003 .5-
1322 4930 1414 5003 ’Ψ
1436 4945 1607 5003 super
1628 4951 1688 4992 θοι

260 5002 374 5068 tum
403 4994 491 5050 5.‘
514 5014 535 5029 π
563 4996 654 5030 ⁸⁸⁸⁷
687 4997 870 5052 Vdalr.
900 4998 955 5053 ‘5.
989 4999 1041 5054 5.
1075 4999 1261 5055 Udalr.
1293 4998 1411 5055 rell.

1784 4931 1856 4964 .08

1520 4945 1602 5001 per
1628 4951 1688 4992 θ.
1784 4945 1856 4999 ‘_.‘"’
1892 4945 1998 5003 opo

1520 5002 1614 5034 ¹⁶⁰⁸
1642 5000 1919 5068 quandam
1947 5002 1999 5057 '5.

2741 4928 2834 4967 ¹⁶⁶⁸
2859 4925 3060 4983 deinde
3085 4927 3142 4986 ι.

1927 4941 2163 5003 portune
2190 4933 2244 4990 4.
2349 4931 2445 4967 ¹⁶⁰⁸
2469 4933 2547 4987 ita
2574 4932 2627 4986 5.
2741 4931 2834 4967 ¹⁶⁰⁵
2859 4931 3060 5008 deinde
3085 4931 3142 4986 ι.

1947 5002 1999 5057 '5.
2110 5003 2203 5035 ¹⁶⁰⁹
2239 5003 2433 5061 Adelb.
2480 5016 2679 5056 omnes.
2768 4999 2861 5032 ¹⁸¹⁰
2901 5005 3112 5064 mjectu
3138 4999 3172 5055 5

2110 5003 2203 5035 ¹⁶⁰⁹
2239 5003 2433 5061 Adelb.
2480 5016 2679 5056 omnes.
