4050 5358
514 228 656 297 {203

514 372 755 435 «electis
775 382 930 453 Te!ng
953 374 1243 455 diademati
1268 372 1595 429 destinatam
1617 410 1634 435 ,
1685 367 1840 425 falsis
1865 360 2104 421 rumori-

520 480 628 534 nus
654 473 942 544 obfuscare
970 467 1327 539 conabantur.
1376 462 1428 521 Is
1466 463 1521 517 in
1548 455 1983 531 Babenbergensi
2008 468 2102 508 ec-

520 568 695 625 clesia
723 566 780 621 in
808 563 937 619 ludo
964 568 1078 616 tam
1114 558 1422 614 divinarum
1461 569 1628 625 quam
1657 551 1985 609 secularium
2012 551 2103 607 lit-.

522 669 773 717 terarum
816 652 1119 726 enutritus,
1158 657 1450 722 postquam
1496 644 1751 711 adolevit,
1781 637 1929 699 nulla
1956 658 2107 699 com-

526 749 874 808 mendatione
901 744 1176 816 majorum
1200 772 1272 783 ——
1292 747 1412 809 erat
1452 739 1653 811 quippe
1697 738 1819 792 loco
1847 735 2109 791 mediocri

527 852 691 899 natus
720 837 870 913 (420)
898 867 972 879 ——
997 835 1092 908 sed
1120 833 1237 891 sola
1292 832 1572 902 sapientia:
1620 846 1685 897 ac
1721 827 1953 891 ivit-tutis
1999 841 2112 885 sua:

527 932 906 1007 praerogativa,
936 926 1253 999 imperatori
1278 925 1368 957 “’°
1408 923 1663 979 Heinrico
1706 923 1796 955 ¹⁶¹¹
1852 919 2109 991 innotuit.

526 1027 573 1082 Α
602 1040 715 1098 quo
743 1025 798 1079 in
828 1022 1091 1094 palatium
1121 1026 1459 1088 assumptus,
1475 1016 1625 1077 brevi
1655 1014 1799 1085 apud
1823 1030 1979 1095 eum,
2002 1029 2115 1084 prae

527 1090 787 1183 omnibus
810 1090 1026 1171 clericis
1055 1111 1150 1184 qui
1193 1111 1251 1169 in
1280 1108 1492 1179 foribus
1541 1107 1725 1179 palatii
1751 1090 2114 1174 excubabant,

530 1211 771 1282 primum
822 1206 1010 1279 gratia:
1056 1212 1112 1259 et
1163 1199 1546 1257 familiaritatis
1592 1199 1818 1271 gradum
1862 1198 2118 1266 obtinuit,

530 1304 638 1359 hoc
690 1300 961 1372 praecipue
1010 1295 1361 1367 diligentibus
1412 1287 1480 1349 in"
1514 1306 1580 1348 eo
1627 1291 1884 1363 omnibus
1934 1292 2117 1358 bonis,

528 1394 678 1469 quod
729 1392 867 1464 justi
913 1407 977 1453 ac
1022 1389 1154 1461 recti
1179 1386 1472 1459 admodum
1514 1392 1677 1440 tenax
1704 1391 1843 1449 erat,
1873 1384 2119 1454 atquein

533 1487 793 1544 omnibus
821 1482 1025 1548 causis,
1055 1496 1156 1553 pro
1194 1494 1297 1535 suo
1345 1486 1463 1533 tum
1480 1476 1570 1508 ¹⁶³²
1619 1483 1785 1543 statu,
1836 1491 1945 1531 non
1989 1476 2124 1532 adu-

530 1579 696 1635 lando
752 1585 814 1633 nt
849 1575 1036 1641 ceteri,
1086 1573 1181 1629 sed
1236 1586 1364 1626 cum
1417 1584 1612 1640 magna
1666 1568 1915 1638 libertate
1967 1568 2122 1635 oblo-

1654 221 2005 282 LAMBER'I‘!
2039 212 2604 278 UERSFELDENSIS

2133 340 2179 397 Α
2202 320 2349 389 visse
2375 326 2720 387 Coloniensis
2746 321 3006 379 ecclesiae.
3032 317 3089 371 In
3114 313 3424 388 judicand-is
3452 300 3642 367 causis
3669 310 3817 367 sab-

3654 190 3810 247 ιτα

2205 426 2447 480 ditorum
2478 435 2578 476 nec
2606 416 2733 474 odio
2761 430 2863 471 nec
2891 412 3065 485 gratia
3105 407 3434 479 cujusquam
3462 420 3494 459 a
3523 416 3662 457 vero
3701 400 3817 458 ah-

2200 502 2526 578 ‘ducebatur,
2558 509 2652 565 sed
2681 521 2897 577 semper
2940 505 2995 559 in
3044 499 3303 558 omnibus
3335 494 3685 568 prapositam
3711 489 3813 549 in-

2207 604 2600 661 declinabiliter
2629 614 2869 670 sequens
2894 594 3170 666 aequitatis
3188 592 3283 624 m‘
3306 590 3533 653 lineam,
3558 585 3629 640 ad
3656 597 3816 640 ever-

2210 696 2432 752 tcndum
2445 691 2715 765 judicium
2747 704 2847 745 nec
2873 686 3173 758 accipiebat
3198 694 3491 753 personam
3520 674 3813 748 pauperis.

2210 803 2312 843 nec
2338 784 2647 841 honorabat
2667 781 2879 836 vultum
2901 779 2993 811 ³⁸⁸⁸
3033 774 3290 848 potentis.
3344 770 3486 826 Tum
3516 783 3655 824 vero
3682 781 3818 821 ver—

2212 879 2344 934 bum
2372 876 2470 932 Dei
2508 875 2581 930 ita
2610 873 2886 929 luculente
2902 870 3013 935 ιω,
3044 869 3120 923 ita
3164 863 3453 937 magniﬁce
3480 857 3817 920 disserebat.

2214 978 2276 1026 ut
2314 968 2495 1025 saxeis
2534 966 2699 1022 etiam
2748 962 3007 1019 cordibus
3049 974 3244 1016 sermo.
3268 957 3389 1028 ejus
3411 955 3503 993 ‘1'”
3551 949 3823 1007 lacrimas

2215 1070 2472 1118 excutere
2499 1071 2662 1129 posse
2685 1054 2981 1119 videretur,
3012 1059 3069 1107 et
3095 1065 3324 1121 semper
3362 1047 3429 1103 ad
3460 1043 3817 1101 exhortatio-

2219 1170 2343 1208 nem
2364 1152 2484 1222 ejus
2509 1150 2727 1220 planetu
2756 1153 2811 1201 et
2836 1144 3045 1200 ululatu
3072 1147 3414 1211 compunctae
3436 1134 3819 1193 multitudinis

2219 1243 2451 1299 ecclesia
2480 1249 2593 1295 tota
2622 1245 2921 1295 resonaret.
2970 1232 3121 1290 Duas
3158 1232 3399 1288 Coloniae
3425 1226 3819 1299 congregatio-

2225 1352 2323 1391 nes
2348 1333 2672 1389 clericorum
2701 1345 2770 1386 ex
2804 1329 3019 1399 integro
3054 1324 3294 1396 propriis
3332 1320 3605 1393 impensis
3658 1317 3821 1372 iustis

2224 1427 2330 1481 tuit
2357 1444 2371 1480 :
2400 1440 2567 1479 unam
2615 1422 2672 1477 in
2716 1422 2841 1475 loco
2887 1419 2984 1490 qui
3024 1416 3226 1473 dicitur
3254 1414 3336 1469 Ad
3376 1402 3607 1485 gradus,
3656 1405 3830 1464 titulo.

2225 1525 2429 1573 sanctae
2463 1513 2681 1580 Mariae;
2713 1513 2939 1566 alteram
2968 1508 3117 1564 foras
3146 1522 3387 1573 murum,
3422 1503 3592 1558 titulo
3639 1500 3831 1571 sancti,

2227 1606 2446 1679 Georgii
2470 1600 2728 1661 martiris.
2779 1602 2914 1658 Tres
2942 1602 3110 1657 etiam
3135 1596 3593 1670 congregationes
3623 1606 3824 1647 mona-

532 1668 772 1742 qhendo’
798 1662 1033 1740 jus'ﬁciw
1060 1663 1524 1757 pauoambamp
1542 1659 1671 1725 Erat
1700 1669 1902 1757 πίθῃ
1924 1669 2120 1731 praeter
2152 1691 2194 1746 Β
2713 1695 2769 1750 in
2796 1693 2933 1749 locis
2956 1709 3024 1749 ex
3038 1709 3140 1749 suo
3153 1659 3460 1748 construxit
3487 1705 3501 1740 :
3534 1699 3737 1749 unam,
3766 1683 3824 1737 in

529 1764 760 1818 virtutes
788 1761 953 1815 animi
1003 1767 1059 1815 et
1103 1772 1321 1813 morum
1351 1754 1600 1827 gloriam,
1626 1753 1873 1824 corporis
1902 1769 2121 1824 quoque

536 1854 695 1910 bonis
722 1852 1127 1917 ornatissimus,
1178 1858 1387 1905 statura
1433 1862 1694 1917 procerus
1719 1887 1733 1912 ,
1778 1846 1931 1902 vultu
1959 1846 2122 1900 deco-

535 1964 633 2011 rus
648 1946 759 2019 "’3,
782 1945 967 2017 lingua
986 1952 1289 2014 promptus,
1302 1940 1611 2012 vigiliarum
1632 1946 1687 1994 et
1703 1938 1895 2005 inediae
1914 1938 2123 2009 patien-

531 2039 801 2104 tissimus,
833 2023 1110 2107 pestremo
1140 2036 1208 2091 ad
1236 2048 1400 2090 omne
1422 2032 1551 2087 boni
1583 2030 1765 2102 operis
1798 2029 2120 2088 exercitium

535 2141 747 2193 natura:
776 2129 1096 2187 muneribus
1115 2127 1322 2183 aﬂ'atim
1351 2127 1671 2183 instructus.
1698 2122 1917 2178 Exactis
1938 2123 1994 2177 in
2023 2137 2120 2197 pa-

534 2225 667 2281 latio
697 2223 831 2278 haut
857 2221 1045 2277 multis
1073 2219 1253 2286 annis,
1293 2233 1490 2290 magna
1535 2215 1899 2286 imperatoris,
1929 2229 2123 2284 magna

538 2314 784 2374 Omnium
815 2312 911 2383 qui
937 2327 1064 2367 eum
1092 2317 1359 2371 noverant
1376 2291 1771 2379 expectatione,
1795 2307 2022 2376 adeptus
2041 2314 2126 2361 est

538 2405 921 2477 Coloniensem
951 2402 1480 2473 archiepiscopatum
1504 2399 1628 2466 “",
1669 2408 1833 2472 atque
1865 2398 1940 2453 ita
1967 2398 2123 2453 dein-

542 2514 670 2568 ceps
699 2496 753 2552 in
796 2495 1055 2567 omnibus
1092 2503 1207 2550 tam
1254 2492 1637 2561 ecclesiasticis
1680 2507 1847 2563 quam
1894 2490 1973 2546 rei
2020 2506 2123 2560 pu-

542 2590 699 2646 blica:
747 2588 990 2660 negoeiis
1035 2587 1169 2647 haut
1195 2587 1460 2656 imparem
1509 2600 1571 2647 se.
1612 2591 1848 2653 acceptae
1875 2582 2125 2653 dignitati

543 2682 783 2754 gerebat,
811 2685 869 2737 et
894 2680 1040 2736 sicut
1064 2678 1311 2734 editioris
1352 2676 1459 2731 loci
1505 2675 1831 2747 insignibus,
1872 2674 1946 2729 ita
1986 2688 2124 2743 cun-7

544 2774 650 2835 etis
678 2771 944 2855 virtutum
984 2771 1274 2843 generibus
1323 2769 1464 2824 inter
1489 2777 1699 2823 ceteros
1741 2765 1892 2841 regni
1923 2765 2125 2836 princie

540 2882 639 2939 pes
668 2865 1003 2935 conspicuus
1051 2862 1351 2933 incedebat.
1398 2859 1679 2915 Rcddcbat
1710 2857 1977 2937 sollicitus
2004 2872 2127 2926 quae

544 2965 676 3021 sunt
700 2934 907 3015 cesaris
933 2955 1128 3021 cesari,
1158 2962 1214 3009 et
1237 2969 1361 3023 qua:
1388 2959 1517 3009 sunt
1563 2950 1663 3012 Dei
1702 2934 1832 3017 Deo,
1864 2950 1992 3022 quia
2021 2947 2127 3009 Ce-

543 3049 809 3120 loniensis
829 3048 922 3081 ¹⁶¹⁸
946 3047 1185 3103 nominis
1204 3046 1548 3116 majestatem
1572 3052 1628 3100 et
1652 3043 1953 3099 secularem
1973 3056 2128 3112 pom-
2155 3042 2196 3098 C

551 3163 678 3221 pam
717 3145 1062 3217 ambitiosius
1090 3160 1226 3216 pene
1254 3160 1418 3217 quam
1438 3199 1440 3202 ,
1460 3143 1658 3218 aliquis
1685 3158 1751 3198 ex
1779 3140 2128 3213 prazcessori-

545 3240 653 3304 bus
680 3232 799 3310 ejus
825 3238 1136 3300 ostentabat
1168 3237 1234 3292 ad
1277 3236 1561 3307 populum,
1594 3251 1700 3291 nec
1722 3243 2009 3305 propterea
2049 3242 2131 3288 ta—

549 3347 677 3387 men
718 3331 977 3386 invictum
1026 3330 1168 3385 inter
1214 3337 1394 3385 tantas
1421 3327 1839 3398 occupationum
1866 3326 2133 3397 procellas

546 3422 800 3495 spiritum
827 3437 1087 3493 umquam
1120 3422 1396 3478 relaxabat
1424 3436 1456 3475 a
1484 3420 1666 3477 studio
1706 3418 2016 3474 divinarum
2047 3435 2133 3475 re-

548 3531 693 3570 rum.
725 3514 946 3570 Crebris
971 3514 1199 3584 jejuniis
1226 3528 1427 3585 corpus
1457 3529 1620 3570 suum
1648 3513 1960 3568 macerabat
1986 3520 2041 3567 et
2077 3512 2133 3567 in

548 3608 867 3693 servitutem
916 3606 1212 3678 redigebat.
1268 3605 1634 3675 Pernoctabat
1707 3605 2029 3677 plerumque
2077 3604 2135 3663 in

549 3699 917 3765 orationibus,
972 3706 1026 3774 et
1077 3713 1174 3771 per
1223 3697 1503 3765 ecclesias,
1544 3712 1658 3753 uno
1704 3705 1915 3753 tantum
1964 3712 2136 3767 puero

551 3798 846 3848 Contentus
895 3789 1117 3856 comite,
1175 3789 1338 3846 nudis
1389 3789 1619 3860 pedibus
1664 3789 2045 3857 discurrebat;
2084 3798 2139 3845 et

555 3882 700 3938 diem
749 3881 971 3951 quidem
1026 3881 1083 3936 in
1135 3881 1494 3951 disponendis
1527 3880 1752 3952 privatis
1781 3897 1880 3937 seu
1906 3881 2138 3952 publicis

549 3971 816 4043 negociis,
847 3981 1065 4027 noctem
1094 3988 1229 4027 vero
1253 3980 1423 4041 totam
1465 3973 1521 4038 in
1566 3988 1729 4043 opere
1776 3972 1985 4028 Dei“m
2037 3990 2138 4038 ex-

550 4062 841 4136 pcndebat.
870 4062 1037 4139 Multa
1066 4065 1212 4121 illius
1240 4066 1295 4120 in
1322 4079 1611 4135 pauperes,
1641 4064 1697 4119 in
1724 4066 2061 4138 peregrinos,
2083 4067 2138 4123 in

551 4153 813 4223 clericos,
844 4154 899 4213 in
930 4157 1231 4235 monachos
1272 4156 1612 4227 benignitas,
1664 4157 1819 4227 mira,
1844 4158 2141 4215 liberalitas

550 4255 688 4315 erat.
718 4245 936 4319 Nullam
978 4249 1119 4305 intra
1162 4248 1425 4319 diocesim
1463 4264 1620 4305 suam
1663 4251 2140 4321 congregationem

547 4339 921 4413 praetermisit,
943 4356 1109 4417 quam
1136 4356 1247 4397 non
1274 4340 1512 4412 praediis,
1536 4340 1798 4408 aediﬁciis,
1828 4343 2137 4413 stipendiis,

552 4430 1097 4505 suaspecialiter'm
1137 4433 1431 4488 donatione
1465 4442 1702 4500 auctam,
1735 4434 1846 4489 vita
1873 4434 2140 4491 decedens
2172 4422 2216 4476 D

554 4520 904 4592 relinqueret.
934 4521 1002 4577 Et
1027 4524 1187 4594 plane
1213 4525 1357 4596 apud
1392 4525 1486 4557 ¹⁶²⁸
1539 4540 1731 4581 omnes
1778 4526 2002 4581 indubia
2040 4525 2134 4582 (id:

555 4621 824 4703 constitit,
854 4637 921 4677 ex
949 4604 1059 4693 quo
1099 4623 1329 4681 Colonia
1376 4623 1601 4703 fundata
1643 4633 1748 4696 est,
1786 4626 1953 4686 unius
1979 4642 2144 4681 num-

555 4734 723 4798 quam
761 4722 1003 4794 episcopi
1048 4725 1230 4782 studio
1267 4735 1480 4793 tantum
1509 4742 1643 4798 opes
1669 4734 1725 4782 et
1751 4726 1978 4797 gloriam
2026 4742 2145 4783 cre-

2221 1801 2406 1849 monte
2427 1790 2522 1862 qui
2551 1804 2581 1843 a
2609 1786 3011 1859 praeterﬂuente
3031 1784 3197 1840 ﬂuvio
3219 1778 3647 1853 cognominatur
3668 1773 3827 1847 Sige-

2220 1886 2352 1955 berg
2381 1881 2567 1954 (42l);
2602 1881 2763 1934 aliam
2809 1878 2864 1935 in
2895 1876 3115 1949 regione
3143 1869 3579 1929 Sclavorum“”
3612 1868 3673 1923 in
3701 1867 3838 1929 loco,

2220 1976 2316 2046 qui
2353 1974 2554 2031 dicitur
2598 1969 2822 2027 Salefelt
2850 1969 2946 2008 ἠδ
2987 1966 3169 2038 (422);
3220 1964 3444 2020 terciam
3494 1961 3553 2015 in
3595 1957 3829 2031 regione

2222 2065 2488 2141 Westfaal
2515 2066 2572 2120 in
2601 2063 2843 2133 locoqui
2871 2061 3073 2117 dicitur
3097 2055 3436 2114 Graseal'""
3462 2052 3656 2126 (425);
3686 2066 3837 2123 quas,

2222 2174 2415 2214 omnes
2439 2166 2494 2214 et
2520 2155 2928 2228 angustissimis
2947 2152 3037 2185 ¹⁶³⁶
3054 2150 3296 2207 aediliciis
3323 2146 3588 2213 excoluit,
3633 2152 3691 2200 et
3726 2159 3824 2199 ex-

2222 2251 2599 2322 quisitissimis
2625 2247 2871 2304 ecclesiae
2895 2243 3236 2301 ornamentis
3264 2239 3585 2301 illustravit,
3618 2244 3678 2292 et
3704 2252 3827 2291 am-

2225 2342 2487 2415 plissimis
2514 2341 2757 2413 atquein
2786 2339 3085 2395 multorum
3116 2335 3349 2390 fratrum
3378 2345 3517 2387 usus
3545 2329 3829 2386 sufﬁcien-

2228 2436 2371 2491 ti‘nus
2393 2434 2612 2505 prmdiis
2634 2430 3006 2501 locupletavit.
3035 2427 3283 2497 Cumque
3311 2425 3368 2479 in
3392 2422 3661 2479 omnibus
3690 2418 3832 2474 Teu-

2226 2526 2395 2582 tonici
2449 2526 2604 2597 regni
2657 2520 3007 2578 monasteriis
3034 2523 3283 2574 cerneret
3335 2515 3631 2585 antiquum
3671 2512 3826 2565 illum

2226 2618 2497 2690 regularis
2521 2615 2824 2687 disciplina:
2864 2612 3134 2669 fervorem
3176 2607 3474 2664 admodum
3516 2602 3825 2666 refrixisse,

2227 2722 2282 2769 et
2303 2700 2603 2766 monachos
2630 2723 2662 2763 a
2685 2707 2798 2763 vita
2824 2702 3102 2761 communi
3130 2700 3196 2756 ad
3224 2713 3338 2755 rem
3366 2696 3704 2753 familiarem
3733 2710 3830 2748 eu-

2227 2820 2345 2860 ram
2388 2816 2608 2857 omnem
2657 2797 3008 2868 studiumque
3050 2792 3417 2857 convertisse,
3462 2787 3620 2861 gravi
3665 2786 3829 2842 ttedio

2230 2890 2530 2968 angebatur
2558 2893 2777 2948 animus
2801 2890 2888 2922 “'7
2926 2888 3065 2959 ejus,
3096 2884 3244 2958 quod
3273 2880 3587 2953 ingentibus
3615 2893 3833 2949 expen:

2230 2991 2307 3047 sis
2335 2987 2469 3044 nihil
2498 2985 2609 3041 Deo
2636 2985 2861 3056 dignum
2891 2980 3241 3038 conlecturus
3267 2982 3576 3055 putaretur.
3608 2971 3829 3026 Interea

2231 3079 2458 3152 contigit
2502 3087 2563 3133 ut
2599 3051 2892 3148 pro'causa
2933 3074 3013 3128 rei
3041 3070 3270 3143 publicae
3296 3051 3527 3122 Romam
3555 3072 3827 3136 pergeret.

2231 3176 2481 3244 Cumque
2506 3170 2716 3240 aliquas
2743 3167 2913 3222 Italia:
2951 3165 3205 3236 regiones
3248 3167 3588 3231 peragraret,
3618 3156 3831 3228 princi-

2230 3283 2328 3340 pes
2355 3264 2478 3335 ejus
2506 3261 2660 3333 regni
2688 3274 2756 3315 ne
2784 3274 2816 3313 a
2855 3272 2981 3329 rege
3008 3256 3304 3311 deﬁcerent
3338 3251 3455 3306 suis
3483 3249 3833 3305 exhortatio-

2232 3360 2394 3413 nibus
2423 3352 2851 3416 conl‘ortaturus,
2883 3348 2951 3405 ad
2981 3343 3374 3402 monasterium
3404 3340 3711 3412 quoddam,
3742 3340 3832 3393 cui

2231 3446 2555 3506 Fructuaria
2588 3441 2739 3518 (4‘24)
2768 3456 2969 3497 nomen
2998 3447 3101 3503 est,
3132 3451 3298 3493 causa
3345 3433 3617 3490 orationis
3646 3430 3830 3486 diver-

2233 3543 2317 3599 tit.
2348 3540 2427 3594 Ibi
2450 3537 2751 3594 admiratus
2771 3533 3167 3589 monachorum
3194 3525 3528 3583 artissimam
3559 3532 3617 3579 et
3642 3538 3835 3578 secun-

2233 3634 2365 3690 dum
2417 3629 2618 3702 regula:
2671 3626 2919 3682 instituta
2969 3620 3437 3693 conversationem
3462 3659 3477 3682 ,
3533 3615 3834 3671 nonnullos

2234 3739 2445 3789 eorum,
2477 3722 2535 3776 in
2560 3733 2724 3791 cpere
2766 3718 2859 3773 Dei
2902 3714 3350 3787 probatissimos,
3396 3724 3586 3765 secum
3617 3706 3834 3762 rediens

2235 3814 2498 3879 abduxit,
2537 3820 2593 3868 et
2629 3826 2727 3866 eos
2772 3810 2839 3865 ad
2874 3806 3196 3863 tradendam
3218 3803 3310 3836 ’⁸³⁸
3350 3800 3541 3857 Galliis
3584 3799 3830 3870 ejusdem

2236 3905 2541 3977 disciplinae
2567 3902 2862 3959 formulam
2890 3900 2946 3954 in
2978 3898 3238 3970 Sigeberg
3265 3891 3586 3957 constituit;
3631 3889 3831 3962 priori-

2236 3996 2343 4055 bus
2371 3996 2677 4063 monachis,
2709 4008 2850 4065 quos
2881 4008 2950 4047 ex
2980 3989 3186 4059 Sancto
3213 3984 3511 4055 Maximino
3539 3982 3832 4045 aseiverat,

2238 4090 2499 4162 quoniam
2542 4087 2597 4142 in
2636 4087 2835 4141 horum
2879 4083 3129 4138 instituta
3168 4078 3468 4135 concedere
3518 4075 3832 4147 noluerant,

2240 4180 2540 4237 honoriﬁce
2584 4179 2639 4233 in
2682 4178 2864 4249 locum
2906 4189 3070 4231 suum
3108 4170 3370 4249 remissis.
3414 4167 3571 4236 Quod
3598 4167 3725 4237 ejus
3752 4164 3833 4219 fa-

2239 4282 2388 4329 ctum
2419 4270 2615 4326 imitati
2645 4246 2813 4325 ceteri
2839 4267 3137 4324 Galliarum
3175 4246 3436 4334 epise0pi,
3478 4259 3571 4314 alii
3599 4273 3670 4313 ex
3698 4255 3836 4312 Gor-

2242 4364 2324 4420 zia
2344 4363 2456 4430 “3',
2485 4362 2579 4418 alii
2606 4378 2674 4417 ex
2701 4359 2960 4416 Cloniaca
2981 4358 3093 4425 ηδ’,
3117 4356 3210 4412 alii
3237 4370 3304 4409 ex
3335 4351 3617 4423 Sigeberg,
3648 4348 3743 4404 alii
3770 4364 3833 4402 ex

2242 4456 2363 4511 aliis
2390 4453 2738 4510 monasteriis
2766 4450 3069 4507 monachos
3096 4455 3406 4511 evocantes,
3434 4458 3635 4499 novam
3662 4438 3836 4497 divini

2242 4545 2447 4603 servitii
2476 4545 2684 4602 scolam
2711 4544 2767 4598 in
2796 4543 2913 4599 suis
2940 4540 3141 4611 singuli
3160 4539 3249 4571 ““
3289 4535 3648 4591 monasteriis
3676 4531 3832 4588 insti-

2240 4645 2503 4703 tuerunt;
2549 4636 2796 4706 adeoque
2822 4633 2975 4689 brevi
3003 4630 3281 4687 conv-aluit
3306 4626 3482 4683 felicis
3510 4626 3680 4696 hujus
3706 4623 3833 4679 facti

2243 4729 2553 4803 aemulatio,
2593 4735 2656 4782 ut
2694 4742 2868 4798 pauca
2916 4725 3058 4783 intra
3089 4722 3180 4759 ³⁸⁸³
3223 4718 3455 4779 Galliam
3502 4715 3832 4774 monasteria

1875 4837 2111 4894 VARI/E
2152 4839 2557 4907 LECTIONES.

572 4962 577 4967 '
627 4932 722 5020 ⁸⁸έὲ
744 4930 1075 5020 imparatori
1088 4952 1142 5006 4.

557 5026 673 5073 tum
704 5019 756 5073 1.

993 4952 1063 5022 pri
1088 4952 1142 5006 4.
1255 4952 1347 4986 ¹⁰²¹
1384 4952 1617 5008 Henrico
1652 4953 1706 5007 5.

836 5020 953 5075 .¹⁶¹⁸
992 5020 1358 5078 Colloniensis
1386 5023 1438 5077 5.
1543 5023 1634 5054 ¹⁶¹⁶
1678 5022 1765 5076 dei
1810 5036 1844 5076 ο

851 5159 944 5191 ¹⁶³⁸
973 5159 1208 5215 Salevelt
1235 5161 1317 5215 la.

752 5267 765 5282 .
846 5227 938 5261 “”
964 5227 1176 5285 Gorz‘aa
1204 5231 1257 5286 5.

1401 5161 1490 5193 ¹⁶⁸⁸
1521 5160 1775 5216 Grafscaf
1802 5162 1855 5216 5.

558 5156 623 5225 (Ι,
651 5158 766 5298 28ζ.
851 5159 944 5191 ¹⁶³⁸
973 5159 1208 5215 Salevelt
1235 5161 1317 5215 1⁸.
1401 5161 1490 5193 ¹⁶⁸⁸
1521 5160 1775 5216 Grafscaf

559 5225 627 5297 (ι,
651 5225 723 5283 25
752 5267 765 5282 .
846 5227 938 5261 “”
964 5227 1176 5285 Gorz‘aa
1204 5231 1257 5286 5.
1346 5230 1437 5264 ‘“°
1467 5230 1724 5286 Clomaca
1749 5232 1802 5286 5.

559 5225 627 5297 (ι,
651 5225 723 5283 25

1833 4951 1924 4983 ¹⁶¹¹
1955 4959 2135 5007 tamen
2176 4953 2229 5006 '5.
2262 4953 2317 5008 4.

560 5021 1490 5122 :2.r.::....-.t:".001129232528
1677 5022 1766 5122 9.2:
1810 5036 1975 5122 (ξρετε
2020 5023 2100 5122 az
2125 5021 2198 5122 (ιε,
2223 5022 2299 5093 ελ

679 5087 917 5144 multum
945 5092 1000 5151 4.
1075 5092 1164 5122 ¹⁸³¹
1196 5092 1275 5146 ita
1302 5093 1352 5146 1.
1378 5092 1430 5145 5.
1462 5092 1516 5146 4.
1546 5092 1599 5147 5.
1677 5091 1766 5124 ³⁵³⁸
1795 5087 1963 5146 etiam
1993 5087 2141 5151 σιω(
2166 5091 2217 5146 7.
2258 5087 2267 5093 ’
2338 5094 2431 5126 ⁸⁸⁸³

679 5158 745 5193 Ὠὶ
851 5159 944 5191 ιωι
973 5159 1204 5193 Quin-uolt
1235 5161 1292 5193 Α.
1401 5161 1490 5193 16⁸8
1521 5160 1775 5193 Ωηηέοηηιδ
1805 5162 1835 5193 κ
1972 5160 2064 5193 1636
2092 5163 2468 5193 ηηηιιοιὲεηὲηιζ

1972 5163 2064 5193 ¹⁶³⁶
2091 5177 2160 5216 an
2202 5163 2503 5221 ustissimis
2531 5163 2583 5217 5.
2697 5163 2760 5194 ¹⁶³

1868 5229 1982 5300 ,¹⁶⁸¹
2014 5177 2244 5302 εἰηευῗίδ
2270 5233 2323 5287 5.
2406 5232 2500 5265 ηδ’
2527 5232 2671 5288 inter
2703 5232 2760 5287 4.

2429 4953 2524 4987 ¹⁶²³
2566 4953 2913 5011 venerandus
2968 4953 3028 5006 1⁸
3073 4951 3136 5023 (1,
3170 4950 3249 5020 2).
3392 4948 3485 4982 ¹⁶²⁸
3538 4947 3825 5018 θυίβοομ’

2406 5024 2499 5056 ¹⁶²⁷
2532 5022 2757 5078 speciali
2788 5023 2842 5076 5.
2952 5021 3043 5053 ¹⁸²⁸
3088 5022 3231 5075 deest
3260 5021 3314 5076 5.
3431 5018 3523 5051 “"
3572 5018 3734 5074 etatis
3779 5020 3825 5072 5.

2406 5026 2499 5056 ¹⁶²⁷
2532 5026 2757 5093 speciali
2788 5026 2842 5076 5.
2952 5026 3043 5053 ¹⁶²⁸
3088 5026 3231 5075 deest
3260 5026 3314 5076 5.
3431 5026 3523 5051 ³⁶²¹
3572 5026 3734 5083 etatis
3779 5026 3826 5072 5.

2338 5094 2431 5126 ⁸⁸⁸³
2468 5094 2525 5148 ίη
2576 5092 2815 5148 confinio
2870 5089 3239 5162 Duringorum
3278 5097 3362 5162 et
3403 5086 3725 5162 δοιᾷνοῖιιιη
3777 5088 3828 5162 ξ’

2697 5163 2787 5236 ¹Ῡ³⁷
2817 5157 3077 5236 animum
3098 5157 3168 5230 "5.,
3274 5158 3365 5191 ¹⁶³³
3393 5158 3720 5230 tradendum
3778 5157 3830 5210 l-

2064 5337 2203 5358 ‘tnm
2230 5338 2274 5358 IS
