4050 5358
1141 215 1146 220 .
1159 209 1205 219 ..-

217 203 416 296 veos

1523 245 1856 305 manus.
1882 235 1952 291 -'—
1977 248 2090 308 AN.
2117 232 2272 311 1075.

2999 224 3092 241 νιε-

3382 241 3516 298 1206

280 357 578 419 videamus,
622 369 759 425 quas.
791 371 899 415 non
940 355 1052 427 jam
1097 369 1251 412 nova:
1294 357 1457 428 hujus
1498 360 1854 417 institutionis
1882 364 1929 420 Α
1954 363 2228 434 guendum
2277 361 2501 417 omnino
2542 374 2741 415 nomen
2777 356 2895 428 ejus
2935 364 3107 410 totum
3145 353 3297 424 regni
3351 353 3519 409 robur

275 447 464 517 jugum
509 448 729 503 subacta
778 448 1072 517 receperint
1106 448 1213 502 ηδ’.
1260 448 1376 518 l-pse
1403 466 1530 504 vero
1558 453 1854 508 monachos

269 555 431 620 ﬁlios,
454 539 608 608 juxta
640 539 784 608 quod
814 539 866 593 in
898 539 1214 594 Fructuaria
1241 550 1597 610 compererat,
1627 558 1855 604 cernens

281 629 572 684 artissimis
613 630 790 683 vivere
830 629 1160 700 disciplinis,
1192 641 1265 696 et,
1301 633 1730 688 conversationis
1755 649 1852 694 eo-

283 737 403 775 rum
423 722 511 751 ⁸⁵³³
540 721 797 790 opinione
822 722 980 792 longe
1019 721 1232 792 lateque
1259 725 1473 794 vulgata
1491 766 1505 790 ,
1556 725 1756 779 multos
1785 725 1854 781 ad

281 811 467 866 mundi
491 813 1210 880 contemptuminflammari
1238 824 1292 869 et
1318 832 1508 870 eorum
1528 817 1852 887 magisterio

265 918 339 972 pse
367 904 536 972 invia
567 901 658 958 Dei
685 904 1011 966 erudiendos
1047 906 1259 972 tradere
1292 926 1304 961 :
1335 923 1559 978 magnas
1588 907 1698 962 Deo
1727 925 1852 978 gra-

269 994 385 1064 tias
413 992 706 1058 referebat,
745 996 891 1063 quod
920 1010 1028 1048 non
1057 996 1408 1053 confudisset.
1430 1015 1555 1053 eum
1598 1000 1666 1053 ab
1692 1015 1856 1069 expc-

267 1087 516 1153 gctatione
539 1101 658 1140 sua.
689 1085 915 1141 Omnem
942 1103 1159 1157 quoque
1185 1088 1514 1158 diligentiam
1545 1090 1851 1154 adhibebat,

280 1194 348 1240 ne
372 1194 534 1247 quam
563 1194 750 1234 earum
781 1194 963 1232 rerum
984 1179 1102 1245 ‘6“,
1144 1181 1339 1250 quibus
1369 1182 1614 1250 corporis
1634 1182 1723 1212 "‘°
1752 1182 1853 1235 imv

281 1269 558 1332 becillitati
597 1271 990 1325 consulendum
1029 1271 1129 1336 sit,
1177 1272 1459 1341 penuriam
1501 1273 1849 1329 sustinerent.

280 1358 591 1415 Honorabat
617 1376 680 1416 ac
707 1362 1065 1416 venerabatur
1090 1377 1186 1416 eos
1213 1371 1272 1416 ut
1299 1363 1548 1418 dominos
1576 1378 1724 1428 suos,
1757 1379 1855 1419 nec

279 1453 457 1509 solum
481 1453 681 1517 abbati,
713 1453 805 1507 sed
833 1452 1052 1524 decanis
1082 1442 1592 1520 etiammonasterii
1621 1455 1695 1508 ita
1726 1455 1856 1509 sub-

277 1544 423 1598 ditus
451 1544 704 1614 dictoque
733 1545 1113 1614 obtemperans
1139 1555 1276 1610 erat,
1309 1554 1368 1599 ut
1396 1547 1460 1601 ad
1491 1546 1727 1616 primum
1757 1562 1854 1601 eo-

279 1650 401 1688 rum
431 1634 718 1704 imperium
737 1677 754 1700 ,
794 1636 1191 1704 quantumlibet
1221 1636 1476 1706 gravibus
1502 1638 1731 1706 publica:
1757 1654 1850 1693 seu

277 1726 500 1793 privatae
548 1726 905 1796 reinegoeiis
950 1727 1240 1796 implicitus
1292 1729 1379 1758 ‘5"
1412 1737 1705 1794 teneretur,
1729 1729 1852 1782 ilico
1888 1706 1926 1760 Β

276 1818 624 1886 exoceupatis
655 1817 906 1874 manibus
931 1827 1196 1890 surgeret,
1214 1827 1266 1874 et
1291 1834 1453 1874 omne
1486 1821 1633 1890 quod
1661 1820 1856 1892 jussis-

277 1909 596 1979 smttinstar
624 1910 748 1966 vilis
770 1911 1023 1980 mancipii
1045 1920 1424 1981 exequeretur.
1447 1912 1613 1968 Cibos
1641 1930 1852 1974 summa

277 2002 542 2058 industria
588 2003 868 2058 confectos
895 2003 1137 2071 cottidie,
1158 2004 1309 2076 dum
1346 2005 1538 2061 adesse
1566 2005 1853 2075 patuisset,

277 2094 390 2162 ipse
414 2096 494 2150 eis
543 2094 824 2159 inferebat,
870 2095 984 2162 ipse
1013 2095 1342 2164 apponebat,
1372 2095 1488 2165 ipse
1518 2105 1706 2166 potum
1753 2098 1857 2152 mi-

275 2187 482 2260 scebat,
514 2187 630 2255 ipse
661 2185 1027 2240 reficientibus
1063 2185 1130 2238 ad
1168 2199 1329 2239 omne
1366 2187 1689 2256 obsequium
1713 2203 1854 2258 quo-

276 2277 408 2332 libet
459 2275 665 2330 famulo
710 2276 1011 2346 promptior
1039 2277 1387 2345 paratiorque
1433 2278 1852 2333 assistebat‘“".

279 2367 574 2423 Silentium
597 2383 816 2438 quoque
841 2383 905 2423 ac
927 2375 1135 2422 ceteras
1166 2368 1482 2422 monasterii
1507 2371 1860 2424 consuetudi-

275 2476 395 2525 nes,
425 2461 554 2513 dum
588 2460 727 2530 inter
745 2474 850 2517 eos
893 2459 1282 2524 diversaretur,
1329 2460 1400 2512 ita
1430 2468 1668 2515 attentus
1708 2462 1859 2516 solli-

275 2551 526 2620 citusque
555 2550 823 2614 servabat,
850 2549 963 2604 acsi
987 2565 1084 2618 pro
1108 2550 1423 2605 excessibus
1446 2552 1562 2606 suis
1583 2552 1698 2622 ipse
1720 2569 1859 2622 quo,-

272 2658 382 2712 que
425 2641 646 2696 cottidie
693 2641 747 2693 in
776 2640 1014 2709 capitulo
1042 2656 1235 2693 eorum
1266 2657 1489 2696 causam
1532 2643 1780 2698 dicturus
1804 2653 1859 2699 et

273 2733 601 2788 sententiam
632 2740 956 2800 accepturus
1006 2730 1164 2785 foret.
1195 2729 1308 2786 Hoc
1331 2732 1451 2801 ejus
1495 2733 1548 2786 in
1577 2732 1854 2805 Sigeberg,

272 2825 380 2879 hoc
409 2824 462 2877 in
491 2821 712 2877 Salefelt
743 2823 854 2888 ηδ’,
879 2823 983 2890 hoc
1003 2823 1058 2877 in
1080 2821 1313 2878 Grascaf
1340 2825 1429 2854 ¹⁶⁸⁰
1454 2825 1717 2894 studium,
1742 2827 1856 2882 haec

274 2915 550 2982 institutio
598 2912 992 2968 erat.——Porro
1019 2929 1052 2966 a
1079 2929 1204 2984 rege
1243 2915 1585 2984 gravissimis
1605 2933 1854 2987 saepenu-

1955 454 2350 508 concitabatur.
2380 452 2475 507 His
2498 449 2964 516 vicissitudinibus
3003 462 3098 516 per
3135 445 3319 514 plures
3344 457 3518 497 annos

1953 545 2072 614 ejus
2097 544 2186 577 ""
2224 545 2555 599 concertatio
2601 557 2727 598 cum
2775 555 2902 610 rege
2945 538 3282 593 trahebatur.
3333 533 3520 601 Neque

1953 636 2100 690 enim
2151 635 2389 690 lasciviae
2437 635 2582 704 regis
2617 634 2704 687 vel
2739 632 2880 686 ratio
2914 629 3136 684 modum
3177 625 3410 682 faciebat
3435 624 3519 677 vel

1952 727 2129 782 mtatis
2150 741 2404 781 accessus
2425 727 2510 780 vel
2543 725 2704 779 amici
2725 724 3047 793 cujusquam
3071 716 3398 789 objurgatio,
3425 716 3518 770 sed

1953 818 2172 875 cottidie
2208 832 2267 872 se
2294 817 2411 886 ipso
2438 817 2674 871 deterior
2719 813 3068 878 efficiebatur,
3093 818 3168 875 et,
3195 807 3372 877 ruptis
3397 820 3519 858 om-

1953 910 2117 967 nibus
2162 907 2412 974 humani,
2467 923 2538 961 ne
2581 907 2670 946 ⁸⁸⁸⁸
2713 907 2906 960 dicam-
2938 901 3242 966 christiani,
3293 895 3519 968 pudoris

1954 999 2146 1067 frenis,
2169 1000 2224 1056 in
2253 1014 2414 1054 oume
2437 997 2828 1067 quodanimus
2871 993 3238 1064 suggessisset
3261 987 3520 1059 flagitium

1954 1090 2382 1161 prmcipitantior
2404 1090 2623 1154 ruebat;
2646 1097 2720 1152 et,
2735 1086 3011 1158 oppressis
3027 1085 3140 1155 jam
3160 1091 3368 1137 terrore
3381 1078 3525 1148 prino

1953 1183 2186 1252 cipibus,
2223 1181 2404 1235 nullus
2448 1189 2565 1234 erat
2615 1179 2710 1249 qui
2734 1185 3048 1248 peccantem
3077 1183 3131 1231 et
3158 1173 3340 1228 divina
3361 1178 3524 1238 atque

1956 1274 2193 1338 humana
2247 1272 2429 1327 omnia
2491 1271 2696 1340 absque
2748 1268 3060 1323 discrimine
3107 1265 3522 1335 permiscean

1954 1366 2037 1418 vel
2067 1365 2170 1419 levi
2191 1365 2355 1418 verbo
2381 1363 2602 1418 auderet
2633 1361 2973 1430 redarguere.
3011 1357 3092 1412 Ad
3115 1357 3367 1411 ultimum
3387 1365 3523 1406 cons

1957 1457 2206 1512 siderans
2257 1455 2700 1524 archiepiscopus
2739 1451 3061 1520 completam
3091 1462 3216 1503 esse
3260 1441 3522 1500 malitiam

1956 1549 2098 1618 ejus,
2121 1557 2176 1602 et
2198 1548 2535 1602 obstinatum
2565 1546 2622 1599 in
2642 1544 2801 1599 malis
2843 1540 3122 1612 ingenium
3153 1554 3254 1593 nec
3282 1545 3526 1605 tempore

1959 1640 2067 1708 jam
2097 1639 2297 1708 corrigi
2321 1654 2484 1708 posse
2511 1653 2612 1691 nec
2634 1636 2868 1699 ratione,
2892 1647 3035 1687 anno
3059 1645 3194 1701 pene
3215 1637 3339 1682 ante
3361 1642 3524 1681 exor-

1953 1741 2067 1787 tum
2119 1731 2319 1786 bellum
2366 1729 2718 1795 Saxonicum,
2776 1727 2929 1797 petiit
2986 1723 3325 1778 vacationem
3379 1719 3528 1774 dein-

1953 1840 2080 1893 ceps
2112 1825 2203 1859 ¹⁶⁸⁹
2229 1824 2330 1877 sibi
2361 1823 2479 1877 dari
2510 1821 2579 1876 ab
2611 1817 2972 1875 exterioribus
3007 1815 3085 1869 rei
3108 1812 3338 1883 publica:
3356 1825 3525 1880 nego-

1953 1915 2084 1979 ciis;
2139 1923 2195 1968 et
2247 1915 2329 1970 sic
2380 1914 2670 1983 impetrato
2695 1914 3022 1971 commeatu,
3055 1905 3109 1959 in
3142 1902 3528 1974 Sigebergense

1955 2005 2347 2074 monasterium
2375 2001 2797 2072 secedens,_illic
2831 2000 2887 2064 in
2912 1997 3108 2067 vigiliis
3133 1992 3449 2064 'etjejuniis,
3474 1991 3526 2045 iu

1956 2096 2297 2154 orationibus
2322 2105 2377 2150 et
2401 2094 2718 2150 elemosinis
2749 2091 2895 2161 quod
2921 2094 3200 2158 supererat
3219 2085 3393 2140 aetatis
3410 2083 3527 2138 exi.

1956 2189 2142 2259 gebat;
2181 2203 2283 2242 nec
2310 2187 2434 2243 inde
2479 2185 2716 2256 uspiam,
2756 2183 2862 2237 nisi
2894 2195 3110 2236 summa
3146 2177 3286 2232 forte
3320 2191 3385 2230 ac
3411 2176 3528 2229 ine-

1954 2280 2165 2336 vitabili
2214 2279 2538 2333 necessitate
2589 2283 2888 2339 extractus,
2933 2270 3254 2327 abscedebat
3288 2269 3399 2320 ¹⁶ί⁰.
3427 2265 3531 2320 Cc-

1957 2382 2094 2439 tera,
2126 2387 2248 2441 qua:
2281 2372 2425 2425 circa
2458 2370 2536 2424 rei
2590 2369 2820 2439 publica:
2869 2361 3396 2419 administrationem
3445 2358 3529 2411 vel

1956 2465 2066 2535 egit
2092 2465 2176 2516 vel
2215 2477 2409 2532 passus
2449 2470 2550 2523 est,
2599 2459 2645 2514 si
2676 2459 2800 2528 quis
2832 2454 3044 2526 plenius
3091 2452 3234 2508 scire
3274 2449 3528 2512 voluerit,

1958 2555 2242 2626 superiora
2298 2552 2462 2607 libelli
2489 2551 2574 2582 ⁸⁸⁸⁸
2617 2549 2782 2618 hujus
2836 2546 3096 2610 revolvat,
3118 2551 3172 2597 et
3217 2540 3430 2611 singula
3465 2554 3534 2592 ea

1958 2663 2068 2718 quo
2097 2654 2247 2716 gesta
2277 2652 2407 2699 sunt
2455 2643 2646 2697 ordine
2692 2649 2747 2694 et
2777 2648 3018 2708 tempore
3065 2635 3286 2705 copiose
3319 2631 3407 2664 “"
3432 2630 3529 2684 de-

1958 2739 2162 2808 scripta
2206 2736 2464 2793 inveniet.
2499 2733 2603 2788 Sed
2634 2733 2756 2803 pius
2787 2731 3070 2794 Dominus,
3100 2728 3194 2798 qui
3219 2741 3359 2796 quos
3384 2731 3532 2778 amat

1957 2830 2139 2900 arguit
2172 2837 2227 2883 et
2274 2828 2530 2898 castigat,
2556 2827 2695 2880 hanc
2746 2838 2964 2894 quoque
3008 2821 3257 2876 dilectam
3289 2817 3392 2873 sibi
3421 2816 3535 2870 aui—

1957 2937 2104 2984 mam
2141 2929 2266 2986 ante
2313 2919 2460 2975 diem
2506 2916 2813 2974 vocationis
2865 2929 2977 2969 suae
3038 2911 3226 2966 multis
3278 2907 3529 2978 temptari

275 3021 430 3060 πηοτο
469 3005 770 3058 ίηίιυίοῖίίίε
819 3003 1139 3071 dis-“ﬁdebat,
1179 3013 1232 3059 θῐ
1268 3021 1392 3070 eum
1446 3008 1730 3072 acerrimis
1780 3010 1858 3064 in-
1883 3047 1924 3104 ρ
1956 3014 2202 3086 permisit
2248 3010 2632 3077 incommodis,
2663 3018 2717 3064 ul
2751 3008 2958 3064 scilicet
3003 3006 3068 3060 ab
3098 3019 3164 3060 eo
3191 2999 3281 3035 m‘
3312 3017 3528 3056 onmem

275 3097 683 3167 crepationibus
726 3096 1070 3166 objurgabat,
1113 3105 1331 3167 pr0pter
1369 3099 1536 3154 multa
1563 3116 1686 3170 qua:
1713 3118 1852 3172 pra;-

276 3198 361 3243 ter
392 3190 479 3220 ⁸⁸⁸⁸
511 3205 740 3258 aequum
765 3196 819 3243 et
865 3188 1070 3254 bonum
1106 3188 1226 3258 ejus
1253 3187 1412 3258 jussu
1449 3191 1533 3244 vel
1581 3195 1853 3261 permissu

275 3280 501 3340 cottidie
529 3279 952 3346 admittebantur
979 3281 1032 3333 in
1072 3296 1129 3334 re
1157 3279 1392 3350 publica.
1435 3279 1588 3336 Unde
1611 3300 1705 3337 rex
1736 3287 1854 3354 ple-

276 3387 514 3443 rumque
564 3371 842 3438 efferatus,
881 3371 1062 3426 omnia
1112 3387 1234 3441 quae
1270 3372 1416 3429 illius
1445 3383 1602 3429 erant
1628 3375 1774 3434 ferro
1803 3390 1858 3436 et

277 3467 403 3536 igne
427 3464 516 3495 ’δ”
567 3463 955 3518 demoliturum
994 3478 1051 3518 se
1105 3464 1566 3534 comminabatur,
1609 3467 1855 3541 plerum:

275 3573 384 3636 que
431 3564 632 3621 autem,
665 3557 893 3626 supplex
931 3555 982 3610 ei
1011 3554 1211 3622 factus,
1253 3557 1611 3627 amplissimis
1631 3567 1859 3634 promis-

277 3648 523 3703 sionibus
563 3647 760 3704 iratum
807 3647 1174 3714 demulcebat;
1210 3655 1264 3702 et
1291 3655 1402 3702 tam
1449 3656 1538 3709 sui
1579 3671 1743 3726 quam
1773 3665 1856 3712 to-

276 3739 397 3796 cius
427 3738 578 3808 regni
602 3738 694 3806 jus
730 3745 1166 3808 potestatemque
1199 3739 1248 3794 ei
1286 3755 1345 3800 se
1376 3745 1648 3802 facturum
1704 3749 1858 3819 polli-

277 3831 520 3903 1‘2‘.!3!!':‘,
559 3829 601 3892 Si
655 3830 815 3892 mele
863 3829 1027 3890 ﬁd'lm
1057 3845 1182 3893 eum
1211 3837 1317 3895 sibi
1357 3854 1454 3891 nec
1488 3839 1623 3894 adeo
1648 3843 1858 3896 cunctis

277 3931 650 3985 voluntatibus
678 3931 793 3986 suis
819 3931 1105 3985 adversum
1138 3929 1605 4002 experiretur.,.~td
1630 3932 1719 3962 ¹⁶⁸³
1744 3933 1858 3987 ham

277 4023 388 4089 ille,
426 4021 482 4076 in
521 4023 754 4088 cunctis,
784 4022 981 4088 aiebat,
1013 4039 1134 4092 qua:
1181 4031 1326 4078 recte
1359 4030 1416 4078 et
1451 4022 1606 4091 juxta
1653 4024 1856 4094 regiam

278 4111 750 4184 magnificentiam.
776 4121 1098 4182 conaretur,
1156 4128 1428 4182 nusquam
1464 4113 1512 4167 ei
1548 4113 1857 4170 defuturam

277 4219 400 4260 esse
430 4218 665 4274 operam
683 4219 869 4272 suam;
896 4203 944 4258 si
971 4204 1101 4283 quid
1130 4220 1258 4258 vero
1279 4220 1563 4275 perperam
1591 4215 1644 4260 et
1668 4214 1856 4265 contra

279 4295 426 4366 leges
446 4310 511 4350 ac
527 4295 663 4350 scita
685 4295 976 4365 majorum,
1000 4311 1235 4364 nequam
1251 4295 1535 4351 hominum
1563 4298 1859 4368 suggestio-

1956 3107 2191 3162 scoriam
2242 3113 2471 3162 terrente
2500 3101 2935 3159 conversationis
2963 3103 3296 3168 excoqueret
3318 3095 3408 3127 ‘W‘
3437 3109 3529 3148 ευρ

1956 3198 2141 3256 minus
2173 3196 2500 3252 transitoria:
2535 3192 2920 3249 tribulationis.
2961 3190 3225 3255 Primum,
3265 3193 3414 3242 moto
3439 3185 3529 3216 “"'

1957 3289 2097 3346 bello
2127 3289 2417 3352 Saxonico,
2448 3287 2669 3354 fratrem
2699 3285 2818 3355 ejus
2850 3281 3029 3337 Wecel
3060 3279 3525 3350 Magadaburgen-

1956 3398 2072 3438 sem
2106 3381 2195 3411 ¹⁶⁶⁶
2217 3378 2711 3447 archiepiscopum,
2757 3382 2812 3429 et
2833 3371 3226 3429 consobrinum
3249 3369 3369 3438 ejus
3397 3367 3534 3420 Buc-

1957 3488 2149 3529 conem
2205 3468 2716 3528 llalberstadensem
2743 3464 3082 3534 episcopum,
3116 3466 3411 3528 tempestas
3441 3457 3527 3510 in-

1957 3564 2124 3619 volvit
2160 3560 2494 3633 gravissimae
2532 3553 2948 3627 persecutionis.
2995 3552 3199 3606 Contra
3252 3551 3354 3603 hos
3403 3563 3529 3602 cum

1956 3673 2067 3710 non
2115 3655 2248 3710 satis
2298 3652 2526 3722 impigre
2585 3648 2745 3720 regi,
2800 3645 2978 3700 tocius
3030 3640 3312 3697 Saxonica:
3352 3639 3531 3710 gentis

1955 3746 2339 3804 exterminium
2393 3740 2692 3805 anhelanti,
2723 3753 2880 3808 opem
2931 3735 3118 3798 ferret,
3163 3739 3370 3786 natura:
3401 3744 3530 3799 pror

1958 3838 2099 3894 feeto
2129 3837 2337 3908 legibus
2358 3843 2412 3890 et
2445 3832 2651 3889 carnali
2689 3829 2973 3886 affectione
3007 3826 3291 3896 inhibitus,
3321 3821 3530 3876 invisus

1956 3931 2008 3986 ei
2037 3936 2431 3999 suspectusque
2457 3924 2708 3989 eflicitur,
2758 3919 2984 3991 perjurii
3021 3933 3084 3972 ac
3111 3914 3348 3986 perfidia:
3397 3913 3531 3967 insi-

1957 4021 2228 4085 mulatur;
2256 4019 2404 4072 cives
2430 4015 2805 4078 Colonienses,
2831 4009 3031 4080 quibus
3067 4007 3228 4078 paulo
3256 4013 3380 4062 ante
3403 4002 3528 4056 uni—

1957 4129 2018 4168 ce
2051 4126 2215 4168 carus
2238 4115 2602 4179 acceptusque
2623 4104 2818 4170 fuerat,
2855 4101 2921 4156 ad
2947 4096 3377 4154 interﬁciendum
3403 4109 3528 4148 eum

1956 4203 2116 4260 donis
2168 4215 2232 4256 ac
2258 4199 2346 4230 ⁸⁸³⁷
2388 4193 2849 4268 promissionibus
2894 4189 3276 4246 sollicitantur.
3338 4184 3529 4254 Sopito

1958 4303 2252 4362 utcumque
2281 4292 2386 4344 hoc
2409 4287 2572 4354 malo,
2601 4286 2710 4340 duo
2737 4281 2971 4340 ministri
3021 4280 3161 4348 ejus,
3189 4275 3284 4346 qui
3318 4275 3375 4330 in
3394 4275 3528 4328 lari-

279 4386 438 4441 nibus
478 4386 823 4455 depravatus,
871 4402 1030 4456 agere
1078 4386 1257 4451 vellet,
1290 4395 1350 4440 ut
1399 4387 1486 4442 his
1515 4365 1849 4442 consensum
1884 4396 1927 4450 1)
1953 4386 2055 4439 bus
2081 4383 2200 4452 ejus
2233 4378 2657 4434 familiarissime
2703 4371 3135 4430 obversabantur
3159 4366 3272 4434 Μ’,
3298 4365 3529 4422 insidias

277 4477 764 4547 auctoritatemque
811 4493 966 4532 suam
999 4478 1454 4544 accommodaret,
1487 4478 1648 4538 nullo
1668 4496 1727 4534 se
1759 4480 1851 4512 “5"

276 4570 362 4622 vel
391 4569 482 4600 ⁸⁸⁸⁸
506 4569 686 4648 precio
713 4569 904 4624 redimi
931 4569 1015 4627 vel
1055 4576 1262 4624 terrore
1291 4572 1542 4640 compelli
1573 4588 1753 4642 posse.
1785 4571 1851 4626 Et

278 4659 664 4730 nuncquidem
691 4661 746 4714 in
776 4676 1047 4716 summam
1092 4658 1520 4728 familiaritatem
1543 4665 1597 4717 et
1629 4679 1766 4732 pene
1796 4665 1851 4727 in

281 4751 430 4821 regni
474 4751 815 4806 consortium
843 4767 874 4804 a
900 4767 1025 4821 rege
1071 4751 1470 4820 assumebatur,
1509 4769 1656 4809 nunc
1700 4769 1850 4821 vero,

279 4841 538 4910 quoniam
567 4857 630 4912 ea
656 4857 778 4912 qua:
801 4841 855 4895 in
891 4856 1062 4912 regno
1101 4857 1384 4912 perperam
1413 4845 1737 4914 gerebantur
1756 4860 1851 4899 vc-

280 4930 560 4990 hementer
584 4931 946 4988 detestaretur
967 4939 1021 4986 et
1042 4933 1304 4988 acerrime
1342 4933 1704 5006 impugnaret,
1727 4950 1851 4991 cum

277 5022 604 5078 contumelia
645 5023 711 5078 de
753 5021 1299 5094 palatioejiciebatur
1335 5024 1449 5093 “",
1484 5033 1540 5080 et
1567 5027 1636 5085 ad
1678 5026 1884 5081 extin-.

1953 4475 2005 4531 ei
2043 4474 2290 4537 tendunt,
2329 4479 2404 4536 et,
2448 4468 2556 4524 nisi
2608 4461 3116 4531 Deimisericordia
3165 4458 3370 4513 malum
3423 4457 3530 4511 hoc

1955 4563 2452 4637 prmvertisset‘m,
2501 4560 2638 4614 nihil
2685 4557 2788 4612 tale
2846 4553 3215 4623 suspicantem
3250 4549 3527 4606 trucidas-

2437 4602 2452 4627 ν

1956 4667 2096 4714 sent.

1952 4749 2058 4804 Alii
2083 4747 2318 4813 cuidam,
2341 4759 2502 4816 quem
2527 4739 2802 4797 beneflciis
2831 4737 2947 4793 suis
2977 4735 3212 4790 maxime
3235 4732 3401 4788 fidum
3427 4731 3536 4787 sibi

1954 4841 2359 4908 obnoxiumque
2387 4837 2610 4902 fecerat,
2652 4832 2952 4887 familiares
2993 4828 3228 4891 litteras,
3269 4839 3299 4878 a
3328 4836 3387 4878 se
3412 4822 3539 4892 ipso

1955 4934 2009 4988 in
2063 4931 2262 4986 tabulis
2305 4936 2529 5002 propter
2582 4925 2847 4994 majorem
2895 4920 3094 4974 secreti
3139 4913 3408 4972 cautelam
3431 4915 3543 4963 ,ητα

1956 5024 2318 5094 conscriptas,
2358 5020 2507 5077 dedit
2533 5019 2793 5090 episcOpo
2826 5005 3276 5067 Halberstadeusi
3294 5003 3382 5036 “‘"
3405 5018 3551 5073 per-

1573 5118 1804 5175 VARUS
1845 5116 2242 5196 LECTIONES.
