4050 5358
460 170 597 231 ηυῖ

1603 172 1954 229 ιΑΜΒῑιω
1970 169 2548 229 ﬂEBSFﬂDENSIS

3586 168 3791 225 ἰνὲθῧν

459 285 733 355 ferendas,
770 286 976 359 quibus
1003 293 1257 356 nepotem
1297 302 1459 345 suum
1486 286 1666 360 (425),
1688 288 1856 344 tantis
1874 289 2038 346 undi-
2068 290 2115 347 Α
2140 288 2282 344 fteda
2301 289 2479 359 caligo
2495 286 2818 352 obduxerat,
2840 299 2904 341 ac
2923 292 3165 340 ceterum
3186 282 3370 340 cultus
3396 283 3523 354 ejus
3548 285 3739 353 splene

459 393 568 449 que
591 378 985 434 adversitatum
1006 378 1261 448 procellis
1276 379 1547 450 jactatum
1571 388 1626 435 et
1654 395 1792 450 pene
1816 380 2043 445 naufra-

463 478 704 541 gantem,
758 469 1141 529 consolaretur
1187 479 1243 526 et
1281 470 1594 529 instrueret.
1626 471 1698 526 At
1724 472 1813 533 ille
1839 488 1907 528 ex
1923 472 2045 543 ipsa

465 564 578 616 tam
594 576 827 632 operosa
847 560 1045 617 secreti
1067 561 1499 623 communitionc
1519 563 1819 633 conjiciens
1841 564 2047 635 aliquid

467 652 583 723 regi
616 653 805 724 reique
851 652 1085 723 publieae
1109 653 1401 709 adversum
1435 654 1524 711 his
1567 655 1660 691 ¹⁶⁷¹
1690 655 1885 713 litteris
1910 670 2047 723 con-

467 743 652 811 tineri,
697 744 812 814 regi
838 759 934 801 eas
960 745 1172 800 detulit.
1207 744 1356 811 Quas
1383 746 1475 802 ille
1516 746 1775 817 deinceps
1793 747 1849 801 in
1881 762 2048 818 argu-

470 842 714 890 mentum
734 835 881 897 laesai
907 836 1031 891 ﬁdei
1078 837 1490 908 archiepiscopo
1526 838 1925 908 improperans,
1949 854 2048 893 ne-

2145 379 2337 435 dorem
2386 394 2486 435 sua
2529 377 2779 433 fmditate
2814 376 3111 445 plurimum
3160 375 3521 444 obfuscabat;
3560 391 3739 446 quam

2147 480 2332 526 tamen
2377 470 2514 542 ipse,
2543 470 2716 525 nimio
2759 469 2962 523 rubore
2992 466 3268 538 perfusus,
3308 469 3527 539 objecta
3561 485 3741 524 manu

2148 572 2331 635 tegere
2367 578 2433 618 ac
2468 562 2666 629 celare,
2695 575 2763 617 ne
2787 559 3189 630 inspicientium
3219 558 3521 614 oﬂ‘enderet
3567 560 3740 613 obtu—

2151 663 2286 722 tum,
2308 655 2631 715 conabatur.
2670 651 2820 707 Vidit
2851 659 3112 721 prmterea
3152 651 3296 705 inter
3329 665 3427 705 eos
3451 651 3560 705 sibi
3590 665 3743 719 quo-

2149 760 2259 816 que
2304 745 2487 801 sedem
2539 745 2666 800 miri
2723 744 2939 801 decoris
2977 750 3245 815 paratam.
3275 740 3451 808 Quam
3480 758 3614 799 cum
3644 741 3749 792 ξείιὲ

2151 848 2442 907 occupare,
2488 837 2688 909 gaudio
2714 844 2771 893 et
2792 836 3129 893 exultatione
3156 845 3422 903 aestuans,
3468 849 3748 905 propera-

469 940 589 982 cem
618 926 671 982 ei
706 935 763 982 et
793 928 1049 983 omnibus
1086 944 1212 999 qua:
1251 929 1344 962 “"
1387 929 1511 999 ejus
1535 937 1725 985 essent
1773 929 2049 998 ultimum,
2153 937 2255 997 ret,
2279 936 2509 1000 surgens
2528 928 2790 999 Arnolqu
2808 927 3240 995 Wormaciensis
3263 928 3589 1005 episcopus,
3617 940 3744 980 mo-

471 1016 521 1079 si
575 1017 733 1088 copia
783 1018 959 1088 ﬁeret,
998 1019 1385 1075 exterminium
1436 1020 1871 1077 machinabatur.
1919 1019 2053 1077 ltem
2150 1020 2307 1076 desta
2352 1036 2485 1077 voce
2512 1037 2639 1077 eum
2686 1020 2992 1091 prohibuit,
3029 1020 3217 1075 dicens
3260 1017 3597 1083 reverendos
3635 1015 3747 1077 Pao.

472 1108 616 1169 alius
654 1108 878 1179 quidam
928 1125 995 1166 ex
1031 1111 1301 1171 ministris
1356 1112 1500 1181 ejus,
1530 1112 1696 1185 quem
1736 1112 2054 1177 Coloniensi
2155 1120 2286 1179 tres,
2327 1113 2421 1183 qui
2460 1114 2782 1179 assiderent,
2821 1113 2963 1189 nolle
2999 1127 3126 1169 eum
3172 1113 3227 1166 in
3258 1124 3423 1168 suum
3443 1110 3750 1165 admittere

473 1200 721 1259 ecclesiae.
756 1201 977 1273 propria
1016 1202 1288 1258 industria
1334 1204 1451 1274 ipse
1475 1203 1829 1274 adquisierat,
1858 1220 2053 1276 quem—
2154 1218 2503 1271 consessum,
2549 1213 2836 1276 propterea
2870 1204 3016 1275 quod
3046 1213 3253 1259 vestem
3274 1202 3397 1273 ejus
3427 1201 3616 1271 turpis
3655 1200 3752 1235 ⁸⁸⁸³

474 1307 582 1362 que
610 1292 682 1347 ob
704 1292 810 1348 hoc
837 1292 1312 1365 indulgentissimo
1350 1310 1567 1365 semper
1587 1296 1784 1351 affectu
1813 1298 2059 1353 coluerat
2159 1297 2272 1350 luec
2307 1296 2520 1350 macula
2544 1280 2804 1371 foedaret.
2835 1294 3104 1366 Cumque,
3136 1296 3327 1365 jussus
3359 1293 3486 1348 loco
3525 1291 3753 1363 cedere,

475 1392 532 1439 et
574 1383 736 1440 bonis
780 1384 1060 1453 omnibus,
1087 1386 1252 1442 etiam
1284 1401 1450 1456 supra
1475 1387 1687 1443 natales
1723 1402 1873 1455 suos,
1902 1389 2056 1443 locu—
2158 1387 2295 1441 flens
2338 1386 2694 1457 confectoque
2730 1388 2960 1443 nimium
3007 1387 3190 1442 animo
3238 1384 3624 1456 egrederetur,
3664 1382 3753 1436 in-

476 1475 794 1545 pletaverat,
838 1485 1060 1548 repente
1094 1477 1385 1532 insolentia
1426 1478 1611 1533 servili
1636 1479 1832 1544 elatus,
1865 1479 2059 1549 jugum
2161 1487 2381 1539 secutus
2404 1494 2529 1539 eum
2554 1479 2696 1534 idem
2724 1480 3013 1553 episcopus
3046 1497 3062 1553 ε⁴
3086 1476 3264 1549 Aliquo
3286 1478 3495 1554 animo,
3519 1476 3606 1546 ait
3631 1474 3750 1538 ωδ,

476 1554 865 1623 ecclesiastica:
907 1567 1182 1624 servitutis
1219 1569 1385 1639 coepit
1411 1568 1718 1625 detractare
1750 1569 1861 1636 ³⁸⁷⁸,
1890 1586 2060 1641 seque
2161 1581 2290 1638 esto,
2323 1581 2492 1642 pater.
2526 1570 2794 1625 Maculam
2818 1580 3023 1624 tantum
3057 1564 3215 1637 hanc,
3245 1585 3362 1641 qua:
3376 1577 3573 1622 restem
3601 1576 3759 1619 tum

480 1660 538 1713 in
558 1659 869 1714 libertatem
886 1659 1128 1715 violento
1160 1661 1400 1732 quodam
1419 1661 1545 1731 jure
1569 1661 1676 1716 fori
1702 1677 1828 1717 cum
1862 1678 2059 1733 magna
2092 1649 2135 1703 Β
2160 1664 2364 1734 infecit,
2402 1664 2665 1717 maturius
2696 1662 2841 1717 ablui
2884 1661 3127 1733 praecipe,
3176 1662 3301 1732 quia
3349 1675 3456 1716 non
3496 1667 3623 1728 post
3664 1657 3758 1690 ““

480 1750 881 1821 archiepiscopi
907 1752 1239 1808 contumelia
1287 1753 1523 1809 asseruit
1556 1752 1726 1825 (426),
1755 1753 1894 1809 Tum
1928 1770 2060 1811 vero

481 1842 690 1897 crebris
725 1843 994 1899 mortibus
1037 1858 1292 1899 carorum
1348 1861 1577 1901 suorum
1631 1847 1706 1902 ita
1731 1847 2063 1904 amaricatus

483 1940 569 1987 est
608 1940 664 1986 et
705 1933 931 1988 vulnere
958 1936 1218 1992 concisus
1263 1951 1429 2006 super
1471 1938 1695 2006 vulnus,
1740 1946 1802 1993 ut
1836 1954 2064 1994 saxeum

486 2038 708 2093 quoque
734 2032 927 2094 pectus
958 2032 1012 2079 et
1031 2040 1195 2096 supra
1233 2036 1444 2100 petram
1463 2027 1750 2084 fundatum
1775 2030 2064 2086 aedilicium

485 2122 779 2169 concutere
812 2124 1001 2187 posset
1035 2124 1147 2171 tam
1174 2117 1469 2176 vehemens
1515 2120 1607 2175 ille
1640 2122 1806 2185 turbo
1832 2129 2066 2192 tempta-

487 2204 670 2262 tionis.
726 2205 810 2261 Ad
848 2206 1099 2263 ultimum
1150 2209 1275 2265 data
1327 2210 1545 2268 Satanae
1583 2212 1639 2268 in
1667 2228 1891 2270 carnem
1922 2230 2067 2285 quo-

487 2312 596 2367 que
625 2297 715 2331 ¹⁶⁷⁸
742 2297 863 2368 ejus
888 2308 1174 2369 potestate,
1197 2302 1379 2356 ulcere
1397 2303 1641 2371 pessimo
1666 2319 1963 2373 percussus
1986 2315 2073 2362 est

489 2387 547 2441 in
575 2397 810 2458 utroque
827 2391 981 2461 pede,
1010 2392 1085 2446 ita
1110 2400 1171 2446 ut
1188 2400 1565 2462 putrescentes
1585 2396 1845 2465 paulatim
1877 2412 2072 2454 carnes

489 2478 809 2549 deﬂuerent,
855 2490 910 2535 et
961 2483 1090 2538 hinc
1137 2483 1262 2539 inde
1317 2485 1552 2541 abducta
1602 2495 1749 2554 cute,
1807 2503 2070 2544 consum-

492 2570 601 2639 ptis
634 2571 726 2603 ⁸⁸⁷⁸
768 2573 1049 2639 carnibus,
1098 2573 1244 2631 fmdo
1287 2585 1512 2646 aspectu
1556 2593 1683 2633 ossa
1713 2579 2070 2638 nudarentur.

497 2661 605 2727 Qui
632 2663 860 2719 morbus
887 2665 1066 2734 primo
1090 2666 1275 2736 pedes,
1306 2667 1431 2723 dein
1472 2668 1561 2700 ³⁸⁷⁷
1593 2685 1753 2725 crura
1775 2679 1830 2725 et
1866 2670 2075 2727 femora

495 2752 797 2809 miserabili
837 2756 1000 2811 modo
1032 2757 1293 2828 depastus
1338 2767 1443 2829 est,
1470 2775 1535 2815 ac
1580 2761 1662 2815 sic
1696 2769 1820 2829 post
1857 2762 2075 2819 diutur-

497 2859 626 2898 nam
657 2846 1077 2902 maeerationem
1122 2857 1414 2917 penetrans
1459 2850 1527 2905 ad
1561 2852 1768 2919 vitalia,
1813 2854 2073 2922 animam,

2164 1756 2357 1810 multos
2410 1757 2521 1809 dies
2572 1756 2738 1809 beata:
2788 1755 2945 1824 hujus
2996 1753 3286 1808 mansionis
3331 1750 3673 1805 consortium
3710 1760 3761 1803 et

2163 1857 2468 1903 sanctorum
2519 1847 2610 1880 “"
2649 1856 2882 1918 patrum,
2941 1861 3069 1918 quos
3115 1843 3389 1918 aspexisti,
3447 1857 3760 1909 consessum

2165 1942 2270 1995 voti
2318 1956 2527 2010 compos
2578 1939 2850 2010 percipies.
2904 1936 3060 1991 Mane
3102 1936 3267 2002 facto,
3305 1949 3434 1990 cum
3488 1930 3763 1987 familiari

2166 2030 2383 2088 cuidam
2431 2046 2533 2086 suo
2566 2031 2834 2086 visionem
2879 2028 3173 2095 retulisset,
3208 2026 3299 2082 ille
3323 2024 3612 2095 sapienter
3639 2037 3762 2076 rem

2167 2123 2504 2194 eoujiciens:
2537 2121 2774 2189 Macula,
2804 2121 3001 2191 inquit,
3027 2120 3137 2175 lucc
3153 2120 3282 2173 vesti
3313 2127 3419 2171 tute
3442 2114 3596 2168 illita
3622 2112 3763 2190 uigil

2170 2214 2320 2269 aliud
2347 2223 2446 2281 est,
2475 2222 2628 2285 paler
2655 2213 2767 2282 “‘7,
2818 2222 2876 2267 ut
2906 2214 3128 2277 wstimo,
3159 2226 3317 2281 quam
3361 2207 3630 2271 memoria
3678 2206 3765 2257 ia-

2160 2307 2328 2376 juria:
2371 2307 2565 2361 civium
2595 2305 2934 2376 tuorum,qui
2970 2312 3019 2357 te
3046 2318 3184 2356 anno
3228 2300 3501 2371 superiore
3524 2296 3765 2365 Colonia

2170 2397 2502 2468 expulerunt,
2536 2398 2722 2469 quibus
2760 2406 2807 2452 te
2836 2396 3029 2450 divinae
3072 2394 3287 2464 pietatis
3342 2398 3590 2462 respectu
3637 2388 3761 2458 jam

2173 2490 2303 2551 olim
2325 2496 2629 2560 oportuerat
2659 2489 2879 2542 admissi
2917 2486 3074 2557 hujus
3108 2485 3311 2540 reniam
3333 2483 3566 2538 dedisse.
3605 2478 3762 2546 Hac,

2174 2580 2314 2653 quod
2363 2574 2495 2636 bona
2528 2581 2679 2634 venia
2702 2578 2949 2646 dixerim,
2976 2578 3170 2649 pectori
3213 2586 3302 2630 tuo
3332 2574 3575 2629 tenacius
3598 2585 3763 2643 quam

2175 2690 2382 2744 equum
2403 2674 2475 2727 sit
2501 2672 2736 2727 insidens
2780 2680 2830 2726 et
2855 2669 3190 2725 amarissimo
3218 2682 3437 2722 ιηωνονε
3465 2672 3658 2719 contra
3678 2662 3763 2731 fas

2176 2774 2401 2829 mentem
2445 2773 2592 2818 tuam
2635 2764 2944 2834 decoquens,
2998 2770 3225 2817 ceteram
3262 2758 3635 2814 sanctissime
3666 2753 3763 2787 ⁸⁸⁸⁸

2178 2857 2589 2913 conversationis
2617 2864 2721 2911 tute
2748 2846 3047 2910 claritatem
3100 2851 3321 2906 molesta
3347 2849 3587 2921 quadam
3624 2845 3765 2901 caii-

499 2951 665 3005 super
706 2945 992 3006 argentum
1024 2939 1147 3009 igne
1182 2942 1554 2996 examinatum
1593 2942 1683 2975 ⁸⁸⁷⁸
1713 2945 2000 3015 probatam
2023 2955 2079 3002 et
2104 2986 2145 3044 Ο
2178 2952 2297 3021 gine
2344 2949 2558 3003 obducit
2591 2956 2640 3003 et
2668 2949 2932 3002 obscurat.
2977 2944 3434 3014 Archiepiscopus
3462 2939 3764 2996 conscien-

500 3036 786 3099 purgatam
825 3031 1154 3101 septnplum,
1176 3033 1245 3087 de
1273 3032 1375 3088 hac
1413 3033 1577 3089 domo
1605 3035 1746 3091 lutea
1775 3038 2080 3095 transmisit

504 3118 571 3189 ad
598 3120 821 3180 domum
859 3136 967 3177 non
996 3138 1161 3179 manu
1206 3123 1407 3179 factam
1436 3134 1698 3182 aeternam
1726 3128 1779 3183 in
1807 3129 1976 3186 caelis.
2005 3130 2082 3186 De

505 3226 613 3280 qua
642 3226 721 3277 re,
748 3212 974 3268 dimidio
1010 3213 1125 3271 fere
1174 3232 1319 3272 anno
1352 3218 1675 3290 priusquam
1708 3222 1817 3277 vita
1852 3224 2082 3279 excede-

505 3310 608 3369 ret,
659 3311 873 3358 ccrtum
913 3320 1042 3364 eum
1077 3307 1283 3364 fecerat
1328 3310 1621 3369 manifesta
1658 3314 1936 3385 revelatio.
1987 3314 2082 3369 Vi-

504 3410 602 3455 sus
624 3394 771 3465 (4'27)
793 3405 876 3451 est
907 3398 1052 3454 enim
1082 3401 1183 3456 sibi
1226 3401 1451 3458 domum
1480 3405 1776 3475 quandam,
1807 3406 1959 3461 omni
1983 3407 2081 3462 de-

506 3502 635 3543 core
674 3488 822 3546 intus
862 3499 918 3547 et
950 3491 1086 3549 foris
1113 3495 1570 3566 resplendentem,
1601 3497 1825 3553 intrare.
1867 3498 1933 3554 Et
1959 3514 2086 3556 ecce

507 3579 562 3634 in
590 3581 861 3637 subselliis
875 3580 1246 3655 judiciallhus,
1272 3597 1553 3659 tamquam
1574 3591 1642 3645 ad
1662 3590 1963 3646 concilium
1993 3591 2084 3623 ’⁸⁷⁸

509 3672 825 3728 solemniter
855 3678 1086 3745 evocati,
1115 3680 1424 3735 residebant
1453 3679 1771 3737 Heribertus
1799 3681 1891 3715 ¹⁶⁸⁰
1916 3680 2084 3737 Colo-

510 3763 720 3818 niensis
748 3766 1211 3840 archiepiscopus,
1238 3771 1414 3826 Bardo
1452 3770 1799 3843 Mogontinus
1820 3773 2088 3844 archiepi-

513 3866 736 3922 scopus,
768 3855 954 3927 Boppo
979 3860 1082 3907 ιω.
1098 3868 1155 3915 et
1193 3860 1541 3923 Everhardus
1574 3862 1939 3921 Treverenses
1990 3881 2088 3920 ar-

513 3943 863 4017 chiepiscopi,
910 3948 1172 4008 Arnolqu
1222 3950 1652 4013 Wormaciensis
1682 3955 1975 4025 episcopus
2031 3965 2090 4011 et

517 4031 608 4087 alii
646 4050 811 4105 quam
837 4036 1021 4105 plures
1066 4040 1363 4098 Galliarum
1392 4044 1656 4116 episcopi,
1686 4060 1923 4115 quorum
1953 4046 2091 4105 alios

516 4122 633 4191 ipse
670 4124 725 4180 in
770 4141 935 4206 carne
984 4142 1231 4202 noverat,
1273 4136 1413 4191 alios
1459 4133 1604 4191 fama
1654 4144 1865 4191 tantum
1890 4138 1975 4193 vel
2007 4139 2088 4195 le-

512 4213 695 4271 ctione
740 4232 1099 4292 compererat,
1130 4227 1316 4282 amicti
1362 4243 1555 4285 omnes
1592 4229 1747 4284 stolis
1774 4230 2097 4300 pontiﬁcali—

2180 3044 2270 3098 tiae
2299 3057 2413 3097 suae
2453 3040 2767 3096 testimonio
2792 3039 3095 3113 convictus,
3125 3051 3194 3091 ne
3235 3033 3577 3090 inliciaretur
3612 3028 3766 3102 quod

2181 3133 2452 3198 audiebat,
2494 3142 2704 3187 reatum
2741 3146 2903 3186 suum
2946 3128 3224 3185 humiliter
3260 3124 3509 3196 agnovit;
3536 3121 3764 3178 statim-

2181 3243 2290 3298 que
2336 3224 2622 3280 destinatis
2666 3223 3094 3293 circumquaque
3148 3216 3385 3284 nunciis,
3439 3216 3593 3271 cives
3646 3227 3770 3268 om-

2183 3335 2284 3374 nes
2328 3317 2422 3350 ⁸⁸⁸⁸
2454 3316 2716 3383 Colonizc,
2774 3330 2917 3387 quos
2964 3313 3022 3369 in
3066 3312 3329 3367 ultionem
3380 3307 3602 3377 injuria:
3651 3320 3769 3360 sua

2183 3408 2688 3467 excommunicatos
2740 3407 2873 3462 urbe
2914 3404 3215 3477 fugaverat,
3266 3401 3335 3456 ad
3383 3414 3444 3455 se
3486 3396 3767 3463 evocavit,

2183 3503 2375 3573 eisque
2414 3501 2662 3570 proxima
2692 3498 2983 3555 festivitate
3011 3493 3343 3567 paschali—
3372 3506 3501 3547 nam
3540 3489 3597 3544 in
3627 3504 3771 3558 qua.

2186 3592 2495 3665 dragesima
2556 3590 2824 3647 visionem
2873 3589 3083 3644 viderat
3121 3618 3193 3628 -
3223 3599 3335 3640 non
3385 3581 3566 3638 solum
3609 3594 3765 3634 com.

2186 3685 2505 3741 munionem
2527 3681 2973 3745 ecclesiasticam,
3006 3679 3100 3735 sed
3123 3677 3287 3733 etiam
3330 3676 3475 3730 bona
3503 3689 3605 3728 sua
3643 3686 3763 3743 om-

2186 3777 2312 3841 nia,
2353 3786 2478 3845 qute
2513 3773 2721 3843 direpta
2779 3771 3027 3837 fuerant,
3063 3766 3455 3839 benignissime
3499 3762 3765 3818 restituit.

2174 3867 2281 3924 ‘Sic
2338 3865 2518 3939 gravis
2577 3865 2667 3921 illa
2721 3870 3044 3939 tempestas,
3081 3876 3204 3933 quae
3249 3859 3447 3934 spiritu
3493 3853 3771 3932 diabolica

2189 3959 2456 4027 suscitata
2513 3964 2681 4013 totam
2736 3962 3091 4011 concusserat
3140 3952 3444 4017 Coloniam,
3494 3947 3770 4018 conquie-

2189 4052 2297 4118 vit;
2357 4059 2511 4121 pater
2556 4048 2717 4117 ﬁlios,
2769 4046 2865 4102 ﬁlii
2916 4054 3127 4117 patrem
3169 4048 3638 4117 recOgnoverunt;
3678 4054 3770 4092 ar-

2190 4141 2571 4211 chiepiscopus
2626 4139 3021 4204 amaritudine,
3077 4134 3312 4206 populus
3361 4139 3510 4187 metu
3569 4138 3627 4183 et
3681 4128 3775 4161 ¹⁶⁹⁶

2195 4233 2587 4307 sollicitudine,
2650 4230 2841 4286 civitas
2903 4229 3129 4302 liberata
3173 4234 3258 4289 est
3300 4221 3615 4281 solitudine.
3673 4217 3777 4272 Ar-

3974 1551 3977 1737 l

515 4306 620 4363 bus
650 4316 703 4365 et
723 4310 984 4371 habentes
1009 4324 1217 4373 vestem
1247 4318 1422 4374 instar
1459 4320 1600 4375 nivis
1628 4322 1936 4377 candidam.
1972 4322 2092 4393 Ipse
2124 4333 2167 4389 D
2192 4324 2571 4393 chiepiscopus
2616 4321 2729 4391 jam
2756 4337 2787 4375 a
2810 4318 3078 4391 principio
3126 4316 3461 4387 sepulturam
3514 4310 3622 4366 sibi
3654 4324 3778 4378 pro-

516 4414 737 4471 quoque
772 4406 1019 4463 candidis
1039 4409 1331 4465 admodum
1355 4426 1419 4466 ac
1446 4412 1710 4481 preciosis
1740 4414 1964 4470 indutus
1985 4414 2092 4468 sibi
2191 4416 2398 4469 viderat
2415 4412 2656 4469 Colonia:
2684 4413 2739 4466 in
2766 4411 2994 4468 ecclesia
3023 4410 3194 4466 beatae
3216 4407 3403 4462 Mariae
3429 4418 3551 4474 qua:
3576 4401 3779 4457 dicitur

518 4490 824 4563 videbatur,
861 4498 953 4551 sed
1004 4507 1216 4568 partem
1267 4502 1550 4558 candentis
1589 4504 1921 4571 vestimenti,
1970 4520 2093 4579 eam
2196 4504 2276 4570 Ad
2326 4505 2545 4573 gradus.
2588 4502 2940 4576 Postmodum
2987 4502 3231 4556 olfensus
3264 4496 3573 4553 temeritate
3606 4490 3778 4548 Colo-

522 4580 731 4653 scilicet
772 4599 880 4657 qua
928 4597 1119 4655 pectus
1161 4592 1464 4661 tegebatur,
1494 4593 1713 4649 sordida
1758 4596 2009 4665 quaedam
2032 4609 2099 4649 ac
2198 4597 2472 4660 niensum,
2506 4610 2615 4665 qua
2644 4594 2699 4649 in
2734 4609 2862 4650 eum
2893 4593 3136 4667 inaudita
3162 4591 3313 4646 rabie
3344 4584 3636 4663 debachati
3668 4582 3785 4638 fue-

1819 4768 2053 4825 VARIE
2087 4768 2485 4828 LECTIONES.

1655 4882 1850 4953 “"ita
1878 4881 2010 4953 ετξ.
2044 4881 2097 4935 4.
2128 4883 2511 4953 5.‘detrectare
2553 4885 2631 4940 la.
2710 4886 2800 4921 ¹⁶²¹
2833 4887 2976 4941 deest
3006 4885 3058 4941 4.
3137 4883 3231 4925 ⁸⁸⁷⁸
3252 4880 3712 4953 consumptisque
3733 4878 3782 4933 7.

531 4947 622 5019 ἒ⁶⁷⁷
653 4948 849 5019 deinde
875 4948 928 5004 4ο
1018 4950 1107 4987 ¹⁶²⁸
1134 4947 1501 5014 examina'tam
1528 4953 1581 5007 4.
1677 4952 1767 4999 ιη’
1795 4948 2083 5006 consilium
2111 4953 2165 5006 4.
2281 4954 2371 4986 ιοεο
2399 4952 2728 5011 Heriberdus
2751 4958 2805 5011 4.
2844 4957 2897 5012 5.
2930 4955 3289 5012 Heriberthus
3332 4955 3383 5009 ι.
3481 4947 3575 4985 (ιιι
3601 4947 3787 5019 Puppe

533 5017 615 5097 la.
655 5016 743 5097 (II_,
774 5018 921 5097 25.1)“
972 5021 1100 5097 _“3‘
1132 5022 1275 5097 deest
1292 5023 1380 5097 ξε-
1463 5021 2168 5097 ³⁸⁸³,Ιιηιιιι-ρίε-1ικω⁸⁸⁸⁸
2204 5021 2393 5097 inquit
2412 5025 2487 5097 A7.
2568 5026 2658 5097 ’Ψ
2687 5035 2814 5097 post
2845 5042 2955 5082 non
2980 5027 3038 5097 ¹’7.
3149 5026 3242 5097 ’Ψ
3262 5032 3438 5097 sanet.
3496 5036 3645 5094 quos
3684 5016 3788 5090 'ph-

533 5087 681 5142 trum
700 5087 751 5143 1.
829 5088 921 5122 ⁸⁸³⁷
944 5089 1089 5164 deest
1130 5090 1214 5165 la,
1290 5091 1383 5124 ¹⁶⁸⁸
1409 5087 1810 5145 sanctissimam
1836 5090 1889 5162 ιτ
1969 5089 2058 5129 ’⁸⁸³
2082 5087 2541 5151 omnes'Colonite
2575 5087 2722 5152 cive's
2759 5096 2808 5149 7.
2890 5094 2983 5129 ¹⁶⁹⁶
3012 5100 3135 5151 ets.
3166 5095 3354 5149 desunt
3375 5094 3428 5150 ι.
3514 5087 3535 5094 “
3691 5087 3703 5109 "

2066 5220 2294 5278 NOTE.

2226 5338 2499 5358 lh_-_-__!..‘
2550 5353 2590 5358 __
2652 5352 2671 5358 Α
2728 5335 3106 5358 ,Α-.-.αιΑ-ΔΙ-.-

798 4879 845 4953 _l.
876 4880 1064 4953 desunt
1092 4882 1145 4953 _7.
1248 4883 1339 4916 ‘m
1362 4883 1457 4953 qui
1498 4883 1547 4938 7.

609 5329 758 5358 IIOE\
798 5329 966 5358 En-..
1024 5333 1271 5358 ...ι-Δ-..
1306 5332 1677 5358 ι)..-..ι.--)-..-

1747 5349 1894 5358 ,ΔΑ-Α-
