4050 5358
231 133 369 191 1269

1467 134 1790 192 ΑΝΝΑιεε
1833 135 2040 194 -ΔΝ,
2072 135 2237 207 1076,
2292 160 2296 164 Α

3354 143 3499 213 tam

230 243 678 323 “glaucumam
694 242 1285 315 animum,sedcorpus
1301 247 1805 317 quoquesuum‘“‘
1833 250 1883 307 Α
1907 251 2275 305 constantiam
2308 258 2366 305 et
2396 249 2656 305 invictum
2695 250 2985 309 adversum
3022 267 3214 312 omnes
3249 256 3500 324 nefarios

204 342 297 401 .dc
320 337 546 397 Colonia
578 337 636 391 in
668 334 925 411 Sige‘berg
967 334 1402 393 transferendum
1437 340 1672 406 censuit,
1705 340 1810 395 ibi.

229 446 338 502 que
370 428 586 501 sepeliri
612 427 704 459 ⁸⁸⁸⁸
741 442 801 482 se
839 426 991 481 omni
1026 427 1190 483 modo
1206 428 1297 485 ‘9”
1326 427 1588 487 deﬁnivit.
1634 431 1808 486 Cum-

229 536 372 594 que,
398 520 878 590 appropinquante
921 518 1009 572 die
1057 519 1359 579 vocationis
1399 537 1541 588 sua,
1565 522 1809 580 Coloniae

227 600 551 683 egrotaret,
588 609 814 679 jamque
858 609 915 662 in
955 616 1202 665 extremo
1238 611 1434 680 spiritu
1477 615 1808 672 constitutus

226 701 683 775 animadverteret
734 700 996 770 populum
1026 700 1411 758 Coloniensem
1445 705 1680 775 graviter
1715 706 1807 762 ni-

227 794 334 865 mis
374 790 520 849 ferre
572 792 719 862 quod
752 799 865 847 tam
899 791 1247 856 desiderabili
1289 794 1547 850 thesauro
1583 795 1807 852 defrau-

223 883 443 946 dandus
469 891 617 939 esset
647 902 661 938 :
693 883 975 953 paululum
1010 892 1292 953 resumpto
1331 886 1548 957 spiritu,
1579 887 1636 942 in
1666 889 1806 944 lecto

222 974 494 1039 consedit,
532 982 863 1045 acceptaque
898 975 1037 1030 stola
1078 975 1408 1044 pontiﬁcali,
1459 986 1519 1033 ut
1555 980 1808 1037 videlicet

220 1065 408 1141 verbis
428 1065 554 1136 plus
578 1065 783 1141 inesset
815 1066 1185 1140 auctoritatis,
1215 1066 1512 1126 familiares
1537 1086 1668 1127 suos
1703 1073 1806 1127 sub

220 1155 605 1212 testiﬁcatione
629 1156 867 1213 nominis
895 1156 1064 1211 divini
1091 1157 1360 1226 adjuravit
1392 1174 1463 1215 ne
1513 1161 1643 1217 alibi
1678 1178 1805 1218 eum

219 1262 395 1319 quam
438 1247 496 1302 in
556 1247 815 1319 Sigeberg
861 1248 991 1317 poni
1010 1247 1101 1279 ¹⁸⁹δ
1131 1249 1391 1305 sinerent.
1448 1251 1675 1308 Factum
1721 1264 1807 1311 est

217 1354 356 1409 ergo
376 1340 521 1409 quod
548 1339 808 1410 jusserat.
840 1337 1142 1395 Defunctus
1176 1341 1329 1411 enim
1353 1351 1477 1411 post
1503 1345 1801 1415 modicum,

218 1430 400 1501 gloria
430 1430 656 1505 ingenti,
684 1448 882 1503 magno
912 1432 1046 1506 cieri
1072 1440 1126 1487 et
1155 1433 1326 1503 plebis
1354 1436 1553 1502 studio,
1585 1453 1804 1494 summo

208 1517 602 1579 matronarum
628 1522 1041 1591 Coloniensium
1063 1524 1234 1591 luctu,
1264 1526 1318 1581 in
1361 1525 1619 1600 Sigeberg
1651 1531 1802 1586 dela-

217 1621 336 1687 tus,
358 1620 521 1684 atque
554 1614 610 1671 in
640 1615 822 1671 medio
850 1616 1096 1672 ecclesia:
1132 1618 1376 1686 sepultus
1398 1628 1483 1674 est
1502 1619 1672 1692 (428).
1698 1621 1802 1682 Ubi
1834 1603 1878 1659 Β

217 1704 447 1761 cottidie
474 1721 570 1777 per
593 1706 711 1776 ejus
737 1707 1102 1781 interventum
1142 1708 1372 1763 ﬁdeliter
1403 1713 1807 1779 postulantibus

218 1798 397 1855 multa
416 1805 747 1870 priestantur
779 1798 977 1854 divinm
1000 1799 1378 1873 Opitulationis
1406 1802 1692 1873 beneﬁcia.

877 1890 1168 1948 MLXXVI.

292 1979 412 2057 Rex
476 1982 814 2039 nativitatem
880 1982 1097 2038 Domini
1167 1982 1430 2040 Goslarite
1489 1987 1804 2046 celebravit.

215 2071 473 2143 Cumque
499 2074 673 2129 eo1m
695 2090 889 2131 omnes
929 2075 1081 2146 regni
1114 2076 1386 2147 principes
1418 2089 1719 2148 evocasset,
1748 2092 1809 2139 ut

215 2166 289 2243 de
343 2164 681 2235 principibus
724 2163 1003 2232 Saxoniaa,
1040 2168 1132 2238 qui
1177 2168 1229 2222 in
1267 2169 1606 2229 dedicionem
1647 2189 1810 2230 vene-

217 2264 372 2329 rant,
391 2257 670 2311 communi
701 2258 933 2314 consilio
955 2258 1368 2328 deliberaretur,
1396 2271 1590 2332 prteter
1614 2265 1807 2322 ducem

218 2345 544 2412 Boemicum
569 2348 728 2417 pauci
743 2349 1037 2404 admodum
1062 2361 1348 2406 venerunt.
1367 2351 1451 2410 Ab
1472 2354 1607 2425 ipsis
1627 2365 1809 2414 tamen

219 2438 321 2509 qui
349 2448 617 2494 venerant
632 2439 1020 2510 jusjurandum
1053 2442 1232 2513 exegit
1267 2451 1322 2498 et
1345 2447 1571 2516 accepit,
1612 2458 1674 2504 ut
1699 2467 1810 2506 non

220 2531 398 2607 alium
437 2539 562 2603 post
594 2547 721 2587 eum
762 2548 927 2603 quam
966 2532 1138 2599 ﬁlium
1168 2534 1307 2605 ejus,
1340 2544 1590 2595 tenerum
1631 2541 1812 2600 adhuc

219 2621 586 2700 infantulum,
637 2639 821 2695 regem
884 2624 990 2681 sibi
1034 2625 1313 2697 eligerent.
1364 2627 1444 2685 lbi
1497 2629 1656 2701 Otto,
1699 2634 1814 2694 dux

222 2714 505 2787 quondam
540 2713 827 2785 Bajoariae,
856 2715 1002 2771 datis
1037 2732 1138 2787 pro
1183 2734 1243 2773 se
1278 2720 1496 2779 duobus
1534 2723 1661 2782 ﬁliis
1695 2728 1814 2787 suis

222 2806 531 2880 obsidibus,
569 2806 851 2863 dedicione
900 2808 1186 2865 absolutus
1217 2820 1333 2880 est;
1383 2830 1484 2871 nec
1537 2819 1716 2875 solum
1754 2822 1813 2879 in

222 2898 479 2977 gratiam,
525 2897 621 2955 sed
658 2897 714 2973 in
755 2906 966 2971 tantam
1006 2916 1227 2983 quoque
1258 2902 1682 2967 familiaritatem
1720 2930 1811 2970 re-

222 2998 418 3063 ceptus
450 2998 537 3046 est
563 3008 595 3049 a
627 3006 777 3062 rege,
816 3000 878 3047 ut
906 2993 1092 3048 omnia
1114 2994 1372 3067 deinceps
1408 3002 1669 3070 consilia,
1699 3013 1811 3064 tam

221 3081 291 3137 de
328 3082 541 3151 privata
577 3098 743 3153 quam
773 3083 840 3139 de
875 3100 935 3139 re
975 3085 1212 3155 publica,
1240 3090 1436 3149 ceteris
1466 3095 1814 3157 auriculariis

221 3171 555 3251 familiarius
576 3190 702 3228 cum
727 3190 794 3229 eo
818 3177 1267 3251 communicaret.
1297 3179 1619 3243 Ceterorum
1633 3190 1728 3259 qui
1753 3206 1813 3247 se

222 3263 548 3342 dediderant
570 3280 671 3321 nec
696 3267 905 3322 mentio
919 3264 1106 3324 habita
1129 3279 1233 3326 est.

293 3354 642 3413 Coloniensis
663 3356 826 3411 etiam
857 3358 1039 3414 clerus
1060 3368 1113 3423 et
1144 3362 1379 3432 populus
1407 3366 1477 3423 ad
1503 3368 1812 3441 eligendum

224 3445 328 3525 sibi
379 3447 682 3525 antistitem
730 3447 988 3520 frequens
1038 3452 1396 3512 conﬂuxerat.
1453 3458 1666 3527 Quibus
1714 3481 1813 3522 rex

224 3536 527 3621 lliidolfum
592 3538 868 3621 quendam
888 3584 904 3609 ,
983 3542 1390 3604 Goslariensem
1450 3555 1811 3627 canonicum,-

226 3631 511 3707 oil‘erebat,
538 3640 701 3703 atque
730 3642 791 3689 ut
820 3634 1081 3706 eligerent
1107 3638 1289 3694 dedita
1312 3656 1476 3711 opera
1505 3645 1818 3706 insistebat.~

226 3721 307 3794 illi
330 3722 524 3796 contra
551 3722 766 3795 summa
801 3742 905 3797 ope
942 3728 1278 3806 nitebantur,
1315 3733 1637 3807 objicientes
1664 3744 1815 3813 quod

230 3814 396 3872 homo
419 3823 632 3889 statura
658 3819 891 3893 pusillus
911 3819 1026 3889 4‘”,
1051 3824 1204 3878 vultu
1226 3824 1591 3898 despicabilis,
1615 3849 1816 3905 genere

231 3906 520 3981 obscurus,
554 3925 656 3978 nec
692 3910 862 3985 animi
902 3928 1003 3969 nec
1044 3917 1291 3986 corporis
1323 3919 1619 3979 virtutibus
1655 3926 1814 3996 quic-

232 4013 401 4073 quam
435 4007 590 4056 tanto
627 4004 936 4064 sacerdotio
974 4006 1198 4077 dignum
1240 4013 1617 4083 prmtenderet.
1662 4015 1817 4074 Unde

234 4088 552 4164 indignitate
584 4093 663 4149 rei
690 4102 841 4171 tanta
866 4096 923 4170 in
944 4113 1069 4155 eum
1104 4102 1375 4158 concitata
1410 4122 1538 4183 sunt
1570 4111 1817 4165 omnium

234 4182 330 4253 qui
364 4183 422 4238 in
449 4194 603 4257 curte
639 4187 787 4259 regia
821 4198 979 4246 erant
1007 4192 1152 4260 odia,
1183 4202 1272 4261 ut,
1306 4182 1481 4253 sicubi
1506 4199 1564 4254 in
1598 4201 1818 4270 publico

1909 355 2041 395 suos
2068 349 2299 396 conatus
2323 342 2598 412 spiritum,
2635 344 2889 407 consulto
2917 343 3083 399 talem
3117 345 3169 400 ei
3207 354 3497 406 succes'so-z

1907 447 2023 487 rem
2065 432 2307 488 ordinari
2347 434 2662 505 satagebat,
2699 435 2861 506 cujus
2900 434 3158 502 facilitate
3190 438 3258 503 ad
3302 440 3500 511 omnia

1905 538 2029 594 qua:
2049 524 2210 578 vellet
2230 540 2330 594 pro
2362 526 2517 579 libita
2539 540 2642 583 suo
2675 527 2825 589 abuti
2854 535 3057 599 posset.
3090 527 3357 599 Cumque,
3395 529 3492 587 diu

1905 614 2249 685 multumque
2284 624 2534 683 conatus,
2564 618 2710 671 nulla
2738 602 2952 673 ratione
2982 626 3043 683 ut
3067 619 3359 691 eligeretur
3385 621 3491 679 ob-.

1907 707 2080 762 tinere
2106 707 2396 776 potuisset,
2420 706 2778 764 Colonienses
2806 708 3008 765 iniecto
3036 710 3263 781 negocio
3297 712 3350 765 in
3388 720 3501 767 sua

1905 798 2137 865 remisit,
2173 798 2483 869 iterumque
2516 800 2694 854 media
2729 800 3146 871 quadragesima
3188 801 3413 871 rectius,
3444 801 3494 857 si

1905 889 2025 944 ﬁeri
2065 898 2277 959 posset,
2316 891 2602 946 consultos
2638 899 2840 960 praasto
2878 907 3005 947 esse
3032 891 3318 963 praecepi};
3356 906 3496 951 ωτι.

1906 989 2139 1037 testatus
2173 996 2342 1052 quam
2377 990 2583 1049 sancte,
2623 997 2683 1037 se
2717 982 2843 1038 vivo
2881 980 2978 1039 aut
3013 983 3229 1043 nullum
3264 1002 3360 1044 eos
3399 994 3496 1050 aut

1905 1075 2054 1130 hunc
2078 1073 2364 1129 habituros
2386 1088 2507 1129 esse
2526 1073 2862 1143 pontiﬁcem.
3462 1092 3467 1098 ι

1977 1165 2153 1237 (Ῑαη.)
2199 1164 2441 1221 Aderant
2487 1172 2753 1235 praeterea
2802 1163 3161 1225 Hildebrandi
3189 1169 3283 1203 ⁸⁸³⁸
3336 1180 3500 1241 papas

1900 1257 2068 1330 legati
2091 1257 2263 1330 (429),
2287 1257 2684 1319 denuncianoes
2705 1261 2822 1333 regi
2868 1268 2930 1317 ut
2971 1261 3210 1317 secunda
3238 1260 3373 1316 feria
3409 1266 3503 1316 se-a

1900 1352 2098 1405 euadat
2139 1350 2455 1405 ebdomadae
2491 1350 2550 1408 in
2588 1354 3007 1425 quadragesima
3061 1353 3210 1424 (450)
3240 1354 3307 1408 ad
3345 1352 3505 1408 εἰηοέ

1902 1443 2036 1496 dum
2071 1442 2260 1497 Romae
2298 1455 2617 1502 occurreret
2677 1447 2744 1502 de
2760 1446 3086 1504 criminibus
3130 1460 3251 1518 qua:
3284 1444 3495 1519 obiice-

1904 1544 2098 1590 rentur
2127 1551 2356 1597 causam
2384 1540 2665 1606 dicturus;
2700 1539 2944 1609 alioquin
2993 1539 3159 1595 sciret
3196 1552 3257 1593 se
3291 1537 3503 1606 absque

1905 1628 2055 1683 omni
2083 1630 2581 1697 procrastinatione
2599 1632 2790 1686 eodem
2826 1631 2913 1686 die
2940 1631 3008 1685 de
3037 1643 3268 1700 corpore
3286 1618 3501 1683 saneta:

1903 1720 2150 1779 ecclesiae
2189 1724 2491 1794 apostolico
2529 1724 2877 1778 anathemate
2919 1723 3310 1778 abscidendum
3351 1732 3497 1775 esse.

1904 1810 2038 1878 Quae
2078 1812 2278 1885 legatio
2324 1830 2507 1886 regem
2549 1816 2899 1871 vehementer
2939 1813 3236 1884 permovit;
3279 1809 3498 1867 statim-

1906 1917 2013 1973 que
2051 1906 2280 1975 abjectis
2313 1922 2439 1962 cum
2478 1907 2631 1978 gravi
2669 1907 3001 1962 contumelia
3041 1906 3270 1978 legatis,
3306 1915 3507 1965 omnes.

1906 1995 2113 2066 quim°
2150 1998 2205 2052 in
2242 2013 2410 2071 regno
2453 2014 2556 2054 suo
2597 2007 2782 2055 essent
2820 2000 3111 2070 episcopos
3151 2007 3206 2053 et
3249 1996 3498 2060 abbates,

1907 2086 2238 2159 Wormaeiae
2264 2092 2536 2147 dominica
2575 2091 2991 2162 septuagesima:
3028 2090 3321 2147 convenire
3354 2099 3499 2157 praes-

1907 2182 2072 2252 cepit,
2109 2191 2347 2239 tractare
2372 2200 2498 2239 cum
2529 2184 2610 2239 eis
2648 2184 2857 2249 volens,
2886 2182 2955 2237 ad
2980 2180 3363 2253 deponendum
3388 2174 3501 2232 Ro-

1908 2290 2135 2339 manum
2187 2277 2501 2346 pontiﬁcem
2559 2275 2607 2331 si
2653 2290 2763 2346 qua
2810 2274 2914 2330 sibi
2962 2276 3080 2342 via,
3111 2274 3159 2330 si
3207 2287 3317 2343 qua
3358 2267 3499 2323 ratio

1910 2374 2150 2437 pateret;
2186 2368 2242 2423 in
2280 2370 2387 2425 hoc
2424 2369 2645 2424 cardine
2679 2376 2850 2422 totam
2876 2367 3016 2421 verti
3049 2373 3207 2421 ratus
3221 2363 3315 2396 "“
3345 2360 3500 2417 salu-

1911 2466 2023 2514 tem
2053 2475 2212 2514 suam
2239 2468 2294 2516 et
2324 2460 2479 2532 regni
2510 2459 2861 2516 stabilitatem
2878 2501 2893 2527 ,
2918 2458 2966 2514 si
2985 2458 3033 2514 is
3059 2472 3171 2513 non
3208 2463 3358 2512 esset
3381 2452 3500 2525 epi-

1910 2567 2137 2622 scopus.

1981 2643 2109 2715 ipso
2165 2652 2409 2715 tempore
2451 2643 2680 2715 contigit
2730 2657 2926 2714 papam
2965 2656 3063 2711 per
3100 2637 3499 2694 immissionem

1912 2734 2132 2793 Satanae
2152 2737 2475 2808 gravissima
2494 2734 2698 2806 pulsari
2720 2733 3071 2792 adversitate,
3084 2730 3332 2798 Quidam
3345 2727 3500 2782 urbis

1913 2829 2203 2900 przefectus
2247 2828 2544 2895 Romana,
2582 2826 2839 2894 Quintius
2880 2825 3136 2892 nomine,
3188 2829 3243 2877 et
3281 2818 3501 2897 generis

1839 2953 1880 3009 ο
1915 2923 2165 2979 claritate
2188 2929 2243 2977 et
2279 2937 2443 2992 Opum
2476 2920 2649 2992 gloria
2671 2919 2941 2984 eminens,
2975 2917 3130 2971 valde
3157 2915 3213 2969 in
3246 2921 3360 2969 tota
3387 2910 3500 2965 ita-

1912 3014 1985 3070 lia
2006 3015 2177 3070 multa
2200 3014 2256 3068 in
2276 3012 2718 3084 possessionibus
2744 3010 3006 3065 Romanae
3033 3006 3277 3063 ecclesiae
3306 3007 3504 3076 praeter

1913 3108 2059 3178 leges
2102 3102 2351 3161 faciebat.
2381 3096 2697 3160 Perlataad
2735 3117 2932 3173 papam
2969 3098 3333 3172 querimonia,
3373 3109 3501 3151 cum

1911 3215 2039 3254 eum
2075 3198 2273 3268 saepius
2302 3198 2546 3252 modeste
2580 3195 2899 3265 corriperet,
2920 3208 3020 3248 nec
3049 3192 3344 3262 quicquam
3372 3194 3502 3257 pro.

1912 3290 2099 3345 ﬁceret
2138 3298 2348 3346 secreta
2394 3287 2696 3357 correptio,
2743 3286 2962 3340 tandem
3007 3278 3505 3339 excommunicavit

1912 3395 2070 3447 eum,
2118 3381 2416 3436 arbitratus
2471 3379 2578 3435 hoc
2628 3378 2822 3434 saltem
2891 3375 3055 3431 modo
3097 3370 3501 3444 improbitatem
3568 3435 3573 3439 θ

1912 3474 2034 3543 ejus
2058 3471 2413 3528 coercendam
2441 3470 2577 3526 fore.
2603 3468 2741 3525 Hinc
2766 3468 2855 3523 ille
2884 3466 3082 3537 majori
3104 3466 3197 3549 '7“
3231 3461 3503 3520 dementia

1912 3565 2189 3632 efferatus,
2229 3564 2349 3635 ipsa
2385 3572 2548 3619 nocte
2588 3561 2790 3617 natalis
2834 3558 3051 3614 Domini
3099 3570 3235 3615 eum,
3276 3549 3505 3611 armatis

1913 3657 2197 3727 inopinato
2242 3655 2405 3711 irruit
2443 3656 2500 3711 in
2537 3654 2849 3721 ecclesiam,
2881 3652 2934 3706 in
2981 3666 3089 3721 qua
3130 3664 3297 3720 papa,
3322 3645 3502 3713 vesti-

1913 3750 2113 3805 mentis
2149 3747 2553 3820 pontiﬁcaiibus
2593 3747 2840 3813 indutus,
2890 3758 3051 3799 sacro
3090 3741 3247 3797 altari
3288 3737 3506 3795 astabat

1914 3840 2212 3897 missarum
2251 3841 2517 3896 solemnia
2559 3839 2869 3904 celebrans,
2914 3835 3224 3906 injectaque
3258 3863 3328 3872 -η
3352 3827 3535 3913 quod,

1914 3933 2062 3989 dictu
2106 3948 2327 4004 quoque
2370 3931 2525 3988 nefas
2581 3940 2667 3987 est
2722 3963 2793 3973 ——
2820 3931 2874 3984 in
2907 3927 3135 3998 capillos
3160 3926 3280 3995 ejus
3306 3936 3503 3987 manu,

1916 4024 2106 4080 multis
2146 4025 2494 4081 contumeliis
2538 4024 2792 4079 aﬁ‘ectum
2822 4019 2900 4095 de
2942 4018 3174 4074 ecclesia
3213 4014 3506 4087 protraxit,

1917 4124 1972 4172 et
2000 4132 2343 4187 priusquam,
2372 4116 2594 4186 vulgato
2621 4129 2720 4185 per
2744 4112 3019 4169 civitatem
3049 4122 3293 4173 rumore,
3325 4110 3505 4176 pupu-

1919 4206 2007 4262 lus
2040 4207 2299 4277 frequens
2338 4209 2545 4263 auxilio
2575 4210 2947 4268 concurreret,
2984 4202 3039 4255 in
3075 4201 3300 4256 domum
3331 4212 3508 4267 quan-

237 4272 596 4347 apparuisset,
631 4295 823 4336 omnes
850 4297 976 4337 eum
1014 4290 1277 4355 tanquam
1306 4289 1634 4360 aliquqd""
1673 4296 1812 4351 anti-

1916 4300 2041 4355 dam
2064 4272 2491 4356 munitissimam
2516 4298 2773 4369 abripuit.
2803 4295 2971 4351 Fama
2994 4302 3107 4348 tam
3133 4290 3338 4347 atrocis
3372 4288 3504 4345 facti

237 4367 461 4436 quitatis
482 4377 787 4429 monstrum
819 4373 1110 4453 inconditis
1130 4379 1462 4439 clamoribus
1497 4392 1553 4439 et
1585 4387 1813 4449 canticis

238 4470 608 4531 perurgerent,
652 4463 968 4536 lapidesque
1013 4468 1068 4523 in
1117 4485 1245 4525 eum
1298 4482 1353 4528 et
1411 4478 1691 4546 pulverem
1728 4479 1816 4549 vel

241 4551 618 4626 quodcumque
641 4556 789 4611 aliud
814 4556 1120 4617 furentibus
1145 4578 1310 4620 casus
1338 4568 1633 4633 obtulisset
1641 4570 1817 4641 jacta-

240 4651 379 4719 rent.
426 4643 533 4721 Sed
577 4663 672 4725 rex_
716 4650 964 4724 recolens
1004 4652 1251 4727 Annonis
1282 4658 1373 4692 ¹⁶⁹⁸
1419 4663 1817 4736 archiepiscopi

1919 4399 2089 4451 tatam
2123 4391 2248 4447 ilico
2282 4392 2510 4462 repleﬁt
2537 4391 2749 4446 urbem.
2786 4387 3039 4457 Undique
3074 4386 3141 4441 ad
3178 4398 3331 4440 arma
3367 4377 3508 4437 con-9

1919 4483 2205 4539 clamatur.
2246 4482 2449 4540 Divites
2475 4493 2531 4539 et
2556 4497 2854 4555 pauperes,
2885 4479 3099 4537 nobiles
3126 4485 3180 4533 et
3215 4474 3506 4547 ignobiles,

1923 4590 2035 4630 uno
2071 4590 2264 4631 omnes
2294 4577 2479 4632 animo
2518 4582 2834 4641 accurrunt,
2865 4583 3029 4644 atque
3063 4571 3129 4629 in.
3163 4570 3283 4641 ipso
3320 4567 3511 4631 statim
3585 4617 3588 4620 .

1921 4667 2148 4723 orientis
2187 4667 2295 4757 diei
2333 4670 2658 4739 crepusculo
2688 4668 2911 4723 domum
2948 4664 3156 4732 Quintii
3194 4674 3516 4731 oppugnare

1521 4825 1599 4879 VA
1610 4825 1747 4883 DIE
1786 4823 2191 4883 LECTIONES.

315 4947 665 5031 :mjeest}.
733 4963 822 4995 ω’
853 4978 911 5019 se
936 4975 1050 5031 sep.
1072 4959 1124 5015 ’5.

1202 4956 1298 4993 ³⁸⁸³
1323 4956 1547 5012 omnino
1573 4957 1625 5012 5.
1704 4957 1797 4991 ⁸⁵⁸³
1819 4973 1886 5013 ne
1918 4977 1949 5016 a

251 5014 340 5063 l‘"
390 5020 597 5097 aliquid
640 5014 693 5087 4.
772 5014 1162 5088 mm"Ai—monis
1215 5030 1272 5086 3.
1352 5027 1444 5059 “”
1492 5018 1833 5084 Hildihfandi
1882 5031 1918 5085 ὅ

2086 4962 2142 5021 in
2169 4958 2227 5013 S.
2249 4974 2377 5015 eum
2414 4973 2468 5030 p.
2500 4975 2547 5015 s.
2572 4960 2631 5014 Ἶ.
2667 4956 2673 4962 ’
2707 4959 2798 4991 ¹⁶⁹⁵
2819 4972 2918 5013 eos
2931 4958 2988 5014 5.
3061 4955 3160 5038 f‘”
3198 4947 3437 5077 gusillos
3469 4958 3539 5023 4,

2038 5031 2113 5065 ἠο
2171 5030 2301 5077 ninia
2332 5029 2386 5077 ι.
2464 5030 2556 5063 ¹⁷⁰¹
2590 5031 2735 5077 deed
2775 5028 2930 5077 Lm”
2969 5038 3177 5077 maiore
3236 5039 3258 5074 .'
3385 5042 3389 5046 '
3452 5076 3455 5077 ,

2038 5031 2113 5065 η’
2171 5030 2307 5101 (luia
2332 5029 2386 5087 4.
2417 5028 2433 5030 ‘
2464 5030 2556 5063 ιτοι
2590 5031 2735 5086 decu
2775 5028 2930 5095 U7"
2969 5028 3177 5098 maiore
3198 5028 3269 5091 δέ.
3385 5042 3389 5046 ·
3449 5076 3455 5081 ι

1769 5165 2003 5231 Nom.
3340 5194 3343 5195 ν
3500 5166 3514 5239 ’.

498 5270 624 5331 Haec
657 5277 714 5353 in
752 5280 914 5338 tertio
938 5277 1081 5334 libro
1109 5276 1249 5335 Vitae
1283 5272 1341 5329 S.
1372 5270 1622 5329 Aneonis
1647 5240 1826 5336 fusius
1934 5284 2093 5358 i976.
2136 5279 2261 5358 vid.
2294 5281 2526 5358 Stengel.
2558 5280 2602 5349 l,
2638 5294 2693 5354 p.
2725 5277 3016 5358 37§,_not.
3036 5284 3037 5287 ‘
3060 5276 3146 5342 18,
3180 5270 3566 5358 ρέζῖβςὶς
