4050 5358
246 212 402 275 12ιό

1399 210 1739 268 ANNALES.
1769 234 1840 254 -ε-
1868 212 1980 271 AN.
2012 216 2172 274 iam.
2248 174 2255 177 ’

3389 200 3535 298 EH

244 325 425 397 gibbo
455 322 804 395 despicabilis
838 322 1116 378 videretur
1134 363 1149 389 ,
1180 284 1351 392 opum
1376 332 1558 377 tamen
1588 323 1770 405 gloria.
1789 332 1844 380 et
1870 327 1919 383 Α
1938 341 2184 401 manuus
2208 325 2501 395 episcopus
2528 322 2810 387 Mettensis
2830 330 2886 380 et
2920 322 3016 397 alii
3058 321 3312 396 plerique
3338 284 3546 397 prinei;

245 416 690 477 fortissimorum
750 416 986 471 militum
1027 414 1203 483 copia,
1251 414 1554 484 prudentia:
1619 432 1842 485 quoque

245 508 596 575 maturitate,
622 515 901 579 postremo
925 507 1101 562 tocius
1126 505 1249 561 vitae
1274 506 1656 576 temperantia,
1683 506 1843 576 longe

243 599 471 668 caeteris
508 599 846 670 principibus
883 599 1343 669 supereminebat.

230 682 240 763 ξ
326 690 465 759 Rex,
488 692 643 747 finito
668 693 724 747 in
747 692 1064 747 Worniacia
1092 691 1369 761 colloquio
1388 732 1403 757 ,
1433 689 1684 746 concitus
1710 687 1844 744 Cos-

239 781 455 840 lariam
484 785 646 840 rediit
682 783 922 855 (Μαι),
958 784 1144 854 ibique
1181 784 1321 838 iram
1350 798 1539 848 suam,
1565 796 1674 851 qua
1709 781 1844 848 mul-

242 882 310 947 to
328 874 447 946 jam
478 885 723 946 tempore
748 876 804 930 in
828 875 1077 931 Saxones
1100 876 1263 930 anxie
1289 881 1649 939 aestuaverat,
1691 872 1842 937 omni

241 968 577 1033 crudelitate
605 969 873 1038 explebat.
905 967 1186 1038 Principes
1209 965 1462 1031 Saxonite
1485 1006 1501 1031 ,
1546 964 1641 1034 qui
1670 964 1724 1018 in
1755 963 1847 1018 de-

244 1059 528 1129 dicionem
569 1069 868 1126 venerant,
903 1061 957 1113 in
988 1060 1209 1115 ultimas
1248 1059 1403 1130 regni
1429 1066 1612 1128 partes
1644 1057 1847 1125 relegu—

246 1151 382 1218 hat;
422 1152 564 1207 bona
587 1168 782 1207 eorum
804 1152 922 1208 suis
948 1152 1255 1207 fautoribus
1268 1166 1371 1222 pro
1396 1150 1556 1213 libito
1587 1164 1691 1203 suo
1719 1147 1845 1203 diri-

246 1242 451 1311 pienda
481 1244 862 1313 permittebat;
909 1260 1014 1321 eos
1034 1244 1129 1315 qui
1176 1244 1411 1299 necdum
1437 1239 1604 1298 dediti
1628 1240 1846 1295 fuerant

245 1334 542 1402 acerrimis
570 1335 627 1395 in
659 1336 779 1401 dies
802 1337 994 1397 edictis
1018 1336 1440 1395 addedicionem
1478 1334 1709 1404 urgebat
1736 1373 1751 1396 .
1790 1339 1845 1389 et

246 1425 361 1481 nisi
400 1428 729 1496 quantocius
770 1428 1101 1487 dederentur
1125 1470 1141 1495 ,
1180 1427 1329 1484 ferro
1354 1436 1410 1483 et
1435 1428 1559 1498 igne
1595 1423 1845 1479 infestari

243 1525 305 1588 et
326 1518 546 1590 longius
571 1519 742 1575 natali
776 1521 897 1575 solo
928 1520 1154 1591 etl‘ugari
1210 1519 1672 1576 comminabatur.
1702 1514 1842 1591 Tum

246 1607 346 1642 ⁸⁷³⁸
379 1610 561 1677 omnia
596 1612 839 1677 castella,
881 1627 1006 1681 qua
1041 1611 1312 1681 superiori
1366 1612 1456 1658 ‘7.“
1497 1625 1643 1669 anno
1687 1607 1838 1681 (455)

1945 433 2043 486 pes
2059 416 2448 472 convenientes
2470 417 2526 471 in
2548 432 2720 472 unum
2744 414 2994 488 (April.),
3037 418 3267 474 consilia
3295 421 3540 479 confere-

1944 509 2095 574 bant,
2125 508 2180 562 in
2203 508 2374 565 tantis
2392 508 2799 571 calamitati-bus
2848 508 3065 578 quibus
3089 511 3419 580 respublica
3444 529 3541 570 ve-

1943 600 2196 665 xabatur,
2218 600 2350 669 quid
2386 599 2535 655 facto
2573 614 2712 669 opus,
2746 607 2923 666 esset;
2952 615 3132 670 regem
3161 611 3286 671 post
3332 604 3542 663 bellum

1944 690 2278 751 Saxonicum
2333 691 2569 747 eundem
2619 706 2941 762 perm-mere
2978 692 3074 776 qui
3117 691 3336 762 fuerat;
3394 696 3551 775 nihik

1942 799 2068 838 eum
2098 783 2188 814 ’⁷³⁸
2216 782 2284 837 de
2308 782 2547 850 levitate,
2590 784 2657 839 de
2686 783 3028 851 crudelitate,
3051 785 3121 839 de
3148 786 3242 840 *Ψ
3262 787 3549 856 pessim0-_

1943 890 2067 955 rum
2121 874 2406 955 hominum
2452 875 2704 930 convictu
2735 891 2801 931 ac
2839 874 3211 933 familiaritate
3248 887 3527 945 mutasse;

1942 968 2011 1023 ad
2040 968 2147 1022 hoc
2181 975 2395 1022 tantum
2443 975 2556 1021 tam
2594 967 2861 1039 insignem
2920 985 3076 1023 suam
3112 970 3404 1038 adversum
3439 970 3531 1029 "3’

1945 1061 2192 1115 Saxones
2238 1059 2526 1114 victoriam
2562 1058 2883 1130 profecisse,
2923 1069 2985 1115 ut
3029 1060 3120 1116 ille
3151 1061 3237 1117 sui
3283 1062 3548 1139 omniunr

1943 1151 2340 1222 sanguinisjus
2380 1159 2821 1221 potestatemque
2852 1152 3143 1223 acciperet,
3175 1160 3231 1207 et
3250 1153 3318 1208 ad
3354 1154 3536 1223 perni~

1915 1292 1918 1295 .
1942 1244 2082 1307 ciem
2121 1243 2393 1298 bonorum
2408 1243 2656 1298 omnium
2684 1251 2739 1297 et
2758 1242 2827 1296 ad
2848 1258 3011 1299 omne
3024 1245 3170 1315 quod
3202 1245 3550 1315 animo'cong

1943 1337 2177 1407 cepisset
2237 1335 2502 1406 flagitium
2552 1334 2820 1405 impunita
2858 1335 3107 1392 libertate
3152 1347 3543 1407 grassaretur;

1916 1429 2083 1487 .nihil
2105 1428 2211 1483 sibi
2239 1426 2496 1497 deinceps
2518 1428 2652 1497 spei,
2693 1427 2830 1481 nihil
2856 1428 3091 1497 priesidii
3133 1429 3404 1499 reliquum
3454 1428 3534 1490 fo-

1920 1536 2024 1586 re,
2061 1520 2108 1575 si
2140 1518 2301 1583 forte,
2335 1528 2395 1573 ut
2418 1519 2820 1585 suntbumana,
2848 1533 2977 1587 eum
2999 1518 3375 1586 offendissent,
3400 1536 3533 1584 eum

1943 1612 1998 1668 in
2045 1611 2333 1668 dediticios
2391 1619 2583 1666 contra
2635 1609 3063 1680 jusjurandum,
3120 1620 3309 1666 contra
3367 1612 3527 1668 fidem

245 1700 396 1769 dirui
437 1702 526 1735 "3°
555 1703 818 1773 jusserat,
865 1718 1085 1765 summa
1109 1704 1256 1770 nisu,
1285 1717 1503 1759 summo
1531 1701 1837 1773 provincia-
1867 1680 1911 1735 Β
1936 1704 2269 1775 principum,
2323 1712 2437 1757 tam
2479 1702 2645 1769 feeda,
2697 1711 2809 1756 tam
2869 1703 3111 1758 crudelia
3167 1704 3523 1765 exercuisset.

244 1793 385 1855 lium
410 1795 597 1850 labore
617 1805 670 1850 et
698 1811 947 1852 aerumna
977 1796 1339 1851 instaurabat.
1366 1794 1519 1850 Nova
1532 1809 1755 1865 quoque
1776 1792 1832 1848 iu

243 1887 505 1947 omnibus
551 1903 647 1964 per
690 1886 987 1946 Saxoniam
1023 1888 1302 1947 montibus
1340 1896 1396 1942 et
1436 1887 1687 1953 collibus,
1737 1884 1830 1955 qui

243 1980 411 2035 modo
431 1980 498 2035 ad
527 1980 821 2043 arcendam
847 1980 958 2034 vim
993 1980 1085 2027 1"“
1114 1980 1397 2050 paululum
1419 1979 1554 2049 quid
1586 1993 1804 2035 commo

239 2071 430 2126 ditatis
477 2071 678 2128 habere
717 2060 1041 2127 videbantur
1069 2113 1084 2139 ,
1130 2072 1455 2136 extruebat;
1505 2070 1631 2126 illis-
1662 2069 1828 2133 etiam

239 2178 367 2232 quae
402 2163 599 2221 deditis
636 2163 946 2223 Saxonibus
980 2164 1035 2219 in
1082 2163 1176 2233 jus
1217 2163 1339 2233 ejus
1374 2168 1674 2227 venerant,
1698 2175 1832 2230 prie-

240 2253 443 2309 sidium
470 2255 817 2324 imponebat;
840 2263 894 2310 et
915 2255 1277 2325 multiplicata
1320 2262 1451 2309 sunt
1478 2254 1620 2307 mala
1644 2296 1659 2320 ,
1689 2253 1832 2311 cala-

242 2346 406 2411 mitas
436 2354 491 2401 et
509 2347 738 2402 vastitas
779 2362 876 2416 per
913 2347 1225 2403 universam
1267 2346 1565 2401 Saxoniam
1591 2354 1645 2400 et
1679 2343 1831 2399 Thu-

239 2437 475 2509 ringiam
505 2454 669 2508 supra
695 2453 915 2493 omnem
945 2448 1091 2501 retro
1116 2439 1404 2508 majorum
1421 2437 1764 2503 memoriam.

311 2527 670 2585 Discessurus
695 2530 968 2598 Goslaria,
1007 2530 1182 2601 pridie
1210 2529 1394 2586 Nonas
1425 2529 1602 2585 Martii
1633 2529 1801 2601 (Mart

239 2617 298 2693 6)
326 2622 705 2692 episcopatum
749 2622 1137 2678 Coloniensem
1160 2665 1176 2690 ,
1217 2623 1361 2678 sicut
1388 2638 1420 2677 a
1447 2623 1640 2692 primis
1661 2622 1805 2678 obsti

241 2721 371 2773 nato
401 2713 724 2781 intenderat,
753 2706 989 2771 llildolfo
1017 2716 1184 2771 dedit.
1235 2714 1379 2769 Cleri
1412 2714 1503 2747 "3’
1537 2714 1826 2769 Colonien-

243 2806 319 2863 sis
343 2815 453 2863 tres
478 2816 712 2873 tantum,
754 2807 988 2862 militum
1024 2807 1189 2863 etiam
1219 2805 1538 2876 paucissimi
1563 2807 1819 2872 aderant;

243 2908 489 2966 caeteros,
527 2915 595 2955 ne
620 2899 688 2963 ad
717 2898 977 2970 suffragia
1021 2898 1243 2955 ferenda
1272 2908 1645 2965 occurrerent,
1688 2898 1799 2954 indi

244 2993 421 3063 guitas
461 2993 772 3049 detinuerat
828 2991 954 3059 m";
1011 2991 1162 3061 ipsos
1198 2991 1294 3060 qui
1338 2999 1693 3046 occurrerant
1729 2991 1818 3045 vix
1850 3029 1891 3085 Ο

244 3086 595 3155 contemptim
623 3093 679 3139 et
705 3084 795 3115 ‘7"
811 3082 1270 3149 summis,utdici
1287 3083 1446 3149 solet,
1469 3082 1629 3137 labiis
1673 3082 1821 3153 (454)

245 3193 407 3247 super
436 3176 704 3234 electione
730 3176 850 3247 ejus
890 3175 1172 3232 consuluit
1195 3217 1211 3241 ,
1240 3174 1379 3229 risui
1394 3190 1634 3244 prorsus
1659 3190 1724 3228 ac
1749 3174 1828 3228 lu-

244 3270 418 3335 dibrio
453 3269 754 3334 habendos,
803 3270 849 3324 si
881 3284 989 3324 non
1017 3268 1271 3339 protinus
1310 3267 1725 3323 acclamassent.
1759 3265 1827 3320 Et

244 3377 310 3423 ne
332 3361 457 3433 quis
480 3361 627 3423 forte
657 3361 921 3417 adversus
950 3376 1077 3416 eum
1114 3360 1383 3415 tumultus
1420 3359 1686 3415 seditione
1705 3359 1826 3413 vul-

242 3453 294 3523 gi
314 3468 410 3523 per
433 3454 752 3510 dilationem
796 3451 1231 3529 consecrationis
1280 3451 1670 3515 concitaretur,
1721 3457 1827 3505 sta—

243 3543 337 3600 tim
373 3544 659 3602 Coloniam
696 3543 975 3616 profectus
1001 3588 1015 3612 ,
1052 3544 1383 3603 consecrari.
1415 3559 1542 3599 eum
1583 3542 1714 3599 fecit
1755 3543 1825 3598 ab

243 3634 572 3711 Willilielmo
610 3639 949 3710 Trajectensi
980 3639 1239 3709 episcopo
1266 3679 1280 3704 ,
1308 3633 1468 3707 cujus
1489 3635 1824 3692 consobrino

245 3729 617 3801 episcopatum
645 3730 1197 3787 Poderbrunnensem
1220 3730 1333 3797 "3',
1354 3745 1422 3784 ne
1443 3744 1553 3799 qua
1577 3743 1677 3798 per
1693 3743 1823 3783 eum

246 3837 391 3879 mora
413 3822 745 3879 ordinationi
776 3822 898 3892 ejus
928 3822 1102 3889 fieret,
1127 3822 1501 3893 promittebat.
1623 3826 1628 3831 '

310 3916 516 3973 Pascha
544 3916 781 3987 Trajecti
804 3916 1098 3972 celebravit
1118 3914 1308 3987 (Mart.
1346 3915 1439 3984 27)
1458 3957 1474 3981 ,
1499 3914 1686 3985 ibique
1713 3912 1821 3968 du-

244 4017 417 4065 catum
437 4008 809 4081 Lotharingize
819 4009 931 4064 lllio
955 4023 1058 4065 suo
1080 4007 1376 4065 Counrado
1400 4008 1514 4075 ‘7“,
1535 4005 1818 4062 mareham

243 4117 365 4158 vero
386 4117 510 4174 quae
535 4101 739 4157 dicitur
768 4100 1101 4171 Antwerpha
1123 4099 1407 4157 Gotefrido
1431 4142 1446 4167 ,
1486 4097 1820 4156 consobrino

242 4190 531 4271 Gazelonis
562 4194 722 4251 ducis
750 4236 765 4262 ,
790 4194 905 4250 filio
929 4193 1210 4250 Eustachii
1224 4193 1444 4249 comitis
1467 4235 1482 4260 ,
1504 4192 1740 4262 impigro
1766 4198 1822 4244 et

243 4285 308 4344 ad
334 4272 778 4345 rem‘militarem
808 4287 1081 4359 acerrimo
1108 4286 1460 4352 adolescenti,
1501 4283 1743 4339 tradidit.

1934 1796 2063 1852 Haec
2088 1812 2255 1852 causa
2312 1812 2425 1851 non
2463 1796 2645 1868 solum
2682 1795 2835 1865 ipsos
2859 1837 2873 1861 ,
2904 1796 2998 1850 sed
3026 1805 3082 1851 et
3109 1804 3338 1852 cunctos
3367 1799 3523 1868 regni

1934 1889 2211 1959 principes
2265 1889 2616 1943 vehementer
2671 1897 3034 1958 permoverat,
3075 1895 3130 1943 et
3165 1901 3262 1943 eos
3303 1889 3526 1958 potissi—

1934 1996 2086 2035 mum
2121 1995 2358 2050 quorum
2414 1980 2505 2011 ¹⁷δ³
2552 1980 2785 2035 consilio
2832 1979 3221 2050 m“principes
3275 1978 3527 2037 Saxoniie

1933 2089 1991 2129 se
2020 2072 2074 2127 in
2099 2071 2400 2142 periculum
2426 2071 2708 2126 dederant.
2752 2070 2915 2126 Facta
2933 2071 3205 2142 estigitur
3253 2073 3529 2143 conspira-

1934 2166 2009 2227 tio
2038 2180 2149 2219 nou
2194 2164 2429 2229 modica,
2463 2172 2517 2218 et
2563 2164 2738 2234 magis
2762 2179 2825 2219 ac
2850 2164 3025 2234 magis
3052 2164 3107 2221 in
3136 2164 3254 2219 dies
3291 2165 3522 2219 robora-

1933 2264 2023 2311 tur
2061 2256 2176 2322 ηπ,
2208 2272 2274 2313 ea
2302 2272 2360 2311 re
2400 2256 2639 2325 maxime
2665 2256 2924 2310 omnibus
2956 2272 3154 2311 ausum
3191 2263 3245 2309 et
3269 2256 3523 2322 fiduciam

1932 2348 2203 2417 praebente
2232 2389 2247 2413 ,
2273 2347 2420 2417 quod
2446 2347 2980 2402 excommunicatqu
3000 2363 3126 2403 esse
3144 2363 3327 2418 regem
3362 2364 3392 2402 a
3417 2347 3523 2403 νιο-

1929 2455 2093 2495 mano
2123 2439 2378 2510 pontifice
2430 2437 2749 2509 frequentes,
2790 2439 2858 2492 ab
2885 2438 3038 2495 italia
3082 2438 3271 2494 nuncii
3297 2440 3522 2495 cottidie

1927 2531 2260 2602 deferebant.
2301 2529 2396 2586 llis
2416 2530 2692 2585 animatus
2711 2528 2992 2585 Mettensis
3013 2531 3305 2601 episcepus
3334 2539 3387 2586 et
3421 2531 3517 2586 alii

1918 2624 2189 2693 .plerique,
2230 2624 2525 2679 nonnullos
2545 2638 2612 2678 ex
2637 2623 2980 2693 principibus
3010 2622 3286 2689 Saxonize,
3317 2637 3461 2694 quos
3488 2643 3519 2678 a

1916 2730 2051 2785 .rege
2086 2715 2140 2768 in
2164 2715 2413 2769 custodia
2449 2714 2730 2769 habendos
2760 2722 3112 2783 susceperant
3141 2756 3155 2781 ,
3192 2714 3368 2771 inscio
3394 2730 3521 2785 rege

1920 2806 1983 2869 in
2008 2823 2107 2861 sua
2138 2807 2342 2861 liberos
2379 2806 2556 2861 redire
2581 2806 2966 2875 permiserunt.

1918 2966 1919 2969 η
1994 2898 2373 2952 Willehelnius
2428 2898 2519 2928 ‘7'“
2557 2897 2939 2967 Trajectensis
2969 2899 3262 2970 episcopus
3291 2914 3518 2955 causam

1926 2990 2089 3061 regis,
2116 2999 2175 3045 ut
2204 3006 2373 3061 supra
2404 2990 2613 3045 dictum
2638 2999 2744 3057 est,
2776 3000 2968 3045 contra
2994 2991 3199 3051 bonum
3220 2999 3276 3046 et
3296 3007 3517 3062 aequum

1928 3083 2204 3137 obstinato
2227 3083 2314 3115 ¹⁷²⁵⁷
2345 3083 2619 3149 tuebatur,
2651 3091 2706 3139 et
2732 3083 2915 3139 studio
2950 3084 3191 3153 partium
3214 3083 3359 3155 regis
3383 3082 3521 3137 mul-

1927 3182 1981 3230 ta
2010 3176 2062 3229 in
2097 3176 2186 3207 ¹⁷³⁸
2210 3174 2467 3245 injuriam
2516 3174 2750 3237 Romani
2797 3175 3072 3249 pontiﬁcis
3097 3176 3356 3230 omnibus
3379 3189 3518 3244 pene

1926 3267 2120 3322 diebus
2156 3267 2496 3322 solemnibus
2529 3267 2619 3301 ¹⁷¹⁵³
2647 3267 2789 3322 inter
2812 3268 3110 3322 missarum
3133 3267 3399 3335 solemnia
3424 3282 3518 3320 ra-

1925 3358 2054 3414 bido
2082 3374 2177 3414 ore
2210 3359 2586 3425 declamabat;
2626 3358 2911 3429 perjurum
2943 3374 3092 3425 eum,
3132 3359 3439 3425 adulterum
3461 3366 3518 3412 et

1925 3434 2447 3521 pirudoaspotoluni
2477 3451 2781 3521 appellans,
2804 3458 2860 3505 et
2882 3460 2994 3504 tam
3016 3466 3051 3521 a
3074 3466 3133 3506 se
3157 3465 3323 3521 quam
3356 3466 3387 3503 a
3412 3466 3515 3505 ca)-

1925 3545 2056 3599 teris
2109 3544 2381 3619 episcopis
2416 3558 2792 3614 saepenumero
2819 3543 3354 3598 excommunicatum
3391 3557 3516 3611 pro.

1924 3637 2214 3692 nuncians.
2243 3635 2292 3691 Is
2321 3636 2489 3702 brevi,
2524 3646 2884 3706 posteaquam
2912 3651 3008 3693 rex
3035 3635 3245 3691 exactis
3272 3634 3513 3705 pascha-

1922 3729 2067 3785 libus
2090 3729 2241 3784 feriis
2269 3728 2523 3798 Trajecto
2559 3728 2909 3794 discesserat,
2936 3736 3157 3798 repente
3188 3726 3511 3798 gravissima

1921 3822 2244 3893 aegritudine
2290 3829 2577 3891 correptus
2615 3828 2719 3875 est.
2771 3818 3020 3891 Cumque
3074 3834 3173 3890 per
3213 3819 3514 3874 acerrimos

1921 3915 2203 3970 cruciatus
2240 3914 2437 3969 animae
2457 3928 2522 3968 ac
2560 3912 2811 3985 corporis,
2853 3918 3140 3983 urgeretur
3163 3954 3178 3979 ,
3210 3911 3510 3967 miserabili

1918 4007 2124 4078 ejulatu
2155 4022 2341 4063 coram
2377 4006 2634 4061 omnibus
2671 4004 2767 4077 qui
2828 4005 3055 4060 aderant
3104 4002 3511 4059 vociferabatur

1914 4100 2066 4170 justo
2110 4099 2206 4155 Dei
2226 4099 2437 4170 judicio
2461 4106 2607 4169 seet
2640 4104 2966 4167 praesentem
2988 4097 3156 4151 vitam
3178 4096 3435 4150 amisisse
3455 4106 3513 4152 et

1918 4202 2198 4258 aeternam,
2227 4192 2376 4262 quod
2404 4192 2518 4261 regi
2548 4190 2616 4244 ad
2645 4189 2831 4244 omnia
2858 4204 2981 4258 quae
3000 4203 3302 4258 perperam
3325 4187 3508 4243 inten-

1918 4285 2089 4341 disset
2113 4299 2338 4353 operam
2368 4298 2527 4355 suam
2566 4298 2784 4338 summo
2842 4281 3040 4337 annisu
3066 4280 3411 4350 praebuisset,
3432 4289 3512 4336 at-

236 4372 245 4452 !
307 4377 428 4451 Ipso
456 4387 703 4451 tempore
732 4378 1160 4451 Ruodolfusdux
1185 4375 1515 4441 Suevorum,
1540 4372 1690 4430 Welf
1699 4375 1810 4430 dux
1843 4379 1888 4433 D
1913 4392 2020 4447 que
2046 4376 2103 4430 in
2141 4391 2293 4446 spem
2318 4375 2507 4447 gratiae
2524 4375 2644 4444 ejus
2675 4374 2924 4430 Romano
2950 4372 3197 4443 pontifici
3222 4413 3238 4436 ,
3267 4373 3506 4429 sanctis-
3543 4363 3557 4369 ’

242 4454 609 4541 Bajoariorum
635 4514 651 4539 ,
700 4471 1029 4537 Bertholdus
1078 4469 1168 4502 ¹⁷³⁷
1194 4468 1305 4549 dux
1334 4466 1768 4523 Carentinorum
1795 4509 1810 4534 ,

246 4561 503 4621 Adalbero
548 4565 640 4605 ¹⁷³⁸
669 4565 962 4636 episcopus
1005 4561 1473 4634 Wirciburgensis
1505 4559 1596 4591 ⁸⁷³⁹
1625 4601 1641 4627 ,
1664 4557 1817 4638 Heri:

1917 4469 2059 4524 simo
2088 4484 2144 4546 et
2168 4467 2595 4538 apostoliearum
2618 4467 2885 4521 virtutum
2913 4465 3057 4531 viro,
3084 4479 3277 4535 graves
3299 4471 3501 4517 contu-

1919 4561 2133 4629 melias,
2169 4561 2351 4618 sciens
2372 4568 2428 4616 et
2447 4560 2709 4631 prudens.
2739 4558 3035 4625 innocenti,
3080 4558 3398 4628 irrogasset.
3445 4555 3507 4612 In

1534 4734 1616 4790 VA
1626 4734 1765 4790 RIIE
1806 4736 2211 4795 LECTIONES.

310 4876 405 4952 "'1
423 4876 599 4952 Tunc
634 4882 688 4936 ιι.
769 4884 859 4916 ω’
889 4882 1171 4952 superiore
1199 4853 1254 4937 4.
1336 4880 1425 4952 ’Ψ
1447 4881 1577 4952 d_um_
1607 4887 1743 4952 post.
1772 4856 1913 4934 corr.
1938 4880 2082 4937 dirui
2105 4883 2159 4936 5.
2240 4885 2328 4918 ¹⁷²¹
2368 4884 2422 4938 in
2453 4885 2507 4939 5.
2585 4885 2677 4918 ³⁷⁸³
2703 4885 2899 4941 Clerici
2931 4901 3011 4940 cr.
3038 4890 3101 4941 ut
3124 4878 3338 4952 ςίάεηιιῖ
3364 4875 3518 4952 (Ῑὲρτί

245 4945 292 5004 5.
364 4949 455 4981 ¹⁷³²
487 4952 651 5005 deest.
692 4952 743 5006 '5.
772 4955 825 5009 4.
855 4952 908 5007 5.
957 4945 1077 4984 ’¹⁷³⁸
1106 4965 1168 5011 ut
1193 4954 1250 5008 4.
1330 4951 1422 4984 ¹⁷³⁵
1466 4945 1977 5006 Poderburnenscm
2004 4969 2142 5007 corr.
2178 4952 2687 5012 Poderbornensem
2721 4958 2774 5010 '5.
2810 4955 2901 4989 ¹⁷³⁸
2926 4956 3010 5009 ita
3032 4954 3085 5008 4.
3117 4945 3385 5002 Cunl‘ado
3407 4947 3463 5003 1.
3487 4952 3526 5006 '5

244 5024 288 5073 et
312 5018 469 5082 infra.
552 5021 641 5053 ⁸⁷³⁷
673 5020 988 5078 Beltboldus
1031 5023 1081 5077 5.
1109 5021 1444 5082 Bertholdus
1469 5020 1586 5075 rell.

245 5086 325 5121 ‘m
345 5086 413 5144 de
446 5119 520 5130 -—
552 5100 792 5150 mutasse
816 5094 1003 5147 desunt
1025 5093 1075 5148 5.
1160 5094 1259 5130 ι⁷⁸³
1290 5091 1554 5147 adversus
1585 5092 1656 5146 1‘.

1684 5019 2060 5095 "’fédelbero
2088 5024 2142 5077 5.
2188 5025 2242 5079 4.
2323 5024 2963 5095 “"Wirczehurgensis
2990 5028 3050 5095 4.
3118 5014 3224 5095 -_"‘-°
3259 5013 3438 5095 fittest
3471 5023 3529 5095 Ii,

1740 5088 1837 5164 f7“:
1857 5091 1935 5147 bis
1963 5095 2223 5164 scriptum
2251 5098 2304 5152 4.

2408 5094 2499 5127 ‘7“
2519 5096 2756 5152 concilio
2936 5094 3032 5127 ‘7“
3056 5082 3442 5147 roborabatur
3483 5093 3534 5147 ι,

270 5156 331 5214 5?
354 5229 367 5238 _
401 5160 494 5238 "_“
518 5159 836 5238 Wilbelmus
883 5163 906 5238 ξ
943 5161 1204 5238 (impius).
1230 5164 1310 5238 ﬁ,
1378 5161 1470 5238 ’ξ’-⁵⁷
1532 5163 1686 5238 ita}.
1722 5159 1775 5238 4..
1806 5158 1858 5214 5.
1895 5164 2019 5238 fort.
2059 5155 2258 5238 omissa
2309 5182 2434 5238 voce
2457 5166 2662 5232 animo,
2690 5181 2849 5238 quain
2876 5161 3006 5218 Nic.
3035 5164 3098 5217 de
3128 5155 3303 5225 ,Sy‘gen
3345 5157 3538 5219 addit.

243 5229 586 5286 -obstinate
617 5232 665 5286 1.
743 5234 833 5268 ⁸⁷⁸⁸
869 5228 1007 5287 deest
1028 5228 1081 5293 Β.
1162 5228 1275 5270 "7”
1302 5230 1725 5304 'sollempuibus
1753 5228 1791 5283 ἰ.
1812 5228 1905 5287 ῐη.’
1932 5235 2196 5291 solemnia
2227 5238 2278 5293 ’5.
2307 5247 2361 5293 et
2383 5237 2464 5289 ita
2485 5228 2905 5305 semper'variat.
3342 5240 3346 5245 '
