4050 5358
244 364 388 418 1237

1494 355 1830 414 ΑκΝΑιεδ.
1856 385 1924 396 ——
1946 355 2054 411 ΑΝ.
2089 356 2240 412 1076.

3377 363 3511 418 HIS

245 473 516 543 Lapideus
541 475 632 506 "'°
655 473 824 545 (459),
849 475 942 544 qui
968 473 1251 548 proximus
1277 474 1540 528 Goslaria:
1557 471 1826 537 imminet,
1859 471 1904 527 Α
1928 469 1996 525 ad
2023 470 2114 504 ‘m
2144 471 2561 541 oppugnandam
2608 469 2924 528 Mettensem
2971 471 3161 528 urbem
3209 477 3510 535 exercitum

243 580 460 620 summa
500 579 602 634 ope
646 573 940 619 extrueret.
1009 565 1089 619 Ad
1123 567 1268 620 hunc
1312 566 1517 635 legatos
1562 564 1825 633 dirigunt,

245 654 569 710 mandantes
603 662 684 722 ut,
732 656 938 710 omisso
983 671 1146 725 opere
1189 657 1335 726 quod
1377 657 1443 710 ad
1491 655 1828 709 eversionem

245 734 422 818 gentis
465 762 578 801 sua:
622 747 910 802 immemor
948 748 1211 802 libertatis
1256 755 1506 801 extruere
1540 761 1828 816 aggressus

244 839 337 902 sit,
365 837 652 892 consilium
672 839 853 907 potius
880 839 1156 911 perquirat
1178 838 1245 892 ad
1267 839 1598 908 ereptionem
1626 836 1830 906 princi-

243 944 396 997 pum,
445 928 644 997 quibus
683 927 798 998 ipse
828 938 888 983 ut
921 944 978 983 se
1019 914 1276 984 dederent
1317 927 1828 983 vehementissimus

244 1027 440 1072 auetOr
470 1019 636 1072 fuerit
665 1020 758 1051 "’7'
788 1038 804 1087 ;
837 1020 950 1089 jam
977 1020 1181 1074 dudum
1210 1020 1521 1090 opinionem
1550 1019 1827 1073 indubiam

242 1110 542 1164 multorum
568 1110 844 1166 mentibus
871 1112 1156 1178 insedisse,
1183 1111 1329 1182 quod
1363 1112 1567 1167 idcirco
1590 1111 1828 1164 dedicio-

245 1216 367 1255 nem
400 1202 596 1256 ceteris
617 1210 899 1272 tantopere
933 1204 1187 1267 suaserit,
1239 1210 1299 1256 ut
1328 1219 1518 1258 eorum
1561 1202 1828 1272 sanguine

242 1292 390 1361 regis
418 1293 523 1347 sibi
549 1293 791 1347 animum
816 1295 1123 1364 deplacaret
1150 1295 1240 1326 ¹⁷¹¹¹
1267 1302 1320 1348 et
1345 1295 1620 1349 communi
1661 1293 1827 1347 exitio

244 1399 404 1436 suam
430 1384 545 1454 ipse
582 1385 811 1440 salutem
849 1385 1212 1452 mercaretur;
1248 1387 1354 1441 hoc
1395 1402 1539 1440 nunc
1560 1384 1825 1439 evidenti-

243 1473 350 1527 bus
377 1475 590 1530 indiciis
618 1477 848 1544 elucere,
887 1493 1008 1532 eum
1045 1477 1152 1531 illis
1179 1478 1230 1530 in
1261 1478 1478 1531 ultimas
1508 1485 1690 1546 partes
1711 1481 1824 1529 tera

242 1579 433 1618 rarum
465 1567 785 1637 deportatis,
817 1569 930 1639 ipse
961 1569 1282 1639 proditionis
1312 1584 1424 1622 sua:
1455 1568 1758 1622 mercedem
1794 1581 1824 1620 a

244 1670 373 1727 rege
395 1659 570 1712 tocius
596 1659 846 1715 Saxonize
866 1662 1230 1730 principatum
1264 1660 1548 1730 acceperit,
1583 1667 1637 1713 et
1666 1658 1826 1729 regim

240 1749 582 1803 crudelitatis
624 1751 864 1807 carnifex
919 1761 1080 1821 atque
1122 1753 1365 1805 omnium
1407 1768 1529 1820 quae
1574 1750 1826 1805 ferociter

243 1852 345 1920 rex
405 1842 696 1897 meditetur
748 1843 984 1898 ferocior
1033 1843 1350 1897 administer
1397 1843 1632 1910 existat;
1689 1844 1826 1898 bene

240 1931 413 2002 igitur
448 1932 603 1988 famre
637 1943 691 1989 et
735 1936 930 2003 honori
973 1951 1074 1991 suo
1102 1935 1374 2001 consulat,
1408 1935 1455 1990 si
1485 1943 1650 1990 tanta:
1687 1933 1829 1988 infa-

238 2022 372 2079 mia:
398 2028 666 2081 maculam
694 2027 842 2082 claro
866 2028 1048 2098 aliquo
1072 2043 1197 2098 erga
1221 2028 1452 2097 patriam
1480 2043 1635 2081 suam
1661 2027 1827 2080 bene-

238 2111 373 2170 ﬂcio
417 2132 649 2188 purgare
679 2127 925 2186 conetur,
959 2128 1010 2172 et
1047 2119 1191 2189 genti
1227 2135 1360 2182 suae,
1399 2119 1630 2189 patriam
1661 2119 1824 2171 liber—

237 2212 523 2289 tatemque
557 2212 719 2289 armis
743 2227 1062 2280 recuperare
1084 2211 1342 2280 cupienti,
1368 2212 1570 2265 auxilio
1589 2226 1826 2266 concura

239 2301 363 2363 rat;
415 2287 716 2368 postremo,
771 2304 817 2357 si
870 2304 1092 2357 monitis
1136 2305 1281 2359 ultro
1327 2319 1434 2356 non
1474 2303 1823 2368 asseutiatur,

239 2403 307 2442 se
334 2393 524 2459 procul
562 2395 729 2449 dubio
759 2397 868 2450 vim
900 2396 1262 2461 adhibituros,
1309 2405 1364 2449 et
1409 2395 1596 2464 patria:
1637 2394 1824 2464 prodi-

238 2488 443 2548 torem,
483 2487 856 2541 communium
893 2496 1198 2543 castrorum
1241 2488 1593 2551 desertorem,
1639 2495 1698 2540 ut
1739 2487 1824 2540 di-

237 2589 388 2642 gnus
431 2576 522 2640 sit,
579 2580 784 2634 eversis
829 2579 1083 2634 omnibus
1129 2594 1250 2648 quae
1295 2578 1414 2648 ejus
1461 2578 1588 2643 sint,
1638 2577 1826 2647 procul

215 2663 487 2722 .Saxonia
539 2671 884 2738 expulsuros.
947 2671 1025 2724 Ad
1071 2671 1186 2725 haec
1235 2670 1323 2724 ille
1359 2669 1558 2723 obnixe
1605 2684 1701 2722 eos
1732 2685 1826 2738 per

240 2757 418 2812 Deum
446 2761 820 2818 obtestabatur
854 2763 947 2795 ¹⁷⁷¹
997 2771 1056 2816 ιιι
1093 2762 1278 2816 mitius
1312 2760 1667 2831 pacatiusque
1697 2777 1824 2830 age-

238 2858 414 2917 τεηις
482 2870 605 2923 quae
671 2850 770 2925 pro
831 2856 1109 2910 communi
1157 2855 1446 2909 commodo
1508 2853 1822 2918 moliantur,

241 2943 458 2999 ratione
481 2961 643 3015 quam
670 2948 972 3003 temeritate
1018 2948 1211 3002 melius
1247 2946 1576 3017 procedere;
1610 2961 1668 2999 se
1697 2960 1825 3015 pro-

241 3033 396 3088 tinus
438 3039 755 3104 missurum,
787 3049 840 3093 et
879 3039 988 3110 regi
1033 3039 1213 3093 modis
1241 3039 1496 3093 omnibus
1531 3051 1823 3091 suasurum

1929 562 2218 616 admovere
2246 563 2536 632 cogitabat,
2564 571 2617 616 et
2651 563 2720 617 ab
2755 564 3014 634 episcOpo
3041 565 3164 630 loci,
3209 569 3358 636 quod
3392 585 3510 624 cre-

1928 652 2072 708 ditos
2107 653 2369 707 custodia
2395 669 2508 708 sua:
2537 654 2809 724 principes
2837 669 2896 710 se
2930 655 3238 712 inconsulto
3263 659 3508 716 dimisis-s

1929 752 2032 810 set,
2072 744 2364 798 vindictam
2408 754 2676 814 expetere.
2727 744 2833 800 Sed
2867 755 3054 801 contra
3089 756 3367 818 reputans,
3393 759 3511 806 tur-

1928 835 2055 890 bata
2104 850 2162 889 re
2211 834 2448 903 publica,
2486 835 2648 889 dubia
2699 835 2804 890 fide
2853 837 3192 907 principum,
3243 841 3511 898 exhausto

1929 927 2300 997 superioribus
2334 926 2490 980 bellis
2521 923 2728 992 millite,
2765 937 3022 983 extrema:
3048 930 3334 987 dementiae
3367 949 3508 991 esse;

1929 1019 2158 1074 arduum
2185 1017 2387 1088 aliquid
2419 1018 2818 1088 praecipitanter
2865 1027 3203 1089 attemptare,
3250 1023 3509 1094 impetum

1927 1112 2092 1165 animi
2120 1111 2188 1164 ab
2216 1110 2523 1164 temeritate
2555 1111 2621 1163 ad
2661 1111 2935 1180 pacatiora
2961 1113 3052 1143 ¹⁷⁷⁶
3088 1113 3316 1170 consilia
3355 1120 3510 1171 revoa

1928 1205 2088 1257 cavit.
2136 1203 2317 1256 Missis
2373 1201 2539 1271 igitur
2572 1201 3000 1272 circumquaque
3049 1203 3266 1262 nunciis
3313 1205 3463 1279 (440)
3492 1242 3508 1274 ,

1929 1309 2121 1348 omnes
2163 1294 2311 1362 regni
2365 1293 2638 1362 principes
2691 1293 2744 1346 in
2796 1303 3142 1363 peutccosten
3184 1295 3513 1361 Wormacize

1929 1386 2030 1440 sibi
2051 1401 2341 1439 occurrere
2366 1384 2550 1453 jussit,
2595 1385 2734 1454 quid
2788 1384 2930 1439 facto
2965 1401 3103 1454 opus
3149 1396 3313 1456 esset,
3359 1406 3512 1446 com-1

1927 1478 2078 1531 muni
2111 1476 2361 1542 consilio,
2401 1484 2460 1528 ut
2488 1476 2872 1544 przetendebat,
2921 1477 3338 1534 deliberaturus.
3383 1481 3510 1536 Sta—

1926 1575 2040 1622 tuta
2062 1569 2147 1622 die
2173 1567 2328 1639 (Mai.
2360 1568 2445 1636 l5)
2477 1567 2672 1620 ceteris
2702 1567 2882 1637 amplo
2917 1568 3048 1622 satis
3071 1583 3298 1625 numero
3319 1587 3514 1628 occur-

1927 1662 2192 1724 rentibus,
2248 1660 2432 1713 nullus
2487 1660 2672 1713 aderat
2723 1660 3161 1729 supradictorum
3206 1661 3427 1730 ducum,
3481 1682 3512 1720 τι

1926 1753 2124 1822 quibus
2154 1753 2230 1806 rei
2267 1751 2495 1821 publica:
2518 1752 2818 1820 periculum
2848 1751 3159 1817 timebatur,
3193 1761 3247 1806 et
3275 1769 3512 1824 quorum

1905 1834 2272 1914 potissimum
2330 1843 2674 1907 auctoritate,
2729 1843 2775 1898 si
2820 1858 2908 1896 res
2954 1839 3260 1912 tranquilla:
3309 1858 3511 1913 essent,

1927 1951 2196 1990 summam
2235 1935 2575 2004 publicorum
2625 1935 2974 2005 negociorum
3010 1935 3226 2004 disponi
3253 1946 3512 2006 oportue-

1925 2038 2028 2082 rat.
2063 2029 2140 2082 lta
2171 2037 2471 2102 conventus
2503 2028 2589 2080 ille
2629 2028 2958 2096 principum,
2985 2036 3203 2083 cassata
3232 2029 3513 2085 voluntate

1925 2122 2089 2192 regis,
2139 2121 2348 2174 nullum
2405 2119 2594 2174 habuit
2640 2119 2910 2173 effectum.
2966 2119 3167 2175 lterum
3232 2120 3286 2176 in
3337 2123 3516 2178 natale

1927 2214 2099 2268 sancti
2125 2211 2268 2266 Petri
2299 2212 2531 2282 apostoli
2565 2209 2712 2280 (Jun.
2747 2210 2839 2280 ‘29)
2872 2208 3162 2281 Mogontiae
3181 2224 3278 2267 eos
3301 2214 3512 2280 adesse,

1927 2307 2106 2361 addita
2134 2305 2244 2375 jam
2274 2304 2454 2358 edicto
2495 2303 2695 2357 obnixa
2729 2302 3126 2373 supplicatione
3157 2303 3270 2371 "'7,
3310 2319 3514 2374 praece-
3543 2345 3548 2348 -

1925 2399 2021 2468 pit.
2051 2397 2154 2452 Sed
2184 2413 2252 2451 ne
2283 2395 2375 2429 ‘m
2403 2403 2533 2450 tunc
2579 2395 2797 2464 quidem
2842 2395 3133 2464 quisquam
3190 2410 3380 2450 eorum
3428 2394 3514 2448 vel

1925 2491 2318 2560 supplicantem
2366 2486 2606 2542 adtendit
2655 2486 2741 2540 vel
2795 2486 3215 2556 przecipientem,
3257 2486 3516 2542 omnibus

1925 2582 2084 2651 plane
2113 2581 2179 2636 ad
2205 2579 2515 2635 rebellionis
2545 2577 2784 2633 studium
2814 2577 3166 2632 immobititer
3199 2578 3510 2635 obstinatis.

1926 2673 2030 2742 lpsi
2059 2673 2153 2744 qui
2183 2678 2570 2736 convenerant,
2605 2670 2748 2726 {teda
2779 2671 3056 2726 simultate
3109 2684 3141 2724 a
3183 2685 3242 2725 se
3275 2670 3510 2728 invicem

1925 2765 2278 2820 dissidebant.
2329 2762 2448 2817 Jam
2488 2762 2633 2817 enim
2663 2753 2876 2817 solutus
2905 2776 3123 2817 carcere
3151 2777 3252 2817 suo
3279 2760 3516 2818 Satanas

1927 2872 2035 2910 non
2065 2857 2241 2910 solum
2264 2855 2534 2925 corporali
2557 2854 2649 2910 sed
2671 2862 2725 2908 et
2745 2853 3014 2924 spirituali
3045 2861 3316 2908 armatura
3338 2855 3515 2924 obpn-a

1928 2949 2127 3018 gnabat
2173 2963 2361 3017 pacem
2395 2945 2846 3011 ecclesiasticam,
2903 2953 2956 2999 et
3001 2961 3251 3014 quorum
3284 2959 3516 3016 corpora

1923 3040 2226 3110 jugulabat,
2255 3040 2466 3093 animas
2487 3053 2728 3108 quoque,
2754 3053 2822 3091 ne
2851 3037 2907 3090 in
2944 3045 3206 3090 aeternum
3249 3037 3513 3104 viverent,

242 3136 306 3182 ut
333 3127 604 3200 principes
639 3130 917 3186 dedicione
952 3131 1216 3196 absolvat,
1251 3130 1492 3195 castella,
1527 3144 1648 3197 qua:
1677 3135 1823 3181 metu
1856 3164 1897 3219 Ο
1928 3134 2243 3203 extinguere
2279 3131 2575 3202 satagebat.

243 3221 559 3275 rebellionis
606 3223 847 3292 pristina:
894 3223 1194 3276 extruxerit
1251 3221 1372 3287 ‘7",
1431 3222 1630 3286 diruat,
1685 3220 1830 3290 genti

243 3309 528 3367 Saxonum
557 3313 887 3379 libertatem,
924 3313 1068 3383 leges
1090 3329 1152 3367 ac
1196 3312 1320 3382 jura
1371 3313 1663 3381 majorum,
1709 3327 1833 3380 qua:

240 3419 346 3475 per
378 3404 488 3458 vim
522 3413 704 3475 erepta
727 3406 926 3460 totiens
951 3405 1120 3459 armis
1145 3404 1513 3474 repetiverint,
1540 3403 1828 3466 restituat;

244 3497 296 3554 si
345 3497 579 3552 consilio
612 3496 946 3566 adquiescat,
983 3494 1164 3566 gravis
1198 3504 1361 3565 atque
1407 3493 1658 3562 ancipitis
1706 3493 1830 3546 belli

245 3589 572 3645 necessitate
599 3588 716 3643 sine
749 3587 1011 3658 sanguine
1041 3587 1324 3640 liberatam
1353 3602 1473 3641 esse
1494 3585 1787 3639 Saxoniam
1813 3601 1828 3651 ;

245 3682 334 3736 sin
361 3689 562 3745 autem,
583 3676 649 3735 se
675 3696 772 3734 nec
808 3679 999 3734 indulti
1025 3679 1250 3733 honoris
1283 3694 1470 3733 amore
1509 3694 1609 3733 nec
1636 3679 1832 3734 mortis

246 3783 400 3830 metu
436 3790 534 3828 nec
575 3772 932 3854 jurisjurandi
968 3771 1226 3842 religione
1269 3771 1500 3825 inhiberi
1545 3787 1706 3841 posse
1763 3785 1833 3826 ne

247 3882 595 3924 communem
651 3865 839 3935 patria:
860 3873 1253 3934 parentumque
1319 3879 1543 3918 suorum
1607 3878 1830 3918 causam

249 3975 428 4031 usque
453 3959 516 4013 ad
547 3967 847 4012 extremum
894 3957 1144 4026 spiritum
1189 3963 1391 4025 quanta
1431 3957 1606 4025 possit
1635 3955 1833 4009 virtute

250 4051 532 4115 defendat,
608 4049 788 4117 juvct,
844 4056 1081 4101 tueatur.
1142 4045 1202 4100 In
1244 4049 1359 4102 haec
1413 4048 1576 4101 verba
1626 4047 1832 4118 legatos

255 4142 532 4196 Saxonum
583 4139 810 4204 dimisit,
854 4140 1146 4209 statimque
1185 4155 1316 4194 suos
1360 4139 1427 4194 ad
1461 4155 1663 4208 regem,
1693 4139 1834 4193 sicut

253 4235 527 4306 pollicitus
586 4231 780 4296 fuerat,
827 4231 1134 4296 destinavit,
1187 4231 1442 4300 prmsidio
1501 4247 1719 4301 quoque
1765 4231 1834 4285 ab

256 4336 486 4398 utroque
535 4334 717 4379 monte
755 4339 916 4394 quem
965 4331 1320 4392 occupaverat
1369 4323 1626 4387 abducto,
1678 4337 1833 4376 com-

257 4436 477 4475 munem
512 4420 766 4489 deinceps
790 4433 915 4473 cum
944 4416 1254 4470 Saxonibus
1281 4431 1343 4470 ac
1368 4415 1626 4470 socialem
1663 4413 1831 4466 vitam

257 4513 465 4583 agebat.

327 4602 462 4672 Rex,
495 4604 572 4659 ‘de
622 4604 708 4659 his
760 4618 883 4673 qua:
925 4601 1233 4658 acciderant
1285 4599 1338 4653 in
1398 4597 1634 4652 Saxonia
1681 4595 1831 4667 gravi

261 4696 458 4752 nuncio
485 4703 728 4766 accepto,
753 4703 1031 4764 comperto
1061 4693 1221 4748 etiam
1254 4691 1399 4762 quod
1423 4689 1588 4745 ceteri
1630 4687 1832 4758 princi—

261 4803 374 4858 pes,
401 4788 612 4844 collatis
634 4804 726 4857 per
749 4788 938 4842 crebra
961 4784 1334 4841 conventicula
1364 4781 1627 4843 consiliis,
1654 4777 1833 4832 defcc-

264 4879 460 4934 tioncm
485 4880 892 4945 meditarentur,
923 4879 1049 4934 hinc
1087 4879 1186 4944 ira,
1215 4878 1343 4932 hinc
1381 4872 1741 4929 sollicitudine
1776 4869 1829 4922 in

262 4969 474 5027 diversa
493 4980 740 5042 raptatus
767 4972 877 5038 “7",
904 4971 993 5026 cui
1021 4970 1255 5040 primum
1285 4967 1475 5020 morbo
1524 4964 1832 5018 mederetur

263 5061 458 5120 anxius
473 5065 793 5135 ambigebat.
819 5063 920 5118 Sed
936 5079 1044 5132 quo
1067 5064 1146 5117 ira
1171 5059 1478 5130 impellebat
1503 5055 1829 5117 inclinatior,

2005 3222 2150 3279 Uoto
2211 3224 2304 3256 ’π’
2355 3214 2646 3293 episcopus
2695 3219 3067 3284 Treverensis,
3123 3217 3296 3274 Roma
3343 3233 3520 3290 nuper

1932 3329 2205 3381 reversus,
2229 3316 2637 3370 communicare
2665 3314 2883 3368 nolebat
2903 3312 3160 3382 episcopo
3179 3310 3517 3382 Mogontino,

1931 3407 2188 3477 episcopo
2218 3405 2531 3461 Coloniensi
2554 3413 2607 3460 et
2631 3405 2752 3459 aliis
2773 3419 2936 3474 quam
2968 3403 3235 3473 pluribus,
3258 3403 3352 3471 qui
3373 3405 3516 3473 apud

1931 3513 2113 3569 regem
2153 3513 2267 3568 prae
2315 3498 2508 3552 ceteris
2557 3496 2761 3551 assidui
2811 3502 2968 3549 erant
3022 3501 3076 3547 et
3127 3507 3360 3563 quorum
3418 3509 3516 3550 rex

1932 3590 2117 3644 omnia
2147 3589 2379 3644 faciebat
2403 3588 2663 3655 consilio;
2700 3586 3000 3641 obtendens
3048 3593 3104 3638 et
3124 3599 3219 3639 eos
3245 3592 3300 3639 et
3329 3585 3514 3654 ipsum

1931 3687 2112 3752 regem
2161 3681 2666 3737 excommunicatos
2701 3693 2822 3733 esse
2868 3693 2897 3732 a
2943 3675 3195 3731 Romano
3223 3677 3513 3746 pontifice;

1933 3774 2035 3828 sibi
2066 3782 2267 3841 tamen,
2293 3769 2438 3844 quod
2466 3773 2643 3844 ipsum
2678 3771 2768 3825 vix
2803 3770 3036 3826 summis
3054 3769 3307 3839 precibus
3331 3777 3517 3824 extoro

1934 3865 2084 3932 serit,
2117 3865 2379 3929 indultam
2404 3879 2528 3921 esse
2550 3861 2896 3934 colloquendi
2929 3863 3142 3916 tantum
3168 3861 3314 3932 regis
3343 3860 3516 3916 lioen-s

1932 3957 2097 4025 tiam;
2121 3958 2268 4013 nulla
2295 3967 2492 4028 prater
2521 3957 2638 4013 haec
2664 3957 2716 4010 in
2751 3956 2894 4021 cibo,
2923 3955 2978 4008 in
3005 3962 3158 4024 potu,
3193 3951 3520 4008 in-oratione

1933 4052 2018 4105 vel
2066 4053 2122 4106 in
2165 4051 2360 4106 ceteris
2386 4050 2641 4105 omnibus
2670 4047 3056 4103 communione
3081 4045 3202 4116 ejus
3227 4044 3516 4116 permissa.

1934 4143 2109 4214 Hujus
2139 4143 2460 4199 auctoritate
2486 4142 2708 4197 animati
2737 4141 3048 4209 complures
3069 4137 3180 4204 alii,
3205 4151 3440 4207 quorum
3465 4144 3521 4190 ct

1936 4237 1991 4291 in
2031 4236 2202 4291 Deum
2231 4235 2364 4291 ﬁdes
2395 4222 2675 4305 purior'et
2711 4233 2780 4286 ad
2823 4231 3141 4301 dignitatem
3185 4228 3519 4297 reipublicae

1938 4327 2205 4382 sententia
2229 4325 2435 4396 potior,
2481 4324 2740 4396 paulatim
2767 4338 2825 4377 se
2851 4321 3055 4392 palatio
3099 4319 3516 4383 subtrahebant,

1939 4433 2006 4473 ne
2049 4419 2297 4473 videlicet
2352 4417 2788 4486 supradictorum
2842 4411 3229 4468 communione
3273 4411 3518 4466 maculas

1868 4511 1912 4564 Ι)
1938 4519 2127 4564 rentur
2153 4509 2286 4574 m‘°;
2327 4515 2382 4563 et
2427 4507 2494 4562 ad
2535 4523 2737 4578 regem,
2779 4505 2907 4560 licet
2927 4503 3135 4559 crebris
3173 4500 3517 4571 jussionibus

1935 4600 2165 4668 evocati,
2209 4600 2383 4654 redire
2433 4599 2709 4662 nolebant,
2761 4597 2936 4652 satius
2977 4595 3284 4665 iudicantes
3331 4607 3514 4664 regem

1936 4709 2100 4763 quam
2130 4692 2299 4746 Deum
2331 4689 2622 4755 ollendere,
2666 4688 2912 4759 corporis
2964 4701 3130 4758 quam
3179 4683 3374 4738 animae
3403 4683 3517 4739 diss

1937 4785 2191 4856 pendium
2220 4783 2474 4838 incidere.
2514 4781 2593 4835 llli
2621 4790 2842 4837 econtra
2878 4779 3061 4846 irasci,
3090 4777 3341 4838 fremere,
3368 4773 3517 4828 insa-

1938 4874 2074 4941 nire,
2091 4876 2267 4931 minas
2278 4884 2329 4930 et
2342 4875 2586 4930 convicia
2604 4874 2658 4928 in
2673 4888 2863 4928 omnes
2876 4873 3081 4941 passim
3089 4865 3318 4939 jaculari
3333 4865 3514 4935 (ut);

1938 4967 2196 5037 injustam
2223 4979 2277 5023 et
2305 4967 2508 5021 idcirco
2542 4966 2698 5021 nihili
2733 4965 3109 5020 aestimandam
3138 4972 3261 5015 esse
3285 4955 3521 5012 Romani

1937 5059 2211 5129 pontificis
2237 5058 2580 5124 sententiam,
2613 5057 2708 5126 qui
2737 5072 2796 5127 se
2817 5070 2919 5109 nec
2959 5049 3226 5111 canonice
3245 5046 3315 5101 ad
3352 5059 3522 5114 syno-

1549 5185 1783 5244 VARUE
1829 5186 2227 5251 LECTIONES.

335 5283 425 5318 ¹⁷⁶⁹
467 5285 731 5344 lianideus
766 5289 819 5341 4.
935 5286 1025 5316 "7°
1057 5285 1231 5344 fuerat
1260 5297 1397 5337 corr.
1424 5280 1590 5337 fuerit
1620 5281 1673 5334 5.

1788 5279 1875 5311 ¹⁷⁷¹
1902 5284 2143 5344 placaret
2163 5287 2215 5343 5.

2330 5285 2424 5316 ¹⁷⁷²
2477 5294 2782 5340 ootestater
2806 5280 2860 5334 4.
2973 5280 3066 5314 ’⁷⁷³
3109 5276 3420 5344 extruxerat
3473 5271 3526 5326 Α.
