4050 5358
550 320 683 391 {iis

1692 313 2047 389 LAMBERTI
2068 273 2643 382 ιιιῖιιεειιωειιθιε

3685 323 3832 377 {2‘10

546 451 677 506 dum
698 445 984 512 evocatos,
1007 458 1107 499 nec
1144 442 1409 498 canonice
1445 442 1750 505 diseuSsos,
1794 456 1893 494 nec
1925 439 2123 508 objecti
2138 441 2201 496 -Α
2224 440 2443 504 clinatis
2467 441 2537 495 ad
2571 439 2933 497 defectionem
2985 437 3351 513 principibus,
3402 436 3611 495 iterum
3654 440 3833 495 nevis

546 541 793 596 criminis
829 539 983 608 juxta
1012 535 1149 590 scita
1174 547 1447 588 canonum
1484 532 1765 587 convictos
1804 532 1887 585 vel
1912 528 2147 585 confes-r

547 648 641 687 sos
660 627 922 702 praecipiti
949 626 1134 682 furore
1161 626 1342 696 potius
1367 639 1533 694 quam
1570 625 1783 678 ratione
1810 636 2128 677 excommu-

547 724 825 788 nicasset;
865 719 1181 789 episcopum
1224 715 1611 770 Treverensem
1656 723 1711 767 et
1745 722 1978 777 ceteros,
2032 718 2127 784 qui

545 828 668 868 cum
694 826 758 866 eo
794 810 863 865 ad
887 807 1237 864 evertendnm
1267 806 1343 861 rei
1381 805 1611 875 publicae
1637 814 1838 860 statum
1862 805 1961 851 4"“
1980 805 2143 874 jam-V

543 902 752 973 pridem
813 898 1259 970 conspirassent,
1314 897 1577 950 aliorsum
1631 895 1907 949 intendere
1960 910 2126 964 quam

543 994 917 1064 loquerentur,
959 1006 1061 1045 nec
1106 998 1215 1044 tam
1259 988 1572 1058 apostolica:
1607 986 1720 1042 sedi
1745 987 2125 1043 auctoritatem

543 1084 755 1139 deferre
798 1082 911 1148 ηδ’,
954 1096 1119 1152 quam
1157 1088 1218 1135 ut
1249 1079 1566 1150 dignitatem
1612 1078 1814 1148 regiam
1860 1078 2130 1135 subruunt

543 1175 887 1231 occasionem
928 1178 1190 1243 quaerere,
1233 1177 1289 1224 et
1328 1169 1624 1223 inveterata
1650 1168 1913 1224 adversus
1947 1184 2137 1239 regem

543 1265 668 1320 odia
713 1274 856 1321 novo
896 1262 1174 1333 religienis
1208 1260 1476 1335 vocabulo
1505 1260 1761 1330 palliare;
1811 1275 1937 1315 cum
1981 1267 2141 1321 recte.

544 1356 742 1411 honori
767 1370 870 1412 suo
889 1354 1222 1425 prospicere,
1260 1352 1310 1408 si
1352 1351 1406 1405 in
1443 1352 1630 1407 hostes
1681 1367 1815 1407 suos
1864 1351 2141 1422 gladium.

541 1461 705 1519 quem
737 1446 896 1516 juxta
933 1442 1219 1515 apostolici
1260 1457 1450 1498 vocem
1498 1443 1567 1497 ad
1615 1443 1911 1499 vindictam
1951 1441 2126 1496 malo-

541 1552 665 1594 rum
690 1537 861 1609 (Rom.
892 1552 1010 1602 xnr,
1042 1535 1096 1604 4)
1127 1533 1412 1603 acceperit,
1444 1533 1714 1589 maturius
1738 1533 2049 1603 distringat,
2071 1538 2127 1585 et

540 1628 867 1697 contemptis
905 1626 1149 1680 inanium
1187 1625 1537 1680 occasionum
1576 1625 1835 1692 latibulis,
1862 1623 2125 1679 manifes-

542 1728 628 1775 tos
668 1718 822 1789 regni
868 1717 1217 1771 insidiatores
1240 1730 1401 1786 poena
1438 1731 1604 1786 quam
1653 1724 1965 1771 mereantur
2010 1713 2125 1769 alli-

2231 547 2348 586 rem
2374 531 2648 602 publicam
2672 533 3086 603 tempestatibus
3103 534 3255 604 quati
3287 531 3523 602 aspexit,
3559 533 3835 599 quamvis

2229 623 2474 678 custodis
2497 623 2789 693 diligentia:
2812 639 2922 679 non
2961 623 3242 689 diffideret,
3263 622 3473 677 veritus
3506 629 3699 699 tamen
3760 637 3839 676 ne

2229 713 2390 779 forte,
2419 714 2742 783 subrepentc
2767 730 2864 787 per
2900 715 3041 769 hanc
3071 728 3281 793 moram
3328 711 3689 793 negligentia,
3716 712 3827 766 ali-

2228 804 2360 873 quid
2382 804 2437 857 in
2467 818 2534 859 eo
2568 805 2653 860 vis
2673 805 2754 859 vel
2780 805 2872 837 ¹⁷⁸⁶
2892 804 3044 876 fraus
3078 803 3294 859 hostilis
3331 803 3423 835 "‘7
3455 810 3824 881 ~operaretur,

2227 896 2294 950 ad
2323 896 2583 965 palatium
2608 911 2734 951 eum
2759 896 3022 961 evocavit,
3043 902 3103 950 et
3120 894 3195 949 ibi
3214 882 3359 950 nunc
3393 884 3538 948 inter
3557 884 3825 977 camera-

2227 985 2342 1040 rios
2369 1001 2522 1052 suos,
2550 1002 2697 1041 nunc
2725 988 2867 1042 inter
2892 1001 3056 1041 cocos
3094 994 3151 1053 et
3196 985 3560 1056 coquinarum
3590 984 3825 1054 spurci-

2228 1076 2317 1131 tiis
2350 1065 2440 1109 ¹⁷δ⁸
2469 1077 2848 1148 indignissimo
2874 1078 2995 1133 loco
3040 1076 3305 1143 habitum,
3337 1077 3442 1133 sub
3484 1077 3644 1130 omni
3694 1076 3827 1131 dili-

2226 1169 2405 1237 gentia
2460 1168 2730 1241 custodiri
2773 1156 2919 1235 fecit,
2967 1170 3138 1224 donec
3190 1176 3300 1247 tam
3353 1166 3622 1223 feralibus
3670 1169 3823 1223 odiis

2225 1268 2541 1329 competens
2576 1260 2799 1315 exilium
2838 1260 3189 1330 eergitaret.
3222 1257 3353 1313 Erat
3382 1259 3511 1335 ipso
3560 1267 3822 1329 tempore

2225 1350 2368 1419 apud
2395 1364 2577 1420 regem
2604 1365 2765 1423 soror
2790 1350 2929 1428 ejus,
2955 1365 3095 1405 uxor
3122 1343 3433 1428 salomonis
3457 1349 3606 1419 regis
3629 1346 3822 1420 Unga-

2224 1422 2647 1511 riorpmi'quam
2667 1422 2898 1497 maritus
2922 1456 3093 1511 regno
3127 1422 3410 1510 expulsus,
3441 1441 3575 1495 dum
3624 1441 3683 1494 in
3730 1456 3822 1517 ars

2223 1532 2328 1588 mis
2350 1539 2405 1587 et
2431 1522 2715 1601 procinctu
2742 1540 2907 1610 esset,
2939 1547 3211 1602 nusquam
3232 1532 3407 1587 tutius
3439 1546 3611 1601 quam
3666 1531 3818 1611 apud

2224 1622 2448 1679 fratrem
2484 1638 2704 1678 manere
2739 1623 3096 1693 judicaverat,
3132 1622 3327 1689 donec,
3366 1624 3720 1699 recuperato,
3766 1621 3817 1674 si

2223 1714 2338 1770 fieri
2367 1702 2572 1785 posset,
2597 1729 2785 1785 regno,
2812 1713 2866 1768 in
2890 1712 3227 1784 jocunditate
3278 1713 3488 1793 perfrui
3542 1713 3815 1783 conjugio

523 1811 669 1869 ciat.
702 1779 811 1864 Nvec
838 1807 1051 1864 dillicile
1090 1806 1193 1862 fuit
1242 1779 1521 1878 ingenium
1548 1807 1713 1879 regis,
1738 1824 1836 1879 per
1865 1823 1924 1865 se
1959 1815 2115 1863 atrox
2154 1779 2196 1834 Β
2221 1779 2424 1862 liceret.
2449 1779 2697 1876 Cumque
2722 1814 2847 1877 post
2871 1779 3106 1861 multum
3135 1805 3250 1875 jam
3279 1779 3498 1875 tempus
3530 1804 3601 1858 ad

540 1910 596 1956 et
621 1898 978 1970 implacabile,
1006 1898 1063 1952 in
1083 1898 1221 1952 iram
1249 1898 1506 1953 excitare.

613 1991 718 2047 Sed
747 2006 872 2047 eum
899 1989 1106 2045 videret
1158 1989 1261 2044 sub
1289 1990 1512 2044 obtentu
1543 1988 1822 2060 religionis
1846 1989 2118 2061 principes

541 2100 571 2139 a
602 2099 661 2140 se
688 2082 950 2153 paulatim
973 2081 1224 2146 deficere,
1247 2089 1321 2147 et,
1350 2080 1615 2136 destituto
1631 2082 1746 2151 jam
1772 2072 1992 2138 auxiliis
2022 2082 2121 2137 im-

540 2175 712 2245 perio,
753 2189 950 2230 vanam
979 2189 1102 2229 esse
1129 2173 1609 2228 comminationem
1646 2189 1770 2243 quae
1789 2174 1900 2229 vim
1940 2173 2118 2230 facere

540 2281 651 2321 non
673 2273 859 2335 posset
884 2265 1085 2335 quibus
1110 2264 1569 2331 comminaretur;
1596 2273 1751 2320 ratus
1777 2294 1851 2305 ——
1886 2265 1941 2320 id
1970 2266 2118 2335 quod

540 2367 754 2427 tempus
780 2356 1110 2427 exigebat—
1131 2356 1354 2411 utilitati
1377 2354 1469 2387 ⁸⁷⁸³
1504 2356 1680 2427 magis
1706 2361 1873 2426 quam
1899 2357 2117 2412 iracun-

538 2449 642 2505 dite
693 2448 1125 2514 consulendum,
1170 2447 1366 2502 iterum
1414 2455 1577 2517 atque
1640 2446 1837 2516 iterum
1894 2463 2116 2504 aversos

542 2539 635 2599 ἔτ’*
654 2540 961 2610 principum
993 2538 1211 2595 animos
1233 2537 1447 2593 blandis
1475 2538 1839 2607 legationibus
1868 2539 2115 2610 mitigare

539 2632 854 2701 temptabat.
888 2629 998 2685 Nec
1020 2638 1222 2695 tamen,
1252 2629 1400 2699 quod
1426 2629 1573 2683 dictu
1606 2629 1806 2684 mirum
1832 2630 1935 2694 sit,
1963 2636 2113 2685 tanta

539 2722 642 2777 hac
662 2738 845 2777 rerum
882 2722 1197 2791 asperitate,
1222 2727 1390 2775 tanta
1429 2720 1799 2790 ingruentium
1850 2721 2117 2791 peticnlo-

540 2829 663 2868 rum
687 2814 828 2868 mole
847 2812 1022 2867 evinci
1045 2819 1257 2882 poterat
1305 2819 1386 2877 ut,
1414 2812 1557 2867 unde
1597 2812 1947 2881 potissimum
1998 2813 2113 2868 haec

538 2904 757 2960 flamma
791 2903 1007 2958 invidiae
1047 2911 1103 2957 et
1147 2903 1257 2957 odii
1299 2903 1586 2958 adversum
1636 2920 1763 2958 eum
1811 2912 2109 2971 exarserat,

538 2996 819 3066 principes
835 2993 1084 3049 Saxoniae
1106 2994 1388 3049 dedicione
1411 2994 1733 3050 absolveret.
1751 2994 1895 3062 Quin
1921 2995 2109 3064 immo,

536 3086 868 3141 conterritus
885 3083 1088 3138 recenti
1116 3084 1364 3154 exemplo
1384 3100 1574 3140 eorum
1608 3087 1700 3156 qui
1732 3087 2019 3157 plerosque
2042 3103 2109 3143 ex
2137 3120 2178 3179 Ο

538 3177 672 3247 ipsis
697 3191 755 3232 se
777 3176 1454 3243 inconsultadimiserant,
1471 3177 1831 3250 residuis,qui
1852 3180 2029 3235 adhuc
2050 3180 2104 3235 in

536 3267 786 3324 custodia
823 3267 1164 3334 tenebantur,
1210 3282 1427 3323 omnem
1480 3270 1722 3326 adhiberi
1771 3271 2105 3343 diligentiam

532 3359 775 3429 iubebat,
804 3374 872 3413 ne
897 3359 1260 3415 elaberentur.
1286 3358 1517 3431 Ideoque
1542 3362 1741 3432 saepius
1768 3363 1855 3419 bis
1903 3365 2106 3435 quibus

533 3464 631 3523 eos
690 3450 991 3506 servandos
1037 3450 1342 3506 crediderat
1380 3453 1673 3509 mandabat
1700 3463 1779 3521 ut,
1835 3471 2106 3514 memores

533 3540 923 3597 beneficiorum
982 3557 1230 3609 suorum,
1271 3558 1544 3600 memores
1589 3545 1952 3616 iurisiurandi
1995 3564 2105 3618 quo

533 3633 639 3688 sibi
671 3634 833 3689 fidem
869 3649 1027 3689 suam
1060 3634 1392 3701 firmassent,
1425 3636 1652 3693 traditos
1690 3639 1952 3695 custodia:
1993 3655 2108 3696 suae

533 3725 854 3781 intemerata
900 3724 1026 3791 fide,
1067 3725 1242 3781 donec
1297 3736 1740 3797 reposcerentur,
1788 3739 2103 3799 servarent,

532 3833 634 3872 nec
664 3817 899 3871 aliorum
929 3816 1236 3887 principum
1290 3816 1595 3875 foedissimo
1626 3834 2107 3892 corrumperentur

530 3908 801 3977 exemplo,
845 3908 961 3976 qui,
999 3907 1243 3964 dimissis
1272 3924 1379 3964 suo
1410 3910 1624 3980 injussu
1661 3900 1953 3981 dediticiis,
1973 3916 2104 3971 dum

530 3998 773 4066 privatas
797 4013 929 4055 suas
968 3997 1199 4067 injurias
1245 4000 1302 4054 in
1330 4016 1510 4071 regem
1538 4003 1730 4059 ulcisci
1756 4006 1974 4073 vellent,
2000 4008 2109 4065 cla-

531 4089 656 4144 dem
678 4088 975 4145 maximam
1003 4097 1058 4144 ct
1080 4091 1350 4147 maculam
1374 4093 1563 4150 multis
1583 4097 1783 4153 seculis
1827 4113 1939 4153 non
1979 4101 2106 4157 alio-

531 4180 747 4237 lendam
783 4181 860 4237 rei
894 4182 1126 4252 publica:
1150 4183 1477 4242 intulissent.

603 4272 672 4328 Et
689 4274 949 4331 omnibus
974 4274 1195 4345 quidem
1225 4275 1491 4344 infensus,
1521 4279 1788 4347 omnium,
1805 4289 1869 4337 ut
1895 4282 2107 4340 videba-

528 4372 641 4430 tur,
670 4366 951 4437 sanguinis
976 4366 1168 4423 avidns
1197 4376 1333 4423 erat.
1355 4367 1631 4440 Praecipue
1656 4380 1836 4429 tamen
1863 4376 2104 4447 episcopi

528 4451 1024 4550 Balberstadensis,
1059 4474 1244 4529 quem,
1270 4468 1549 4531 tamquam
1594 4464 1771 4521 tocius
1820 4464 2104 4524 Saxonica;
2134 4498 2179 4550 ι)

527 4546 840 4604 rebellionis
873 4549 1173 4620 principem
1221 4559 1276 4606 et
1326 4553 1571 4609 onmium
1599 4571 1724 4625 qua:
1754 4572 1915 4614 secus
1954 4559 2090 4614 acci-

527 4633 722 4692 derant
746 4636 989 4694 fomitem
1031 4650 1194 4711 atque
1221 4641 1570 4711 incentivum,
1608 4644 1928 4703 inexorabili
1976 4649 2103 4706 odio

528 4725 928 4798 insectabatur;
960 4740 1034 4799 et,
1061 4733 1167 4789 nisi
1197 4733 1522 4803 pontificalis
1543 4737 1782 4794 nominis
1801 4740 2101 4797 reverentia

526 4827 581 4873 et
619 4819 753 4876 fides
778 4820 1103 4893 principum,
1127 4840 1250 4896 quae
1277 4825 1334 4880 in
1376 4826 1657 4883 dedicione
1698 4828 2098 4899 intercesserat,

525 4910 827 4978 obstarent,
854 4914 1020 4969 vitam
1042 4916 1162 4986 ejus
1179 4933 1275 4987 per
1299 4932 1493 4973 omnes
1524 4919 1802 4978 cruciatus
1829 4922 2099 4978 extorsiss-

527 5008 623 5042 ειη.
659 5000 813 5042 "uno
840 5003 1116 5042 nllnmrin
1146 5007 1576 5042 “abab-sanna:
1600 5010 1853 5042 nudant-nn
1883 5028 2073 5042 ινα-κη...

2219 1903 2355 1962 tum,
2377 1894 2433 1950 in
2458 1893 2659 1950 ﬁnibus
2684 1892 2932 1964 Ungariae
2966 1901 3417 1959 commorantem,
3445 1892 3633 1947 redire
3652 1904 3815 1963 para;

2217 1992 2319 2051 ret,
2355 1998 2451 2038 rex
2473 1990 2840 2053 opportunam
2865 1981 2956 2013 ηδ’
2978 1997 3098 2036 eam
3122 1972 3421 2036 arbitratus
3444 1997 3573 2051 quae
3607 1981 3814 2037 crude—

2215 2073 2384 2128 litatis
2428 2072 2591 2142 bujus
2636 2056 2862 2135 munere
2915 2071 3251 2143 fungeretur,
3297 2073 3512 2144 mgavit
3560 2088 3692 2127 eam
3744 2080 3809 2127 ut

2215 2152 2535 2236 episcopum
2577 2150 3089 2219 iialberstadensem
3126 2152 3217 2195 ¹⁷⁹δ
3264 2179 3451 2220 secum
3477 2164 3808 2225 abduceret,

2214 2257 2377 2325 atque
2402 2254 2454 2308 in
2484 2254 2662 2308 locum
2685 2256 2751 2306 ex
2787 2248 2897 2322 quo
2930 2252 3078 2307 nulla
3101 2252 3149 2308 ei
3180 2252 3435 2323 deinceps
3474 2252 3531 2306 in
3569 2269 3807 2325 regnum

2215 2332 2571 2403 Teutonicum
2605 2347 2862 2403 redeundi
2887 2347 3041 2418 copia
3071 2347 3224 2402 ﬁeret
3270 2343 3547 2418 deportari
3570 2338 3805 2405 facerct.

2212 2437 2415 2493 Annuit
2448 2422 2539 2492 illa
2558 2432 2781 2507 petenti,
2805 2430 2859 2492 et
2891 2436 3016 2492 navi
3044 2434 3359 2507 impositum
3381 2432 3510 2494 enm
3547 2438 3798 2494 homini-

2212 2529 2315 2585 bus
2340 2529 2456 2584 suis
2500 2528 2780 2599 praemisit,
2829 2525 2945 2599 ipsa
2998 2530 3187 2600 paucis
3236 2527 3362 2600 post
3402 2529 3622 2599 diebus,
3669 2547 3802 2587 cum

2211 2618 2531 2690 profectioni
2578 2634 2693 2674 sua:
2742 2620 3051 2675 necessaria
3098 2620 3427 2689 Ordinasset,
3474 2622 3801 2677 insecutura

2212 2709 2487 2779 prmeeden
2496 2716 2623 2763 tem.
2643 2706 2887 2764 Habebat
2907 2709 3048 2765 idem
3068 2709 3357 2780 episcopus
3381 2711 3612 2767 militem
3626 2729 3804 2783 queno

2210 2802 2335 2856 dam
2359 2799 2714 2856 Oudalricum
2748 2801 2838 2832 ¹⁷⁹¹
2898 2802 3138 2869 nomine,
3187 2802 3377 2858 multis
3429 2803 3484 2857 in
3540 2802 3801 2874 Bajoaria

2210 2891 2647 2962 possessionibus
2698 2893 3031 2964 praedivitcm
3057 2936 3072 2961 ,
3126 2894 3237 2965 regi
3274 2910 3494 2966 quoque
3546 2896 3801 2968 adprime

2210 2993 2398 3040 carum
2433 2994 2487 3039 ct
2521 2992 2824 3055 acceptum.
2853 2984 2905 3041 Is
2932 2984 3024 3040 ubi
3054 2985 3285 3041 advertit
3319 2987 3463 3041 mala
3514 2992 3643 3058 dum
3681 2989 3802 3058 epi-

2210 3091 2376 3145 scopo
2422 3076 2785 3146 parabantur,
2826 3084 3010 3132 motus
3068 3077 3420 3131 miseratione
3459 3085 3628 3147 atque
3679 3078 3799 3147 ipsa

2212 3166 2577 3220 humanarum
2615 3181 2800 3221 rerum
2835 3165 3291 3232 considrratiene,
3321 3168 3469 3237 quod
3512 3176 3706 3223 tantus
3734 3185 3799 3222 ac

2210 3252 2333 3311 talis
2354 3256 2459 3323 vir,
2477 3256 2668 3327 ingens
2688 3257 2940 3312 columna
2956 3266 3010 3313 et
3032 3257 3437 3313 firmamentum
3453 3260 3532 3314 rei
3561 3261 3799 3329 publica:

2207 3348 2314 3402 nisi
2338 3348 2481 3419 regis
2500 3349 2780 3405 temeritas
2805 3349 2986 3405 divina
3008 3357 3170 3420 atque
3190 3350 3430 3405 humana
3456 3351 3645 3407 omnia
3666 3368 3799 3406 con‘

2146 3442 2157 3455 ’
2207 3437 2455 3507 fudisset,
2472 3448 2581 3495 tam
2606 3441 2849 3511 pessimo
2872 3457 3017 3497 nunc
3034 3442 3282 3513 exemplo
3306 3442 3586 3512 periturus
3611 3441 3793 3497 foret:

2206 3532 2436 3587 accessit
2456 3531 2523 3587 ad
2554 3542 2677 3587 cum
2708 3533 2872 3603 paulo
2897 3532 3188 3604 antequam
3215 3532 3469 3604 navigare
3499 3532 3790 3604 inciperet,

2205 3631 2260 3678 et
2271 3639 2392 3693 qum
2413 3624 2468 3678 in
2482 3639 2610 3679 eum
2635 3640 2730 3679 rex
2755 3621 3083 3680 decrevisset
3102 3640 3198 3695 per
3221 3623 3467 3679 ordinem
3492 3627 3788 3695 exposuit;

2205 3724 2387 3771 actum
2414 3730 2536 3771 esse
2557 3713 2623 3770 dc
2649 3712 2821 3770 salute
2848 3714 2987 3786 ejus,
3021 3712 3126 3770 nisi
3163 3714 3402 3785 propicia
3453 3715 3547 3747 ⁸⁷⁸³
3590 3716 3789 3772 divini-

2204 3814 2309 3874 tas,
2343 3822 2466 3878 que:
2500 3806 2614 3863 sola
2648 3807 2761 3877 jam
2790 3814 2994 3878 posset,
3040 3806 3367 3879 periclitanti
3409 3815 3782 3863 succurreret.

2204 3896 2406 3954 Edocet
2424 3906 2701 3968 praetcrea,
2721 3898 3096 3969 possessiones
3118 3914 3246 3953 suas
3266 3906 3320 3953 et
3347 3899 3636 3954 castellum
3667 3916 3787 3954 mn-

2204 3988 2537 4046 nitissimum
2569 3989 2826 4044 ""baut'
2869 3990 3061 4061 procul
3111 3990 3179 4045 ab
3222 3989 3496 4045 littoribus
3544 3990 3785 4047 Danubii

2202 4080 2442 4137 ﬂuminis
2463 4081 2674 4150 abesse,
2704 4089 2996 4152 monetque
3019 4091 3099 4150 ut,
3139 4081 3269 4136 dum
3298 4081 3366 4136 ad
3395 4097 3460 4137 ea
3486 4082 3611 4137 loca
3634 4085 3788 4138 navi-

2203 4188 2338 4245 gans
2369 4173 2724 4246 pervenisset,
2753 4183 2969 4244 rogaret
3001 4174 3200 4244 saepius
3248 4188 3345 4229 eos
3396 4189 3522 4229 cum
3578 4175 3786 4244 quibus

2202 4265 2502 4336 navigaret,
2531 4273 2801 4335 quatenus
2837 4266 3168 4336 applicarent
3191 4274 3244 4320 et
3269 4265 3372 4320 sibi
3410 4265 3701 4335 paululum
3730 4267 3783 4320 in

2205 4363 2403 4427 terram
2462 4355 2838 4427 progrediendi
2894 4355 3204 4412 facultatem
3246 4355 3506 4424 facerent,
3556 4357 3785 4414 obtenta

2201 4449 2286 4505 vel
2305 4449 2661 4521 refrigerandi
2689 4451 2771 4505 vel
2801 4450 2941 4505 alius
2967 4451 3208 4521 cujusvis
3240 4452 3586 4508 necessitatis
3615 4468 3785 4509 occa-

2204 4540 2355 4596 sione
2388 4540 2498 4608 "9",
2522 4556 2644 4611 quae
2677 4541 2840 4596 modo
2874 4542 2966 4596 tali
2997 4543 3227 4598 artificio
3256 4542 3449 4598 idonee
3476 4542 3572 4577 ¹⁷⁹⁸
3601 4553 3788 4614 patro-

2201 4632 2506 4700 cinaretur;
2547 4648 2605 4688 se
2639 4648 2935 4688 memorem
2959 4632 3080 4687 ﬁdei
3121 4648 3229 4704 qua
3272 4633 3322 4687 ei
3368 4633 3642 4688 obnoxius
3688 4636 3783 4701 sit,

2201 4725 2383 4781 omnia
2410 4739 2534 4795 quae
2552 4725 2727 4795 possit
2747 4740 2846 4795 pro
2863 4724 3006 4780 virili
3023 4725 3273 4795 portione
3300 4723 3596 4791 facturum,
3622 4733 3702 4790 ct,
3736 4727 3781 4780 si

2198 4829 2364 4885 quam
2393 4813 2691 4883 ereptionis
2716 4813 2807 4846 ¹⁷⁹⁶
2842 4814 2961 4884 ejus
2981 4814 3125 4869 viam
3163 4813 3308 4868 Deus
3337 4813 3609 4880 ostendat,
3644 4824 3786 4869 tem-

2198 4912 2494 4973 ptaturum.
2517 4901 2667 4958 Fecit
2690 4903 2779 4958 ille
2817 4912 2877 4958 ut
2893 4904 3118 4960 edoctus
3139 4902 3347 4970 fuerat;
3391 4911 3554 4973 atque
3581 4905 3676 4958 ubi
3711 4906 3779 4959 ad

2200 4993 2449 5042 nrazdicta
2474 4991 2592 5042 loca
2616 4993 2982 5042 nroninnnare
3001 4993 3184 5042 ρειηιὶι,
3201 4991 3456 5042 simulata
3481 4992 3629 5042 mala
3646 4997 3781 5042 nali-
