4050 5358
206 153 340 211 ι-,ηι

1450 154 1791 214 ANNALES.
1820 185 1892 197 —-
1920 153 2032 211 AN.
2068 154 2222 213 £076.

3327 153 3466 209 1223

200 273 444 332 obtinuit
462 275 606 345 apud
624 266 949 343 rautas,qui
973 272 1303 344 pontificalis
1328 274 1570 331 nominis
1588 275 1788 330 intuitu
1818 274 1865 331 Α
1889 273 2236 328 tumeliarum
2290 269 2604 336 vindictam,
2650 268 2919 326 redditum
2971 288 3115 353 cum.
3145 263 3489 353 impunitate.

202 381 463 437 magnam
490 365 884 421 humanitatem
924 365 976 419 ei
1026 366 1376 434 praestabant,
1422 374 1483 420 ut
1533 367 1787 435 quotiens

201 458 368 513 vellet
406 456 764 527 applicarent,
798 464 855 510 et
889 456 941 510 ei
973 456 1281 526 egrediendi
1318 465 1489 533 atque
1521 457 1577 511 in
1619 466 1785 526 terra,

200 557 373 620 prout
397 548 612 613 libitum
641 555 781 613 erat,
807 546 1087 602 recreandi
1112 548 1359 616 corporis
1387 548 1600 619 copiam
1637 549 1787 606 face-

203 649 350 696 rent.
383 638 706 709 Longinqua
746 638 916 708 regio,
936 637 1233 692 custodum
1270 639 1583 706 multitudo,
1605 641 1792 696 debilis

201 738 293 787 tas
311 730 624 800 languentis
648 744 867 784 omnem
896 737 1126 795 metum,
1149 744 1368 786 omnem
1396 729 1539 802 fugae
1579 720 1665 787 vel
1699 734 1787 789 in-

204 822 473 879 sidiarum
505 821 875 891 suspicionem
902 813 1235 894 ademerant.
1266 821 1658 893 Egrediebatur
1683 840 1789 880 sa:-

203 914 332 984 pius
384 921 439 968 et
486 912 909 983 regrediebatur,
950 912 1401 989 circumspiciens
1450 916 1691 989 undique
1736 924 1793 972 et

204 1006 392 1061 omnia
417 1005 661 1081 diligenti
684 1006 881 1061 obtutu
907 1005 1001 1038 ¹⁷⁹⁸
1041 1007 1414 1077 perlustrans;
1458 1011 1668 1065 nullum
1704 1027 1794 1065 us-

204 1112 372 1167 quam
399 1098 684 1167 promissm
711 1098 907 1154 salutis
930 1097 1192 1154 indicium
1211 1140 1227 1166 ,
1252 1101 1402 1155 nulla
1441 1117 1567 1171 spes
1610 1102 1791 1158 eluce-

208 1190 319 1244 bat.
352 1178 515 1244 Forte
548 1188 691 1244 beati
713 1186 943 1245 Joannis
969 1188 1227 1260 Baptista:
1256 1192 1513 1248 nativitas
1532 1195 1792 1249 occurre-

205 1288 327 1347 rat;
357 1289 412 1336 et
440 1296 621 1348 mane,
674 1282 806 1338 dum
857 1282 1390 1352 praeterlaberentur,
1440 1286 1791 1355 conspicatus

205 1372 523 1444 contiguam
544 1373 716 1428 littori
730 1374 1041 1440 ecclesiam,
1057 1376 1269 1446 rogavit
1289 1384 1371 1443 ut,
1396 1377 1622 1446 appulsa
1642 1377 1787 1445 navi,

205 1466 275 1521 ad
299 1466 618 1521 celebranda
646 1474 790 1543 tam‘
804 1468 1181 1522 sacratissimo
1228 1469 1315 1523 die
1363 1469 1658 1524 missarum
1690 1484 1793 1525 rso-

204 1557 407 1613 lemnia
427 1559 495 1613 ad
508 1559 797 1614 ecclesiam
827 1560 1184 1629 procederent
1213 1562 1324 1614 ηπ.
1354 1561 1790 1633 Assentientibus

206 1649 335 1716 illis,
369 1650 652 1721 ingressus
691 1650 1004 1716 ecclesiam,
1042 1651 1346 1707 salutarem
1388 1650 1500 1707 Deo
1544 1652 1781 1706 hostiam

204 1740 422 1809 oderre,
450 1738 903 1808 sacerdotalibus,
934 1751 995 1796 ut
1015 1743 1258 1798 solemne
1282 1736 1605 1810 est,‘infulis
1632 1743 1788 1798 indu-

205 1841 318 1900 tus,
350 1832 533 1903 ccepit.
563 1831 668 1888 Cui
719 1834 800 1888 rei
853 1833 1076 1888 intentis
1115 1834 1391 1901 omnibus,
1441 1830 1787 1905 supradictus

205 1924 553 1992 Oudalricus,
574 1933 722 1981 recte
740 1941 836 1996 per
863 1927 1273 1996 exploratorum
1312 1926 1645 1997 diligentiam
1689 1944 1785 1983 ca-

205 2027 355 2088 ptata
383 2018 489 2073 loci
516 2018 907 2087 oportuni:atc,
947 2027 1167 2087 repente
1199 2026 1409 2072 armata
1440 2019 1787 2074 multitudine

204 2108 493 2165 ecclesiam
520 2109 905 2175 circumdedit;
938 2108 1325 2180 ingressusque
1349 2109 1613 2176 modeste,
1644 2110 1787 2166 inte-

205 2201 313 2257 rim
348 2200 694 2256 dissimulato
716 2209 937 2270 prepter
960 2201 1109 2270 quod
1141 2209 1362 2257 venerat
1386 2202 1633 2272 negocio,
1663 2218 1792 2258 con-

205 2292 634 2348 summationem
672 2292 815 2347 sacri
845 2292 1133 2347 ministerii
1180 2293 1379 2349 tacitus
1428 2294 1787 2364 tranquillus-

206 2398 317 2454 que
342 2383 775 2453 prazstolabatur.
805 2381 926 2448 Quo
951 2384 1182 2453 expleto,
1212 2400 1343 2441 suos
1370 2386 1698 2456 quantocius
1720 2387 1788 2442 ad

208 2475 391 2530 navim
430 2474 720 2529 convolare
760 2474 853 2506 ¹⁸⁰⁰
894 2483 949 2529 et
993 2476 1177 2530 omnia
1222 2493 1344 2547 quae
1384 2479 1623 2549 episcopi
1679 2480 1790 2535 sint

208 2566 388 2622 efferri
419 2567 591 2637 jubet.
621 2564 740 2636 Ipse
785 2564 1215 2623 fortissimorum
1257 2569 1520 2639 juvenum
1574 2572 1789 2642 agmine

210 2658 463 2728 stipatus,
519 2657 901 2728 procedentem
932 2659 1022 2690 ¹³⁰¹
1074 2660 1145 2715 ab
1197 2661 1427 2717 ecclesia
1471 2663 1788 2735 episcopum

211 2750 444 2815 salutat,
470 2749 721 2804 osculum
758 2750 1006 2820 porrigit,
1044 2766 1272 2821 equum,
1309 2769 1473 2824 quem
1523 2758 1789 2814 evectioni

211 2840 331 2910 ejus
356 2840 622 2911 optimum
646 2848 942 2910 aptaverat,
991 2842 1148 2898 ocius
1201 2846 1569 2902 conscendere
1610 2849 1785 2919 jubet.

216 2932 571 3001 Stupentibus
613 2933 709 3003 qui
757 2933 1073 3003 episcopum
1122 2936 1479 3005 abduxerant,
1517 2941 1648 3010 quid
1684 2942 1791 3000 hoc

214 3022 296 3077 rei
329 3030 495 3091 esset,
524 3031 575 3078 et
619 3031 745 3094 post
796 3024 980 3081 irritas
1015 3023 1461 3086 ratiocinationes
1515 3032 1585 3087 ad
1639 3049 1792 3094 arma

214 3116 690 3183 concurrentibus,
739 3115 895 3186 jubet
936 3126 1015 3184 ut,
1069 3118 1116 3173 si
1174 3118 1299 3175 vita:
1356 3137 1421 3176 ac
1467 3124 1629 3180 saluti
1682 3144 1797 3184 suae

215 3208 529 3263 consultum
572 3208 768 3276 velint,
823 3208 994 3279 quieti
1051 3218 1327 3279 maneant,
1371 3229 1522 3269 arma
1568 3227 1794 3287 ponant,

218 3315 383 3356 naves
408 3301 614 3371 pacatis
636 3299 726 3332 ¹⁸⁰¹
747 3300 949 3357 animis
973 3310 1252 3373 repetant;
1284 3313 1497 3375 gratum
1536 3307 1797 3367 habentes

219 3394 364 3462 quod
414 3394 694 3450 commissi
724 3394 779 3449 in
809 3403 1021 3468 tantum
1047 3397 1360 3467 pontificem
1387 3400 1588 3475 piaculi
1607 3417 1798 3473 poenas

220 3501 331 3540 non
354 3487 639 3557 exigantur
665 3486 791 3553 um;
857 3487 903 3541 si
945 3488 1127 3543 verbis
1166 3488 1443 3558 inanibus,
1475 3492 1523 3547 si
1557 3496 1798 3552 motibus

221 3577 597 3647 incompositis
645 3580 914 3635 lacessere
946 3587 1206 3652 pergant,
1235 3580 1394 3638 facile
1432 3583 1639 3655 gladios
1665 3603 1795 3657 pro-

219 3668 437 3745 caeitati
482 3670 704 3725 modum
768 3669 1047 3739 facturos;
1102 3671 1419 3743 episcopum
1473 3675 1797 3748 episcopalis

166 3803 185 3825 ι
220 3759 510 3815 ministerii
568 3761 755 3817 munia
809 3763 1050 3818 ecclesia:
1098 3761 1537 3822 Halberstadensi
1568 3769 1677 3837 ‘9“,
1709 3773 1798 3827 cui

221 3851 505 3907 ordinatus
531 3852 603 3907 sit
621 3853 929 3924 episcopus,
952 3855 1154 3910 rectius
1174 3866 1433 3926 praestare
1452 3876 1617 3930 quam
1642 3863 1793 3933 ipsis.

222 3941 324 4011 Illi,
349 3959 476 3998 cum
503 3960 733 4000 numero
756 3954 811 3999 et
850 3945 1050 4001 virtute
1072 3947 1308 4018 impares
1343 3959 1546 4019 essent,
1573 3962 1802 4013 temera-

222 4034 366 4089 rium
395 4036 643 4091 arbitrati
670 4052 785 4092 rem
813 4038 1094 4092 certamini
1126 4041 1485 4109 comm‘ttere,
1509 4045 1650 4101 tristi
1672 4063 1800 4103 con-

221 4124 473 4197 fectoque
492 4128 675 4183 animo
690 4128 766 4185 ad
786 4145 951 4186 naves
975 4130 1274 4185 redierunt.
1295 4123 1598 4206 Episcopus
1622 4139 1678 4192 in
1703 4140 1796 4173 ⁸⁸⁸⁸

221 4218 508 4275 castellum
544 4219 690 4289 quod
720 4219 853 4275 haut
875 4222 1035 4292 longe
1063 4223 1251 4277 aberat
1277 4227 1565 4281 concessit.
1611 4227 1797 4298 Ibique

1890 363 2143 419 hostibus
2164 364 2343 417 virum
2398 363 2453 416 in
2479 376 2589 432 quo
2622 362 2799 419 tocius
2827 360 3079 419 Saxonici
3107 352 3230 419 belli
3252 381 3466 423 summa
3489 432 3493 436 _

1888 464 1945 511 et
1968 455 2134 511 cardo
2164 462 2485 509 verteretur.
2506 450 2615 508 Nec
2647 452 2897 508 dubitare
2936 450 3148 526 peterat
3182 448 3467 528 paululum

1883 547 1998 616 jam
2025 547 2234 617 SOpitos
2280 545 2433 617 ignes
2473 540 2727 600 Saxonici
2785 544 2988 603 furoris
3042 544 3148 602 hoc
3188 540 3469 605 inccntore

1889 639 2016 693 ilico
2040 637 2387 694 suscitandos
2408 646 2463 692 et
2482 629 2792 707 propediem
2819 634 2871 690 in
2902 631 3231 695 immcnSum
3269 640 3469 697 confla-

1889 740 2163 803 graturos,
2190 734 2367 799 atque
2399 743 2464 783 eo
2494 727 2745 784 infestius
2769 728 2821 782 id
2845 722 3118 795 acturum,
3141 722 3253 802 qua
3277 746 3336 786 se
3357 748 3468 788 mc—

1888 823 2139 878 minisset
2164 830 2289 890 post
2315 821 2651 876 dedicioncm
2702 813 2905 876 nullam
2960 816 3015 876 in
3056 839 3181 894 rege
3224 814 3465 901 clemen-

1888 913 2043 980 tiam,
2072 913 2277 967 nullam
2318 923 2601 982 expertum
2645 910 2812 967 fuisse
2840 908 3254 969 humanitatem.
3294 910 3463 988 Verc-

1889 1006 2050 1059 hatur
2084 1012 2344 1074 praeterea
2388 1020 2455 1059 ne
2483 1002 2649 1058 simili
2678 1002 2841 1058 modo
2870 1003 3033 1059 ceteri
3055 1020 3274 1076 quoque
3293 1008 3471 1064 elabe-

1889 1104 2079 1152 rentur
2109 1096 2366 1160 dediticii,
2393 1103 2448 1151 et
2470 1095 2572 1150 sibi
2601 1102 2714 1150 tam
2762 1092 2987 1165 insignis
3036 1097 3298 1169 victoriae,
3353 1111 3465 1159 tam

1889 1203 2134 1259 operosae
2162 1188 2256 1220 ¹⁸⁰⁸
2292 1187 2593 1243 dedicionis
2628 1185 2839 1241 fructus
2878 1187 3169 1259 deperiret,
3197 1192 3467 1251 assecutis

1888 1280 2584 1337 eisseinvitolibertatem.
2619 1275 2812 1333 Omnia
2852 1272 3221 1336 consideranti
3262 1277 3468 1354 placuit

1891 1372 2107 1427 tandem
2136 1371 2241 1426 alia
2267 1370 2522 1441 deinceps
2547 1369 2786 1440 grassari
2816 1368 2935 1435 via;
2966 1379 3018 1424 et
3049 1369 3312 1442 Saxones,
3327 1391 3468 1447 quos

1889 1465 2133 1519 extranei
2166 1464 2368 1518 totiens
2421 1470 2711 1532 temptatos
2754 1476 2863 1515 non
2907 1461 3170 1532 vicerant,
3195 1466 3310 1523 suis
3350 1466 3467 1538 jam

1891 1556 2080 1621 armis,
2100 1555 2220 1610 suis
2246 1562 2402 1624 parat
2419 1567 2732 1624 expugnare
2759 1552 3000 1619 viribus;
3058 1556 3285 1625 sapienti
3322 1552 3471 1616 certe

1890 1663 2026 1703 usus
2053 1648 2144 1683 ¹⁸⁰⁹
2175 1647 2427 1712 consilio,
2459 1645 2716 1716 quoniam
2781 1653 2994 1700 constet
3032 1661 3192 1701 omne
3241 1660 3469 1721 regnum

1889 1739 2037 1793 nulla
2088 1739 2174 1805 vi,
2224 1739 2373 1793 nulla
2414 1738 2565 1792 clade
2609 1737 2771 1792 citius
2817 1752 2980 1807 quam
3038 1736 3335 1796 domestica
3381 1750 3468 1797 at-

1887 1822 1995 1900 que
2024 1830 2283 1885 intestina
2339 1830 2615 1885 simultate
2652 1827 2977 1884 labefactum
3022 1844 3297 1887 corruere.
3337 1830 3469 1905 Epi-

1889 1939 2115 1994 scopum
2157 1908 2739 1992 Magadaburgcnscm,
2781 1920 3101 1990 episcopum
3156 1921 3469 1980 Mersebur-

1888 2031 2110 2086 gensem
2145 2056 2160 2081 ,
2215 2013 2530 2083 episcopum
2595 2011 2955 2068 Misenensem
2981 2054 2997 2079 ,
3055 2002 3311 2081 Magnum
3363 2016 3470 2071 (lu-

1888 2124 2047 2175 cem,
2098 2106 2435 2161 Fridericum
2500 2102 2800 2175 palatinum
2858 2104 3151 2173 comitem,
3211 2115 3471 2177 praeterea

1889 2216 2080 2258 omnes
2117 2197 2366 2253 Saxonize
2389 2204 2444 2251 et
2482 2195 2795 2266 Thuringiae
2830 2194 3131 2267 principes,
3161 2198 3256 2268 qui
3294 2199 3474 2255 adhuc

1890 2294 1945 2349 in
1966 2292 2249 2348 dedicione
2275 2289 2622 2355 tenebantur,
2654 2288 2722 2342 ab
2747 2287 2910 2342 exilio
2944 2290 3189 2345 revocari
3213 2291 3391 2361 jubet,
3419 2302 3475 2348 et

1890 2385 2185 2441 clementer
2234 2381 2514 2438 accersitis
2564 2381 2642 2435 ait
2684 2396 2773 2446 se,
2834 2395 2958 2435 cum
2996 2380 3152 2450 juxta
3206 2383 3472 2463 palatinas

1852 2550 1857 2555 ι
1891 2477 2037 2549 leges
2056 2484 2302 2532 extremo
2329 2475 2384 2529 in
2406 2489 2503 2529 eos
2531 2472 2801 2544 supplicio
2816 2473 3247 2530 animadvertere
3274 2478 3470 2547 possit,

1890 2576 1944 2621 et
1970 2568 2075 2623 hoc
2095 2567 2219 2637 jure
2242 2566 2408 2621 faciat
2435 2565 2694 2637 gravibus
2718 2580 2863 2636 saepe
2890 2565 2960 2619 ab
3003 2565 3085 2621 eis
3126 2570 3474 2627 contumeliis

1891 2659 2177 2714 lacessitus
2205 2674 2218 2711 :
2247 2666 2431 2713 tamen
2462 2672 2759 2712 memorem
2795 2657 3010 2727 generis
3034 2673 3247 2728 eorum,
3270 2677 3477 2719 memo-

1892 2766 2007 2804 rem
2047 2750 2268 2804 virtutis
2289 2765 2413 2820 qua:
2439 2750 2518 2805 rei
2539 2748 2770 2819 publica:
2797 2755 2853 2802 et
2897 2749 3094 2803 honori
3132 2766 3254 2807 esse
3273 2755 3470 2823 possit,

1890 2850 1945 2897 ct
1966 2841 2326 2907 munimento,
2340 2849 2451 2897 tam
2478 2841 2678 2896 atrocis
2694 2839 2821 2894 facti
2836 2839 3213 2909 veniamdare,
3228 2851 3304 2912 et,
3323 2848 3472 2915 quod

1895 2920 2128 3003 amplius
2156 2933 2250 2999 sit,
2272 2947 2383 2988 non
2410 2932 2558 2987 aliud
2590 2932 2659 2986 ah
2680 2931 2760 2987 eis
2796 2934 3045 3001 quaerere
3088 2935 3476 3006 redemptionis

1898 3040 2012 3080 suae
2029 3023 2295 3095 precium,
2321 3040 2485 3094 quam
2509 3032 2569 3078 ut
2591 3023 2696 3078 sibi
2717 3023 2974 3092 deinceps
3008 3023 3060 3078 in
3093 3025 3272 3082 dubiis
3312 3029 3477 3084 rebus

1898 3117 2084 3171 fideles
2139 3130 2204 3170 ac
2250 3116 2431 3171 devoti
2488 3121 2746 3170 maneant
2791 3116 3165 3186 auxiliumque
3217 3129 3477 3188 praestent

1897 3208 1965 3263 ad
2011 3207 2449 3276 componendum
2492 3207 2642 3277 regni
2693 3213 2896 3261 statum
2951 3216 3005 3262 et
3048 3213 3477 3279 compescendos

1900 3300 2148 3355 homines
2199 3297 2491 3363 factiosos,
2537 3312 2634 3353 eos
2688 3294 3035 3367 potissimum
3098 3300 3195 3369 qui
3258 3310 3473 3373 gentem

1900 3391 2228 3447 Saxonicam
2293 3389 2597 3460 simplicem
2659 3398 2713 3444 ct
2777 3390 3045 3444 malarum
3110 3391 3311 3448 artium
3373 3410 3473 3450 ne-

1898 3482 2070 3540 sciam
2117 3482 2209 3515 ¹⁸¹ο
2272 3482 2546 3537 intestinis
2607 3481 2828 3536 cottidie
2883 3481 3318 3541 dissensionibus
3386 3487 3473 3542 in-

1892 3577 2170 3648 quietem;
2220 3573 2268 3629 si
2313 3574 2367 3630 id
2419 3573 2623 3629 faciant
2669 3588 2768 3628 nec
2824 3574 2933 3628 ulla
2974 3559 3221 3645 ut‘prius
3259 3577 3477 3636 levitate

1898 3670 2056 3725 (idem
2081 3673 2409 3738 permutant,
2427 3682 2485 3721 se
2504 3665 2592 3697 ‘3“
2613 3665 2820 3735 primos
2842 3658 2895 3720 in
2919 3666 3110 3721 amicis
3136 3668 3472 3739 habiturum,

1897 3772 1972 3829 et,
2001 3775 2128 3816 cum
2170 3773 2229 3815 se
2249 3758 2595 3829 oportunitas
2637 3757 2958 3826 praebuerit,
2985 3758 3285 3829 beneflciis,
3310 3770 3476 3833 prout

1898 3857 2106 3928 regiam
2152 3850 2581 3933 munificentiam
2626 3847 2847 3917 deccat,
2902 3849 3320 3909 honoratorum.
3369 3852 3473 3922 Illi,

1897 3950 2003 4006 etsi
2030 3959 2158 4004 eum
2188 3943 2408 4001 hzec‘m
2445 3942 2572 3997 ﬁcta
2615 3942 2767 4012 loqui
2798 3942 3022 4010 scirent,
3055 3950 3111 3998 et
3153 3944 3478 4003 necessitate

1897 4041 2074 4113 magis
2138 4052 2304 4109 quam
2361 4034 2559 4106 pietate
2629 4032 2927 4103 genuinum
2997 4035 3166 4090 animi
3237 4037 3473 4109 rigorem

1899 4136 2137 4198 laxasse,
2173 4138 2358 4185 tamen
2392 4125 2734 4195 impunitatis
2759 4124 2946 4180 amere
2982 4126 3211 4182 libenter
3231 4130 3475 4199 amplex-

1899 4234 2064 4282 antur
2094 4221 2296 4285 oblata,
2321 4216 2650 4288 promittunt
2674 4215 2936 4285 quicquid
2964 4215 3140 4285 jubet,
3203 4220 3472 4288 promissa

221 4309 412 4380 paucis
435 4309 627 4367 diebus
646 4319 1038 4380 commoratus,
1052 4314 1225 4371 donec
1249 4318 1534 4386 absumpta
1560 4319 1798 4376 novitate
1829 4341 1874 4396 ι)
1898 4316 2128 4389 repetito
2150 4311 2351 4381 smpius
2373 4315 2717 4366 sacramento
2732 4309 3079 4375 roborant,et
3093 4318 3314 4380 accepto
3332 4327 3478 4368 com-

223 4402 404 4457 studia
433 4403 885 4473 conquiescerent
917 4405 1184 4475 omnium,
1219 4409 1264 4463 si
1306 4408 1401 4478 qui
1433 4408 1525 4440 ⁸⁸⁸⁸
1552 4407 1694 4464 forte
1719 4427 1800 4466 re-
1898 4417 2104 4474 meatu,
2144 4405 2201 4459 in
2248 4418 2350 4459 sua
2415 4399 2616 4471 singuli
2674 4414 2802 4454 cum
2865 4399 3066 4470 gaudio
3101 4410 3470 4461 revertuntur.

222 4492 408 4549 dituro
452 4492 854 4550 insidiabantur
891 4514 904 4551 :
947 4497 1161 4553 tandem
1199 4508 1481 4569 assumpto
1526 4500 1666 4557 laico
1707 4503 1800 4557 ha-
1901 4498 2067 4575 (Ιιιι.)

221 4583 360 4653 bitu,
386 4598 496 4656 quo
524 4583 734 4641 falleret
762 4596 1136 4654 occursantes,
1168 4589 1221 4644 in
1252 4589 1543 4645 Saxoniam
1581 4600 1802 4647 conten-
1970 4589 2108 4657 Rex,
2141 4593 2202 4642 ut
2227 4599 2390 4655 supra
2417 4581 2623 4638 dictum
2657 4591 2761 4652 est,
2786 4586 3154 4643 commonitus
3183 4587 3252 4643 ab
3282 4585 3487 4650 Ottone

190 4744 193 4745 ν
223 4677 323 4744 dit,
353 4686 409 4732 et
438 4677 852 4747 desperantibus
885 4678 997 4748 jam
1041 4680 1273 4736 reditum
1326 4681 1445 4752 ejus
1493 4681 1800 4740 Saxonibus
1903 4686 2042 4741 duce
2076 4676 2353 4752 quondam
2377 4675 2643 4744 Bajoariae
2674 4684 2734 4731 ut
2759 4678 2990 4736 turbatis
3041 4681 3207 4736 rebus
3228 4680 3284 4734 in
3301 4680 3492 4742 Saxo-

223 4775 466 4839 repente,
499 4776 783 4839 tamquam
810 4770 880 4825 ab
907 4769 1095 4827 inferis
1119 4772 1276 4828 vivus
1309 4787 1609 4845 emergens,
1637 4775 1799 4830 resti-
1903 4777 1994 4833 nia
2060 4780 2276 4829 mature
2330 4769 2676 4835 consuleret.
2726 4769 3080 4828 mandaverat
3138 4772 3191 4826 ei
3242 4778 3306 4826 ut
3377 4777 3512 4843 sibi

224 4866 378 4915 tutus
396 4868 496 4915 est.
1903 4875 2054 4926 certa
2088 4865 2177 4921 die
2214 4861 2271 4916 in
2297 4858 2519 4916 Salefelt
2551 4869 2883 4926 occurreret,
2913 4872 3208 4931 quatenus,
3231 4874 3338 4915 con
3355 4878 3531 4931 mu-

293 4949 429 5019 Rex,
463 4950 555 5005 ubi
590 4960 753 5022 gestae
791 4952 869 5009 rei
907 4953 1166 5008 nuncium
1219 4954 1444 5025 accepit,
1487 4957 1723 5029 graviter
1747 4966 1802 5013 et
1902 4962 2046 5017 niter
2060 4956 2247 5014 habita
2282 4952 2645 5020 discussione,
2671 4954 2802 5022 quid
2830 4951 2975 5007 facto
2996 4969 3135 5025 opus
3162 4958 3310 5005 esset
3360 4951 3555 5030 ler‘-

225 5038 414 5114 iniquo
435 5041 602 5097 nimis
646 5046 831 5100 animo
856 5042 1061 5098 ferebat
1088 5053 1266 5102 tantos
1292 5055 1523 5105 conatus
1553 5048 1641 5080 ¹⁸⁰⁷
1670 5063 1800 5106 suos
1903 5055 2177 5111 berarent.
2206 5044 2563 5100 Postmodum
2590 5059 2722 5101 vero
2743 5044 2916 5099 fretus
2941 5044 3029 5102 his
3042 5057 3185 5117 quos
3205 5040 3565 5122 dediciotIc

224 5130 286 5190 in
311 5132 525 5191 irritum
551 5136 802 5206 cessisse,
832 5144 1157 5206 praereptam
1187 5138 1289 5193 sibi
1336 5145 1615 5197 tantarum
1662 5154 1798 5195 con-
1903 5145 2237 5206 absolverat,
2284 5135 2432 5209 quod
2458 5152 2651 5194 eorum
2684 5136 2888 5193 auxilio
2922 5135 2981 5190 in
3009 5136 3281 5200 Saxones,
3305 5137 3424 5206 Qui
3485 5171 3574 5219 se

1525 5292 1754 5353 vanum
1789 5286 2201 5358 an‘ﬁONES.
