4050 5358
590 351 729 437 ηεδ

1758 324 2105 404 ιλιιθέκῇ
2134 320 2698 403 ιιΕιιειτΕωεΝεις

3732 326 3883 396 test

584 432 861 529 lzeserant,
884 424 1021 517 iram
1047 475 1203 516 suam
1224 426 1416 515 idonee
1441 438 1628 515 ulcisci
1652 467 1860 530 posset,
1875 460 2165 515 consilium
2196 465 2239 522 Α
2267 460 2694 526 consultoribus,
2714 458 2991 530 principes
3014 431 3169 530 regni
3191 465 3337 514 recta
3359 454 3663 514 suadmtes
3694 457 3879 527 pluri-

585 555 838 623 mutavit,
868 562 923 608 et
969 560 1171 607 statuta
1214 552 1303 607 die
1349 552 1583 607 nuncios
1631 567 1730 621 pro
1766 566 1826 607 se
1861 551 1917 605 in
1950 548 2170 606 salefelt

585 638 714 705 duci
758 646 850 680 ’⁸⁸³
874 643 1060 700 Ottoni
1089 643 1259 711 misit,
1282 642 1377 714 qui
1401 644 1451 699 ei
1474 643 1720 698 dicerent
1752 650 1814 697 ut
1832 683 1846 709 ,
1875 641 2172 698 contractis

584 740 1044 810 quantiscumque
1082 734 1172 768 "‘“
1204 743 1393 806 posset
1436 735 1643 806 copiis,
1688 733 1793 790 sibi
1850 733 1905 788 in
1948 734 2169 788 marcha

583 827 870 885 Misinensi
907 835 1290 894 concurreret;
1331 842 1389 882 se
1434 843 1532 897 per
1568 825 2054 916 Boemiam.ducto
2077 823 2172 864 ’³⁸⁸

580 922 827 977 exercitu
871 920 1252 985 adventurum,
1291 926 1346 974 et
1384 917 1512 974 tiliis
1539 917 1773 974 Geronis
1804 918 2043 983 comitis,
2075 916 2170 988 qui

580 1013 890 1084 imperitam
938 1012 1342 1068 multitudinem
1387 1012 1529 1065 male
1578 1009 1861 1081 auspicato
1908 1011 1976 1065 ad
2016 1026 2169 1064 arma

579 1092 970 1170 concitassent,
1009 1103 1057 1160 si
1100 1102 1245 1158 Deus
1273 1106 1400 1158 veta
1430 1109 1800 1173 prosperaret,
1827 1101 2167 1157 redditurum

580 1197 1128 1267 q’uod‘mererentur.
1166 1194 1514 1265 Principibus
1554 1208 1775 1264 quoque
1824 1191 2078 1247 Saxoniae
2118 1201 2173 1247 et

581 1285 927 1359 Thuringiae,
966 1302 1108 1359 quos
1161 1286 1351 1361 patriae
1396 1301 1570 1356 nuper
1619 1285 1923 1351 remiserat,
1979 1284 2170 1339 eadem

579 1381 835 1447 mandat,
880 1380 1178 1434 obsecrans
1224 1384 1319 1444 ut,
1364 1378 1618 1449 praestitis
1659 1376 1763 1431 sibi
1819 1375 2170 1447 indulgentiae

579 1472 812 1543 gratiam
846 1470 1166 1536 referentes,
1191 1454 1417 1526 cunctos
1454 1485 1596 1541 quos
1618 1470 1838 1523 valeant
1867 1469 1937 1523 ab
1987 1469 2167 1524 homi-

580 1577 713 1619 num
749 1562 1085 1632 perditorum
1116 1563 1380 1617 societate
1420 1562 1800 1627 dehortentur,
1858 1568 1914 1615 et
1955 1560 2058 1631 ipsi
2100 1562 2169 1617 ad

579 1650 1047 1723 ferenda‘publicis
1073 1653 1314 1724 negociis
1336 1652 1537 1707 auxilia
1558 1653 1841 1723 designato
1865 1652 1953 1706 die
1972 1660 2026 1707 et
2045 1652 2167 1708 loco

581 1745 778 1799 armati
792 1744 1155 1814 instructique
1176 1753 1375 1815 przesto
1398 1744 1588 1798 assint;
1606 1742 1745 1812 lpse,
1760 1751 1820 1796 ut
1836 1744 2164 1810 instituerat,

579 1832 945 1907 paucissimos
991 1851 1178 1891 secum
1224 1851 1515 1891 assumens
1559 1834 1846 1890 Teutonici
1892 1836 2163 1892 exercitus
2200 1811 2242 1865 Β

578 1927 801 1994 milites,
819 1928 1014 1983 ceteris
1038 1926 1264 1981 omnino
1291 1927 1423 1997 quid
1449 1926 1738 1981 moliretur
1760 1926 2161 1998 ignorantibus,

578 2018 634 2072 in
670 2017 949 2075 Boemiam
994 2019 1302 2085 contendit;
1336 2018 1519 2089 ibique
1544 2018 1737 2088 juncto
1787 2018 1891 2074 sibi
1910 2018 2057 2075 duce
2098 2032 2165 2076 ac

577 2111 753 2166 milite
776 2109 1048 2177 Boemico,
1075 2093 1298 2181 repente
1324 2110 1447 2181 plus
1467 2124 1632 2181 quam
1655 2118 1808 2165 tanto
1830 2111 1980 2181 operi
2009 2127 2166 2184 expe-

573 2201 736 2271 diret,
767 2202 937 2258 ﬁdens
964 2203 1151 2258 nescio
1180 2218 1251 2257 an
1288 2202 1588 2273 negligens,
1618 2203 1673 2256 in
1705 2202 1984 2257 marcbam
2012 2202 2163 2260 Misi-

574 2302 797 2351 nenSem
836 2311 895 2352 se
934 2294 1166 2362 infudit;
1197 2295 1451 2349 videlicet
1483 2310 1623 2348 vana
1655 2309 1761 2373 spe!
1781 2294 1990 2360 elusus,
2015 2294 2162 2365 quod

571 2387 730 2442 ducis
746 2386 960 2443 Ottonis
983 2386 1254 2442 industria
1288 2395 1342 2441 et
1372 2393 1680 2440 ceterorum
1722 2400 1864 2456 quos
1896 2386 2161 2443 beneflcio

571 2494 676 2535 suo
691 2480 972 2535 devinctos
989 2479 1094 2535 sibi
1110 2477 1467 2549 gloriabatur,
1487 2490 1707 2531 omnem
1736 2478 1901 2533 rebus
1922 2493 2157 2546 moram,

570 2584 791 2627 omnem
812 2558 1153 2627 conficiendo
1186 2569 1414 2641 negoeio
1443 2568 1823 2624 difficultatem
1837 2570 2159 2641 ademptura

574 2655 667 2695 ““
682 2661 842 2717 foret.
870 2662 975 2718 Sed
993 2662 1101 2718 dux
1127 2659 1275 2729 Otto,
1301 2661 1484 2717 sciens
1506 2662 1650 2732 genti
1680 2659 1960 2717 Saxonum
1979 2662 2160 2732 justas

569 2769 692 2811 esse
716 2771 915 2811 causas
955 2754 1289 2819 rebellionis,
1321 2753 1373 2808 id
1398 2754 1576 2808 multo
1592 2753 1707 2823 jam
1744 2761 1990 2823 tempore
2013 2756 2159 2825 apud

571 2858 752 2917 regem
810 2840 1017 2903 crebris
1046 2845 1410 2918 legationibus
1451 2854 1636 2915 egerat
1668 2852 1729 2899 ut
1753 2845 1880 2899 belli
1918 2844 2159 2903 semina-

573 2940 715 2994 rium
743 2939 1060 3009 irarumque
1086 2952 1283 2992 causas
1306 2943 1604 3001 amoveret,
1631 2936 1780 3007 leges
1805 2952 1869 2991 ae
1898 2936 2025 3007 jura
2059 2954 2160 2995 sua

572 3026 884 3085 Saxonibus
929 3039 1048 3083 rata
1099 3042 1323 3083 manere
1373 3028 1609 3093 sineret,
1659 3028 1916 3098 xequitate
1962 3030 2158 3100 pocius

570 3136 740 3191 quam
785 3121 955 3197 armis
993 3121 1391 3174 tumultuantes
1429 3128 1832 3190 compesceret,
1876 3130 1932 3177 et
1973 3129 2160 3180 tantos

573 3211 810 3277 labores,
834 3218 1070 3277 tantum,
1094 3211 1188 3282 qui
1212 3211 1396 3282 proelio
1419 3210 1729 3267 fundendus
1754 3220 1918 3280 esset,
1940 3216 2163 3286 sangui-

575 3316 697 3356 nem
746 3301 1014 3368 lucratus,
1067 3304 1186 3357 sine
1218 3302 1539 3359 difficultate
1585 3304 1639 3358 in
1672 3313 1993 3375 perpetuum
2022 3323 2164 3378 opu-

572 3393 890 3450 lentissimae
935 3396 1112 3466 gentis
1157 3395 1381 3451 servitio
1416 3395 1724 3465 frueretur;
1754 3399 1897 3454 hanc
1926 3402 2072 3472 regis
2101 3410 2166 3456 ac

573 3488 666 3526 ³⁸⁸⁷
699 3487 902 3545 tiranni
925 3502 1049 3543 esse
1093 3487 1430 3555 distantiam,
1454 3489 1600 3559 quod
1638 3489 1727 3545 hic
1760 3490 1813 3545 vi
1840 3499 2006 3562 atque
2033 3508 2163 3547 cru-

570 3579 790 3639 delitate
820 3580 1187 3636 obedientiam
1217 3587 1540 3651 extorqueat
1560 3580 1654 3614 ¹⁸¹⁸
1702 3582 1773 3637 ab
1807 3582 2028 3651 invitis,
2074 3584 2165 3639 ille

570 3674 785 3746 legibus
815 3689 881 3729 ac
918 3689 1072 3727 more
1093 3672 1367 3743 majorum
1398 3674 1714 3729 moderetur
1742 3676 2003 3745 subjectis
2025 3690 2165 3745 prae-

571 3766 848 3836 cipiatque
917 3762 1187 3819 facienda.
1241 3763 1443 3819 Verum
1482 3765 1575 3819 ille
1622 3765 1789 3820 homo
1829 3767 1882 3820 in
1932 3766 2164 3838 imperio

571 3865 738 3913 natus
761 3863 817 3910 et
850 3856 1111 3920 nutritus,
1138 3863 1200 3909 ut
1222 3862 1406 3910 tantos
1433 3857 1662 3922 natales,
1692 3865 1875 3913 tantos
1896 3858 2167 3929 prosapiae

572 3942 753 4003 fasces
774 3961 838 4001 ac
859 3946 1049 4001 titulos
1069 3946 1317 4012 decebat,
1351 3946 1562 4017 regium
1587 3947 1642 4001 in
1668 3949 1925 4005 omnibus
1951 3966 2167 4022 semper

572 4036 822 4094 adversis
838 4037 1082 4091 animum
1112 4036 1353 4107 gerebat,
1374 4038 1516 4091 mori
1539 4054 1704 4108 quam
1727 4038 1872 4096 vinci
1907 4041 2161 4097 malebat.

573 4125 924 4201 lnexpiabilis
972 4127 1285 4199 ignominiae
1320 4129 1592 4185 maculam
1640 4131 1900 4201 putabat,
1944 4132 2167 4204 impune

575 4219 835 4291 injuriam
884 4219 1180 4291 accepisse,
1237 4227 1292 4275 et
1332 4229 1554 4276 econtra
1601 4236 1879 4279 summum
1914 4225 2092 4281 decus
2113 4235 2168 4283 et

574 4313 700 4368 vita:
724 4312 905 4383 precio
925 4312 1016 4344 ¹”⁹
1040 4313 1469 4382 comparandum
1494 4314 1818 4382 mstimabat,
1860 4311 1997 4373 nihil
2020 4318 2168 4388 quod

578 4420 737 4460 secus
766 4404 1057 4460 accidisset
1092 4405 1325 4461 inultum
1373 4406 1697 4477 praeterisse.
1736 4409 1817 4462 Ad
1850 4410 1955 4464 hoc
1984 4411 2167 4464 homi—

577 4511 677 4550 nes
720 4496 823 4551 sibi
861 4498 1147 4564 asciverat,
1178 4497 1366 4552 talium
1406 4514 1589 4553 rerum
1614 4497 1869 4565 artifices,
1907 4501 2167 4556 mediocri

579 4587 799 4657 quidem
836 4587 958 4641 loco
990 4596 1146 4644 natos
1191 4590 1282 4643 sed
1318 4588 1549 4644 consilio
1574 4604 1638 4645 ac
1675 4606 1841 4645 manu
1876 4592 2169 4662 promptis-.

580 4677 772 4751 simus,
797 4677 913 4748 qui,
946 4678 1263 4733 secundum“
1287 4679 1434 4751 quod
1472 4680 1735 4750 propheta
1785 4682 1949 4747 dicit,
1972 4683 2167 4754 loque-

580 4766 784 4822 bantur
824 4768 874 4823 ei
921 4768 1187 4839 placentia
1230 4779 1285 4825 et
1321 4771 1639 4826 divinabant
1666 4771 1715 4826 ci
1739 4789 1955 4828 errores
1994 4773 2165 4845 (lsai.

580 4873 715 4925 xxx,
748 4857 867 4929 l0),
915 4868 970 4914 et
1002 4869 1267 4932 :egrotum
1332 4862 1577 4916 animum
1614 4869 1668 4915 et
1697 4878 1793 4933 per
1844 4880 1904 4919 se
1945 4864 2165 4921 amnem

581 4944 880 5006 iracundia:
906 4967 969 5005 ae
1004 4944 1291 5006 temeritati
1320 4953 1727 5009 adulationibus
1744 4954 1834 4987 ¹⁶¹⁰
1858 4954 1996 5021 suis,
2024 4965 2167 5013 tam-

2271 564 2421 607 mum
2443 552 2814 618 aversabatur,
2849 566 2952 606 nec
2975 563 3073 606 eos
3095 550 3163 606 ad
3195 550 3491 606 consilium
3521 562 3747 615 suum,»
3763 550 3878 604 nisi

2268 640 2411 698 forte
2431 641 2827 714 inexplicabilis
2841 642 2932 677 ιω
2963 640 3263 698 necessitas
3300 641 3613 707 incidisset,
3657 640 3877 697 am-

2271 733 2450 801 tebat;
2491 735 2625 806 quin
2680 734 2863 789 immo.
2899 732 3280 790 auctoritatem
3324 742 3520 790 eorum
3537 732 3657 797 ,κεί
3707 732 3875 802 eqvi:

2270 824 2442 892 fleret,
2473 825 2704 896 opprimi
2728 841 2793 881 ac
2827 825 3043 896 penitus
3058 825 3361 880 oblitterati
3386 825 3679 896 cupiebat,
3700 830 3785 880 ut
3814 826 3876 877 in

2269 924 2432 972 umne
2467 918 2614 988 quod
2658 918 2875 973 animus
2909 918 3272 990 suggessisset
3298 916 3567 973 effrenata
3608 917 3877 973 libertate

2269 1000 2545 1077 grassanti
2597 1010 2780 1065 nullus
2845 1011 3166 1077 obsisteret,
3218 1008 3383 1064 nemo
3436 1006 3871 1079 oblbqueretur.

2270 1100 2439 1170 igitur
2460 1100 2570 1155 dux
2612 1100 2761 1169 Otto,
2784 1103 3140 1158 vehementer
3168 1099 3435 1158 efferatus
3463 1100 3621 1171 quod
3664 1108 3875 1155 conus

2269 1192 2559 1247 consilium
2590 1208 2753 1249 suum
2791 1208 2886 1248 rex
2924 1191 3220 1249 Saxoniam
3263 1193 3406 1248 bello
3450 1207 3658 1252 rursus
3692 1192 3876 1262 illi)»

2269 1293 2424 1350 teret,
2448 1285 2525 1339 ait
2544 1285 2611 1340 ad
2635 1283 2915 1355 Epponem
2940 1284 3269 1340 Citieensem
3291 1284 3641 1355 episcopum;
3662 1283 3778 1355 qui
3798 1284 3872 1345 eis

2269 1384 2331 1431 ut
2347 1376 2553 1432 dictum
2586 1384 2703 1442 est,
2747 1376 2803 1431 in
2867 1374 3091 1431 Salefelt
3135 1375 3360 1431 functus
3405 1376 3875 1447 legationemgis

2269 1475 2609 1535 occurrerat,
2655 1484 2716 1524 se
2758 1468 2873 1540 regi
2916 1469 3063 1538 quod
3103 1468 3301 1524 honori
3330 1467 3477 1538 ejus,
3507 1468 3666 1538 quod
3714 1482 3877 1523 com-

2268 1559 2432 1615 modo
2461 1560 2552 1594 ¹⁸³¹
2589 1560 2669 1616 rei
2694 1560 2923 1631 publica:
2945 1567 3312 1631 competeret,
3338 1561 3724 1632 suggessisse;
3748 1560 3871 1623 sed,

2268 1650 2527 1720 quoniam
2565 1651 2688 1721 plus
2717 1652 2858 1722 apud
2882 1667 3011 1708 eum
3039 1651 3164 1707 fidei
3197 1653 3270 1707 sit
3284 1652 3501 1722 .ineptis
3536 1659 3872 1708 assecutus

2270 1743 2424 1799 ribus
2474 1758 2640 1813 quam
2673 1743 2799 1810 sibi,
2846 1745 2971 1814 plus
3025 1744 3141 1814 spei
3180 1758 3246 1799 ac
3273 1742 3490 1799 ﬁduciae
3537 1744 3869 1814 ponatur-iit

2266 1835 2438 1890 milite
2459 1833 2716 1906 Boemieo
2739 1851 2905 1907 quam
2934 1836 2989 1891 in
3011 1835 3301 1892 Teutonici
3325 1836 3610 1890 exercitus
3639 1836 3868 1901 robore;

2266 1926 2334 1982 ad
2384 1936 2510 1982 eum
2552 1929 2846 1998 pertinere,
2884 1942 3048 1998 quem
3076 1936 3253 1998 coepta
3279 1929 3491 1983 exitum
3516 1928 3867 1991 sortiantur;

2264 2033 2324 2073 se
2345 2033 2449 2074 nec
2474 2019 2641 2075 rebus
2673 2019 2813 2075 bene
2836 2020 3004 2091 gestis
3030 2020 3281 2091 gloriam;
3306 2035 3429 2086 nec,
3470 2019 3517 2077 si
3542 2020 3711 2075 aliter
3742 2036 3869 2076 ees-

2263 2110 2456 2178 serint,
2498 2111 2855 2181 ignominiam
2877 2112 3225 2179 habiturum;
3259 2119 3530 2183 praeterea
3562 2113 3722 2167 nulla
3750 2113 3867 2182 iam

2262 2202 2591 2259 sacramenti
2612 2244 2626 2271 ,
2670 2219 2783 2274 quo
2800 2204 2851 2259 ei
2877 2204 3038 2260 ﬁdem
3062 2203 3298 2271 dixerit,
3342 2203 3616 2275 religione
3646 2203 3866 2265 teneri,

2261 2309 2387 2349 eum
2418 2304 2568 2351 recta
2614 2304 2668 2350 et
2694 2295 2847 2351 utilia
2890 2296 3129 2352 suadens
3166 2306 3278 2351 non
3326 2296 3611 2361 audiatur,
3638 2296 3871 2365 insuper

2260 2393 2455 2441 contra
2477 2388 2624 2459 leges
2646 2386 2763 2455 Dei,
2795 2396 2988 2445 contra
3029 2389 3196 2443 decus
3224 2388 3464 2459 imperii,
3490 2395 3689 2443 contra
3710 2387 3866 2442 salu-

2262 2483 2371 2532 tem
2393 2479 2593 2535 anima:
2616 2492 2749 2548 suae,
2787 2481 2855 2537 ad
2889 2479 3284 2537 effundendum
3326 2480 3660 2551 sanguinem
3706 2480 3867 2535 ituro;

2261 2577 2473 2624 centem
2499 2571 2685 2642 gentili
2721 2573 2828 2627 ritu
2856 2588 3011 2630 arma
3050 2582 3269 2628 sumere
3288 2571 3594 2643 jubeatur;
3633 2570 3868 2643 pminde

2261 2664 2413 2717 Omni
2435 2664 2680 2733 perjurio
2717 2666 3054 2731 absolutum,
3101 2665 3272 2720 libere
3318 2665 3586 2736 deinceps
3630 2674 3863 2720 causan

2262 2754 2439 2824 gentis
2472 2771 2606 2821 sum,
2629 2772 2751 2827 qua:
2766 2757 2918 2827 justa
2960 2759 3054 2825 sit,
3096 2766 3365 2828 quantum
3387 2758 3573 2813 valeat
3612 2758 3789 2812 armis
3810 2756 3867 2811 et

2261 2846 2461 2917 opibus
2506 2857 2867 2904 asserturum.
2915 2849 3117 2905 Eadem
3174 2849 3633 2920 protestabantur
3696 2849 3865 2903 ceteri

2261 2938 2767 3009 quoqueprincipes
2792 2949 2911 2995 tam
2929 2940 3182 2996 Saxoniaa
3198 2956 3364 3011 quam
3388 2939 3737 3011 Tburingiaa.
3754 2939 3867 3007 Qui

2260 3029 2474 3085 etiamsi
2502 3029 2598 3069 ⁸⁸³³
2664 3032 3022 3102 cupidissime
3077 3033 3313 3099 vellent,
3374 3032 3594 3088 nullum
3652 3032 3865 3104 petenti

2261 3129 2523 3189 praestare
2558 3132 2784 3192 possent
2810 3124 3105 3190 auxilium,
3134 3124 3471 3179 unanimiter
3513 3126 3737 3181 scilicet
3770 3126 3868 3181 de‘

2265 3214 2626 3271 treetantibus
2689 3215 2956 3272 militibus
3018 3232 3211 3272 eorum
3289 3216 3597 3272 infaustam
3670 3226 3867 3273 contra

2264 3306 2498 3376 patriam
2537 3316 2901 3379 parentesque
2921 3307 3014 3342 ¹⁸²δ
3059 3308 3504 3365 suos‘militiam.
3551 3306 3680 3364 Jam
3719 3311 3869 3364 enim

2264 3413 2376 3453 non
2401 3398 2569 3455 dubia
2596 3398 3136 3466 ﬁde,‘vacillantibus
3183 3401 3409 3470 animis,
3448 3409 3515 3456 ut
3552 3401 3721 3473 prius
3741 3416 3867 3456 cum

2266 3490 2361 3524 ⁸⁸³⁸
2393 3490 2536 3546 inter
2576 3506 2728 3562 spem
2753 3502 2812 3547 et
2842 3496 3054 3548 metum
3084 3492 3440 3560 fluctuarent,
3476 3493 3577 3548 sed
3614 3493 3870 3549 unanimi

2264 3584 2567 3651 sententia,
2614 3584 2893 3641 obstinata
2935 3585 3322 3652 contentione,
3362 3585 3436 3641 ab
3484 3585 3869 3643 rebellandum

2262 3674 2750 3745 conspiraverant;
2782 3691 2961 3749 neque
3000 3676 3212 3733 callidis
3237 3679 3558 3749 principum
3599 3680 3869 3735 exhorta-

2261 3765 2508 3822 tionibus
2544 3775 2607 3823 ut
2633 3777 2792 3823 antea
2845 3769 3181 3825 concitatum
3224 3770 3426 3842 vulgus
3450 3771 3521 3826 ad
3552 3778 3713 3827 anna
3740 3786 3869 3844 μοι

2267 3859 2663 3925 siluerant‘“°,
2710 3861 2806 3916 sed
2855 3876 3049 3917 omnes
3091 3861 3259 3917 simul
3296 3863 3704 3933 provinciales,
3763 3877 3868 3917 non

2267 3950 2436 4007 ductu
2470 3952 2827 4023 auspicioque
2859 3953 3190 4024 principum,
3226 3954 3323 4010 sed
3350 3955 3589 4026 privatis
3648 3955 3866 4017 studiis,

2265 4043 2493 4115 privatis
2539 4044 2801 4115 impensis
2835 4045 3039 4100 bellum
3068 4060 3256 4115 gerere
3278 4054 3739 4116 proposuerant;
3770 4047 3868 4101 sibi

2266 4136 2551 4203 dimicare,
2583 4136 2709 4203 sibi,
2743 4137 2790 4192 si
2812 4136 2957 4192 Deus
2980 4137 3371 4203 annueritm',
3402 4138 3631 4193 vincere
3658 4140 3866 4209 parati;

2270 4242 2371 4284 nec
2400 4227 2549 4283 aliud
2580 4244 2610 4283 a
2647 4243 2925 4299 quoquam
2954 4228 3166 4283 militia:
3217 4244 3336 4284 sua:
3361 4230 3711 4301 stipendium
3728 4248 3864 4303 pne-

2270 4324 2570 4387 stolantes,
2617 4337 2781 4391 quam
2814 4321 3113 4391 eonjugum
3164 4320 3592 4394 liberorumque
3643 4339 3868 4379 suorum

2270 4417 2525 4480 salutem,
2553 4421 2716 4482 atque
2749 4422 2811 4467 ut
2838 4429 2867 4467 a
2909 4413 3214 4469 cervicibus
3258 4414 3377 4469 suis
3412 4415 3740 4473 durissima
3764 4432 3870 4472 ser-

2203 4540 2248 4595 D
2270 4507 2460 4561 vitutis
2473 4505 2667 4575 jugum
2689 4512 3025 4559 excuterem.
3052 4502 3206 4574 ipsos
3225 4502 3466 4576 denique
3492 4507 3799 4589 principes.
3830 4509 3871 4564 si

2274 4598 2468 4665 obniti,
2487 4597 2533 4653 si
2549 4596 2959 4652 contrabiseere
2981 4603 3332 4665 temptarent,
3355 4597 3651 4670 dissipatis
3680 4602 3769 4656 vel
3788 4601 3872 4633 ’⁸⁸⁸

2274 4688 2513 4745 incensis
2555 4687 2809 4742 omnibus
2840 4704 2964 4758 quae
2987 4702 3177 4742 eozum
3210 4698 3419 4755 essent,
3459 4692 3663 4762 procul
3684 4694 3872 4765 patriis

2274 4780 2474 4835 finibus
2510 4778 2780 4849 expellere
2806 4779 3175 4834 minabantur.
3192 4780 3278 4835 Ad
3302 4781 3566 4838 ultimum
3599 4799 3667 4839 ea
3696 4793 3871 4841 mente

2276 4887 2389 4927 rem
2420 4871 2712 4941 gerendam
2767 4879 3143 4941 susceperant,
3175 4879 3238 4926 ut
3262 4873 3353 4927 vel
3382 4874 3675 4932 vincerent
3701 4878 3869 4934 obsti-

2276 4972 2401 5019 nate
2435 4961 2519 5017 vel
2554 4971 2918 5018 morerentur.
2957 4961 3160 5019 Ultima
3206 4964 3528 5028 desperatio
3575 4967 3664 5027 sic
3693 4970 3869 5027 studia
