  <div class='ocr_page' id='page_1' title='image "/cluster/home/n/w/nwhite01/storage/ocr_20150623/146/hvd.32044015471832/622.png"; bbox 0 0 4050 5358; ppageno 0'>
   <div class='ocr_carea' id='block_1_1' title="bbox 283 129 424 185">
    <p class='ocr_par' dir='ltr' id='par_1_1' title="bbox 283 129 424 185">
     <span class='ocr_line' id='line_1_1' title="bbox 283 129 424 185; baseline 0.021 -2"><span class='ocrx_word' id='word_1_1' title='bbox 283 129 424 185; x_wconf 68' lang='grc'><strong>1225</strong></span> 
     </span>
    </p>
   </div>
   <div class='ocr_carea' id='block_1_2' title="bbox 1483 134 2240 198">
    <p class='ocr_par' dir='ltr' id='par_1_2' title="bbox 1483 134 2240 198">
     <span class='ocr_line' id='line_1_2' title="bbox 1483 134 2240 198; baseline 0.007 -5"><span class='ocrx_word' id='word_1_2' title='bbox 1483 134 1821 194; x_wconf 71' lang='lat' dir='ltr'><strong>ANNALES.</strong></span> <span class='ocrx_word' id='word_1_3' title='bbox 1844 166 1916 179; x_wconf 85' lang='lat'><strong>--—</strong></span> <span class='ocrx_word' id='word_1_4' title='bbox 1944 134 2054 197; x_wconf 75' lang='lat' dir='ltr'><strong>AN.</strong></span> <span class='ocrx_word' id='word_1_5' title='bbox 2087 139 2240 198; x_wconf 77' lang='lat' dir='ltr'><strong>i076.</strong></span> 
     </span>
    </p>
   </div>
   <div class='ocr_carea' id='block_1_3' title="bbox 3415 158 3555 218">
    <p class='ocr_par' dir='ltr' id='par_1_3' title="bbox 3415 158 3555 218">
     <span class='ocr_line' id='line_1_3' title="bbox 3415 158 3555 218; baseline 0.036 -4"><span class='ocrx_word' id='word_1_6' title='bbox 3415 158 3555 218; x_wconf 70' lang='lat' dir='ltr'><strong>i226</strong></span> 
     </span>
    </p>
   </div>
   <div class='ocr_carea' id='block_1_4' title="bbox 279 240 3558 347">
    <p class='ocr_par' dir='ltr' id='par_1_4' title="bbox 279 240 3558 347">
     <span class='ocr_line' id='line_1_4' title="bbox 279 240 3558 347; baseline 0.012 -53"><span class='ocrx_word' id='word_1_7' title='bbox 279 240 496 295; x_wconf 87' lang='lat' dir='ltr'><strong>dedicio</strong></span> <span class='ocrx_word' id='word_1_8' title='bbox 537 241 842 313; x_wconf 82' lang='lat' dir='ltr'><strong>principum</strong></span> <span class='ocrx_word' id='word_1_9' title='bbox 889 261 991 300; x_wconf 85' lang='lat' dir='ltr'><strong>nec</strong></span> <span class='ocrx_word' id='word_1_10' title='bbox 1035 255 1220 303; x_wconf 88' lang='lat' dir='ltr'><strong>tantus</strong></span> <span class='ocrx_word' id='word_1_11' title='bbox 1258 249 1312 304; x_wconf 90' lang='lat' dir='ltr'><strong>in</strong></span> <span class='ocrx_word' id='word_1_12' title='bbox 1367 247 1670 325; x_wconf 86' lang='lat' dir='ltr'><strong>Thuringia</strong></span> <span class='ocrx_word' id='word_1_13' title='bbox 1713 252 1872 309; x_wconf 84' lang='lat' dir='ltr'><strong>fusus</strong></span> <span class='ocrx_word' id='word_1_14' title='bbox 1899 259 1946 314; x_wconf 79' lang='grc' dir='ltr'><strong>Α</strong></span> <span class='ocrx_word' id='word_1_15' title='bbox 1973 255 2196 310; x_wconf 76' lang='lat' dir='ltr'><strong>militari</strong></span> <span class='ocrx_word' id='word_1_16' title='bbox 2223 271 2389 313; x_wconf 86' lang='lat' dir='ltr'><strong>manu</strong></span> <span class='ocrx_word' id='word_1_17' title='bbox 2412 261 2634 332; x_wconf 82' lang='lat' dir='ltr'><strong>recepit,</strong></span> <span class='ocrx_word' id='word_1_18' title='bbox 2673 268 2913 336; x_wconf 82' lang='lat' dir='ltr'><strong>suosque</strong></span> <span class='ocrx_word' id='word_1_19' title='bbox 2938 268 3157 337; x_wconf 77' lang='lat' dir='ltr'><strong>milites,</strong></span> <span class='ocrx_word' id='word_1_20' title='bbox 3185 271 3280 340; x_wconf 91' lang='lat' dir='ltr'><strong>qui</strong></span> <span class='ocrx_word' id='word_1_21' title='bbox 3299 271 3558 347; x_wconf 83' lang='lat' dir='ltr'><strong>deinceps</strong></span> 
     </span>
    </p>
   </div>
   <div class='ocr_carea' id='block_1_5' title="bbox 280 333 1038 402">
    <p class='ocr_par' dir='ltr' id='par_1_5' title="bbox 280 333 1038 402">
     <span class='ocr_line' id='line_1_5' title="bbox 280 333 1038 402; baseline 0.007 -15"><span class='ocrx_word' id='word_1_22' title='bbox 280 333 508 402; x_wconf 78' lang='lat' dir='ltr'><strong>sanguis</strong></span> <span class='ocrx_word' id='word_1_23' title='bbox 533 336 906 392; x_wconf 89' lang='lat' dir='ltr'><strong>restrinxisset</strong></span> <span class='ocrx_word' id='word_1_24' title='bbox 923 339 1038 392; x_wconf 72' lang='lat'><strong>“&quot;.</strong></span> 
     </span>
    </p>
   </div>
   <div class='ocr_carea' id='block_1_6' title="bbox 315 424 1862 506">
    <p class='ocr_par' dir='ltr' id='par_1_6' title="bbox 315 424 1862 506">
     <span class='ocr_line' id='line_1_6' title="bbox 315 424 1862 506; baseline 0.01 -29"><span class='ocrx_word' id='word_1_25' title='bbox 315 465 319 470; x_wconf 88' lang='lat'><strong>.</strong></span> <span class='ocrx_word' id='word_1_26' title='bbox 349 424 522 494; x_wconf 78' lang='lat' dir='ltr'><strong>igitur</strong></span> <span class='ocrx_word' id='word_1_27' title='bbox 548 427 641 481; x_wconf 88' lang='lat' dir='ltr'><strong>ubi</strong></span> <span class='ocrx_word' id='word_1_28' title='bbox 671 443 764 497; x_wconf 91' lang='lat' dir='ltr'><strong>per</strong></span> <span class='ocrx_word' id='word_1_29' title='bbox 791 429 1088 485; x_wconf 78' lang='lat' dir='ltr'><strong>Saxoniam</strong></span> <span class='ocrx_word' id='word_1_30' title='bbox 1112 448 1307 488; x_wconf 90' lang='lat' dir='ltr'><strong>rumor</strong></span> <span class='ocrx_word' id='word_1_31' title='bbox 1329 435 1688 504; x_wconf 78' lang='lat' dir='ltr'><strong>percrebruit,</strong></span> <span class='ocrx_word' id='word_1_32' title='bbox 1715 437 1862 506; x_wconf 80' lang='lat' dir='ltr'><strong>qtlod</strong></span> 
     </span>
    </p>
   </div>
   <div class='ocr_carea' id='block_1_7' title="bbox 279 520 1866 592">
    <p class='ocr_par' dir='ltr' id='par_1_7' title="bbox 279 520 1866 592">
     <span class='ocr_line' id='line_1_7' title="bbox 279 520 1866 592; baseline 0.009 -21"><span class='ocrx_word' id='word_1_33' title='bbox 279 532 375 571; x_wconf 87' lang='lat' dir='ltr'><strong>rex</strong></span> <span class='ocrx_word' id='word_1_34' title='bbox 405 520 799 574; x_wconf 81' lang='lat' dir='ltr'><strong>conterminam</strong></span> <span class='ocrx_word' id='word_1_35' title='bbox 833 523 984 592; x_wconf 82' lang='lat' dir='ltr'><strong>regni</strong></span> <span class='ocrx_word' id='word_1_36' title='bbox 1011 522 1270 580; x_wconf 87' lang='lat' dir='ltr'><strong>Saxonici</strong></span> <span class='ocrx_word' id='word_1_37' title='bbox 1299 529 1581 582; x_wconf 88' lang='lat' dir='ltr'><strong>marcham</strong></span> <span class='ocrx_word' id='word_1_38' title='bbox 1612 527 1866 584; x_wconf 56' lang='lat' dir='ltr'><strong>Misineik</strong></span> 
     </span>
    </p>
   </div>
   <div class='ocr_carea' id='block_1_8' title="bbox 278 607 1864 683">
    <p class='ocr_par' dir='ltr' id='par_1_8' title="bbox 278 607 1864 683">
     <span class='ocr_line' id='line_1_8' title="bbox 278 607 1864 683; baseline 0.007 -19"><span class='ocrx_word' id='word_1_39' title='bbox 278 623 398 664; x_wconf 80' lang='lat' dir='ltr'><strong>sem</strong></span> <span class='ocrx_word' id='word_1_40' title='bbox 429 607 576 664; x_wconf 87' lang='lat' dir='ltr'><strong>ferro</strong></span> <span class='ocrx_word' id='word_1_41' title='bbox 597 619 652 664; x_wconf 84' lang='lat' dir='ltr'><strong>et</strong></span> <span class='ocrx_word' id='word_1_42' title='bbox 669 611 802 681; x_wconf 85' lang='lat' dir='ltr'><strong>igne</strong></span> <span class='ocrx_word' id='word_1_43' title='bbox 839 613 1300 683; x_wconf 79' lang='lat' dir='ltr'><strong>depopularetur,</strong></span> <span class='ocrx_word' id='word_1_44' title='bbox 1348 618 1416 672; x_wconf 92' lang='lat' dir='ltr'><strong>ad</strong></span> <span class='ocrx_word' id='word_1_45' title='bbox 1447 635 1600 674; x_wconf 89' lang='lat' dir='ltr'><strong>arma</strong></span> <span class='ocrx_word' id='word_1_46' title='bbox 1644 619 1864 675; x_wconf 41' lang='lat' dir='ltr'><strong>cunelae</strong></span> 
     </span>
    </p>
   </div>
   <div class='ocr_carea' id='block_1_9' title="bbox 275 702 1858 780">
    <p class='ocr_par' dir='ltr' id='par_1_9' title="bbox 275 702 1858 780">
     <span class='ocr_line' id='line_1_9' title="bbox 275 702 1858 780; baseline 0.009 -27"><span class='ocrx_word' id='word_1_47' title='bbox 275 709 469 765; x_wconf 63' lang='lat' dir='ltr'><strong>Ine-nt;</strong></span> <span class='ocrx_word' id='word_1_48' title='bbox 519 702 691 756; x_wconf 85' lang='lat' dir='ltr'><strong>multa</strong></span> <span class='ocrx_word' id='word_1_49' title='bbox 753 703 902 758; x_wconf 80' lang='lat' dir='ltr'><strong>milia</strong></span> <span class='ocrx_word' id='word_1_50' title='bbox 951 706 1238 762; x_wconf 81' lang='lat' dir='ltr'><strong>hominum</strong></span> <span class='ocrx_word' id='word_1_51' title='bbox 1285 709 1436 763; x_wconf 85' lang='lat' dir='ltr'><strong>brevi</strong></span> <span class='ocrx_word' id='word_1_52' title='bbox 1488 721 1858 780; x_wconf 87' lang='lat' dir='ltr'><strong>concurrunt,</strong></span> 
     </span>
    </p>
   </div>
   <div class='ocr_carea' id='block_1_10' title="bbox 275 794 1859 872">
    <p class='ocr_par' dir='ltr' id='par_1_10' title="bbox 275 794 1859 872">
     <span class='ocr_line' id='line_1_10' title="bbox 275 794 1859 872; baseline 0.009 -26"><span class='ocrx_word' id='word_1_53' title='bbox 275 794 601 847; x_wconf 82' lang='lat' dir='ltr'><strong>conserendi</strong></span> <span class='ocrx_word' id='word_1_54' title='bbox 626 796 948 850; x_wconf 77' lang='lat' dir='ltr'><strong>certaminis</strong></span> <span class='ocrx_word' id='word_1_55' title='bbox 973 797 1304 854; x_wconf 82' lang='lat' dir='ltr'><strong>intolerabili</strong></span> <span class='ocrx_word' id='word_1_56' title='bbox 1331 800 1542 856; x_wconf 82' lang='lat' dir='ltr'><strong>fervent</strong></span> <span class='ocrx_word' id='word_1_57' title='bbox 1563 801 1859 872; x_wconf 83' lang='lat' dir='ltr'><strong>desiderio,</strong></span> 
     </span>
    </p>
   </div>
   <div class='ocr_carea' id='block_1_11' title="bbox 275 884 1858 954">
    <p class='ocr_par' dir='ltr' id='par_1_11' title="bbox 275 884 1858 954">
     <span class='ocr_line' id='line_1_11' title="bbox 275 884 1858 954; baseline 0.011 -18"><span class='ocrx_word' id='word_1_58' title='bbox 275 884 492 938; x_wconf 77' lang='lat' dir='ltr'><strong>obviam</strong></span> <span class='ocrx_word' id='word_1_59' title='bbox 531 885 612 938; x_wconf 87' lang='lat' dir='ltr'><strong>ire</strong></span> <span class='ocrx_word' id='word_1_60' title='bbox 645 887 896 941; x_wconf 86' lang='lat' dir='ltr'><strong>hostibus</strong></span> <span class='ocrx_word' id='word_1_61' title='bbox 922 891 1168 944; x_wconf 83' lang='lat' dir='ltr'><strong>unanimi</strong></span> <span class='ocrx_word' id='word_1_62' title='bbox 1193 890 1475 948; x_wconf 88' lang='lat' dir='ltr'><strong>alacritate</strong></span> <span class='ocrx_word' id='word_1_63' title='bbox 1503 897 1858 954; x_wconf 76' lang='lat' dir='ltr'><strong>centcndiint.</strong></span> 
     </span>
    </p>
   </div>
   <div class='ocr_carea' id='block_1_12' title="bbox 279 972 1860 1057">
    <p class='ocr_par' dir='ltr' id='par_1_12' title="bbox 279 972 1860 1057">
     <span class='ocr_line' id='line_1_12' title="bbox 279 972 1860 1057; baseline 0.009 -28"><span class='ocrx_word' id='word_1_64' title='bbox 279 972 387 1030; x_wconf 86' lang='lat' dir='ltr'><strong>Sed</strong></span> <span class='ocrx_word' id='word_1_65' title='bbox 423 976 687 1045; x_wconf 76' lang='lat' dir='ltr'><strong>quoniam</strong></span> <span class='ocrx_word' id='word_1_66' title='bbox 711 979 1068 1034; x_wconf 86' lang='lat' dir='ltr'><strong>accelerando</strong></span> <span class='ocrx_word' id='word_1_67' title='bbox 1106 979 1286 1037; x_wconf 80' lang='lat' dir='ltr'><strong>itineri</strong></span> <span class='ocrx_word' id='word_1_68' title='bbox 1311 985 1468 1039; x_wconf 80' lang='lat' dir='ltr'><strong>turba</strong></span> <span class='ocrx_word' id='word_1_69' title='bbox 1500 985 1860 1057; x_wconf 77' lang='lat' dir='ltr'><strong>frequentior,</strong></span> 
     </span>
    </p>
   </div>
   <div class='ocr_carea' id='block_1_13' title="bbox 275 1067 1864 1150">
    <p class='ocr_par' dir='ltr' id='par_1_13' title="bbox 275 1067 1864 1150">
     <span class='ocr_line' id='line_1_13' title="bbox 275 1067 1864 1150; baseline 0.009 -30"><span class='ocrx_word' id='word_1_70' title='bbox 275 1067 630 1138; x_wconf 80' lang='lat' dir='ltr'><strong>armis-atque</strong></span> <span class='ocrx_word' id='word_1_71' title='bbox 650 1070 771 1126; x_wconf 81' lang='lat' dir='ltr'><strong>aliis</strong></span> <span class='ocrx_word' id='word_1_72' title='bbox 801 1071 1206 1140; x_wconf 80' lang='lat' dir='ltr'><strong>impedimentis</strong></span> <span class='ocrx_word' id='word_1_73' title='bbox 1237 1075 1521 1145; x_wconf 87' lang='lat' dir='ltr'><strong>implicita,</strong></span> <span class='ocrx_word' id='word_1_74' title='bbox 1544 1094 1740 1148; x_wconf 89' lang='lat' dir='ltr'><strong>parum</strong></span> <span class='ocrx_word' id='word_1_75' title='bbox 1764 1095 1864 1150; x_wconf 88' lang='lat' dir='ltr'><strong>pro</strong></span> 
     </span>
    </p>
   </div>
   <div class='ocr_carea' id='block_1_14' title="bbox 273 1161 1860 1239">
    <p class='ocr_par' dir='ltr' id='par_1_14' title="bbox 273 1161 1860 1239">
     <span class='ocr_line' id='line_1_14' title="bbox 273 1161 1860 1239; baseline 0.009 -26"><span class='ocrx_word' id='word_1_76' title='bbox 273 1166 407 1214; x_wconf 86' lang='lat' dir='ltr'><strong>voto</strong></span> <span class='ocrx_word' id='word_1_77' title='bbox 483 1168 730 1231; x_wconf 80' lang='lat' dir='ltr'><strong>satagere</strong></span> <span class='ocrx_word' id='word_1_78' title='bbox 770 1161 1043 1229; x_wconf 70' lang='lat' dir='ltr'><strong>&quot;valebat,</strong></span> <span class='ocrx_word' id='word_1_79' title='bbox 1129 1163 1227 1218; x_wconf 85' lang='lat' dir='ltr'><strong>filii</strong></span> <span class='ocrx_word' id='word_1_80' title='bbox 1295 1165 1549 1225; x_wconf 83' lang='lat' dir='ltr'><strong>Geronis.</strong></span> <span class='ocrx_word' id='word_1_81' title='bbox 1607 1172 1860 1239; x_wconf 86' lang='lat' dir='ltr'><strong>comitis,</strong></span> 
     </span>
    </p>
   </div>
   <div class='ocr_carea' id='block_1_15' title="bbox 275 1252 1864 1333">
    <p class='ocr_par' dir='ltr' id='par_1_15' title="bbox 275 1252 1864 1333">
     <span class='ocr_line' id='line_1_15' title="bbox 275 1252 1864 1333; baseline 0.007 -27"><span class='ocrx_word' id='word_1_82' title='bbox 275 1252 574 1322; x_wconf 79' lang='lat' dir='ltr'><strong>assumptis</strong></span> <span class='ocrx_word' id='word_1_83' title='bbox 615 1266 801 1308; x_wconf 81' lang='lat' dir='ltr'><strong>secum</strong></span> <span class='ocrx_word' id='word_1_84' title='bbox 820 1263 1025 1324; x_wconf 86' lang='lat' dir='ltr'><strong>septem</strong></span> <span class='ocrx_word' id='word_1_85' title='bbox 1042 1255 1266 1313; x_wconf 85' lang='lat' dir='ltr'><strong>milibus</strong></span> <span class='ocrx_word' id='word_1_86' title='bbox 1307 1261 1682 1330; x_wconf 77' lang='lat' dir='ltr'><strong>expeditorum</strong></span> <span class='ocrx_word' id='word_1_87' title='bbox 1707 1263 1864 1333; x_wconf 87' lang='lat' dir='ltr'><strong>equi—</strong></span> 
     </span>
    </p>
   </div>
   <div class='ocr_carea' id='block_1_16' title="bbox 275 1346 1861 1411">
    <p class='ocr_par' dir='ltr' id='par_1_16' title="bbox 275 1346 1861 1411">
     <span class='ocr_line' id='line_1_16' title="bbox 275 1346 1861 1411; baseline 0.008 -15"><span class='ocrx_word' id='word_1_88' title='bbox 275 1350 429 1409; x_wconf 85' lang='lat' dir='ltr'><strong>tum,</strong></span> <span class='ocrx_word' id='word_1_89' title='bbox 461 1359 680 1399; x_wconf 87' lang='lat' dir='ltr'><strong>summo</strong></span> <span class='ocrx_word' id='word_1_90' title='bbox 708 1346 851 1411; x_wconf 88' lang='lat' dir='ltr'><strong>nisu,</strong></span> <span class='ocrx_word' id='word_1_91' title='bbox 899 1347 1292 1405; x_wconf 86' lang='lat' dir='ltr'><strong>ardentissima</strong></span> <span class='ocrx_word' id='word_1_92' title='bbox 1319 1353 1485 1408; x_wconf 84' lang='lat' dir='ltr'><strong>citius</strong></span> <span class='ocrx_word' id='word_1_93' title='bbox 1533 1355 1861 1410; x_wconf 88' lang='lat' dir='ltr'><strong>conficiendi</strong></span> 
     </span>
    </p>
   </div>
   <div class='ocr_carea' id='block_1_17' title="bbox 263 1436 1860 1514">
    <p class='ocr_par' dir='ltr' id='par_1_17' title="bbox 263 1436 1860 1514">
     <span class='ocr_line' id='line_1_17' title="bbox 263 1436 1860 1514; baseline 0.009 -28"><span class='ocrx_word' id='word_1_94' title='bbox 263 1436 488 1502; x_wconf 23' lang='lat' dir='ltr'><strong>Anegocii</strong></span> <span class='ocrx_word' id='word_1_95' title='bbox 536 1437 821 1502; x_wconf 80' lang='lat' dir='ltr'><strong>aviditate,</strong></span> <span class='ocrx_word' id='word_1_96' title='bbox 855 1438 909 1492; x_wconf 90' lang='lat' dir='ltr'><strong>in</strong></span> <span class='ocrx_word' id='word_1_97' title='bbox 937 1453 1238 1496; x_wconf 87' lang='lat' dir='ltr'><strong>occursum</strong></span> <span class='ocrx_word' id='word_1_98' title='bbox 1260 1455 1574 1514; x_wconf 84' lang='lat' dir='ltr'><strong>pr0perant.</strong></span> <span class='ocrx_word' id='word_1_99' title='bbox 1612 1445 1773 1512; x_wconf 82' lang='lat' dir='ltr'><strong>Quod</strong></span> <span class='ocrx_word' id='word_1_100' title='bbox 1813 1447 1860 1501; x_wconf 90' lang='lat' dir='ltr'><strong>si</strong></span> 
     </span>
    </p>
   </div>
   <div class='ocr_carea' id='block_1_18' title="bbox 252 1529 1858 1601">
    <p class='ocr_par' dir='ltr' id='par_1_18' title="bbox 252 1529 1858 1601">
     <span class='ocr_line' id='line_1_18' title="bbox 252 1529 1858 1601; baseline 0.01 -23"><span class='ocrx_word' id='word_1_101' title='bbox 252 1557 256 1565; x_wconf 74' lang='grc' dir='ltr'><em>ι</em></span> <span class='ocrx_word' id='word_1_102' title='bbox 276 1539 458 1595; x_wconf 82' lang='lat' dir='ltr'><strong>regem</strong></span> <span class='ocrx_word' id='word_1_103' title='bbox 474 1529 740 1598; x_wconf 88' lang='lat' dir='ltr'><strong>consequi</strong></span> <span class='ocrx_word' id='word_1_104' title='bbox 757 1539 814 1584; x_wconf 85' lang='lat' dir='ltr'><strong>et</strong></span> <span class='ocrx_word' id='word_1_105' title='bbox 837 1530 917 1586; x_wconf 88' lang='lat' dir='ltr'><strong>sic</strong></span> <span class='ocrx_word' id='word_1_106' title='bbox 941 1531 1171 1588; x_wconf 84' lang='lat' dir='ltr'><strong>efferato</strong></span> <span class='ocrx_word' id='word_1_107' title='bbox 1194 1536 1383 1601; x_wconf 87' lang='lat' dir='ltr'><strong>milite,</strong></span> <span class='ocrx_word' id='word_1_108' title='bbox 1415 1537 1494 1592; x_wconf 89' lang='lat' dir='ltr'><strong>sic</strong></span> <span class='ocrx_word' id='word_1_109' title='bbox 1522 1537 1858 1594; x_wconf 82' lang='lat' dir='ltr'><strong>ferventibus</strong></span> 
     </span>
    </p>
   </div>
   <div class='ocr_carea' id='block_1_19' title="bbox 1967 348 3554 430">
    <p class='ocr_par' dir='ltr' id='par_1_19' title="bbox 1967 348 3554 430">
     <span class='ocr_line' id='line_1_19' title="bbox 1967 348 3554 430; baseline 0.018 -33"><span class='ocrx_word' id='word_1_110' title='bbox 1967 355 2160 399; x_wconf 89' lang='lat' dir='ltr'><strong>contra</strong></span> <span class='ocrx_word' id='word_1_111' title='bbox 2209 361 2428 403; x_wconf 89' lang='lat' dir='ltr'><strong>omnem</strong></span> <span class='ocrx_word' id='word_1_112' title='bbox 2473 352 2562 383; x_wconf 76' lang='lat'><strong>“&quot;</strong></span> <span class='ocrx_word' id='word_1_113' title='bbox 2586 348 2830 410; x_wconf 85' lang='lat' dir='ltr'><strong>hostium</strong></span> <span class='ocrx_word' id='word_1_114' title='bbox 2885 358 3242 430; x_wconf 88' lang='lat' dir='ltr'><strong>irruptionem</strong></span> <span class='ocrx_word' id='word_1_115' title='bbox 3294 365 3554 426; x_wconf 79' lang='lat' dir='ltr'><strong>indefessi</strong></span> 
     </span>
    </p>
   </div>
   <div class='ocr_carea' id='block_1_20' title="bbox 1967 439 3552 530">
    <p class='ocr_par' dir='ltr' id='par_1_20' title="bbox 1967 439 3552 530">
     <span class='ocr_line' id='line_1_20' title="bbox 1967 439 3552 530; baseline 0.014 -38"><span class='ocrx_word' id='word_1_116' title='bbox 1967 439 2335 507; x_wconf 82' lang='lat' dir='ltr'><strong>excubarent,</strong></span> <span class='ocrx_word' id='word_1_117' title='bbox 2383 443 2671 513; x_wconf 89' lang='lat' dir='ltr'><strong>imposuit;</strong></span> <span class='ocrx_word' id='word_1_118' title='bbox 2720 449 3048 508; x_wconf 82' lang='lat' dir='ltr'><strong>mirantibus</strong></span> <span class='ocrx_word' id='word_1_119' title='bbox 3107 457 3352 522; x_wconf 90' lang='lat' dir='ltr'><strong>cunctis,</strong></span> <span class='ocrx_word' id='word_1_120' title='bbox 3404 462 3552 530; x_wconf 73' lang='lat' dir='ltr'><strong>quod</strong></span> 
     </span>
    </p>
   </div>
   <div class='ocr_carea' id='block_1_21' title="bbox 1967 531 3555 616">
    <p class='ocr_par' dir='ltr' id='par_1_21' title="bbox 1967 531 3555 616">
     <span class='ocr_line' id='line_1_21' title="bbox 1967 531 3555 616; baseline 0.019 -38"><span class='ocrx_word' id='word_1_121' title='bbox 1967 541 2148 596; x_wconf 87' lang='lat' dir='ltr'><strong>regem</strong></span> <span class='ocrx_word' id='word_1_122' title='bbox 2172 544 2270 584; x_wconf 80' lang='lat' dir='ltr'><strong>nec</strong></span> <span class='ocrx_word' id='word_1_123' title='bbox 2293 531 2470 587; x_wconf 64' lang='lat' dir='ltr'><strong>{etatis</strong></span> <span class='ocrx_word' id='word_1_124' title='bbox 2483 550 2583 590; x_wconf 91' lang='lat' dir='ltr'><strong>nec</strong></span> <span class='ocrx_word' id='word_1_125' title='bbox 2602 539 3024 610; x_wconf 88' lang='lat' dir='ltr'><strong>propinquitatis</strong></span> <span class='ocrx_word' id='word_1_126' title='bbox 3046 557 3325 616; x_wconf 89' lang='lat' dir='ltr'><strong>respectus</strong></span> <span class='ocrx_word' id='word_1_127' title='bbox 3351 550 3420 604; x_wconf 88' lang='lat' dir='ltr'><strong>ab</strong></span> <span class='ocrx_word' id='word_1_128' title='bbox 3450 552 3555 608; x_wconf 79' lang='lat' dir='ltr'><strong>hac</strong></span> 
     </span>
    </p>
   </div>
   <div class='ocr_carea' id='block_1_22' title="bbox 1966 617 2524 688">
    <p class='ocr_par' dir='ltr' id='par_1_22' title="bbox 1966 617 2524 688">
     <span class='ocr_line' id='line_1_22' title="bbox 1966 617 2524 688; baseline 0.018 -18"><span class='ocrx_word' id='word_1_129' title='bbox 1966 617 2167 688; x_wconf 77' lang='lat' dir='ltr'><strong>injuria</strong></span> <span class='ocrx_word' id='word_1_130' title='bbox 2195 627 2524 681; x_wconf 78' lang='lat' dir='ltr'><strong>revocasset.</strong></span> 
     </span>
    </p>
   </div>
   <div class='ocr_carea' id='block_1_23' title="bbox 2060 702 3563 799">
    <p class='ocr_par' dir='ltr' id='par_1_23' title="bbox 2060 702 3563 799">
     <span class='ocr_line' id='line_1_23' title="bbox 2060 702 3563 799; baseline 0.019 -36"><span class='ocrx_word' id='word_1_131' title='bbox 2060 702 2270 766; x_wconf 84' lang='lat' dir='ltr'><strong>Interea</strong></span> <span class='ocrx_word' id='word_1_132' title='bbox 2333 713 2638 773; x_wconf 83' lang='lat' dir='ltr'><strong>Ruodolfus</strong></span> <span class='ocrx_word' id='word_1_133' title='bbox 2685 720 2780 753; x_wconf 72' lang='grc'><strong>⁸⁸⁸⁸</strong></span> <span class='ocrx_word' id='word_1_134' title='bbox 2823 723 2934 778; x_wconf 86' lang='lat' dir='ltr'><strong>dux</strong></span> <span class='ocrx_word' id='word_1_135' title='bbox 3003 725 3306 785; x_wconf 90' lang='lat' dir='ltr'><strong>Suevorum</strong></span> <span class='ocrx_word' id='word_1_136' title='bbox 3333 769 3350 799; x_wconf 85' lang='lat'><strong>,</strong></span> <span class='ocrx_word' id='word_1_137' title='bbox 3409 732 3563 791; x_wconf 83' lang='lat' dir='ltr'><strong>Welf</strong></span> 
     </span>
    </p>
   </div>
   <div class='ocr_carea' id='block_1_24' title="bbox 1967 796 3555 879">
    <p class='ocr_par' dir='ltr' id='par_1_24' title="bbox 1967 796 3555 879">
     <span class='ocr_line' id='line_1_24' title="bbox 1967 796 3555 879; baseline 0.019 -29"><span class='ocrx_word' id='word_1_138' title='bbox 1967 796 2079 852; x_wconf 91' lang='lat' dir='ltr'><strong>dux</strong></span> <span class='ocrx_word' id='word_1_139' title='bbox 2130 799 2550 872; x_wconf 87' lang='lat' dir='ltr'><strong>Bajoariorum,</strong></span> <span class='ocrx_word' id='word_1_140' title='bbox 2623 807 2948 868; x_wconf 84' lang='lat' dir='ltr'><strong>Berhtoldus</strong></span> <span class='ocrx_word' id='word_1_141' title='bbox 2984 816 3075 848; x_wconf 78' lang='grc'>³⁸³⁸</span> <span class='ocrx_word' id='word_1_142' title='bbox 3129 819 3239 874; x_wconf 88' lang='lat' dir='ltr'><strong>dux</strong></span> <span class='ocrx_word' id='word_1_143' title='bbox 3301 796 3555 879; x_wconf 80' lang='lat' dir='ltr'><strong>Carenti-</strong></span> 
     </span>
    </p>
   </div>
   <div class='ocr_carea' id='block_1_25' title="bbox 1967 893 3553 982">
    <p class='ocr_par' dir='ltr' id='par_1_25' title="bbox 1967 893 3553 982">
     <span class='ocr_line' id='line_1_25' title="bbox 1967 893 3553 982; baseline 0.018 -42"><span class='ocrx_word' id='word_1_144' title='bbox 1967 901 2200 957; x_wconf 89' lang='lat' dir='ltr'><strong>norum,</strong></span> <span class='ocrx_word' id='word_1_145' title='bbox 2279 893 2548 949; x_wconf 79' lang='lat' dir='ltr'><strong>Adalbero</strong></span> <span class='ocrx_word' id='word_1_146' title='bbox 2593 896 2686 928; x_wconf 66' lang='lat' dir='ltr'><strong>&#39;m</strong></span> <span class='ocrx_word' id='word_1_147' title='bbox 2774 902 3066 974; x_wconf 88' lang='lat' dir='ltr'><strong>episcopus</strong></span> <span class='ocrx_word' id='word_1_148' title='bbox 3141 906 3553 982; x_wconf 85' lang='lat' dir='ltr'><strong>Wirciburgen-</strong></span> 
     </span>
    </p>
   </div>
   <div class='ocr_carea' id='block_1_26' title="bbox 1966 979 3556 1069">
    <p class='ocr_par' dir='ltr' id='par_1_26' title="bbox 1966 979 3556 1069">
     <span class='ocr_line' id='line_1_26' title="bbox 1966 979 3556 1069; baseline 0.017 -37"><span class='ocrx_word' id='word_1_149' title='bbox 1966 979 2072 1046; x_wconf 90' lang='lat' dir='ltr'><strong>sis,</strong></span> <span class='ocrx_word' id='word_1_150' title='bbox 2125 980 2455 1040; x_wconf 87' lang='lat' dir='ltr'><strong>Adalbertus</strong></span> <span class='ocrx_word' id='word_1_151' title='bbox 2498 986 2586 1019; x_wconf 75' lang='grc'>¹⁸⁸¹</span> <span class='ocrx_word' id='word_1_152' title='bbox 2644 989 2934 1061; x_wconf 87' lang='lat' dir='ltr'><strong>episcopus</strong></span> <span class='ocrx_word' id='word_1_153' title='bbox 2982 979 3445 1069; x_wconf 72' lang='lat' dir='ltr'><strong>Wormaciensis,</strong></span> <span class='ocrx_word' id='word_1_154' title='bbox 3499 1013 3556 1059; x_wconf 90' lang='lat' dir='ltr'><strong>et</strong></span> 
     </span>
    </p>
   </div>
   <div class='ocr_carea' id='block_1_27' title="bbox 1965 1071 3550 1166">
    <p class='ocr_par' dir='ltr' id='par_1_27' title="bbox 1965 1071 3550 1166">
     <span class='ocr_line' id='line_1_27' title="bbox 1965 1071 3550 1166; baseline 0.019 -44"><span class='ocrx_word' id='word_1_155' title='bbox 1965 1071 2058 1125; x_wconf 88' lang='lat' dir='ltr'><strong>alii</strong></span> <span class='ocrx_word' id='word_1_156' title='bbox 2093 1089 2233 1143; x_wconf 90' lang='lat' dir='ltr'><strong>quos</strong></span> <span class='ocrx_word' id='word_1_157' title='bbox 2258 1076 2335 1130; x_wconf 92' lang='lat' dir='ltr'><strong>rei</strong></span> <span class='ocrx_word' id='word_1_158' title='bbox 2363 1078 2593 1146; x_wconf 75' lang='lat' dir='ltr'><strong>publica:</strong></span> <span class='ocrx_word' id='word_1_159' title='bbox 2621 1081 2904 1139; x_wconf 88' lang='lat' dir='ltr'><strong>calamitas</strong></span> <span class='ocrx_word' id='word_1_160' title='bbox 2933 1090 3204 1157; x_wconf 84' lang='lat' dir='ltr'><strong>movebat,</strong></span> <span class='ocrx_word' id='word_1_161' title='bbox 3231 1093 3282 1146; x_wconf 90' lang='lat' dir='ltr'><strong>in</strong></span> <span class='ocrx_word' id='word_1_162' title='bbox 3315 1093 3434 1150; x_wconf 86' lang='lat' dir='ltr'><strong>loco</strong></span> <span class='ocrx_word' id='word_1_163' title='bbox 3457 1097 3550 1166; x_wconf 90' lang='lat' dir='ltr'><strong>qui</strong></span> 
     </span>
    </p>
   </div>
   <div class='ocr_carea' id='block_1_28' title="bbox 1964 1162 3556 1254">
    <p class='ocr_par' dir='ltr' id='par_1_28' title="bbox 1964 1162 3556 1254">
     <span class='ocr_line' id='line_1_28' title="bbox 1964 1162 3556 1254; baseline 0.018 -37"><span class='ocrx_word' id='word_1_164' title='bbox 1964 1162 2166 1220; x_wconf 89' lang='lat' dir='ltr'><strong>dicitur</strong></span> <span class='ocrx_word' id='word_1_165' title='bbox 2214 1165 2370 1222; x_wconf 90' lang='lat' dir='ltr'><strong>Ulma</strong></span> <span class='ocrx_word' id='word_1_166' title='bbox 2399 1181 2672 1226; x_wconf 89' lang='lat' dir='ltr'><strong>conventu</strong></span> <span class='ocrx_word' id='word_1_167' title='bbox 2704 1173 2892 1230; x_wconf 89' lang='lat' dir='ltr'><strong>habito</strong></span> <span class='ocrx_word' id='word_1_168' title='bbox 2933 1178 3105 1251; x_wconf 84' lang='grc'><strong>(444),</strong></span> <span class='ocrx_word' id='word_1_169' title='bbox 3140 1162 3556 1254; x_wconf 50' lang='lat' dir='ltr'><strong>statuerunt,—ut</strong></span> 
     </span>
    </p>
   </div>
   <div class='ocr_carea' id='block_1_29' title="bbox 1963 1259 3550 1349">
    <p class='ocr_par' dir='ltr' id='par_1_29' title="bbox 1963 1259 3550 1349">
     <span class='ocr_line' id='line_1_29' title="bbox 1963 1259 3550 1349; baseline 0.018 -41"><span class='ocrx_word' id='word_1_170' title='bbox 1963 1267 2177 1324; x_wconf 86' lang='lat' dir='ltr'><strong>omnes,</strong></span> <span class='ocrx_word' id='word_1_171' title='bbox 2224 1259 2559 1331; x_wconf 89' lang='lat' dir='ltr'><strong>quicumque</strong></span> <span class='ocrx_word' id='word_1_172' title='bbox 2595 1264 2675 1318; x_wconf 88' lang='lat' dir='ltr'><strong>rei</strong></span> <span class='ocrx_word' id='word_1_173' title='bbox 2722 1267 2954 1334; x_wconf 54' lang='lat' dir='ltr'><strong>publica?</strong></span> <span class='ocrx_word' id='word_1_174' title='bbox 2988 1274 3298 1330; x_wconf 89' lang='lat' dir='ltr'><strong>consultum</strong></span> <span class='ocrx_word' id='word_1_175' title='bbox 3331 1278 3550 1349; x_wconf 75' lang='lat' dir='ltr'><strong>vellent,</strong></span> 
     </span>
    </p>
   </div>
   <div class='ocr_carea' id='block_1_30' title="bbox 1966 1345 3554 1436">
    <p class='ocr_par' dir='ltr' id='par_1_30' title="bbox 1966 1345 3554 1436">
     <span class='ocr_line' id='line_1_30' title="bbox 1966 1345 3554 1436; baseline 0.02 -39"><span class='ocrx_word' id='word_1_176' title='bbox 1966 1345 2033 1398; x_wconf 79' lang='grc'>17</span> <span class='ocrx_word' id='word_1_177' title='bbox 2061 1347 2331 1406; x_wconf 79' lang='lat' dir='ltr'><strong>Kalendas</strong></span> <span class='ocrx_word' id='word_1_178' title='bbox 2375 1351 2698 1412; x_wconf 82' lang='lat' dir='ltr'><strong>Novembris</strong></span> <span class='ocrx_word' id='word_1_179' title='bbox 2745 1357 3054 1416; x_wconf 88' lang='lat' dir='ltr'><strong>Triburiam</strong></span> <span class='ocrx_word' id='word_1_180' title='bbox 3085 1369 3458 1436; x_wconf 86' lang='lat' dir='ltr'><strong>convenirent,</strong></span> <span class='ocrx_word' id='word_1_181' title='bbox 3496 1345 3554 1429; x_wconf 84' lang='lat' dir='ltr'><strong>et</strong></span> 
     </span>
    </p>
   </div>
   <div class='ocr_carea' id='block_1_31' title="bbox 1961 1441 3553 1534">
    <p class='ocr_par' dir='ltr' id='par_1_31' title="bbox 1961 1441 3553 1534">
     <span class='ocr_line' id='line_1_31' title="bbox 1961 1441 3553 1534; baseline 0.019 -43"><span class='ocrx_word' id='word_1_182' title='bbox 1961 1441 2132 1495; x_wconf 83' lang='lat' dir='ltr'><strong>variis</strong></span> <span class='ocrx_word' id='word_1_183' title='bbox 2179 1442 2451 1512; x_wconf 87' lang='lat' dir='ltr'><strong>cladibus,</strong></span> <span class='ocrx_word' id='word_1_184' title='bbox 2499 1447 2701 1516; x_wconf 87' lang='lat' dir='ltr'><strong>quibus</strong></span> <span class='ocrx_word' id='word_1_185' title='bbox 2747 1454 3048 1519; x_wconf 91' lang='lat' dir='ltr'><strong>permultos</strong></span> <span class='ocrx_word' id='word_1_186' title='bbox 3086 1456 3200 1525; x_wconf 90' lang='lat' dir='ltr'><strong>jam</strong></span> <span class='ocrx_word' id='word_1_187' title='bbox 3239 1475 3413 1518; x_wconf 84' lang='lat' dir='ltr'><strong>annos</strong></span> <span class='ocrx_word' id='word_1_188' title='bbox 3447 1481 3553 1534; x_wconf 91' lang='lat' dir='ltr'><strong>pax</strong></span> 
     </span>
    </p>
   </div>
   <div class='ocr_carea' id='block_1_32' title="bbox 1962 1531 3551 1618">
    <p class='ocr_par' dir='ltr' id='par_1_32' title="bbox 1962 1531 3551 1618">
     <span class='ocr_line' id='line_1_32' title="bbox 1962 1531 3551 1618; baseline 0.019 -35"><span class='ocrx_word' id='word_1_189' title='bbox 1962 1531 2334 1590; x_wconf 86' lang='lat' dir='ltr'><strong>ecclesiastica</strong></span> <span class='ocrx_word' id='word_1_190' title='bbox 2387 1538 2729 1606; x_wconf 89' lang='lat' dir='ltr'><strong>turbabatur,</strong></span> <span class='ocrx_word' id='word_1_191' title='bbox 2777 1545 2996 1599; x_wconf 80' lang='lat' dir='ltr'><strong>tandem</strong></span> <span class='ocrx_word' id='word_1_192' title='bbox 3039 1549 3333 1618; x_wconf 87' lang='lat' dir='ltr'><strong>aliquando</strong></span> <span class='ocrx_word' id='word_1_193' title='bbox 3375 1531 3551 1613; x_wconf 79' lang='lat' dir='ltr'><strong>malo-</strong></span> 
     </span>
    </p>
   </div>
   <div class='ocr_carea' id='block_1_33' title="bbox 273 1610 3554 1714">
    <p class='ocr_par' dir='ltr' id='par_1_33' title="bbox 273 1610 3554 1714">
     <span class='ocr_line' id='line_1_33' title="bbox 273 1610 3554 1714; baseline 0.01 -45"><span class='ocrx_word' id='word_1_194' title='bbox 273 1617 474 1672; x_wconf 79' lang='lat' dir='ltr'><strong>studiis</strong></span> <span class='ocrx_word' id='word_1_195' title='bbox 521 1619 680 1689; x_wconf 87' lang='lat' dir='ltr'><strong>signa</strong></span> <span class='ocrx_word' id='word_1_196' title='bbox 743 1623 996 1678; x_wconf 88' lang='lat' dir='ltr'><strong>conferre</strong></span> <span class='ocrx_word' id='word_1_197' title='bbox 1051 1627 1405 1697; x_wconf 84' lang='lat' dir='ltr'><strong>contigisset,</strong></span> <span class='ocrx_word' id='word_1_198' title='bbox 1448 1638 1510 1683; x_wconf 89' lang='lat' dir='ltr'><strong>ut</strong></span> <span class='ocrx_word' id='word_1_199' title='bbox 1561 1631 1859 1684; x_wconf 90' lang='lat' dir='ltr'><strong>multorum</strong></span> <span class='ocrx_word' id='word_1_200' title='bbox 1896 1610 1938 1664; x_wconf 75' lang='grc' dir='ltr'><strong>Β</strong></span> <span class='ocrx_word' id='word_1_201' title='bbox 1966 1636 2086 1714; x_wconf 57' lang='grc' dir='ltr'><strong>[ων</strong></span> <span class='ocrx_word' id='word_1_202' title='bbox 2117 1627 2333 1694; x_wconf 75' lang='grc' dir='ltr'><strong>ρεηωεί</strong></span> <span class='ocrx_word' id='word_1_203' title='bbox 2377 1629 2488 1694; x_wconf 64' lang='lat'><strong>‘3“,</strong></span> <span class='ocrx_word' id='word_1_204' title='bbox 2517 1631 2680 1686; x_wconf 85' lang='lat' dir='ltr'><strong>ﬁnem</strong></span> <span class='ocrx_word' id='word_1_205' title='bbox 2718 1633 2978 1691; x_wconf 89' lang='lat' dir='ltr'><strong>facerent.</strong></span> <span class='ocrx_word' id='word_1_206' title='bbox 3027 1637 3141 1696; x_wconf 83' lang='lat' dir='ltr'><strong>Hoc</strong></span> <span class='ocrx_word' id='word_1_207' title='bbox 3187 1641 3419 1714; x_wconf 75' lang='lat' dir='ltr'><strong>Sueviie,</strong></span> <span class='ocrx_word' id='word_1_208' title='bbox 3447 1649 3554 1705; x_wconf 89' lang='lat' dir='ltr'><strong>hoc</strong></span> 
     </span>
    </p>
   </div>
   <div class='ocr_carea' id='block_1_34' title="bbox 271 1706 1860 1781">
    <p class='ocr_par' dir='ltr' id='par_1_34' title="bbox 271 1706 1860 1781">
     <span class='ocr_line' id='line_1_34' title="bbox 271 1706 1860 1781; baseline 0.01 -20"><span class='ocrx_word' id='word_1_209' title='bbox 271 1706 479 1764; x_wconf 70' lang='lat' dir='ltr'><strong>ferebat</strong></span> <span class='ocrx_word' id='word_1_210' title='bbox 500 1711 706 1781; x_wconf 84' lang='lat' dir='ltr'><strong>opinio,</strong></span> <span class='ocrx_word' id='word_1_211' title='bbox 734 1723 965 1770; x_wconf 86' lang='lat' dir='ltr'><strong>tractum</strong></span> <span class='ocrx_word' id='word_1_212' title='bbox 994 1725 1073 1771; x_wconf 89' lang='lat' dir='ltr'><strong>tot</strong></span> <span class='ocrx_word' id='word_1_213' title='bbox 1104 1719 1263 1773; x_wconf 89' lang='lat' dir='ltr'><strong>anuis</strong></span> <span class='ocrx_word' id='word_1_214' title='bbox 1287 1720 1487 1774; x_wconf 82' lang='lat' dir='ltr'><strong>bellum</strong></span> <span class='ocrx_word' id='word_1_215' title='bbox 1525 1720 1860 1776; x_wconf 89' lang='lat' dir='ltr'><strong>Saxonicum</strong></span> 
     </span>
    </p>
   </div>
   <div class='ocr_carea' id='block_1_35' title="bbox 271 1799 1860 1884">
    <p class='ocr_par' dir='ltr' id='par_1_35' title="bbox 271 1799 1860 1884">
     <span class='ocr_line' id='line_1_35' title="bbox 271 1799 1860 1884; baseline 0.01 -31"><span class='ocrx_word' id='word_1_216' title='bbox 271 1799 419 1854; x_wconf 88' lang='lat' dir='ltr'><strong>facili</strong></span> <span class='ocrx_word' id='word_1_217' title='bbox 439 1806 762 1873; x_wconf 86' lang='lat' dir='ltr'><strong>compendio</strong></span> <span class='ocrx_word' id='word_1_218' title='bbox 814 1808 1126 1864; x_wconf 84' lang='lat' dir='ltr'><strong>confectum</strong></span> <span class='ocrx_word' id='word_1_219' title='bbox 1169 1810 1382 1876; x_wconf 81' lang='lat' dir='ltr'><strong>fuisset,</strong></span> <span class='ocrx_word' id='word_1_220' title='bbox 1407 1821 1462 1868; x_wconf 89' lang='lat' dir='ltr'><strong>et</strong></span> <span class='ocrx_word' id='word_1_221' title='bbox 1501 1829 1682 1884; x_wconf 83' lang='lat' dir='ltr'><strong>regem</strong></span> <span class='ocrx_word' id='word_1_222' title='bbox 1722 1830 1860 1869; x_wconf 92' lang='lat' dir='ltr'><strong>cun-</strong></span> 
     </span>
    </p>
   </div>
   <div class='ocr_carea' id='block_1_36' title="bbox 273 1895 1863 1964">
    <p class='ocr_par' dir='ltr' id='par_1_36' title="bbox 273 1895 1863 1964">
     <span class='ocr_line' id='line_1_36' title="bbox 273 1895 1863 1964; baseline 0.009 -19"><span class='ocrx_word' id='word_1_223' title='bbox 273 1901 539 1963; x_wconf 84' lang='lat' dir='ltr'><strong>ctumque</strong></span> <span class='ocrx_word' id='word_1_224' title='bbox 571 1895 662 1936; x_wconf 70' lang='lat'><strong>“’9</strong></span> <span class='ocrx_word' id='word_1_225' title='bbox 687 1898 810 1964; x_wconf 83' lang='lat' dir='ltr'><strong>ejus</strong></span> <span class='ocrx_word' id='word_1_226' title='bbox 830 1901 1148 1954; x_wconf 85' lang='lat' dir='ltr'><strong>comitatum</strong></span> <span class='ocrx_word' id='word_1_227' title='bbox 1169 1903 1253 1956; x_wconf 86' lang='lat' dir='ltr'><strong>vel</strong></span> <span class='ocrx_word' id='word_1_228' title='bbox 1269 1903 1359 1934; x_wconf 78' lang='grc'><strong>¹⁸³¹</strong></span> <span class='ocrx_word' id='word_1_229' title='bbox 1391 1917 1540 1960; x_wconf 87' lang='lat' dir='ltr'><strong>mors</strong></span> <span class='ocrx_word' id='word_1_230' title='bbox 1560 1907 1863 1960; x_wconf 89' lang='lat' dir='ltr'><strong>certissima</strong></span> 
     </span>
    </p>
   </div>
   <div class='ocr_carea' id='block_1_37' title="bbox 253 1985 1862 2065">
    <p class='ocr_par' dir='ltr' id='par_1_37' title="bbox 253 1985 1862 2065">
     <span class='ocr_line' id='line_1_37' title="bbox 253 1985 1862 2065; baseline 0.011 -30"><span class='ocrx_word' id='word_1_231' title='bbox 253 1985 362 2037; x_wconf 77' lang='lat' dir='ltr'><strong>vel</strong></span> <span class='ocrx_word' id='word_1_232' title='bbox 382 1986 484 2028; x_wconf 60' lang='lat'><strong>&#39;3.“-</strong></span> <span class='ocrx_word' id='word_1_233' title='bbox 505 1987 805 2056; x_wconf 84' lang='lat' dir='ltr'><strong>ignomiuia</strong></span> <span class='ocrx_word' id='word_1_234' title='bbox 825 1990 1048 2046; x_wconf 84' lang='lat' dir='ltr'><strong>difficile</strong></span> <span class='ocrx_word' id='word_1_235' title='bbox 1071 1993 1333 2049; x_wconf 85' lang='lat' dir='ltr'><strong>abolenda</strong></span> <span class='ocrx_word' id='word_1_236' title='bbox 1363 2006 1702 2065; x_wconf 86' lang='lat' dir='ltr'><strong>occupasset.</strong></span> <span class='ocrx_word' id='word_1_237' title='bbox 1727 1991 1862 2052; x_wconf 87' lang='lat' dir='ltr'><strong>Nam</strong></span> 
     </span>
    </p>
   </div>
   <div class='ocr_carea' id='block_1_38' title="bbox 269 2079 1864 2157">
    <p class='ocr_par' dir='ltr' id='par_1_38' title="bbox 269 2079 1864 2157">
     <span class='ocr_line' id='line_1_38' title="bbox 269 2079 1864 2157; baseline 0.01 -29"><span class='ocrx_word' id='word_1_238' title='bbox 269 2085 477 2144; x_wconf 74' lang='lat' dir='ltr'><strong>.praiter</strong></span> <span class='ocrx_word' id='word_1_239' title='bbox 507 2079 804 2134; x_wconf 86' lang='lat' dir='ltr'><strong>exercitum</strong></span> <span class='ocrx_word' id='word_1_240' title='bbox 831 2081 1169 2149; x_wconf 84' lang='lat' dir='ltr'><strong>Boemicum,</strong></span> <span class='ocrx_word' id='word_1_241' title='bbox 1195 2087 1288 2156; x_wconf 87' lang='lat' dir='ltr'><strong>qui</strong></span> <span class='ocrx_word' id='word_1_242' title='bbox 1313 2101 1413 2142; x_wconf 86' lang='lat' dir='ltr'><strong>nec</strong></span> <span class='ocrx_word' id='word_1_243' title='bbox 1451 2089 1567 2157; x_wconf 91' lang='lat' dir='ltr'><strong>ipse</strong></span> <span class='ocrx_word' id='word_1_244' title='bbox 1588 2090 1672 2143; x_wconf 88' lang='lat' dir='ltr'><strong>vel</strong></span> <span class='ocrx_word' id='word_1_245' title='bbox 1694 2091 1864 2144; x_wconf 89' lang='lat' dir='ltr'><strong>armis</strong></span> 
     </span>
    </p>
   </div>
   <div class='ocr_carea' id='block_1_39' title="bbox 270 2169 1861 2250">
    <p class='ocr_par' dir='ltr' id='par_1_39' title="bbox 270 2169 1861 2250">
     <span class='ocr_line' id='line_1_39' title="bbox 270 2169 1861 2250; baseline 0.011 -30"><span class='ocrx_word' id='word_1_246' title='bbox 270 2169 358 2222; x_wconf 89' lang='lat' dir='ltr'><strong>vel</strong></span> <span class='ocrx_word' id='word_1_247' title='bbox 396 2169 484 2200; x_wconf 80' lang='grc'><strong>⁸³³¹</strong></span> <span class='ocrx_word' id='word_1_248' title='bbox 523 2178 753 2226; x_wconf 84' lang='lat' dir='ltr'><strong>numero</strong></span> <span class='ocrx_word' id='word_1_249' title='bbox 793 2174 880 2227; x_wconf 82' lang='lat' dir='ltr'><strong>vel</strong></span> <span class='ocrx_word' id='word_1_250' title='bbox 909 2175 1000 2208; x_wconf 78' lang='grc'><strong>¹⁸²¹</strong></span> <span class='ocrx_word' id='word_1_251' title='bbox 1052 2177 1254 2232; x_wconf 86' lang='lat' dir='ltr'><strong>virtute</strong></span> <span class='ocrx_word' id='word_1_252' title='bbox 1299 2185 1452 2234; x_wconf 86' lang='lat' dir='ltr'><strong>tanto</strong></span> <span class='ocrx_word' id='word_1_253' title='bbox 1513 2181 1742 2250; x_wconf 82' lang='lat' dir='ltr'><strong>negocio</strong></span> <span class='ocrx_word' id='word_1_254' title='bbox 1803 2197 1861 2236; x_wconf 89' lang='lat' dir='ltr'><strong>se</strong></span> 
     </span>
    </p>
   </div>
   <div class='ocr_carea' id='block_1_40' title="bbox 268 2259 1862 2351">
    <p class='ocr_par' dir='ltr' id='par_1_40' title="bbox 268 2259 1862 2351">
     <span class='ocr_line' id='line_1_40' title="bbox 268 2259 1862 2351; baseline 0.013 -36"><span class='ocrx_word' id='word_1_255' title='bbox 268 2278 456 2332; x_wconf 82' lang='lat' dir='ltr'><strong>parem</strong></span> <span class='ocrx_word' id='word_1_256' title='bbox 482 2259 799 2336; x_wconf 72' lang='lat' dir='ltr'><strong>pzeStiterat,</strong></span> <span class='ocrx_word' id='word_1_257' title='bbox 829 2273 1192 2342; x_wconf 83' lang='lat' dir='ltr'><strong>paucissimos</strong></span> <span class='ocrx_word' id='word_1_258' title='bbox 1213 2292 1400 2332; x_wconf 89' lang='lat' dir='ltr'><strong>secum</strong></span> <span class='ocrx_word' id='word_1_259' title='bbox 1433 2276 1687 2346; x_wconf 83' lang='lat' dir='ltr'><strong>habebat,</strong></span> <span class='ocrx_word' id='word_1_260' title='bbox 1719 2296 1862 2351; x_wconf 54' lang='lat' dir='ltr'><strong>quo-7</strong></span> 
     </span>
    </p>
   </div>
   <div class='ocr_carea' id='block_1_41' title="bbox 265 2355 1862 2436">
    <p class='ocr_par' dir='ltr' id='par_1_41' title="bbox 265 2355 1862 2436">
     <span class='ocr_line' id='line_1_41' title="bbox 265 2355 1862 2436; baseline 0.012 -28"><span class='ocrx_word' id='word_1_261' title='bbox 265 2355 423 2410; x_wconf 79' lang='lat' dir='ltr'><strong>niam</strong></span> <span class='ocrx_word' id='word_1_262' title='bbox 462 2371 928 2428; x_wconf 85' lang='lat' dir='ltr'><strong>supervacaneum</strong></span> <span class='ocrx_word' id='word_1_263' title='bbox 970 2366 1270 2423; x_wconf 86' lang='lat' dir='ltr'><strong>arbitratus</strong></span> <span class='ocrx_word' id='word_1_264' title='bbox 1311 2368 1510 2436; x_wconf 85' lang='lat' dir='ltr'><strong>fuerat,</strong></span> <span class='ocrx_word' id='word_1_265' title='bbox 1545 2370 1862 2427; x_wconf 88' lang='lat' dir='ltr'><strong>Teutonicis</strong></span> 
     </span>
    </p>
   </div>
   <div class='ocr_carea' id='block_1_42' title="bbox 267 2445 1860 2528">
    <p class='ocr_par' dir='ltr' id='par_1_42' title="bbox 267 2445 1860 2528">
     <span class='ocr_line' id='line_1_42' title="bbox 267 2445 1860 2528; baseline 0.011 -27"><span class='ocrx_word' id='word_1_266' title='bbox 267 2445 536 2504; x_wconf 85' lang='lat' dir='ltr'><strong>militibus</strong></span> <span class='ocrx_word' id='word_1_267' title='bbox 559 2462 668 2506; x_wconf 87' lang='lat' dir='ltr'><strong>tam</strong></span> <span class='ocrx_word' id='word_1_268' title='bbox 715 2453 1028 2525; x_wconf 79' lang='lat' dir='ltr'><strong>longinqua:</strong></span> <span class='ocrx_word' id='word_1_269' title='bbox 1047 2459 1414 2528; x_wconf 80' lang='lat' dir='ltr'><strong>expeditionis</strong></span> <span class='ocrx_word' id='word_1_270' title='bbox 1440 2463 1682 2517; x_wconf 84' lang='lat' dir='ltr'><strong>laborem</strong></span> <span class='ocrx_word' id='word_1_271' title='bbox 1713 2463 1860 2518; x_wconf 70' lang='lat' dir='ltr'><strong>indi-</strong></span> 
     </span>
    </p>
   </div>
   <div class='ocr_carea' id='block_1_43' title="bbox 265 2547 1858 2617">
    <p class='ocr_par' dir='ltr' id='par_1_43' title="bbox 265 2547 1858 2617">
     <span class='ocr_line' id='line_1_43' title="bbox 265 2547 1858 2617; baseline 0.011 -26"><span class='ocrx_word' id='word_1_272' title='bbox 265 2553 411 2605; x_wconf 76' lang='lat' dir='ltr'><strong>cere,</strong></span> <span class='ocrx_word' id='word_1_273' title='bbox 449 2557 574 2595; x_wconf 88' lang='lat' dir='ltr'><strong>cum</strong></span> <span class='ocrx_word' id='word_1_274' title='bbox 601 2554 864 2612; x_wconf 88' lang='lat' dir='ltr'><strong>speraret,</strong></span> <span class='ocrx_word' id='word_1_275' title='bbox 897 2557 958 2601; x_wconf 87' lang='lat' dir='ltr'><strong>ut</strong></span> <span class='ocrx_word' id='word_1_276' title='bbox 978 2547 1186 2604; x_wconf 89' lang='lat' dir='ltr'><strong>dictum</strong></span> <span class='ocrx_word' id='word_1_277' title='bbox 1216 2559 1320 2617; x_wconf 88' lang='lat' dir='ltr'><strong>est,</strong></span> <span class='ocrx_word' id='word_1_278' title='bbox 1347 2553 1615 2608; x_wconf 86' lang='lat' dir='ltr'><strong>industria</strong></span> <span class='ocrx_word' id='word_1_279' title='bbox 1641 2553 1858 2610; x_wconf 88' lang='lat' dir='ltr'><strong>Ottonis</strong></span> 
     </span>
    </p>
   </div>
   <div class='ocr_carea' id='block_1_44' title="bbox 266 2630 1852 2714">
    <p class='ocr_par' dir='ltr' id='par_1_44' title="bbox 266 2630 1852 2714">
     <span class='ocr_line' id='line_1_44' title="bbox 266 2630 1852 2714; baseline 0.01 -30"><span class='ocrx_word' id='word_1_280' title='bbox 266 2630 424 2687; x_wconf 82' lang='lat' dir='ltr'><strong>ducis</strong></span> <span class='ocrx_word' id='word_1_281' title='bbox 453 2644 508 2688; x_wconf 89' lang='lat' dir='ltr'><strong>et</strong></span> <span class='ocrx_word' id='word_1_282' title='bbox 555 2635 786 2691; x_wconf 89' lang='lat' dir='ltr'><strong>aliorum</strong></span> <span class='ocrx_word' id='word_1_283' title='bbox 827 2655 968 2708; x_wconf 78' lang='lat' dir='ltr'><strong>quos</strong></span> <span class='ocrx_word' id='word_1_284' title='bbox 995 2641 1280 2698; x_wconf 87' lang='lat' dir='ltr'><strong>dedicione</strong></span> <span class='ocrx_word' id='word_1_285' title='bbox 1323 2645 1494 2714; x_wconf 83' lang='lat' dir='ltr'><strong>gratis</strong></span> <span class='ocrx_word' id='word_1_286' title='bbox 1523 2647 1852 2712; x_wconf 87' lang='lat' dir='ltr'><strong>absolverat,</strong></span> 
     </span>
    </p>
   </div>
   <div class='ocr_carea' id='block_1_45' title="bbox 263 2727 1855 2804">
    <p class='ocr_par' dir='ltr' id='par_1_45' title="bbox 263 2727 1855 2804">
     <span class='ocr_line' id='line_1_45' title="bbox 263 2727 1855 2804; baseline 0.011 -28"><span class='ocrx_word' id='word_1_287' title='bbox 263 2735 461 2782; x_wconf 79' lang='lat' dir='ltr'><strong>omnes</strong></span> <span class='ocrx_word' id='word_1_288' title='bbox 515 2727 793 2784; x_wconf 79' lang='lat' dir='ltr'><strong>Saxonum</strong></span> <span class='ocrx_word' id='word_1_289' title='bbox 841 2731 987 2787; x_wconf 86' lang='lat' dir='ltr'><strong>vires</strong></span> <span class='ocrx_word' id='word_1_290' title='bbox 1051 2730 1208 2788; x_wconf 86' lang='lat' dir='ltr'><strong>facile</strong></span> <span class='ocrx_word' id='word_1_291' title='bbox 1263 2727 1750 2804; x_wconf 72' lang='lat' dir='ltr'><strong>enervandas‘”,</strong></span> <span class='ocrx_word' id='word_1_292' title='bbox 1800 2747 1855 2793; x_wconf 90' lang='lat' dir='ltr'><strong>et</strong></span> 
     </span>
    </p>
   </div>
   <div class='ocr_carea' id='block_1_46' title="bbox 265 2819 1850 2890">
    <p class='ocr_par' dir='ltr' id='par_1_46' title="bbox 265 2819 1850 2890">
     <span class='ocr_line' id='line_1_46' title="bbox 265 2819 1850 2890; baseline 0.009 -19"><span class='ocrx_word' id='word_1_293' title='bbox 265 2819 455 2887; x_wconf 78' lang='lat' dir='ltr'><strong>cepias</strong></span> <span class='ocrx_word' id='word_1_294' title='bbox 477 2821 581 2874; x_wconf 87' lang='lat' dir='ltr'><strong>sibi</strong></span> <span class='ocrx_word' id='word_1_295' title='bbox 607 2821 907 2890; x_wconf 85' lang='lat' dir='ltr'><strong>majoribus</strong></span> <span class='ocrx_word' id='word_1_296' title='bbox 925 2825 1089 2878; x_wconf 90' lang='lat' dir='ltr'><strong>etiam</strong></span> <span class='ocrx_word' id='word_1_297' title='bbox 1115 2827 1269 2881; x_wconf 88' lang='lat' dir='ltr'><strong>bellis</strong></span> <span class='ocrx_word' id='word_1_298' title='bbox 1288 2828 1622 2885; x_wconf 81' lang='lat' dir='ltr'><strong>sufficientes</strong></span> <span class='ocrx_word' id='word_1_299' title='bbox 1646 2839 1850 2886; x_wconf 89' lang='lat' dir='ltr'><strong>statuto</strong></span> 
     </span>
    </p>
   </div>
   <div class='ocr_carea' id='block_1_47' title="bbox 1966 1710 3555 1804">
    <p class='ocr_par' dir='ltr' id='par_1_47' title="bbox 1966 1710 3555 1804">
     <span class='ocr_line' id='line_1_47' title="bbox 1966 1710 3555 1804; baseline 0.02 -39"><span class='ocrx_word' id='word_1_300' title='bbox 1966 1710 2252 1783; x_wconf 68' lang='lat' dir='ltr'><strong>Bajoarize,</strong></span> <span class='ocrx_word' id='word_1_301' title='bbox 2297 1718 2404 1774; x_wconf 89' lang='lat' dir='ltr'><strong>hoc</strong></span> <span class='ocrx_word' id='word_1_302' title='bbox 2445 1719 2718 1790; x_wconf 68' lang='lat' dir='ltr'><strong>Saxoniaz,</strong></span> <span class='ocrx_word' id='word_1_303' title='bbox 2761 1725 2864 1781; x_wconf 90' lang='lat' dir='ltr'><strong>hoc</strong></span> <span class='ocrx_word' id='word_1_304' title='bbox 2893 1727 3264 1803; x_wconf 65' lang='lat' dir='ltr'><strong>Lutheringiw</strong></span> <span class='ocrx_word' id='word_1_305' title='bbox 3296 1710 3414 1804; x_wconf 54' lang='grc' dir='ltr'><strong>ωδ.</strong></span> <span class='ocrx_word' id='word_1_306' title='bbox 3449 1741 3555 1796; x_wconf 87' lang='lat' dir='ltr'><strong>hoc</strong></span> 
     </span>
    </p>
   </div>
   <div class='ocr_carea' id='block_1_48' title="bbox 1965 1801 3552 1894">
    <p class='ocr_par' dir='ltr' id='par_1_48' title="bbox 1965 1801 3552 1894">
     <span class='ocr_line' id='line_1_48' title="bbox 1965 1801 3552 1894; baseline 0.021 -40"><span class='ocrx_word' id='word_1_307' title='bbox 1965 1801 2210 1860; x_wconf 70' lang='lat' dir='ltr'><strong>Francia:</strong></span> <span class='ocrx_word' id='word_1_308' title='bbox 2242 1806 2553 1866; x_wconf 61' lang='lat' dir='ltr'><strong>Teutonicas</strong></span> <span class='ocrx_word' id='word_1_309' title='bbox 2591 1816 2928 1886; x_wconf 83' lang='lat' dir='ltr'><strong>principibus</strong></span> <span class='ocrx_word' id='word_1_310' title='bbox 2972 1801 3393 1894; x_wconf 70' lang='lat' dir='ltr'><strong>denunciarunt,</strong></span> <span class='ocrx_word' id='word_1_311' title='bbox 3426 1832 3552 1886; x_wconf 89' lang='lat' dir='ltr'><strong>uni-</strong></span> 
     </span>
    </p>
   </div>
   <div class='ocr_carea' id='block_1_49' title="bbox 1965 1901 3557 1988">
    <p class='ocr_par' dir='ltr' id='par_1_49' title="bbox 1965 1901 3557 1988">
     <span class='ocr_line' id='line_1_49' title="bbox 1965 1901 3557 1988; baseline 0.017 -39"><span class='ocrx_word' id='word_1_312' title='bbox 1965 1912 2263 1968; x_wconf 87' lang='lat' dir='ltr'><strong>versosque</strong></span> <span class='ocrx_word' id='word_1_313' title='bbox 2292 1901 2346 1954; x_wconf 91' lang='lat' dir='ltr'><strong>in</strong></span> <span class='ocrx_word' id='word_1_314' title='bbox 2369 1918 2661 1960; x_wconf 91' lang='lat' dir='ltr'><strong>commune</strong></span> <span class='ocrx_word' id='word_1_315' title='bbox 2689 1922 2785 1977; x_wconf 90' lang='lat' dir='ltr'><strong>per</strong></span> <span class='ocrx_word' id='word_1_316' title='bbox 2820 1909 2992 1965; x_wconf 88' lang='lat' dir='ltr'><strong>Deum</strong></span> <span class='ocrx_word' id='word_1_317' title='bbox 3025 1915 3461 1988; x_wconf 85' lang='lat' dir='ltr'><strong>obtestabantur,</strong></span> <span class='ocrx_word' id='word_1_318' title='bbox 3494 1930 3557 1976; x_wconf 91' lang='lat' dir='ltr'><strong>ut</strong></span> 
     </span>
    </p>
   </div>
   <div class='ocr_carea' id='block_1_50' title="bbox 1965 1989 3555 2074">
    <p class='ocr_par' dir='ltr' id='par_1_50' title="bbox 1965 1989 3555 2074">
     <span class='ocr_line' id='line_1_50' title="bbox 1965 1989 3555 2074; baseline 0.016 -33"><span class='ocrx_word' id='word_1_319' title='bbox 1965 1989 2114 2042; x_wconf 85' lang='lat' dir='ltr'><strong>omni</strong></span> <span class='ocrx_word' id='word_1_320' title='bbox 2149 1993 2500 2048; x_wconf 78' lang='lat' dir='ltr'><strong>excusatione</strong></span> <span class='ocrx_word' id='word_1_321' title='bbox 2532 1998 2788 2067; x_wconf 79' lang='lat' dir='ltr'><strong>relegata,</strong></span> <span class='ocrx_word' id='word_1_322' title='bbox 2818 2011 3016 2057; x_wconf 86' lang='lat' dir='ltr'><strong>cuncta</strong></span> <span class='ocrx_word' id='word_1_323' title='bbox 3044 2006 3268 2074; x_wconf 57' lang='lat' dir='ltr'><strong>privata:</strong></span> <span class='ocrx_word' id='word_1_324' title='bbox 3300 2011 3378 2066; x_wconf 89' lang='lat' dir='ltr'><strong>rei</strong></span> <span class='ocrx_word' id='word_1_325' title='bbox 3403 2013 3555 2067; x_wconf 86' lang='lat' dir='ltr'><strong>solli-</strong></span> 
     </span>
    </p>
   </div>
   <div class='ocr_carea' id='block_1_51' title="bbox 1965 2082 3555 2163">
    <p class='ocr_par' dir='ltr' id='par_1_51' title="bbox 1965 2082 3555 2163">
     <span class='ocr_line' id='line_1_51' title="bbox 1965 2082 3555 2163; baseline 0.015 -28"><span class='ocrx_word' id='word_1_326' title='bbox 1965 2082 2207 2138; x_wconf 84' lang='lat' dir='ltr'><strong>citudine</strong></span> <span class='ocrx_word' id='word_1_327' title='bbox 2251 2087 2582 2155; x_wconf 87' lang='lat' dir='ltr'><strong>posthabita,</strong></span> <span class='ocrx_word' id='word_1_328' title='bbox 2623 2091 2763 2145; x_wconf 91' lang='lat' dir='ltr'><strong>hanc</strong></span> <span class='ocrx_word' id='word_1_329' title='bbox 2801 2093 3000 2163; x_wconf 81' lang='lat' dir='ltr'><strong>singuli</strong></span> <span class='ocrx_word' id='word_1_330' title='bbox 3039 2101 3425 2158; x_wconf 85' lang='lat' dir='ltr'><strong>communibus</strong></span> <span class='ocrx_word' id='word_1_331' title='bbox 3460 2103 3555 2137; x_wconf 66' lang='grc'><strong><em>⁸³⁸⁵</em></strong></span> 
     </span>
    </p>
   </div>
   <div class='ocr_carea' id='block_1_52' title="bbox 1966 2176 3550 2260">
    <p class='ocr_par' dir='ltr' id='par_1_52' title="bbox 1966 2176 3550 2260">
     <span class='ocr_line' id='line_1_52' title="bbox 1966 2176 3550 2260; baseline 0.014 -32"><span class='ocrx_word' id='word_1_332' title='bbox 1966 2176 2270 2232; x_wconf 88' lang='lat' dir='ltr'><strong>commodis</strong></span> <span class='ocrx_word' id='word_1_333' title='bbox 2312 2179 2394 2232; x_wconf 90' lang='lat' dir='ltr'><strong>vel</strong></span> <span class='ocrx_word' id='word_1_334' title='bbox 2443 2179 2532 2210; x_wconf 62' lang='lat' dir='ltr'><strong>“M</strong></span> <span class='ocrx_word' id='word_1_335' title='bbox 2561 2190 2861 2236; x_wconf 85' lang='lat' dir='ltr'><strong>extremam</strong></span> <span class='ocrx_word' id='word_1_336' title='bbox 2904 2198 3124 2254; x_wconf 84' lang='lat' dir='ltr'><strong>operam</strong></span> <span class='ocrx_word' id='word_1_337' title='bbox 3164 2190 3550 2260; x_wconf 87' lang='lat' dir='ltr'><strong>dependereut.</strong></span> 
     </span>
    </p>
   </div>
   <div class='ocr_carea' id='block_1_53' title="bbox 1965 2264 3549 2354">
    <p class='ocr_par' dir='ltr' id='par_1_53' title="bbox 1965 2264 3549 2354">
     <span class='ocr_line' id='line_1_53' title="bbox 1965 2264 3549 2354; baseline 0.015 -35"><span class='ocrx_word' id='word_1_338' title='bbox 1965 2264 2081 2331; x_wconf 84' lang='lat' dir='ltr'><strong>Qua</strong></span> <span class='ocrx_word' id='word_1_339' title='bbox 2105 2270 2481 2338; x_wconf 75' lang='lat' dir='ltr'><strong>expectatione</strong></span> <span class='ocrx_word' id='word_1_340' title='bbox 2503 2273 2784 2342; x_wconf 89' lang='lat' dir='ltr'><strong>suspensis</strong></span> <span class='ocrx_word' id='word_1_341' title='bbox 2812 2282 2976 2345; x_wconf 88' lang='lat' dir='ltr'><strong>atque</strong></span> <span class='ocrx_word' id='word_1_342' title='bbox 2997 2279 3242 2336; x_wconf 88' lang='lat' dir='ltr'><strong>attonitis</strong></span> <span class='ocrx_word' id='word_1_343' title='bbox 3270 2285 3549 2354; x_wconf 87' lang='lat' dir='ltr'><strong>omnibus,</strong></span> 
     </span>
    </p>
   </div>
   <div class='ocr_carea' id='block_1_54' title="bbox 1963 2358 3551 2448">
    <p class='ocr_par' dir='ltr' id='par_1_54' title="bbox 1963 2358 3551 2448">
     <span class='ocr_line' id='line_1_54' title="bbox 1963 2358 3551 2448; baseline 0.016 -38"><span class='ocrx_word' id='word_1_344' title='bbox 1963 2358 2254 2430; x_wconf 88' lang='lat' dir='ltr'><strong>episcopus</strong></span> <span class='ocrx_word' id='word_1_345' title='bbox 2285 2361 2634 2432; x_wconf 80' lang='lat' dir='ltr'><strong>Mogontinus</strong></span> <span class='ocrx_word' id='word_1_346' title='bbox 2665 2374 2720 2421; x_wconf 91' lang='lat' dir='ltr'><strong>et</strong></span> <span class='ocrx_word' id='word_1_347' title='bbox 2765 2368 2856 2421; x_wconf 90' lang='lat' dir='ltr'><strong>alii</strong></span> <span class='ocrx_word' id='word_1_348' title='bbox 2894 2372 3278 2441; x_wconf 84' lang='lat' dir='ltr'><strong>quamplures,</strong></span> <span class='ocrx_word' id='word_1_349' title='bbox 3321 2379 3416 2448; x_wconf 89' lang='lat' dir='ltr'><strong>qui</strong></span> <span class='ocrx_word' id='word_1_350' title='bbox 3451 2395 3551 2435; x_wconf 85' lang='lat' dir='ltr'><strong>ea-</strong></span> 
     </span>
    </p>
   </div>
   <div class='ocr_carea' id='block_1_55' title="bbox 1962 2454 3552 2532">
    <p class='ocr_par' dir='ltr' id='par_1_55' title="bbox 1962 2454 3552 2532">
     <span class='ocr_line' id='line_1_55' title="bbox 1962 2454 3552 2532; baseline 0.016 -31"><span class='ocrx_word' id='word_1_351' title='bbox 1962 2454 2122 2504; x_wconf 91' lang='lat' dir='ltr'><strong>tenus</strong></span> <span class='ocrx_word' id='word_1_352' title='bbox 2168 2461 2352 2521; x_wconf 87' lang='lat' dir='ltr'><strong>partes</strong></span> <span class='ocrx_word' id='word_1_353' title='bbox 2399 2455 2546 2525; x_wconf 85' lang='lat' dir='ltr'><strong>regis</strong></span> <span class='ocrx_word' id='word_1_354' title='bbox 2589 2457 2968 2514; x_wconf 85' lang='lat' dir='ltr'><strong>vehementius</strong></span> <span class='ocrx_word' id='word_1_355' title='bbox 3007 2463 3321 2532; x_wconf 81' lang='lat' dir='ltr'><strong>tuebantur,</strong></span> <span class='ocrx_word' id='word_1_356' title='bbox 3368 2470 3438 2524; x_wconf 88' lang='lat' dir='ltr'><strong>ab</strong></span> <span class='ocrx_word' id='word_1_357' title='bbox 3483 2486 3552 2526; x_wconf 89' lang='lat' dir='ltr'><strong>eo</strong></span> 
     </span>
    </p>
   </div>
   <div class='ocr_carea' id='block_1_56' title="bbox 1959 2538 3552 2626">
    <p class='ocr_par' dir='ltr' id='par_1_56' title="bbox 1959 2538 3552 2626">
     <span class='ocr_line' id='line_1_56' title="bbox 1959 2538 3552 2626; baseline 0.014 -33"><span class='ocrx_word' id='word_1_358' title='bbox 1959 2538 2296 2610; x_wconf 88' lang='lat' dir='ltr'><strong>defecerunt,</strong></span> <span class='ocrx_word' id='word_1_359' title='bbox 2337 2554 2391 2599; x_wconf 90' lang='lat' dir='ltr'><strong>et</strong></span> <span class='ocrx_word' id='word_1_360' title='bbox 2430 2547 2672 2616; x_wconf 89' lang='lat' dir='ltr'><strong>adjuncti</strong></span> <span class='ocrx_word' id='word_1_361' title='bbox 2711 2550 3039 2619; x_wconf 87' lang='lat' dir='ltr'><strong>supradictis</strong></span> <span class='ocrx_word' id='word_1_362' title='bbox 3081 2555 3442 2626; x_wconf 81' lang='lat' dir='ltr'><strong>principibus,</strong></span> <span class='ocrx_word' id='word_1_363' title='bbox 3482 2563 3552 2617; x_wconf 91' lang='lat' dir='ltr'><strong>ad</strong></span> 
     </span>
    </p>
   </div>
   <div class='ocr_carea' id='block_1_57' title="bbox 1957 2633 3549 2709">
    <p class='ocr_par' dir='ltr' id='par_1_57' title="bbox 1957 2633 3549 2709">
     <span class='ocr_line' id='line_1_57' title="bbox 1957 2633 3549 2709; baseline 0.015 -24"><span class='ocrx_word' id='word_1_364' title='bbox 1957 2633 2359 2691; x_wconf 87' lang='lat' dir='ltr'><strong>meliorandum</strong></span> <span class='ocrx_word' id='word_1_365' title='bbox 2391 2640 2544 2709; x_wconf 88' lang='lat' dir='ltr'><strong>regni</strong></span> <span class='ocrx_word' id='word_1_366' title='bbox 2590 2649 2792 2696; x_wconf 76' lang='lat' dir='ltr'><strong>statam</strong></span> <span class='ocrx_word' id='word_1_367' title='bbox 2822 2645 3210 2701; x_wconf 88' lang='lat' dir='ltr'><strong>ardentissimo</strong></span> <span class='ocrx_word' id='word_1_368' title='bbox 3241 2651 3358 2705; x_wconf 81' lang='lat' dir='ltr'><strong>zelo</strong></span> <span class='ocrx_word' id='word_1_369' title='bbox 3384 2662 3549 2708; x_wconf 83' lang='lat' dir='ltr'><strong>exar-</strong></span> 
     </span>
    </p>
   </div>
   <div class='ocr_carea' id='block_1_58' title="bbox 1956 2726 3548 2812">
    <p class='ocr_par' dir='ltr' id='par_1_58' title="bbox 1956 2726 3548 2812">
     <span class='ocr_line' id='line_1_58' title="bbox 1956 2726 3548 2812; baseline 0.015 -35"><span class='ocrx_word' id='word_1_370' title='bbox 1956 2731 2166 2780; x_wconf 89' lang='lat' dir='ltr'><strong>serunt.</strong></span> <span class='ocrx_word' id='word_1_371' title='bbox 2198 2726 2336 2784; x_wconf 82' lang='lat' dir='ltr'><strong>Miro</strong></span> <span class='ocrx_word' id='word_1_372' title='bbox 2357 2730 2522 2784; x_wconf 89' lang='lat' dir='ltr'><strong>etiam</strong></span> <span class='ocrx_word' id='word_1_373' title='bbox 2551 2740 2717 2802; x_wconf 86' lang='lat' dir='ltr'><strong>atque</strong></span> <span class='ocrx_word' id='word_1_374' title='bbox 2746 2733 3030 2804; x_wconf 90' lang='lat' dir='ltr'><strong>inopinato</strong></span> <span class='ocrx_word' id='word_1_375' title='bbox 3057 2754 3241 2794; x_wconf 86' lang='lat' dir='ltr'><strong>rerum</strong></span> <span class='ocrx_word' id='word_1_376' title='bbox 3265 2757 3548 2812; x_wconf 87' lang='lat' dir='ltr'><strong>successu,</strong></span> 
     </span>
    </p>
   </div>
   <div class='ocr_carea' id='block_1_59' title="bbox 1953 2819 3549 2906">
    <p class='ocr_par' dir='ltr' id='par_1_59' title="bbox 1953 2819 3549 2906">
     <span class='ocr_line' id='line_1_59' title="bbox 1953 2819 3549 2906; baseline 0.014 -37"><span class='ocrx_word' id='word_1_377' title='bbox 1953 2824 2019 2870; x_wconf 91' lang='lat' dir='ltr'><strong>ut</strong></span> <span class='ocrx_word' id='word_1_378' title='bbox 2052 2819 2200 2887; x_wconf 84' lang='lat' dir='ltr'><strong>quod</strong></span> <span class='ocrx_word' id='word_1_379' title='bbox 2231 2822 2600 2878; x_wconf 85' lang='lat' dir='ltr'><strong>moliebantur</strong></span> <span class='ocrx_word' id='word_1_380' title='bbox 2635 2825 2800 2880; x_wconf 89' lang='lat' dir='ltr'><strong>nullis</strong></span> <span class='ocrx_word' id='word_1_381' title='bbox 2825 2828 2939 2896; x_wconf 88' lang='lat' dir='ltr'><strong>jam</strong></span> <span class='ocrx_word' id='word_1_382' title='bbox 2971 2832 3342 2889; x_wconf 84' lang='lat' dir='ltr'><strong>retardaretur</strong></span> <span class='ocrx_word' id='word_1_383' title='bbox 3371 2835 3549 2906; x_wconf 87' lang='lat' dir='ltr'><strong>impe-</strong></span> 
     </span>
    </p>
   </div>
   <div class='ocr_carea' id='block_1_60' title="bbox 218 2909 3551 3012">
    <p class='ocr_par' dir='ltr' id='par_1_60' title="bbox 218 2909 3551 3012">
     <span class='ocr_line' id='line_1_60' title="bbox 218 2909 3551 3012; baseline 0.012 -67"><span class='ocrx_word' id='word_1_384' title='bbox 218 2922 226 2927; x_wconf 91' lang='lat'><strong><em>-</em></strong></span> <span class='ocrx_word' id='word_1_385' title='bbox 268 2909 356 2964; x_wconf 64' lang='lat' dir='ltr'><strong>die</strong></span> <span class='ocrx_word' id='word_1_386' title='bbox 385 2926 448 2966; x_wconf 67' lang='lat' dir='ltr'><strong>ac</strong></span> <span class='ocrx_word' id='word_1_387' title='bbox 474 2914 596 2968; x_wconf 67' lang='grc' dir='ltr'><strong>ιοςο</strong></span> <span class='ocrx_word' id='word_1_388' title='bbox 639 2913 928 2970; x_wconf 58' lang='grc' dir='ltr'><strong>ηπυευηε,</strong></span> <span class='ocrx_word' id='word_1_389' title='bbox 957 2915 1120 2972; x_wconf 56' lang='lat' dir='ltr'><strong>parte</strong></span> <span class='ocrx_word' id='word_1_390' title='bbox 1154 2927 1269 2973; x_wconf 52' lang='lat' dir='ltr'><strong>tum</strong></span> <span class='ocrx_word' id='word_1_391' title='bbox 1291 2921 1384 2952; x_wconf 77' lang='lat' dir='ltr'><strong>um</strong></span> <span class='ocrx_word' id='word_1_392' title='bbox 1422 2918 1705 2992; x_wconf 50' lang='lat' dir='ltr'><strong>temporis,</strong></span> <span class='ocrx_word' id='word_1_393' title='bbox 1738 2923 1850 2979; x_wconf 75' lang='grc' dir='ltr'><strong>ι)ρο</strong></span> <span class='ocrx_word' id='word_1_394' title='bbox 1878 2956 1920 3012; x_wconf 75' lang='lat' dir='ltr'><strong>C</strong></span> <span class='ocrx_word' id='word_1_395' title='bbox 1953 2911 2240 3012; x_wconf 78' lang='lat' dir='ltr'><strong>diluentis,</strong></span> <span class='ocrx_word' id='word_1_396' title='bbox 2283 2914 2529 3012; x_wconf 73' lang='lat' dir='ltr'><strong>obsides,</strong></span> <span class='ocrx_word' id='word_1_397' title='bbox 2572 2916 2774 2986; x_wconf 87' lang='lat' dir='ltr'><strong>quibus</strong></span> <span class='ocrx_word' id='word_1_398' title='bbox 2813 2921 3061 2975; x_wconf 89' lang='lat' dir='ltr'><strong>nonnulli</strong></span> <span class='ocrx_word' id='word_1_399' title='bbox 3101 2939 3167 2978; x_wconf 84' lang='lat' dir='ltr'><strong>ex</strong></span> <span class='ocrx_word' id='word_1_400' title='bbox 3212 2927 3551 2998; x_wconf 85' lang='lat' dir='ltr'><strong>principibus</strong></span> 
     </span>
    </p>
   </div>
   <div class='ocr_carea' id='block_1_61' title="bbox 269 3001 1852 3082">
    <p class='ocr_par' dir='ltr' id='par_1_61' title="bbox 269 3001 1852 3082">
     <span class='ocr_line' id='line_1_61' title="bbox 269 3001 1852 3082; baseline 0.009 -27"><span class='ocrx_word' id='word_1_401' title='bbox 269 3001 702 3060; x_wconf 84' lang='lat' dir='ltr'><strong>misericorditer</strong></span> <span class='ocrx_word' id='word_1_402' title='bbox 757 3007 922 3061; x_wconf 89' lang='lat' dir='ltr'><strong>saluti</strong></span> <span class='ocrx_word' id='word_1_403' title='bbox 981 3009 1128 3079; x_wconf 87' lang='lat' dir='ltr'><strong>regis</strong></span> <span class='ocrx_word' id='word_1_404' title='bbox 1189 3013 1588 3082; x_wconf 88' lang='lat' dir='ltr'><strong>prospiciente,</strong></span> <span class='ocrx_word' id='word_1_405' title='bbox 1652 3014 1852 3071; x_wconf 83' lang='lat' dir='ltr'><strong>ﬂuvius</strong></span> 
     </span>
    </p>
   </div>
   <div class='ocr_carea' id='block_1_62' title="bbox 267 3091 1851 3170">
    <p class='ocr_par' dir='ltr' id='par_1_62' title="bbox 267 3091 1851 3170">
     <span class='ocr_line' id='line_1_62' title="bbox 267 3091 1851 3170; baseline 0.008 -22"><span class='ocrx_word' id='word_1_406' title='bbox 267 3091 428 3149; x_wconf 71' lang='lat' dir='ltr'><strong>llilda</strong></span> <span class='ocrx_word' id='word_1_407' title='bbox 461 3096 647 3164; x_wconf 70' lang='lat' dir='ltr'><strong>(M2),</strong></span> <span class='ocrx_word' id='word_1_408' title='bbox 685 3099 781 3167; x_wconf 85' lang='lat' dir='ltr'><strong>qui</strong></span> <span class='ocrx_word' id='word_1_409' title='bbox 823 3108 1117 3170; x_wconf 85' lang='lat' dir='ltr'><strong>utrumque</strong></span> <span class='ocrx_word' id='word_1_410' title='bbox 1142 3104 1442 3158; x_wconf 79' lang='lat' dir='ltr'><strong>exercitum</strong></span> <span class='ocrx_word' id='word_1_411' title='bbox 1485 3107 1696 3160; x_wconf 88' lang='lat' dir='ltr'><strong>medius</strong></span> <span class='ocrx_word' id='word_1_412' title='bbox 1715 3107 1851 3161; x_wconf 85' lang='lat' dir='ltr'><strong>diri-</strong></span> 
     </span>
    </p>
   </div>
   <div class='ocr_carea' id='block_1_63' title="bbox 269 3187 1854 3260">
    <p class='ocr_par' dir='ltr' id='par_1_63' title="bbox 269 3187 1854 3260">
     <span class='ocr_line' id='line_1_63' title="bbox 269 3187 1854 3260; baseline 0.008 -20"><span class='ocrx_word' id='word_1_413' title='bbox 269 3187 468 3251; x_wconf 78' lang='lat' dir='ltr'><strong>mebat,</strong></span> <span class='ocrx_word' id='word_1_414' title='bbox 483 3189 670 3246; x_wconf 77' lang='lat' dir='ltr'><strong>effusis</strong></span> <span class='ocrx_word' id='word_1_415' title='bbox 685 3203 858 3260; x_wconf 88' lang='lat' dir='ltr'><strong>nuper</strong></span> <span class='ocrx_word' id='word_1_416' title='bbox 872 3192 1139 3248; x_wconf 84' lang='lat' dir='ltr'><strong>imbribus</strong></span> <span class='ocrx_word' id='word_1_417' title='bbox 1155 3195 1503 3251; x_wconf 87' lang='lat' dir='ltr'><strong>vehementer</strong></span> <span class='ocrx_word' id='word_1_418' title='bbox 1517 3199 1854 3254; x_wconf 88' lang='lat' dir='ltr'><strong>intumuerat</strong></span> 
     </span>
    </p>
   </div>
   <div class='ocr_carea' id='block_1_64' title="bbox 265 3285 1847 3348">
    <p class='ocr_par' dir='ltr' id='par_1_64' title="bbox 265 3285 1847 3348">
     <span class='ocr_line' id='line_1_64' title="bbox 265 3285 1847 3348; baseline 0.008 -16"><span class='ocrx_word' id='word_1_419' title='bbox 265 3285 431 3348; x_wconf 82' lang='lat' dir='ltr'><strong>atque</strong></span> <span class='ocrx_word' id='word_1_420' title='bbox 472 3296 691 3336; x_wconf 88' lang='lat' dir='ltr'><strong>omnem</strong></span> <span class='ocrx_word' id='word_1_421' title='bbox 751 3285 1121 3338; x_wconf 88' lang='lat' dir='ltr'><strong>transmeandi</strong></span> <span class='ocrx_word' id='word_1_422' title='bbox 1167 3286 1484 3342; x_wconf 87' lang='lat' dir='ltr'><strong>facultatem</strong></span> <span class='ocrx_word' id='word_1_423' title='bbox 1549 3290 1847 3344; x_wconf 87' lang='lat' dir='ltr'><strong>ademerat.</strong></span> 
     </span>
    </p>
   </div>
   <div class='ocr_carea' id='block_1_65' title="bbox 255 3369 1850 3450">
    <p class='ocr_par' dir='ltr' id='par_1_65' title="bbox 255 3369 1850 3450">
     <span class='ocr_line' id='line_1_65' title="bbox 255 3369 1850 3450; baseline 0.007 -25"><span class='ocrx_word' id='word_1_424' title='bbox 255 3369 440 3440; x_wconf 83' lang='lat' dir='ltr'><strong>Cujus</strong></span> <span class='ocrx_word' id='word_1_425' title='bbox 455 3390 548 3428; x_wconf 86' lang='lat' dir='ltr'><strong>rex</strong></span> <span class='ocrx_word' id='word_1_426' title='bbox 567 3375 921 3431; x_wconf 86' lang='lat' dir='ltr'><strong>inundatione</strong></span> <span class='ocrx_word' id='word_1_427' title='bbox 931 3379 1376 3433; x_wconf 86' lang='lat' dir='ltr'><strong>commodissime</strong></span> <span class='ocrx_word' id='word_1_428' title='bbox 1387 3395 1485 3450; x_wconf 90' lang='lat' dir='ltr'><strong>pro</strong></span> <span class='ocrx_word' id='word_1_429' title='bbox 1500 3396 1558 3435; x_wconf 89' lang='lat' dir='ltr'><strong>se</strong></span> <span class='ocrx_word' id='word_1_430' title='bbox 1571 3384 1726 3447; x_wconf 79' lang='lat' dir='ltr'><strong>uSus,</strong></span> <span class='ocrx_word' id='word_1_431' title='bbox 1739 3397 1850 3436; x_wconf 90' lang='lat' dir='ltr'><strong>non</strong></span> 
     </span>
    </p>
   </div>
   <div class='ocr_carea' id='block_1_66' title="bbox 265 3468 1849 3540">
    <p class='ocr_par' dir='ltr' id='par_1_66' title="bbox 265 3468 1849 3540">
     <span class='ocr_line' id='line_1_66' title="bbox 265 3468 1849 3540; baseline 0.007 -24"><span class='ocrx_word' id='word_1_432' title='bbox 265 3473 543 3532; x_wconf 80' lang='lat' dir='ltr'><strong>expectata</strong></span> <span class='ocrx_word' id='word_1_433' title='bbox 574 3468 1003 3525; x_wconf 87' lang='lat' dir='ltr'><strong>deerescentium</strong></span> <span class='ocrx_word' id='word_1_434' title='bbox 1033 3486 1300 3540; x_wconf 88' lang='lat' dir='ltr'><strong>aquarum</strong></span> <span class='ocrx_word' id='word_1_435' title='bbox 1346 3472 1758 3538; x_wconf 85' lang='lat' dir='ltr'><strong>vicissitudine,</strong></span> <span class='ocrx_word' id='word_1_436' title='bbox 1793 3472 1849 3527; x_wconf 90' lang='lat' dir='ltr'><strong>in</strong></span> 
     </span>
    </p>
   </div>
   <div class='ocr_carea' id='block_1_67' title="bbox 265 3553 1850 3632">
    <p class='ocr_par' dir='ltr' id='par_1_67' title="bbox 265 3553 1850 3632">
     <span class='ocr_line' id='line_1_67' title="bbox 265 3553 1850 3632; baseline 0.008 -25"><span class='ocrx_word' id='word_1_437' title='bbox 265 3553 542 3612; x_wconf 86' lang='lat' dir='ltr'><strong>Boemiam</strong></span> <span class='ocrx_word' id='word_1_438' title='bbox 559 3573 620 3614; x_wconf 89' lang='lat' dir='ltr'><strong>se</strong></span> <span class='ocrx_word' id='word_1_439' title='bbox 635 3561 856 3630; x_wconf 88' lang='lat' dir='ltr'><strong>recepit,</strong></span> <span class='ocrx_word' id='word_1_440' title='bbox 881 3570 1262 3632; x_wconf 83' lang='lat' dir='ltr'><strong>maturatoque</strong></span> <span class='ocrx_word' id='word_1_441' title='bbox 1280 3577 1376 3632; x_wconf 88' lang='lat' dir='ltr'><strong>per</strong></span> <span class='ocrx_word' id='word_1_442' title='bbox 1389 3561 1699 3632; x_wconf 84' lang='lat' dir='ltr'><strong>Bajoariam</strong></span> <span class='ocrx_word' id='word_1_443' title='bbox 1723 3564 1850 3619; x_wconf 87' lang='lat' dir='ltr'><strong>red-</strong></span> 
     </span>
    </p>
   </div>
   <div class='ocr_carea' id='block_1_68' title="bbox 265 3647 1853 3725">
    <p class='ocr_par' dir='ltr' id='par_1_68' title="bbox 265 3647 1853 3725">
     <span class='ocr_line' id='line_1_68' title="bbox 265 3647 1853 3725; baseline 0.007 -25"><span class='ocrx_word' id='word_1_444' title='bbox 265 3647 383 3710; x_wconf 76' lang='lat' dir='ltr'><strong>itu,</strong></span> <span class='ocrx_word' id='word_1_445' title='bbox 404 3660 633 3706; x_wconf 68' lang='lat' dir='ltr'><strong>maestus</strong></span> <span class='ocrx_word' id='word_1_446' title='bbox 657 3667 720 3707; x_wconf 89' lang='lat' dir='ltr'><strong>ac</strong></span> <span class='ocrx_word' id='word_1_447' title='bbox 739 3653 1029 3722; x_wconf 74' lang='lat' dir='ltr'><strong>pcenitens,</strong></span> <span class='ocrx_word' id='word_1_448' title='bbox 1066 3655 1212 3725; x_wconf 87' lang='lat' dir='ltr'><strong>quod</strong></span> <span class='ocrx_word' id='word_1_449' title='bbox 1241 3662 1422 3710; x_wconf 86' lang='lat' dir='ltr'><strong>tantos</strong></span> <span class='ocrx_word' id='word_1_450' title='bbox 1445 3657 1662 3710; x_wconf 89' lang='lat' dir='ltr'><strong>labores</strong></span> <span class='ocrx_word' id='word_1_451' title='bbox 1678 3656 1734 3710; x_wconf 91' lang='lat' dir='ltr'><strong>in</strong></span> <span class='ocrx_word' id='word_1_452' title='bbox 1760 3671 1853 3711; x_wconf 87' lang='lat' dir='ltr'><strong>va-</strong></span> 
     </span>
    </p>
   </div>
   <div class='ocr_carea' id='block_1_69' title="bbox 253 3743 1848 3817">
    <p class='ocr_par' dir='ltr' id='par_1_69' title="bbox 253 3743 1848 3817">
     <span class='ocr_line' id='line_1_69' title="bbox 253 3743 1848 3817; baseline 0.006 -25"><span class='ocrx_word' id='word_1_453' title='bbox 253 3753 429 3794; x_wconf 84' lang='lat' dir='ltr'><strong>cuum</strong></span> <span class='ocrx_word' id='word_1_454' title='bbox 444 3743 1183 3811; x_wconf 82' lang='lat' dir='ltr'><strong>expendisset,Wormaciam</strong></span> <span class='ocrx_word' id='word_1_455' title='bbox 1194 3747 1488 3815; x_wconf 85' lang='lat' dir='ltr'><strong>repedavit.</strong></span> <span class='ocrx_word' id='word_1_456' title='bbox 1512 3747 1576 3801; x_wconf 87' lang='lat' dir='ltr'><strong>Et</strong></span> <span class='ocrx_word' id='word_1_457' title='bbox 1589 3749 1848 3817; x_wconf 84' lang='lat' dir='ltr'><strong>quoniam</strong></span> 
     </span>
    </p>
   </div>
   <div class='ocr_carea' id='block_1_70' title="bbox 262 3829 1850 3904">
    <p class='ocr_par' dir='ltr' id='par_1_70' title="bbox 262 3829 1850 3904">
     <span class='ocr_line' id='line_1_70' title="bbox 262 3829 1850 3904; baseline 0.008 -22"><span class='ocrx_word' id='word_1_458' title='bbox 262 3829 572 3900; x_wconf 86' lang='lat' dir='ltr'><strong>digrediens</strong></span> <span class='ocrx_word' id='word_1_459' title='bbox 603 3835 727 3889; x_wconf 88' lang='lat' dir='ltr'><strong>duci</strong></span> <span class='ocrx_word' id='word_1_460' title='bbox 757 3836 1012 3892; x_wconf 87' lang='lat' dir='ltr'><strong>Boemico</strong></span> <span class='ocrx_word' id='word_1_461' title='bbox 1041 3839 1322 3893; x_wconf 89' lang='lat' dir='ltr'><strong>marcham</strong></span> <span class='ocrx_word' id='word_1_462' title='bbox 1346 3839 1713 3904; x_wconf 74' lang='lat' dir='ltr'><strong>Misinensem,</strong></span> <span class='ocrx_word' id='word_1_463' title='bbox 1740 3849 1850 3894; x_wconf 85' lang='lat' dir='ltr'><strong>tam</strong></span> 
     </span>
    </p>
   </div>
   <div class='ocr_carea' id='block_1_71' title="bbox 252 3907 1847 4000">
    <p class='ocr_par' dir='ltr' id='par_1_71' title="bbox 252 3907 1847 4000">
     <span class='ocr_line' id='line_1_71' title="bbox 252 3907 1847 4000; baseline 0.008 -25"><span class='ocrx_word' id='word_1_464' title='bbox 252 3907 522 4000; x_wconf 53' lang='lat' dir='ltr'><strong>jspeetatai</strong></span> <span class='ocrx_word' id='word_1_465' title='bbox 557 3925 611 3978; x_wconf 90' lang='lat' dir='ltr'><strong>in</strong></span> <span class='ocrx_word' id='word_1_466' title='bbox 652 3927 837 3981; x_wconf 89' lang='lat' dir='ltr'><strong>arduis</strong></span> <span class='ocrx_word' id='word_1_467' title='bbox 883 3929 1047 3984; x_wconf 89' lang='lat' dir='ltr'><strong>rebus</strong></span> <span class='ocrx_word' id='word_1_468' title='bbox 1093 3929 1215 3984; x_wconf 83' lang='lat' dir='ltr'><strong>fidei</strong></span> <span class='ocrx_word' id='word_1_469' title='bbox 1259 3933 1564 3998; x_wconf 66' lang='lat' dir='ltr'><strong>praemium,</strong></span> <span class='ocrx_word' id='word_1_470' title='bbox 1602 3933 1847 4000; x_wconf 86' lang='lat' dir='ltr'><strong>dederat,</strong></span> 
     </span>
    </p>
   </div>
   <div class='ocr_carea' id='block_1_72' title="bbox 344 4013 1848 4092">
    <p class='ocr_par' dir='ltr' id='par_1_72' title="bbox 344 4013 1848 4092">
     <span class='ocr_line' id='line_1_72' title="bbox 344 4013 1848 4092; baseline 0.007 -24"><span class='ocrx_word' id='word_1_471' title='bbox 344 4013 641 4070; x_wconf 71' lang='lat' dir='ltr'><strong>bertus“”</strong></span> <span class='ocrx_word' id='word_1_472' title='bbox 682 4020 946 4085; x_wconf 86' lang='lat' dir='ltr'><strong>marchio,</strong></span> <span class='ocrx_word' id='word_1_473' title='bbox 1002 4020 1161 4089; x_wconf 77' lang='lat' dir='ltr'><strong>cujus</strong></span> <span class='ocrx_word' id='word_1_474' title='bbox 1209 4022 1398 4075; x_wconf 86' lang='lat' dir='ltr'><strong>eadem</strong></span> <span class='ocrx_word' id='word_1_475' title='bbox 1426 4024 1576 4092; x_wconf 77' lang='grc'><strong>(445)</strong></span> <span class='ocrx_word' id='word_1_476' title='bbox 1625 4025 1848 4078; x_wconf 87' lang='lat' dir='ltr'><strong>marcha</strong></span> 
     </span>
    </p>
   </div>
   <div class='ocr_carea' id='block_1_73' title="bbox 246 4106 1847 4183">
    <p class='ocr_par' dir='ltr' id='par_1_73' title="bbox 246 4106 1847 4183">
     <span class='ocr_line' id='line_1_73' title="bbox 246 4106 1847 4183; baseline 0.007 -25"><span class='ocrx_word' id='word_1_477' title='bbox 246 4106 410 4169; x_wconf 74' lang='lat' dir='ltr'><strong>&quot;erat,</strong></span> <span class='ocrx_word' id='word_1_478' title='bbox 443 4106 587 4162; x_wconf 83' lang='lat' dir='ltr'><strong>illius</strong></span> <span class='ocrx_word' id='word_1_479' title='bbox 627 4111 886 4176; x_wconf 86' lang='lat' dir='ltr'><strong>patruelis</strong></span> <span class='ocrx_word' id='word_1_480' title='bbox 922 4112 1087 4181; x_wconf 82' lang='lat' dir='ltr'><strong>regis,</strong></span> <span class='ocrx_word' id='word_1_481' title='bbox 1120 4127 1255 4180; x_wconf 90' lang='lat' dir='ltr'><strong>puer</strong></span> <span class='ocrx_word' id='word_1_482' title='bbox 1289 4113 1451 4183; x_wconf 90' lang='lat' dir='ltr'><strong>longe</strong></span> <span class='ocrx_word' id='word_1_483' title='bbox 1495 4114 1673 4170; x_wconf 87' lang='lat' dir='ltr'><strong>adhuc</strong></span> <span class='ocrx_word' id='word_1_484' title='bbox 1703 4115 1847 4169; x_wconf 83' lang='lat' dir='ltr'><strong>intra</strong></span> 
     </span>
    </p>
   </div>
   <div class='ocr_carea' id='block_1_74' title="bbox 251 4191 1844 4274">
    <p class='ocr_par' dir='ltr' id='par_1_74' title="bbox 251 4191 1844 4274">
     <span class='ocr_line' id='line_1_74' title="bbox 251 4191 1844 4274; baseline 0.008 -26"><span class='ocrx_word' id='word_1_485' title='bbox 251 4191 530 4253; x_wconf 51' lang='lat' dir='ltr'><strong>Tmilitares</strong></span> <span class='ocrx_word' id='word_1_486' title='bbox 563 4213 758 4265; x_wconf 88' lang='lat' dir='ltr'><strong>annos,</strong></span> <span class='ocrx_word' id='word_1_487' title='bbox 788 4202 878 4256; x_wconf 88' lang='lat' dir='ltr'><strong>ubi</strong></span> <span class='ocrx_word' id='word_1_488' title='bbox 914 4203 1153 4272; x_wconf 91' lang='lat' dir='ltr'><strong>primum</strong></span> <span class='ocrx_word' id='word_1_489' title='bbox 1201 4203 1644 4258; x_wconf 84' lang='lat' dir='ltr'><strong>decrescentibus</strong></span> <span class='ocrx_word' id='word_1_490' title='bbox 1685 4207 1844 4274; x_wconf 85' lang='lat' dir='ltr'><strong>aquis</strong></span> 
     </span>
    </p>
   </div>
   <div class='ocr_carea' id='block_1_75' title="bbox 1957 3003 3549 3089">
    <p class='ocr_par' dir='ltr' id='par_1_75' title="bbox 1957 3003 3549 3089">
     <span class='ocr_line' id='line_1_75' title="bbox 1957 3003 3549 3089; baseline 0.014 -35"><span class='ocrx_word' id='word_1_491' title='bbox 1957 3003 2240 3071; x_wconf 88' lang='lat' dir='ltr'><strong>superiore</strong></span> <span class='ocrx_word' id='word_1_492' title='bbox 2278 3020 2424 3059; x_wconf 88' lang='lat' dir='ltr'><strong>anno</strong></span> <span class='ocrx_word' id='word_1_493' title='bbox 2461 3006 2620 3061; x_wconf 90' lang='lat' dir='ltr'><strong>fidem</strong></span> <span class='ocrx_word' id='word_1_494' title='bbox 2667 3024 2827 3063; x_wconf 87' lang='lat' dir='ltr'><strong>suam</strong></span> <span class='ocrx_word' id='word_1_495' title='bbox 2866 3012 3008 3079; x_wconf 91' lang='lat' dir='ltr'><strong>apud</strong></span> <span class='ocrx_word' id='word_1_496' title='bbox 3040 3025 3221 3083; x_wconf 80' lang='lat' dir='ltr'><strong>regem</strong></span> <span class='ocrx_word' id='word_1_497' title='bbox 3268 3019 3549 3089; x_wconf 82' lang='lat' dir='ltr'><strong>obligave—</strong></span> 
     </span>
    </p>
   </div>
   <div class='ocr_carea' id='block_1_76' title="bbox 1955 3097 3546 3168">
    <p class='ocr_par' dir='ltr' id='par_1_76' title="bbox 1955 3097 3546 3168">
     <span class='ocr_line' id='line_1_76' title="bbox 1955 3097 3546 3168; baseline 0.014 -22"><span class='ocrx_word' id='word_1_498' title='bbox 1955 3102 2102 3159; x_wconf 88' lang='lat' dir='ltr'><strong>rant,</strong></span> <span class='ocrx_word' id='word_1_499' title='bbox 2143 3103 2366 3165; x_wconf 89' lang='lat' dir='ltr'><strong>repente</strong></span> <span class='ocrx_word' id='word_1_500' title='bbox 2411 3097 2497 3152; x_wconf 91' lang='lat' dir='ltr'><strong>his</strong></span> <span class='ocrx_word' id='word_1_501' title='bbox 2534 3099 2628 3167; x_wconf 91' lang='lat' dir='ltr'><strong>qui</strong></span> <span class='ocrx_word' id='word_1_502' title='bbox 2675 3115 2770 3156; x_wconf 88' lang='lat' dir='ltr'><strong>eos</strong></span> <span class='ocrx_word' id='word_1_503' title='bbox 2799 3102 3062 3158; x_wconf 78' lang='lat' dir='ltr'><strong>dederant</strong></span> <span class='ocrx_word' id='word_1_504' title='bbox 3105 3116 3236 3162; x_wconf 89' lang='lat' dir='ltr'><strong>sunt</strong></span> <span class='ocrx_word' id='word_1_505' title='bbox 3282 3112 3546 3168; x_wconf 87' lang='lat' dir='ltr'><strong>restituti.</strong></span> 
     </span>
    </p>
   </div>
   <div class='ocr_carea' id='block_1_77' title="bbox 1956 3183 3546 3268">
    <p class='ocr_par' dir='ltr' id='par_1_77' title="bbox 1956 3183 3546 3268">
     <span class='ocr_line' id='line_1_77' title="bbox 1956 3183 3546 3268; baseline 0.016 -33"><span class='ocrx_word' id='word_1_506' title='bbox 1956 3183 2106 3239; x_wconf 90' lang='lat' dir='ltr'><strong>Duos</strong></span> <span class='ocrx_word' id='word_1_507' title='bbox 2125 3186 2284 3242; x_wconf 87' lang='lat' dir='ltr'><strong>ducis</strong></span> <span class='ocrx_word' id='word_1_508' title='bbox 2304 3185 2521 3245; x_wconf 90' lang='lat' dir='ltr'><strong>Ottonis</strong></span> <span class='ocrx_word' id='word_1_509' title='bbox 2548 3190 2712 3256; x_wconf 88' lang='lat' dir='ltr'><strong>filios,</strong></span> <span class='ocrx_word' id='word_1_510' title='bbox 2743 3193 2975 3249; x_wconf 86' lang='lat' dir='ltr'><strong>alterum</strong></span> <span class='ocrx_word' id='word_1_511' title='bbox 3012 3212 3107 3251; x_wconf 89' lang='lat' dir='ltr'><strong>rex</strong></span> <span class='ocrx_word' id='word_1_512' title='bbox 3142 3198 3278 3268; x_wconf 90' lang='lat' dir='ltr'><strong>ipse,</strong></span> <span class='ocrx_word' id='word_1_513' title='bbox 3311 3199 3546 3260; x_wconf 87' lang='lat' dir='ltr'><strong>alterum</strong></span> 
     </span>
    </p>
   </div>
   <div class='ocr_carea' id='block_1_78' title="bbox 1955 3273 3545 3367">
    <p class='ocr_par' dir='ltr' id='par_1_78' title="bbox 1955 3273 3545 3367">
     <span class='ocr_line' id='line_1_78' title="bbox 1955 3273 3545 3367; baseline 0.013 -38"><span class='ocrx_word' id='word_1_514' title='bbox 1955 3273 2003 3329; x_wconf 89' lang='lat' dir='ltr'><strong>is</strong></span> <span class='ocrx_word' id='word_1_515' title='bbox 2045 3277 2140 3346; x_wconf 88' lang='lat' dir='ltr'><strong>qui</strong></span> <span class='ocrx_word' id='word_1_516' title='bbox 2183 3294 2215 3332; x_wconf 89' lang='lat' dir='ltr'><strong>a</strong></span> <span class='ocrx_word' id='word_1_517' title='bbox 2260 3295 2386 3349; x_wconf 84' lang='lat' dir='ltr'><strong>rege</strong></span> <span class='ocrx_word' id='word_1_518' title='bbox 2425 3282 2752 3336; x_wconf 85' lang='lat' dir='ltr'><strong>servandum</strong></span> <span class='ocrx_word' id='word_1_519' title='bbox 2797 3297 3132 3355; x_wconf 86' lang='lat' dir='ltr'><strong>susceperat,</strong></span> <span class='ocrx_word' id='word_1_520' title='bbox 3181 3289 3356 3348; x_wconf 90' lang='lat' dir='ltr'><strong>inscio</strong></span> <span class='ocrx_word' id='word_1_521' title='bbox 3398 3311 3545 3367; x_wconf 78' lang='lat' dir='ltr'><strong>rege,</strong></span> 
     </span>
    </p>
   </div>
   <div class='ocr_carea' id='block_1_79' title="bbox 1954 3369 2757 3440">
    <p class='ocr_par' dir='ltr' id='par_1_79' title="bbox 1954 3369 2757 3440">
     <span class='ocr_line' id='line_1_79' title="bbox 1954 3369 2757 3440; baseline 0.01 -20"><span class='ocrx_word' id='word_1_522' title='bbox 1954 3369 2095 3436; x_wconf 82' lang='lat' dir='ltr'><strong>patri</strong></span> <span class='ocrx_word' id='word_1_523' title='bbox 2125 3384 2226 3425; x_wconf 87' lang='lat' dir='ltr'><strong>nec</strong></span> <span class='ocrx_word' id='word_1_524' title='bbox 2254 3371 2498 3440; x_wconf 90' lang='lat' dir='ltr'><strong>opinanti</strong></span> <span class='ocrx_word' id='word_1_525' title='bbox 2527 3373 2757 3428; x_wconf 83' lang='lat' dir='ltr'><strong>remisit.</strong></span> 
     </span>
    </p>
   </div>
   <div class='ocr_carea' id='block_1_80' title="bbox 2027 3459 3546 3543">
    <p class='ocr_par' dir='ltr' id='par_1_80' title="bbox 2027 3459 3546 3543">
     <span class='ocr_line' id='line_1_80' title="bbox 2027 3459 3546 3543; baseline 0.013 -29"><span class='ocrx_word' id='word_1_526' title='bbox 2027 3459 2198 3517; x_wconf 83' lang='lat' dir='ltr'><strong>Filius</strong></span> <span class='ocrx_word' id='word_1_527' title='bbox 2229 3460 2460 3518; x_wconf 85' lang='lat' dir='ltr'><strong>Uotonis</strong></span> <span class='ocrx_word' id='word_1_528' title='bbox 2493 3465 2584 3497; x_wconf 69' lang='grc'><strong>⁸⁸⁸⁸</strong></span> <span class='ocrx_word' id='word_1_529' title='bbox 2609 3467 2948 3525; x_wconf 88' lang='lat' dir='ltr'><strong>marchionis</strong></span> <span class='ocrx_word' id='word_1_530' title='bbox 2970 3477 3025 3523; x_wconf 90' lang='lat' dir='ltr'><strong>et</strong></span> <span class='ocrx_word' id='word_1_531' title='bbox 3055 3470 3201 3527; x_wconf 86' lang='lat' dir='ltr'><strong>filius</strong></span> <span class='ocrx_word' id='word_1_532' title='bbox 3223 3473 3426 3543; x_wconf 68' lang='lat' dir='ltr'><strong>Adelze,</strong></span> <span class='ocrx_word' id='word_1_533' title='bbox 3450 3477 3546 3533; x_wconf 91' lang='lat' dir='ltr'><strong>de-</strong></span> 
     </span>
    </p>
   </div>
   <div class='ocr_carea' id='block_1_81' title="bbox 1950 3553 3546 3630">
    <p class='ocr_par' dir='ltr' id='par_1_81' title="bbox 1950 3553 3546 3630">
     <span class='ocr_line' id='line_1_81' title="bbox 1950 3553 3546 3630; baseline 0.012 -23"><span class='ocrx_word' id='word_1_534' title='bbox 1950 3553 2155 3609; x_wconf 72' lang='lat' dir='ltr'><strong>relicta:</strong></span> <span class='ocrx_word' id='word_1_535' title='bbox 2189 3553 2321 3610; x_wconf 85' lang='lat' dir='ltr'><strong>Dedi</strong></span> <span class='ocrx_word' id='word_1_536' title='bbox 2360 3557 2696 3614; x_wconf 89' lang='lat' dir='ltr'><strong>marchionis</strong></span> <span class='ocrx_word' id='word_1_537' title='bbox 2725 3559 2895 3630; x_wconf 77' lang='grc'><strong>(445),</strong></span> <span class='ocrx_word' id='word_1_538' title='bbox 2926 3562 3089 3617; x_wconf 89' lang='lat' dir='ltr'><strong>ambo</strong></span> <span class='ocrx_word' id='word_1_539' title='bbox 3122 3571 3325 3622; x_wconf 72' lang='lat' dir='ltr'><strong>tenera:</strong></span> <span class='ocrx_word' id='word_1_540' title='bbox 3368 3571 3546 3627; x_wconf 63' lang='lat' dir='ltr'><strong>astatis</strong></span> 
     </span>
    </p>
   </div>
   <div class='ocr_carea' id='block_1_82' title="bbox 1952 3644 3543 3728">
    <p class='ocr_par' dir='ltr' id='par_1_82' title="bbox 1952 3644 3543 3728">
     <span class='ocr_line' id='line_1_82' title="bbox 1952 3644 3543 3728; baseline 0.013 -30"><span class='ocrx_word' id='word_1_541' title='bbox 1952 3653 2007 3698; x_wconf 90' lang='lat' dir='ltr'><strong>et</strong></span> <span class='ocrx_word' id='word_1_542' title='bbox 2032 3644 2193 3716; x_wconf 82' lang='lat' dir='ltr'><strong>longe</strong></span> <span class='ocrx_word' id='word_1_543' title='bbox 2227 3648 2406 3702; x_wconf 89' lang='lat' dir='ltr'><strong>adhuc</strong></span> <span class='ocrx_word' id='word_1_544' title='bbox 2432 3647 2574 3703; x_wconf 89' lang='lat' dir='ltr'><strong>infra</strong></span> <span class='ocrx_word' id='word_1_545' title='bbox 2595 3650 2900 3719; x_wconf 89' lang='lat' dir='ltr'><strong>pubertatis</strong></span> <span class='ocrx_word' id='word_1_546' title='bbox 2941 3668 3117 3710; x_wconf 89' lang='lat' dir='ltr'><strong>annos</strong></span> <span class='ocrx_word' id='word_1_547' title='bbox 3148 3659 3386 3728; x_wconf 86' lang='lat' dir='ltr'><strong>pueruli,</strong></span> <span class='ocrx_word' id='word_1_548' title='bbox 3416 3677 3543 3718; x_wconf 92' lang='lat' dir='ltr'><strong>cum</strong></span> 
     </span>
    </p>
   </div>
   <div class='ocr_carea' id='block_1_83' title="bbox 1954 3736 3543 3825">
    <p class='ocr_par' dir='ltr' id='par_1_83' title="bbox 1954 3736 3543 3825">
     <span class='ocr_line' id='line_1_83' title="bbox 1954 3736 3543 3825; baseline 0.012 -35"><span class='ocrx_word' id='word_1_549' title='bbox 1954 3736 2009 3790; x_wconf 89' lang='lat' dir='ltr'><strong>in</strong></span> <span class='ocrx_word' id='word_1_550' title='bbox 2052 3739 2357 3794; x_wconf 78' lang='lat' dir='ltr'><strong>munitione</strong></span> <span class='ocrx_word' id='word_1_551' title='bbox 2412 3741 2700 3810; x_wconf 87' lang='lat' dir='ltr'><strong>cujusdam</strong></span> <span class='ocrx_word' id='word_1_552' title='bbox 2748 3741 3050 3800; x_wconf 87' lang='lat' dir='ltr'><strong>Everhardi</strong></span> <span class='ocrx_word' id='word_1_553' title='bbox 3105 3749 3343 3806; x_wconf 88' lang='lat' dir='ltr'><strong>ministri</strong></span> <span class='ocrx_word' id='word_1_554' title='bbox 3399 3753 3543 3825; x_wconf 84' lang='lat' dir='ltr'><strong>regis</strong></span> 
     </span>
    </p>
   </div>
   <div class='ocr_carea' id='block_1_84' title="bbox 1951 3823 3540 3911">
    <p class='ocr_par' dir='ltr' id='par_1_84' title="bbox 1951 3823 3540 3911">
     <span class='ocr_line' id='line_1_84' title="bbox 1951 3823 3540 3911; baseline 0.013 -29"><span class='ocrx_word' id='word_1_555' title='bbox 1951 3831 2388 3897; x_wconf 86' lang='lat' dir='ltr'><strong>custodirentur,</strong></span> <span class='ocrx_word' id='word_1_556' title='bbox 2443 3823 2718 3904; x_wconf 48' lang='lat' dir='ltr'><strong>magnum’</strong></span> <span class='ocrx_word' id='word_1_557' title='bbox 2751 3837 3028 3906; x_wconf 86' lang='lat' dir='ltr'><strong>quoddam</strong></span> <span class='ocrx_word' id='word_1_558' title='bbox 3085 3847 3139 3894; x_wconf 90' lang='lat' dir='ltr'><strong>et</strong></span> <span class='ocrx_word' id='word_1_559' title='bbox 3191 3823 3540 3911; x_wconf 73' lang='lat' dir='ltr'><strong>posterozum</strong></span> 
     </span>
    </p>
   </div>
   <div class='ocr_carea' id='block_1_85' title="bbox 1953 3922 3539 3994">
    <p class='ocr_par' dir='ltr' id='par_1_85' title="bbox 1953 3922 3539 3994">
     <span class='ocr_line' id='line_1_85' title="bbox 1953 3922 3539 3994; baseline 0.013 -20"><span class='ocrx_word' id='word_1_560' title='bbox 1953 3922 2217 3976; x_wconf 88' lang='lat' dir='ltr'><strong>memoria</strong></span> <span class='ocrx_word' id='word_1_561' title='bbox 2251 3924 2476 3993; x_wconf 83' lang='lat' dir='ltr'><strong>dignum</strong></span> <span class='ocrx_word' id='word_1_562' title='bbox 2515 3927 2870 3985; x_wconf 66' lang='lat' dir='ltr'><strong>nobilissimae</strong></span> <span class='ocrx_word' id='word_1_563' title='bbox 2911 3929 3110 3986; x_wconf 91' lang='lat' dir='ltr'><strong>indolis</strong></span> <span class='ocrx_word' id='word_1_564' title='bbox 3149 3933 3539 3994; x_wconf 87' lang='lat' dir='ltr'><strong>documentum</strong></span> 
     </span>
    </p>
   </div>
   <div class='ocr_carea' id='block_1_86' title="bbox 1950 4014 3540 4090">
    <p class='ocr_par' dir='ltr' id='par_1_86' title="bbox 1950 4014 3540 4090">
     <span class='ocr_line' id='line_1_86' title="bbox 1950 4014 3540 4090; baseline 0.009 -22"><span class='ocrx_word' id='word_1_565' title='bbox 1950 4014 2256 4068; x_wconf 88' lang='lat' dir='ltr'><strong>ediderunt.</strong></span> <span class='ocrx_word' id='word_1_566' title='bbox 2304 4014 2553 4071; x_wconf 82' lang='lat' dir='ltr'><strong>Jusserat</strong></span> <span class='ocrx_word' id='word_1_567' title='bbox 2595 4034 2688 4072; x_wconf 83' lang='lat' dir='ltr'><strong>rex</strong></span> <span class='ocrx_word' id='word_1_568' title='bbox 2732 4019 2908 4073; x_wconf 89' lang='lat' dir='ltr'><strong>eidem</strong></span> <span class='ocrx_word' id='word_1_569' title='bbox 2951 4021 3286 4090; x_wconf 84' lang='lat' dir='ltr'><strong>Everhardo,</strong></span> <span class='ocrx_word' id='word_1_570' title='bbox 3331 4029 3415 4082; x_wconf 85' lang='lat' dir='ltr'><strong>vel</strong></span> <span class='ocrx_word' id='word_1_571' title='bbox 3451 4031 3540 4064; x_wconf 73' lang='grc'><strong>⁸⁸⁵⁷</strong></span> 
     </span>
    </p>
   </div>
   <div class='ocr_carea' id='block_1_87' title="bbox 1951 4106 3542 4184">
    <p class='ocr_par' dir='ltr' id='par_1_87' title="bbox 1951 4106 3542 4184">
     <span class='ocr_line' id='line_1_87' title="bbox 1951 4106 3542 4184; baseline 0.011 -26"><span class='ocrx_word' id='word_1_572' title='bbox 1951 4115 2172 4174; x_wconf 91' lang='lat' dir='ltr'><strong>propter</strong></span> <span class='ocrx_word' id='word_1_573' title='bbox 2202 4106 2337 4159; x_wconf 89' lang='lat' dir='ltr'><strong>tanti</strong></span> <span class='ocrx_word' id='word_1_574' title='bbox 2363 4107 2576 4176; x_wconf 87' lang='lat' dir='ltr'><strong>generis</strong></span> <span class='ocrx_word' id='word_1_575' title='bbox 2605 4109 2906 4163; x_wconf 84' lang='lat' dir='ltr'><strong>claritatem</strong></span> <span class='ocrx_word' id='word_1_576' title='bbox 2937 4111 3020 4165; x_wconf 86' lang='lat' dir='ltr'><strong>vel</strong></span> <span class='ocrx_word' id='word_1_577' title='bbox 3052 4110 3140 4144; x_wconf 69' lang='grc'><strong>¹⁸⁸⁷</strong></span> <span class='ocrx_word' id='word_1_578' title='bbox 3162 4126 3382 4184; x_wconf 90' lang='lat' dir='ltr'><strong>propter</strong></span> <span class='ocrx_word' id='word_1_579' title='bbox 3409 4127 3542 4175; x_wconf 66' lang='lat' dir='ltr'><strong>aeta-</strong></span> 
     </span>
    </p>
   </div>
   <div class='ocr_carea' id='block_1_88' title="bbox 1953 4195 3542 4276">
    <p class='ocr_par' dir='ltr' id='par_1_88' title="bbox 1953 4195 3542 4276">
     <span class='ocr_line' id='line_1_88' title="bbox 1953 4195 3542 4276; baseline 0.013 -28"><span class='ocrx_word' id='word_1_580' title='bbox 1953 4196 2023 4250; x_wconf 89' lang='lat' dir='ltr'><strong>tis</strong></span> <span class='ocrx_word' id='word_1_581' title='bbox 2060 4195 2290 4250; x_wconf 63' lang='lat' dir='ltr'><strong>infirmae</strong></span> <span class='ocrx_word' id='word_1_582' title='bbox 2327 4198 2786 4266; x_wconf 87' lang='lat' dir='ltr'><strong>compassionem,</strong></span> <span class='ocrx_word' id='word_1_583' title='bbox 2830 4210 2892 4254; x_wconf 92' lang='lat' dir='ltr'><strong>ut</strong></span> <span class='ocrx_word' id='word_1_584' title='bbox 2926 4217 3023 4257; x_wconf 89' lang='lat' dir='ltr'><strong>eos</strong></span> <span class='ocrx_word' id='word_1_585' title='bbox 3065 4203 3542 4276; x_wconf 86' lang='lat' dir='ltr'><strong>indulgentissime</strong></span> 
     </span>
    </p>
   </div>
   <div class='ocr_carea' id='block_1_89' title="bbox 261 4285 3542 4367">
    <p class='ocr_par' dir='ltr' id='par_1_89' title="bbox 261 4285 3542 4367">
     <span class='ocr_line' id='line_1_89' title="bbox 261 4285 3542 4367; baseline 0.009 -28"><span class='ocrx_word' id='word_1_586' title='bbox 261 4285 460 4342; x_wconf 84' lang='lat' dir='ltr'><strong>ﬂuvius</strong></span> <span class='ocrx_word' id='word_1_587' title='bbox 500 4288 677 4343; x_wconf 90' lang='lat' dir='ltr'><strong>factus</strong></span> <span class='ocrx_word' id='word_1_588' title='bbox 719 4300 802 4345; x_wconf 89' lang='lat' dir='ltr'><strong>est</strong></span> <span class='ocrx_word' id='word_1_589' title='bbox 839 4292 1276 4357; x_wconf 88' lang='lat' dir='ltr'><strong>transmeabilis,</strong></span> <span class='ocrx_word' id='word_1_590' title='bbox 1330 4295 1716 4363; x_wconf 74' lang='lat' dir='ltr'><strong>adjunctis“m</strong></span> <span class='ocrx_word' id='word_1_591' title='bbox 1747 4296 1849 4352; x_wconf 90' lang='lat' dir='ltr'><strong>sibi</strong></span> <span class='ocrx_word' id='word_1_592' title='bbox 1883 4307 1927 4359; x_wconf 78' lang='grc' dir='ltr'><strong>ι)</strong></span> <span class='ocrx_word' id='word_1_593' title='bbox 1953 4288 2188 4342; x_wconf 58' lang='lat' dir='ltr'><strong>nutriret</strong></span> <span class='ocrx_word' id='word_1_594' title='bbox 2223 4296 2294 4352; x_wconf 72' lang='grc' dir='ltr'><strong>εις</strong></span> <span class='ocrx_word' id='word_1_595' title='bbox 2343 4303 2410 4342; x_wconf 74' lang='lat' dir='ltr'><strong>De</strong></span> <span class='ocrx_word' id='word_1_596' title='bbox 2455 4298 2549 4343; x_wconf 58' lang='lat' dir='ltr'><strong>aut</strong></span> <span class='ocrx_word' id='word_1_597' title='bbox 2588 4289 2750 4343; x_wconf 68' lang='grc' dir='ltr'><strong>ίηενῑί</strong></span> <span class='ocrx_word' id='word_1_598' title='bbox 2795 4292 2908 4345; x_wconf 76' lang='grc' dir='ltr'><strong>οιίο</strong></span> <span class='ocrx_word' id='word_1_599' title='bbox 2953 4303 3048 4348; x_wconf 65' lang='grc' dir='ltr'><strong>θυι</strong></span> <span class='ocrx_word' id='word_1_600' title='bbox 3082 4295 3230 4367; x_wconf 77' lang='lat' dir='ltr'><strong>iugis</strong></span> <span class='ocrx_word' id='word_1_601' title='bbox 3275 4303 3542 4362; x_wconf 70' lang='grc' dir='ltr'>ωειοάἱώ</span> 
     </span>
    </p>
   </div>
   <div class='ocr_carea' id='block_1_90' title="bbox 265 4374 3543 4456">
    <p class='ocr_par' dir='ltr' id='par_1_90' title="bbox 265 4374 3543 4456">
     <span class='ocr_line' id='line_1_90' title="bbox 265 4374 3543 4456; baseline 0.008 -27"><span class='ocrx_word' id='word_1_602' title='bbox 265 4374 595 4442; x_wconf 83' lang='lat' dir='ltr'><strong>Saxonibus.</strong></span> <span class='ocrx_word' id='word_1_603' title='bbox 622 4381 851 4438; x_wconf 85' lang='lat' dir='ltr'><strong>Misinen</strong></span> <span class='ocrx_word' id='word_1_604' title='bbox 882 4383 974 4416; x_wconf 73' lang='lat' dir='ltr'><strong>m‘</strong></span> <span class='ocrx_word' id='word_1_605' title='bbox 990 4385 1251 4453; x_wconf 79' lang='lat' dir='ltr'><strong>perrexit,</strong></span> <span class='ocrx_word' id='word_1_606' title='bbox 1279 4386 1576 4455; x_wconf 88' lang='lat' dir='ltr'><strong>omniaque</strong></span> <span class='ocrx_word' id='word_1_607' title='bbox 1597 4387 1842 4455; x_wconf 88' lang='lat' dir='ltr'><strong>castella,</strong></span> <span class='ocrx_word' id='word_1_608' title='bbox 1953 4380 2112 4434; x_wconf 61' lang='grc' dir='ltr'><strong>ιωάίο</strong></span> <span class='ocrx_word' id='word_1_609' title='bbox 2159 4380 2522 4443; x_wconf 58' lang='lat' dir='ltr'><strong>tabescerent»</strong></span> <span class='ocrx_word' id='word_1_610' title='bbox 2574 4381 2780 4435; x_wconf 71' lang='grc' dir='ltr'><strong>δίηθτθῑ</strong></span> <span class='ocrx_word' id='word_1_611' title='bbox 2825 4383 2916 4414; x_wconf 68' lang='grc'><strong>¹⁸⁵³</strong></span> <span class='ocrx_word' id='word_1_612' title='bbox 2953 4399 3049 4440; x_wconf 74' lang='lat'><strong>€05</strong></span> <span class='ocrx_word' id='word_1_613' title='bbox 3095 4385 3366 4446; x_wconf 62' lang='lat' dir='ltr'><strong>interdum</strong></span> <span class='ocrx_word' id='word_1_614' title='bbox 3411 4410 3543 4456; x_wconf 87' lang='lat' dir='ltr'><strong>cum</strong></span> 
     </span>
    </p>
   </div>
   <div class='ocr_carea' id='block_1_91' title="bbox 261 4469 1856 4555">
    <p class='ocr_par' dir='ltr' id='par_1_91' title="bbox 261 4469 1844 4546">
     <span class='ocr_line' id='line_1_91' title="bbox 261 4469 1844 4546; baseline 0.006 -23"><span class='ocrx_word' id='word_1_615' title='bbox 261 4469 462 4539; x_wconf 88' lang='lat' dir='ltr'><strong>quibus</strong></span> <span class='ocrx_word' id='word_1_616' title='bbox 481 4472 898 4530; x_wconf 31' lang='lat' dir='ltr'><strong>duvaoemicus</strong></span> <span class='ocrx_word' id='word_1_617' title='bbox 917 4476 1231 4545; x_wconf 67' lang='lat' dir='ltr'><strong>praesidium</strong></span> <span class='ocrx_word' id='word_1_618' title='bbox 1247 4476 1602 4546; x_wconf 90' lang='lat' dir='ltr'><strong>imposuerat,</strong></span> <span class='ocrx_word' id='word_1_619' title='bbox 1625 4479 1844 4534; x_wconf 87' lang='lat' dir='ltr'><strong>admota</strong></span> 
     </span>
    </p>
   </div>
   <div class='ocr_carea' id='block_1_92' title="bbox 1961 4469 3552 4555">
    <p class='ocr_par' dir='ltr' id='par_1_92' title="bbox 1961 4471 3552 4555">
     <span class='ocr_line' id='line_1_92' title="bbox 1961 4471 3552 4555; baseline 0.011 -29"><span class='ocrx_word' id='word_1_620' title='bbox 1961 4473 2253 4543; x_wconf 67' lang='lat' dir='ltr'><strong>aequalibus</strong></span> <span class='ocrx_word' id='word_1_621' title='bbox 2279 4473 2396 4526; x_wconf 90' lang='lat' dir='ltr'><strong>suis</strong></span> <span class='ocrx_word' id='word_1_622' title='bbox 2427 4472 2652 4528; x_wconf 88' lang='lat' dir='ltr'><strong>ludicris</strong></span> <span class='ocrx_word' id='word_1_623' title='bbox 2684 4471 2773 4505; x_wconf 66' lang='grc' dir='ltr'><strong>ηδ’</strong></span> <span class='ocrx_word' id='word_1_624' title='bbox 2803 4476 3106 4545; x_wconf 88' lang='lat' dir='ltr'><strong>puerilibus</strong></span> <span class='ocrx_word' id='word_1_625' title='bbox 3132 4484 3394 4540; x_wconf 83' lang='lat' dir='ltr'><strong>exerceri.</strong></span> <span class='ocrx_word' id='word_1_626' title='bbox 3423 4485 3552 4555; x_wconf 76' lang='lat' dir='ltr'><strong>Hoc</strong></span> 
     </span>
    </p>
   </div>
   <div class='ocr_carea' id='block_1_93' title="bbox 1584 4608 2261 4669">
    <p class='ocr_par' dir='ltr' id='par_1_93' title="bbox 1584 4608 2261 4669">
     <span class='ocr_line' id='line_1_93' title="bbox 1584 4608 2261 4669; baseline -0.007 -1"><span class='ocrx_word' id='word_1_627' title='bbox 1584 4611 1819 4669; x_wconf 69' lang='lat' dir='ltr'><strong>VARUS</strong></span> <span class='ocrx_word' id='word_1_628' title='bbox 1856 4608 2261 4668; x_wconf 83' lang='lat' dir='ltr'><strong>LECTIONES.</strong></span> 
     </span>
    </p>
   </div>
   <div class='ocr_carea' id='block_1_94' title="bbox 336 4726 3613 4823">
    <p class='ocr_par' dir='ltr' id='par_1_94' title="bbox 336 4726 3613 4823">
     <span class='ocr_line' id='line_1_94' title="bbox 336 4726 3613 4823; baseline 0.004 -40"><span class='ocrx_word' id='word_1_629' title='bbox 336 4727 424 4764; x_wconf 73' lang='grc'>⁸⁸³³</span> <span class='ocrx_word' id='word_1_630' title='bbox 447 4727 793 4784; x_wconf 86' lang='lat' dir='ltr'><strong>restinxisset</strong></span> <span class='ocrx_word' id='word_1_631' title='bbox 817 4731 866 4782; x_wconf 89' lang='lat' dir='ltr'><strong>l.</strong></span> <span class='ocrx_word' id='word_1_632' title='bbox 948 4728 1038 4760; x_wconf 82' lang='grc'><strong>¹⁸³⁰</strong></span> <span class='ocrx_word' id='word_1_633' title='bbox 1068 4736 1352 4800; x_wconf 84' lang='lat' dir='ltr'><strong>totumque</strong></span> <span class='ocrx_word' id='word_1_634' title='bbox 1374 4732 1426 4785; x_wconf 76' lang='grc' dir='ltr'><strong>ὅ.</strong></span> <span class='ocrx_word' id='word_1_635' title='bbox 1507 4727 1596 4763; x_wconf 73' lang='grc'><strong>¹⁸³¹</strong></span> <span class='ocrx_word' id='word_1_636' title='bbox 1629 4741 1684 4787; x_wconf 90' lang='lat' dir='ltr'><strong>et</strong></span> <span class='ocrx_word' id='word_1_637' title='bbox 1705 4761 1775 4772; x_wconf 89' lang='lat'><strong>——</strong></span> <span class='ocrx_word' id='word_1_638' title='bbox 1804 4739 1859 4784; x_wconf 90' lang='lat' dir='ltr'><strong>et</strong></span> <span class='ocrx_word' id='word_1_639' title='bbox 1879 4761 1949 4770; x_wconf 90' lang='lat'><strong><em>—</em></strong></span> <span class='ocrx_word' id='word_1_640' title='bbox 1968 4738 2115 4784; x_wconf 88' lang='lat' dir='ltr'><strong>et—</strong></span> <span class='ocrx_word' id='word_1_641' title='bbox 2141 4736 2197 4785; x_wconf 90' lang='lat' dir='ltr'><strong>et</strong></span> <span class='ocrx_word' id='word_1_642' title='bbox 2353 4726 2444 4758; x_wconf 83' lang='grc'><strong>¹⁸³¹</strong></span> <span class='ocrx_word' id='word_1_643' title='bbox 2475 4728 2796 4784; x_wconf 87' lang='lat' dir='ltr'><strong>evertendas</strong></span> <span class='ocrx_word' id='word_1_644' title='bbox 2825 4746 3089 4800; x_wconf 73' lang='lat' dir='ltr'><strong>superscr.</strong></span> <span class='ocrx_word' id='word_1_645' title='bbox 3113 4739 3470 4799; x_wconf 80' lang='lat' dir='ltr'><strong>enervandas</strong></span> <span class='ocrx_word' id='word_1_646' title='bbox 3520 4760 3613 4823; x_wconf 48' lang='grc' dir='ltr'><strong>ευ</strong></span> 
     </span>
    </p>
   </div>
   <div class='ocr_carea' id='block_1_95' title="bbox 261 4818 3648 4929">
    <p class='ocr_par' dir='ltr' id='par_1_95' title="bbox 261 4818 3648 4929">
     <span class='ocr_line' id='line_1_95' title="bbox 261 4818 3648 4929; baseline 0.008 -48"><span class='ocrx_word' id='word_1_647' title='bbox 261 4819 354 4856; x_wconf 80' lang='grc'><strong>⁸⁸⁸³</strong></span> <span class='ocrx_word' id='word_1_648' title='bbox 378 4827 512 4875; x_wconf 80' lang='lat' dir='ltr'><strong>tunc</strong></span> <span class='ocrx_word' id='word_1_649' title='bbox 535 4820 590 4873; x_wconf 69' lang='grc'><strong>4.</strong></span> <span class='ocrx_word' id='word_1_650' title='bbox 670 4820 759 4854; x_wconf 72' lang='grc'>’⁸³⁸</span> <span class='ocrx_word' id='word_1_651' title='bbox 785 4819 1060 4876; x_wconf 81' lang='lat' dir='ltr'><strong>Robertus</strong></span> <span class='ocrx_word' id='word_1_652' title='bbox 1085 4822 1138 4876; x_wconf 94' lang='lat'><strong>5.</strong></span> <span class='ocrx_word' id='word_1_653' title='bbox 1217 4822 1308 4854; x_wconf 71' lang='grc'><strong>⁸⁸³⁵</strong></span> <span class='ocrx_word' id='word_1_654' title='bbox 1340 4822 1608 4878; x_wconf 85' lang='lat' dir='ltr'><strong>advinctis</strong></span> <span class='ocrx_word' id='word_1_655' title='bbox 1639 4825 1692 4879; x_wconf 94' lang='grc'><strong>4.</strong></span> <span class='ocrx_word' id='word_1_656' title='bbox 1774 4822 1865 4854; x_wconf 81' lang='grc'><strong>¹⁸³⁶</strong></span> <span class='ocrx_word' id='word_1_657' title='bbox 1889 4821 2162 4878; x_wconf 81' lang='lat' dir='ltr'><strong>Missenen</strong></span> <span class='ocrx_word' id='word_1_658' title='bbox 2188 4822 2237 4874; x_wconf 70' lang='grc'><strong>1.</strong></span> <span class='ocrx_word' id='word_1_659' title='bbox 2284 4818 2526 4875; x_wconf 80' lang='lat' dir='ltr'><strong>Misenen</strong></span> <span class='ocrx_word' id='word_1_660' title='bbox 2560 4822 2612 4875; x_wconf 84' lang='grc'><strong>4.</strong></span> <span class='ocrx_word' id='word_1_661' title='bbox 2643 4822 2696 4876; x_wconf 89' lang='grc'><strong>5.</strong></span> <span class='ocrx_word' id='word_1_662' title='bbox 2778 4823 2868 4854; x_wconf 79' lang='grc'><strong>³⁸³⁷</strong></span> <span class='ocrx_word' id='word_1_663' title='bbox 2893 4831 3144 4896; x_wconf 84' lang='lat' dir='ltr'><strong>omnium</strong></span> <span class='ocrx_word' id='word_1_664' title='bbox 3168 4830 3222 4883; x_wconf 88' lang='grc'><strong>4.</strong></span> <span class='ocrx_word' id='word_1_665' title='bbox 3303 4829 3398 4860; x_wconf 77' lang='grc'><strong>⁸⁸³⁸</strong></span> 
     </span>
     <span class='ocr_line' id='line_1_96' title="bbox 261 4889 3492 4929; baseline 0 0"><span class='ocrx_word' id='word_1_666' title='bbox 261 4891 442 4929; x_wconf 69' lang='grc' dir='ltr'><strong>ΑιιΙΓηρ</strong></span> <span class='ocrx_word' id='word_1_667' title='bbox 481 4891 514 4929; x_wconf 71' lang='lat'><strong>74</strong></span> <span class='ocrx_word' id='word_1_668' title='bbox 632 4890 720 4924; x_wconf 70' lang='lat' dir='ltr'><strong>seu</strong></span> <span class='ocrx_word' id='word_1_669' title='bbox 757 4889 1082 4929; x_wconf 72' lang='lat' dir='ltr'><strong>Rorlhnhlnc</strong></span> <span class='ocrx_word' id='word_1_670' title='bbox 1131 4894 1158 4929; x_wconf 67' lang='grc' dir='ltr'><strong><em>ι</em></strong></span> <span class='ocrx_word' id='word_1_671' title='bbox 1276 4892 1366 4922; x_wconf 71' lang='lat' dir='ltr'><strong>18W</strong></span> <span class='ocrx_word' id='word_1_672' title='bbox 1408 4893 1667 4929; x_wconf 68' lang='lat' dir='ltr'><strong>Adnltmm</strong></span> <span class='ocrx_word' id='word_1_673' title='bbox 1705 4909 1880 4929; x_wconf 66' lang='lat' dir='ltr'><strong>mm...</strong></span> <span class='ocrx_word' id='word_1_674' title='bbox 2006 4891 2092 4924; x_wconf 66' lang='lat' dir='ltr'><strong>18M</strong></span> <span class='ocrx_word' id='word_1_675' title='bbox 2141 4890 2458 4929; x_wconf 66' lang='lat' dir='ltr'><strong>Arlnlhnrmc</strong></span> <span class='ocrx_word' id='word_1_676' title='bbox 2493 4891 2514 4929; x_wconf 74' lang='grc'><strong>4</strong></span> <span class='ocrx_word' id='word_1_677' title='bbox 2583 4891 2616 4929; x_wconf 61' lang='lat' dir='ltr'><strong>ix</strong></span> <span class='ocrx_word' id='word_1_678' title='bbox 2735 4892 2825 4925; x_wconf 70' lang='lat' dir='ltr'><strong>ista</strong></span> <span class='ocrx_word' id='word_1_679' title='bbox 2865 4908 3025 4929; x_wconf 65' lang='lat' dir='ltr'><strong>nm..-</strong></span> <span class='ocrx_word' id='word_1_680' title='bbox 3061 4900 3104 4929; x_wconf 70' lang='grc' dir='ltr'><strong>..ς</strong></span> <span class='ocrx_word' id='word_1_681' title='bbox 3160 4899 3181 4929; x_wconf 80' lang='grc' dir='ltr'><strong><em>ι</em></strong></span> <span class='ocrx_word' id='word_1_682' title='bbox 3307 4897 3402 4929; x_wconf 72' lang='lat' dir='ltr'><strong>ut:</strong></span> <span class='ocrx_word' id='word_1_683' title='bbox 3451 4906 3492 4929; x_wconf 68' lang='grc' dir='ltr'>ι</span> 
     </span>
    </p>
   </div>
   <div class='ocr_carea' id='block_1_96' title="bbox 258 4889 3684 5005">
    <p class='ocr_par' dir='ltr' id='par_1_96' title="bbox 258 4889 3684 5005">
     <span class='ocr_line' id='line_1_97' title="bbox 258 4889 3684 5005; baseline -0.004 -57"><span class='ocrx_word' id='word_1_684' title='bbox 258 4891 443 4948; x_wconf 87' lang='lat' dir='ltr'><strong>dulfus</strong></span> <span class='ocrx_word' id='word_1_685' title='bbox 481 4891 532 4944; x_wconf 91' lang='lat'><strong>5.</strong></span> <span class='ocrx_word' id='word_1_686' title='bbox 632 4890 720 4924; x_wconf 78' lang='grc'><strong>³⁸³³</strong></span> <span class='ocrx_word' id='word_1_687' title='bbox 757 4889 1083 4945; x_wconf 85' lang='lat' dir='ltr'><strong>Bertholdus</strong></span> <span class='ocrx_word' id='word_1_688' title='bbox 1126 4894 1178 4947; x_wconf 92' lang='grc'><strong>4.</strong></span> <span class='ocrx_word' id='word_1_689' title='bbox 1276 4892 1366 4922; x_wconf 69' lang='grc'><strong>¹⁸³⁰</strong></span> <span class='ocrx_word' id='word_1_690' title='bbox 1399 4893 1667 4948; x_wconf 84' lang='lat' dir='ltr'><strong>Adelbero</strong></span> <span class='ocrx_word' id='word_1_691' title='bbox 1704 4909 1901 4948; x_wconf 77' lang='lat' dir='ltr'><strong>omnes.</strong></span> <span class='ocrx_word' id='word_1_692' title='bbox 2006 4891 2092 4924; x_wconf 69' lang='grc'><strong>¹⁸⁵¹</strong></span> <span class='ocrx_word' id='word_1_693' title='bbox 2133 4890 2459 4972; x_wconf 76' lang='lat' dir='ltr'><strong>Adelbertus</strong></span> <span class='ocrx_word' id='word_1_694' title='bbox 2493 4891 2543 4945; x_wconf 80' lang='grc'><strong>1.</strong></span> <span class='ocrx_word' id='word_1_695' title='bbox 2582 4891 2634 4944; x_wconf 89' lang='lat'><strong>5.</strong></span> <span class='ocrx_word' id='word_1_696' title='bbox 2735 4892 2825 4925; x_wconf 63' lang='grc' dir='ltr'><strong>ηδ’</strong></span> <span class='ocrx_word' id='word_1_697' title='bbox 2865 4908 3026 4961; x_wconf 62' lang='lat' dir='ltr'><strong>parte</strong></span> <span class='ocrx_word' id='word_1_698' title='bbox 3061 4894 3121 4954; x_wconf 59' lang='lat' dir='ltr'><strong>si</strong></span> <span class='ocrx_word' id='word_1_699' title='bbox 3155 4899 3208 4952; x_wconf 68' lang='grc'><strong>4,</strong></span> <span class='ocrx_word' id='word_1_700' title='bbox 3249 4933 3268 4977; x_wconf 41' lang='grc'><strong>⁸.</strong></span> <span class='ocrx_word' id='word_1_701' title='bbox 3307 4897 3402 4930; x_wconf 70' lang='lat' dir='ltr'><strong>tm</strong></span> <span class='ocrx_word' id='word_1_702' title='bbox 3451 4889 3684 5005; x_wconf 44' lang='grc' dir='ltr'><strong>ἰςζκ</strong></span> 
     </span>
     <span class='ocr_line' id='line_1_98' title="bbox 260 4959 3504 5005; baseline 0 0"><span class='ocrx_word' id='word_1_703' title='bbox 260 4960 527 5005; x_wconf 63' lang='lat' dir='ltr'><strong>Ihm-inuia</strong></span> <span class='ocrx_word' id='word_1_704' title='bbox 558 4960 608 5005; x_wconf 79' lang='grc'><strong>4-</strong></span> <span class='ocrx_word' id='word_1_705' title='bbox 645 4961 697 5005; x_wconf 70' lang='lat'><strong>&#39;5-</strong></span> <span class='ocrx_word' id='word_1_706' title='bbox 777 4961 866 4994; x_wconf 58' lang='lat'><strong>‘3“</strong></span> <span class='ocrx_word' id='word_1_707' title='bbox 889 4964 1199 5005; x_wconf 71' lang='lat' dir='ltr'><strong>nnmmnnic</strong></span> <span class='ocrx_word' id='word_1_708' title='bbox 1225 4963 1277 5005; x_wconf 72' lang='lat'><strong>3-</strong></span> <span class='ocrx_word' id='word_1_709' title='bbox 1358 4962 1450 4994; x_wconf 64' lang='lat'><strong>‘3“</strong></span> <span class='ocrx_word' id='word_1_710' title='bbox 1481 4973 1534 5005; x_wconf 69' lang='lat' dir='ltr'><strong>ot</strong></span> <span class='ocrx_word' id='word_1_711' title='bbox 1557 4965 1605 5005; x_wconf 41' lang='lat' dir='ltr'><strong>Pi.</strong></span> <span class='ocrx_word' id='word_1_712' title='bbox 1692 4964 1782 4998; x_wconf 65' lang='lat' dir='ltr'><strong>Il“</strong></span> <span class='ocrx_word' id='word_1_713' title='bbox 1805 4965 1881 5005; x_wconf 72' lang='lat' dir='ltr'><strong>ita</strong></span> <span class='ocrx_word' id='word_1_714' title='bbox 1914 4963 1962 5005; x_wconf 25' lang='lat'><strong>3.</strong></span> <span class='ocrx_word' id='word_1_715' title='bbox 1993 4963 2040 5005; x_wconf 69' lang='grc' dir='ltr'><strong>Δ.</strong></span> <span class='ocrx_word' id='word_1_716' title='bbox 2075 4975 2203 5005; x_wconf 70' lang='lat' dir='ltr'><strong>vpi-n</strong></span> <span class='ocrx_word' id='word_1_717' title='bbox 2235 4959 2403 5005; x_wconf 58' lang='lat' dir='ltr'><strong>Cum;</strong></span> <span class='ocrx_word' id='word_1_718' title='bbox 2433 4961 2484 5005; x_wconf 64' lang='grc' dir='ltr'><strong>Β-</strong></span> <span class='ocrx_word' id='word_1_719' title='bbox 2568 4961 2656 4994; x_wconf 63' lang='grc'><strong>⁸⁸⁵⁷</strong></span> <span class='ocrx_word' id='word_1_720' title='bbox 2684 4971 2738 5005; x_wconf 68' lang='lat' dir='ltr'><strong>nt.</strong></span> <span class='ocrx_word' id='word_1_721' title='bbox 2770 4993 2842 5001; x_wconf 90' lang='grc'><strong>--</strong></span> <span class='ocrx_word' id='word_1_722' title='bbox 2869 4973 2924 5005; x_wconf 73' lang='grc' dir='ltr'><strong>ιιι</strong></span> <span class='ocrx_word' id='word_1_723' title='bbox 2961 4969 2994 5005; x_wconf 63' lang='grc' dir='ltr'><strong>ἓξ</strong></span> <span class='ocrx_word' id='word_1_724' title='bbox 3095 4968 3182 4999; x_wconf 67' lang='grc' dir='ltr'><strong>ηδε</strong></span> <span class='ocrx_word' id='word_1_725' title='bbox 3216 4979 3504 5005; x_wconf 66' lang='lat' dir='ltr'><strong>clnarnn-</strong></span> 
     </span>
    </p>
   </div>
   <div class='ocr_carea' id='block_1_97' title="bbox 260 4959 3667 5039">
    <p class='ocr_par' dir='ltr' id='par_1_97' title="bbox 260 4959 3667 5039">
     <span class='ocr_line' id='line_1_99' title="bbox 260 4959 3667 5039; baseline 0.003 -23"><span class='ocrx_word' id='word_1_726' title='bbox 260 4960 527 5039; x_wconf 81' lang='lat' dir='ltr'><strong>theringie</strong></span> <span class='ocrx_word' id='word_1_727' title='bbox 558 4960 608 5012; x_wconf 81' lang='lat' dir='ltr'><strong>i.</strong></span> <span class='ocrx_word' id='word_1_728' title='bbox 645 4961 697 5013; x_wconf 87' lang='lat'><strong>5.</strong></span> <span class='ocrx_word' id='word_1_729' title='bbox 777 4961 866 4994; x_wconf 61' lang='grc'><strong>³⁸³⁸</strong></span> <span class='ocrx_word' id='word_1_730' title='bbox 889 4964 1199 5018; x_wconf 91' lang='lat' dir='ltr'><strong>communis</strong></span> <span class='ocrx_word' id='word_1_731' title='bbox 1225 4963 1278 5017; x_wconf 79' lang='lat'><strong>5.</strong></span> <span class='ocrx_word' id='word_1_732' title='bbox 1358 4962 1450 4994; x_wconf 65' lang='grc' dir='ltr'><strong>ηδ’</strong></span> <span class='ocrx_word' id='word_1_733' title='bbox 1481 4973 1536 5017; x_wconf 91' lang='lat' dir='ltr'><strong>et</strong></span> <span class='ocrx_word' id='word_1_734' title='bbox 1557 4965 1608 5018; x_wconf 86' lang='lat'><strong>5.</strong></span> <span class='ocrx_word' id='word_1_735' title='bbox 1692 4964 1782 4998; x_wconf 65' lang='grc'><strong>⁸³⁵⁸</strong></span> <span class='ocrx_word' id='word_1_736' title='bbox 1805 4965 1882 5019; x_wconf 85' lang='lat' dir='ltr'><strong>ita</strong></span> <span class='ocrx_word' id='word_1_737' title='bbox 1914 4963 1965 5018; x_wconf 85' lang='lat'><strong>5.</strong></span> <span class='ocrx_word' id='word_1_738' title='bbox 1993 4963 2043 5018; x_wconf 76' lang='grc'><strong>4.</strong></span> <span class='ocrx_word' id='word_1_739' title='bbox 2075 4975 2203 5019; x_wconf 82' lang='lat' dir='ltr'><strong>vero</strong></span> <span class='ocrx_word' id='word_1_740' title='bbox 2235 4959 2403 5015; x_wconf 88' lang='lat' dir='ltr'><strong>Conis</strong></span> <span class='ocrx_word' id='word_1_741' title='bbox 2433 4961 2484 5013; x_wconf 87' lang='grc'><strong>5.</strong></span> <span class='ocrx_word' id='word_1_742' title='bbox 2568 4961 2656 4994; x_wconf 69' lang='grc'><strong>⁸⁸⁵⁷</strong></span> <span class='ocrx_word' id='word_1_743' title='bbox 2684 4971 2738 5018; x_wconf 92' lang='lat' dir='ltr'><strong>et</strong></span> <span class='ocrx_word' id='word_1_744' title='bbox 2770 4993 2842 5001; x_wconf 93' lang='lat'><strong>—</strong></span> <span class='ocrx_word' id='word_1_745' title='bbox 2867 4959 2926 5017; x_wconf 74' lang='lat' dir='ltr'><strong>et</strong></span> <span class='ocrx_word' id='word_1_746' title='bbox 2959 4969 3015 5023; x_wconf 79' lang='grc'><strong>5.</strong></span> <span class='ocrx_word' id='word_1_747' title='bbox 3095 4968 3182 4999; x_wconf 67' lang='grc'><strong>¹⁶³⁸</strong></span> <span class='ocrx_word' id='word_1_748' title='bbox 3216 4959 3667 5039; x_wconf 58' lang='grc' dir='ltr'><strong>εἰηετεδῗἚ</strong></span> 
     </span>
    </p>
   </div>
   <div class='ocr_carea' id='block_1_98' title="bbox 260 5029 3696 5123">
    <p class='ocr_par' dir='ltr' id='par_1_98' title="bbox 260 5029 3696 5123">
     <span class='ocr_line' id='line_1_100' title="bbox 260 5029 3696 5123; baseline 0.009 -38"><span class='ocrx_word' id='word_1_749' title='bbox 260 5033 354 5068; x_wconf 64' lang='grc'><strong>⁸⁸⁵³</strong></span> <span class='ocrx_word' id='word_1_750' title='bbox 380 5029 579 5086; x_wconf 85' lang='lat' dir='ltr'><strong>Iudicis</strong></span> <span class='ocrx_word' id='word_1_751' title='bbox 615 5031 666 5083; x_wconf 84' lang='lat'><strong>5.</strong></span> <span class='ocrx_word' id='word_1_752' title='bbox 1940 5117 1954 5123; x_wconf 30' lang='grc' dir='ltr'><strong>η</strong></span> <span class='ocrx_word' id='word_1_753' title='bbox 3603 5037 3696 5077; x_wconf 42' lang='grc' dir='ltr'><strong>θ’</strong></span> 
     </span>
    </p>
   </div>
   <div class='ocr_carea' id='block_1_99' title="bbox 1129 5124 2002 5184">
    <p class='ocr_par' dir='ltr' id='par_1_99' title="bbox 1129 5124 2002 5184">
     <span class='ocr_line' id='line_1_101' title="bbox 1129 5124 2002 5184; baseline 0.01 -8"><span class='ocrx_word' id='word_1_754' title='bbox 1129 5129 1133 5131; x_wconf 73' lang='grc'><strong><em>“</em></strong></span> <span class='ocrx_word' id='word_1_755' title='bbox 1277 5145 1279 5147; x_wconf 92' lang='grc'><strong>·</strong></span> <span class='ocrx_word' id='word_1_756' title='bbox 1769 5124 1978 5184; x_wconf 67' lang='grc' dir='ltr'><strong>ΝΟΤΔΕ</strong></span> <span class='ocrx_word' id='word_1_757' title='bbox 1997 5168 2002 5175; x_wconf 95' lang='grc'><strong>-</strong></span> 
     </span>
    </p>
   </div>
   <div class='ocr_carea' id='block_1_100' title="bbox 1942 5212 3800 5330">
    <p class='ocr_par' dir='ltr' id='par_1_100' title="bbox 1942 5212 3800 5330">
     <span class='ocr_line' id='line_1_102' title="bbox 1942 5212 3800 5330; baseline -0.002 -58"><span class='ocrx_word' id='word_1_758' title='bbox 1942 5233 2067 5273; x_wconf 87' lang='lat' dir='ltr'><strong>nem</strong></span> <span class='ocrx_word' id='word_1_759' title='bbox 2119 5215 2432 5288; x_wconf 89' lang='lat' dir='ltr'><strong>proximum</strong></span> <span class='ocrx_word' id='word_1_760' title='bbox 2475 5212 2641 5271; x_wconf 89' lang='lat' dir='ltr'><strong>etiam</strong></span> <span class='ocrx_word' id='word_1_761' title='bbox 2661 5213 2764 5330; x_wconf 50' lang='lat' dir='ltr'><strong>gas</strong></span> <span class='ocrx_word' id='word_1_762' title='bbox 2795 5213 2850 5266; x_wconf 91' lang='lat' dir='ltr'><strong>in</strong></span> <span class='ocrx_word' id='word_1_763' title='bbox 2882 5222 3140 5278; x_wconf 79' lang='lat' dir='ltr'><strong>eamdem</strong></span> <span class='ocrx_word' id='word_1_764' title='bbox 3175 5221 3620 5312; x_wconf 46' lang='grc' dir='ltr'><strong>(εοπιρθῑὶξεξ</strong></span> <span class='ocrx_word' id='word_1_765' title='bbox 3797 5271 3800 5274; x_wconf 63' lang='grc'><strong><em>,</em></strong></span> 
     </span>
     <span class='ocr_line' id='line_1_103' title="bbox 1943 5279 3722 5330; baseline 0 0"><span class='ocrx_word' id='word_1_766' title='bbox 1943 5287 2061 5330; x_wconf 26' lang='grc' dir='ltr'><strong>νίιὶγ</strong></span> <span class='ocrx_word' id='word_1_767' title='bbox 2096 5289 2264 5330; x_wconf 60' lang='lat' dir='ltr'><strong>ctiam</strong></span> <span class='ocrx_word' id='word_1_768' title='bbox 2289 5285 2550 5330; x_wconf 62' lang='grc' dir='ltr'><strong>Μηςρηνη</strong></span> <span class='ocrx_word' id='word_1_769' title='bbox 2581 5302 2633 5330; x_wconf 79' lang='lat' dir='ltr'><strong>n-</strong></span> <span class='ocrx_word' id='word_1_770' title='bbox 2696 5285 2750 5330; x_wconf 73' lang='grc' dir='ltr'><strong>Δ.-</strong></span> <span class='ocrx_word' id='word_1_771' title='bbox 2781 5290 2898 5330; x_wconf 85' lang='lat' dir='ltr'><strong>not-</strong></span> <span class='ocrx_word' id='word_1_772' title='bbox 2932 5285 2965 5330; x_wconf 80' lang='grc'><strong>’7</strong></span> <span class='ocrx_word' id='word_1_773' title='bbox 3639 5279 3722 5330; x_wconf 40' lang='grc' dir='ltr'><strong>θ’</strong></span> 
     </span>
    </p>
   </div>
   <div class='ocr_carea' id='block_1_101' title="bbox 321 5211 2986 5358">
    <p class='ocr_par' dir='ltr' id='par_1_101' title="bbox 321 5211 2986 5358">
     <span class='ocr_line' id='line_1_104' title="bbox 347 5211 2986 5338; baseline -0.002 -69"><span class='ocrx_word' id='word_1_774' title='bbox 347 5215 455 5269; x_wconf 71' lang='grc'><strong>442</strong></span> <span class='ocrx_word' id='word_1_775' title='bbox 505 5211 676 5268; x_wconf 85' lang='lat' dir='ltr'><strong>Hodie</strong></span> <span class='ocrx_word' id='word_1_776' title='bbox 698 5212 895 5271; x_wconf 79' lang='lat' dir='ltr'><strong>Mulde.</strong></span> <span class='ocrx_word' id='word_1_777' title='bbox 1263 5272 1287 5294; x_wconf 41' lang='grc' dir='ltr'><strong>,ο</strong></span> <span class='ocrx_word' id='word_1_778' title='bbox 1478 5275 1482 5277; x_wconf 98' lang='lat'>_</span> <span class='ocrx_word' id='word_1_779' title='bbox 1942 5233 2067 5300; x_wconf 76' lang='lat' dir='ltr'><strong>nem</strong></span> <span class='ocrx_word' id='word_1_780' title='bbox 2119 5215 2432 5300; x_wconf 75' lang='lat' dir='ltr'><strong>proximum</strong></span> <span class='ocrx_word' id='word_1_781' title='bbox 2475 5212 2641 5271; x_wconf 89' lang='lat' dir='ltr'><strong>etiam</strong></span> <span class='ocrx_word' id='word_1_782' title='bbox 2661 5213 2764 5338; x_wconf 53' lang='lat' dir='ltr'><strong>gas</strong></span> <span class='ocrx_word' id='word_1_783' title='bbox 2795 5213 2850 5266; x_wconf 91' lang='lat' dir='ltr'><strong>in</strong></span> <span class='ocrx_word' id='word_1_784' title='bbox 2882 5227 2986 5301; x_wconf 47' lang='lat' dir='ltr'><strong>ea!</strong></span> 
     </span>
     <span class='ocr_line' id='line_1_105' title="bbox 321 5214 2986 5358; baseline 0.001 -18"><span class='ocrx_word' id='word_1_785' title='bbox 321 5214 476 5356; x_wconf 45' lang='lat'><strong>$445;</strong></span> <span class='ocrx_word' id='word_1_786' title='bbox 512 5282 714 5338; x_wconf 89' lang='lat' dir='ltr'><strong>Christ.</strong></span> <span class='ocrx_word' id='word_1_787' title='bbox 753 5284 1090 5358; x_wconf 78' lang='lat' dir='ltr'><strong>Schlegelius</strong></span> <span class='ocrx_word' id='word_1_788' title='bbox 1119 5287 1174 5342; x_wconf 94' lang='lat' dir='ltr'><strong>in</strong></span> <span class='ocrx_word' id='word_1_789' title='bbox 1224 5279 1428 5358; x_wconf 52' lang='lat' dir='ltr'><strong>Hister.</strong></span> <span class='ocrx_word' id='word_1_790' title='bbox 1471 5281 1674 5358; x_wconf 71' lang='lat' dir='ltr'><strong>Saxon.</strong></span> <span class='ocrx_word' id='word_1_791' title='bbox 1711 5303 1837 5345; x_wconf 85' lang='lat' dir='ltr'><strong>suc—</strong></span> <span class='ocrx_word' id='word_1_792' title='bbox 1943 5287 2065 5342; x_wconf 81' lang='lat' dir='ltr'><strong>Vid.</strong></span> <span class='ocrx_word' id='word_1_793' title='bbox 2096 5298 2264 5358; x_wconf 80' lang='lat' dir='ltr'><strong>etiam</strong></span> <span class='ocrx_word' id='word_1_794' title='bbox 2288 5285 2552 5350; x_wconf 85' lang='lat' dir='ltr'><strong>Mascov.,</strong></span> <span class='ocrx_word' id='word_1_795' title='bbox 2581 5302 2634 5356; x_wconf 90' lang='lat' dir='ltr'><strong>p.</strong></span> <span class='ocrx_word' id='word_1_796' title='bbox 2696 5285 2751 5348; x_wconf 87' lang='grc'><strong>4,</strong></span> <span class='ocrx_word' id='word_1_797' title='bbox 2777 5290 2898 5358; x_wconf 63' lang='lat' dir='ltr'><strong>not.</strong></span> <span class='ocrx_word' id='word_1_798' title='bbox 2941 5304 2986 5343; x_wconf 78' lang='grc' dir='ltr'><strong>ι.</strong></span> 
     </span>
    </p>
   </div>
   <div class='ocr_carea' id='block_1_102' title="bbox 343 5272 1837 5358">
    <p class='ocr_par' dir='ltr' id='par_1_102' title="bbox 343 5272 1837 5358">
     <span class='ocr_line' id='line_1_106' title="bbox 343 5272 1837 5358; baseline 0.002 -18"><span class='ocrx_word' id='word_1_799' title='bbox 343 5272 474 5354; x_wconf 77' lang='grc'><strong>445)</strong></span> <span class='ocrx_word' id='word_1_800' title='bbox 512 5282 714 5338; x_wconf 89' lang='lat' dir='ltr'><strong>Christ.</strong></span> <span class='ocrx_word' id='word_1_801' title='bbox 753 5284 1090 5358; x_wconf 78' lang='lat' dir='ltr'><strong>Schlegelius</strong></span> <span class='ocrx_word' id='word_1_802' title='bbox 1119 5287 1174 5342; x_wconf 94' lang='lat' dir='ltr'><strong>in</strong></span> <span class='ocrx_word' id='word_1_803' title='bbox 1224 5272 1428 5358; x_wconf 52' lang='lat' dir='ltr'><strong>Hister.</strong></span> <span class='ocrx_word' id='word_1_804' title='bbox 1471 5275 1674 5358; x_wconf 71' lang='lat' dir='ltr'><strong>Saxon.</strong></span> <span class='ocrx_word' id='word_1_805' title='bbox 1711 5303 1837 5345; x_wconf 87' lang='lat' dir='ltr'><strong>suc-</strong></span> 
     </span>
    </p>
   </div>
  </div>
