4050 5358
544 307 683 381 4.227

1681 302 2029 358 LAMBERTI
2064 300 2628 358 llERSFELDENSI‘S

3675 303 3826 358 1228

542 423 722 497 ipsum
748 425 1021 489 parentes,
1045 415 1235 475 crebra
1256 414 1576 471 custodibus
1607 415 1930 470 munuscula
1958 414 2126 471 desti-
2154 415 2200 472 Α
2224 412 2570 483 cbiepiseopo
2595 411 2907 483 Mngontino
2935 427 3129 483 genere
3153 413 3643 484 conjunctissimos
3668 430 3825 481 esse,

543 521 759 577 nantes,
791 510 1120 581 flagitabant.
1146 506 1296 563 Fecit
1334 507 1423 565 ille
1455 515 1517 563 ut
1544 506 1852 576 petebatur,
1874 514 1929 560 et
1956 507 2120 561 modo

543 604 689 660 intra
713 601 1069 659 munitionem
1096 600 1258 656 modo
1285 608 1460 665 extra,
1488 598 1746 654 adhibitis
1775 598 2118 665 custodibus,

545 703 708 769 prout
730 694 943 750 libitum
963 701 1083 748 erat
1102 692 1288 746 ludere
1312 690 1640 760 patiebatur,
1670 689 1806 744 nihil
1833 689 2120 745 sinistrum

544 786 603 841 in
629 794 787 841 intate
829 782 1060 854 simplici
1094 790 1149 837 et
1186 780 1395 836 fraudis
1440 779 1626 835 nescia
1655 779 1968 849 suspicatus
2005 780 2116 836 ‘3”.

542 876 819 939 Interdum
836 874 1003 931 etiam
1024 873 1078 928 in
1108 887 1301 928 nemus
1319 870 1467 946 quod
1489 869 1780 925 munitioni
1803 869 2121 940 contiguum

542 978 661 1027 erat
699 973 955 1024 venatum
998 978 1249 1034 pergens,
1288 961 1576 1031 impositos
1616 960 1796 1030 equis,
1840 960 1998 1029 cujus
2045 962 2123 1016 rei

545 1059 767 1115 vixdum
800 1066 931 1113 aetas
973 1055 1186 1126 patiens
1224 1062 1363 1119 erat,
1404 1067 1592 1109 secum
1638 1051 1717 1106 ire
1753 1051 2121 1121 permittebat,

545 1150 916 1220 utoppressas
944 1161 1180 1202 maerore
1208 1160 1273 1200 ac
1311 1143 1471 1199 taedio
1506 1152 1717 1201 mentes
1747 1143 1853 1198 hoc
1886 1143 2123 1199 advoca-

546 1250 729 1299 mento
757 1240 845 1271 ¹⁸⁵¹
868 1245 1197 1294 recrearent.
1220 1234 1362 1291 Cum
1383 1234 1489 1290 hoc
1509 1234 1710 1304 saepius
1740 1232 1962 1301 faceret,
1991 1250 2126 1290 con-

544 1332 776 1390 suetudo
822 1330 1107 1395 fiduciam,
1158 1325 1354 1382 fiducia
1407 1326 1727 1383 custodibus
1776 1326 2124 1382 securitatem

542 1425 808 1496 pariebat,
852 1431 913 1478 ut
947 1423 1028 1477 eis
1065 1419 1434 1491 indulgentius
1468 1419 1521 1473 in
1565 1417 1683 1474 dies
1720 1418 1996 1490 diligentis
2023 1434 2123 1473 cu-

544 1517 736 1573 stodia:
764 1510 915 1571 frena
940 1515 1210 1577 laxarent,
1231 1519 1288 1566 et
1316 1510 1602 1580 absumpta
1624 1509 1739 1579 jam
1760 1510 1909 1565 omni
1939 1509 2123 1578 suspi-

544 1608 722 1671 cione,
742 1603 1005 1675 quicquid
1029 1602 1331 1657 voluissent
1352 1602 1516 1655 etiam
1545 1600 1754 1669 absque
1779 1600 2002 1655 arbitris
2029 1614 2125 1655 eos

545 1680 705 1768 agere
733 1703 1067 1766 paterentur.
1091 1693 1387 1763 Coeperunt
1413 1692 1598 1762 igitur,
1628 1691 1961 1762 ubicumque
1984 1700 2123 1746 tem-

544 1804 649 1858 pus
683 1796 741 1842 et
776 1787 958 1841 locum
991 1784 1341 1841 secretiorem
1381 1783 1525 1838 nacti
1566 1781 1805 1850 fuerant,
1847 1797 2128 1839 sermones

545 1893 857 1943 conserere,
885 1878 1073 1947 patriae
1086 1884 1485 1948 parentumque
1506 1875 1801 1941 recordari,
1826 1874 2131 1945 pcregrina-

546 1970 716 2027 tionis
743 1969 1022 2025 molestias
1051 1969 1357 2037 deplorare,
1384 1974 1438 2020 et
1468 1974 1527 2022 ut
1564 1982 1663 2036 pro
1692 1967 1867 2023 salute
1903 1981 2001 2021 sua
2029 1964 2128 2020 ali-

545 2060 677 2131 quid
705 2056 817 2114 Deo
844 2060 1065 2130 auspice
1089 2068 1441 2127 conarentur,
1464 2058 1672 2113 mutuis
1700 2074 1759 2114 se
1778 2058 2128 2114 suasionibus

546 2152 793 2209 incitare.
823 2150 1071 2218 Quadam
1098 2166 1228 2221 ergo
1258 2151 1367 2217 die,
1397 2166 1523 2206 cum
1553 2150 1710 2221 juxta
1738 2150 1959 2205 solitum
1985 2164 2127 2218 prae-

542 2242 722 2298 dictus
759 2241 1125 2309 Everhardus,
1165 2257 1353 2298 secum
1389 2242 1688 2312 assumptis
1731 2241 1832 2307 eis,
1871 2250 2126 2295 venatum

543 2334 767 2400 exisset,
812 2343 866 2389 ct
909 2334 976 2390 ad
1018 2334 1414 2400 insectandam,
1456 2348 1578 2403 quae
1623 2349 1754 2388 casu
1792 2342 2125 2402 occurrerat,

544 2425 715 2482 feram
737 2440 950 2493 omnes,
976 2434 1038 2480 ut
1061 2425 1180 2480 fieri
1208 2426 1430 2490 assolet,
1458 2424 1753 2480 inconditis
1771 2424 2124 2489 clamoribus,

542 2516 958 2573 ferventissimis
1001 2516 1198 2572 studiis
1236 2515 1645 2583 discurrissent,
1682 2516 1896 2587 pueruli
1937 2516 2029 2570 ubi
2068 2531 2127 2570 se

544 2609 692 2663 solos
723 2609 1095 2674 adverterunt,
1124 2608 1408 2664 custodem
1439 2607 1669 2673 nullum,
1705 2623 1800 2665 eos
1837 2607 1931 2681 qui
1963 2607 2126 2663 simul

543 2709 799 2755 venatum
840 2706 1226 2768 processerant
1258 2699 1490 2754 aliarum
1534 2713 1715 2754 rerum
1756 2698 2123 2766 immemores,

541 2791 642 2853 soli
684 2806 807 2862 quae
838 2791 1100 2861 agebatur
1127 2791 1402 2846 venationi
1453 2791 1869 2856 intentissimos,
1907 2791 2126 2859 quantis

543 2890 774 2953 possunt
806 2882 1035 2947 viribus,
1083 2882 1242 2952 equis
1282 2882 1524 2937 subdunt
1560 2882 1816 2947 calcaria,
1858 2897 1955 2951 per
1994 2898 2126 2936 con-

542 2974 710 3033 densa
736 2974 1019 3037 silvarum,
1048 2989 1142 3042 per
1179 2974 1409 3043 abrupta
1439 2973 1731 3039 montium,
1763 2988 1859 3042 per
1885 2987 2125 3029 concava

543 3066 785 3131 vallium,
815 3065 1157 3134 periculisui
1197 3065 1279 3121 vel
1309 3064 1641 3136 negligentes
1668 3063 1752 3120 vel
1780 3072 2123 3135 contempto-

2222 504 2312 558 cui
2351 504 2397 558 si
2440 502 2742 560 incolumes
2773 504 3093 560 intemerata
3140 505 3244 560 fide
3279 505 3559 571 restituat,
3597 516 3720 560 tam
3753 506 3828 559 ab

2221 595 2341 665 ipso
2366 611 2532 665 quam
2561 612 2591 650 a
2616 596 2811 652 ceteris
2836 597 3154 666 parentibus
3183 598 3320 663 suis,
3351 598 3448 668 qui
3482 598 3634 652 inter
3659 598 3825 667 regni

2221 687 2496 757 principes
2522 695 2577 743 et
2601 704 2767 758 opum
2797 697 2852 743 ct
2876 688 3158 759 dignitatis
3196 689 3420 758 speciali
3445 699 3828 761 praerogativa

2220 778 2516 845 emineant,
2552 780 2714 851 digna
2747 780 2957 835 meritis
2995 780 3217 849 praemia
3253 781 3530 836 relaturus
3571 781 3670 836 sit.
3709 778 3830 835 Nec

2223 870 2395 925 multo
2422 880 2544 940 post
2571 872 2760 928 aderat
2797 870 3144 927 Everbardus
3173 872 3286 937 m‘,
3317 870 3561 928 fremens
3587 882 3647 927 et
3680 872 3827 928 stri-

2221 959 2358 1016 dens
2384 961 2638 1017 dentibus
2665 978 2776 1032 pra:
2800 962 3007 1017 doloris
3031 963 3391 1033 impatientia,
3418 972 3831 1034 compertoque

2222 1066 2318 1121 per
2339 1052 2608 1109 veridicos
2634 1053 2860 1120 indices,
2884 1069 2995 1124 quo
3017 1054 3168 1124 pueri
3195 1055 3571 1119 divertissent,
3598 1069 3829 1110 summa

2221 1143 2297 1212 vi,
2339 1160 2555 1200 summo
2599 1145 2888 1201 conamine
2927 1146 3152 1201 domum
3196 1162 3513 1218 expugnare
3557 1146 3830 1214 foresque

2223 1234 2523 1305 infringere
2548 1237 2799 1306 parabat,
2824 1246 2880 1291 et
2900 1237 3007 1293 nisi
3034 1239 3257 1294 obsides
3285 1239 3431 1309 regis
3457 1242 3679 1293 mature
3701 1236 3830 1292 red.

2222 1326 2502 1394 derentur,
2532 1328 2729 1400 ,ignem
2775 1330 2939 1386 tectis
2986 1345 3045 1385 se
3093 1330 3426 1401 injecturum
3478 1329 3828 1384 minabatur.

2222 1416 2518 1475 Concurrit
2563 1420 2758 1476 civitas
2793 1422 2865 1477 ad
2903 1423 3297 1491 spectaculum,
3327 1430 3383 1476 et
3414 1420 3562 1476 facta
3601 1427 3697 1475 est
3726 1434 3828 1489 pro

2224 1512 2422 1568 studiis
2448 1514 2687 1582 partium
2718 1513 2950 1569 confusa
2977 1522 3033 1570 et
3050 1515 3274 1570 dissona
3299 1514 3451 1569 aliud
3478 1522 3655 1583 atque
3677 1511 3831 1567 aiind

2222 1602 2577 1659 clamantium
2624 1606 2909 1660 turbarum
2950 1605 3292 1661 vociferatio.
3334 1605 3560 1661 Perlato
3603 1606 3675 1660 ad
3709 1604 3833 1673 cpio

2226 1708 2452 1765 secpum
2481 1694 2853 1766 Mogontinum
2896 1698 3281 1753 tumultuantis
3308 1698 3555 1753 civitatis
3594 1697 3831 1761 nuncin,

2227 1786 2378 1842 misit
2403 1784 2693 1847 confestim
2721 1803 2847 1842 cum
2877 1789 3105 1845 armatis
3135 1788 3453 1844 Conradum
3472 1788 3741 1844 comitem
3763 1786 3833 1841 de

2226 1879 2450 1934 castello
2469 1880 2616 1949 quod
2637 1880 2836 1935 dicitur
2858 1878 3252 1951 Liuzelenburg
3277 1880 3389 1947 ³⁸³⁷,
3415 1881 3517 1950 qui
3541 1889 3663 1934 tum
3687 1878 3835 1933 forte

2226 1971 2370 2040 apud
2410 1972 2728 2041 episcopum
2767 1987 3008 2041 praesens
3053 1980 3190 2027 erat.
3233 1970 3340 2038 Qui
3382 1972 3616 2027 veniens
3660 1970 3837 2025 Ever-

2226 2060 2491 2128 hardum,
2535 2062 2784 2132 improbe
2837 2063 2929 2095 ¹⁸⁸⁸
2963 2062 3275 2121 saevientem
3318 2070 3487 2132 atque
3529 2062 3593 2117 in
3632 2075 3835 2117 omnes

2225 2153 2320 2222 qui
2354 2154 2683 2209 obsisterent
2729 2170 2876 2210 nunc
2914 2154 2968 2209 vi
3018 2170 3163 2211 nunc
3201 2153 3641 2209 comminatione
3668 2167 3833 2225 gina.

2226 2253 2460 2311 santem,
2504 2246 2574 2301 ab
2619 2247 3022 2317 obpugnatione
3064 2245 3265 2300 mdium
3308 2260 3436 2305 cum
3486 2244 3831 2300 contumelia

2227 2336 2442 2404 repulit,
2482 2346 2876 2407 susceptosque
2917 2352 3118 2407 pueros
3151 2336 3410 2407 episcopo
3445 2336 3830 2406 prasentavit.

2220 2424 2319 2483 Ille
2345 2428 2639 2484 admodum
2671 2429 2997 2500 gratulatus,
3026 2428 3175 2499 quod
3220 2442 3449 2483 causam
3485 2428 3829 2497 principum,

2227 2518 2322 2586 qui
2353 2532 2451 2587 pro
2483 2520 2762 2575 communi
2791 2520 3082 2575 commodo
3122 2535 3276 2574 arma
3320 2533 3545 2574 sumere
3586 2518 3829 2573 medita-

2227 2608 2448 2676 bantur,
2487 2611 2591 2665 hac
2624 2611 2788 2665 etiam
2817 2620 2971 2680 parte
3010 2610 3529 2679 impedimentorum
3562 2609 3659 2642 “"
3689 2608 3831 2663 libe-

2226 2709 2422 2767 rasset,
2457 2701 2573 2757 suis
2600 2702 2850 2772 singulos
2873 2702 3192 2772 parentibus
3227 2717 3355 2757 cum
3395 2700 3550 2756 omni
3585 2700 3829 2772 diligen-

2227 2792 2322 2857 tia,
2358 2808 2424 2846 ne
2446 2792 2569 2862 quis
2595 2794 2802 2849 scilicet
2827 2794 3180 2849 insidiaretur
3204 2793 3558 2857 abeuntibus,
3588 2792 3829 2847 remisit.

2299 2882 2509 2938 Statuta
2555 2884 2642 2939 die
2685 2884 2828 2956 (Oct.
2874 2885 2962 2955 16)
2988 2885 3143 2954 juxta
3184 2884 3499 2940 condictum
3538 2884 3831 2953 principes

2230 2971 2440 3037 Sueviie
2465 2984 2521 3030 et
2551 2973 2803 3031 Saxonis:
2840 2975 3150 3032 Triburiam
3179 2987 3563 3033 convenerunt
3592 2982 3831 3050 amplis-

2227 3064 2369 3120 simo
2390 3082 2640 3133 numero,
2662 3068 2953 3125 obstinatis
2972 3070 3247 3125 mentibus
3268 3070 3339 3124 ad
3360 3073 3832 3129 summovendum

544 3171 654 3225 res,
686 3132 833 3210 dicto
856 3155 1019 3211 citius
1041 3155 1289 3221 evolant;
1321 3132 1420 3220 nec
1452 3132 1507 3209 in
1544 3164 1753 3213 certum
1775 3132 2017 3226 aliquem
2042 3158 2127 3213 lo-
2154 3132 2196 3191 θ
2231 3172 2261 3209 a
2289 3158 2527 3229 negociis
2552 3159 2703 3230 regni
2729 3173 2911 3230 regem
2941 3157 3280 3228 Heinricum,
3304 3170 3361 3216 et
3379 3162 3555 3217 alium
3578 3163 3640 3218 in
3662 3180 3830 3234 quem

544 3261 709 3317 cum,
730 3245 965 3317 regionis
988 3246 1184 3318 ignari,
1206 3262 1428 3302 cursum
1450 3246 1712 3318 dirigunt,
1737 3247 1831 3305 sed
1864 3249 1952 3281 ¹⁸⁸²
1979 3249 2128 3304 laxa-

546 3336 614 3393 tis
644 3345 847 3409 temere
874 3336 1124 3405 habenis,
1155 3353 1504 3409 quocumque
1533 3339 1767 3408 impetus
1791 3339 2129 3411 equos-fere-

536 3428 657 3500 bat,
684 3426 988 3499 praecipites
1026 3437 1212 3484 ruunt.
1254 3428 1430 3486 Celeri
1464 3416 1631 3486 cursu
1668 3433 1994 3487 transmisso
2029 3448 2127 3488 nc-

545 3534 698 3573 more
739 3519 807 3574 ad
852 3504 1101 3579 hiemem
1126 3521 1218 3582 ‘9”
1260 3522 1604 3592 perveniunt,
1651 3522 1975 3592 piscatorem
2017 3523 2129 3580 illic

543 3606 825 3681 ollendunt
853 3610 923 3679 in“
944 3613 1148 3681 scapha
1175 3612 1468 3682 piscatoria
1500 3613 1594 3646 ³⁸⁸⁸
1623 3615 1867 3684 capturis
1894 3615 2128 3684 piscium

545 3694 970 3781 incumbentem,
1000 3704 1157 3761 evebi
1190 3720 1249 3763 sc
1276 3703 1608 3776 Mogontiam
1634 3715 1847 3774 petunt,
1870 3706 2130 3763 clamides

540 3806 675 3863 suas
697 3791 903 3871 quibus
922 3793 1313 3862 vestiebantur,
1342 3797 1602 3866 quoniam
1624 3797 1772 3853 aliud
1794 3798 1848 3852 in
1875 3808 2129 3869 promptu

532 3895 656 3955 anon
684 3891 822 3955 erat,
853 3884 1148 3950 evectionis
1172 3887 1417 3955 precium
1442 3885 1694 3945 offerunt.
1727 3888 1818 3944 llle
1843 3890 2130 3959 vclprecio

540 3970 796 4045 allectus,
835 3973 917 4037 vel
945 3972 1292 4031 miseratione
1317 3977 1736 4045 periclitantium
1761 3989 2044 4048 permotus
2060 4011 2130 4020 —

548 4060 654 4117 hoc
683 4062 831 4116 enim
874 4078 938 4117 ex
984 4065 1341 4135 trepidatione
1369 4076 1424 4122 et
1466 4076 1651 4123 cetero
1689 4071 1936 4139 corporis
1974 4080 2129 4142 gestu

546 4150 705 4206 facile
736 4152 1060 4223 conjicicbat
1079 4185 1148 4194 ο·-
1173 4156 1403 4228 benigne
1435 4158 1489 4214 in
1531 4160 1836 4215 naviculam
1872 4165 2129 4232 suscepit,

547 4251 601 4298 ct
641 4244 963 4301 utensilibus
990 4262 1115 4316 quae
1150 4247 1203 4302 in
1242 4249 1491 4306 navicula
1529 4260 1687 4307 erant
1713 4253 2023 4323 adopertos,
2063 4271 2131 4312 ne

542 4335 756 4411 scilicet
774 4336 844 4391 ab
869 4337 1283 4408 insequentibus
1302 4353 1750 4411 agnoscerentur,
1774 4344 2127 4416 Mogontiam,

2229 3259 2538 3314 communis
2571 3260 2764 3314 electio
2807 3260 3184 3316 consensisset
3214 3260 3541 3314 creandum.
3582 3259 3833 3317 Aderant

2231 3363 2337 3403 una
2378 3350 2539 3420 legati
2576 3352 2887 3419 apostolicae
2928 3352 3094 3418 sedis,
3130 3349 3469 3421 Sigehardus
3509 3352 3833 3421 patriarcha

2228 3439 2591 3511 Aquileiensis
2612 3450 2667 3496 et
2690 3441 3017 3499 Altmannus
3037 3442 3380 3498 Pataviensis
3396 3443 3721 3513 episcopus,
3752 3445 3835 3500 vir

2228 3533 2540 3601 apostolica:
2580 3534 3015 3590 conversationis
3049 3543 3105 3589 et
3139 3548 3468 3604 magnarum
3513 3534 3569 3588 in
3604 3534 3833 3591 Christo

2222 3623 2514 3689 virtutum,
2555 3624 2644 3679 cui
2672 3639 2811 3694 papa
2837 3625 2986 3681 vices
3012 3640 3145 3681 suas
3173 3625 3230 3680 in
3256 3624 3628 3694 dispositione
3650 3627 3831 3682 eccle-

2227 3713 2574 3770 siasticarum
2601 3730 2893 3771 causarum
2920 3717 3285 3787 delegaverat,
3312 3725 3370 3772 et
3393 3716 3521 3772 laici
3552 3720 3831 3785 nonnulli,

2229 3805 2323 3875 qui
2358 3805 2576 3876 magnis
2608 3806 2805 3875 opibus
2834 3807 3040 3862 relictis
3064 3807 3214 3862 ultro
3247 3822 3309 3863 se
3348 3807 3418 3863 ad
3445 3809 3724 3879 privatam
3756 3820 3835 3866 te-

2230 3913 2504 3967 nuemque
2536 3898 2703 3953 vitam
2739 3908 2962 3968 propter
2996 3899 3168 3954 Deum
3204 3899 3580 3966 contulerant,
3616 3901 3777 3957 missi
3802 3919 3836 3958 a

2230 3988 2479 4044 Romano
2523 3990 2797 4059 pontiﬁce,
2844 3998 2906 4045 ut
2940 3992 3118 4061 palam
3164 3990 3427 4045 omnibus
3475 4006 3579 4060 per
3624 3990 3834 4051 Gallias

2228 4090 2685 4147 contestarentur,
2729 4083 2895 4151 justis
2936 4083 3023 4138 de.
3050 4082 3237 4138 causis
3279 4084 3833 4141 excommunicatum

2227 4188 2351 4229 esse
2384 4188 2565 4244 regem
2600 4171 2935 4240 Heinricum,
2971 4182 3027 4228 et
3067 4174 3136 4229 ad
3172 4172 3490 4244 eligendum
3532 4175 3709 4230 alium
3739 4178 3832 4211 ³⁸³⁸

2229 4263 2512 4333 apostolici
2541 4280 2842 4320 consensus
2866 4274 2921 4319 et
2946 4265 3291 4320 auctoritatis
3312 4265 3645 4337 suffragium
3681 4270 3834 4337 polli-

2230 4364 2500 4410 cerentur.
2532 4354 2597 4409 Hi
2637 4370 2736 4411 nec
2765 4356 2998 4426 principi
3037 4372 3139 4411 nec
3171 4357 3391 4425 privato
3416 4358 3709 4428 cuiquam,
3740 4363 3835 4430 qui

551 4433 611 4526 tit
649 4435 990 4526 l'pgavcrant,
1019 4429 1216 4526 evexit.
1258 4430 1398 4526 Equi
1433 4448 1647 4526 eorum.
1678 4436 1911 4490 transito
1947 4452 2126 4504 amne,
2164 4471 2208 4526 ι)
2233 4448 2344 4518 regi
2375 4446 2630 4502 Heinrico
2667 4447 2812 4503 dicto
2850 4449 2937 4503 vel
2975 4448 3122 4504 facto
3160 4448 3539 4521 aliquatenus,
3564 4460 3698 4521 post
3734 4429 3832 4506 ex-

550 4516 607 4573 in
637 4517 899 4574 ulteriore
919 4521 1058 4590 ripa,
1083 4521 1240 4591 juxta
1266 4524 1570 4579 naviculam
1595 4526 1793 4581 mirum
1822 4527 1875 4582 in
1906 4529 2127 4583 modum

552 4609 835 4665 moderato
862 4611 1031 4681 gradu
1067 4612 1449 4681 decurrebant,
1478 4616 1551 4670 ita
1586 4625 1646 4670 ut
1674 4633 1800 4672 cum
1837 4629 2001 4674 eunte
2028 4636 2129 4675 na-

552 4699 727 4753 vicula
771 4700 977 4769 pariter
1017 4702 1176 4771 irent,
1219 4694 1343 4760 eum
1381 4707 1715 4763 subsistente
1760 4709 1961 4778 pariter
2001 4713 2143 4779 sub-_

547 4789 828 4845 sisterent.
858 4790 1043 4847 Brutis
1072 4795 1361 4864 pecoribus
1384 4796 1474 4828 ¹⁸⁵⁸
1508 4797 1776 4854 humanas
1801 4800 1982 4856 inesse
2007 4803 2129 4857 ani-

484 4912 499 4921 -
551 4895 672 4935 mas
700 4882 969 4939 crederes.
1011 4881 1112 4938 Ubi
1147 4884 1471 4957 Mogontiam
1506 4896 1727 4943 ventum
1758 4899 1861 4955 est,
1903 4895 2132 4962 receptis

552 4971 710 5042 equis
757 4972 894 5040 suis,
954 4974 1010 5028 in
1050 4974 1274 5031 domum
1316 4979 1591 5047 quandam
1634 4980 1765 5049 ripre
1818 4983 2129 5054 contiguam

553 5060 804 5119 clanculo
849 5079 907 5120 se
934 5065 1304 5141 immergunt,
1363 5069 1752 5140 dominumque
1792 5072 1987 5129 domus
2035 5092 2131 5144 per

555 5149 729 5210 Deum
771 5156 1134 5223 obtestantur,
1170 5172 1237 5210 ne
1275 5172 1369 5211 eus
1404 5157 1659 5226 cuiquam
1690 5162 1911 5229 prodat;
1943 5181 2002 5220 se
2035 5182 2127 5221 ar-

2232 4540 2782 4595 communicationem
2852 4541 3350 4607 communieasset,
3412 4543 3835 4598 communicare

2218 4631 2504 4697 volebant,
2532 4632 2706 4687 donec
2736 4631 2952 4701 publice
2971 4631 3256 4700 professus
3286 4633 3705 4701 paenitentiam,
3738 4649 3834 4702 per

2231 4721 2604 4787 Altmannum,
2641 4722 2912 4777 vicarium
2962 4721 3193 4777 Romani
3233 4723 3540 4792 pontiﬁcis,
3598 4724 3831 4777 anathe-

2232 4820 2374 4866 mate
2396 4811 2783 4867 absolveretur.
2808 4812 2933 4866 Pari
2958 4812 3171 4867 cautela
3201 4827 3397 4867 eorum
3421 4828 3649 4883 quoque
3671 4826 3831 4867 com-

2232 4901 2546 4955 munionem
2582 4901 2846 4969 vitabant,
2893 4903 2989 4973 qui
3030 4901 3353 4972 presbiteris
3391 4902 3714 4975 eonjugatis
3752 4903 3833 4957 vel

2231 4990 2310 5050 eis
2344 4991 2439 5061 qui
2466 4991 2866 5047 ecclesiasticas
2904 4993 3280 5048 ordinationes
3318 4994 3512 5063 precio
3540 5008 3833 5063 compara.
3886 4984 3891 4989 ’

2229 5089 2421 5135 verant
2440 5081 2494 5135 in
2510 5083 2757 5138 oratione
2777 5084 3297 5139 communicassent.
3314 5083 3423 5139 Per
3442 5094 3656 5155 septem
3679 5083 3829 5153 (446)

2229 5166 2414 5245 itaque
2463 5172 2755 5228 continuos
2797 5174 2914 5229 dies
2968 5174 3197 5230 consilia
3255 5175 3645 5243 conferentes,
3699 5175 3830 5247 quid

1866 5273 2100 5330 VARUE
2138 5277 2537 5337 LECTIONES.
