4050 5358
217 299 357 358 1⁸229

1469 282 1805 349 ANNALES.
1835 322 1903 333 —-
1930 284 2039 347 AN.
2070 292 2223 348 l076.

3356 286 3376 348 l
3387 283 3496 350 230

218 419 363 472 facto
392 427 531 483 opus
559 420 725 476 esset,
750 425 859 480 qua
884 409 1098 464 ratione
1125 398 1459 478 periclitanti
1486 416 1540 462 et
1557 406 1672 478 jam
1691 406 1805 477 jam
1836 414 1882 471 Α
1908 420 2124 462 summa
2186 405 2433 460 omnium
2483 415 2673 459 eorum
2729 397 3026 475 ignominia
3080 405 3332 465 amittere
3380 424 3499 470 non

220 499 567 577 naufragium
600 500 878 558 minitanti
908 498 988 555 rei
1018 498 1248 571 publica:
1281 497 1682 554 consulendum
1726 496 1808 554 fo—
1908 505 2118 568 posset,
2144 511 2243 552 nec
2266 498 2509 551 sinerent
2530 496 2683 568 regni
2700 488 2985 552 Teutonici
3010 496 3103 530 ⁸⁸⁸⁸
3130 500 3499 573 splendorem,

221 608 323 666 ret,
356 594 765 668 perquirebant.
802 591 1158 663 Replicabant
1199 591 1271 645 ab
1301 599 1511 656 tenero,
1540 597 1602 645 ut
1634 591 1809 657 aiunt,

226 703 403 760 angue
427 685 576 760 (M7)
602 699 823 740 omnem
843 684 968 738 vitae
992 683 1139 754 regis
1163 682 1587 747 institutionem,
1611 678 1813 752 quibus

227 778 458 848 probris,
507 775 707 847 quibus
745 774 963 847 ﬂagitiis
1005 772 1471 830 existimationem
1510 788 1667 829 suam
1714 773 1811 827 dea-

228 883 433 941 cusque
486 867 698 937 imperii
748 867 974 921 vixdum
1020 865 1204 920 adulta
1251 873 1409 920 tetate
1451 864 1813 931 maculasset;

227 975 367 1031 quas
402 959 635 1029 injurias
661 958 912 1030 singulis,
945 974 1086 1029 quas
1126 958 1182 1011 in
1207 971 1500 1011 commune
1537 954 1815 1021 omnibus,

1911 589 2168 643 omnibus
2191 597 2339 643 retro
2364 588 2562 644 seculis
2582 588 2847 644 intactum
2875 589 3499 666 incontaminatumque,

1912 694 2011 735 sua
2052 687 2210 734 {etate
2250 689 2360 734 tam
2393 680 2569 751 turpis
2599 680 2831 751 exempli
2888 681 3102 737 macula
3142 684 3497 754 sordescere;

1912 771 2059 841 quod
2087 771 2131 825 si
2152 771 2315 825 verba
2357 786 2454 835 sua
2496 771 2764 827 dillicilius
2790 771 3158 840 admitterent,
3195 774 3501 846 magnificis

1914 860 2379 932 promissionibus
2426 862 2626 917 totiens
2673 863 2835 928 elusi,
2876 870 3127 933 paratum
3178 879 3257 932 se,
3302 867 3503 937 quibus

1916 953 2293 1019 sacramentis,
2325 953 2527 1023 quibus
2556 953 2756 1008 vellent
2785 954 3087 1022 obsidibus,
3114 955 3271 1011 tidem
3303 954 3501 1025 facere,

230 1050 324 1106 ubi
370 1051 607 1121 primum
662 1050 969 1119 pubertatis
1016 1062 1193 1105 annos
1244 1049 1443 1119 attigit,
1488 1047 1815 1118 irrogasset;

228 1142 377 1212 quod
396 1141 623 1196 remotis
645 1156 676 1195 a
699 1140 1074 1196 familiaritate
1094 1148 1193 1196 sua
1214 1139 1575 1211 principibus,
1600 1138 1820 1194 intimos

235 1232 486 1287 homines
524 1240 579 1287 et
606 1231 770 1288 nullis
804 1233 1109 1303 majoribus
1144 1240 1299 1287 ortos
1330 1231 1561 1287 summis
1592 1230 1820 1285 honori-
1920 1237 2149 1298 ruptura
2185 1227 2344 1283 lbret.
2395 1227 2477 1283 Ad
2523 1229 2640 1284 lucc
2684 1228 2760 1282 illi
2804 1226 2938 1284 “":
2985 1229 3176 1299 Nulla,
3228 1233 3504 1303 inquiunt,

232 1323 669 1390 bus,extulissct,
699 1332 755 1380 et
782 1340 906 1379 cum
931 1325 1012 1380 eis
1046 1331 1238 1379 noctes
1268 1322 1494 1393 perinde
1519 1337 1587 1377 ac
1614 1321 1732 1377 dies
1766 1320 1821 1375 in
1912 1320 2031 1390 jam
2059 1327 2342 1391 supersunt
2394 1330 2727 1392 argumenta,
2775 1321 2963 1392 quibus
3003 1324 3193 1378 totiens
3240 1328 3509 1397 recognitis

235 1415 717 1471 deliberationibus
751 1413 1056 1483 insumens,
1085 1410 1364 1481 ultimum,
1404 1413 1450 1469 si
1486 1412 1682 1482 possit,
1719 1425 1824 1466 no—
1923 1420 2078 1482 atque
2106 1418 2340 1482 speetata
2364 1410 2495 1481 ﬁdes
2528 1411 2642 1481 ejus
2690 1412 2908 1483 probari
2961 1414 3104 1468 ultra
3158 1412 3237 1470 uel
3281 1416 3511 1490 obligari

235 1505 435 1561 bilitati
475 1507 859 1562 exterminium
897 1507 1340 1572 machinaretur;
1380 1503 1527 1575 quod
1575 1502 1826 1559 barbaris
1924 1503 2117 1570 valeat,
2171 1521 2293 1558 cum
2345 1507 2534 1559 totiens
2571 1521 2777 1558 mantnt
2835 1521 3053 1559 suorum
3093 1510 3509 1566 emendationem

238 1597 492 1667 gentibus
535 1598 825 1653 vacatione
867 1599 1016 1664 data,
1059 1597 1114 1651 in
1157 1596 1408 1652 subditos
1449 1594 1555 1651 sibi
1592 1592 1826 1665 populos
1922 1611 2104 1649 ceram
2131 1596 2299 1649 oculis
2334 1596 2514 1650 omnia
2561 1597 2818 1650 cernentis
2855 1595 2953 1650 Dei
2999 1614 3157 1667 quam
3188 1610 3365 1654 sancte
3392 1596 3511 1672 pol-

235 1689 420 1744 dedita
448 1705 614 1759 opera
648 1690 855 1744 ferrum
890 1688 1262 1745 distrinxisset
1286 1697 1341 1743 et
1380 1688 1437 1741 in
1466 1701 1657 1742 eorum
1696 1699 1828 1741 nece
1864 1756 1883 1759 _
1926 1680 2127 1753 iit-itus,
2167 1688 2348 1741 omnia
2394 1688 2584 1758 quibus
2634 1702 2689 1741 se
2738 1686 3093 1742 obstrinxerat
3140 1689 3370 1758 vincula,
3421 1693 3510 1747 ubi

1917 1044 2065 1116 quod
2084 1044 2231 1100 nulla
2256 1060 2518 1116 umquam
2548 1044 2685 1113 dies,
2728 1046 2875 1100 nulla
2918 1062 3101 1101 rerum
3148 1048 3233 1102 vel
3274 1064 3503 1106 casuum

1917 1136 2257 1192 mutabilitas
2299 1137 2443 1191 hanc
2483 1151 2640 1191 suam
2688 1136 2742 1191 in
2782 1151 2879 1193 eos
2910 1137 3331 1195 benivolentiam
3375 1156 3504 1198 core

240 1780 427 1836 hostili
461 1756 550 1814 ’3“
580 1782 903 1837 crudelitate
933 1788 1308 1852 grassaretur;
1337 1792 1589 1849 regnum,
1621 1776 1768 1847 quod
1794 1792 1826 1831 a
1861 1756 1903 1812 Β
1928 1780 2160 1849 primum
2189 1756 2474 1833 calamitas
2503 1795 2623 1850 qua:
2648 1778 2720 1831 ad
2743 1795 2973 1848 pra-scus
3000 1780 3216 1851 urgebat
3241 1780 3332 1815 ⁸⁵⁸³
3355 1756 3513 1853 λρνωλ

239 1872 559 1941 parentibus
584 1873 702 1929 suis
729 1872 1145 1943 pacatissimum
1176 1878 1231 1925 et
1257 1870 1418 1925 bonis
1445 1868 1705 1924 omnibus
1729 1866 1829 1921 llo-

239 1963 620 2019 rentissimum
655 1964 885 2034 accepit,
913 1979 1079 2034 quam
1123 1960 1351 2027 foedum,
1380 1975 1546 2031 quam
1582 1958 1830 2028 despica-

240 2053 371 2123 bile,
406 2071 573 2127 quam
610 2055 887 2111 intestinis
917 2055 1166 2111 cladibus
1206 2051 1467 2109 infestum
1511 2058 1828 2108 cruentum-

240 2162 351 2217 que
376 2147 734 2213 reddidisset;
772 2147 1035 2202 ecclesias
1068 2153 1123 2201 et
1160 2144 1494 2199 monasteria
1528 2142 1829 2207 destructa,

242 2237 501 2294 victualia
531 2252 815 2292 servorum
838 2236 935 2291 Dei
970 2252 1127 2291 versa
1154 2249 1276 2291 esse
1300 2235 1353 2288 in
1383 2232 1651 2303 stipendia
1688 2232 1833 2287 mili-

243 2337 385 2394 tum,
417 2328 658 2384 studium
703 2327 984 2399 religionis
1008 2335 1062 2382 et
1100 2342 1288 2381 rerum
1327 2324 1832 2380 ecclesiasticarum

244 2419 514 2475 transisse
552 2418 621 2474 ad
657 2434 811 2474 arma
846 2417 1104 2473 militaria
1146 2425 1201 2473 et
1245 2416 1313 2471 ad
1358 2415 1691 2471 munitiones
1733 2429 1833 2469 ex~

244 2510 530 2578 truendas,
579 2524 690 2564 non
731 2508 933 2579 quibus
978 2508 1063 2564 vis
1099 2516 1154 2564 et
1197 2508 1434 2578 impetus
1472 2506 1833 2561 barbarorum

245 2608 527 2669 arceatur,
584 2600 680 2657 sed
736 2600 939 2672 quibus
982 2598 1174 2670 patriae
1225 2595 1592 2668 tranquillitas
1635 2595 1836 2665 eripia-

248 2699 341 2746 tur
363 2692 454 2725 ““
477 2701 531 2747 et
550 2691 739 2748 liberis
764 2691 858 2724 “"
878 2689 1187 2746 cervicibus
1221 2688 1532 2744 durissima:
1555 2684 1837 2743 servitutis

245 2782 438 2853 jugum
485 2783 827 2854 imponatur;
873 2782 1084 2837 nullum
1130 2794 1367 2850 usquam
1413 2792 1536 2836 esse
1575 2776 1757 2832 viduis
1782 2782 1839 2831 et

248 2873 514 2943 orplianis
539 2874 818 2940 solatium,
844 2873 1057 2928 nullum
1078 2869 1363 2942 oppressis
1388 2877 1444 2924 et
1468 2866 1837 2937 calumpniam

250 2965 653 3022 sustinentibus
697 2964 991 3035 refugium,
1035 2977 1145 3019 non
1195 2961 1410 3034 legibus
1453 2959 1836 3024 reverentiam,

252 3071 363 3112 non
412 3057 662 3113 moribus
700 3057 1069 3128 disciplinam,
1111 3070 1222 3111 non
1256 3053 1500 3109 ecclesiae
1537 3050 1837 3107 auctorita-

251 3156 362 3202 tem
384 3163 563 3216 suam,
586 3164 696 3204 non
718 3149 797 3205 rei
814 3148 1045 3220 publica:
1065 3160 1290 3202 manere
1306 3144 1626 3217 dignitatem
1647 3156 1840 3209 suam;

253 3237 331 3293 ita
357 3240 523 3296 unius
555 3240 795 3296 hominis
825 3240 1128 3296 temeritate
1166 3253 1322 3295 sacra
1368 3243 1423 3292 et
1461 3233 1711 3307 profana,
1757 3233 1843 3289 di-

255 3331 384 3387 vina
406 3339 463 3389 et
481 3332 744 3400 humana,
768 3331 962 3404 fasque
993 3329 1258 3402 nefasque
1278 3328 1510 3413 contusa
1529 3341 1651 3383 esse
1673 3334 1727 3382 et
1745 3325 1847 3381 im-

255 3423 443 3493 plicita
468 3423 588 3491 i'“;
612 3425 841 3495 proinde
861 3432 1136 3479 tantarum
1157 3422 1531 3487 calamitatum
1545 3418 1767 3475 unicum
1784 3432 1849 3473 ac

258 3515 537 3587 singulare
557 3529 846 3586 superesse
872 3516 1193 3581 remedium,
1226 3522 1289 3568 ut
1307 3512 1638 3583 quantocius
1665 3518 1849 3565 amoto

260 3621 350 3673 eo,
380 3607 524 3664 alius
548 3623 642 3663 rex
669 3616 973 3676 crearetur,
1008 3608 1105 3679 qui
1150 3606 1360 3662 tamdiu
1408 3602 1673 3660 terminos
1717 3616 1850 3657 suos

262 3699 519 3770 evaganti
541 3699 775 3755 licentiae
805 3698 959 3756 frena
991 3699 1241 3771 injiceret
1259 3697 1352 3731 ““
1381 3694 1555 3769 (MT)
1585 3702 1641 3750 et
1660 3692 1851 3749 mundi

256 3791 570 3847 vacillantis
592 3792 809 3847 ruinam
832 3790 1093 3863 subjectis
1120 3788 1364 3846 humeris
1392 3792 1742 3844 sustentaret.

334 3879 450 3938 Rex
470 3880 781 3951 Heinricus,
803 3883 1102 3939 contractis
1131 3883 1187 3937 in
1214 3897 1385 3937 unum
1422 3894 1537 3936 suae
1556 3878 1735 3950 partis
1761 3890 1853 3933 as-

263 3973 592 4041 sertor-ibus,
622 3974 679 4030 in
724 3974 852 4029 villa
872 3990 997 4045 qua:
1015 3974 1216 4029 dicitur
1234 3972 1570 4043 Oppenheim
1597 3985 1658 4027 se
1683 3969 1857 4027 conti-

1928 1871 2103 1935 teriit,
2150 1878 2421 1939 tamquam
2470 1885 2790 1923 aranearum
2837 1868 2969 1923 telas
3017 1868 3216 1941 ruperit
3264 1868 3437 1943 (MS),
3465 1880 3517 1928 et

1927 1977 2130 2030 semper
2163 1976 2217 2015 se
2255 1960 2369 2030 ipso
2417 1960 2666 2027 deterior,
2700 1975 2913 2015 cursum
2963 1957 3100 2016 mali
3142 1961 3333 2034 operis,
3380 1967 3518 2020 sicut

1928 2069 2089 2123 equus
2118 2053 2314 2122 impetu
2343 2051 2536 2105 vadens
2578 2053 2633 2105 in
2674 2050 2940 2122 pra'lium,
2973 2053 3239 2123 effrenata
3272 2055 3520 2112 libertate

1930 2144 2246 2214 repetiverit.
2295 2141 2478 2214 Neque
2528 2158 2620 2198 nos
2661 2145 2923 2213 pra'cipiti
2970 2147 3263 2201 temeritate
3307 2148 3378 2201 ad
3406 2147 3516 2202 Iure

1929 2245 2165 2291 extrema
2199 2234 2515 2304 experienda
2571 2235 2909 2305 prorupinms
2960 2234 3070 2290 “".
3126 2236 3319 2293 Omnes
3381 2238 3516 2306 vias,

1931 2328 2109 2381 omnia
2129 2325 2277 2396 prius
2307 2324 2532 2379 consilia
2560 2325 3045 2396 pertemptavimus,
3074 2327 3122 2381 si
3169 2342 3277 2400 qua
3316 2331 3523 2385 ratione

1929 2415 2171 2486 rigidum
2217 2414 2642 2487 obstinatumque
2682 2417 2738 2470 in
2786 2416 2944 2471 malis
2980 2418 3243 2489 desperati
3282 2414 3521 2487 ltomini's

1932 2508 2201 2578 ingenium
2253 2506 2485 2561 emolliri
2534 2508 2718 2578 possit.
2754 2528 2757 2529 ν
2789 2505 2892 2563 Sed
2941 2511 3263 2565 inveteratus
3311 2510 3523 2565 morbus

1936 2608 2094 2669 atque
2118 2598 2242 2652 imis
2257 2599 2466 2669 penitus
2482 2597 2602 2668 jam
2624 2598 2858 2655 insidens
2886 2600 3193 2669 uisceribus,
3224 2598 3363 2657 nihil
3391 2594 3520 2673 spci’,

1936 2686 2072 2744 nihil
2096 2688 2332 2744 admittit
2376 2691 2615 2755 remedii,
2647 2706 2851 2745 omnem
2890 2702 3078 2759 artem,
3124 2706 3329 2749 onmem
3378 2694 3522 2749 evin‘

1938 2798 2058 2836 cens
2089 2780 2412 2836 industriam
2456 2783 2867 2849 medicantium;
2905 2785 3032 2855 quin
3062 2786 3245 2852 immo,
3285 2785 3411 2839 dum
3445 2772 3524 2839 le;

1936 2872 2094 2927 vitali
2138 2872 2253 2942 ejus
2303 2873 2593 2944 impensius
2651 2890 2848 2929 morem
2900 2890 3073 2947 gerere
3134 2876 3427 2943 studemus,
3477 2883 3529 2930 et

1939 2964 2166 3031 cunctis,
2210 2979 2328 3034 quae
2377 2981 2652 3037 perperam
2697 2965 2938 3034 molitur,
2992 2966 3262 3039 religionis
3317 2960 3529 3022 obtentis

1942 3055 2249 3111 muliebrem
2295 3058 2587 3128 prarbemus
2622 3059 2960 3130 patientiam,
2996 3069 3169 3115 status
3205 3062 3280 3115 rei
3306 3059 3530 3132 publica:

1946 3164 2152 3204 eversus
2188 3154 2293 3215 est,
2320 3149 2686 3222 tranquillitas
2735 3150 3080 3206 ecclesiarum
3132 3152 3367 3220 turbata,
3413 3166 3530 3206 ma-

1937 3240 2106 3311 jestas
2141 3238 2351 3311 imperii
2373 3241 2575 3308 ablata,
2603 3244 2899 3298 auctoritas
2929 3244 3228 3315 principum
3254 3230 3529 3310 evacuate,

1949 3348 2118 3387 mores
2165 3332 2379 3400 inversi,
2418 3334 2553 3405 leges
2603 3334 2837 3402 abolitaz,
2865 3344 2918 3389 et
2950 3336 3239 3390 secundum
3269 3336 3535 3407 propheta:

1947 3422 2175 3495 elogium
2203 3422 2544 3479 maledictum
2582 3434 2632 3480 et
2660 3424 2993 3480 mendacium
3031 3436 3079 3481 et
3118 3425 3461 3482 homicidium
3484 3422 3536 3481 et

1950 3513 2155 3583 furtum
2175 3523 2225 3570 et
2246 3514 2571 3571 adulterium
2598 3517 2989 3572 inundaverant
3015 3527 3063 3572 et
3084 3517 3301 3589 sanguis
3319 3518 3538 3590 sangui-

1946 3620 2067 3659 nem
2094 3607 2265 3677 tetigit
2299 3604 2475 3678 (Osee,
2508 3624 2581 3672 tv,
2610 3608 2705 3679 2);
2740 3617 3003 3678 postremo
3040 3611 3210 3663 omnis
3243 3604 3333 3641 ⁸⁸η
3366 3609 3538 3680 justi-

1950 3698 2050 3751 cite
2072 3707 2120 3751 et
2142 3698 2380 3768 pietatis,
2408 3698 2680 3769 religionis
2717 3709 2767 3754 et
2808 3698 3098 3756 honestatis
3122 3700 3406 3771 disciplina
3430 3702 3536 3755 situ

1951 3795 2109 3859 atque
2136 3787 2344 3843 incultu
2386 3784 2656 3845 obsolevit.
2700 3789 2831 3846 Huic
2876 3791 2964 3824 "'7‘
2998 3778 3389 3863 quidem,'dum
3424 3788 3541 3845 sola

1951 3880 2075 3933 vita
2121 3879 2428 3950 temporalis
2476 3880 2816 3949 detrimenta,
2877 3884 3001 3937 dum
3057 3884 3227 3938 solam
3281 3884 3441 3955 fama
3490 3893 3547 3938 et

1951 3972 2363 4026 existimationis
2400 3971 2573 4028 labem
2621 3975 3015 4042 minitarentur,
3049 3972 3265 4031 tametsi
3297 3978 3421 4032 viris
3449 3970 3542 4011 ‘m

269 4063 453 4131 nebat,
482 4062 638 4120 Reno
657 4064 826 4121 ﬂuvio
868 4074 1101 4137 utraque
1153 4074 1333 4120 castra
1390 4064 1703 4131 dirimente,
1753 4061 1856 4118 fre
1954 4062 2170 4133 ferenda
2211 4079 2314 4118 non
2352 4073 2541 4132 essent,
2580 4065 2800 4121 tulimus
2845 4075 3039 4134 tamen,
3069 4083 3132 4122 ne
3157 4077 3341 4123 contra
3358 4066 3546 4141 jusju-

264 4163 610 4228 quentesque
634 4158 703 4213 ad
736 4174 834 4214 eos
860 4158 916 4213 in
933 4160 1050 4214 dies
1070 4159 1277 4229 legatos
1304 4157 1572 4222 mittebat,
1589 4155 1854 4227 pollicens
1954 4155 2203 4221 randum,
2232 4171 2337 4225 quo
2367 4155 2699 4224 tenebamur,
2748 4158 3146 4228 prtecipitanter
3182 4159 3543 4229 impudenter-

264 4248 516 4304 omnium
537 4265 660 4320 quae
687 4265 785 4306 eos
824 4250 1163 4306 offenderant
1204 4250 1258 4303 in
1299 4249 1568 4318 reliquum
1604 4246 1859 4301 emenda—
1953 4262 2055 4316 que
2077 4247 2251 4300 venire
2271 4245 2585 4314 videremur,
2615 4258 2665 4303 et
2688 4249 2815 4302 dum
2838 4248 3024 4321 glorias
3047 4260 3243 4305 nostra:
3271 4250 3545 4306 consulere

267 4340 313 4394 ti
330 4355 511 4408 mem;
537 4350 860 4397 seveterum
885 4341 1211 4411 injuriarum
1232 4339 1553 4394 memoriam
1575 4337 1856 4407 sequenti-
1956 4350 2286 4403 conaremur,
2352 4338 2547 4392 animle
2600 4339 2947 4410 naufragium
3010 4348 3328 4411 pateremur.
3387 4340 3546 4397 Nunc

268 4433 377 4489 bus
427 4432 732 4500 beneﬁciis,
780 4433 828 4489 si
875 4433 988 4487 vita
1041 4445 1227 4487 comes
1274 4429 1433 4494 foret,
1496 4429 1850 4495 aboliturum,
1886 4443 2073 4501 puero
2105 4444 2226 4480 cum
2282 4428 2349 4482 ab
2393 4427 2626 4485 ecclesia:
2678 4445 2894 4500 corpore
2941 4441 3154 4503 propter
3187 4432 3399 4505 ﬂagitia
3446 4451 3547 4490 sua

269 4521 520 4593 nihilque
540 4523 797 4594 deinceps
828 4524 975 4580 circa
1017 4537 1201 4579 rerum
1228 4519 1574 4591 publicarum
1614 4518 1852 4573 admini-
1959 4516 2238 4589 apostolici
2286 4519 2642 4576 anathematis
2674 4537 2920 4576 mucrone
2977 4523 3231 4595 prwcisus
3287 4527 3381 4593 sit,
3427 4542 3549 4582 cum

269 4614 593 4670 strationem
656 4616 866 4685 absque
916 4613 1196 4671 communi
1255 4610 1509 4667 consulto
1562 4617 1851 4677 acturum;
1959 4610 2008 4663 ei
2068 4611 2458 4665 communicare
2524 4613 2637 4668 sine
2700 4614 3083 4669 communionis
3174 4610 3554 4675 ecclesiastica:

270 4713 552 4776 postremo
577 4706 724 4761 ultro
753 4722 812 4762 se
824 4707 951 4777 jure
975 4721 1079 4762 suo
1099 4705 1289 4760 cedere
1303 4703 1496 4773 eisque
1516 4700 1855 4773 gubernandi
1960 4699 2191 4775 dampno
2233 4709 2284 4754 et
2338 4701 2466 4770 ﬁdei
2512 4703 2735 4774 jactura
2765 4720 2868 4758 non
2905 4705 3187 4775 possimus,
3238 4724 3356 4761 cum
3392 4709 3564 4779 ﬁdem

272 4797 706 4867 disponendique
739 4813 841 4868 pro
895 4812 998 4853 suo
1044 4796 1310 4851 arbitratu
1358 4793 1538 4848 tocius
1585 4792 1741 4863 regni
1762 4792 1857 4862 jus
1964 4801 2223 4860 nostram,
2264 4792 2446 4847 multis
2473 4799 2616 4866 apud
2658 4813 2779 4852 eum
2817 4801 3164 4853 sacramentis
3210 4798 3577 4881 implicitum,

270 4896 709 4959 potestatemque
736 4888 936 4954 facere,
965 4888 1264 4943 dummodo
1307 4899 1467 4955 aequo
1493 4884 1677 4939 animo
1720 4892 1866 4953 pate-
1967 4883 2233 4939 Romanus
2261 4885 2505 4955 pontifex
2532 4889 2822 4964 apostolica
2846 4893 3162 4945 auctoritate
3190 4889 3527 4958 explicueri:
3548 4896 3593 4967 “;

273 4986 486 5047 rentur,
510 4981 628 5035 sola
648 4981 783 5052 regii
824 4979 1064 5036 nominis
1089 4980 1337 5051 regiique
1376 4977 1558 5032 cultus
1597 4983 1717 5029 rata
1759 4973 1833 5033 sil:

1964 4985 2213 5032 extremae
2239 4975 2478 5048 profecto
2510 4982 2792 5040 dementia:
2820 4988 2949 5033 esset
2981 4980 3095 5048 ‘9‘",
3124 4978 3380 5034 divinitus
3410 4986 3623 5058 obl“.

277 5083 497 5126 manere
537 5071 793 5143 insignia,
817 5087 941 5144 quas
974 5071 1143 5126 semel
1180 5070 1420 5144 legitime
1464 5074 1707 5136 accepta,
1746 5067 1865 5121 sine
1968 5076 2078 5121 tam
2108 5068 2299 5125 salutis
2360 5078 2701 5135 occasionem
2764 5087 2869 5124 non
2904 5070 3092 5141 obviis,
3157 5078 3213 5163 ut
3252 5068 3361 5123 dici
3416 5086 3648 5166 sole“

1566 5176 1805 5280 ἾῙᾹΗΙᾸΞ
1844 5177 2253 5242 LECTIONES.
