  <div class='ocr_page' id='page_1' title='image "/cluster/home/n/w/nwhite01/storage/ocr_20150623/146/hvd.32044015471832/625.png"; bbox 0 0 4050 5358; ppageno 0'>
   <div class='ocr_carea' id='block_1_1' title="bbox 507 244 631 298">
    <p class='ocr_par' dir='ltr' id='par_1_1' title="bbox 507 244 631 298">
     <span class='ocr_line' id='line_1_1' title="bbox 507 244 631 298; baseline -0.016 -1"><span class='ocrx_word' id='word_1_1' title='bbox 507 244 631 298; x_wconf 67' lang='grc'><strong><em>1⁸251</em></strong></span> 
     </span>
    </p>
   </div>
   <div class='ocr_carea' id='block_1_2' title="bbox 1650 230 2621 290">
    <p class='ocr_par' dir='ltr' id='par_1_2' title="bbox 1650 230 2621 290">
     <span class='ocr_line' id='line_1_2' title="bbox 1650 230 2621 290; baseline 0.002 -3"><span class='ocrx_word' id='word_1_2' title='bbox 1650 230 2010 289; x_wconf 62' lang='grc' dir='ltr'><strong><em>,ΙΛἊΒΕΗΤΙ</em></strong></span> <span class='ocrx_word' id='word_1_3' title='bbox 2060 233 2621 290; x_wconf 74' lang='lat' dir='ltr'><strong><em>HERSFELDENSIS</em></strong></span> 
     </span>
    </p>
   </div>
   <div class='ocr_carea' id='block_1_3' title="bbox 3618 229 3762 286">
    <p class='ocr_par' dir='ltr' id='par_1_3' title="bbox 3618 229 3762 286">
     <span class='ocr_line' id='line_1_3' title="bbox 3618 229 3762 286; baseline 0.007 -1"><span class='ocrx_word' id='word_1_4' title='bbox 3618 231 3641 285; x_wconf 76' lang='grc'><strong>1</strong></span> <span class='ocrx_word' id='word_1_5' title='bbox 3652 229 3762 286; x_wconf 71' lang='lat'><strong><em>9.52</em></strong></span> 
     </span>
    </p>
   </div>
   <div class='ocr_carea' id='block_1_4' title="bbox 479 338 3764 423">
    <p class='ocr_par' dir='ltr' id='par_1_4' title="bbox 479 338 3764 423">
     <span class='ocr_line' id='line_1_4' title="bbox 479 338 3764 423; baseline -0.004 -15"><span class='ocrx_word' id='word_1_6' title='bbox 479 356 738 408; x_wconf 77' lang='lat' dir='ltr'><strong><em>manibus</em></strong></span> <span class='ocrx_word' id='word_1_7' title='bbox 797 351 945 423; x_wconf 67' lang='lat'>(“9)</span> <span class='ocrx_word' id='word_1_8' title='bbox 982 351 1236 420; x_wconf 76' lang='lat' dir='ltr'><strong><em>excipere,</em></strong></span> <span class='ocrx_word' id='word_1_9' title='bbox 1271 342 1487 421; x_wconf 82' lang='lat' dir='ltr'><strong><em>etquod</em></strong></span> <span class='ocrx_word' id='word_1_10' title='bbox 1525 348 1642 416; x_wconf 83' lang='lat' dir='ltr'><strong><em>jam</em></strong></span> <span class='ocrx_word' id='word_1_11' title='bbox 1674 349 1766 400; x_wconf 83' lang='lat' dir='ltr'><strong><em>diu</em></strong></span> <span class='ocrx_word' id='word_1_12' title='bbox 1788 349 2068 417; x_wconf 77' lang='lat' dir='ltr'><strong><em>prccmedi-</em></strong></span> <span class='ocrx_word' id='word_1_13' title='bbox 2102 353 2144 406; x_wconf 80' lang='grc' dir='ltr'><strong>Α</strong></span> <span class='ocrx_word' id='word_1_14' title='bbox 2172 363 2231 401; x_wconf 89' lang='lat' dir='ltr'><strong><em>se</em></strong></span> <span class='ocrx_word' id='word_1_15' title='bbox 2281 345 2536 416; x_wconf 88' lang='lat' dir='ltr'><strong><em>dictoque</em></strong></span> <span class='ocrx_word' id='word_1_16' title='bbox 2579 346 3040 413; x_wconf 72' lang='lat' dir='ltr'><strong><em>obteri-iperantem</em></strong></span> <span class='ocrx_word' id='word_1_17' title='bbox 3080 340 3217 413; x_wconf 79' lang='lat' dir='ltr'><strong><em>fore</em></strong></span> <span class='ocrx_word' id='word_1_18' title='bbox 3239 340 3580 411; x_wconf 82' lang='lat' dir='ltr'><strong><em>polliceatur,</em></strong></span> <span class='ocrx_word' id='word_1_19' title='bbox 3628 338 3764 396; x_wconf 61' lang='lat' dir='ltr'><strong><em>hinc</em></strong></span> 
     </span>
    </p>
   </div>
   <div class='ocr_carea' id='block_1_5' title="bbox 497 446 2070 514">
    <p class='ocr_par' dir='ltr' id='par_1_5' title="bbox 497 446 2070 514">
     <span class='ocr_line' id='line_1_5' title="bbox 497 446 2070 514; baseline -0.005 -14"><span class='ocrx_word' id='word_1_20' title='bbox 497 458 668 500; x_wconf 77' lang='lat' dir='ltr'><strong><em>tatam</em></strong></span> <span class='ocrx_word' id='word_1_21' title='bbox 716 446 786 498; x_wconf 84' lang='lat' dir='ltr'><strong><em>sit</em></strong></span> <span class='ocrx_word' id='word_1_22' title='bbox 835 454 892 497; x_wconf 84' lang='lat' dir='ltr'><strong><em>ut</em></strong></span> <span class='ocrx_word' id='word_1_23' title='bbox 951 454 1162 514; x_wconf 81' lang='lat' dir='ltr'><strong><em>agatur,</em></strong></span> <span class='ocrx_word' id='word_1_24' title='bbox 1205 452 1314 495; x_wconf 85' lang='lat' dir='ltr'><strong><em>tant</em></strong></span> <span class='ocrx_word' id='word_1_25' title='bbox 1373 449 1630 511; x_wconf 86' lang='lat' dir='ltr'><strong><em>oportuno</em></strong></span> <span class='ocrx_word' id='word_1_26' title='bbox 1698 449 1924 510; x_wconf 86' lang='lat' dir='ltr'><strong><em>tempore</em></strong></span> <span class='ocrx_word' id='word_1_27' title='bbox 1970 456 2070 492; x_wconf 85' lang='lat' dir='ltr'><strong><em>non</em></strong></span> 
     </span>
    </p>
   </div>
   <div class='ocr_carea' id='block_1_6' title="bbox 493 531 2069 606">
    <p class='ocr_par' dir='ltr' id='par_1_6' title="bbox 493 531 2069 606">
     <span class='ocr_line' id='line_1_6' title="bbox 493 531 2069 606; baseline -0.006 -12"><span class='ocrx_word' id='word_1_28' title='bbox 493 555 646 606; x_wconf 81' lang='lat' dir='ltr'><strong><em>agere</em></strong></span> <span class='ocrx_word' id='word_1_29' title='bbox 663 560 680 601; x_wconf 62' lang='lat'><strong><em>,-</em></strong></span> <span class='ocrx_word' id='word_1_30' title='bbox 725 552 843 589; x_wconf 86' lang='lat' dir='ltr'><strong><em>cum</em></strong></span> <span class='ocrx_word' id='word_1_31' title='bbox 879 536 1014 606; x_wconf 83' lang='lat' dir='ltr'><strong><em>leges</em></strong></span> <span class='ocrx_word' id='word_1_32' title='bbox 1067 536 1313 588; x_wconf 77' lang='lat' dir='ltr'><strong><em>luunana:</em></strong></span> <span class='ocrx_word' id='word_1_33' title='bbox 1357 542 1407 587; x_wconf 90' lang='lat' dir='ltr'><strong><em>et</em></strong></span> <span class='ocrx_word' id='word_1_34' title='bbox 1449 531 1820 588; x_wconf 52' lang='lat' dir='ltr'><strong><em>ecclesiastica,</em></strong></span> <span class='ocrx_word' id='word_1_35' title='bbox 1871 533 2069 598; x_wconf 83' lang='lat' dir='ltr'><strong><em>sinrmt,</em></strong></span> 
     </span>
    </p>
   </div>
   <div class='ocr_carea' id='block_1_7' title="bbox 484 624 2070 696">
    <p class='ocr_par' dir='ltr' id='par_1_7' title="bbox 484 624 2070 696">
     <span class='ocr_line' id='line_1_7' title="bbox 484 624 2070 696; baseline -0.003 -16"><span class='ocrx_word' id='word_1_36' title='bbox 484 646 610 682; x_wconf 77' lang='lat' dir='ltr'><strong><em>cum</em></strong></span> <span class='ocrx_word' id='word_1_37' title='bbox 640 629 785 681; x_wconf 78' lang='lat' dir='ltr'><strong><em>locus</em></strong></span> <span class='ocrx_word' id='word_1_38' title='bbox 826 636 874 680; x_wconf 90' lang='lat' dir='ltr'><strong><em>et</em></strong></span> <span class='ocrx_word' id='word_1_39' title='bbox 905 636 1104 696; x_wconf 87' lang='lat' dir='ltr'><strong><em>tempus</em></strong></span> <span class='ocrx_word' id='word_1_40' title='bbox 1133 627 1424 689; x_wconf 76' lang='lat' dir='ltr'><strong><em>arrideant,</em></strong></span> <span class='ocrx_word' id='word_1_41' title='bbox 1467 640 1586 677; x_wconf 88' lang='lat' dir='ltr'><strong><em>cum</em></strong></span> <span class='ocrx_word' id='word_1_42' title='bbox 1623 624 1843 693; x_wconf 82' lang='lat' dir='ltr'><strong><em>denique</em></strong></span> <span class='ocrx_word' id='word_1_43' title='bbox 1871 625 2070 688; x_wconf 81' lang='lat' dir='ltr'><strong><em>omnia,</em></strong></span> 
     </span>
    </p>
   </div>
   <div class='ocr_carea' id='block_1_8' title="bbox 455 713 2074 804">
    <p class='ocr_par' dir='ltr' id='par_1_8' title="bbox 455 713 2074 804">
     <span class='ocr_line' id='line_1_8' title="bbox 455 713 2074 804; baseline -0.001 -33"><span class='ocrx_word' id='word_1_44' title='bbox 455 727 608 804; x_wconf 64' lang='lat' dir='ltr'><strong><em>&quot;qam</em></strong></span> <span class='ocrx_word' id='word_1_45' title='bbox 626 719 747 788; x_wconf 87' lang='lat' dir='ltr'><strong><em>paci</em></strong></span> <span class='ocrx_word' id='word_1_46' title='bbox 773 717 851 771; x_wconf 82' lang='lat' dir='ltr'><strong><em>vel</em></strong></span> <span class='ocrx_word' id='word_1_47' title='bbox 880 717 1016 770; x_wconf 85' lang='lat' dir='ltr'><strong><em>bello</em></strong></span> <span class='ocrx_word' id='word_1_48' title='bbox 1041 717 1160 770; x_wconf 79' lang='lat' dir='ltr'><strong><em>usui</em></strong></span> <span class='ocrx_word' id='word_1_49' title='bbox 1189 726 1299 770; x_wconf 84' lang='lat' dir='ltr'><strong><em>esse</em></strong></span> <span class='ocrx_word' id='word_1_50' title='bbox 1329 713 1516 780; x_wconf 78' lang='lat' dir='ltr'><strong><em>solent,</em></strong></span> <span class='ocrx_word' id='word_1_51' title='bbox 1547 715 1886 784; x_wconf 76' lang='lat' dir='ltr'><strong><em>conﬁciendce</em></strong></span> <span class='ocrx_word' id='word_1_52' title='bbox 1909 724 2074 770; x_wconf 68' lang='lat' dir='ltr'><strong><em>tantm</em></strong></span> 
     </span>
    </p>
   </div>
   <div class='ocr_carea' id='block_1_9' title="bbox 491 806 2070 882">
    <p class='ocr_par' dir='ltr' id='par_1_9' title="bbox 491 806 2070 882">
     <span class='ocr_line' id='line_1_9' title="bbox 491 806 2070 882; baseline -0.002 -21"><span class='ocrx_word' id='word_1_53' title='bbox 491 811 566 862; x_wconf 83' lang='lat' dir='ltr'><strong><em>rei</em></strong></span> <span class='ocrx_word' id='word_1_54' title='bbox 581 809 813 879; x_wconf 80' lang='lat' dir='ltr'><strong><em>favorem</em></strong></span> <span class='ocrx_word' id='word_1_55' title='bbox 834 824 988 860; x_wconf 84' lang='lat' dir='ltr'><strong><em>suum</em></strong></span> <span class='ocrx_word' id='word_1_56' title='bbox 1001 807 1372 878; x_wconf 79' lang='lat' dir='ltr'><strong><em>polliceantur.</em></strong></span> <span class='ocrx_word' id='word_1_57' title='bbox 1406 806 1738 882; x_wconf 73' lang='lat' dir='ltr'><strong><em>Quapropter</em></strong></span> <span class='ocrx_word' id='word_1_58' title='bbox 1762 807 2070 875; x_wconf 83' lang='lat' dir='ltr'><strong><em>contemptis</em></strong></span> 
     </span>
    </p>
   </div>
   <div class='ocr_carea' id='block_1_10' title="bbox 470 895 2071 969">
    <p class='ocr_par' dir='ltr' id='par_1_10' title="bbox 470 895 2071 969">
     <span class='ocr_line' id='line_1_10' title="bbox 470 895 2071 969; baseline -0.002 -15"><span class='ocrx_word' id='word_1_59' title='bbox 470 895 730 954; x_wconf 56' lang='lat' dir='ltr'><strong><em>inanium</em></strong></span> <span class='ocrx_word' id='word_1_60' title='bbox 766 908 1194 969; x_wconf 76' lang='lat' dir='ltr'><strong><em>argumentorum</em></strong></span> <span class='ocrx_word' id='word_1_61' title='bbox 1228 897 1509 961; x_wconf 79' lang='lat' dir='ltr'><strong><em>cuniculis,</em></strong></span> <span class='ocrx_word' id='word_1_62' title='bbox 1568 896 1756 966; x_wconf 79' lang='lat' dir='ltr'><strong><em>quibus</em></strong></span> <span class='ocrx_word' id='word_1_63' title='bbox 1802 897 1971 950; x_wconf 82' lang='lat' dir='ltr'><strong><em>denuo</em></strong></span> <span class='ocrx_word' id='word_1_64' title='bbox 2015 898 2071 950; x_wconf 88' lang='lat' dir='ltr'><strong><em>in</em></strong></span> 
     </span>
    </p>
   </div>
   <div class='ocr_carea' id='block_1_11' title="bbox 488 987 2067 1060">
    <p class='ocr_par' dir='ltr' id='par_1_11' title="bbox 488 987 2067 1060">
     <span class='ocr_line' id='line_1_11' title="bbox 488 987 2067 1060; baseline -0.004 -14"><span class='ocrx_word' id='word_1_65' title='bbox 488 993 710 1047; x_wconf 72' lang='lat' dir='ltr'><strong><em>cervices</em></strong></span> <span class='ocrx_word' id='word_1_66' title='bbox 735 989 1053 1060; x_wconf 65' lang='lat' dir='ltr'><strong><em>fugatosque</em></strong></span> <span class='ocrx_word' id='word_1_67' title='bbox 1097 989 1466 1043; x_wconf 81' lang='lat' dir='ltr'><strong><em>nostrosviam</em></strong></span> <span class='ocrx_word' id='word_1_68' title='bbox 1489 987 1675 1056; x_wconf 79' lang='lat' dir='ltr'><strong><em>gladio</em></strong></span> <span class='ocrx_word' id='word_1_69' title='bbox 1705 1004 1798 1040; x_wconf 85' lang='lat' dir='ltr'><strong><em>suo</em></strong></span> <span class='ocrx_word' id='word_1_70' title='bbox 1827 989 2067 1058; x_wconf 75' lang='lat' dir='ltr'><strong><em>affectat,</em></strong></span> 
     </span>
    </p>
   </div>
   <div class='ocr_carea' id='block_1_12' title="bbox 488 1079 2071 1154">
    <p class='ocr_par' dir='ltr' id='par_1_12' title="bbox 488 1079 2071 1154">
     <span class='ocr_line' id='line_1_12' title="bbox 488 1079 2071 1154; baseline -0.001 -18"><span class='ocrx_word' id='word_1_71' title='bbox 488 1081 830 1136; x_wconf 83' lang='lat' dir='ltr'><strong><em>immobililer</em></strong></span> <span class='ocrx_word' id='word_1_72' title='bbox 863 1082 1041 1135; x_wconf 85' lang='lat' dir='ltr'><strong><em>animo</em></strong></span> <span class='ocrx_word' id='word_1_73' title='bbox 1082 1082 1250 1150; x_wconf 71' lang='lat' dir='ltr'><strong><em>ﬁxum</em></strong></span> <span class='ocrx_word' id='word_1_74' title='bbox 1296 1079 1722 1154; x_wconf 62' lang='lat' dir='ltr'><strong><em>tenemus,(450),</em></strong></span> <span class='ocrx_word' id='word_1_75' title='bbox 1775 1089 1830 1133; x_wconf 85' lang='lat' dir='ltr'><strong><em>ut</em></strong></span> <span class='ocrx_word' id='word_1_76' title='bbox 1879 1083 2071 1150; x_wconf 80' lang='lat' dir='ltr'><strong><em>absque</em></strong></span> 
     </span>
    </p>
   </div>
   <div class='ocr_carea' id='block_1_13' title="bbox 487 1170 2069 1246">
    <p class='ocr_par' dir='ltr' id='par_1_13' title="bbox 487 1170 2069 1246">
     <span class='ocr_line' id='line_1_13' title="bbox 487 1170 2069 1246; baseline -0.003 -18"><span class='ocrx_word' id='word_1_77' title='bbox 487 1174 605 1228; x_wconf 85' lang='lat' dir='ltr'><strong><em>ulla</em></strong></span> <span class='ocrx_word' id='word_1_78' title='bbox 633 1173 889 1228; x_wconf 83' lang='lat' dir='ltr'><strong><em>dilatione</em></strong></span> <span class='ocrx_word' id='word_1_79' title='bbox 931 1175 1101 1246; x_wconf 81' lang='lat' dir='ltr'><strong><em>virum</em></strong></span> <span class='ocrx_word' id='word_1_80' title='bbox 1145 1172 1294 1226; x_wconf 84' lang='lat' dir='ltr'><strong><em>nobis</em></strong></span> <span class='ocrx_word' id='word_1_81' title='bbox 1323 1170 1709 1241; x_wconf 84' lang='lat' dir='ltr'><strong><em>provideamus,</em></strong></span> <span class='ocrx_word' id='word_1_82' title='bbox 1754 1171 1844 1240; x_wconf 82' lang='lat' dir='ltr'><strong><em>qui</em></strong></span> <span class='ocrx_word' id='word_1_83' title='bbox 1869 1186 2069 1240; x_wconf 79' lang='lat' dir='ltr'><strong><em>pra-ce-</em></strong></span> 
     </span>
    </p>
   </div>
   <div class='ocr_carea' id='block_1_14' title="bbox 486 1261 2071 1335">
    <p class='ocr_par' dir='ltr' id='par_1_14' title="bbox 486 1261 2071 1335">
     <span class='ocr_line' id='line_1_14' title="bbox 486 1261 2071 1335; baseline -0.004 -15"><span class='ocrx_word' id='word_1_84' title='bbox 486 1266 581 1320; x_wconf 74' lang='lat' dir='ltr'><strong><em>dat</em></strong></span> <span class='ocrx_word' id='word_1_85' title='bbox 605 1283 697 1320; x_wconf 81' lang='lat' dir='ltr'><strong><em>nos</em></strong></span> <span class='ocrx_word' id='word_1_86' title='bbox 747 1265 840 1298; x_wconf 62' lang='lat'><strong><em>“’7‘</em></strong></span> <span class='ocrx_word' id='word_1_87' title='bbox 880 1274 928 1319; x_wconf 89' lang='lat' dir='ltr'><strong><em>et</em></strong></span> <span class='ocrx_word' id='word_1_88' title='bbox 979 1264 1252 1335; x_wconf 81' lang='lat' dir='ltr'><strong><em>prcelietur</em></strong></span> <span class='ocrx_word' id='word_1_89' title='bbox 1303 1261 1495 1316; x_wconf 82' lang='lat' dir='ltr'><strong><em>bellum</em></strong></span> <span class='ocrx_word' id='word_1_90' title='bbox 1541 1261 1756 1314; x_wconf 87' lang='lat' dir='ltr'><strong><em>Domini</em></strong></span> <span class='ocrx_word' id='word_1_91' title='bbox 1797 1262 1866 1314; x_wconf 84' lang='lat' dir='ltr'><strong><em>ad</em></strong></span> <span class='ocrx_word' id='word_1_92' title='bbox 1908 1279 2071 1332; x_wconf 72' lang='lat' dir='ltr'><strong><em>expa-</em></strong></span> 
     </span>
    </p>
   </div>
   <div class='ocr_carea' id='block_1_15' title="bbox 476 1353 2068 1426">
    <p class='ocr_par' dir='ltr' id='par_1_15' title="bbox 476 1353 2068 1426">
     <span class='ocr_line' id='line_1_15' title="bbox 476 1353 2068 1426; baseline -0.003 -16"><span class='ocrx_word' id='word_1_93' title='bbox 476 1359 756 1426; x_wconf 66' lang='lat' dir='ltr'><strong><em>gnandam</em></strong></span> <span class='ocrx_word' id='word_1_94' title='bbox 778 1367 826 1411; x_wconf 85' lang='lat' dir='ltr'><strong><em>et</em></strong></span> <span class='ocrx_word' id='word_1_95' title='bbox 858 1355 1231 1410; x_wconf 77' lang='lat' dir='ltr'><strong><em>destruendam</em></strong></span> <span class='ocrx_word' id='word_1_96' title='bbox 1253 1369 1455 1408; x_wconf 80' lang='lat' dir='ltr'><strong><em>onmem</em></strong></span> <span class='ocrx_word' id='word_1_97' title='bbox 1487 1353 1859 1423; x_wconf 82' lang='lat' dir='ltr'><strong><em>cujuscmnque</em></strong></span> <span class='ocrx_word' id='word_1_98' title='bbox 1895 1353 2068 1406; x_wconf 83' lang='lat' dir='ltr'><strong><em>homi-</em></strong></span> 
     </span>
    </p>
   </div>
   <div class='ocr_carea' id='block_1_16' title="bbox 478 1444 2067 1512">
    <p class='ocr_par' dir='ltr' id='par_1_16' title="bbox 478 1444 2067 1512">
     <span class='ocr_line' id='line_1_16' title="bbox 478 1444 2067 1512; baseline -0.003 -11"><span class='ocrx_word' id='word_1_99' title='bbox 478 1451 565 1502; x_wconf 68' lang='lat' dir='ltr'><strong><em>nis</em></strong></span> <span class='ocrx_word' id='word_1_100' title='bbox 593 1449 950 1512; x_wconf 84' lang='lat' dir='ltr'><strong><em>altitudinem,</em></strong></span> <span class='ocrx_word' id='word_1_101' title='bbox 973 1446 1258 1500; x_wconf 82' lang='lat' dir='ltr'><strong><em>clevantem</em></strong></span> <span class='ocrx_word' id='word_1_102' title='bbox 1287 1456 1334 1499; x_wconf 90' lang='lat' dir='ltr'><strong><em>et</em></strong></span> <span class='ocrx_word' id='word_1_103' title='bbox 1363 1444 1696 1498; x_wconf 70' lang='lat' dir='ltr'><strong><em>extollentem</em></strong></span> <span class='ocrx_word' id='word_1_104' title='bbox 1730 1461 1783 1496; x_wconf 85' lang='lat' dir='ltr'><strong><em>se</em></strong></span> <span class='ocrx_word' id='word_1_105' title='bbox 1821 1444 2067 1497; x_wconf 70' lang='lat' dir='ltr'><strong><em>adversus</em></strong></span> 
     </span>
    </p>
   </div>
   <div class='ocr_carea' id='block_1_17' title="bbox 479 1535 2069 1610">
    <p class='ocr_par' dir='ltr' id='par_1_17' title="bbox 479 1535 2069 1610">
     <span class='ocr_line' id='line_1_17' title="bbox 479 1535 2069 1610; baseline -0.004 -16"><span class='ocrx_word' id='word_1_106' title='bbox 479 1541 755 1610; x_wconf 80' lang='lat' dir='ltr'><strong><em>justiciam</em></strong></span> <span class='ocrx_word' id='word_1_107' title='bbox 784 1549 832 1594; x_wconf 86' lang='lat' dir='ltr'><strong><em>et</em></strong></span> <span class='ocrx_word' id='word_1_108' title='bbox 862 1540 1134 1596; x_wconf 79' lang='lat' dir='ltr'><strong><em>veritatem</em></strong></span> <span class='ocrx_word' id='word_1_109' title='bbox 1163 1537 1261 1592; x_wconf 88' lang='lat' dir='ltr'><strong><em>Dei</em></strong></span> <span class='ocrx_word' id='word_1_110' title='bbox 1295 1545 1343 1591; x_wconf 88' lang='lat' dir='ltr'><strong><em>et</em></strong></span> <span class='ocrx_word' id='word_1_111' title='bbox 1373 1545 1572 1590; x_wconf 78' lang='lat' dir='ltr'><strong><em>sancta:</em></strong></span> <span class='ocrx_word' id='word_1_112' title='bbox 1600 1535 1852 1589; x_wconf 69' lang='lat' dir='ltr'><strong><em>Romana?</em></strong></span> <span class='ocrx_word' id='word_1_113' title='bbox 1885 1535 2069 1589; x_wconf 77' lang='lat' dir='ltr'><strong><em>Eccle-</em></strong></span> 
     </span>
    </p>
   </div>
   <div class='ocr_carea' id='block_1_18' title="bbox 478 1626 2070 1708">
    <p class='ocr_par' dir='ltr' id='par_1_18' title="bbox 478 1626 2070 1708">
     <span class='ocr_line' id='line_1_18' title="bbox 478 1626 2070 1708; baseline -0.004 -22"><span class='ocrx_word' id='word_1_114' title='bbox 478 1635 580 1687; x_wconf 74' lang='lat' dir='ltr'><strong><em>sia:</em></strong></span> <span class='ocrx_word' id='word_1_115' title='bbox 606 1632 995 1686; x_wconf 84' lang='lat' dir='ltr'><strong><em>auctoritatem.</em></strong></span> <span class='ocrx_word' id='word_1_116' title='bbox 1015 1629 1071 1684; x_wconf 91' lang='lat' dir='ltr'><strong><em>1n</em></strong></span> <span class='ocrx_word' id='word_1_117' title='bbox 1104 1629 1219 1686; x_wconf 68' lang='lat' dir='ltr'><strong><em>htec</em></strong></span> <span class='ocrx_word' id='word_1_118' title='bbox 1249 1629 1412 1687; x_wconf 81' lang='lat' dir='ltr'><strong><em>verba</em></strong></span> <span class='ocrx_word' id='word_1_119' title='bbox 1449 1629 1657 1708; x_wconf 82' lang='lat' dir='ltr'><strong><em>legatos</em></strong></span> <span class='ocrx_word' id='word_1_120' title='bbox 1680 1627 1822 1698; x_wconf 83' lang='lat' dir='ltr'><strong><em>regis</em></strong></span> <span class='ocrx_word' id='word_1_121' title='bbox 1852 1626 2070 1682; x_wconf 84' lang='lat' dir='ltr'><strong><em>dimise-</em></strong></span> 
     </span>
    </p>
   </div>
   <div class='ocr_carea' id='block_1_19' title="bbox 484 1715 1849 1780">
    <p class='ocr_par' dir='ltr' id='par_1_19' title="bbox 484 1715 1849 1780">
     <span class='ocr_line' id='line_1_19' title="bbox 484 1715 1849 1780; baseline -0.002 0"><span class='ocrx_word' id='word_1_122' title='bbox 484 1734 633 1780; x_wconf 85' lang='lat' dir='ltr'><strong><em>runt.</em></strong></span> <span class='ocrx_word' id='word_1_123' title='bbox 1269 1741 1271 1743; x_wconf 56' lang='grc' dir='ltr'>ί</span> <span class='ocrx_word' id='word_1_124' title='bbox 1635 1723 1638 1726; x_wconf 79' lang='grc'><strong>’</strong></span> <span class='ocrx_word' id='word_1_125' title='bbox 1847 1715 1849 1718; x_wconf 61' lang='grc'><em>’</em></span> 
     </span>
    </p>
   </div>
   <div class='ocr_carea' id='block_1_20' title="bbox 531 1811 2066 1885">
    <p class='ocr_par' dir='ltr' id='par_1_20' title="bbox 531 1811 2066 1885">
     <span class='ocr_line' id='line_1_20' title="bbox 531 1811 2066 1885; baseline -0.001 -16"><span class='ocrx_word' id='word_1_126' title='bbox 531 1814 754 1872; x_wconf 75' lang='lat' dir='ltr'><strong><em>iterum</em></strong></span> <span class='ocrx_word' id='word_1_127' title='bbox 789 1815 926 1872; x_wconf 87' lang='lat' dir='ltr'><strong><em>alios</em></strong></span> <span class='ocrx_word' id='word_1_128' title='bbox 961 1822 1123 1885; x_wconf 87' lang='lat' dir='ltr'><strong><em>atque</em></strong></span> <span class='ocrx_word' id='word_1_129' title='bbox 1153 1815 1290 1870; x_wconf 85' lang='lat' dir='ltr'><strong><em>alios</em></strong></span> <span class='ocrx_word' id='word_1_130' title='bbox 1325 1813 1496 1880; x_wconf 82' lang='lat' dir='ltr'><strong><em>misit,</em></strong></span> <span class='ocrx_word' id='word_1_131' title='bbox 1551 1811 1759 1868; x_wconf 88' lang='lat' dir='ltr'><strong><em>nullum</em></strong></span> <span class='ocrx_word' id='word_1_132' title='bbox 1799 1812 2066 1882; x_wconf 87' lang='lat' dir='ltr'><strong><em>supplica-</em></strong></span> 
     </span>
    </p>
   </div>
   <div class='ocr_carea' id='block_1_21' title="bbox 477 1905 2066 1978">
    <p class='ocr_par' dir='ltr' id='par_1_21' title="bbox 477 1905 2066 1978">
     <span class='ocr_line' id='line_1_21' title="bbox 477 1905 2066 1978; baseline 0 -16"><span class='ocrx_word' id='word_1_133' title='bbox 477 1909 652 1964; x_wconf 84' lang='lat' dir='ltr'><strong><em>tionis</em></strong></span> <span class='ocrx_word' id='word_1_134' title='bbox 714 1923 924 1978; x_wconf 83' lang='lat' dir='ltr'><strong><em>genus,</em></strong></span> <span class='ocrx_word' id='word_1_135' title='bbox 971 1909 1117 1977; x_wconf 87' lang='lat' dir='ltr'><strong><em>quod</em></strong></span> <span class='ocrx_word' id='word_1_136' title='bbox 1174 1906 1528 1976; x_wconf 67' lang='lat' dir='ltr'><strong><em>impediendae</em></strong></span> <span class='ocrx_word' id='word_1_137' title='bbox 1572 1914 1734 1960; x_wconf 71' lang='lat' dir='ltr'><strong><em>tanta:</em></strong></span> <span class='ocrx_word' id='word_1_138' title='bbox 1771 1905 1848 1959; x_wconf 81' lang='lat' dir='ltr'><strong><em>rei</em></strong></span> <span class='ocrx_word' id='word_1_139' title='bbox 1899 1905 2066 1975; x_wconf 59' lang='lat' dir='ltr'><strong><em>proﬁ:</em></strong></span> 
     </span>
    </p>
   </div>
   <div class='ocr_carea' id='block_1_22' title="bbox 474 1985 2064 2069">
    <p class='ocr_par' dir='ltr' id='par_1_22' title="bbox 474 1985 2064 2069">
     <span class='ocr_line' id='line_1_22' title="bbox 474 1985 2064 2069; baseline -0.004 -14"><span class='ocrx_word' id='word_1_140' title='bbox 474 2012 647 2055; x_wconf 76' lang='lat' dir='ltr'><strong><em>cltum</em></strong></span> <span class='ocrx_word' id='word_1_141' title='bbox 695 2007 1003 2069; x_wconf 79' lang='lat' dir='ltr'><strong><em>putaretur,</em></strong></span> <span class='ocrx_word' id='word_1_142' title='bbox 1056 1999 1497 2069; x_wconf 70' lang='lat' dir='ltr'><strong><em>przetcrmittens.</em></strong></span> <span class='ocrx_word' id='word_1_143' title='bbox 1557 1985 1661 2055; x_wconf 86' lang='lat' dir='ltr'><strong><em>Sed</em></strong></span> <span class='ocrx_word' id='word_1_144' title='bbox 1694 1997 1769 2050; x_wconf 88' lang='lat' dir='ltr'><strong><em>illi</em></strong></span> <span class='ocrx_word' id='word_1_145' title='bbox 1801 1997 1853 2049; x_wconf 91' lang='lat' dir='ltr'><strong><em>in</em></strong></span> <span class='ocrx_word' id='word_1_146' title='bbox 1878 1997 2064 2050; x_wconf 86' lang='lat' dir='ltr'><strong><em>eadem</em></strong></span> 
     </span>
    </p>
   </div>
   <div class='ocr_carea' id='block_1_23' title="bbox 473 2087 2064 2160">
    <p class='ocr_par' dir='ltr' id='par_1_23' title="bbox 473 2087 2064 2160">
     <span class='ocr_line' id='line_1_23' title="bbox 473 2087 2064 2160; baseline -0.004 -14"><span class='ocrx_word' id='word_1_147' title='bbox 473 2093 754 2148; x_wconf 78' lang='lat' dir='ltr'><strong><em>sententia</em></strong></span> <span class='ocrx_word' id='word_1_148' title='bbox 780 2090 872 2145; x_wconf 81' lang='lat' dir='ltr'><strong><em>ﬁxi</em></strong></span> <span class='ocrx_word' id='word_1_149' title='bbox 903 2090 1272 2160; x_wconf 87' lang='lat' dir='ltr'><strong><em>obstinatique</em></strong></span> <span class='ocrx_word' id='word_1_150' title='bbox 1307 2090 1620 2144; x_wconf 89' lang='lat' dir='ltr'><strong><em>manebant.</em></strong></span> <span class='ocrx_word' id='word_1_151' title='bbox 1658 2087 1889 2157; x_wconf 79' lang='lat' dir='ltr'><strong><em>Jamque</em></strong></span> <span class='ocrx_word' id='word_1_152' title='bbox 1913 2096 2064 2141; x_wconf 89' lang='lat' dir='ltr'><strong><em>utra-</em></strong></span> 
     </span>
    </p>
   </div>
   <div class='ocr_carea' id='block_1_24' title="bbox 485 2181 2065 2253">
    <p class='ocr_par' dir='ltr' id='par_1_24' title="bbox 485 2181 2065 2253">
     <span class='ocr_line' id='line_1_24' title="bbox 485 2181 2065 2253; baseline -0.003 -17"><span class='ocrx_word' id='word_1_153' title='bbox 485 2199 591 2253; x_wconf 81' lang='lat' dir='ltr'><strong><em>que</em></strong></span> <span class='ocrx_word' id='word_1_154' title='bbox 613 2199 678 2238; x_wconf 81' lang='lat' dir='ltr'><strong><em>ex</em></strong></span> <span class='ocrx_word' id='word_1_155' title='bbox 703 2194 857 2253; x_wconf 89' lang='lat' dir='ltr'><strong><em>parte</em></strong></span> <span class='ocrx_word' id='word_1_156' title='bbox 913 2183 980 2236; x_wconf 88' lang='lat' dir='ltr'><strong><em>ad</em></strong></span> <span class='ocrx_word' id='word_1_157' title='bbox 1032 2197 1295 2252; x_wconf 87' lang='lat' dir='ltr'><strong><em>magnum</em></strong></span> <span class='ocrx_word' id='word_1_158' title='bbox 1339 2181 1636 2236; x_wconf 85' lang='lat' dir='ltr'><strong><em>discrimen</em></strong></span> <span class='ocrx_word' id='word_1_159' title='bbox 1685 2196 1774 2232; x_wconf 84' lang='lat' dir='ltr'><strong><em>res</em></strong></span> <span class='ocrx_word' id='word_1_160' title='bbox 1822 2187 2065 2248; x_wconf 68' lang='lat' dir='ltr'><strong><em>spectare</em></strong></span> 
     </span>
    </p>
   </div>
   <div class='ocr_carea' id='block_1_25' title="bbox 480 2269 2064 2343">
    <p class='ocr_par' dir='ltr' id='par_1_25' title="bbox 480 2269 2064 2343">
     <span class='ocr_line' id='line_1_25' title="bbox 480 2269 2064 2343; baseline -0.001 -17"><span class='ocrx_word' id='word_1_161' title='bbox 480 2269 784 2329; x_wconf 75' lang='lat' dir='ltr'><strong><em>videbatur.</em></strong></span> <span class='ocrx_word' id='word_1_162' title='bbox 819 2274 1061 2343; x_wconf 85' lang='lat' dir='ltr'><strong><em>Denique</em></strong></span> <span class='ocrx_word' id='word_1_163' title='bbox 1096 2282 1151 2328; x_wconf 89' lang='lat' dir='ltr'><strong><em>et</em></strong></span> <span class='ocrx_word' id='word_1_164' title='bbox 1173 2273 1228 2327; x_wconf 90' lang='lat' dir='ltr'><strong><em>hi</em></strong></span> <span class='ocrx_word' id='word_1_165' title='bbox 1271 2288 1453 2343; x_wconf 81' lang='lat' dir='ltr'><strong><em>regem</em></strong></span> <span class='ocrx_word' id='word_1_166' title='bbox 1483 2272 1651 2326; x_wconf 87' lang='lat' dir='ltr'><strong><em>alium</em></strong></span> <span class='ocrx_word' id='word_1_167' title='bbox 1682 2272 1785 2325; x_wconf 83' lang='lat' dir='ltr'><strong><em>sibi</em></strong></span> <span class='ocrx_word' id='word_1_168' title='bbox 1812 2271 2064 2340; x_wconf 85' lang='lat' dir='ltr'><strong><em>protinus</em></strong></span> 
     </span>
    </p>
   </div>
   <div class='ocr_carea' id='block_1_26' title="bbox 475 2363 2063 2437">
    <p class='ocr_par' dir='ltr' id='par_1_26' title="bbox 475 2363 2063 2437">
     <span class='ocr_line' id='line_1_26' title="bbox 475 2363 2063 2437; baseline -0.003 -17"><span class='ocrx_word' id='word_1_169' title='bbox 475 2367 832 2433; x_wconf 83' lang='lat' dir='ltr'><strong><em>constituere,</em></strong></span> <span class='ocrx_word' id='word_1_170' title='bbox 860 2374 914 2421; x_wconf 89' lang='lat' dir='ltr'><strong><em>et</em></strong></span> <span class='ocrx_word' id='word_1_171' title='bbox 951 2367 1277 2420; x_wconf 86' lang='lat' dir='ltr'><strong><em>transmisso</em></strong></span> <span class='ocrx_word' id='word_1_172' title='bbox 1321 2363 1471 2419; x_wconf 69' lang='lat' dir='ltr'><strong><em>lieno</em></strong></span> <span class='ocrx_word' id='word_1_173' title='bbox 1497 2364 1661 2418; x_wconf 82' lang='lat' dir='ltr'><strong><em>ﬂuvio</em></strong></span> <span class='ocrx_word' id='word_1_174' title='bbox 1686 2394 1755 2437; x_wconf 62' lang='grc' dir='ltr'><strong><em>τ-</em></strong></span> <span class='ocrx_word' id='word_1_175' title='bbox 1786 2364 2063 2434; x_wconf 73' lang='lat' dir='ltr'><strong><em>navigium</em></strong></span> 
     </span>
    </p>
   </div>
   <div class='ocr_carea' id='block_1_27' title="bbox 474 2454 2061 2526">
    <p class='ocr_par' dir='ltr' id='par_1_27' title="bbox 474 2454 2061 2526">
     <span class='ocr_line' id='line_1_27' title="bbox 474 2454 2061 2526; baseline -0.003 -15"><span class='ocrx_word' id='word_1_176' title='bbox 474 2458 622 2512; x_wconf 86' lang='lat' dir='ltr'><strong><em>enim</em></strong></span> <span class='ocrx_word' id='word_1_177' title='bbox 668 2472 841 2513; x_wconf 76' lang='lat' dir='ltr'><strong><em>omne</em></strong></span> <span class='ocrx_word' id='word_1_178' title='bbox 888 2458 1200 2526; x_wconf 85' lang='lat' dir='ltr'><strong><em>episcopus</em></strong></span> <span class='ocrx_word' id='word_1_179' title='bbox 1227 2455 1576 2526; x_wconf 86' lang='lat' dir='ltr'><strong><em>Mogontinus</em></strong></span> <span class='ocrx_word' id='word_1_180' title='bbox 1621 2455 1674 2508; x_wconf 92' lang='lat' dir='ltr'><strong><em>in</em></strong></span> <span class='ocrx_word' id='word_1_181' title='bbox 1714 2470 1834 2508; x_wconf 89' lang='lat' dir='ltr'><strong><em>eam</em></strong></span> <span class='ocrx_word' id='word_1_182' title='bbox 1889 2454 2061 2523; x_wconf 86' lang='lat' dir='ltr'><strong><em>ripam</em></strong></span> 
     </span>
    </p>
   </div>
   <div class='ocr_carea' id='block_1_28' title="bbox 475 2544 2063 2620">
    <p class='ocr_par' dir='ltr' id='par_1_28' title="bbox 475 2544 2063 2620">
     <span class='ocr_line' id='line_1_28' title="bbox 475 2544 2063 2620; baseline 0 -18"><span class='ocrx_word' id='word_1_183' title='bbox 475 2558 728 2620; x_wconf 79' lang='lat' dir='ltr'><strong><em>coegerat</em></strong></span> <span class='ocrx_word' id='word_1_184' title='bbox 746 2578 817 2588; x_wconf 91' lang='lat'>—</span> <span class='ocrx_word' id='word_1_185' title='bbox 837 2549 1085 2619; x_wconf 84' lang='lat' dir='ltr'><strong><em>proxima</em></strong></span> <span class='ocrx_word' id='word_1_186' title='bbox 1107 2548 1226 2602; x_wconf 89' lang='lat' dir='ltr'><strong><em>luce</em></strong></span> <span class='ocrx_word' id='word_1_187' title='bbox 1258 2548 1369 2618; x_wconf 84' lang='lat' dir='ltr'><strong><em>regi</em></strong></span> <span class='ocrx_word' id='word_1_188' title='bbox 1399 2546 1655 2600; x_wconf 73' lang='lat' dir='ltr'><strong><em>l-lcinrico</em></strong></span> <span class='ocrx_word' id='word_1_189' title='bbox 1679 2562 1832 2600; x_wconf 86' lang='lat' dir='ltr'><strong><em>arma</em></strong></span> <span class='ocrx_word' id='word_1_190' title='bbox 1859 2544 2063 2602; x_wconf 79' lang='lat' dir='ltr'><strong><em>inferre</em></strong></span> 
     </span>
    </p>
   </div>
   <div class='ocr_carea' id='block_1_29' title="bbox 470 2639 2057 2710">
    <p class='ocr_par' dir='ltr' id='par_1_29' title="bbox 470 2639 2057 2710">
     <span class='ocr_line' id='line_1_29' title="bbox 470 2639 2057 2710; baseline -0.001 -17"><span class='ocrx_word' id='word_1_191' title='bbox 470 2641 773 2710; x_wconf 87' lang='lat' dir='ltr'><strong><em>parabant;</em></strong></span> <span class='ocrx_word' id='word_1_192' title='bbox 804 2649 859 2696; x_wconf 88' lang='lat' dir='ltr'><strong><em>et</em></strong></span> <span class='ocrx_word' id='word_1_193' title='bbox 901 2641 1010 2706; x_wconf 82' lang='lat' dir='ltr'><strong><em>ille,</em></strong></span> <span class='ocrx_word' id='word_1_194' title='bbox 1047 2640 1220 2696; x_wconf 87' lang='lat' dir='ltr'><strong><em>incisa</em></strong></span> <span class='ocrx_word' id='word_1_195' title='bbox 1251 2653 1347 2710; x_wconf 95' lang='lat' dir='ltr'><strong><em>spe</em></strong></span> <span class='ocrx_word' id='word_1_196' title='bbox 1374 2639 1654 2693; x_wconf 86' lang='lat' dir='ltr'><strong><em>dilationis</em></strong></span> <span class='ocrx_word' id='word_1_197' title='bbox 1685 2639 2057 2710; x_wconf 73' lang='lat' dir='ltr'><strong><em>in&#39;ipetraudae,</em></strong></span> 
     </span>
    </p>
   </div>
   <div class='ocr_carea' id='block_1_30' title="bbox 472 2729 2058 2803">
    <p class='ocr_par' dir='ltr' id='par_1_30' title="bbox 472 2729 2058 2803">
     <span class='ocr_line' id='line_1_30' title="bbox 472 2729 2058 2803; baseline -0.001 -19"><span class='ocrx_word' id='word_1_198' title='bbox 472 2745 628 2797; x_wconf 85' lang='lat' dir='ltr'><strong><em>suos,</em></strong></span> <span class='ocrx_word' id='word_1_199' title='bbox 674 2732 771 2803; x_wconf 88' lang='lat' dir='ltr'><strong><em>qui</em></strong></span> <span class='ocrx_word' id='word_1_200' title='bbox 815 2747 914 2802; x_wconf 83' lang='lat' dir='ltr'><strong><em>per</em></strong></span> <span class='ocrx_word' id='word_1_201' title='bbox 962 2732 1244 2801; x_wconf 87' lang='lat' dir='ltr'><strong><em>proximas</em></strong></span> <span class='ocrx_word' id='word_1_202' title='bbox 1293 2731 1448 2784; x_wconf 87' lang='lat' dir='ltr'><strong><em>villas</em></strong></span> <span class='ocrx_word' id='word_1_203' title='bbox 1496 2729 1728 2798; x_wconf 85' lang='lat' dir='ltr'><strong><em>dispersi</em></strong></span> <span class='ocrx_word' id='word_1_204' title='bbox 1781 2738 1962 2794; x_wconf 75' lang='lat' dir='ltr'><strong><em>erant,</em></strong></span> <span class='ocrx_word' id='word_1_205' title='bbox 2005 2730 2058 2782; x_wconf 90' lang='lat' dir='ltr'><strong><em>in</em></strong></span> 
     </span>
    </p>
   </div>
   <div class='ocr_carea' id='block_1_31' title="bbox 467 2820 2062 2897">
    <p class='ocr_par' dir='ltr' id='par_1_31' title="bbox 467 2820 2062 2897">
     <span class='ocr_line' id='line_1_31' title="bbox 467 2820 2062 2897; baseline 0.003 -26"><span class='ocrx_word' id='word_1_206' title='bbox 467 2839 645 2878; x_wconf 80' lang='lat' dir='ltr'><strong><em>unum</em></strong></span> <span class='ocrx_word' id='word_1_207' title='bbox 693 2824 840 2880; x_wconf 84' lang='lat' dir='ltr'><strong><em>coire</em></strong></span> <span class='ocrx_word' id='word_1_208' title='bbox 875 2823 966 2856; x_wconf 77' lang='grc'>³⁸⁷⁵</span> <span class='ocrx_word' id='word_1_209' title='bbox 1022 2833 1187 2893; x_wconf 88' lang='lat' dir='ltr'><strong><em>atque</em></strong></span> <span class='ocrx_word' id='word_1_210' title='bbox 1231 2839 1387 2876; x_wconf 89' lang='lat' dir='ltr'><strong><em>arma</em></strong></span> <span class='ocrx_word' id='word_1_211' title='bbox 1433 2821 1688 2897; x_wconf 73' lang='lat' dir='ltr'><strong><em>expedire</em></strong></span> <span class='ocrx_word' id='word_1_212' title='bbox 1708 2820 1954 2889; x_wconf 84' lang='lat' dir='ltr'><strong><em>jubebat,</em></strong></span> <span class='ocrx_word' id='word_1_213' title='bbox 2002 2829 2062 2876; x_wconf 90' lang='lat' dir='ltr'><strong><em>ut</em></strong></span> 
     </span>
    </p>
   </div>
   <div class='ocr_carea' id='block_1_32' title="bbox 453 2910 2059 2986">
    <p class='ocr_par' dir='ltr' id='par_1_32' title="bbox 453 2910 2059 2986">
     <span class='ocr_line' id='line_1_32' title="bbox 453 2910 2059 2986; baseline 0 -20"><span class='ocrx_word' id='word_1_214' title='bbox 453 2914 528 2967; x_wconf 78' lang='lat' dir='ltr'><strong><em>.ia</em></strong></span> <span class='ocrx_word' id='word_1_215' title='bbox 575 2915 888 2970; x_wconf 74' lang='lat' dir='ltr'><strong><em>ulteriorem</em></strong></span> <span class='ocrx_word' id='word_1_216' title='bbox 937 2915 1114 2985; x_wconf 84' lang='lat' dir='ltr'><strong><em>ripam</em></strong></span> <span class='ocrx_word' id='word_1_217' title='bbox 1154 2928 1477 2985; x_wconf 86' lang='lat' dir='ltr'><strong><em>progressos</em></strong></span> <span class='ocrx_word' id='word_1_218' title='bbox 1533 2910 1830 2986; x_wconf 81' lang='lat' dir='ltr'><strong><em>confestim</em></strong></span> <span class='ocrx_word' id='word_1_219' title='bbox 1872 2911 2059 2982; x_wconf 66' lang='lat' dir='ltr'><strong><em>praelio</em></strong></span> 
     </span>
    </p>
   </div>
   <div class='ocr_carea' id='block_1_33' title="bbox 465 3003 2057 3072">
    <p class='ocr_par' dir='ltr' id='par_1_33' title="bbox 465 3003 2057 3072">
     <span class='ocr_line' id='line_1_33' title="bbox 465 3003 2057 3072; baseline 0 -14"><span class='ocrx_word' id='word_1_220' title='bbox 465 3007 799 3060; x_wconf 75' lang='lat' dir='ltr'><strong><em>adoriretur.</em></strong></span> <span class='ocrx_word' id='word_1_221' title='bbox 859 3005 916 3059; x_wconf 91' lang='lat' dir='ltr'><strong><em>In</em></strong></span> <span class='ocrx_word' id='word_1_222' title='bbox 972 3007 1074 3061; x_wconf 86' lang='lat' dir='ltr'><strong><em>hac</em></strong></span> <span class='ocrx_word' id='word_1_223' title='bbox 1121 3014 1396 3060; x_wconf 83' lang='lat' dir='ltr'><strong><em>tantarum</em></strong></span> <span class='ocrx_word' id='word_1_224' title='bbox 1451 3003 1828 3072; x_wconf 79' lang='lat' dir='ltr'><strong><em>expectatione</em></strong></span> <span class='ocrx_word' id='word_1_225' title='bbox 1872 3021 2057 3058; x_wconf 87' lang='lat' dir='ltr'><strong><em>rerum</em></strong></span> 
     </span>
    </p>
   </div>
   <div class='ocr_carea' id='block_1_34' title="bbox 469 3096 2057 3170">
    <p class='ocr_par' dir='ltr' id='par_1_34' title="bbox 469 3096 2057 3170">
     <span class='ocr_line' id='line_1_34' title="bbox 469 3096 2057 3170; baseline 0.002 -22"><span class='ocrx_word' id='word_1_226' title='bbox 469 3097 696 3168; x_wconf 75' lang='lat' dir='ltr'><strong><em>intentis</em></strong></span> <span class='ocrx_word' id='word_1_227' title='bbox 724 3097 1082 3167; x_wconf 69' lang='lat' dir='ltr'><strong><em>sollicitisque</em></strong></span> <span class='ocrx_word' id='word_1_228' title='bbox 1110 3098 1388 3163; x_wconf 90' lang='lat' dir='ltr'><strong><em>omnibus,</em></strong></span> <span class='ocrx_word' id='word_1_229' title='bbox 1419 3111 1545 3170; x_wconf 80' lang='lat' dir='ltr'><strong><em>ecce</em></strong></span> <span class='ocrx_word' id='word_1_230' title='bbox 1593 3096 1768 3165; x_wconf 85' lang='lat' dir='ltr'><strong><em>primo</em></strong></span> <span class='ocrx_word' id='word_1_231' title='bbox 1813 3096 2057 3151; x_wconf 78' lang='lat' dir='ltr'><strong><em>diluculo</em></strong></span> 
     </span>
    </p>
   </div>
   <div class='ocr_carea' id='block_1_35' title="bbox 450 3169 2058 3263">
    <p class='ocr_par' dir='ltr' id='par_1_35' title="bbox 450 3169 2058 3263">
     <span class='ocr_line' id='line_1_35' title="bbox 450 3169 2058 3263; baseline 0.001 -20"><span class='ocrx_word' id='word_1_232' title='bbox 450 3173 755 3259; x_wconf 82' lang='lat' dir='ltr'><strong><em>sequentis</em></strong></span> <span class='ocrx_word' id='word_1_233' title='bbox 799 3190 926 3255; x_wconf 91' lang='lat' dir='ltr'><strong><em>diei,</em></strong></span> <span class='ocrx_word' id='word_1_234' title='bbox 978 3205 1100 3260; x_wconf 60' lang='lat' dir='ltr'><strong><em>quin</em></strong></span> <span class='ocrx_word' id='word_1_235' title='bbox 1151 3189 1399 3244; x_wconf 88' lang='lat' dir='ltr'><strong><em>ultimam</em></strong></span> <span class='ocrx_word' id='word_1_236' title='bbox 1453 3188 1661 3243; x_wconf 87' lang='lat' dir='ltr'><strong><em>cladem</em></strong></span> <span class='ocrx_word' id='word_1_237' title='bbox 1695 3169 1786 3263; x_wconf 43' lang='lat' dir='ltr'><strong><em>‘rei</em></strong></span> <span class='ocrx_word' id='word_1_238' title='bbox 1829 3189 2058 3258; x_wconf 66' lang='lat' dir='ltr'><strong><em>publica:</em></strong></span> 
     </span>
    </p>
   </div>
   <div class='ocr_carea' id='block_1_36' title="bbox 469 3267 2106 3360">
    <p class='ocr_par' dir='ltr' id='par_1_36' title="bbox 469 3267 2106 3360">
     <span class='ocr_line' id='line_1_36' title="bbox 469 3267 2106 3360; baseline 0.001 -27"><span class='ocrx_word' id='word_1_239' title='bbox 469 3279 708 3335; x_wconf 83' lang='lat' dir='ltr'><strong><em>allatura</em></strong></span> <span class='ocrx_word' id='word_1_240' title='bbox 764 3281 1081 3348; x_wconf 87' lang='lat' dir='ltr'><strong><em>timebatur,</em></strong></span> <span class='ocrx_word' id='word_1_241' title='bbox 1136 3280 1299 3336; x_wconf 88' lang='lat' dir='ltr'><strong><em>Suevi</em></strong></span> <span class='ocrx_word' id='word_1_242' title='bbox 1334 3289 1389 3336; x_wconf 87' lang='lat' dir='ltr'><strong><em>et</em></strong></span> <span class='ocrx_word' id='word_1_243' title='bbox 1421 3267 1680 3336; x_wconf 84' lang='lat' dir='ltr'><strong><em>Saxones</em></strong></span> <span class='ocrx_word' id='word_1_244' title='bbox 1728 3280 1938 3350; x_wconf 81' lang='lat' dir='ltr'><strong><em>legatos</em></strong></span> <span class='ocrx_word' id='word_1_245' title='bbox 1991 3280 2058 3334; x_wconf 88' lang='lat' dir='ltr'><strong><em>ad</em></strong></span> <span class='ocrx_word' id='word_1_246' title='bbox 2101 3355 2106 3360; x_wconf 20' lang='grc' dir='ltr'><strong>θ</strong></span> 
     </span>
    </p>
   </div>
   <div class='ocr_carea' id='block_1_37' title="bbox 473 3371 2056 3444">
    <p class='ocr_par' dir='ltr' id='par_1_37' title="bbox 473 3371 2056 3444">
     <span class='ocr_line' id='line_1_37' title="bbox 473 3371 2056 3444; baseline -0.001 -18"><span class='ocrx_word' id='word_1_247' title='bbox 473 3388 654 3444; x_wconf 86' lang='lat' dir='ltr'><strong><em>regem</em></strong></span> <span class='ocrx_word' id='word_1_248' title='bbox 701 3375 988 3440; x_wconf 86' lang='lat' dir='ltr'><strong><em>miserunt,</em></strong></span> <span class='ocrx_word' id='word_1_249' title='bbox 1047 3374 1139 3444; x_wconf 88' lang='lat' dir='ltr'><strong><em>qui</em></strong></span> <span class='ocrx_word' id='word_1_250' title='bbox 1175 3374 1224 3428; x_wconf 90' lang='lat' dir='ltr'><strong><em>ei</em></strong></span> <span class='ocrx_word' id='word_1_251' title='bbox 1265 3375 1510 3430; x_wconf 86' lang='lat' dir='ltr'><strong><em>dicerent</em></strong></span> <span class='ocrx_word' id='word_1_252' title='bbox 1534 3392 1546 3428; x_wconf 89' lang='lat'><strong>:</strong></span> <span class='ocrx_word' id='word_1_253' title='bbox 1574 3371 1815 3427; x_wconf 83' lang='lat' dir='ltr'><strong><em>Tametsi</em></strong></span> <span class='ocrx_word' id='word_1_254' title='bbox 1853 3389 1962 3442; x_wconf 83' lang='lat' dir='ltr'><strong><em>nec</em></strong></span> <span class='ocrx_word' id='word_1_255' title='bbox 2003 3373 2056 3426; x_wconf 89' lang='lat' dir='ltr'><strong><em>in</em></strong></span> 
     </span>
    </p>
   </div>
   <div class='ocr_carea' id='block_1_38' title="bbox 471 3464 2057 3536">
    <p class='ocr_par' dir='ltr' id='par_1_38' title="bbox 471 3464 2057 3536">
     <span class='ocr_line' id='line_1_38' title="bbox 471 3464 2057 3536; baseline -0.001 -18"><span class='ocrx_word' id='word_1_256' title='bbox 471 3465 611 3520; x_wconf 84' lang='lat' dir='ltr'><strong><em>bello</em></strong></span> <span class='ocrx_word' id='word_1_257' title='bbox 642 3481 740 3520; x_wconf 86' lang='lat' dir='ltr'><strong><em>nec</em></strong></span> <span class='ocrx_word' id='word_1_258' title='bbox 771 3466 987 3536; x_wconf 86' lang='lat' dir='ltr'><strong><em>inpace</em></strong></span> <span class='ocrx_word' id='word_1_259' title='bbox 1011 3467 1120 3520; x_wconf 88' lang='lat' dir='ltr'><strong><em>ulla</em></strong></span> <span class='ocrx_word' id='word_1_260' title='bbox 1153 3465 1485 3536; x_wconf 87' lang='lat' dir='ltr'><strong><em>umquamei</em></strong></span> <span class='ocrx_word' id='word_1_261' title='bbox 1511 3465 1744 3535; x_wconf 78' lang='lat' dir='ltr'><strong><em>justicia:</em></strong></span> <span class='ocrx_word' id='word_1_262' title='bbox 1769 3464 1849 3518; x_wconf 74' lang='lat' dir='ltr'><strong><em>vel</em></strong></span> <span class='ocrx_word' id='word_1_263' title='bbox 1877 3465 2057 3534; x_wconf 85' lang='lat' dir='ltr'><strong><em>legum</em></strong></span> 
     </span>
    </p>
   </div>
   <div class='ocr_carea' id='block_1_39' title="bbox 463 3555 2053 3628">
    <p class='ocr_par' dir='ltr' id='par_1_39' title="bbox 463 3555 2053 3628">
     <span class='ocr_line' id='line_1_39' title="bbox 463 3555 2053 3628; baseline -0.001 -18"><span class='ocrx_word' id='word_1_264' title='bbox 463 3555 602 3626; x_wconf 79' lang='lat' dir='ltr'><strong><em>cura</em></strong></span> <span class='ocrx_word' id='word_1_265' title='bbox 631 3556 814 3625; x_wconf 83' lang='lat' dir='ltr'><strong><em>fuerit,</em></strong></span> <span class='ocrx_word' id='word_1_266' title='bbox 840 3574 900 3614; x_wconf 90' lang='lat' dir='ltr'><strong><em>se</em></strong></span> <span class='ocrx_word' id='word_1_267' title='bbox 928 3568 1108 3613; x_wconf 87' lang='lat' dir='ltr'><strong><em>tamen</em></strong></span> <span class='ocrx_word' id='word_1_268' title='bbox 1140 3559 1356 3628; x_wconf 78' lang='lat' dir='ltr'><strong><em>legibus</em></strong></span> <span class='ocrx_word' id='word_1_269' title='bbox 1404 3574 1529 3612; x_wconf 90' lang='lat' dir='ltr'><strong><em>eum</em></strong></span> <span class='ocrx_word' id='word_1_270' title='bbox 1580 3571 1646 3611; x_wconf 90' lang='lat' dir='ltr'><strong><em>co</em></strong></span> <span class='ocrx_word' id='word_1_271' title='bbox 1695 3572 1854 3625; x_wconf 86' lang='lat' dir='ltr'><strong><em>agere</em></strong></span> <span class='ocrx_word' id='word_1_272' title='bbox 1899 3556 2053 3620; x_wconf 77' lang='lat' dir='ltr'><strong><em>velle,</em></strong></span> 
     </span>
    </p>
   </div>
   <div class='ocr_carea' id='block_1_40' title="bbox 467 3647 2054 3719">
    <p class='ocr_par' dir='ltr' id='par_1_40' title="bbox 467 3647 2054 3719">
     <span class='ocr_line' id='line_1_40' title="bbox 467 3647 2054 3719; baseline -0.001 -18"><span class='ocrx_word' id='word_1_273' title='bbox 467 3655 678 3702; x_wconf 88' lang='lat' dir='ltr'><strong><em>etcum</em></strong></span> <span class='ocrx_word' id='word_1_274' title='bbox 708 3649 961 3715; x_wconf 89' lang='lat' dir='ltr'><strong><em>crimina,</em></strong></span> <span class='ocrx_word' id='word_1_275' title='bbox 1003 3667 1128 3719; x_wconf 68' lang='lat' dir='ltr'><strong><em>quae</em></strong></span> <span class='ocrx_word' id='word_1_276' title='bbox 1167 3651 1216 3704; x_wconf 89' lang='lat' dir='ltr'><strong><em>ei</em></strong></span> <span class='ocrx_word' id='word_1_277' title='bbox 1253 3649 1585 3714; x_wconf 89' lang='lat' dir='ltr'><strong><em>obiciantur,</em></strong></span> <span class='ocrx_word' id='word_1_278' title='bbox 1617 3647 1874 3701; x_wconf 89' lang='lat' dir='ltr'><strong><em>omnibus</em></strong></span> <span class='ocrx_word' id='word_1_279' title='bbox 1918 3663 2054 3701; x_wconf 92' lang='lat' dir='ltr'><strong><em>con-</em></strong></span> 
     </span>
    </p>
   </div>
   <div class='ocr_carea' id='block_1_41' title="bbox 469 3737 2052 3809">
    <p class='ocr_par' dir='ltr' id='par_1_41' title="bbox 469 3737 2052 3809">
     <span class='ocr_line' id='line_1_41' title="bbox 469 3737 2052 3809; baseline -0.001 -17"><span class='ocrx_word' id='word_1_280' title='bbox 469 3748 612 3792; x_wconf 80' lang='lat' dir='ltr'><strong><em>stent</em></strong></span> <span class='ocrx_word' id='word_1_281' title='bbox 638 3741 760 3795; x_wconf 88' lang='lat' dir='ltr'><strong><em>luce</em></strong></span> <span class='ocrx_word' id='word_1_282' title='bbox 791 3742 1044 3805; x_wconf 89' lang='lat' dir='ltr'><strong><em>clariora,</em></strong></span> <span class='ocrx_word' id='word_1_283' title='bbox 1072 3757 1142 3795; x_wconf 83' lang='lat' dir='ltr'><strong><em>se</em></strong></span> <span class='ocrx_word' id='word_1_284' title='bbox 1165 3750 1347 3794; x_wconf 88' lang='lat' dir='ltr'><strong><em>tamen</em></strong></span> <span class='ocrx_word' id='word_1_285' title='bbox 1376 3756 1490 3794; x_wconf 87' lang='lat' dir='ltr'><strong><em>rem</em></strong></span> <span class='ocrx_word' id='word_1_286' title='bbox 1520 3740 1784 3809; x_wconf 76' lang='lat' dir='ltr'><strong><em>integram</em></strong></span> <span class='ocrx_word' id='word_1_287' title='bbox 1825 3737 2052 3792; x_wconf 79' lang='lat' dir='ltr'><strong><em>Romani</em></strong></span> 
     </span>
    </p>
   </div>
   <div class='ocr_carea' id='block_1_42' title="bbox 468 3831 2051 3901">
    <p class='ocr_par' dir='ltr' id='par_1_42' title="bbox 468 3831 2051 3901">
     <span class='ocr_line' id='line_1_42' title="bbox 468 3831 2051 3901; baseline -0.001 -17"><span class='ocrx_word' id='word_1_288' title='bbox 468 3831 744 3900; x_wconf 88' lang='lat' dir='ltr'><strong><em>pontiﬁcis</em></strong></span> <span class='ocrx_word' id='word_1_289' title='bbox 782 3833 1079 3901; x_wconf 84' lang='lat' dir='ltr'><strong><em>cognitioni</em></strong></span> <span class='ocrx_word' id='word_1_290' title='bbox 1117 3847 1431 3897; x_wconf 83' lang='lat' dir='ltr'><strong><em>reservare;</em></strong></span> <span class='ocrx_word' id='word_1_291' title='bbox 1474 3840 1698 3884; x_wconf 82' lang='lat' dir='ltr'><strong><em>acturos</em></strong></span> <span class='ocrx_word' id='word_1_292' title='bbox 1728 3846 1786 3884; x_wconf 90' lang='lat' dir='ltr'><strong><em>se</em></strong></span> <span class='ocrx_word' id='word_1_293' title='bbox 1810 3845 1936 3883; x_wconf 88' lang='lat' dir='ltr'><strong><em>cum</em></strong></span> <span class='ocrx_word' id='word_1_294' title='bbox 1965 3844 2051 3895; x_wconf 79' lang='lat' dir='ltr'><strong><em>eo,</em></strong></span> 
     </span>
    </p>
   </div>
   <div class='ocr_carea' id='block_1_43' title="bbox 468 3920 2055 3993">
    <p class='ocr_par' dir='ltr' id='par_1_43' title="bbox 468 3920 2055 3993">
     <span class='ocr_line' id='line_1_43' title="bbox 468 3920 2055 3993; baseline -0.001 -17"><span class='ocrx_word' id='word_1_295' title='bbox 468 3931 531 3977; x_wconf 88' lang='lat' dir='ltr'><strong><em>ut</em></strong></span> <span class='ocrx_word' id='word_1_296' title='bbox 564 3923 657 3956; x_wconf 76' lang='grc'><strong><em>¹⁸⁷⁶</em></strong></span> <span class='ocrx_word' id='word_1_297' title='bbox 687 3924 743 3977; x_wconf 90' lang='lat' dir='ltr'><strong><em>in</em></strong></span> <span class='ocrx_word' id='word_1_298' title='bbox 787 3924 1165 3993; x_wconf 78' lang='lat' dir='ltr'><strong><em>puriﬁcatione</em></strong></span> <span class='ocrx_word' id='word_1_299' title='bbox 1188 3933 1391 3978; x_wconf 73' lang='lat' dir='ltr'><strong><em>sanctm</em></strong></span> <span class='ocrx_word' id='word_1_300' title='bbox 1429 3922 1611 3976; x_wconf 65' lang='lat' dir='ltr'><strong><em>Maria:</em></strong></span> <span class='ocrx_word' id='word_1_301' title='bbox 1637 3920 1937 3990; x_wconf 82' lang='lat' dir='ltr'><strong><em>Augustam</em></strong></span> <span class='ocrx_word' id='word_1_302' title='bbox 1959 3937 2055 3974; x_wconf 89' lang='lat' dir='ltr'><strong><em>oc-</em></strong></span> 
     </span>
    </p>
   </div>
   <div class='ocr_carea' id='block_1_44' title="bbox 463 4011 2055 4086">
    <p class='ocr_par' dir='ltr' id='par_1_44' title="bbox 463 4011 2055 4086">
     <span class='ocr_line' id='line_1_44' title="bbox 463 4011 2055 4086; baseline -0.003 -16"><span class='ocrx_word' id='word_1_303' title='bbox 463 4022 674 4082; x_wconf 80' lang='lat' dir='ltr'><strong><em>currat,</em></strong></span> <span class='ocrx_word' id='word_1_304' title='bbox 704 4015 888 4086; x_wconf 84' lang='lat' dir='ltr'><strong><em>ibiquc</em></strong></span> <span class='ocrx_word' id='word_1_305' title='bbox 917 4016 1275 4070; x_wconf 84' lang='lat' dir='ltr'><strong><em>celeberrimo</em></strong></span> <span class='ocrx_word' id='word_1_306' title='bbox 1320 4022 1589 4069; x_wconf 83' lang='lat' dir='ltr'><strong><em>conventu</em></strong></span> <span class='ocrx_word' id='word_1_307' title='bbox 1635 4011 1821 4065; x_wconf 86' lang='lat' dir='ltr'><strong><em>habito</em></strong></span> <span class='ocrx_word' id='word_1_308' title='bbox 1860 4012 2055 4081; x_wconf 89' lang='lat' dir='ltr'><strong><em>princi-</em></strong></span> 
     </span>
    </p>
   </div>
   <div class='ocr_carea' id='block_1_45' title="bbox 457 4103 2052 4181">
    <p class='ocr_par' dir='ltr' id='par_1_45' title="bbox 457 4103 2052 4181">
     <span class='ocr_line' id='line_1_45' title="bbox 457 4103 2052 4181; baseline -0.003 -20"><span class='ocrx_word' id='word_1_309' title='bbox 457 4122 598 4181; x_wconf 80' lang='lat' dir='ltr'><strong><em>pum</em></strong></span> <span class='ocrx_word' id='word_1_310' title='bbox 653 4107 830 4162; x_wconf 91' lang='lat' dir='ltr'><strong><em>tocius</em></strong></span> <span class='ocrx_word' id='word_1_311' title='bbox 870 4107 1044 4178; x_wconf 81' lang='lat' dir='ltr'><strong><em>regni,</em></strong></span> <span class='ocrx_word' id='word_1_312' title='bbox 1079 4106 1346 4161; x_wconf 85' lang='lat' dir='ltr'><strong><em>discussis</em></strong></span> <span class='ocrx_word' id='word_1_313' title='bbox 1401 4113 1760 4172; x_wconf 86' lang='lat' dir='ltr'><strong><em>utrarumque</em></strong></span> <span class='ocrx_word' id='word_1_314' title='bbox 1813 4103 2052 4172; x_wconf 86' lang='lat' dir='ltr'><strong><em>partium</em></strong></span> 
     </span>
    </p>
   </div>
   <div class='ocr_carea' id='block_1_46' title="bbox 459 4193 2050 4270">
    <p class='ocr_par' dir='ltr' id='par_1_46' title="bbox 459 4193 2050 4270">
     <span class='ocr_line' id='line_1_46' title="bbox 459 4193 2050 4270; baseline -0.004 -16"><span class='ocrx_word' id='word_1_315' title='bbox 459 4200 907 4270; x_wconf 76' lang='lat' dir='ltr'><strong><em>allegationibus,</em></strong></span> <span class='ocrx_word' id='word_1_316' title='bbox 933 4200 1046 4269; x_wconf 87' lang='lat' dir='ltr'><strong><em>ipse</em></strong></span> <span class='ocrx_word' id='word_1_317' title='bbox 1085 4214 1187 4253; x_wconf 90' lang='lat' dir='ltr'><strong><em>suo</em></strong></span> <span class='ocrx_word' id='word_1_318' title='bbox 1205 4197 1413 4267; x_wconf 86' lang='lat' dir='ltr'><strong><em>judicio</em></strong></span> <span class='ocrx_word' id='word_1_319' title='bbox 1453 4197 1537 4250; x_wconf 85' lang='lat' dir='ltr'><strong><em>vel</em></strong></span> <span class='ocrx_word' id='word_1_320' title='bbox 1590 4195 1806 4251; x_wconf 82' lang='lat' dir='ltr'><strong><em>addicat</em></strong></span> <span class='ocrx_word' id='word_1_321' title='bbox 1839 4193 1923 4248; x_wconf 87' lang='lat' dir='ltr'><strong><em>vel</em></strong></span> <span class='ocrx_word' id='word_1_322' title='bbox 1951 4194 2050 4248; x_wconf 88' lang='lat' dir='ltr'><strong><em>ab-</em></strong></span> 
     </span>
    </p>
   </div>
   <div class='ocr_carea' id='block_1_47' title="bbox 467 4285 2052 4360">
    <p class='ocr_par' dir='ltr' id='par_1_47' title="bbox 467 4285 2052 4360">
     <span class='ocr_line' id='line_1_47' title="bbox 467 4285 2052 4360; baseline -0.007 -13"><span class='ocrx_word' id='word_1_323' title='bbox 467 4293 644 4347; x_wconf 81' lang='lat' dir='ltr'><strong><em>solvat</em></strong></span> <span class='ocrx_word' id='word_1_324' title='bbox 672 4300 1021 4358; x_wconf 89' lang='lat' dir='ltr'><strong><em>accusatum;</em></strong></span> <span class='ocrx_word' id='word_1_325' title='bbox 1048 4293 1192 4360; x_wconf 84' lang='lat' dir='ltr'><strong><em>quod</em></strong></span> <span class='ocrx_word' id='word_1_326' title='bbox 1210 4291 1253 4346; x_wconf 88' lang='lat' dir='ltr'><strong><em>si</em></strong></span> <span class='ocrx_word' id='word_1_327' title='bbox 1285 4298 1408 4344; x_wconf 88' lang='lat' dir='ltr'><strong><em>ante</em></strong></span> <span class='ocrx_word' id='word_1_328' title='bbox 1438 4289 1581 4344; x_wconf 90' lang='lat' dir='ltr'><strong><em>diem</em></strong></span> <span class='ocrx_word' id='word_1_329' title='bbox 1617 4285 2052 4341; x_wconf 83' lang='lat' dir='ltr'><strong><em>anniversarium</em></strong></span> 
     </span>
    </p>
   </div>
   <div class='ocr_carea' id='block_1_48' title="bbox 466 4376 2050 4449">
    <p class='ocr_par' dir='ltr' id='par_1_48' title="bbox 466 4376 2050 4449">
     <span class='ocr_line' id='line_1_48' title="bbox 466 4376 2050 4449; baseline -0.006 -13"><span class='ocrx_word' id='word_1_330' title='bbox 466 4382 1052 4437; x_wconf 84' lang='lat' dir='ltr'><strong><em>excommunicationis</em></strong></span> <span class='ocrx_word' id='word_1_331' title='bbox 1086 4399 1220 4447; x_wconf 73' lang='lat' dir='ltr'><strong><em>sum,</em></strong></span> <span class='ocrx_word' id='word_1_332' title='bbox 1268 4397 1368 4435; x_wconf 86' lang='lat' dir='ltr'><strong><em>suo</em></strong></span> <span class='ocrx_word' id='word_1_333' title='bbox 1413 4378 1716 4449; x_wconf 63' lang='lat' dir='ltr'><strong><em>praesertim</em></strong></span> <span class='ocrx_word' id='word_1_334' title='bbox 1747 4376 1910 4441; x_wconf 85' lang='lat' dir='ltr'><strong><em>vicio,</em></strong></span> <span class='ocrx_word' id='word_1_335' title='bbox 1952 4391 2050 4428; x_wconf 82' lang='lat' dir='ltr'><strong><em>cx-</em></strong></span> 
     </span>
    </p>
   </div>
   <div class='ocr_carea' id='block_1_49' title="bbox 458 4460 2052 4538">
    <p class='ocr_par' dir='ltr' id='par_1_49' title="bbox 458 4460 2052 4538">
     <span class='ocr_line' id='line_1_49' title="bbox 458 4460 2052 4538; baseline -0.005 -11"><span class='ocrx_word' id='word_1_336' title='bbox 458 4474 962 4536; x_wconf 34' lang='lat' dir='ltr'><strong><em>,communicatione</em></strong></span> <span class='ocrx_word' id='word_1_337' title='bbox 1010 4489 1120 4528; x_wconf 90' lang='lat' dir='ltr'><strong><em>non</em></strong></span> <span class='ocrx_word' id='word_1_338' title='bbox 1167 4473 1502 4536; x_wconf 84' lang='lat' dir='ltr'><strong><em>absolvatur,</em></strong></span> <span class='ocrx_word' id='word_1_339' title='bbox 1555 4470 1761 4538; x_wconf 88' lang='lat' dir='ltr'><strong><em>absque</em></strong></span> <span class='ocrx_word' id='word_1_340' title='bbox 1791 4460 2052 4521; x_wconf 85' lang='lat' dir='ltr'><strong><em>retracta-</em></strong></span> 
     </span>
    </p>
   </div>
   <div class='ocr_carea' id='block_1_50' title="bbox 469 4557 2054 4634">
    <p class='ocr_par' dir='ltr' id='par_1_50' title="bbox 469 4557 2054 4634">
     <span class='ocr_line' id='line_1_50' title="bbox 469 4557 2054 4634; baseline -0.004 -17"><span class='ocrx_word' id='word_1_341' title='bbox 469 4565 618 4618; x_wconf 88' lang='lat' dir='ltr'><strong><em>tione</em></strong></span> <span class='ocrx_word' id='word_1_342' title='bbox 675 4564 728 4618; x_wconf 89' lang='lat' dir='ltr'><strong><em>in</em></strong></span> <span class='ocrx_word' id='word_1_343' title='bbox 775 4573 1099 4634; x_wconf 86' lang='lat' dir='ltr'><strong><em>perpetuum</em></strong></span> <span class='ocrx_word' id='word_1_344' title='bbox 1155 4577 1324 4618; x_wconf 87' lang='lat' dir='ltr'><strong><em>causa</em></strong></span> <span class='ocrx_word' id='word_1_345' title='bbox 1371 4560 1648 4625; x_wconf 88' lang='lat' dir='ltr'><strong><em>ceciderit,</em></strong></span> <span class='ocrx_word' id='word_1_346' title='bbox 1701 4575 1798 4614; x_wconf 86' lang='lat' dir='ltr'><strong><em>nec</em></strong></span> <span class='ocrx_word' id='word_1_347' title='bbox 1841 4557 2054 4628; x_wconf 81' lang='lat' dir='ltr'><strong><em>legibus</em></strong></span> 
     </span>
    </p>
   </div>
   <div class='ocr_carea' id='block_1_51' title="bbox 469 4649 2051 4725">
    <p class='ocr_par' dir='ltr' id='par_1_51' title="bbox 469 4649 2051 4725">
     <span class='ocr_line' id='line_1_51' title="bbox 469 4649 2051 4725; baseline -0.004 -16"><span class='ocrx_word' id='word_1_348' title='bbox 469 4655 724 4725; x_wconf 83' lang='lat' dir='ltr'><strong><em>deinceps</em></strong></span> <span class='ocrx_word' id='word_1_349' title='bbox 753 4671 979 4725; x_wconf 86' lang='lat' dir='ltr'><strong><em>regnum</em></strong></span> <span class='ocrx_word' id='word_1_350' title='bbox 1021 4664 1260 4724; x_wconf 82' lang='lat' dir='ltr'><strong><em>repetere</em></strong></span> <span class='ocrx_word' id='word_1_351' title='bbox 1283 4653 1481 4723; x_wconf 77' lang='lat' dir='ltr'><strong><em>possit,</em></strong></span> <span class='ocrx_word' id='word_1_352' title='bbox 1507 4651 1652 4721; x_wconf 88' lang='lat' dir='ltr'><strong><em>quod</em></strong></span> <span class='ocrx_word' id='word_1_353' title='bbox 1680 4651 1889 4720; x_wconf 82' lang='lat' dir='ltr'><strong><em>legibus</em></strong></span> <span class='ocrx_word' id='word_1_354' title='bbox 1912 4649 2051 4702; x_wconf 87' lang='lat' dir='ltr'><strong><em>ultra</em></strong></span> 
     </span>
    </p>
   </div>
   <div class='ocr_carea' id='block_1_52' title="bbox 460 4735 2049 4814">
    <p class='ocr_par' dir='ltr' id='par_1_52' title="bbox 460 4735 2049 4814">
     <span class='ocr_line' id='line_1_52' title="bbox 460 4735 2049 4814; baseline -0.006 -13"><span class='ocrx_word' id='word_1_355' title='bbox 460 4735 874 4814; x_wconf 81' lang='lat' dir='ltr'><strong><em>administrare,</em></strong></span> <span class='ocrx_word' id='word_1_356' title='bbox 907 4762 1144 4801; x_wconf 86' lang='lat' dir='ltr'><strong><em>annuam</em></strong></span> <span class='ocrx_word' id='word_1_357' title='bbox 1187 4757 1384 4814; x_wconf 89' lang='lat' dir='ltr'><strong><em>passus</em></strong></span> <span class='ocrx_word' id='word_1_358' title='bbox 1409 4742 2049 4804; x_wconf 73' lang='lat' dir='ltr'><strong><em>cxcommunicatirmem,</em></strong></span> 
     </span>
    </p>
   </div>
   <div class='ocr_carea' id='block_1_53' title="bbox 457 4828 2052 4910">
    <p class='ocr_par' dir='ltr' id='par_1_53' title="bbox 457 4828 2052 4910">
     <span class='ocr_line' id='line_1_53' title="bbox 457 4828 2052 4910; baseline -0.005 -18"><span class='ocrx_word' id='word_1_359' title='bbox 457 4828 580 4894; x_wconf 46' lang='lat' dir='ltr'><strong><em>&quot;non</em></strong></span> <span class='ocrx_word' id='word_1_360' title='bbox 610 4839 814 4910; x_wconf 86' lang='lat' dir='ltr'><strong><em>possit;</em></strong></span> <span class='ocrx_word' id='word_1_361' title='bbox 848 4840 894 4894; x_wconf 90' lang='lat' dir='ltr'><strong><em>si</em></strong></span> <span class='ocrx_word' id='word_1_362' title='bbox 936 4839 1172 4892; x_wconf 89' lang='lat' dir='ltr'><strong><em>oblatam</em></strong></span> <span class='ocrx_word' id='word_1_363' title='bbox 1219 4834 1587 4890; x_wconf 83' lang='lat' dir='ltr'><strong><em>conditionem</em></strong></span> <span class='ocrx_word' id='word_1_364' title='bbox 1627 4841 1904 4903; x_wconf 66' lang='lat' dir='ltr'><strong><em>gratanter</em></strong></span> <span class='ocrx_word' id='word_1_365' title='bbox 1938 4846 2052 4884; x_wconf 89' lang='lat' dir='ltr'><strong><em>am-</em></strong></span> 
     </span>
    </p>
   </div>
   <div class='ocr_carea' id='block_1_54' title="bbox 457 4923 2046 5001">
    <p class='ocr_par' dir='ltr' id='par_1_54' title="bbox 457 4923 2046 5001">
     <span class='ocr_line' id='line_1_54' title="bbox 457 4923 2046 5001; baseline -0.008 -15"><span class='ocrx_word' id='word_1_366' title='bbox 457 4930 717 5001; x_wconf 82' lang='lat' dir='ltr'><strong><em>plexetur</em></strong></span> <span class='ocrx_word' id='word_1_367' title='bbox 749 4939 803 4987; x_wconf 90' lang='lat' dir='ltr'><strong><em>et</em></strong></span> <span class='ocrx_word' id='word_1_368' title='bbox 836 4930 1084 4986; x_wconf 79' lang='lat' dir='ltr'><strong><em>Romano</em></strong></span> <span class='ocrx_word' id='word_1_369' title='bbox 1135 4927 1376 4999; x_wconf 84' lang='lat' dir='ltr'><strong><em>pontiﬁci</em></strong></span> <span class='ocrx_word' id='word_1_370' title='bbox 1420 4941 1516 4996; x_wconf 85' lang='lat' dir='ltr'><strong><em>per</em></strong></span> <span class='ocrx_word' id='word_1_371' title='bbox 1553 4924 1734 4978; x_wconf 82' lang='lat' dir='ltr'><strong><em>omnia</em></strong></span> <span class='ocrx_word' id='word_1_372' title='bbox 1771 4923 2046 4978; x_wconf 89' lang='lat' dir='ltr'><strong><em>subditum</em></strong></span> 
     </span>
    </p>
   </div>
   <div class='ocr_carea' id='block_1_55' title="bbox 2175 435 3770 507">
    <p class='ocr_par' dir='ltr' id='par_1_55' title="bbox 2175 435 3770 507">
     <span class='ocr_line' id='line_1_55' title="bbox 2175 435 3770 507; baseline -0.003 -14"><span class='ocrx_word' id='word_1_373' title='bbox 2175 454 2236 493; x_wconf 87' lang='lat' dir='ltr'><strong><em>se</em></strong></span> <span class='ocrx_word' id='word_1_374' title='bbox 2284 438 2719 507; x_wconf 74' lang='lat' dir='ltr'><strong><em>experimentum</em></strong></span> <span class='ocrx_word' id='word_1_375' title='bbox 2775 445 3310 505; x_wconf 76' lang='lat' dir='ltr'><strong><em>eapturos:omnes,</em></strong></span> <span class='ocrx_word' id='word_1_376' title='bbox 3353 450 3493 504; x_wconf 87' lang='lat' dir='ltr'><strong><em>quos</em></strong></span> <span class='ocrx_word' id='word_1_377' title='bbox 3544 435 3633 488; x_wconf 88' lang='lat' dir='ltr'><strong><em>ille</em></strong></span> <span class='ocrx_word' id='word_1_378' title='bbox 3669 450 3770 488; x_wconf 81' lang='lat' dir='ltr'><strong><em>ex-</em></strong></span> 
     </span>
    </p>
   </div>
   <div class='ocr_carea' id='block_1_56' title="bbox 2174 525 3763 596">
    <p class='ocr_par' dir='ltr' id='par_1_56' title="bbox 2174 525 3763 596">
     <span class='ocr_line' id='line_1_56' title="bbox 2174 525 3763 596; baseline -0.003 -12"><span class='ocrx_word' id='word_1_379' title='bbox 2174 529 2619 592; x_wconf 84' lang='lat' dir='ltr'><strong><em>communicavit,</em></strong></span> <span class='ocrx_word' id='word_1_380' title='bbox 2651 525 2922 596; x_wconf 76' lang='lat' dir='ltr'><strong><em>extemplo</em></strong></span> <span class='ocrx_word' id='word_1_381' title='bbox 2948 526 3037 557; x_wconf 74' lang='grc'><strong><em>’⁸⁷⁷</em></strong></span> <span class='ocrx_word' id='word_1_382' title='bbox 3069 541 3136 579; x_wconf 88' lang='lat' dir='ltr'><strong><em>an</em></strong></span> <span class='ocrx_word' id='word_1_383' title='bbox 3160 526 3411 586; x_wconf 80' lang='lat' dir='ltr'><strong><em>convictu</em></strong></span> <span class='ocrx_word' id='word_1_384' title='bbox 3458 525 3763 580; x_wconf 81' lang='lat' dir='ltr'><strong><em>contuber—</em></strong></span> 
     </span>
    </p>
   </div>
   <div class='ocr_carea' id='block_1_57' title="bbox 2175 603 3766 689">
    <p class='ocr_par' dir='ltr' id='par_1_57' title="bbox 2175 603 3766 689">
     <span class='ocr_line' id='line_1_57' title="bbox 2175 603 3766 689; baseline -0.004 -14"><span class='ocrx_word' id='word_1_385' title='bbox 2175 621 2374 689; x_wconf 86' lang='lat' dir='ltr'><strong><em>nioque</em></strong></span> <span class='ocrx_word' id='word_1_386' title='bbox 2431 635 2532 673; x_wconf 90' lang='lat' dir='ltr'><strong><em>suo</em></strong></span> <span class='ocrx_word' id='word_1_387' title='bbox 2588 626 2858 682; x_wconf 75' lang='lat' dir='ltr'><strong><em>aniovcat,</em></strong></span> <span class='ocrx_word' id='word_1_388' title='bbox 2907 618 3023 688; x_wconf 84' lang='lat' dir='ltr'><strong><em>ipse</em></strong></span> <span class='ocrx_word' id='word_1_389' title='bbox 3069 617 3120 670; x_wconf 91' lang='lat' dir='ltr'><strong><em>in</em></strong></span> <span class='ocrx_word' id='word_1_390' title='bbox 3164 603 3358 670; x_wconf 84' lang='lat' dir='ltr'><strong><em>urbem</em></strong></span> <span class='ocrx_word' id='word_1_391' title='bbox 3411 614 3766 686; x_wconf 85' lang='lat' dir='ltr'><strong><em>Spirensium</em></strong></span> 
     </span>
    </p>
   </div>
   <div class='ocr_carea' id='block_1_58' title="bbox 2172 701 3768 778">
    <p class='ocr_par' dir='ltr' id='par_1_58' title="bbox 2172 701 3768 778">
     <span class='ocr_line' id='line_1_58' title="bbox 2172 701 3768 778; baseline -0.001 -15"><span class='ocrx_word' id='word_1_392' title='bbox 2172 711 2402 765; x_wconf 89' lang='lat' dir='ltr'><strong><em>dimisso</em></strong></span> <span class='ocrx_word' id='word_1_393' title='bbox 2421 710 2659 765; x_wconf 77' lang='lat' dir='ltr'><strong><em>exercitu</em></strong></span> <span class='ocrx_word' id='word_1_394' title='bbox 2690 710 2925 773; x_wconf 85' lang='lat' dir='ltr'><strong><em>secedat,</em></strong></span> <span class='ocrx_word' id='word_1_395' title='bbox 2950 708 3132 778; x_wconf 80' lang='lat' dir='ltr'><strong><em>ibique</em></strong></span> <span class='ocrx_word' id='word_1_396' title='bbox 3161 708 3278 762; x_wconf 88' lang='lat' dir='ltr'><strong><em>solo</em></strong></span> <span class='ocrx_word' id='word_1_397' title='bbox 3301 701 3637 764; x_wconf 72' lang='lat' dir='ltr'><strong><em>Vardanensi</em></strong></span> <span class='ocrx_word' id='word_1_398' title='bbox 3667 703 3768 736; x_wconf 76' lang='grc'><strong><em>⁸⁸⁷³</em></strong></span> 
     </span>
    </p>
   </div>
   <div class='ocr_carea' id='block_1_59' title="bbox 2172 785 3762 876">
    <p class='ocr_par' dir='ltr' id='par_1_59' title="bbox 2172 785 3762 876">
     <span class='ocr_line' id='line_1_59' title="bbox 2172 785 3762 876; baseline -0.003 -21"><span class='ocrx_word' id='word_1_399' title='bbox 2172 801 2430 872; x_wconf 87' lang='lat' dir='ltr'><strong><em>episcopo</em></strong></span> <span class='ocrx_word' id='word_1_400' title='bbox 2489 785 2636 872; x_wconf 29' lang='lat'><strong><em>(431&#39;)</em></strong></span> <span class='ocrx_word' id='word_1_401' title='bbox 2683 801 2981 870; x_wconf 88' lang='lat' dir='ltr'><strong><em>paucisque</em></strong></span> <span class='ocrx_word' id='word_1_402' title='bbox 3047 798 3338 874; x_wconf 81' lang='lat' dir='ltr'><strong><em>ministris,</em></strong></span> <span class='ocrx_word' id='word_1_403' title='bbox 3385 814 3526 876; x_wconf 88' lang='lat' dir='ltr'><strong><em>quos</em></strong></span> <span class='ocrx_word' id='word_1_404' title='bbox 3571 808 3762 854; x_wconf 79' lang='lat' dir='ltr'><strong><em>tamen</em></strong></span> 
     </span>
    </p>
   </div>
   <div class='ocr_carea' id='block_1_60' title="bbox 2172 877 3765 963">
    <p class='ocr_par' dir='ltr' id='par_1_60' title="bbox 2172 877 3765 963">
     <span class='ocr_line' id='line_1_60' title="bbox 2172 877 3765 963; baseline -0.003 -14"><span class='ocrx_word' id='word_1_405' title='bbox 2172 893 2438 950; x_wconf 88' lang='lat' dir='ltr'><strong><em>sententia</em></strong></span> <span class='ocrx_word' id='word_1_406' title='bbox 2463 877 2768 963; x_wconf 84' lang='lat' dir='ltr'><strong><em>principum</em></strong></span> <span class='ocrx_word' id='word_1_407' title='bbox 2791 892 2859 946; x_wconf 87' lang='lat' dir='ltr'><strong><em>ab</em></strong></span> <span class='ocrx_word' id='word_1_408' title='bbox 2884 893 2983 951; x_wconf 83' lang='lat' dir='ltr'><strong><em>hac</em></strong></span> <span class='ocrx_word' id='word_1_409' title='bbox 3005 891 3571 945; x_wconf 82' lang='lat' dir='ltr'><strong><em>excommunicatione</em></strong></span> <span class='ocrx_word' id='word_1_410' title='bbox 3613 887 3765 962; x_wconf 60' lang='lat' dir='ltr'><strong><em>inte-s</em></strong></span> 
     </span>
    </p>
   </div>
   <div class='ocr_carea' id='block_1_61' title="bbox 2130 983 3762 1060">
    <p class='ocr_par' dir='ltr' id='par_1_61' title="bbox 2130 983 3762 1060">
     <span class='ocr_line' id='line_1_61' title="bbox 2130 983 3762 1060; baseline -0.003 -20"><span class='ocrx_word' id='word_1_411' title='bbox 2130 995 2132 997; x_wconf 74' lang='grc'><em>’</em></span> <span class='ocrx_word' id='word_1_412' title='bbox 2171 1001 2297 1057; x_wconf 87' lang='lat' dir='ltr'><strong><em>gros</em></strong></span> <span class='ocrx_word' id='word_1_413' title='bbox 2320 986 2775 1055; x_wconf 86' lang='lat' dir='ltr'><strong><em>incorruptosque</em></strong></span> <span class='ocrx_word' id='word_1_414' title='bbox 2797 983 3453 1060; x_wconf 18' lang='lat' dir='ltr'><strong><em>probaverit,ycontentus,</em></strong></span> <span class='ocrx_word' id='word_1_415' title='bbox 3486 983 3762 1051; x_wconf 77' lang='lat' dir='ltr'><strong><em>privatam</em></strong></span> 
     </span>
    </p>
   </div>
   <div class='ocr_carea' id='block_1_62' title="bbox 2171 1068 3764 1148">
    <p class='ocr_par' dir='ltr' id='par_1_62' title="bbox 2171 1068 3764 1148">
     <span class='ocr_line' id='line_1_62' title="bbox 2171 1068 3764 1148; baseline -0.003 -17"><span class='ocrx_word' id='word_1_416' title='bbox 2171 1077 2390 1132; x_wconf 88' lang='lat' dir='ltr'><strong><em>interim</em></strong></span> <span class='ocrx_word' id='word_1_417' title='bbox 2430 1077 2593 1132; x_wconf 82' lang='lat' dir='ltr'><strong><em>vitam</em></strong></span> <span class='ocrx_word' id='word_1_418' title='bbox 2630 1087 2775 1148; x_wconf 86' lang='lat' dir='ltr'><strong><em>agat,</em></strong></span> <span class='ocrx_word' id='word_1_419' title='bbox 2797 1075 3084 1132; x_wconf 87' lang='lat' dir='ltr'><strong><em>ecclesiam</em></strong></span> <span class='ocrx_word' id='word_1_420' title='bbox 3115 1091 3222 1128; x_wconf 90' lang='lat' dir='ltr'><strong><em>non</em></strong></span> <span class='ocrx_word' id='word_1_421' title='bbox 3258 1068 3764 1144; x_wconf 85' lang='lat' dir='ltr'><strong><em>ingrediens,nibil</em></strong></span> 
     </span>
    </p>
   </div>
   <div class='ocr_carea' id='block_1_63' title="bbox 2171 1163 3761 1246">
    <p class='ocr_par' dir='ltr' id='par_1_63' title="bbox 2171 1163 3761 1246">
     <span class='ocr_line' id='line_1_63' title="bbox 2171 1163 3761 1246; baseline -0.004 -22"><span class='ocrx_word' id='word_1_422' title='bbox 2171 1170 2316 1226; x_wconf 84' lang='lat' dir='ltr'><strong><em>circa</em></strong></span> <span class='ocrx_word' id='word_1_423' title='bbox 2371 1169 2584 1240; x_wconf 89' lang='lat' dir='ltr'><strong><em>publica</em></strong></span> <span class='ocrx_word' id='word_1_424' title='bbox 2630 1169 2854 1240; x_wconf 86' lang='lat' dir='ltr'><strong><em>ncgocia</em></strong></span> <span class='ocrx_word' id='word_1_425' title='bbox 2895 1183 2996 1246; x_wconf 84' lang='lat' dir='ltr'><strong><em>suo</em></strong></span> <span class='ocrx_word' id='word_1_426' title='bbox 3041 1163 3761 1246; x_wconf 19' lang='lat' dir='ltr'><strong><em>juredisponens,lnullam</em></strong></span> 
     </span>
    </p>
   </div>
   <div class='ocr_carea' id='block_1_64' title="bbox 2171 1243 3768 1332">
    <p class='ocr_par' dir='ltr' id='par_1_64' title="bbox 2171 1243 3768 1332">
     <span class='ocr_line' id='line_1_64' title="bbox 2171 1243 3768 1332; baseline -0.003 -17"><span class='ocrx_word' id='word_1_427' title='bbox 2171 1263 2304 1332; x_wconf 81' lang='lat' dir='ltr'><strong><em>regii</em></strong></span> <span class='ocrx_word' id='word_1_428' title='bbox 2338 1271 2632 1332; x_wconf 85' lang='lat' dir='ltr'><strong><em>apparatus</em></strong></span> <span class='ocrx_word' id='word_1_429' title='bbox 2660 1243 2938 1331; x_wconf 85' lang='lat' dir='ltr'><strong><em>pompam,</em></strong></span> <span class='ocrx_word' id='word_1_430' title='bbox 2985 1243 3129 1327; x_wconf 64' lang='lat' dir='ltr'><strong><em>trulla</em></strong></span> <span class='ocrx_word' id='word_1_431' title='bbox 3170 1259 3334 1330; x_wconf 67' lang='lat' dir='ltr'><strong><em>regiae</em></strong></span> <span class='ocrx_word' id='word_1_432' title='bbox 3370 1258 3654 1330; x_wconf 84' lang='lat' dir='ltr'><strong><em>dignitatis</em></strong></span> <span class='ocrx_word' id='word_1_433' title='bbox 3681 1259 3768 1311; x_wconf 80' lang='lat' dir='ltr'><strong><em>in-</em></strong></span> 
     </span>
    </p>
   </div>
   <div class='ocr_carea' id='block_1_65' title="bbox 2170 1335 3760 1432">
    <p class='ocr_par' dir='ltr' id='par_1_65' title="bbox 2170 1335 3760 1432">
     <span class='ocr_line' id='line_1_65' title="bbox 2170 1335 3760 1432; baseline -0.002 -24"><span class='ocrx_word' id='word_1_434' title='bbox 2170 1354 2342 1425; x_wconf 84' lang='lat' dir='ltr'><strong><em>signia</em></strong></span> <span class='ocrx_word' id='word_1_435' title='bbox 2400 1354 2504 1432; x_wconf 86' lang='lat' dir='ltr'><strong><em>sibi</em></strong></span> <span class='ocrx_word' id='word_1_436' title='bbox 2544 1354 2634 1385; x_wconf 81' lang='grc'><strong><em>¹⁸⁷⁹</em></strong></span> <span class='ocrx_word' id='word_1_437' title='bbox 2677 1341 2834 1422; x_wconf 83' lang='lat' dir='ltr'><strong><em>juxta</em></strong></span> <span class='ocrx_word' id='word_1_438' title='bbox 2877 1353 3098 1426; x_wconf 83' lang='lat' dir='ltr'><strong><em>solitum</em></strong></span> <span class='ocrx_word' id='word_1_439' title='bbox 3146 1352 3412 1408; x_wconf 88' lang='lat' dir='ltr'><strong><em>adhibens</em></strong></span> <span class='ocrx_word' id='word_1_440' title='bbox 3439 1335 3634 1430; x_wconf 19' lang='lat' dir='ltr'><strong><em>&quot;usque</em></strong></span> <span class='ocrx_word' id='word_1_441' title='bbox 3687 1350 3760 1405; x_wconf 86' lang='lat' dir='ltr'><strong><em>ad</em></strong></span> 
     </span>
    </p>
   </div>
   <div class='ocr_carea' id='block_1_66' title="bbox 2170 1425 3758 1512">
    <p class='ocr_par' dir='ltr' id='par_1_66' title="bbox 2170 1429 3758 1512">
     <span class='ocr_line' id='line_1_66' title="bbox 2170 1429 3758 1512; baseline -0.003 -12"><span class='ocrx_word' id='word_1_442' title='bbox 2170 1438 2468 1500; x_wconf 70' lang='lat' dir='ltr'><strong><em>sinodiCam</em></strong></span> <span class='ocrx_word' id='word_1_443' title='bbox 2527 1462 2708 1500; x_wconf 72' lang='lat' dir='ltr'><strong><em>causae</em></strong></span> <span class='ocrx_word' id='word_1_444' title='bbox 2775 1461 2887 1502; x_wconf 70' lang='lat' dir='ltr'><strong><em>sure</em></strong></span> <span class='ocrx_word' id='word_1_445' title='bbox 2940 1429 3433 1510; x_wconf 67' lang='lat' dir='ltr'><strong><em>exanimationem;</em></strong></span> <span class='ocrx_word' id='word_1_446' title='bbox 3483 1451 3758 1512; x_wconf 67' lang='lat' dir='ltr'><strong><em>praeterea</em></strong></span> 
     </span>
    </p>
   </div>
   <div class='ocr_carea' id='block_1_67' title="bbox 2169 1535 3753 1611">
    <p class='ocr_par' dir='ltr' id='par_1_67' title="bbox 2169 1535 3753 1611">
     <span class='ocr_line' id='line_1_67' title="bbox 2169 1535 3753 1611; baseline -0.001 -21"><span class='ocrx_word' id='word_1_447' title='bbox 2169 1536 2438 1592; x_wconf 87' lang='lat' dir='ltr'><strong><em>civitatem</em></strong></span> <span class='ocrx_word' id='word_1_448' title='bbox 2461 1537 2950 1604; x_wconf 80' lang='lat' dir='ltr'><strong><em>Wormacienscm,</em></strong></span> <span class='ocrx_word' id='word_1_449' title='bbox 2989 1552 3154 1608; x_wconf 88' lang='lat' dir='ltr'><strong><em>quam</em></strong></span> <span class='ocrx_word' id='word_1_450' title='bbox 3200 1536 3431 1605; x_wconf 85' lang='lat' dir='ltr'><strong><em>expulso</em></strong></span> <span class='ocrx_word' id='word_1_451' title='bbox 3465 1535 3753 1611; x_wconf 80' lang='lat' dir='ltr'><strong><em>episcopo,</em></strong></span> 
     </span>
    </p>
   </div>
   <div class='ocr_carea' id='block_1_68' title="bbox 2168 1615 3758 1700">
    <p class='ocr_par' dir='ltr' id='par_1_68' title="bbox 2168 1615 3758 1700">
     <span class='ocr_line' id='line_1_68' title="bbox 2168 1615 3758 1700; baseline 0 -16"><span class='ocrx_word' id='word_1_452' title='bbox 2168 1615 2431 1698; x_wconf 85' lang='lat' dir='ltr'><strong><em>dissipato</em></strong></span> <span class='ocrx_word' id='word_1_453' title='bbox 2463 1630 2700 1685; x_wconf 77' lang='lat' dir='ltr'><strong><em>caelestis</em></strong></span> <span class='ocrx_word' id='word_1_454' title='bbox 2734 1615 2949 1684; x_wconf 83' lang='lat' dir='ltr'><strong><em>militiae</em></strong></span> <span class='ocrx_word' id='word_1_455' title='bbox 3005 1617 3339 1698; x_wconf 87' lang='lat' dir='ltr'><strong><em>sanctuario,</em></strong></span> <span class='ocrx_word' id='word_1_456' title='bbox 3386 1644 3566 1700; x_wconf 87' lang='lat' dir='ltr'><strong><em>arcem</em></strong></span> <span class='ocrx_word' id='word_1_457' title='bbox 3623 1627 3758 1698; x_wconf 82' lang='lat' dir='ltr'><strong><em>belli</em></strong></span> 
     </span>
    </p>
   </div>
   <div class='ocr_carea' id='block_1_69' title="bbox 2039 1719 3753 1796">
    <p class='ocr_par' dir='ltr' id='par_1_69' title="bbox 2039 1719 3753 1796">
     <span class='ocr_line' id='line_1_69' title="bbox 2039 1719 3753 1796; baseline 0 -23"><span class='ocrx_word' id='word_1_458' title='bbox 2039 1769 2050 1789; x_wconf 42' lang='grc' dir='ltr'><strong>ι</strong></span> <span class='ocrx_word' id='word_1_459' title='bbox 2097 1719 2138 1773; x_wconf 86' lang='grc' dir='ltr'><strong>Β</strong></span> <span class='ocrx_word' id='word_1_460' title='bbox 2166 1724 2590 1794; x_wconf 82' lang='lat' dir='ltr'><strong><em>speluncamque</em></strong></span> <span class='ocrx_word' id='word_1_461' title='bbox 2626 1723 2903 1776; x_wconf 87' lang='lat' dir='ltr'><strong><em>latronum</em></strong></span> <span class='ocrx_word' id='word_1_462' title='bbox 2943 1720 3164 1784; x_wconf 81' lang='lat' dir='ltr'><strong><em>fecerat,</em></strong></span> <span class='ocrx_word' id='word_1_463' title='bbox 3211 1721 3448 1776; x_wconf 85' lang='lat' dir='ltr'><strong><em>abducto</em></strong></span> <span class='ocrx_word' id='word_1_464' title='bbox 3472 1719 3753 1796; x_wconf 56' lang='lat' dir='ltr'><strong><em>praesidio,</em></strong></span> 
     </span>
    </p>
   </div>
   <div class='ocr_carea' id='block_1_70' title="bbox 2167 1806 3758 1885">
    <p class='ocr_par' dir='ltr' id='par_1_70' title="bbox 2167 1806 3758 1885">
     <span class='ocr_line' id='line_1_70' title="bbox 2167 1806 3758 1885; baseline -0.002 -17"><span class='ocrx_word' id='word_1_465' title='bbox 2167 1806 2423 1884; x_wconf 69' lang='lat' dir='ltr'><strong><em>episcdpo</em></strong></span> <span class='ocrx_word' id='word_1_466' title='bbox 2446 1813 2847 1885; x_wconf 83' lang='lat' dir='ltr'><strong><em>Wormacicnsi</em></strong></span> <span class='ocrx_word' id='word_1_467' title='bbox 2870 1815 3140 1880; x_wconf 85' lang='lat' dir='ltr'><strong><em>restituat,</em></strong></span> <span class='ocrx_word' id='word_1_468' title='bbox 3167 1813 3307 1868; x_wconf 88' lang='lat' dir='ltr'><strong><em>datis</em></strong></span> <span class='ocrx_word' id='word_1_469' title='bbox 3331 1813 3550 1881; x_wconf 69' lang='lat' dir='ltr'><strong><em>insuper</em></strong></span> <span class='ocrx_word' id='word_1_470' title='bbox 3569 1825 3758 1875; x_wconf 79' lang='lat' dir='ltr'><strong><em>sacra-</em></strong></span> 
     </span>
    </p>
   </div>
   <div class='ocr_carea' id='block_1_71' title="bbox 2166 1891 3754 1976">
    <p class='ocr_par' dir='ltr' id='par_1_71' title="bbox 2166 1891 3754 1976">
     <span class='ocr_line' id='line_1_71' title="bbox 2166 1891 3754 1976; baseline -0.003 -15"><span class='ocrx_word' id='word_1_471' title='bbox 2166 1907 2367 1961; x_wconf 87' lang='lat' dir='ltr'><strong><em>mentis</em></strong></span> <span class='ocrx_word' id='word_1_472' title='bbox 2410 1891 2466 1960; x_wconf 82' lang='lat' dir='ltr'><strong><em>et</em></strong></span> <span class='ocrx_word' id='word_1_473' title='bbox 2500 1906 2802 1972; x_wconf 76' lang='lat' dir='ltr'><strong><em>obsidibus,</em></strong></span> <span class='ocrx_word' id='word_1_474' title='bbox 2843 1921 2912 1960; x_wconf 89' lang='lat' dir='ltr'><strong><em>ne</em></strong></span> <span class='ocrx_word' id='word_1_475' title='bbox 2958 1904 3086 1976; x_wconf 88' lang='lat' dir='ltr'><strong><em>quid</em></strong></span> <span class='ocrx_word' id='word_1_476' title='bbox 3130 1905 3382 1974; x_wconf 72' lang='lat' dir='ltr'><strong><em>deinceps</em></strong></span> <span class='ocrx_word' id='word_1_477' title='bbox 3437 1903 3754 1958; x_wconf 73' lang='lat' dir='ltr'><strong><em>rebellionis</em></strong></span> 
     </span>
    </p>
   </div>
   <div class='ocr_carea' id='block_1_72' title="bbox 2165 1983 3753 2066">
    <p class='ocr_par' dir='ltr' id='par_1_72' title="bbox 2165 1983 3753 2066">
     <span class='ocr_line' id='line_1_72' title="bbox 2165 1983 3753 2066; baseline -0.003 -12"><span class='ocrx_word' id='word_1_478' title='bbox 2165 2000 2248 2054; x_wconf 83' lang='lat' dir='ltr'><strong><em>vel</em></strong></span> <span class='ocrx_word' id='word_1_479' title='bbox 2277 1998 2714 2054; x_wconf 73' lang='lat' dir='ltr'><strong><em>insidiarum~ab</em></strong></span> <span class='ocrx_word' id='word_1_480' title='bbox 2757 1983 2969 2052; x_wconf 77' lang='lat' dir='ltr'><strong><em>civibus</em></strong></span> <span class='ocrx_word' id='word_1_481' title='bbox 3010 1983 3201 2050; x_wconf 87' lang='lat' dir='ltr'><strong><em>timere</em></strong></span> <span class='ocrx_word' id='word_1_482' title='bbox 3225 1995 3448 2066; x_wconf 77' lang='lat' dir='ltr'><strong><em>debeat;</em></strong></span> <span class='ocrx_word' id='word_1_483' title='bbox 3501 2010 3668 2066; x_wconf 86' lang='lat' dir='ltr'><strong><em>porro</em></strong></span> <span class='ocrx_word' id='word_1_484' title='bbox 3703 1995 3753 2049; x_wconf 84' lang='lat' dir='ltr'><strong><em>si</em></strong></span> 
     </span>
    </p>
   </div>
   <div class='ocr_carea' id='block_1_73' title="bbox 2165 2089 3751 2168">
    <p class='ocr_par' dir='ltr' id='par_1_73' title="bbox 2165 2089 3751 2168">
     <span class='ocr_line' id='line_1_73' title="bbox 2165 2089 3751 2168; baseline -0.003 -22"><span class='ocrx_word' id='word_1_485' title='bbox 2165 2092 2294 2163; x_wconf 85' lang='lat' dir='ltr'><strong><em>quid</em></strong></span> <span class='ocrx_word' id='word_1_486' title='bbox 2331 2093 2528 2147; x_wconf 90' lang='lat' dir='ltr'><strong><em>horum</em></strong></span> <span class='ocrx_word' id='word_1_487' title='bbox 2561 2091 2966 2161; x_wconf 63' lang='lat' dir='ltr'><strong><em>prtevaricetur,</em></strong></span> <span class='ocrx_word' id='word_1_488' title='bbox 3008 2098 3122 2162; x_wconf 88' lang='lat' dir='ltr'><strong><em>tum</em></strong></span> <span class='ocrx_word' id='word_1_489' title='bbox 3156 2090 3246 2120; x_wconf 80' lang='grc'><strong><em>¹⁸⁸⁰</em></strong></span> <span class='ocrx_word' id='word_1_490' title='bbox 3284 2089 3524 2168; x_wconf 35' lang='lat' dir='ltr'><strong><em>sclomni</em></strong></span> <span class='ocrx_word' id='word_1_491' title='bbox 3564 2089 3751 2161; x_wconf 85' lang='lat' dir='ltr'><strong><em>culpa,</em></strong></span> 
     </span>
    </p>
   </div>
   <div class='ocr_carea' id='block_1_74' title="bbox 2165 2177 3751 2254">
    <p class='ocr_par' dir='ltr' id='par_1_74' title="bbox 2165 2177 3751 2254">
     <span class='ocr_line' id='line_1_74' title="bbox 2165 2177 3751 2254; baseline -0.003 -17"><span class='ocrx_word' id='word_1_492' title='bbox 2165 2184 2316 2238; x_wconf 88' lang='lat' dir='ltr'><strong><em>omni</em></strong></span> <span class='ocrx_word' id='word_1_493' title='bbox 2341 2183 2704 2254; x_wconf 73' lang='lat' dir='ltr'><strong><em>jurisjurandi</em></strong></span> <span class='ocrx_word' id='word_1_494' title='bbox 2745 2181 3026 2252; x_wconf 87' lang='lat' dir='ltr'><strong><em>religione,</em></strong></span> <span class='ocrx_word' id='word_1_495' title='bbox 3053 2177 3204 2234; x_wconf 89' lang='lat' dir='ltr'><strong><em>omni</em></strong></span> <span class='ocrx_word' id='word_1_496' title='bbox 3237 2179 3474 2250; x_wconf 73' lang='lat' dir='ltr'><strong><em>perﬁdia:</em></strong></span> <span class='ocrx_word' id='word_1_497' title='bbox 3522 2178 3751 2250; x_wconf 76' lang='lat' dir='ltr'><strong><em>infamia</em></strong></span> 
     </span>
    </p>
   </div>
   <div class='ocr_carea' id='block_1_75' title="bbox 2164 2270 3754 2344">
    <p class='ocr_par' dir='ltr' id='par_1_75' title="bbox 2164 2270 3754 2344">
     <span class='ocr_line' id='line_1_75' title="bbox 2164 2270 3754 2344; baseline 0 -18"><span class='ocrx_word' id='word_1_498' title='bbox 2164 2275 2443 2341; x_wconf 76' lang='lat' dir='ltr'><strong><em>liberatos,</em></strong></span> <span class='ocrx_word' id='word_1_499' title='bbox 2474 2293 2580 2330; x_wconf 92' lang='lat' dir='ltr'><strong><em>non</em></strong></span> <span class='ocrx_word' id='word_1_500' title='bbox 2608 2282 2892 2344; x_wconf 76' lang='lat' dir='ltr'><strong><em>expectato</em></strong></span> <span class='ocrx_word' id='word_1_501' title='bbox 2938 2273 3167 2328; x_wconf 87' lang='lat' dir='ltr'><strong><em>ulterius</em></strong></span> <span class='ocrx_word' id='word_1_502' title='bbox 3207 2270 3437 2344; x_wconf 83' lang='lat' dir='ltr'><strong><em>Romani</em></strong></span> <span class='ocrx_word' id='word_1_503' title='bbox 3473 2271 3754 2340; x_wconf 87' lang='lat' dir='ltr'><strong><em>pontiﬁcis</em></strong></span> 
     </span>
    </p>
   </div>
   <div class='ocr_carea' id='block_1_76' title="bbox 2158 2364 3752 2440">
    <p class='ocr_par' dir='ltr' id='par_1_76' title="bbox 2158 2364 3752 2440">
     <span class='ocr_line' id='line_1_76' title="bbox 2158 2364 3752 2440; baseline -0.003 -21"><span class='ocrx_word' id='word_1_504' title='bbox 2158 2365 2533 2436; x_wconf 84' lang='lat' dir='ltr'><strong><em>judicio,quid</em></strong></span> <span class='ocrx_word' id='word_1_505' title='bbox 2555 2368 2631 2422; x_wconf 90' lang='lat' dir='ltr'><strong><em>rei</em></strong></span> <span class='ocrx_word' id='word_1_506' title='bbox 2662 2367 2891 2437; x_wconf 66' lang='lat' dir='ltr'><strong><em>publica:</em></strong></span> <span class='ocrx_word' id='word_1_507' title='bbox 2911 2365 3184 2436; x_wconf 71' lang='lat' dir='ltr'><strong><em>expediat,</em></strong></span> <span class='ocrx_word' id='word_1_508' title='bbox 3213 2364 3494 2418; x_wconf 84' lang='lat' dir='ltr'><strong><em>communi</em></strong></span> <span class='ocrx_word' id='word_1_509' title='bbox 3513 2364 3752 2440; x_wconf 85' lang='lat' dir='ltr'><strong><em>consilio</em></strong></span> 
     </span>
    </p>
   </div>
   <div class='ocr_carea' id='block_1_77' title="bbox 2161 2456 3749 2532">
    <p class='ocr_par' dir='ltr' id='par_1_77' title="bbox 2161 2456 3749 2532">
     <span class='ocr_line' id='line_1_77' title="bbox 2161 2456 3749 2532; baseline 0 -21"><span class='ocrx_word' id='word_1_510' title='bbox 2161 2458 2398 2514; x_wconf 86' lang='lat' dir='ltr'><strong><em>visuros.</em></strong></span> <span class='ocrx_word' id='word_1_511' title='bbox 2427 2458 2560 2532; x_wconf 75' lang='lat' dir='ltr'><strong><em>Rex,</em></strong></span> <span class='ocrx_word' id='word_1_512' title='bbox 2599 2460 2758 2529; x_wconf 89' lang='lat' dir='ltr'><strong><em>cujus</em></strong></span> <span class='ocrx_word' id='word_1_513' title='bbox 2790 2459 2972 2529; x_wconf 86' lang='lat' dir='ltr'><strong><em>omnis</em></strong></span> <span class='ocrx_word' id='word_1_514' title='bbox 3011 2457 3098 2487; x_wconf 76' lang='grc'><strong><em>¹⁸⁸¹</em></strong></span> <span class='ocrx_word' id='word_1_515' title='bbox 3139 2472 3264 2526; x_wconf 83' lang='lat' dir='ltr'><strong><em>spes</em></strong></span> <span class='ocrx_word' id='word_1_516' title='bbox 3301 2471 3605 2532; x_wconf 71' lang='lat' dir='ltr'><strong><em>omnesque</em></strong></span> <span class='ocrx_word' id='word_1_517' title='bbox 3655 2456 3749 2488; x_wconf 58' lang='lat'><strong><em>&#39;8&quot;</em></strong></span> 
     </span>
    </p>
   </div>
   <div class='ocr_carea' id='block_1_78' title="bbox 2161 2549 3748 2621">
    <p class='ocr_par' dir='ltr' id='par_1_78' title="bbox 2161 2549 3748 2621">
     <span class='ocr_line' id='line_1_78' title="bbox 2161 2549 3748 2621; baseline -0.003 -14"><span class='ocrx_word' id='word_1_518' title='bbox 2161 2551 2331 2620; x_wconf 67' lang='lat' dir='ltr'><strong><em>copiae</em></strong></span> <span class='ocrx_word' id='word_1_519' title='bbox 2347 2551 2400 2605; x_wconf 91' lang='lat' dir='ltr'><strong><em>in</em></strong></span> <span class='ocrx_word' id='word_1_520' title='bbox 2424 2561 2603 2606; x_wconf 87' lang='lat' dir='ltr'><strong><em>artum</em></strong></span> <span class='ocrx_word' id='word_1_521' title='bbox 2627 2560 2830 2608; x_wconf 69' lang='lat' dir='ltr'><strong><em>coactae</em></strong></span> <span class='ocrx_word' id='word_1_522' title='bbox 2844 2551 3078 2616; x_wconf 85' lang='lat' dir='ltr'><strong><em>fuerant,</em></strong></span> <span class='ocrx_word' id='word_1_523' title='bbox 3101 2550 3406 2621; x_wconf 82' lang='lat' dir='ltr'><strong><em>gratulatus</em></strong></span> <span class='ocrx_word' id='word_1_524' title='bbox 3425 2549 3748 2614; x_wconf 78' lang='lat' dir='ltr'><strong><em>admodum,</em></strong></span> 
     </span>
    </p>
   </div>
   <div class='ocr_carea' id='block_1_79' title="bbox 2160 2641 3748 2714">
    <p class='ocr_par' dir='ltr' id='par_1_79' title="bbox 2160 2641 3748 2714">
     <span class='ocr_line' id='line_1_79' title="bbox 2160 2641 3748 2714; baseline 0.001 -22"><span class='ocrx_word' id='word_1_525' title='bbox 2160 2642 2306 2710; x_wconf 89' lang='lat' dir='ltr'><strong><em>quod</em></strong></span> <span class='ocrx_word' id='word_1_526' title='bbox 2331 2642 2534 2712; x_wconf 89' lang='lat' dir='ltr'><strong><em>aliqua,</em></strong></span> <span class='ocrx_word' id='word_1_527' title='bbox 2557 2642 2911 2711; x_wconf 85' lang='lat' dir='ltr'><strong><em>quantumvis</em></strong></span> <span class='ocrx_word' id='word_1_528' title='bbox 2939 2641 3104 2708; x_wconf 76' lang='lat' dir='ltr'><strong><em>fmda,</em></strong></span> <span class='ocrx_word' id='word_1_529' title='bbox 3123 2641 3434 2714; x_wconf 72' lang='lat' dir='ltr'><strong><em>conditione</em></strong></span> <span class='ocrx_word' id='word_1_530' title='bbox 3463 2649 3748 2711; x_wconf 76' lang='lat' dir='ltr'><strong><em>urgentem</em></strong></span> 
     </span>
    </p>
   </div>
   <div class='ocr_carea' id='block_1_80' title="bbox 2160 2731 3752 2804">
    <p class='ocr_par' dir='ltr' id='par_1_80' title="bbox 2160 2731 3752 2804">
     <span class='ocr_line' id='line_1_80' title="bbox 2160 2731 3752 2804; baseline 0 -19"><span class='ocrx_word' id='word_1_531' title='bbox 2160 2733 2225 2786; x_wconf 79' lang='lat' dir='ltr'><strong><em>ad</em></strong></span> <span class='ocrx_word' id='word_1_532' title='bbox 2260 2748 2499 2804; x_wconf 62' lang='lat' dir='ltr'><strong><em>praesens</em></strong></span> <span class='ocrx_word' id='word_1_533' title='bbox 2539 2734 2903 2789; x_wconf 86' lang='lat' dir='ltr'><strong><em>calamitatem</em></strong></span> <span class='ocrx_word' id='word_1_534' title='bbox 2949 2733 3298 2799; x_wconf 85' lang='lat' dir='ltr'><strong><em>declinasset,</em></strong></span> <span class='ocrx_word' id='word_1_535' title='bbox 3336 2731 3752 2804; x_wconf 82' lang='lat' dir='ltr'><strong><em>promptissime</em></strong></span> 
     </span>
    </p>
   </div>
   <div class='ocr_carea' id='block_1_81' title="bbox 2159 2824 3750 2896">
    <p class='ocr_par' dir='ltr' id='par_1_81' title="bbox 2159 2824 3750 2896">
     <span class='ocr_line' id='line_1_81' title="bbox 2159 2824 3750 2896; baseline 0.001 -19"><span class='ocrx_word' id='word_1_536' title='bbox 2159 2839 2256 2893; x_wconf 87' lang='lat' dir='ltr'><strong><em>per</em></strong></span> <span class='ocrx_word' id='word_1_537' title='bbox 2297 2825 2479 2880; x_wconf 89' lang='lat' dir='ltr'><strong><em>omnia</em></strong></span> <span class='ocrx_word' id='word_1_538' title='bbox 2521 2826 2886 2893; x_wconf 84' lang='lat' dir='ltr'><strong><em>obedientiam</em></strong></span> <span class='ocrx_word' id='word_1_539' title='bbox 2917 2825 3202 2896; x_wconf 86' lang='lat' dir='ltr'><strong><em>pollicetur</em></strong></span> <span class='ocrx_word' id='word_1_540' title='bbox 3231 2825 3400 2895; x_wconf 64' lang='grc'><strong><em>(452).</em></strong></span> <span class='ocrx_word' id='word_1_541' title='bbox 3439 2824 3750 2896; x_wconf 80' lang='lat' dir='ltr'><strong><em>Statimque</em></strong></span> 
     </span>
    </p>
   </div>
   <div class='ocr_carea' id='block_1_82' title="bbox 2161 2904 3752 2986">
    <p class='ocr_par' dir='ltr' id='par_1_82' title="bbox 2161 2904 3752 2986">
     <span class='ocr_line' id='line_1_82' title="bbox 2161 2904 3752 2986; baseline 0 -18"><span class='ocrx_word' id='word_1_542' title='bbox 2161 2904 2544 2975; x_wconf 82' lang='lat' dir='ltr'><strong><em>Coloniensem</em></strong></span> <span class='ocrx_word' id='word_1_543' title='bbox 2590 2916 2929 2986; x_wconf 82' lang='lat' dir='ltr'><strong><em>episcopum,</em></strong></span> <span class='ocrx_word' id='word_1_544' title='bbox 2976 2915 3479 2986; x_wconf 82' lang='lat' dir='ltr'><strong><em>Babenbergensem</em></strong></span> <span class='ocrx_word' id='word_1_545' title='bbox 3537 2915 3752 2986; x_wconf 85' lang='lat' dir='ltr'><strong><em>episco-</em></strong></span> 
     </span>
    </p>
   </div>
   <div class='ocr_carea' id='block_1_83' title="bbox 2161 3005 3751 3079">
    <p class='ocr_par' dir='ltr' id='par_1_83' title="bbox 2161 3005 3751 3079">
     <span class='ocr_line' id='line_1_83' title="bbox 2161 3005 3751 3079; baseline 0.003 -20"><span class='ocrx_word' id='word_1_546' title='bbox 2161 3021 2313 3076; x_wconf 90' lang='lat' dir='ltr'><strong><em>pum,</em></strong></span> <span class='ocrx_word' id='word_1_547' title='bbox 2331 3005 2815 3079; x_wconf 86' lang='lat' dir='ltr'><strong><em>Strazburgensem</em></strong></span> <span class='ocrx_word' id='word_1_548' title='bbox 2833 3008 3285 3078; x_wconf 61' lang='lat' dir='ltr'><strong><em>“&quot;jepiscopum,</em></strong></span> <span class='ocrx_word' id='word_1_549' title='bbox 3300 3007 3632 3066; x_wconf 84' lang='lat' dir='ltr'><strong><em>Basileuscm</em></strong></span> <span class='ocrx_word' id='word_1_550' title='bbox 3653 3006 3751 3072; x_wconf 62' lang='grc'>³9⁸⁸</span> 
     </span>
    </p>
   </div>
   <div class='ocr_carea' id='block_1_84' title="bbox 2158 3084 3746 3169">
    <p class='ocr_par' dir='ltr' id='par_1_84' title="bbox 2158 3084 3746 3169">
     <span class='ocr_line' id='line_1_84' title="bbox 2158 3084 3746 3169; baseline 0.002 -18"><span class='ocrx_word' id='word_1_551' title='bbox 2158 3098 2496 3167; x_wconf 84' lang='lat' dir='ltr'><strong><em>episcopum,</em></strong></span> <span class='ocrx_word' id='word_1_552' title='bbox 2531 3089 2846 3169; x_wconf 82' lang='lat' dir='ltr'><strong><em>Spirensem</em></strong></span> <span class='ocrx_word' id='word_1_553' title='bbox 2894 3090 2984 3131; x_wconf 66' lang='lat'><strong><em>“8‘</em></strong></span> <span class='ocrx_word' id='word_1_554' title='bbox 3021 3084 3372 3169; x_wconf 69' lang='lat' dir='ltr'><strong><em>episcopum,</em></strong></span> <span class='ocrx_word' id='word_1_555' title='bbox 3415 3097 3746 3164; x_wconf 80' lang='lat' dir='ltr'><strong><em>Losannen-</em></strong></span> 
     </span>
    </p>
   </div>
   <div class='ocr_carea' id='block_1_85' title="bbox 2159 3175 3748 3263">
    <p class='ocr_par' dir='ltr' id='par_1_85' title="bbox 2159 3175 3748 3263">
     <span class='ocr_line' id='line_1_85' title="bbox 2159 3175 3748 3263; baseline 0.001 -21"><span class='ocrx_word' id='word_1_556' title='bbox 2159 3187 2275 3242; x_wconf 83' lang='lat' dir='ltr'><strong><em>sem</em></strong></span> <span class='ocrx_word' id='word_1_557' title='bbox 2328 3189 2417 3230; x_wconf 55' lang='lat'><strong><em>“1”</em></strong></span> <span class='ocrx_word' id='word_1_558' title='bbox 2469 3191 2807 3261; x_wconf 88' lang='lat' dir='ltr'><strong><em>episcopum,</em></strong></span> <span class='ocrx_word' id='word_1_559' title='bbox 2847 3189 3173 3258; x_wconf 81' lang='lat' dir='ltr'><strong><em>Citicensem</em></strong></span> <span class='ocrx_word' id='word_1_560' title='bbox 3202 3175 3748 3263; x_wconf 75' lang='lat' dir='ltr'><strong><em>episCOpum,Oscn-</em></strong></span> 
     </span>
    </p>
   </div>
   <div class='ocr_carea' id='block_1_86' title="bbox 2158 3267 3743 3352">
    <p class='ocr_par' dir='ltr' id='par_1_86' title="bbox 2158 3267 3743 3352">
     <span class='ocr_line' id='line_1_86' title="bbox 2158 3267 3743 3352; baseline 0.001 -18"><span class='ocrx_word' id='word_1_561' title='bbox 2158 3274 2521 3351; x_wconf 81' lang='lat' dir='ltr'><strong><em>bruggensem</em></strong></span> <span class='ocrx_word' id='word_1_562' title='bbox 2533 3283 2875 3352; x_wconf 87' lang='lat' dir='ltr'><strong><em>episcopum,</em></strong></span> <span class='ocrx_word' id='word_1_563' title='bbox 2893 3281 3244 3338; x_wconf 86' lang='lat' dir='ltr'><strong><em>Oudalricum</em></strong></span> <span class='ocrx_word' id='word_1_564' title='bbox 3263 3283 3351 3315; x_wconf 81' lang='grc'><strong><em>¹⁸⁸⁷</em></strong></span> <span class='ocrx_word' id='word_1_565' title='bbox 3371 3267 3438 3338; x_wconf 82' lang='lat' dir='ltr'><strong><em>de</em></strong></span> <span class='ocrx_word' id='word_1_566' title='bbox 3457 3281 3743 3352; x_wconf 79' lang='lat' dir='ltr'><strong><em>Coshcim,</em></strong></span> 
     </span>
    </p>
   </div>
   <div class='ocr_carea' id='block_1_87' title="bbox 2159 3359 3748 3446">
    <p class='ocr_par' dir='ltr' id='par_1_87' title="bbox 2159 3359 3748 3446">
     <span class='ocr_line' id='line_1_87' title="bbox 2159 3359 3748 3446; baseline 0.001 -21"><span class='ocrx_word' id='word_1_567' title='bbox 2159 3369 2552 3439; x_wconf 84' lang='lat' dir='ltr'><strong><em>Everhardum,</em></strong></span> <span class='ocrx_word' id='word_1_568' title='bbox 2591 3373 3010 3440; x_wconf 82' lang='lat' dir='ltr'><strong><em>liartmannum,</em></strong></span> <span class='ocrx_word' id='word_1_569' title='bbox 3039 3359 3376 3446; x_wconf 73' lang='lat' dir='ltr'><strong><em>ceterasque</em></strong></span> <span class='ocrx_word' id='word_1_570' title='bbox 3427 3389 3748 3434; x_wconf 80' lang='lat' dir='ltr'><strong><em>excommu-</em></strong></span> 
     </span>
    </p>
   </div>
   <div class='ocr_carea' id='block_1_88' title="bbox 2159 3455 3748 3538">
    <p class='ocr_par' dir='ltr' id='par_1_88' title="bbox 2159 3455 3748 3538">
     <span class='ocr_line' id='line_1_88' title="bbox 2159 3455 3748 3538; baseline 0.003 -22"><span class='ocrx_word' id='word_1_571' title='bbox 2159 3464 2390 3529; x_wconf 85' lang='lat' dir='ltr'><strong><em>nicatos,</em></strong></span> <span class='ocrx_word' id='word_1_572' title='bbox 2413 3481 2648 3535; x_wconf 87' lang='lat' dir='ltr'><strong><em>quorum</em></strong></span> <span class='ocrx_word' id='word_1_573' title='bbox 2688 3455 2941 3522; x_wconf 17' lang='lat' dir='ltr'><strong><em>antehac.</em></strong></span> <span class='ocrx_word' id='word_1_574' title='bbox 2966 3482 3128 3538; x_wconf 86' lang='lat' dir='ltr'><strong><em>opera</em></strong></span> <span class='ocrx_word' id='word_1_575' title='bbox 3159 3467 3528 3537; x_wconf 81' lang='lat' dir='ltr'><strong><em>consiliisque.</em></strong></span> <span class='ocrx_word' id='word_1_576' title='bbox 3549 3465 3748 3538; x_wconf 80' lang='lat' dir='ltr'><strong><em>gratis-</em></strong></span> 
     </span>
    </p>
   </div>
   <div class='ocr_carea' id='block_1_89' title="bbox 2135 3554 3746 3629">
    <p class='ocr_par' dir='ltr' id='par_1_89' title="bbox 2135 3554 3746 3629">
     <span class='ocr_line' id='line_1_89' title="bbox 2135 3554 3746 3629; baseline 0.003 -22"><span class='ocrx_word' id='word_1_577' title='bbox 2135 3554 2296 3617; x_wconf 83' lang='lat' dir='ltr'><strong><em>sime</em></strong></span> <span class='ocrx_word' id='word_1_578' title='bbox 2324 3557 2594 3623; x_wconf 84' lang='lat' dir='ltr'><strong><em>utcbatur,</em></strong></span> <span class='ocrx_word' id='word_1_579' title='bbox 2633 3572 2825 3615; x_wconf 85' lang='lat' dir='ltr'><strong><em>omnes</em></strong></span> <span class='ocrx_word' id='word_1_580' title='bbox 2861 3559 3060 3613; x_wconf 87' lang='lat' dir='ltr'><strong><em>castris</em></strong></span> <span class='ocrx_word' id='word_1_581' title='bbox 3088 3558 3271 3629; x_wconf 82' lang='lat' dir='ltr'><strong><em>egredi</em></strong></span> <span class='ocrx_word' id='word_1_582' title='bbox 3314 3559 3507 3628; x_wconf 64' lang='lat' dir='ltr'><strong><em>Ijubet;</em></strong></span> <span class='ocrx_word' id='word_1_583' title='bbox 3555 3557 3746 3613; x_wconf 85' lang='lat' dir='ltr'><strong><em>missis</em></strong></span> 
     </span>
    </p>
   </div>
   <div class='ocr_carea' id='block_1_90' title="bbox 2157 3636 3747 3722">
    <p class='ocr_par' dir='ltr' id='par_1_90' title="bbox 2157 3636 3747 3722">
     <span class='ocr_line' id='line_1_90' title="bbox 2157 3636 3747 3722; baseline 0.004 -22"><span class='ocrx_word' id='word_1_584' title='bbox 2157 3662 2377 3717; x_wconf 88' lang='lat' dir='ltr'><strong><em>quoque</em></strong></span> <span class='ocrx_word' id='word_1_585' title='bbox 2405 3636 2774 3708; x_wconf 79' lang='lat' dir='ltr'><strong><em>Wormaciam</em></strong></span> <span class='ocrx_word' id='word_1_586' title='bbox 2799 3651 3035 3715; x_wconf 89' lang='lat' dir='ltr'><strong><em>nunciis,</em></strong></span> <span class='ocrx_word' id='word_1_587' title='bbox 3055 3652 3275 3720; x_wconf 78' lang='lat' dir='ltr'><strong><em>milites,</em></strong></span> <span class='ocrx_word' id='word_1_588' title='bbox 3313 3666 3452 3721; x_wconf 89' lang='lat' dir='ltr'><strong><em>quos</em></strong></span> <span class='ocrx_word' id='word_1_589' title='bbox 3479 3651 3747 3722; x_wconf 69' lang='lat' dir='ltr'><strong><em>iilicprae-</em></strong></span> 
     </span>
    </p>
   </div>
   <div class='ocr_carea' id='block_1_91' title="bbox 2124 3737 3746 3814">
    <p class='ocr_par' dir='ltr' id='par_1_91' title="bbox 2124 3737 3746 3814">
     <span class='ocr_line' id='line_1_91' title="bbox 2124 3737 3746 3814; baseline 0.004 -24"><span class='ocrx_word' id='word_1_590' title='bbox 2124 3739 2126 3741; x_wconf 72' lang='grc'><em>’</em></span> <span class='ocrx_word' id='word_1_591' title='bbox 2158 3737 2284 3810; x_wconf 87' lang='lat' dir='ltr'><strong><em>sidii</em></strong></span> <span class='ocrx_word' id='word_1_592' title='bbox 2322 3756 2487 3796; x_wconf 89' lang='lat' dir='ltr'><strong><em>causa</em></strong></span> <span class='ocrx_word' id='word_1_593' title='bbox 2524 3743 2902 3806; x_wconf 84' lang='lat' dir='ltr'><strong><em>constituerat,</em></strong></span> <span class='ocrx_word' id='word_1_594' title='bbox 2939 3743 3230 3797; x_wconf 82' lang='lat' dir='ltr'><strong><em>abscedere</em></strong></span> <span class='ocrx_word' id='word_1_595' title='bbox 3271 3744 3572 3814; x_wconf 81' lang='lat' dir='ltr'><strong><em>urbemque</em></strong></span> <span class='ocrx_word' id='word_1_596' title='bbox 3631 3745 3746 3814; x_wconf 87' lang='lat' dir='ltr'><strong><em>epi-</em></strong></span> 
     </span>
    </p>
   </div>
   <div class='ocr_carea' id='block_1_92' title="bbox 2157 3833 3742 3903">
    <p class='ocr_par' dir='ltr' id='par_1_92' title="bbox 2157 3833 3742 3903">
     <span class='ocr_line' id='line_1_92' title="bbox 2157 3833 3742 3903; baseline 0.003 -21"><span class='ocrx_word' id='word_1_597' title='bbox 2157 3843 2325 3898; x_wconf 85' lang='lat' dir='ltr'><strong><em>scopo</em></strong></span> <span class='ocrx_word' id='word_1_598' title='bbox 2351 3840 2535 3900; x_wconf 87' lang='lat' dir='ltr'><strong><em>patere</em></strong></span> <span class='ocrx_word' id='word_1_599' title='bbox 2564 3834 2807 3902; x_wconf 71' lang='lat' dir='ltr'><strong><em>praecipit</em></strong></span> <span class='ocrx_word' id='word_1_600' title='bbox 2849 3834 2972 3900; x_wconf 63' lang='lat'><strong><em>‘8”;</em></strong></span> <span class='ocrx_word' id='word_1_601' title='bbox 3030 3834 3228 3888; x_wconf 85' lang='lat' dir='ltr'><strong><em>dehinc</em></strong></span> <span class='ocrx_word' id='word_1_602' title='bbox 3285 3835 3499 3899; x_wconf 87' lang='lat' dir='ltr'><strong><em>ceteris,</em></strong></span> <span class='ocrx_word' id='word_1_603' title='bbox 3530 3835 3627 3903; x_wconf 89' lang='lat' dir='ltr'><strong><em>qui</em></strong></span> <span class='ocrx_word' id='word_1_604' title='bbox 3672 3833 3742 3887; x_wconf 87' lang='lat' dir='ltr'><strong><em>ad</em></strong></span> 
     </span>
    </p>
   </div>
   <div class='ocr_carea' id='block_1_93' title="bbox 2155 3921 3744 3996">
    <p class='ocr_par' dir='ltr' id='par_1_93' title="bbox 2155 3921 3744 3996">
     <span class='ocr_line' id='line_1_93' title="bbox 2155 3921 3744 3996; baseline 0.003 -23"><span class='ocrx_word' id='word_1_605' title='bbox 2155 3921 2357 3974; x_wconf 80' lang='lat' dir='ltr'><strong><em>auxilia</em></strong></span> <span class='ocrx_word' id='word_1_606' title='bbox 2387 3922 2489 3976; x_wconf 86' lang='lat' dir='ltr'><strong><em>sibi</em></strong></span> <span class='ocrx_word' id='word_1_607' title='bbox 2517 3922 2738 3978; x_wconf 79' lang='lat' dir='ltr'><strong><em>ferenda</em></strong></span> <span class='ocrx_word' id='word_1_608' title='bbox 2780 3923 3094 3996; x_wconf 79' lang='lat' dir='ltr'><strong><em>frequentes</em></strong></span> <span class='ocrx_word' id='word_1_609' title='bbox 3124 3933 3512 3990; x_wconf 87' lang='lat' dir='ltr'><strong><em>convenerant,</em></strong></span> <span class='ocrx_word' id='word_1_610' title='bbox 3555 3925 3744 3996; x_wconf 84' lang='lat' dir='ltr'><strong><em>singu-</em></strong></span> 
     </span>
    </p>
   </div>
   <div class='ocr_carea' id='block_1_94' title="bbox 2155 4011 3741 4091">
    <p class='ocr_par' dir='ltr' id='par_1_94' title="bbox 2155 4011 3741 4091">
     <span class='ocr_line' id='line_1_94' title="bbox 2155 4011 3741 4091; baseline 0.004 -28"><span class='ocrx_word' id='word_1_611' title='bbox 2155 4011 2223 4064; x_wconf 88' lang='lat' dir='ltr'><strong><em>lis</em></strong></span> <span class='ocrx_word' id='word_1_612' title='bbox 2251 4012 2304 4064; x_wconf 91' lang='lat' dir='ltr'><strong><em>in</em></strong></span> <span class='ocrx_word' id='word_1_613' title='bbox 2329 4029 2424 4065; x_wconf 89' lang='lat' dir='ltr'><strong><em>sua</em></strong></span> <span class='ocrx_word' id='word_1_614' title='bbox 2455 4013 2716 4080; x_wconf 85' lang='lat' dir='ltr'><strong><em>dimissis,</em></strong></span> <span class='ocrx_word' id='word_1_615' title='bbox 2744 4016 2859 4084; x_wconf 88' lang='lat' dir='ltr'><strong><em>ipse</em></strong></span> <span class='ocrx_word' id='word_1_616' title='bbox 2882 4017 3039 4086; x_wconf 82' lang='lat' dir='ltr'><strong><em>juxta</em></strong></span> <span class='ocrx_word' id='word_1_617' title='bbox 3062 4017 3374 4071; x_wconf 89' lang='lat' dir='ltr'><strong><em>condictum</em></strong></span> <span class='ocrx_word' id='word_1_618' title='bbox 3398 4032 3524 4070; x_wconf 90' lang='lat' dir='ltr'><strong><em>cum</em></strong></span> <span class='ocrx_word' id='word_1_619' title='bbox 3547 4017 3741 4091; x_wconf 75' lang='lat' dir='ltr'><strong><em>paucis</em></strong></span> 
     </span>
    </p>
   </div>
   <div class='ocr_carea' id='block_1_95' title="bbox 2156 4101 3738 4177">
    <p class='ocr_par' dir='ltr' id='par_1_95' title="bbox 2156 4101 3738 4177">
     <span class='ocr_line' id='line_1_95' title="bbox 2156 4101 3738 4177; baseline 0.004 -22"><span class='ocrx_word' id='word_1_620' title='bbox 2156 4101 2369 4172; x_wconf 88' lang='lat' dir='ltr'><strong><em>Spiram</em></strong></span> <span class='ocrx_word' id='word_1_621' title='bbox 2399 4106 2698 4172; x_wconf 86' lang='lat' dir='ltr'><strong><em>contendit,</em></strong></span> <span class='ocrx_word' id='word_1_622' title='bbox 2727 4107 2908 4177; x_wconf 88' lang='lat' dir='ltr'><strong><em>ibique</em></strong></span> <span class='ocrx_word' id='word_1_623' title='bbox 2934 4109 3074 4162; x_wconf 86' lang='lat' dir='ltr'><strong><em>intra</em></strong></span> <span class='ocrx_word' id='word_1_624' title='bbox 3095 4109 3185 4173; x_wconf 53' lang='lat'><strong><em>“‘39</em></strong></span> <span class='ocrx_word' id='word_1_625' title='bbox 3209 4108 3474 4162; x_wconf 87' lang='lat' dir='ltr'><strong><em>terminos</em></strong></span> <span class='ocrx_word' id='word_1_626' title='bbox 3489 4117 3544 4160; x_wconf 91' lang='lat' dir='ltr'><strong><em>et</em></strong></span> <span class='ocrx_word' id='word_1_627' title='bbox 3566 4107 3738 4177; x_wconf 80' lang='lat' dir='ltr'><strong><em>leges,</em></strong></span> 
     </span>
    </p>
   </div>
   <div class='ocr_carea' id='block_1_96' title="bbox 2153 4195 3739 4270">
    <p class='ocr_par' dir='ltr' id='par_1_96' title="bbox 2153 4195 3739 4270">
     <span class='ocr_line' id='line_1_96' title="bbox 2153 4195 3739 4270; baseline 0.004 -24"><span class='ocrx_word' id='word_1_628' title='bbox 2153 4209 2292 4262; x_wconf 87' lang='lat' dir='ltr'><strong><em>quas</em></strong></span> <span class='ocrx_word' id='word_1_629' title='bbox 2335 4195 2607 4265; x_wconf 84' lang='lat' dir='ltr'><strong><em>principes</em></strong></span> <span class='ocrx_word' id='word_1_630' title='bbox 2653 4200 3114 4269; x_wconf 76' lang='lat' dir='ltr'><strong><em>prmscripserant,</em></strong></span> <span class='ocrx_word' id='word_1_631' title='bbox 3156 4200 3450 4270; x_wconf 88' lang='lat' dir='ltr'><strong><em>aliquanto.</em></strong></span> <span class='ocrx_word' id='word_1_632' title='bbox 3491 4207 3739 4269; x_wconf 67' lang='lat' dir='ltr'><strong><em>tempore</em></strong></span> 
     </span>
    </p>
   </div>
   <div class='ocr_carea' id='block_1_97' title="bbox 2155 4285 3387 4362">
    <p class='ocr_par' dir='ltr' id='par_1_97' title="bbox 2155 4285 3387 4362">
     <span class='ocr_line' id='line_1_97' title="bbox 2155 4285 3387 4362; baseline 0.005 -23"><span class='ocrx_word' id='word_1_633' title='bbox 2155 4285 2501 4340; x_wconf 87' lang='lat' dir='ltr'><strong><em>mediocriter</em></strong></span> <span class='ocrx_word' id='word_1_634' title='bbox 2549 4289 2715 4343; x_wconf 88' lang='lat' dir='ltr'><strong><em>vitam</em></strong></span> <span class='ocrx_word' id='word_1_635' title='bbox 2755 4306 3044 4362; x_wconf 85' lang='lat' dir='ltr'><strong><em>moresque</em></strong></span> <span class='ocrx_word' id='word_1_636' title='bbox 3079 4292 3387 4345; x_wconf 83' lang='lat' dir='ltr'><strong><em>cohibebat.</em></strong></span> 
     </span>
    </p>
   </div>
   <div class='ocr_carea' id='block_1_98' title="bbox 2226 4376 3737 4454">
    <p class='ocr_par' dir='ltr' id='par_1_98' title="bbox 2226 4376 3737 4454">
     <span class='ocr_line' id='line_1_98' title="bbox 2226 4376 3737 4454; baseline 0.006 -26"><span class='ocrx_word' id='word_1_637' title='bbox 2226 4376 2497 4449; x_wconf 61' lang='lat' dir='ltr'><strong><em>(Noctua)</em></strong></span> <span class='ocrx_word' id='word_1_638' title='bbox 2539 4379 2702 4435; x_wconf 82' lang='lat' dir='ltr'><strong><em>Sucvi</em></strong></span> <span class='ocrx_word' id='word_1_639' title='bbox 2736 4392 2789 4436; x_wconf 87' lang='lat' dir='ltr'><strong><em>et</em></strong></span> <span class='ocrx_word' id='word_1_640' title='bbox 2834 4381 3109 4448; x_wconf 84' lang='lat' dir='ltr'><strong><em>Saxones,</em></strong></span> <span class='ocrx_word' id='word_1_641' title='bbox 3157 4391 3485 4454; x_wconf 88' lang='lat' dir='ltr'><strong><em>postquam,</em></strong></span> <span class='ocrx_word' id='word_1_642' title='bbox 3539 4380 3737 4437; x_wconf 76' lang='lat' dir='ltr'><strong><em>deditis</em></strong></span> 
     </span>
    </p>
   </div>
   <div class='ocr_carea' id='block_1_99' title="bbox 2155 4465 3737 4543">
    <p class='ocr_par' dir='ltr' id='par_1_99' title="bbox 2155 4465 3737 4543">
     <span class='ocr_line' id='line_1_99' title="bbox 2155 4465 3737 4543; baseline 0.001 -23"><span class='ocrx_word' id='word_1_643' title='bbox 2155 4465 2682 4536; x_wconf 79' lang='lat' dir='ltr'><strong><em>Wormaciensibus,</em></strong></span> <span class='ocrx_word' id='word_1_644' title='bbox 2725 4482 2925 4528; x_wconf 89' lang='lat' dir='ltr'><strong><em>statum</em></strong></span> <span class='ocrx_word' id='word_1_645' title='bbox 2953 4474 3187 4530; x_wconf 85' lang='lat' dir='ltr'><strong><em>civitatis</em></strong></span> <span class='ocrx_word' id='word_1_646' title='bbox 3229 4475 3485 4543; x_wconf 85' lang='lat' dir='ltr'><strong><em>episcopo</em></strong></span> <span class='ocrx_word' id='word_1_647' title='bbox 3521 4473 3611 4504; x_wconf 81' lang='grc'>¹⁸⁹⁰</span> <span class='ocrx_word' id='word_1_648' title='bbox 3639 4488 3737 4542; x_wconf 84' lang='lat' dir='ltr'><strong><em>pa-</em></strong></span> 
     </span>
    </p>
   </div>
   <div class='ocr_carea' id='block_1_100' title="bbox 2157 4560 3734 4635">
    <p class='ocr_par' dir='ltr' id='par_1_100' title="bbox 2157 4560 3734 4635">
     <span class='ocr_line' id='line_1_100' title="bbox 2157 4560 3734 4635; baseline 0.001 -22"><span class='ocrx_word' id='word_1_649' title='bbox 2157 4560 2494 4615; x_wconf 85' lang='lat' dir='ltr'><strong><em>catissimum</em></strong></span> <span class='ocrx_word' id='word_1_650' title='bbox 2551 4565 2919 4630; x_wconf 85' lang='lat' dir='ltr'><strong><em>reddiderunt,</em></strong></span> <span class='ocrx_word' id='word_1_651' title='bbox 2971 4566 3078 4618; x_wconf 70' lang='lat' dir='ltr'><strong><em>lmti</em></strong></span> <span class='ocrx_word' id='word_1_652' title='bbox 3122 4575 3454 4635; x_wconf 81' lang='lat' dir='ltr'><strong><em>ovantesque</em></strong></span> <span class='ocrx_word' id='word_1_653' title='bbox 3495 4563 3734 4634; x_wconf 87' lang='lat' dir='ltr'><strong><em>patriam</em></strong></span> 
     </span>
    </p>
   </div>
   <div class='ocr_carea' id='block_1_101' title="bbox 2157 4652 3732 4724">
    <p class='ocr_par' dir='ltr' id='par_1_101' title="bbox 2157 4652 3732 4724">
     <span class='ocr_line' id='line_1_101' title="bbox 2157 4652 3732 4724; baseline 0.003 -19"><span class='ocrx_word' id='word_1_654' title='bbox 2157 4652 2493 4719; x_wconf 83' lang='lat' dir='ltr'><strong><em>repetebant,</em></strong></span> <span class='ocrx_word' id='word_1_655' title='bbox 2536 4653 2935 4723; x_wconf 84' lang='lat' dir='ltr'><strong><em>confestimque</em></strong></span> <span class='ocrx_word' id='word_1_656' title='bbox 2979 4655 3186 4724; x_wconf 70' lang='lat' dir='ltr'><strong><em>legatos</em></strong></span> <span class='ocrx_word' id='word_1_657' title='bbox 3217 4654 3444 4710; x_wconf 79' lang='lat' dir='ltr'><strong><em>Romam</em></strong></span> <span class='ocrx_word' id='word_1_658' title='bbox 3487 4654 3732 4709; x_wconf 77' lang='lat' dir='ltr'><strong><em>destina-</em></strong></span> 
     </span>
    </p>
   </div>
   <div class='ocr_carea' id='block_1_102' title="bbox 2154 4743 3736 4815">
    <p class='ocr_par' dir='ltr' id='par_1_102' title="bbox 2154 4743 3736 4815">
     <span class='ocr_line' id='line_1_102' title="bbox 2154 4743 3736 4815; baseline 0.002 -21"><span class='ocrx_word' id='word_1_659' title='bbox 2154 4752 2303 4806; x_wconf 83' lang='lat' dir='ltr'><strong><em>runt,</em></strong></span> <span class='ocrx_word' id='word_1_660' title='bbox 2353 4743 2446 4812; x_wconf 89' lang='lat' dir='ltr'><strong><em>qui</em></strong></span> <span class='ocrx_word' id='word_1_661' title='bbox 2521 4760 2712 4813; x_wconf 87' lang='lat' dir='ltr'><strong><em>papam</em></strong></span> <span class='ocrx_word' id='word_1_662' title='bbox 2779 4746 2856 4799; x_wconf 83' lang='lat' dir='ltr'><strong><em>rei</em></strong></span> <span class='ocrx_word' id='word_1_663' title='bbox 2912 4757 3077 4815; x_wconf 79' lang='lat' dir='ltr'><strong><em>gesta:</em></strong></span> <span class='ocrx_word' id='word_1_664' title='bbox 3138 4747 3384 4800; x_wconf 87' lang='lat' dir='ltr'><strong><em>ordinem</em></strong></span> <span class='ocrx_word' id='word_1_665' title='bbox 3441 4747 3736 4800; x_wconf 84' lang='lat' dir='ltr'><strong><em>cdocercnt</em></strong></span> 
     </span>
    </p>
   </div>
   <div class='ocr_carea' id='block_1_103' title="bbox 2156 4833 3734 4905">
    <p class='ocr_par' dir='ltr' id='par_1_103' title="bbox 2156 4833 3734 4905">
     <span class='ocr_line' id='line_1_103' title="bbox 2156 4833 3734 4905; baseline 0.004 -20"><span class='ocrx_word' id='word_1_666' title='bbox 2156 4833 2422 4902; x_wconf 85' lang='lat' dir='ltr'><strong><em>enixeque</em></strong></span> <span class='ocrx_word' id='word_1_667' title='bbox 2473 4834 2798 4904; x_wconf 83' lang='lat' dir='ltr'><strong><em>ﬂagitarent,</em></strong></span> <span class='ocrx_word' id='word_1_668' title='bbox 2829 4845 2887 4890; x_wconf 89' lang='lat' dir='ltr'><strong><em>ut</em></strong></span> <span class='ocrx_word' id='word_1_669' title='bbox 2931 4837 3185 4890; x_wconf 87' lang='lat' dir='ltr'><strong><em>sedandis</em></strong></span> <span class='ocrx_word' id='word_1_670' title='bbox 3210 4852 3304 4905; x_wconf 89' lang='lat' dir='ltr'><strong><em>per</em></strong></span> <span class='ocrx_word' id='word_1_671' title='bbox 3331 4837 3536 4892; x_wconf 87' lang='lat' dir='ltr'><strong><em>Gallias</em></strong></span> <span class='ocrx_word' id='word_1_672' title='bbox 3566 4835 3734 4891; x_wconf 84' lang='lat' dir='ltr'><strong><em>tantis</em></strong></span> 
     </span>
    </p>
   </div>
   <div class='ocr_carea' id='block_1_104' title="bbox 2158 4923 3736 4998">
    <p class='ocr_par' dir='ltr' id='par_1_104' title="bbox 2158 4923 3736 4998">
     <span class='ocr_line' id='line_1_104' title="bbox 2158 4923 3736 4998; baseline 0.003 -22"><span class='ocrx_word' id='word_1_673' title='bbox 2158 4923 2421 4978; x_wconf 82' lang='lat' dir='ltr'><strong><em>bellorum</em></strong></span> <span class='ocrx_word' id='word_1_674' title='bbox 2467 4927 2707 4981; x_wconf 79' lang='lat' dir='ltr'><strong><em>civilium</em></strong></span> <span class='ocrx_word' id='word_1_675' title='bbox 2772 4929 3185 4998; x_wconf 82' lang='lat' dir='ltr'><strong><em>tempestatibus</em></strong></span> <span class='ocrx_word' id='word_1_676' title='bbox 3227 4928 3341 4998; x_wconf 84' lang='lat' dir='ltr'><strong><em>ipse</em></strong></span> <span class='ocrx_word' id='word_1_677' title='bbox 3387 4936 3592 4982; x_wconf 84' lang='lat' dir='ltr'><strong><em>statuta</em></strong></span> <span class='ocrx_word' id='word_1_678' title='bbox 3643 4926 3736 4981; x_wconf 68' lang='lat' dir='ltr'><strong><em>die</em></strong></span> 
     </span>
    </p>
   </div>
   <div class='ocr_carea' id='block_1_105' title="bbox 1774 5031 2448 5090">
    <p class='ocr_par' dir='ltr' id='par_1_105' title="bbox 1774 5031 2448 5090">
     <span class='ocr_line' id='line_1_105' title="bbox 1774 5031 2448 5090; baseline 0.006 -4"><span class='ocrx_word' id='word_1_679' title='bbox 1774 5031 2008 5086; x_wconf 74' lang='lat' dir='ltr'><strong><em>VARUE</em></strong></span> <span class='ocrx_word' id='word_1_680' title='bbox 2045 5031 2448 5090; x_wconf 68' lang='lat' dir='ltr'><strong><em>LEC&#39;I&#39;IONES.</em></strong></span> 
     </span>
    </p>
   </div>
   <div class='ocr_carea' id='block_1_106' title="bbox 541 5133 1238 5220">
    <p class='ocr_par' dir='ltr' id='par_1_106' title="bbox 541 5133 1238 5220">
     <span class='ocr_line' id='line_1_106' title="bbox 541 5133 1238 5220; baseline -0.006 -28"><span class='ocrx_word' id='word_1_681' title='bbox 541 5133 638 5220; x_wconf 42' lang='lat'><strong><em>1&#39;“</em></strong></span> <span class='ocrx_word' id='word_1_682' title='bbox 659 5137 800 5192; x_wconf 77' lang='lat' dir='ltr'><strong><em>deest</em></strong></span> <span class='ocrx_word' id='word_1_683' title='bbox 834 5139 887 5184; x_wconf 58' lang='grc' dir='ltr'><strong><em>ιιι-</em></strong></span> <span class='ocrx_word' id='word_1_684' title='bbox 965 5135 1058 5168; x_wconf 75' lang='grc'>¹⁸⁷⁸</span> <span class='ocrx_word' id='word_1_685' title='bbox 1083 5135 1160 5188; x_wconf 89' lang='lat' dir='ltr'><strong><em>ire</em></strong></span> <span class='ocrx_word' id='word_1_686' title='bbox 1185 5133 1238 5189; x_wconf 81' lang='lat'><strong><em>5.</em></strong></span> 
     </span>
    </p>
   </div>
   <div class='ocr_carea' id='block_1_107' title="bbox 1310 5125 2125 5216">
    <p class='ocr_par' dir='ltr' id='par_1_107' title="bbox 1310 5125 2125 5216">
     <span class='ocr_line' id='line_1_107' title="bbox 1310 5125 2125 5216; baseline -0.009 -31"><span class='ocrx_word' id='word_1_687' title='bbox 1310 5133 1409 5215; x_wconf 53' lang='lat' dir='ltr'><strong><em>f5&quot;</em></strong></span> <span class='ocrx_word' id='word_1_688' title='bbox 1430 5133 1652 5216; x_wconf 50' lang='lat' dir='ltr'><strong><em>deest}.</em></strong></span> <span class='ocrx_word' id='word_1_689' title='bbox 1678 5129 1891 5216; x_wconf 30' lang='lat' dir='ltr'><strong><em>aut&quot;</em></strong></span> <span class='ocrx_word' id='word_1_690' title='bbox 1921 5125 2125 5216; x_wconf 57' lang='lat' dir='ltr'><strong><em>ex&#39;timp</em></strong></span> 
     </span>
    </p>
   </div>
   <div class='ocr_carea' id='block_1_108' title="bbox 1702 5196 2097 5220">
    <p class='ocr_par' dir='ltr' id='par_1_108' title="bbox 1702 5196 2097 5220">
     <span class='ocr_line' id='line_1_108' title="bbox 1702 5196 2097 5220; baseline 0 0"><span class='ocrx_word' id='word_1_691' title='bbox 1702 5198 1790 5220; x_wconf 63' lang='lat' dir='ltr'><strong>III!</strong></span> <span class='ocrx_word' id='word_1_692' title='bbox 1821 5196 2097 5220; x_wconf 31' lang='lat' dir='ltr'><strong><em>Camn—.I‘u...</em></strong></span> 
     </span>
    </p>
   </div>
   <div class='ocr_carea' id='block_1_109' title="bbox 2128 5125 2877 5220">
    <p class='ocr_par' dir='ltr' id='par_1_109' title="bbox 2128 5125 2877 5220">
     <span class='ocr_line' id='line_1_109' title="bbox 2128 5125 2877 5220; baseline 0.004 -35"><span class='ocrx_word' id='word_1_693' title='bbox 2128 5125 2192 5220; x_wconf 67' lang='grc' dir='ltr'><strong><em>10ΔΙ</em></strong></span> <span class='ocrx_word' id='word_1_694' title='bbox 2217 5128 2282 5220; x_wconf 42' lang='lat'><strong><em>5;,</em></strong></span> <span class='ocrx_word' id='word_1_695' title='bbox 2343 5130 2787 5220; x_wconf 45' lang='lat' dir='ltr'><strong><em>“jan&#39;rc‘rdirtensi</em></strong></span> <span class='ocrx_word' id='word_1_696' title='bbox 2825 5136 2877 5189; x_wconf 78' lang='grc'><strong>5.</strong></span> 
     </span>
    </p>
   </div>
   <div class='ocr_carea' id='block_1_110' title="bbox 2972 5127 3728 5220">
    <p class='ocr_par' dir='ltr' id='par_1_110' title="bbox 2972 5127 3728 5220">
     <span class='ocr_line' id='line_1_110' title="bbox 2972 5127 3728 5220; baseline -0.001 -34"><span class='ocrx_word' id='word_1_697' title='bbox 2972 5127 3325 5220; x_wconf 45' lang='lat' dir='ltr'><strong><em>&#39;31’cleestn4..</em></strong></span> <span class='ocrx_word' id='word_1_698' title='bbox 3392 5133 3482 5165; x_wconf 76' lang='grc'><strong><em>⁸⁸⁸⁸</em></strong></span> <span class='ocrx_word' id='word_1_699' title='bbox 3515 5142 3644 5187; x_wconf 89' lang='lat' dir='ltr'><strong><em>tunc</em></strong></span> 
     </span>
    </p>
   </div>
   <div class='ocr_carea' id='block_1_111' title="bbox 2907 5205 3046 5220">
    <p class='ocr_par' dir='ltr' id='par_1_111' title="bbox 2907 5205 3046 5220">
     <span class='ocr_line' id='line_1_111' title="bbox 2907 5205 3046 5220; baseline 0 0"><span class='ocrx_word' id='word_1_700' title='bbox 2907 5205 2921 5220; x_wconf 82' lang='grc' dir='ltr'><strong>Ι</strong></span> <span class='ocrx_word' id='word_1_701' title='bbox 2982 5205 3046 5220; x_wconf 68' lang='lat' dir='ltr'><strong>un</strong></span> 
     </span>
    </p>
   </div>
  </div>
