4050 5358
227 353 367 409 I253
460 328 465 331 ’

223 472 382 527 suain
421 483 530 545 non
580 464 963 539 dedignaretur
1005 476 1263 539 pnes-tare
1294 450 1661 543 praesentiam.
1694 469 1809 525 Rex
1837 473 1884 530 Α

224 563 390 639 etiam
448 568 601 615 certo
658 561 838 615 sciens
912 576 1131 617 omnem
1190 576 1346 618 suam
1409 562 1462 616 in
1527 578 1593 616 eo
1661 562 1800 617 verti

226 654 458 710 salutem
488 693 504 718 ,
558 652 604 706 si
667 662 792 706 ante
864 652 1294 709 anniversariam
1368 652 1512 708 diem
1582 668 1804 708 excom-

226 744 599 800 municatione
637 744 1047 813 absolveretur,
1112 762 1213 800 nec
1270 745 1404 800 satis
1456 752 1634 801 tutum
1689 745 1807 803 suis

226 835 532 909 rationibus
569 835 911 907 existimans,
956 844 1018 891 ut
1056 845 1341 915 expectato
1371 836 1515 891 intra
1562 837 1649 870 “‘9‘
1675 835 1804 891 Gal—

226 928 331 983 lius
358 925 590 982 Romani
627 924 915 998 pontificis
945 928 1202 993 adventu,
1249 928 1327 983 sic
1375 926 1575 985 infesto
1608 927 1805 997 judici,

224 1020 307 1074 sic
334 1012 623 1075 obstinatis
669 1016 1085 1097 accusatoribus
1132 1034 1357 1074 causam
1406 1019 1497 1050 ¹⁸⁹²
1538 1019 1813 1085 addiceret

226 1111 617 1177 ventilandam,
666 1110 933 1184 optimum
984 1110 1130 1167 factu
1179 1111 1282 1167 sibi
1306 1110 1570 1183 judicavit
1618 1126 1716 1183 pro
1744 1125 1810 1166 eo

226 1209 343 1257 tum
372 1210 514 1257 statu
547 1218 730 1256 rerum
760 1219 1008 1275 suarum,
1040 1211 1099 1257 ut
1128 1202 1182 1257 in
1212 1199 1414 1257 Gallias
1442 1202 1812 1281 proficiscenti

227 1278 477 1371 Rom-ano
502 1293 749 1367 pontifici
780 1293 1021 1371 (Decem)
1042 1294 1183 1349 intra
1203 1286 1292 1371 ’Ψ
1320 1293 1529 1353 Italiam
1556 1278 1811 1349 occurre-

226 1395 312 1441 ret
342 1368 418 1440 'ct
471 1385 836 1439 anatliematis
897 1368 1297 1463 absolutionem
1350 1400 1575 1459 quoquo
1628 1393 1814 1457 posset

224 1477 393 1531 modo
431 1468 725 1548 impetrare
769 1464 1103 1543 conaretur;
1158 1476 1261 1531 bac
1308 1476 1618 1553 impetrata,
1667 1483 1812 1531 cete-

226 1584 348 1623 ram
404 1568 566 1643 rebus
619 1566 990 1622 diflicultatem
1052 1566 1209 1629 facile
1257 1568 1624 1634 adimendam,
1685 1558 1839 1623 cum.

221 1660 466 1730 colloqui
512 1658 850 1731 principibus
893 1668 948 1714 et
981 1658 1229 1715 conferre
1277 1660 1502 1715 consilia
1554 1669 1608 1715 et
1648 1660 1811 1716 ﬁdem

222 1752 530 1810 amicorum
557 1742 610 1807 in
645 1751 886 1808 adversis
928 1751 1220 1822 implorare
1257 1752 1404 1807 nulla
1435 1752 1689 1822 deinceps
1718 1768 1811 1807 ve-
1874 1806 1879 1811 .

224 1851 370 1897 taret
394 1834 602 1916 religio.
631 1840 830 1902 Paucis
853 1840 1018 1914 igitur
1040 1851 1169 1897 ante
1192 1842 1429 1897 natalem
1456 1841 1671 1897 Domini
1699 1842 1815 1917 die-
1847 1833 1889 1889 Β

223 1934 330 1989 bus
363 1918 607 2003 Spirensi
638 1935 771 1989 urbe
788 1935 1096 2007 discedens,
1123 1949 1248 1989 cum
1278 1950 1449 1988 uxore
1472 1944 1527 1989 et
1554 1934 1665 1989 filio
1688 1949 1815 2004 par-

222 2026 356 2080 vulo
399 2026 501 2081 iter
545 2042 836 2099 aggressus
865 2034 969 2093 est,
1010 2042 1109 2080 nec
1143 2025 1435 2096 quisquam
1461 2042 1527 2081 ex
1558 2026 1814 2085 omnibus

226 2112 545 2175 Teutonicis
582 2118 667 2173 vir
718 2118 986 2191 ingenuus
1024 2118 1325 2193 comitatus.
1344 2126 1429 2173 est
1468 2133 1637 2189 regno
1656 2134 1817 2174 exce.

223 2209 466 2276 dentem,
515 2219 713 2280 praeter
761 2208 955 2276 unum,
998 2218 1053 2265 et
1097 2209 1277 2281 ipsum
1326 2225 1425 2266 nec
1478 2225 1675 2281 genere
1716 2226 1818 2269 nec

225 2300 426 2370 opibus
455 2301 838 2381 conspicuum.
892 2298 1143 2377 Cumque
1193 2301 1460 2372 impensis
1515 2310 1627 2356 tam
1667 2302 1817 2374 longi

226 2391 441 2453 itineris
464 2402 669 2463 egeret,
700 2392 997 2464 multisque
1026 2394 1355 2465 supplicaret
1386 2393 1586 2470 quibus
1605 2393 1818 2451 incolu-

228 2484 306 2542 mi
343 2485 422 2539 rei
449 2484 666 2555 publica
690 2500 1068 2555 saepenumero
1091 2484 1395 2556 profuerat,
1443 2485 1603 2557 pauci
1626 2486 1816 2543 admo-

225 2574 358 2630 dum
379 2584 557 2642 erant,
585 2575 677 2648 qui
723 2577 808 2632 vel
844 2585 1089 2632 veterum
1126 2576 1518 2633 beneficiorum
1550 2580 1816 2635 memoria

227 2668 315 2723 vel
349 2658 606 2737 praesenti
674 2667 1042 2747 humanarum
1094 2684 1279 2727 rerum
1325 2671 1639 2740 spectaculo
1692 2686 1818 2743 per-

227 2758 365 2813 moti
390 2759 772 2833 necessitatem
821 2760 941 2830 ejus
981 2759 1326 2834 aliquatenus
1368 2760 1687 2817 relevarent.
1736 2761 1816 2818 Eo

228 2850 579 2907 miseriarum
606 2858 661 2906 et
680 2851 1009 2906 calamitatis
1028 2867 1095 2908 ex
1123 2868 1337 2909 summa
1360 2851 1531 2927 gloria
1554 2854 1818 2913 summis-

227 2941 356 3013 que
392 2942 587 3014 opibus
637 2952 858 3012 repente
894 2952 1236 3013 pervenerat.
1296 2942 1558 3000 Similiter
1594 2960 1817 3018 quoque

232 3034 399 3089 ceteri
430 3035 894 3091 excommunicati
922 3035 1234 3091 obtinendae
1259 3036 1423 3091 citius
1452 3036 1816 3099 absolutionis

229 3125 415 3180 studio
468 3126 849 3181 ardentissime
903 3126 1005 3183 iter
1059 3125 1151 3159 ¹⁸⁹⁸
1209 3127 1585 3183 accelerabant
1620 3127 1676 3182 in
1705 3126 1815 3182 Ita-

228 3217 383 3284 liam,
416 3234 516 3273 nec
543 3227 723 3273 tamen
763 3219 818 3274 in
862 3220 1177 3274 societatem
1232 3219 1445 3275 itineris
1492 3234 1673 3290 regem
1719 3221 1818 3274 ad-

228 3294 469 3375 mittere,
535 3310 845 3381 principum
889 3312 975 3367 vel
1023 3312 1216 3381 pocius
1274 3310 1505 3395 Romani
1542 3312 1816 3381 pontificis

230 3411 381 3457 metu
409 3402 705 3469 absterriti,
729 3404 1097 3475 patiebantur.
1663 3460 1672 3474 ,

310 3492 402 3551 Vis
421 3503 587 3565 atque
622 3494 970 3550 inclementia
1005 3495 1201 3552 hiemis
1242 3496 1348 3551 hoc
1389 3511 1536 3553 anno
1567 3495 1703 3553 adeo
1723 3496 1816 3566 ju-

231 3586 317 3659 gis
341 3586 612 3657 solitoque
648 3588 897 3658 asperior
941 3588 1309 3654 inhorruerat,
1353 3598 1413 3643 ut
1455 3604 1486 3642 a
1533 3588 1828 3644 festivitate

233 3680 413 3747 sancti
452 3679 671 3737 Martini
704 3680 891 3737 Renus
920 3680 1144 3745 fluvius,
1177 3679 1389 3751 glaciali
1439 3680 1642 3752 frigore
1690 3696 1825 3736 con-

232 3770 482 3836 strictus,
504 3788 641 3843 pene
665 3788 837 3844 usque
865 3773 933 3828 ad
963 3771 1235 3827 Kalendas
1252 3770 1457 3842 Aprilis
1472 3773 1707 3843 pedestri
1729 3772 1823 3833 iti-

235 3864 354 3918 neri
390 3865 794 3922 transmeabilis
838 3873 1107 3929 maneret,
1160 3874 1215 3919 et
1268 3866 1543 3936 plerisque
1594 3865 1648 3919 in
1686 3866 1825 3923 locis

233 3958 441 4024 vineta,
470 3956 759 4015 exsiccatis
784 3956 983 4030 frigore
1010 3957 1310 4027 radicibus,
1355 3958 1580 4013 omnino
1607 3974 1823 4015 aresce-

235 4054 379 4102 rent.
589 4080 597 4089 ι
1784 4034 1789 4035 7

876 4139 1071 4197 MLXX
1081 4140 1189 4201 VII.

1459 311 1796 412 ansatus.
1824 388 1889 397 —
1908 356 2021 414 AN.
2058 359 2211 413 1077.

2526 418 2531 425 ι
3350 345 3486 399 iam

1908 471 2129 543 regibus
2165 469 2478 526 Teutonicis
2510 467 2833 525 tributarius
2874 464 3071 530 fuerat,
3105 460 3375 532 cujusque
3394 458 3487 493 η’·

1906 579 2134 635 regnum
2164 563 2279 632 jam
2324 563 2455 619 olim
2492 560 2919 618 Teutonicorum
2982 554 3073 587 ¹¹⁸⁹⁶
3115 554 3316 609 virtute
3356 552 3489 609 suba

1903 664 2088 711 actum
2111 663 2274 725 atque
2300 654 2358 708 in
2370 653 2706 729 provinciam
2731 651 3009 706 redactum
3044 646 3243 712 fuerat,
3269 651 3491 714 repente

1906 747 1963 818 in
1992 746 2302 818 superbiam
2336 746 2534 812 elatus,
2554 753 2843 816 propterea
2867 739 3014 813 quod
3047 737 3323 809 principes
3345 734 3500 809 Ten-5

1907 816 2122 895 ionicos
2150 837 2239 869 “"
2273 844 2521 893 cerneret
2564 833 2885 892 domesticis
2927 829 3290 888 seditionibus
3322 842 3491 884 occu-

1906 938 2087 1000 patos,
2114 910 2461 1003 nequaquam
2490 927 2558 989 ad
2580 925 2865 983 inferenda
2889 922 3097 979 exteris
3122 919 3215 953 ¹⁸⁹⁸
3236 919 3493 992 gentibus

1908 1004 2061 1076 arma
2102 1036 2319 1086 vacare,
2353 1018 2562 1089 regiam
2599 1017 2919 1090 dignitatem
2948 1014 3268 1087 regiumqne
3290 1025 3493 1066 nomen

1910 1112 2015 1168 sibi
2043 1111 2345 1187 usurpavit,
2366 1109 2617 1167 diadema
2647 1108 2739 1144 “"
2763 1107 3047 1179 imposuit,
3074 1113 3239 1179 atque
3265 1104 3384 1179 ipso
3404 1100 3493 1159 die

1911 1204 2115 1271 natalis,
2158 1201 2371 1263 Domini
2416 1217 2447 1259 a
2497 1200 2743 1271 15(154)
2776 1200 3049 1270 episcopis
3097 1199 3154 1253 in
3194 1210 3377 1268 regem
3406 1200 3496 1249 est

1911 1304 2285 1359 consecratus.
2324 1293 2457 1366 Quae
2481 1293 2635 1350 brevi
2655 1300 2779 1363 post
2800 1300 3080 1363 comperta
3110 1288 3383 1363 principes
3399 1285 3499 1317 “°"

1912 1387 2114 1457 quibus
2164 1387 2244 1444 rei
2298 1387 2531 1458 publicae
2576 1385 2815 1457 dignitas
2878 1399 3028 1439 cura:
3092 1380 3197 1437 fuit
3259 1377 3498 1459 graviter

1912 1480 2163 1546 afl‘ecere,
2196 1479 2409 1550 sibique
2447 1477 2679 1535 invicem
2719 1475 3132 1539 succensebant,
3157 1470 3326 1544 quod,
3362 1470 3501 1525 dum

1914 1570 2191 1641 intestinis
2212 1570 2266 1625 in
2295 1586 2355 1626 se
2378 1578 2543 1645 atque
2569 1570 2624 1623 in
2659 1583 2758 1627 sua
2807 1567 3022 1622 viscera
3072 1565 3212 1621 odiis
3242 1562 3498 1619 saevirent

1913 1672 1970 1718 et
2004 1662 2451 1735 digladiarentur,
2498 1660 2798 1735 potentiam
2845 1672 3086 1729 opesque
3131 1656 3496 1712 barbarorum

1916 1755 1973 1810 in
2009 1763 2220 1813 tantum
2268 1755 2555 1819 aluissent,
2594 1761 2653 1809 ut
2695 1752 2812 1822 jam
2843 1750 3012 1806 tercio
3051 1749 3161 1805 dux
3208 1744 3498 1802 Boemieus

1916 1863 2144 1918 regnum
2173 1846 2538 1904 Teutonicum
2567 1845 2657 1887 ¹ο⁰¹
2682 1842 2829 1899 ferro
2851 1851 2906 1898 et
2933 1842 3054 1915 igne
3079 1835 3498 1915 populabundus

1914 1946 2282 2010 peragrasset,
2311 1947 2366 1993 et
2381 1951 2528 1992 nunc
2553 1937 2665 1992 dux
2691 1934 3021 1991 Polenorum
3065 1932 3123 1988 in
3141 1928 3499 2003 ignominiam

1915 2030 2067 2101 regni
2090 2028 2377 2085 Teutonici
2405 2029 2494 2061 ¹⁹⁰¹
2528 2035 2719 2084 contra
2752 2026 2901 2096 leges
2945 2039 3011 2079 ac
3050 2022 3176 2094 jura
3224 2021 3497 2092 majorum

1915 2124 2125 2194 regium
2157 2137 2357 2179 nomen
2396 2119 2719 2191 regiumque
2742 2116 2992 2174 diadema
3038 2114 3326 2185 impudens
3368 2112 3498 2169 affe-

1914 2223 2137 2273 ctasset.
2226 2278 2227 2283 η

1912 2296 1917 2305 ’
1988 2307 2103 2363 Rex
2132 2304 2428 2361 Ileinricus
2483 2304 2537 2359 in
2568 2302 2781 2361 Italiam
2828 2300 3204 2372 proficiscens,
3238 2297 3383 2354 intra
3407 2297 3497 2328 ¹⁹⁰¹

1915 2398 2288 2471 Burgundiam
2318 2397 2374 2452 in
2413 2398 2536 2455 loco
2562 2397 2660 2467 qui
2686 2392 2888 2452 dieitur
2914 2392 3185 2448 Bisenznn
3213 2390 3306 2423 ¹⁹⁰³
3322 2390 3495 2461 (455).

1915 2491 2150 2546 natalem
2174 2489 2392 2550 Domini
2423 2487 2735 2554 celebravit,
2764 2484 2899 2543 satis
2944 2483 3230 2555 magnifice
3266 2497 3370 2563 pro
3398 2498 3502 2543 sua

1917 2591 2035 2638 tum
2066 2583 2156 2618 ίυοδ
2202 2582 2512 2637 calamitate
2559 2587 2847 2650 susceptus
2880 2585 2937 2633 et
2964 2577 3182 2635 habitus
3233 2575 3305 2631 ab
3327 2589 3527 2630 avun~.

1915 2676 2041 2733 culo
2072 2675 2264 2731 matris
2293 2689 2427 2742 suae,
2471 2672 2805 2729 Willihelmo
2850 2669 3072 2735 comite,
3122 2667 3283 2738 cujus
3310 2667 3366 2721 in
3390 2667 3502 2721 illis

1914 2765 2054 2822 locis
2081 2766 2437 2837 amplissimae
2477 2774 2535 2821 et
2583 2763 2986 2820 florentissima:
3030 2775 3166 2834 opes
3213 2768 3394 2815 erant.
3422 2756 3538 2813 Ea;

1912 2874 2082 2931 porro
2110 2874 2280 2914 causa
2307 2865 2448 2925 erat,
2472 2866 2535 2911 ut
2559 2856 2750 2913 relicto
2773 2862 2925 2910 recto
2956 2853 3150 2908 itinere
3177 2851 3232 2909 In
3259 2849 3508 2923 Burgnno

1914 2950 2061 3007 diam
2091 2951 2406 3015 diverteret,
2429 2949 2579 3020 quod
2611 2955 2763 3003 certo
2792 2953 3134 3015 compererat
3164 2944 3332 2998 duces
3361 2941 3511 3003 Rue.—

1910 3034 2148 3109 dolfum,
2198 3038 2349 3098 Welf
2365 3050 2423 3097 et
2474 3039 2829 3096 Berbtoldum
2869 3036 2964 3068 ¹⁹⁰⁸
3017 3050 3210 3090 omnes
3239 3034 3355 3089 vias
3385 3049 3517 3100 0mg

1917 3148 2127 3205 nesque
2162 3134 2345 3188 aditus
2372 3133 2467 3203 qui
2497 3133 2564 3187 ad
2586 3131 2795 3186 Italiam
2832 3130 3078 3193 mittunt,
3117 3141 3259 3196 quos
3282 3125 3521 3196 vulgato,

1908 3218 2142 3281 nomine
2170 3226 2353 3280 clusas
2386 3234 2607 3291 vocant,
2638 3220 2905 3293 appositis
2947 3219 3270 3275 custodibus
3305 3219 3507 3273 antici—

1918 3331 2104 3385 passe,
2132 3324 2193 3369 ut
2217 3315 2363 3369 nulla
2380 3315 2493 3370 illic
2512 3314 2561 3369 ei
2585 3312 2742 3385 copia
2762 3310 3080 3365 transeundi
3102 3309 3272 3364 fieret.
3303 3307 3509 3363 Exacta

1919 3408 2265 3464 solemnitate
2294 3406 2490 3463 natalis
2546 3404 2763 3461 Domini
2809 3400 3099 3472 profectus
3122 3400 3267 3466 inde,
3296 3415 3422 3454 cum
3452 3400 3509 3455 in

1918 3499 2103 3555 locum
2133 3500 2229 3571 qui
2256 3497 2409 3553 Cinis
2441 3496 2532 3529 m‘
2565 3496 2713 3567 (456)
2756 3493 2958 3549 dicitur
2997 3490 3259 3557 venisset,
3289 3490 3519 3557 obviam

1926 3590 2118 3652 habuit
2171 3605 2394 3646 socrum
2439 3604 2596 3645 suam
2650 3585 2799 3659 (457)
2844 3584 3126 3654 filiumque
3177 3582 3301 3653 ejus
3345 3581 3512 3647 Ame-

1925 3682 2087 3738 deum
2118 3683 2266 3753 (458)
2297 3681 2540 3745 nomine,
2587 3693 2827 3751 quorum
2883 3676 2938 3729 in
2968 3675 3074 3731 illis
3112 3673 3431 3749 regionibus
3455 3683 3514 3730 et

1926 3774 2228 3829 auctoritas
2300 3772 2611 3830 clarissima
2673 3779 2729 3825 et
2789 3766 3172 3839 possessiones
3234 3766 3516 3835 amplissip

1912 3867 2210 3943 'm2e(459)
2240 3874 2296 3921 et
2322 3880 2522 3924 nomen
2547 3862 2966 3919 celeberrimum
3017 3867 3166 3921 erat._
3189 3856 3269 3923 Hi,
3288 3857 3515 3921 venien—

1926 3942 2367 4018 tem'bonorifice
2409 3963 2816 4026 susceperunt;
2869 3951 3161 4016 transitum
3210 3960 3392 4006 tamen
3415 3964 3516 4019 per

1926 4052 2194 4108 terminos
2245 4065 2380 4106 suos
2439 4050 2576 4104 alias
2625 4047 2677 4104 ei
2724 4045 3022 4102 concedere
3070 4042 3352 4108 nolebant,
3403 4040 3514 4099 nisi

1927 4145 2172 4223 quinque
2193 4128 2358 4198 Italiae
2373 4142 2741 4212 episcopatus,
2770 4135 3211 4217 possessionibus
3237 4133 3355 4189 suis
3379 4148 3517 4187 conn

311 4230 430 4289 Dux
458 4232 789 4290 Polenorum
813 4216 983 4305 (455),
1010 4235 1103 4306 qui
1129 4249 1226 4305 per
1252 4234 1456 4290 multos
1503 4233 1617 4303 jam
1651 4247 1828 4290 annos
1852 4224 1913 4285 Ι)
1932 4214 2134 4305 tignos,
2163 4235 2246 4290 eis
2273 4232 2576 4289 redimendi
2603 4230 2694 4262 ¹⁹⁰⁷
2722 4214 2935 4284 itineris
2982 4225 3226 4297 precium
3254 4223 3510 4281 traderet.

313 4392 401 4430 ¹⁸⁹¹
430 4393 571 4448 inter
599 4395 653 4449 4.
730 4394 823 4427 ’⁸η
860 4410 910 4448 c.
940 4400 1095 4451 suam
1134 4397 1184 4449 1.

240 4461 334 4495 ¹³¹⁷
359 4462 734 4520 Thentonieos
760 4466 811 4519 5.
850 4465 901 4519 4.
982 4466 1077 4500 ⁸⁸⁸⁸
1103 4466 1301 4520 ceteris
1336 4464 1388 4518 5.

241 4532 338 4571 ⁸⁸⁸³
364 4532 635 4589 Bizensim
662 4536 713 4588 5.
798 4534 892 4566 ‘m
916 4546 1101 4592 tamen
1118 4537 1171 4591 4.
1254 4536 1346 4568 ⁸⁸⁸⁵
1362 4532 1716 4589 Βθηιιοιιιυιη
1738 4533 1785 4594 ιε
1808 4533 1861 4591 4-

221 4603 338 4685 f’"
370 4604 709 4661 redimendis
738 4605 792 4660 4.

1527 4323 1758 4378 νΑΒιίΕ
1802 4323 2203 4380 LECTIONES.
3304 4354 3307 4359 -

1266 4395 1358 4427 ¹⁸’³
1389 4394 1539 4464 inter
1552 4395 1623 4464 1.
1686 4393 1778 4464 ’Ψ
1802 4404 1850 4447 tu

1919 4409 1931 4447 ε
1971 4396 2025 4448 4.
2105 4394 2200 4464 ¹⁸Ῡ⁸
2244 4410 2352 4464 que
2389 4396 2553 4464 deest,
2577 4391 2630 4446 4.
2662 4387 3311 4464 _‘_'_'"__'l‘bent_onice_rum
3344 4384 3402 4464 74.

1477 4462 1571 4494 ¹⁸⁹⁹
1595 4463 1857 4518 deadema
1884 4464 1936 4518 5.
2018 4464 2112 4496 "'°
2150 4457 2491 4520 Teutonicos
2534 4463 2586 4516 I.
2659 4460 2749 4493 ¹⁹⁰¹
2791 4457 2968 4513 Tlieut
3007 4459 3060 4511 5.

3159 4456 3250 4488 ¹⁹⁰¹
3280 4455 3422 4512 inter
3456 4455 3513 4513 4.

2018 4464 2112 4496 ιόο
2150 4454 2491 4520 Teutonicos
2534 4463 2586 4516 l.
2659 4460 2749 4493 ¹’⁰¹
2791 4457 2968 4513 Tlieut
3007 4459 3060 4511 5.
3159 4456 3250 4488 ¹⁹⁰¹
3280 4455 3422 4512 inter
3456 4454 3513 4514 ~I.

1938 4534 2032 4566 ⁸⁹⁰⁶
2056 4535 2135 4594 ita
2151 4533 2199 4588 Κ
2208 4552 2365 4591 rauce
2393 4533 2624 4593 restituit
2648 4539 2699 4593 et
2722 4529 2877 4585 habet
2897 4527 3121 4593 5._Civis
3141 4526 3187 4581 I.
3208 4525 3362 4595 Cuus
3375 4527 3521 4593 4.5?
3550 4536 3556 4545 '

1764 4686 1997 4749 NOTAE.

348 4778 465 4845 £55)
487 4778 772 4834 Boleslaus
793 4776 860 4845 II,
889 4775 1144 4832 Casimiri
1169 4774 1333 4831 ﬁlius.

338 4846 464 4918 454)
488 4848 746 4904 Mendosa
770 4849 1062 4917 scriptura,
1105 4846 1505 4918 legendumque
1530 4862 1640 4918 pro
1674 4849 1832 4918 quin-

240 4915 410 5000 decim
425 4915 699 5000 tertiaque
712 4961 726 4980 ,
746 4928 803 5000 tu
812 4915 1006 4999 "Cit?!"
1014 4915 1171 4987 poris
1183 4915 1576 5000 enimnPolonia
1714 4920 1835 5000 plu-

242 5005 335 5045 res
379 4985 581 5043 babere
614 4985 799 5057 potuit
861 4985 1209 5057 episcopatus
1266 4985 1359 5057 (cf.
1418 4985 1569 5055 Pagi,
1638 4985 1825 5044 Critie.

240 5059 440 5114 Annal.
466 5056 689 5131 Baronii
710 5061 774 5114 ad
804 5060 857 5114 l:.
896 5056 956 5112 7a.
984 5076 1038 5113 n.
1067 5058 1182 5131 9.2),
1228 5056 1335 5131 nisi
1380 5057 1554 5131 magis
1597 5059 1830 5131 placeat,

243 5144 471 5200 prorsus
492 5129 660 5200 aliam
681 5131 956 5195 voculam,
986 5138 1046 5183 ut
1072 5128 1206 5193 suis,
1242 5125 1715 5184 substituere—KR

316 5199 462 5286 (ea
489 5199 798 5286 season-

852 5266 1011 5286 n,,,!s
1050 5283 1063 5285 _
1130 5267 1187 5286 η·
1235 5267 1368 5286 ⁸κ9---
1396 5265 1524 5286 --a!-
1566 5282 1581 5286 μ
1612 5284 1617 5285 ,
1678 5284 1681 5285 ν

2010 4779 2260 4857 (458)_Ita
2298 4795 2372 4857 ex_
2392 4778 2652 4857 opinione
2674 4778 3014 4857 Guichenoni
3038 4776 3094 4832 in
3120 4774 3261 4857 Illst.
3306 4780 3529 4857 geneal.

1936 4847 2395 4908 domus'Sabaud.
2423 4847 2655 4908 comites
2688 4851 2852 4921 bujus
2888 4859 3049 4921 terra:
3104 4847 3207 4921 sibi
3240 4856 3544 4905 suceesm

1936 4932 2068 4979 runt
2104 4922 2420 4980 :Amedcus
2473 4921 2527 4988 I;
2577 4922 2693 4979 Odo
2753 4917 2800 4977 ἑ.
2874 4918 3022 4984 Otto,
3094 4917 3239 4972 filius
3287 4925 3556 4988 quartus

1938 4991 2222 5049 Humberti
2257 4989 2308 5060 l;
2345 4980 2617 5063 Amedeus
2645 4991 2888 5063 Il,,filius
2927 4980 3173 5063 ejusdem
3193 4991 3249 5063 et
3272 4980 3570 5063 Allelhei;

1938 5065 2046 5130 dis,
2070 5063 2277 5121 ultima:
2296 5051 2715 5134 marcliioniSSaS
2726 5051 2794 5117 de
2815 5051 2985 5134 Susa';
3006 5059 3102 5114 sed
3115 5051 3585 5134 contradicat“e

1938 5128 2047 5191 alio
2074 5137 2344 5205 scriptore
2371 5130 2894 5205 SaintrMarc,apud
2925 5143 3088 5205 quem
3115 5128 3188 5180 ita
3213 5136 3274 5205 se
3293 5128 3585 5205 invicem

1940 5191 2262 5282 βιειιῆιιιιῖε
2304 5201 2647 5282 Medae}.
2671 5191 2815 5263 ﬁiiu's
2856 5191 3142 5278 ιξιθῖιίειμεξ
3185 5199 3317 5274 "at"
3365 5191 3594 5267 Huni;
