4050 5358
296 350 435 414 tam
1530 360 1879 419 ANNALES.
1908 390 1976 401 -
2004 361 2116 417 AN.
2146 362 2297 419 1077.
3394 314 3399 320 ’
3422 355 3563 419 1238

294 462 621 533 fautoribus,
670 474 726 521 et
767 466 1038 538 pracipue
1067 468 1302 535 clericis,
1351 470 1554 541 quibus
1598 469 1785 525 illicita
1819 478 1875 524 et
1903 471 1948 529 Α
1975 469 2289 541 integritate
2337 470 2764 542 reeonsignavit,
2812 469 2990 541 ipsum
3042 484 3173 525 vero
3224 468 3280 525 in
3334 469 3560 526 castello

293 565 485 617 contra
499 556 635 613 scita
658 574 934 614 canonum
955 568 1233 617 contracta
1250 562 1505 633 conjugia
1526 561 1868 632 prohibebat,
1975 560 2350 617 munitissimo
2377 578 2410 617 a
2438 562 2618 619 natale
2639 561 2857 621 Domini
2884 578 3060 633 usque
3102 560 3171 616 ad
3212 560 3558 623 festivitatem

293 647 440 717 quod
460 648 548 705 die
582 665 647 706 ac
676 658 834 706 nocte
869 651 1213 723 impudenter
1240 669 1379 724 papa
1406 654 1494 685 "3‘
1528 654 1581 708 in
1623 654 1744 724 ejus
1770 669 1871 709 voc
1971 652 2149 709 sancti
2194 652 2567 711 Bartholomei
2615 654 2849 725 apostoli
2900 656 3005 709 sub
3033 653 3281 726 diligenti
3307 653 3558 711 custodia

293 740 559 802 tutaretur
583 742 948 812 amplexibus,
971 754 1028 799 et
1054 744 1146 799 illa
1169 743 1384 799 fu.tivis
1413 761 1564 815 papae
1591 745 1874 801 amoribus
1974 744 2167 811 tenuit,
2198 760 2298 801 nec
2328 746 2456 802 ullis
2502 747 2811 803 amicorum
2839 745 2961 817 ejus
2994 746 3253 817 precibus
3302 754 3399 807 aut
3436 762 3560 802 mu-

292 841 692 903 prteoccupata,
722 843 848 903 post
873 835 1137 892 amissum
1170 836 1459 907 conjugem
1500 836 1640 892 ultra
1669 837 1757 868 ¹⁹³¹
1793 852 1877 894 se-
1972 837 2197 892 neribus
2227 846 2287 893 ut
2312 838 2613 895 dimitteret
2650 838 2829 895 evinci
2851 838 3048 909 potuit.
3091 838 3270 895 Ceteri
3316 838 3558 911 episcopi

291 922 502 978 cundas
557 926 886 981 contrahere
933 927 1153 997 nuptias
1207 927 1536 983 detrectaret
1593 928 1703 982 ³³³³.
1767 927 1874 984 Sed
1975 927 2123 999 (466)
2146 938 2200 985 et
2218 929 2365 996 laici,
2380 946 2522 1003 quos
2543 930 3285 1003 papaexcommunicaverat,
3308 944 3559 1002 quosque

290 1011 435 1082 apud
456 1027 649 1069 omnes
673 1014 765 1047 ’⁸³⁸
788 1032 981 1072 sanum
1005 1018 1210 1088 aliquid
1234 1019 1509 1088 sapientes
1532 1020 1651 1075 luce
1671 1019 1875 1076 clarius
1974 1034 2071 1075 rex
2101 1020 2268 1091 hujus
2298 1022 2377 1077 rei
2405 1021 2579 1093 gratia
2604 1038 2641 1077 ea
2665 1022 2835 1077 latere
2863 1037 3008 1086 suo,
3046 1030 3290 1077 extrema
3319 1019 3559 1091 necessi-

290 1104 602 1172 constabat,
637 1104 771 1161 falsa
800 1123 926 1164 esse
944 1126 1074 1179 qua:
1102 1110 1444 1166 dicebantur.
1473 1110 1609 1166 Nam
1651 1119 1706 1166 et
1735 1127 1874 1182 papa
1974 1118 2084 1166 tate
2130 1114 2473 1184 compulsus,
2516 1121 2819 1179 amoverat,
2874 1112 3045 1169 elusis
3086 1113 3410 1171 custodibus
3463 1112 3561 1185 qui

292 1201 406 1249 tam
429 1195 626 1251 eximie
649 1207 871 1269 tamque
893 1202 1195 1271 apostolice
1222 1203 1313 1235 ¹⁹³⁸
1336 1203 1503 1257 vitam
1534 1203 1874 1269 instituebat,
1974 1201 2158 1260 clusas
2204 1204 2551 1270 obsidebant,
2597 1203 2653 1259 in
2700 1202 2910 1260 Italiam
2963 1204 3116 1260 illaesi
3171 1211 3557 1276 pervenerunt.

292 1294 356 1341 ut
379 1302 480 1343 nec
520 1289 803 1346 minimam
833 1292 1045 1349 sinistri
1072 1294 1315 1350 rumoris
1340 1295 1614 1351 maculam
1641 1310 1874 1350 conver-
1974 1303 2302 1366 repertoque
2347 1312 2486 1367 papa
2531 1295 2588 1352 in
2629 1294 2895 1363 Canusio,
2944 1297 3158 1353 veniam
3214 1303 3563 1367 pnesumptze

288 1380 518 1436 sationis
561 1381 682 1452 ejus
717 1383 1030 1441 sublimitas
1074 1386 1404 1452 admitteret,
1452 1395 1508 1441 et
1536 1385 1626 1440 illa
1656 1386 1711 1441 in
1740 1387 1877 1442 urbe
1975 1387 2293 1444 rebellionis
2319 1398 2486 1459 atque
2525 1396 2587 1445 ut
2611 1388 3180 1458 excommunicatione
3203 1389 3558 1445 absolveren-

285 1472 638 1532 celebcrrima
668 1484 833 1545 atque
855 1476 908 1532 in
939 1485 1092 1533 tanta
1114 1478 1532 1548 obsequentium
1568 1477 1875 1548 frequentia
1974 1487 2085 1545 tur,
2117 1481 2280 1537 nudis
2306 1482 2538 1551 pedibus
2572 1489 2628 1536 et
2653 1480 2825 1536 laneis
2845 1480 2913 1535 ad
2935 1495 3156 1536 carnem
3184 1480 3358 1539 induti
3383 1478 3560 1553 (467),

286 1563 609 1620 obsccenum
648 1566 853 1637 aliquid
924 1577 1247 1640 perpetrans
1303 1568 1471 1624 latere
1526 1584 1874 1639 nequaquam
1975 1571 2293 1642 suppliciter
2335 1572 2706 1643 postulabant.
2754 1570 2848 1626 ille
2883 1570 2989 1636 bis,
3019 1572 3116 1643 qui
3142 1571 3411 1628 veraciter
3437 1584 3559 1641 pec-

285 1655 574 1724 potuisset.
603 1655 765 1728 Signa
788 1659 954 1715 etiam
975 1668 1030 1715 et
1049 1660 1318 1731 prodigia,
1340 1676 1463 1731 quae
1482 1660 1876 1730 perorationes
1973 1672 2160 1719 calum
2206 1680 2369 1719 suum
2417 1672 2784 1735 agnoscerent
2819 1671 2876 1718 et
2918 1661 3202 1730 deﬂerent,
3260 1678 3370 1719 non
3414 1677 3559 1728 esse.

281 1758 440 1815 papa:
468 1744 815 1817 frequentius
846 1749 1068 1823 ﬁebant,
1100 1760 1156 1806 et
1182 1752 1333 1807 zelus
1364 1750 1486 1821 ejus
1528 1749 1873 1808 ferventissi—
1975 1755 2154 1812 aiebat
2189 1754 2300 1822 ίθδδ,
2333 1754 2770 1812 misericordiam
2807 1754 3203 1826 denegandam,
3226 1755 3322 1812 sed
3343 1755 3560 1824 longam

278 1851 411 1897 nius
437 1852 537 1908 pro
559 1837 672 1893 Deo
700 1848 756 1895 et
785 1856 883 1911 pro
911 1842 1301 1899 ecclesiasticis
1328 1842 1561 1914 legibus,
1590 1842 1725 1900 satis
1743 1859 1870 1899 eum
1904 1828 1947 1884 Β
1973 1847 2401 1903 inobedientiam
2439 1856 2496 1904 et
2532 1847 2628 1903 diu
2681 1847 2949 1902 incretam
2999 1844 3213 1917 peccati,
3254 1844 3561 1917 rubiginem

283 1937 477 1984 contra
505 1940 805 1989 venenatas
850 1932 1225 1990 detractor-um
1277 1935 1495 2005 linguas
1537 1934 1686 2005 (465)
1715 1950 1872 1991 com-
1972 1939 2339 1995 diuturnioris
2368 1939 2705 2009 paenitentiae
2735 1939 2860 2010 igne
2883 1938 3041 1993 exuri
3065 1948 3121 1993 et
3139 1935 3374 2009 excoqui
3397 1951 3563 2006 oporo

204 2050 260 2117 χ
284 2020 624 2076 muniebant.
655 2021 826 2093 Igitur
854 2040 1012 2095 papa,
1039 2026 1171 2081 dum
1207 2026 1261 2080 in
1292 2026 1497 2082 Callias
1530 2034 1871 2096 properaret,
1972 2040 2117 2098 tere;
2176 2041 2540 2102 quapropter,
2594 2031 2643 2087 si
2684 2046 2782 2087 eos
2834 2046 3023 2085 revera
3073 2030 3200 2085 facti
3253 2029 3563 2100 pmnitcret,

198 2111 212 2121 ”
282 2126 352 2167 ex
382 2111 661 2182 insperato
691 2115 782 2146 ⁸³³⁸⁸
811 2117 1064 2182 audietIS.
1100 2134 1283 2189 regem
1309 2118 1424 2187 jam
1454 2133 1578 2174 esse
1606 2119 1749 2173 intra
1781 2117 1869 2150 ’³³⁷
1971 2137 2130 2193 aequo
2159 2123 2346 2179 animo
2372 2132 2711 2194 paterentur,
2737 2123 3126 2193 quodcumque
3156 2120 3420 2177 sanandis
3447 2132 3564 2174 vut-

284 2203 513 2272 ltaliam,
560 2206 814 2262 hortante
845 2208 1127 2276 Matbilda,
1178 2211 1233 2265 in
1263 2210 1550 2265 castellum
1595 2210 1873 2281 quoddam
1972 2213 2200 2270 neribus
2243 2229 2438 2270 eorum
2465 2214 2751 2270 adhiberet
2778 2213 3165 2269 ecclesiastica:
3201 2211 3565 2283 correptionis

281 2298 716 2354 munitissimum
767 2302 916 2371 quod
971 2302 1275 2359 Canusium
1333 2304 1425 2336 ’³³⁸
1472 2302 1622 2374 (464)
1671 2303 1873 2358 dicitur
1971 2305 2303 2373 cauterium,
2332 2322 2400 2360 ne
2430 2321 2499 2361 ex
2540 2305 2802 2362 facilitate
2842 2305 3193 2375 indulgentiae
3219 2303 3403 2374 culpa,
3441 2308 3565 2375 qua:

279 2388 517 2453 divertit,
546 2400 833 2460 expectare
860 2394 1051 2450 volens
1089 2394 1265 2451 donec
1284 2395 1580 2451 consilium
1605 2395 1872 2450 adventus
1972 2397 2238 2453 adversus
2291 2398 2478 2452 sedem
2533 2397 2897 2468 apostolicam
2953 2405 3115 2452 atrox
3160 2405 3216 2451 et
3266 2396 3564 2452 vehemens

280 2480 403 2551 ejus
429 2480 744 2552 diligentius
791 2486 1126 2555 exploraret,
1168 2497 1358 2542 utrum
1405 2486 1614 2542 scilicet
1654 2487 1871 2545 veniam
1972 2496 2305 2559 praesumpta
2338 2487 2557 2554 fuisset,
2591 2489 2678 2544 vel
2721 2503 2891 2559 parva
2939 2488 3025 2543 vel
3064 2488 3216 2544 nulla
3262 2477 3560 2544 videretur.

279 2573 510 2629 admissi
533 2574 834 2644 postulare,
876 2593 946 2632 an
989 2578 1246 2648 injuriam
1283 2579 1874 2636 excommunicationis
1972 2577 2085 2637 illis
2115 2589 2336 2650 paratos
2364 2597 2425 2637 se
2450 2580 2836 2651 proﬁtentibus
2865 2581 2933 2638 ad
2968 2581 3154 2637 omnia
3203 2595 3330 2653 qua:
3380 2579 3561 2648 inqui-

280 2678 398 2720 suze
432 2665 658 2721 militari
688 2682 855 2723 manu
885 2670 1144 2744 persequi
1178 2671 1373 2745 plenus
1400 2670 1734 2739 animorum,
1772 2671 1872 2727 ad-
1971 2672 2179 2727 suisset
2219 2672 2551 2738 suﬂerenda,
2579 2674 2874 2745 episcopos
2917 2688 3111 2728 omnes
3152 2689 3183 2727 a
3228 2688 3289 2729 se
3332 2671 3561 2728 invicem

279 2755 510 2811 veniret.
1971 2774 2256 2835 separatos
2277 2765 2535 2837 precepit
2560 2765 2793 2835 singulis
2820 2765 2974 2821 cellis
3013 2764 3297 2821 solitarius
3335 2762 3562 2826 includi.

353 2846 676 2906 Diedericus
698 2852 990 2924 episcOpus
1012 2853 1407 2921 Verdunensis,
1428 2854 1514 2909 vir
1535 2855 1873 2912 constantis.-
1971 2871 2075 2914 nec
2100 2857 2275 2913 ullum
2299 2873 2429 2917 cum
2457 2858 2643 2927 aliquo
2666 2858 2867 2914 habere
2890 2857 3252 2927 colloquium,
3278 2855 3346 2912 ad
3370 2870 3563 2929 vespe-

281 2940 438 2998 sima:
460 2958 589 3014 erga
619 2959 803 3014 regem
827 2945 975 3014 ﬁdei,
996 2946 1129 3002 dum
1171 2961 1353 3017 regem
1384 2946 1438 2999 in
1466 2945 1675 3001 italiam
1702 2947 1872 3017 proti-
1958 2963 2090 3007 ,ram
2128 2957 2312 3004 autem
2352 2949 2462 3005 cibi
2497 2958 2553 3003 et
2594 2959 2759 3021 potus
2792 2949 3057 3005 mediocri
3088 2962 3347 3004 mensura
3380 2946 3561 3007 relici;

280 3032 583 3089 ciscentcm
626 3036 792 3105 paulo
820 3045 948 3107 post
982 3038 1201 3108 insequi
1242 3037 1425 3104 vellet,
1463 3047 1657 3108 captus
1689 3048 1774 3095 est
1804 3040 1875 3095 ab
1970 3038 2128 3097 laicis
2156 3055 2377 3113 quoque
2420 3056 2522 3111 pro
2561 3040 2740 3097 aetatis
2774 3048 2830 3096 et
2862 3039 2952 3075 ηδ’
3000 3041 3197 3095 virium
3242 3039 3565 3099 considera-

282 3123 576 3182 Adalberto
613 3128 704 3160 η’*
733 3128 936 3205 comite
979 3129 1047 3185 de
1092 3130 1319 3185 castello
1361 3130 1509 3199 quod
1548 3130 1750 3189 dicitur
1782 3131 1871 3163 “5°
1902 3191 1938 3205 Π
1974 3130 2123 3186 tione
2181 3140 2580 3202 congruentem
2636 3132 2871 3202 singulis
2916 3132 3293 3205 paenitentiam
3343 3130 3561 3187 indixit.

282 3215 501 3273 Calewo
526 3219 697 3291 (465),
728 3229 784 3276 et
807 3202 1077 3291 spoliatus
1099 3191 1541 3292 omnibus-quas
1578 3222 1870 3280 studiosis-
1899 3191 1940 3248 C
1974 3219 2054 3275 lta
2088 3236 2185 3291 per
2225 3191 2438 3293 aliquot
2461 3224 2580 3280 dies
2604 3191 2951 3280 examinatus
2977 3224 3195 3279 tandem
3226 3223 3296 3279 ad
3319 3238 3381 3279 se
3402 3236 3564 3278 voca.

281 3309 422 3366 sime
468 3322 821 3381 convexerat,
867 3323 981 3369 tam
1018 3314 1166 3385 longi
1209 3313 1424 3369 itineris
1488 3313 1773 3384 impensis.
1823 3316 1871 3368 A
1975 3312 2074 3379 vit,
2111 3321 2169 3367 et
2190 3314 2385 3370 leniter
2410 3331 2511 3385 pro
2534 3316 2795 3372 admissis
2819 3315 3162 3386 objurgatos,
3206 3326 3264 3372 et
3301 3329 3370 3373 nc
3407 3316 3566 3373 dein-
3666 3354 3676 3362 ς

280 3416 394 3471 quo
437 3402 531 3457 diu
566 3404 784 3460 habitus
828 3406 885 3469 in
914 3405 1188 3470 custodia,
1236 3405 1457 3463 tandem
1499 3406 1647 3472 dato.
1694 3406 1873 3476 quod-
1976 3418 2106 3474 ceps
2135 3404 2316 3463 simile
2356 3407 2491 3477 quid
2541 3407 2893 3463 admitterent
2937 3407 3304 3463 commonitos
3331 3405 3565 3475 "“,ex-

280 3507 518 3565 eumque
543 3497 881 3566 exigebatur,
908 3496 1298 3567 redemptionis
1319 3513 1433 3555 suae
1454 3497 1656 3567 precio,
1685 3497 1871 3557 addito
1976 3497 2478 3554 communicatione
2526 3498 2784 3563 absolvit,
2831 3497 3274 3568 abeuntibusque
3327 3496 3380 3553 id
3435 3507 3565 3554 ante

281 3584 449 3641 etiam
488 3586 875 3658 jurejurando,
925 3590 1074 3660 quod
1120 3589 1337 3659 injuria:
1382 3588 1549 3659 hujus
1579 3604 1681 3644 nec
1711 3588 1873 3659 spiri-
1977 3587 2163 3643 omnia
2210 3599 2464 3660 repetens
2505 3591 2705 3647 iterum
2745 3590 3055 3661 iterumque
3080 3590 3168 3624 ³⁸⁸⁷
3194 3589 3564 3667 prmeepit.‘ne

281 3677 486 3733 tualem
516 3695 617 3741 nec
643 3680 986 3750 corporalem
1026 3680 1324 3741 vindictam
1374 3680 1667 3749 aliquando
1706 3695 1871 3749 expe-
1976 3678 2091 3749 regi
2118 3679 2209 3712 ¹⁹³⁸
2239 3680 2518 3749 lleinrico,
2563 3684 2740 3743 donec
2778 3681 2896 3738 sedi
2948 3682 3040 3715 ⁸³⁸³
3080 3679 3397 3752 apostolica:
3441 3688 3587 3750 post.

282 3774 442 3836 teret,
499 3769 638 3825 liber
692 3772 845 3828 abire
903 3772 1166 3837 dimissus
1217 3780 1322 3827 est.
1381 3770 1716 3826 Buotbertus
1780 3770 1868 3801 ³⁸⁵⁸
1972 3768 2173 3827 factam
2205 3772 2461 3845 injuriam
2501 3774 2885 3841 satisfecisset,
2914 3773 3264 3844 aliquatenus
3310 3786 3561 3829 comnmv

282 3877 502 3933 quoque
529 3862 1000 3936 Babenbergensis
1024 3865 1339 3936 episcopus,
1383 3863 1515 3919 dum
1563 3862 1618 3917 in
1659 3861 1869 3917 Italiam
1974 3861 2245 3930 nicarent,
2275 3874 2371 3921 aut
2411 3866 2460 3921 ei
2495 3867 2561 3922 ad
2589 3866 2951 3923 evertendum
2987 3874 3190 3926 statum
3226 3863 3306 3923 rei
3331 3862 3563 3936 publica:

280 3968 514 4025 pergens
549 3970 645 4028 per
685 3955 994 4027 Bajoariam
1043 3956 1148 4012 iter
1190 3964 1397 4027 ageret,
1436 3963 1630 4024 captus
1671 3962 1758 4011 est
1799 3955 1870 4013 ab
1975 3954 2413 4027 turbandamque
2435 3973 2626 4029 pacem
2651 3957 3086 4015 ecclesiasticam
3129 3957 3186 4011 in
3216 3956 3403 4029 aliquo
3428 3969 3561 4027 ope-

282 4042 432 4101 Welf
457 4044 546 4076 ‘m
580 4045 719 4105 duce
747 4046 1162 4117 Bajoariorum;
1192 4048 1311 4118 qui,
1355 4045 1587 4101 sublatis
1611 4045 1869 4107 omnibus
1974 4064 2093 4102 ram
2121 4042 2279 4107 suam
2305 4050 2815 4117 accommodarent;
2842 4049 3045 4107 adhoc
3080 4058 3262 4105 tamen
3301 4047 3560 4128 omnibus

280 4150 405 4214 quae
446 4136 595 4195 illius
640 4137 859 4194 fuerant
897 4139 1214 4210 peculiaria,
1238 4147 1422 4195 vestes
1445 4137 1786 4208 pontiﬁcales
1813 4145 1870 4193 et
1967 4138 2339 4205 indill‘erenter
2364 4142 2485 4213 ejus
2529 4141 2805 4214 permisso
2847 4140 3148 4212 colloquio,
3194 4148 3257 4195 ut
3283 4139 3355 4195 ad
3381 4138 3560 4212 pani-

278 4235 522 4283 ceterum
542 4230 972 4286 ecclesiasticum
1001 4239 1283 4297 ornatum,
1308 4245 1472 4301 quem
1503 4228 1556 4291 in
1586 4228 1866 4291 thesauris
1968 4232 2197 4288 tentiam
2237 4242 2630 4304 provocaretur
2653 4242 2710 4288 et
2745 4248 2778 4287 a
2811 4248 2980 4289 cursu
3030 4231 3160 4286 mali
3204 4230 3411 4301 operis,
3446 4245 3558 4300 quo

236 4372 247 4379 .
278 4315 401 4391 ejus
423 4320 663 4390 repperit
686 4321 797 4387 ηδ’,
820 4320 1065 4378 ecclesia:
1085 4319 1528 4390 Babenbergensi
1554 4334 1682 4373 cum
1712 4318 1865 4381 omni
1967 4338 2210 4395 praeceps
2244 4325 2359 4396 rapi
2386 4325 2694 4390 videbatur,
2731 4324 3125 4379 retraheretur.

1576 4427 1662 4483 VA
1675 4427 1812 4482 BHE
1864 4430 2267 4490 LECTIONES.

353 4521 445 4598 f’f‘
471 4536 665 4598 papam
693 4523 748 4598 ᾧ.
823 4521 916 4598 ξξξξ
937 4524 1084 4598 {least
1107 4524 1160 4598 ξί.
1246 4520 1719 4598 fﬁ‘ndetractaret
1740 4518 1794 4572 5.
1851 4522 2011 4598 __f”_‘
2034 4539 2119 4598 _os_
2145 4524 2375 4598 deletum
2420 4528 2472 4581 '5.
2498 4597 2502 4598 ν
2591 4528 2682 4560 ’⁸³⁵
2717 4528 2858 4581 deest
2881 4528 2916 4581 5
2936 4527 2989 4580 4.
3018 4527 3131 4596 (ubi
3158 4526 3473 4598 tanquam),
3498 4527 3559 4590 5.,

282 4590 374 4667 ξξῗξ
400 4589 667 4667 inspirata
688 4593 741 4647 4.
775 4593 908 4667 ηξῗπ
936 4593 1163 4667 in_t_er_4._
1244 4589 1741 4667 ‘°ff_(_laniis_ium_4.
1850 4589 1940 4625 ¹⁹³⁹
1968 4592 2327 4667 Αάειψρτοίι.
2448 4597 2538 4630 ’Μ
2563 4598 2706 4653 deest
2746 4599 2798 4652 4.
2832 4598 2885 4652 5.
2915 4589 3059 4667 quod
3087 4589 3332 4657 Cale-nuo
3358 4589 3561 4662 dic.',5._

282 4660 383 4734 '_’“_
417 4657 574 4734 ita—75.
607 4663 659 4734 4.
773 4662 864 4694 ¹⁹⁸²
891 4680 920 4717 a
953 4661 1121 4718 Welll‘
1136 4663 1189 4716 4.
1250 4732 1262 4734 _
1301 4661 1496 4734 "fita
1530 4659 1627 4712 hoc
1644 4657 2020 4734 ἰοςρλοηξῃᾳδξ
2074 4664 2180 4734 ν¹⁹³⁵
2219 4666 2295 4721 ait
2330 4669 2382 4722 4.
2496 4668 2585 4700 ³³³⁵
2611 4669 2692 4724 vel
2726 4669 2773 4722 l.
2820 4668 2890 4722 5?
2934 4657 2949 4667 ’
2996 4666 3085 4702 ‘9“
3119 4658 3557 4734 communicatos

234 4752 242 4759 ’
278 4731 331 4786 3.
358 4732 410 4785 4.
489 4733 577 4765 ⁸³³⁷
605 4733 802 4789 iterum
824 4742 987 4804 atque
1009 4734 1208 4788 iterum
1238 4732 1289 4786 4.
1372 4731 1463 4762 ¹⁹δ⁸
1491 4745 1616 4801 rege
1641 4728 1687 4782 l.
1714 4728 1783 4782 5?
1858 4730 1949 4764 ‘m
1980 4733 2086 4788 sibi
2121 4734 2168 4789 Ι.
2196 4734 2249 4790 5.
2277 4738 2329 4792 4.
2368 4738 2421 4793 5.

1835 4820 2068 4883 ΝΟΤᾹί.

352 4910 502 4985 (463)
528 4910 691 4985 Casp.
732 4912 1163 4985 Barthius‘hunc
1205 4913 1384 4985 locum
1413 4922 1698 4983 comparat
1735 4929 1861 4973 cum
1893 4925 1941 4985 ο
1968 4920 2020 4975 in
2064 4920 2127 4977 G.
2177 4920 2309 4975 Chr.
2357 4919 2547 4976 Crollii
2584 4920 2814 4981 Zweiter
2852 4918 3117 4974 Fortsetz.
3172 4919 3271 4971 der
3321 4917 3538 4974 erlaeut

277 4979 517 5060 Britonis
536 4979 767 5052 Philipp.
780 4983 1070 5060 lli,v.2§8,
1090 4999 1176 5053 sq.
1207 4982 1391 5053 :queis
1413 4979 1862 5060 quumnequeant
1893 4979 1930 4985 ”
1969 4991 2138 5046 Reihe
2162 4991 2261 5046 der
2285 4990 2518 5060 Pfalzgr.
2550 5008 2616 5046 zu
2659 4992 2881 5047 Aacben
2916 5005 2973 5060 μ.
3012 4989 3097 5046 bei
3129 4986 3307 5060 lihein
3340 5003 3399 5060 p.
3432 4989 3564 5060 240,

278 5003 517 5035 nt'twuls
536 5003 1070 5052 rntupp.lll,v.zoo,
1090 5003 1176 5053 sq.
1207 5003 1220 5037 :
1245 5003 1391 5053 quem
1413 5003 1576 5057 quum
1603 5003 1862 5057 nequeant
1969 5003 2138 5046 neme
2162 5003 2261 5046 (ter
2285 5003 2518 5060 Pt’atzgr.
2550 5008 2616 5046 zu
2659 5003 2881 5047 Aactien
2919 5005 2973 5042 u.
3014 5003 3097 5046 Del
3132 5003 3307 5041 unem
3432 5003 3564 5047 ιω.

276 5051 767 5138 probitate'nocere,
797 5052 1128 5138 Ggrrulitat'e
1166 5052 1862 5138 nocent-spliiantingquue
1964 5063 2115 5138 coll,
2144 5078 2197 5138 pL.
2233 5061 2354 5131 184,
2385 5076 2507 5138 sqq.
2551 5062 2636 5118 Cf.
2684 5062 2871 5118 Suelin
2912 5058 3052 5114 llist.
3096 5058 3333 5112 Wirtem
3381 5057 3485 5125 .,l,
3512 5074 3568 5130 p.

275 5136 489 5175 veneno.
541 5120 620 5175 ita
649 5123 811 5195 etiam
840 5121 1242 5195 IloratmEpiist
1286 5121 1447 5195 It”)
1491 5123 1580 5188 53-,
1610 5120 1857 5183 ηῖοτείηη
1967 5120 2115 5195 567‘.
2144 5120 2183 5138 ..ι
2324 5120 2354 5131 ..
2430 5120 2489 5141 .-.
3271 5191 3282 5195 μ
3407 5120 3415 5124 -
3460 5168 3467 5173 Ἀ

218 5253 225 5259 .
274 5206 590 5274 υεηίξηοδζιζη
615 5191 1148 5274 calumniamﬁiciti
1178 5193 1299 5247 Νοη
1338 5192 1550 5272 istic:-
1575 5211 1690 5249 mea
1714 5212 1859 5274 ιίρῃεα
1994 5192 1999 5197 ’
2035 5191 2183 5273 (466)
2222 5200 2279 5256 1η
2313 5202 2400 5258 lns
2435 5199 2605 5258 etiam
2636 5202 2825 5259 Benno
2870 5191 3321 5270 Osnabrugensis
3351 5195 3573 5266 episco-
