4050 5358
495 258 636 351 isse

1652 294 2004 353 LAMBERTI
2043 295 2610 356 IIERSFELDENSIS

3629 293 3778 349 1240

566 407 778 463 interea
821 421 918 461 rex
962 405 1252 465 Heinricus
1301 407 1618 466 Mathildam
1646 409 1986 467 comitissam
2015 410 2083 466 ad
2110 411 2159 468 Α
2185 409 2485 465 nimis’hdc
2518 410 2700 466 visum
2749 416 2835 466 est
2885 405 3097 483 legatis.
3129 405 3384 483 Cumque
3414 406 3795 466 vehementer"

496 497 834 571 colloquium
877 502 1143 567 evocavit,
1185 518 1419 573 eamque
1445 502 1703 575 precibus
1735 518 1802 559 ac
1844 502 2083 574 promis-

499 591 755 659 sionibus
778 599 1058 647 oneratam
1102 593 1169 647 ad
1195 610 1410 664 papam.
1432 595 1759 662 transmisit,
1792 604 1848 651 et
1869 610 1997 651 cum
2016 610 2083 650 ea

500 697 724 739 socrum
767 698 924 738 suam
964 685 1247 755 tiiiumque
1282 687 1424 758 ejus,
1454 687 1730 745 Azzonem
1749 690 1913 746 etiam
1936 704 2086 744 mar—

500 774 757 843 cbionem
799 773 946 846 (468)
1003 784 1058 832 et
1092 777 1343 835 abbatem
1382 777 1795 837 Cloniacenscm
1849 780 1998 852 (469)
2033 788 2089 836 et

500 865 639 921 alios
670 866 969 922 nonnullos
988 884 1055 924 ex
1079 869 1273 938 primis
1298 869 1464 925 italiae
1478 871 1836 942 principibus,
1850 887 2089 943 quorum

503 950 886 1015 auctoritatem
928 961 1112 1031 magni
1159 963 1304 1031 apud
1343 978 1472 1017 eum
1518 964 1781 1019 momenti
1815 979 1940 1020 esse
1976 979 2089 1019 non

503 1047 846 1119 ambigebat;
879 1050 1181 1107 obsecrans
1220 1061 1281 1107 ut
1317 1054 1885 1111 cxcommunicatione
1905 1055 2091 1111 absol—

504 1148 746 1207 veretur,
778 1157 893 1210 nec,
921 1142 1262 1213 principibus
1292 1142 1611 1201 Teutonicis
1643 1146 1734 1178 ⁸³⁸⁸³
1769 1147 1865 1219 qui
1904 1146 1973 1205 ad
2000 1161 2094 1200 ac-

505 1232 814 1288 cusandum
839 1249 968 1289 eum
1012 1236 1238 1291 stimulo
1282 1236 1499 1292 invidias
1541 1238 1717 1309 magis
1760 1254 1930 1309 quam
1978 1238 2097 1294 zelo

506 1321 741 1393 justicite
756 1326 1115 1393 exarsissent,
1132 1336 1335 1383 temere
1348 1327 1483 1383 fides
1505 1329 1819 1397 haberetur,
1848 1328 2097 1397 Quorum

508 1430 646 1485 papa
676 1416 945 1488 legatione
974 1420 1180 1485 audita,
1204 1419 1301 1486 ait,
1332 1420 1694 1492 incongruum
1718 1422 1875 1479 valde
1895 1436 2018 1477 esse
2044 1427 2100 1476 et

507 1506 579 1561 ab
598 1507 991 1575 ecclesiasticis
1023 1511 1235 1583 legibus
1266 1512 1493 1568 omnino
1518 1512 1780 1579 alienum,
1806 1520 1869 1569 ut
1894 1513 2098 1571 absen-

509 1596 659 1655 tibus
707 1603 1130 1658 accusatoribus
1186 1619 1355 1659 causa
1403 1604 1650 1661 accusati
1706 1605 2101 1669 ventilaretur;

511 1690 648 1759 quin
677 1690 869 1761 immo,
895 1694 944 1750 si
968 1693 1295 1752 innocentiae
1341 1711 1454 1752 suae
1492 1696 1812 1763 confideret,
1853 1694 2001 1750 omni
2033 1694 2101 1749 ti-

513 1781 693 1838 moris
721 1786 981 1856 scrupulo
1021 1787 1305 1853 liberatus,
1335 1795 1542 1843 statuto
1567 1788 1656 1844 die
1685 1788 1740 1843 in
1770 1788 2099 1859 Augustam,
2130 1765 2175 1822 Β

514 1888 631 1942 quo
665 1877 834 1931 ceteri
862 1878 1138 1950 principes
1164 1880 1455 1935 convenire
1498 1880 1843 1944 statuissent,
1871 1877 2101 1935 fiducia-

515 1963 645 2021 liter
672 1978 1018 2036 occurreret;
1048 1986 1108 2026 se
1137 1971 1267 2037 illic,
1300 1971 1571 2027 discussis
1600 1980 1957 2041 utrarumque
1979 1984 2106 2040 par-

516 2055 658 2111 tium
687 2058 1128 2130 allegationibus,
1156 2079 1259 2119 nec
1282 2064 1411 2120 odio
1439 2079 1541 2119 nec
1583 2064 1758 2135 gratia
1795 2064 1864 2118 ab
1887 2063 2012 2134 jure
2037 2059 2107 2116 ad

518 2148 783 2218 injuriam
821 2152 1242 2223 devolvendum,
1272 2156 1368 2212 sed
1414 2156 1504 2193 ³³⁵⁸
1541 2155 1704 2227 juxta
1752 2157 1900 2225 leges
1933 2154 2110 2211 eccles-

519 2239 781 2299 siasticas'
808 2260 976 2314 quam
1011 2248 1379 2303 rectissimam
1408 2248 1586 2318 possit
1613 2248 1681 2303 de
1724 2245 1955 2318 singulis
1985 2260 2112 2300 sem

519 2328 752 2390 tentiam
799 2336 1041 2394 laturum
1093 2354 1238 2395 esse.
1284 2339 1368 2395 Ad
1415 2340 1534 2397 haee
1586 2340 1664 2395 illi
1711 2339 2117 2410 responderunt

521 2440 711 2497 regem
745 2428 893 2485 illius
915 2445 1190 2501 nusquam
1226 2440 1505 2503 terrarum
1545 2430 1926 2503 subterfugere
1964 2430 2115 2502 judi—

523 2517 698 2584 cium,
723 2536 887 2590 quem
914 2523 1053 2578 sciat
1109 2523 1386 2594 atquitatis
1416 2532 1472 2579 et
1506 2523 1829 2579 innocentiae
1869 2524 2119 2578 incorru-

524 2609 842 2680 ptissimum
864 2613 1135 2670 vindicem
1158 2624 1214 2670 et
1240 2615 1567 2672 advocatum
1602 2614 1739 2682 fore,
1755 2615 1849 2671 sed
1873 2630 1906 2671 e
1937 2612 2121 2669 vicino

523 2698 643 2772 jam
665 2718 862 2776 urgere
884 2706 1029 2762 diem
1058 2708 1515 2773 anniversarium,
1546 2722 1658 2778 quo
1676 2706 2123 2763 excommunica-

529 2800 625 2849 tus
654 2792 871 2865 fuisset,
893 2807 949 2853 et
973 2798 1251 2869 principes
1272 2799 1428 2870 regni
1456 2799 1561 2854 hac
1588 2798 1966 2869 expectatione
1995 2813 2123 2853 sus-

530 2897 736 2962 pensos
780 2898 1126 2961 attentosque
1169 2890 1332 2945 anxie
1372 2890 1453 2945 rei
1494 2900 1749 2945 eventum
1795 2889 2126 2961 praestolari,

532 2985 619 3043 ut,
667 2979 716 3033 si
757 2990 885 3036 ante
912 2981 1055 3037 hanc
1084 2982 1175 3015 ἠ’
1219 2980 1367 3037 diem
1407 2982 1976 3038 excommunicatione
2017 2996 2129 3037 non

2183 500 2502 561 insisterent
2526 512 2603 557 tut
2637 503 2965 561 sententiam
2992 512 3340 575 temperaret,
3372 517 3479 559 nec
3497 501 3780 558 calamum

2185 602 2619 663 conquassatum
2654 592 2793 665 (Ira.
2828 610 2977 661 ιιιηι
3009 596 3065 666 ὃ)
3095 595 3290 666 judioii
3320 595 3646 650 austeritate
3677 607 3783 662 pec

2186 684 2335 739 nitus
2358 693 2669 745 contereret
2711 684 2881 758 (470),
2908 686 2999 741 via
3029 695 3253 758 etvaegre
3275 685 3493 741 tandem
3513 692 3785 740 exoratus

2187 776 2400 843 annuit,
2444 785 2507 831 ut
2547 778 2871 833 comminus
2901 779 3131 845 veniret,
3163 787 3219 833 et
3246 779 3296 834 si
3322 790 3513 833 veram
3542 792 3649 847 pro
3679 774 3789 829 ad-

2189 869 2375 925 missis
2416 869 2811 939 prenitudinem
2860 880 3092 941 gereret,
3146 871 3385 942 culpam,
3428 884 3601 940 quam
3664 866 3791 923 sedi

2190 961 2509 1031 apostolica:
2556 962 2945 1017 contumeliam
3013 962 3308 1033 irrogando
3376 962 3791 1025 contraxerat,

2192 1052 2338 1108 sedis
2398 1054 2712 1123 apostolicae
2764 1054 3019 1110 decretis
3058 1066 3269 1109 .nune'
3316 1044 3628 1108 obediende
3692 1047 3798 1083 ³⁵⁸

2192 1145 2436 1214 expiaret
2456 1144 2639 1216 (47l).-
2662 1144 2836 1200 -‘Venit
2877 1146 2971 1201 ilic
3006 1145 3259 1218 (Ianuar.
3296 1146 3530 1218 25pm
3564 1145 3795 1215 jussum

2194 1235 2393 1303 fuerat,
2424 1246 2479 1292 et
2511 1252 2639 1293 cum
2666 1239 2950 1294 castellum
2986 1238 3129 1293 illud
3153 1238 3353 1309 triplici
3389 1250 3552 1291 muro
3572 1246 3800 1306 septum

2194 1338 2341 1384 esset
2364 1328 2535 1399 (4'22),
2563 1329 2706 1385 intra
2738 1330 2828 1373 ωδε
2851 1330 3151 1385 secundum
3192 1342 3479 1384 murorum
3500 1329 3801 1385 ambitum

2197 1429 2469 1490 receptus,
2510 1419 2644 1475 foris
2669 1422 2932 1477 derelicto
2968 1422 3117 1476 omni
3147 1422 3413 1477 comitatu?
3441 1436 3571 1486 suo,
3620 1422 3801 1491 depo-

2199 1512 2309 1568 sito
2329 1514 2480 1571 cultu
2512 1513 2685 1583 regio,
2704 1514 2843 1568 nihil
2871 1512 3168 1584 praeferens
3186 1514 3423 1585 regium;
3445 1512 3587 1567 nihil
3615 1520 3808 1567 osten-

2202 1613 2324 1661 tans
2359 1606 2749 1676 pompatieum,
2802 1607 2967 1661 nudis
3002 1606 3245 1677 pedibus
3274 1590 3500 1676 jejunus
3550 1621 3584 1664 a
3637 1618 3810 1660 mane

2201 1714 2389 1769 usque.
2438 1698 2506 1753 ad
2548 1714 2829 1768 vesperam
2872 1699 3189 1769 perstabat,
3239 1698 3473 1754 Romani
3520 1697 3812 1770 pontiﬁcis

2202 1790 2528 1847 sententiam
2567 1791 2958 1861 praestolandm
3006 1790 3123 1847 Hoc
3158 1792 3402 1847 secundo
3424 1833 3440 1858 ,
3481 1793 3594 1848 hoc
3635 1791 3814 1847 tercio

2201 1882 2288 1938 die
2309 1881 2437 1939 fecit
2458 1881 2697 1953 (εδ-ΞΒ).
2744 1881 2952 1950 Quarto
2985 1882 3205 1937 demum
3234 1884 3322 1938 die
3348 1883 3403 1944 in
3432 1894 3811 1955 conspectum

2203 1974 2325 2045 ejus
2347 1973 2645 2041 admissus,
2682 1983 2811 2044 post
2836 1975 3041 2029 multas
3060 1974 3190 2030 hinc
3221 1972 3347 2030 inde
3372 1975 3556 2031 dictas
3578 1986 3818 2031 senten—

2205 2067 2343 2134 tias,’
2368 2065 2455 2122 bis
2488 2074 2766 2136 postremo
2797 2066 3203 2121 conditionibus
3231 2052 3821 2123 excommunicatione

2207 2159 2493 2215 absolutus
2529 2166 2616 2214 est
2647 2157 2923 2229 (475).:ut
2973 2158 3061 2214 die
3102 2168 3159 2215 et
3208 2160 3350 2225 loco,
3398 2173 3822 2235 quemcumque

2208 2266 2348 2322 papa
2375 2250 2717 2321 designasset
2738 2249 2853 2317 ‘m,
2876 2250 3118 2306 evocatis
3143 2251 3208 2306 ad
3235 2251 3489 2328 generale
3512 2250 3823 2306 concilium

2213 2341 2529 2398 Teutonicis
2549 2340 2885 2412 principibus
2900 2350 3100 2412 praesto
3117 2351 3280 2407 esset,
3294 2351 3353 2397 et
3365 2341 3827 2398 accusationibus

2215 2449 2340 2505 quae
2358 2432 2771 2489 intenderentur
2792 2433 3166 2502 responderet,
3200 2431 3320 2503 ipso
3348 2446 3509 2503 papa,
3542 2432 3603 2488 si
3624 2431 3706 2486 ita
3731 2447 3830 2486 ex-

2216 2525 2402 2597 pedire
2439 2525 2735 2591 videretur,
2771 2523 3054 2594 cognitore
3096 2525 3388 2580 causarum
3426 2522 3739 2587 assidente,
3774 2532 3832 2577 et

2207 2618 2291 2673 'ad
2312 2616 2433 2686 ejus
2459 2616 2787 2672 sententiam
2817 2616 2901 2671 vel
2934 2614 3193 2670 retineret
3226 2630 3479 2687 regnum,
3522 2614 3574 2669 si
3606 2613 3833 2683 objecta

2221 2716 2533 2780 purgasset,
2580 2709 2666 2763 vel
2704 2722 2864 2777 aequo
2910 2707 3096 2763 animo
3147 2708 3440 2773 amitteret,
3477 2706 3526 2763 si
3576 2706 3834 2777 probatis

2223 2800 2548 2856 criminibus
2594 2801 2747 2871 regio
2794 2800 3049 2870 deinceps
3098 2800 3308 2856 honore
3357 2799 3619 2870 indignus
3671 2799 3834 2873 juxta

2225 2893 2624 2949 ecclesiasticas
2667 2893 2815 2962 leges
2856 2892 3270 2959 decerneretur;
3296 2892 3547 2959 nullam,
3587 2892 3709 2947 sive
3739 2906 3836 2946 re—

2227 2994 2382 3041 tento
2422 2985 2537 3041 sive
2562 2985 2770 3040 amisso
2794 2999 2986 3055 regno,
3012 2982 3179 3053 hujus
3211 2984 3424 3054 injuriae
3464 2984 3774 3039 vindictam
3802 2999 3835 3036 ι

534 3070 878 3139 absolvatur,
909 3073 1168 3145 deinceps
1193 3072 1351 3144 juxta
1379 3073 1649 3144 palatinas
1686 3075 1833 3146 leges
1872 3074 2129 3145 indignus
2156 3118 2200 3175 C
2231 3077 2489 3148 quopiam
2530 3076 2814 3132 hominum
2853 3076 2909 3132 in
2937 3082 3256 3146 perpetuum
3285 3085 3618 3143 exacturus;
3652 3088 3838 3144 usque

537 3161 694 3233 regio
718 3163 925 3219 honore
962 3165 1251 3234 habeatur,
1277 3181 1381 3221 nec
1418 3166 1564 3221 ultra
1599 3181 1700 3237 pro
1734 3167 2028 3223 asserenda
2048 3166 2134 3220 in-

538 3254 797 3312 nocentia
813 3270 914 3313 sua
935 3257 1268 3314 audientiam
1292 3266 1598 3325 mereatur;
1626 3258 1855 3328 proinde
1875 3257 2134 3313 obnixius

539 3354 751 3417 petere,
776 3355 833 3403 et
857 3350 965 3405 hoc
988 3350 1139 3406 omni
1186 3365 1302 3421 quo
1342 3366 1482 3422 papa
1507 3350 1699 3421 jubeat
1737 3348 2135 3406 satisfactionis

542 3452 747 3509 genere
764 3450 1016 3510 paratum
1040 3443 1292 3509 emereri,
1319 3451 1380 3497 ut
1401 3443 1522 3499 solo
1548 3442 1766 3499 interim
1790 3444 2137 3498 anathemate

543 3532 868 3595 absolvatur
910 3544 968 3589 et
1009 3535 1420 3591 communionis
1471 3534 1863 3591 ecclesiasticae
1906 3535 2136 3606 gratiam

543 3623 798 3694 recipiat,
839 3642 1218 3697 responsurus
1259 3644 1324 3684 ex
1382 3628 1618 3701 integro,
1658 3643 2008 3700 quacumque
2050 3629 2142 3663 ¹⁹⁸³

548 3714 661 3786 die,
710 3732 1064 3793 quocumque
1125 3723 1248 3779 loco
1278 3738 1440 3793 'papa
1502 3722 1802 3792 praecipiat,
1858 3730 2142 3792 tamquam

551 3810 693 3875 nihil
718 3812 824 3866 hac
848 3814 1213 3867 conventione
1259 3821 1444 3867 actum
1487 3813 1579 3878 sit,
1610 3813 1875 3869 omnibus
1905 3829 2030 3883 qua:
2047 3828 2143 3869 ae—

556 3911 844 3960 cusatores
872 3903 994 3973 ejus
1012 3904 1346 3974 objecissent
1368 3904 1717 3971 criminibus,
1755 3913 1814 3961 et
1833 3904 1990 3975 juxta
2021 3921 2147 3961 sen-

554 3994 787 4058 tentiam
836 3995 958 4066 ejus
1012 4011 1243 4067 regnum
1295 3997 1380 4051 vel
1414 4004 1770 4063 retenturus,
1823 3997 1872 4053 si
1932 3997 2148 4067 objecta

558 4094 874 4158 purgasset,
924 4087 1009 4143 vel
1056 4102 1218 4160 atquo
1276 4088 1483 4154 animo,
1535 4088 1584 4143 si
1631 4102 1800 4144 causa
1839 4088 2147 4156 cecidisset,

2236 3169 2304 3224 ad
2341 3184 2462 3224 eam
2488 3177 2671 3224 autem
2712 3168 2878 3235 diem,
2922 3182 3036 3238 qua
3077 3184 3242 3222 causa
3282 3167 3405 3237 ejus
3441 3166 3688 3239 legitime
3728 3165 3837 3219 dis-

2212 3275 2400 3316 cussa
2445 3261 2852 3326 terminaretur,
2898 3260 3045 3315 nulla
3098 3258 3230 3330 regii
3274 3259 3454 3314 cultus
3479 3267 3837 3325 ornamenta,

2238 3354 2385 3409 nulla
2416 3353 2579 3424 regiae
2604 3353 2885 3423 dignitatis
2928 3352 3163 3426 insignia
3200 3352 3302 3409 sibi
3349 3352 3656 3419 adhiberet,
3696 3354 3841 3409 nihil

2238 3446 2384 3501 circa
2443 3460 2627 3502 rerum
2687 3444 3029 3517 publicarum
3087 3446 3620 3502 administrationem
3676 3446 3842 3516 juxta

2241 3538 2695 3595 consuetudinem
2733 3554 2835 3595 suo
2862 3540 2987 3609 jure
3017 3548 3230 3610 ageret,
3278 3539 3436 3605 nihil,
3468 3539 3621 3609 quod
3654 3546 3843 3592 ratum

2242 3630 2363 3687 fore
2380 3639 2651 3701 oporteat,
2678 3631 3021 3698 decerneret;
3046 3641 3324 3709 postremo
3351 3638 3548 3701 praeter
3570 3630 3845 3700 regalium

2244 3722 2593 3778 servitiorum
2631 3723 2992 3788 exactionem,
3022 3723 3241 3793 quibus
3270 3720 3585 3777 necessario
3627 3720 3751 3790 ipse
3792 3729 3849 3773 et

2245 3814 2331 3870 sui
2366 3813 2710 3870 sustentandi
2732 3823 2947 3880 essent,
2978 3815 3112 3869 nihil
3141 3816 3369 3884 regium,
3402 3812 3540 3868 nihil
3561 3812 3847 3882 publicum

2248 3915 2573 3980 usurparet;
2616 3896 2808 3960 Omnes
2841 3906 3005 3960 etiam
3036 3905 3132 3975 qui
3171 3906 3221 3962 ei
3265 3906 3370 3961 sub
3391 3904 3759 3976 jurejurando
3782 3902 3850 3957 ti-

2248 3998 2373 4053 dem
2400 3998 2688 4064 dixissent,
2720 3998 2790 4053 ab
2812 3998 2976 4068 hujus
3008 3998 3340 4053 sacramenti
3372 3997 3597 4052 vinculo
3627 4005 3685 4051 et
3712 4010 3851 4052 con-

2252 4090 2532 4145 servanda:
2556 4104 2687 4161 erga
2710 4104 2838 4145 eum
2860 4089 2981 4144 fidei
3011 4088 3195 4146 debito
3223 4088 3369 4158 apud
3407 4087 3581 4142 Deum
3608 4095 3669 4142 et
3704 4085 3851 4156 apud

562 4179 893 4237 amissurus.
931 4178 1034 4235 Diu
1065 4195 1205 4251 papa
1248 4181 1470 4248 restitit,
1501 4180 1710 4236 veritus
1746 4180 1804 4236 in
1843 4195 1971 4252 rege
1987 4181 2150 4250 juve—
2254 4179 2507 4237 homines
2532 4180 2752 4241 interim
2780 4180 2936 4236 liberi
2957 4180 3305 4251 expeditique
3324 4188 3645 4244 manerent;
3673 4176 3851 4232 Ruct—

561 4270 694 4336 nilis
735 4270 905 4326 animi
954 4272 1380 4331 inconstantiam
1424 4282 1479 4328 et
1511 4272 1772 4343 proclive,
1801 4288 2154 4343 quocumque
2254 4270 2470 4327 bertum
2532 4271 3040 4344 Babenbergensem
3092 4272 3410 4341 episcopum
3472 4278 3529 4325 et
3592 4267 3852 4323 Oudalri-

566 4370 939 4425 assentatores
968 4364 1332 4435 impulissent,
1368 4366 1679 4437 ingenium;
1715 4365 1814 4421 sed
1861 4373 2155 4435 superatus
2257 4377 2383 4419 cum
2414 4364 2505 4397 ¹⁹⁸⁷
2533 4364 2600 4419 de
2622 4363 2880 4421 Cosheim
2903 4372 2958 4420 et
2983 4373 3215 4430 ceteros,
3247 4378 3485 4434 quorum
3515 4360 3776 4416 consiliis
3798 4374 3857 4413 se

566 4455 792 4515 tandem
844 4456 1258 4527 importunitate
1316 4456 1732 4527 perurgentium
1783 4465 1840 4513 et
1890 4456 2157 4526 gravitate
2188 4491 2234 4546 Β
2258 4471 2484 4526 remque
2518 4457 2790 4526 publicam
2819 4457 3169 4536 prodidisset,
3220 4472 3251 4510 a
3291 4471 3395 4510 sua
3435 4454 3490 4508 in
3531 4458 3855 4546 perpetuum

544 4586 547 4587 ν
571 4546 969 4608 Sententiarum
997 4566 1011 4602 :
1042 4546 1103 4607 Si
1132 4549 1408 4614 veraciter,
1444 4547 1642 4633 inquit.
1684 4564 1803 4603 eum
1828 4548 1962 4617 facti
1990 4548 2160 4617 pani-
2191 4542 2221 4546 ⁷
2260 4547 2633 4604 familiaritate
2652 4558 2960 4614 amoveret;
2982 4549 3129 4620 quod
3152 4549 3220 4612 si,
3241 4546 3491 4623 purgatis
3509 4559 3640 4615 qua:
3664 4542 3862 4619 obiice-

536 4652 540 4656 ‘
575 4645 671 4703 εει,
693 4650 944 4697 coronam
980 4647 1031 4694 et
1071 4649 1244 4694 cetera
1278 4641 1422 4711 regni
1451 4640 1689 4711 insignia
1710 4640 1769 4705 in
1791 4648 2161 4714 argumentum
2262 4650 2472 4708 rentur,
2512 4649 2709 4712 potens
2740 4641 3191 4716 confortatnsque
3217 4641 3272 4701 in
3308 4653 3478 4710 regno
3505 4634 3860 4708 [iustiti-tia.

576 4744 714 4783 cera:
737 4737 790 4784 et
814 4745 880 4784 ex
915 4730 1094 4797 animo
1127 4740 1262 4786 astte
1296 4731 1640 4801 ptent'tudinis
1686 4739 1880 4785 nostra:
1915 4731 2165 4801 potestati
2267 4733 2518 4790 subditus
2542 4732 2792 4788 Romano
2830 4732 3075 4804 pontifici
3110 4747 3327 4801 semper
3354 4729 3614 4798 dictoque
3646 4726 3863 4781 obtem-

577 4820 761 4887 dedat,
792 4830 843 4875 et
868 4836 922 4876 se
945 4831 1061 4893 post
1088 4830 1198 4876 tam
1244 4832 1531 4877 contumax
1558 4822 1851 4881 admissum
1901 4821 2044 4892 regia
2070 4837 2168 4874 ηο-
2267 4839 2465 4894 perans
2486 4823 2646 4892 foret,
2676 4833 2731 4880 et
2757 4825 2824 4880 ad
2849 4823 3190 4896 corrigenda,
3214 4835 3577 4893 quaecumque
3608 4817 3670 4872 in
3698 4831 3867 4887 regno

581 4913 723 4978 ptine
749 4921 802 4970 et
824 4912 1019 4969 honore
1042 4914 1281 4986 deinceps
1304 4915 1581 4985 indignum
1602 4913 1934 4989 proﬁteatur.
1956 4910 2167 4974 Durum
2271 4916 2394 4986 ejus
2415 4926 2605 4972 contra
2632 4917 3035 4973 ecclesiasticas
3076 4916 3224 4987 leges
3270 4929 3436 4984 prava
3468 4909 3869 4993 consuetudine

1813 5033 1816 5036 ’
1890 5040 2127 5097 VARIA'}
2162 5042 2563 5107 LECTIONES.

663 5163 757 5197 ""
777 5162 974 5235 Theut.
995 5164 1049 5235 3,
1073 5161 1304 5235 8QQ§It8._
1368 5159 1454 5235 ‘1'"
1472 5158 1618 5235 _se_.'.5._
1659 5226 1672 5235 _
1691 5154 1785 5235 ""_
1806 5155 1917 5235 hac
1929 5152 1992 5235 Δ5.
2072 5152 2165 5235 ¹⁹ξ³
2188 5168 2517 5228 quocunque
2540 5155 2592 5213 5.
2671 5116 2764 5190 ’πί
2789 5154 3081 5220 obidiendo
3105 5152 3159 5208 4.
3242 5148 3334 5182 ¹⁹⁵⁸
3362 5149 3504 5204 inter
3527 5148 3583 5204 4.
3660 5144 3763 5181 ³⁸⁸³
3781 5161 3871 5202 as-

593 5235 864 5307 signasset
883 5233 936 5288 ι.
1012 5234 1102 5267 ⁸⁸⁵⁷
1134 5225 1357 5296 Vodalr.
1380 5231 1433 5285 '5.
1459 5228 1511 5284 4.
1540 5225 1724 5293 Vdalr.
1766 5227 1790 5282 1
1825 5234 1873 5283 et
1898 5225 1976 5287 ita
1999 5225 2216 5292 saepius.

2125 5331 2262 5358 unm
2286 5334 2334 5358 η
