4050 5358
297 262 434 349 iiii

1542 289 1879 348 ANNALES.
1902 323 1974 335 —
1993 290 2106 348 AN.
2148 292 2303 349 1077.

3420 291 3562 348 {in

297 405 672 475 inolevissent,
719 403 1069 463 consentiens
1111 404 1162 462 ei
1207 412 1262 462 et
1299 420 1399 477 pro
1440 406 1584 461 virili
1630 407 1879 477 portione
1907 410 1952 466 A
1978 405 2286 472 clamasset,
2314 407 2531 462 tandem
2568 405 3121 480 impetratosilrntio,
3163 422 3461 464 conversus
3494 380 3561 465 ad
3598 386 3599 391 η

295 506 619 567 cooperator
643 499 931 564 existeret;
982 499 1055 553 ad
1084 499 1358 564 ultimum,
1404 498 1451 553 si
1494 499 1627 570 quid
1676 498 1875 553 horum

228 634 235 639 .
295 589 763 657 praevaricaretur,
808 588 1020 644 irritam
1075 588 1191 644 fere
1236 589 1397 656 hanc,
1451 605 1574 660 qua:
1612 598 1745 644 tunc
1784 588 1879 621 ¹⁹⁸⁸

294 686 578 750 tantopere
623 680 857 750 expetita
903 681 1005 745 sit,
1054 680 1413 735 anathematis
1456 680 1874 746 absolutionem,

296 772 430 840 quin
463 771 634 827 immo
646 771 759 841 jam
782 787 882 841 pro
904 770 1154 826 convicto
1184 768 1543 841 coniessoque
1568 771 1876 826 habendum

292 875 417 918 esse
441 861 553 927 “",
585 878 684 918 nec
722 861 861 918 ultra
884 876 984 933 pro
1004 861 1293 918 asserenda
1306 860 1613 920 innocentia
1637 877 1736 917 sua
1774 875 1875 916 au-

293 949 556 1009 dientiam
593 953 1030 1023 impetraturum,
1069 952 1451 1023 principesque
1500 952 1676 1023 regni,
1725 952 1879 1011 omni

291 1042 547 1114 deinceps
593 1045 925 1114 quaestione,
975 1053 1172 1102 cuncta
1209 1044 1573 1115 jurisjnrandi
1615 1042 1877 1113 religione

293 1132 572 1199 liberatos,
604 1151 782 1206 regem
812 1136 1000 1202 alium,
1047 1136 1104 1190 in
1140 1151 1303 1206 quem
1337 1135 1647 1191 communis
1682 1135 1897 1191 electio.

290 1225 683 1291 consensisset,
711 1236 997 1281 creaturos
1023 1243 1161 1282 esse.
1208 1226 1497 1282 Gratanter
1530 1242 1624 1282 res
1670 1228 1877 1297 accepit

290 1316 652 1382 conditiones,
682 1326 736 1372 et
757 1328 1101 1374 servaturum
1126 1333 1185 1372 se
1209 1319 1413 1385 omnia,
1447 1334 1612 1388 quam
1638 1320 1877 1377 sanctis-

291 1406 452 1463 simis
482 1407 572 1440 ¹⁹⁶⁰
613 1417 825 1478 poterat
869 1409 1264 1465 assertionibus
1304 1409 1654 1478 promittebat
1704 1410 1873 1481 (474).

287 1495 401 1553 Nec
436 1506 617 1555 tamen
644 1502 996 1570 promittenti
1025 1509 1230 1557 temere
1256 1500 1391 1557 fides
1415 1501 1597 1557 habita
1625 1511 1742 1568 est;
1782 1503 1877 1558 sed

285 1588 889 1660 abbasCloniaceusis,
932 1591 1192 1663 quoniam
1223 1593 1312 1623 ¹⁹⁶¹
1335 1593 1524 1663 jurare
1560 1594 1877 1650 monasticze

290 1680 568 1752 religionis
607 1682 833 1739 obtentu
874 1683 1435 1749 detrectabat,.tidem
1482 1700 1641 1740 suam
1687 1700 1874 1741 coram

1979 512 2163 568 regem
2191 517 2204 552 ε
2230 497 2344 551 Fac
2369 514 2511 568 ergo,
2539 499 2733 568 inquit,
2763 498 2866 568 ﬁli,
2888 500 2935 552 si
2961 499 3152 568 placet,
3194 500 3339 569 quod
3363 515 3445 554 me
3472 499 3560 569 fa-

1977 605 2090 643 cere
2105 588 2305 642 vidisti.
2334 588 2609 660 Principes
2627 588 2900 643 Teutonici
2912 592 3057 659 regni
3075 592 3186 644 suis
3203 590 3259 643 in
3273 589 3385 644 dies
3400 605 3562 645 accu-

1975 679 2271 734 sationibus
2288 696 2443 734 aures
2460 689 2667 734 nostras
2684 680 2998 747 obtundant,
3012 697 3255 751 magnam
3268 681 3366 736 tibi
3373 681 3565 736 molem

1981 769 2297 839 capitalium
2309 770 2592 825 criminum
2604 772 2970 843 impingentes,
2982 788 3078 842 pro
3088 772 3275 843 quibus
3286 787 3389 826 non
3408 772 3564 826 modo
3597 797 3601 800 ν

1979 861 2042 915 ab
2064 860 2209 914 omni
2230 878 2404 916 rerum
2427 861 2761 932 publicarum
2781 864 3262 929 administratione,
3280 863 3372 918 sed
3392 862 3458 917 ab
3475 868 3565 917 ec-‘-

1976 950 2275 1007 clesiastica
2293 954 2458 1008 etiam
2478 956 2841 1009 communione
2857 964 2907 1009 et
2929 956 2994 1010 ab
3015 956 3316 1010 omnimodo
3329 957 3453 1011 sine
3464 971 3565 1010 sa:-

1976 1042 2177 1114 cularis
2199 1047 2588 1101 conversatione
2617 1062 2779 1117 usque
2815 1047 2885 1101 ad
2918 1057 3208 1103 extremum
3232 1048 3477 1118 spiritum
3518 1058 3575 1101 te-

1974 1137 2221 1207 suspendi
2245 1146 2480 1208 oportere
2500 1139 2826 1195 existimant.
2849 1137 3043 1192 Petunt
3074 1138 3333 1193 m“etiam
3344 1154 3566 1208 magno-

1974 1244 2097 1298 pere
2108 1228 2248 1282 diem
2264 1238 2313 1283 et
2326 1230 2499 1285 locum
2516 1230 2684 1284 statui
2700 1231 3129 1301 audientiamque
3143 1229 3390 1300 prcestari
3407 1231 3583 1282 cano-'

1938 1334 1943 1339 '
1978 1322 2092 1373 nice
2104 1322 2613 1393 discutiendis,quas
2626 1322 2901 1375 adversum
2919 1331 2970 1375 te
2989 1322 3243 1391 afferant,
3265 1320 3567 1375 accusatio-

1978 1413 2152 1466 nibus.
2179 1411 2249 1465 Et
2261 1415 2399 1466 nosti
2423 1414 2634 1483 optime,
2651 1413 2884 1467 humana
2906 1412 3207 1483 plerumque
3224 1411 3475 1466 vacillare
3482 1410 3568 1479 ju-

1977 1502 2121 1556 dicio
2138 1504 2500 1573 et‘inpublicis
2530 1504 2999 1573 disceptationibus
3028 1514 3400 1573 nonnunquam
3428 1500 3570 1572 falsa

1975 1610 2073 1664 pro
2093 1595 2231 1650 veris
2251 1596 2578 1665 persuaderi,
2597 1595 2722 1648 dum
2744 1611 2839 1665 pro
2859 1595 3176 1648 disertorum
3190 1592 3571 1647 “"‘hominum

1952 1688 2206 1758 ingeniis
2263 1688 2354 1721 ³⁸⁸⁷
2403 1696 2455 1742 et
2505 1688 2715 1741 dicendi
2761 1689 2913 1757 copia
2955 1696 3009 1741 et
3049 1686 3315 1741 suavitate
3354 1683 3571 1755 {auitas

288 1773 467 1831 oculis
512 1774 696 1833 omnia
734 1775 1009 1831 cernentis
1057 1774 1153 1829 Dei
1195 1775 1553 1845 interposuit;
1595 1776 1893 1847 episcopus
1914 1780 1958 1835 Β
1983 1778 2257 1833 uerborum
2282 1778 2514 1850 phaleris
2547 1778 2810 1832 ademto
2846 1777 3068 1832 libenter
3093 1776 3345 1842 auditur,
3366 1783 3418 1829 et
3440 1776 3575 1829 veri-

286 1877 509 1934 quoque
530 1863 820 1921 Citicensis
854 1873 910 1920 et
946 1866 1235 1935 episcopus
1261 1864 1620 1922 Vercellensis
1650 1866 1799 1937 (475)
1824 1878 1880 1922 et

286 1952 437 2010 Διῑο
484 1955 732 2012 marchio
763 1964 819 2011 et
860 1956 954 2010 alii
999 1957 1379 2014 conventionis
1423 1957 1543 2027 ejus
1582 1958 1877 2030 principes,

289 2046 471 2117 allatis
498 2056 811 2103 sanctorum
851 2047 1115 2118 reliquiis,
1158 2048 1261 2102 sub
1281 2048 1638 2118 jurejurando
1678 2050 1880 2106 conﬁr—

290 2147 597 2204 maverunt,
625 2138 897 2194 facturum
920 2154 1045 2195 eum
1080 2154 1200 2194 esse
1222 2154 1348 2209 qua:
1374 2138 1748 2210 pollicebatur,
1781 2155 1880 2199 nec

290 2228 478 2300 aliqua
497 2245 682 2284 rerum
708 2231 1001 2301 asperitate
1027 2231 1112 2286 vel
1147 2246 1378 2287 casuum
1415 2231 1565 2287 varie
1590 2232 1883 2289 succeden-

289 2319 430 2375 tium
454 2322 817 2383 mutabilitate
844 2323 914 2378 ab
932 2322 1202 2379 sententia
1234 2322 1323 2353 ηδ’
1343 2322 1739 2379 deducendum.

364 2410 443 2466 lta
485 2413 737 2469 absoluto
768 2428 834 2468 eo
875 2412 1461 2478 excommunicatione,
1502 2429 1642 2485 papa
1680 2416 1881 2472 missa-

293 2516 421 2558 rum
455 2504 722 2563 solemnia
766 2504 1077 2571 celebravit,
1128 2503 1484 2576 conl’ectaque
1519 2522 1675 2562 sacra
1722 2508 1879 2563 obla-

293 2593 462 2661 tione,
493 2610 676 2666 regem
698 2611 823 2652 cum
854 2607 1053 2663 cetera,
1076 2612 1198 2666 quae
1229 2596 1484 2669 frequens
1513 2599 1719 2667 aderat,
1745 2600 1884 2656 mul-

295 2685 525 2741 titudine
552 2686 621 2742 ad
650 2687 820 2741 altare
840 2688 1107 2755 evocavit,
1126 2687 1528 2759 prmferensque
1554 2704 1721 2744 manu
1752 2705 1879 2745 cor-

294 2791 399 2847 pus
432 2775 772 2835 Dominicum
813 2780 958 2851 (476)
986 2799 1000 2835 :
1026 2779 1161 2851 Ego,
1199 2781 1394 2852 inquit,
1431 2782 1550 2851 jam
1595 2781 1801 2851 pridem
1842 2799 1878 2835 a

298 2874 347 2923 te
377 2870 580 2941 tuisque
600 2870 900 2940 fautoribus
924 2871 1131 2926 litteras
1177 2873 1373 2942 accepi,
1417 2871 1605 2943 quibus
1634 2889 1715 2926 me
1742 2872 1879 2927 insi-

294 2960 537 3015 mulabas
566 2964 736 3017 sedem
766 2964 1112 3035 apostolicam
1133 2980 1224 3033 per
1254 2961 1617 3018 Simoniacam
1655 2964 1877 3018 heresim

294 3068 593 3123 occupasse,
625 3063 674 3109 et
702 3054 828 3108 aliis
855 3054 1190 3125 quibusdam,
1225 3064 1334 3107 tam
1373 3062 1493 3107 ante
1518 3055 1889 3124 episcopatum,

292 3160 451 3214 quam
487 3154 603 3213 post
636 3155 905 3216 acceptum
934 3147 1312 3216 episcopatum,
1361 3145 1670 3199 criminibus
1714 3147 1877 3200 vitam

293 3234 612 3302 maculasse,
662 3253 778 3315 quae
812 3238 941 3291 mihi
976 3237 1261 3291 secundum
1299 3237 1433 3290 scita
1471 3252 1731 3289 canonum
1760 3252 1877 3288 om-

292 3341 410 3380 nem
457 3326 527 3381 ad
574 3344 755 3383 sacros
807 3329 1016 3383 ordines
1064 3344 1332 3382 accessum
1381 3328 1757 3383 abstruserint.
1808 3326 1878 3380 Et

290 3416 414 3473 licet
448 3417 737 3475 multorum
769 3420 1077 3475 idoneorum
1099 3429 1236 3474 certe
1266 3420 1476 3473 testium
1503 3418 1879 3488 astipulatione

292 3494 491 3563 crimen
535 3509 771 3581 refellere
821 3527 1030 3587 queam,
1070 3528 1251 3567 eorum
1297 3510 1500 3565 scilicet
1549 3510 1639 3580 qui
1676 3526 1880 3563 omnem

291 3599 414 3655 vitae
440 3617 567 3655 mea
593 3602 658 3654 ab
688 3604 898 3658 ineunte
939 3612 1095 3658 celate
1131 3604 1517 3657 institutionem
1550 3602 1881 3672 integerrime

293 3702 567 3761 noverunt,
609 3703 658 3748 et
697 3711 879 3751 eorum
905 3696 995 3770 qui
1020 3711 1155 3750 mete
1189 3695 1259 3749 ad
1280 3694 1640 3764 episcopatum
1667 3708 1879 3762 promo-

292 3784 455 3841 tionis
481 3794 720 3841 auctores
747 3787 959 3857 fuerunt
983 3802 1001 3840 :
1024 3802 1116 3857 ego
1147 3795 1342 3852 tamen,
1366 3800 1429 3843 ne
1450 3784 1681 3840 humano
1698 3784 1880 3854 pocius

295 3892 457 3949 quam
487 3877 674 3932 divino
705 3878 804 3933 niti
835 3878 1016 3933 videar
1039 3877 1359 3942 testimonio,
1404 3884 1461 3931 ut
1492 3875 1880 3945 satisfactionis

295 3970 600 4040 compendio
636 3984 840 4024 omnem
892 3971 1131 4027 omnibus
1174 3968 1416 4027 scandali
1462 3966 1770 4038 scrupulum
1817 3967 1882 4021 de

294 4059 466 4119 medio
503 4062 765 4131 auferam,
802 4078 918 4117 ecce
940 4078 1126 4132 corpus
1162 4060 1518 4125 Dominicum,
1564 4058 1705 4130 quod
1732 4073 1882 4114 sum-

295 4160 484 4225 pturus
511 4169 625 4223 ero,
652 4153 711 4207 in
737 4154 1151 4222 experimentum
1175 4151 1304 4205 mihi
1331 4151 1484 4204 hodie
1518 4151 1614 4220 ﬁat
1639 4150 1886 4204 innocen-

297 4245 388 4298 tiae
427 4259 575 4311 meae,
607 4252 663 4297 ut
701 4245 1026 4315 omnipatens
1059 4243 1200 4299 Deus
1234 4258 1330 4296 suo
1375 4257 1455 4315 me
1486 4241 1642 4297 hodie
1673 4240 1882 4310 judicio

294 4333 375 4388 uel
422 4334 658 4390 absoluat
704 4335 891 4404 objecti
926 4335 1165 4390 criminis
1198 4334 1521 4407 suspicione,
1558 4333 1606 4385 si
1638 4333 1884 4387 innocens

272 4424 540 4493 rsum,lvel
565 4427 842 4482 subitanea
864 4427 1135 4487 interimat
1162 4424 1253 4472 ³⁸⁸⁸
1283 4432 1469 4491 morte,
1504 4425 1552 4476 si
1587 4438 1724 4476 reus.
1752 4420 1884 4477 Haec

297 4525 353 4571 et
390 4517 518 4586 alia,
561 4525 622 4572 ut
663 4519 904 4574 solemne
942 4524 1045 4583 est,
1100 4515 1358 4586 praefatus
1399 4514 1562 4572 verba
1593 4512 1876 4579 terribilia,

297 4608 498 4677 quibus
543 4607 715 4665 Deum
760 4624 942 4666 causae
983 4623 1097 4667 sure
1126 4606 1501 4679 requissimum
1544 4604 1783 4674 iudicem
1826 4613 1881 4659 et

212 4726 221 4733 -
298 4695 623 4756 innocentiae
668 4708 997 4756 assertorem
1045 4699 1235 4755 adesse
1272 4695 1637 4767 precabatur,.
1669 4701 1879 4765 partem

301 4788 572 4845 Dominici
601 4790 849 4859 corporis
882 4789 1089 4859 accepit
1113 4796 1169 4844 et
1214 4787 1450 4843 comedit
1483 4784 1732 4856 (Ianuar.
1763 4783 1876 4855 28).

296 4878 419 4949 Qua
447 4881 722 4936 liberrime
746 4882 1032 4951 absumpta
1055 4879 1168 4946 ηαδ,
1193 4894 1318 4935 cum
1346 4878 1581 4948 populus
1608 4878 1664 4932 in
1692 4876 1882 4932 laudes

297 4966 417 5040 Dei,
452 4971 778 5030 innocentia:
801 4972 920 5047 ejus
956 4971 1387 5047 congratulatus,
1414 4968 1750 5046 aliquamdiu
1790 4984 1884 5031 ac-

1915 4467 1959 4522 Ι)

1982 1878 2064 1923 tas
2094 1869 2258 1925 nullis
2298 1870 2611 1941 eloquentia:
2630 1872 2758 1925 nixa
2791 1869 3137 1924 adminiculis
3160 1868 3573 1938 contempnitur;
3653 1901 3657 1905 ν

1981 1959 2115 2019 Cum
2136 1978 2258 2031 ergo
2281 1962 2377 2015 tibi
2401 1961 2526 2016 bene
2548 1960 2847 2016 consultum
2865 1962 3098 2031 cupiam,
3130 1976 3226 2031 pro
3250 1974 3330 2025 eo,
3354 1958 3572 2029 quodin

1980 2050 2381 2107 calamitatibus
2409 2054 2515 2106 tuis
2542 2052 2764 2122 supplex
2803 2052 3112 2122 apostolicae
3156 2051 3294 2105 sedis
3334 2050 3572 2121 patrari-

1980 2142 2127 2195 nium
2148 2145 2414 2213 expetisti,
2439 2144 2525 2215 {ac
2545 2144 2683 2215 quod
2700 2158 2903 2198 moneo.
2935 2142 2995 2198 Si
3018 2154 3067 2197 te
3086 2144 3413 2197 innocentem
3433 2140 3573 2194 nosti

1979 2240 2030 2286 et
2058 2234 2507 2301 existimationem
2547 2244 2695 2289 tuam
2743 2235 2809 2293 ab
2856 2234 3065 2289 wmulis
3102 2236 3209 2287 tuis
3241 2248 3334 2303 per
3367 2232 3574 2286 caluum

1977 2326 2162 2396 pniam
2203 2324 2363 2397 falsis
2405 2326 2866 2381 criminationibus
2896 2327 3100 2396 impoti,
3127 2324 3297 2379 libera
3324 2338 3571 2393 comperta

1979 2416 2126 2471 diose
2138 2424 2189 2471 et
2214 2415 2509 2472 Ecclesium
2531 2417 2628 2472 Dei
2648 2417 2903 2473 scandan
2923 2426 2972 2472 et
2998 2425 3045 2471 te
3064 2418 3238 2487 ipsum
3261 2414 3435 2486 longa:
3452 2428 3575 2469 00'!-

1956 2509 2288 2583 certationis
2325 2508 2591 2580 ambiguo,
2637 2512 2688 2564 et
2726 2524 2873 2564 sume
2898 2508 3037 2563 hanc
3066 2506 3333 2571 residuam
3365 2502 3572 2577 ptﬂ‘tens

1979 2597 2249 2653 Dominici
2272 2600 2505 2670 corporis
2537 2600 2707 2671 (477),
2742 2608 2800 2653 ut
2825 2598 3162 2670 comprobata
3187 2597 3299 2652 Deo
3329 2605 3460 2652 teste
3486 2597 3572 2651 ina

1980 2691 2224 2744 nocentia
2264 2699 2377 2756 tua,
2425 2691 2734 2745 obstruetur
2776 2706 2927 2744 omne
2963 2705 3021 2745 os
3056 2690 3332 2744 adversum
3376 2697 3429 2743 te
3465 2689 3573 2741 init-

1978 2797 2085 2852 qua
2116 2781 2205 2813 ¹⁹⁶⁸
2230 2782 2600 2851 garrientium,
2628 2791 2679 2837 et
2709 2782 3042 2851 medeinccps
3071 2794 3250 2835 causa
3273 2778 3571 2837 tute-advor-

1981 2880 2100 2926 cato
2119 2879 2169 2925 et
2190 2873 2505 2928 innocentia:
2524 2882 2630 2928 tuae
2652 2873 3105 2928 vehementissimo
3132 2880 3411 2938 assertors,
3425 2871 3574 2940 prin-

1979 2963 2117 3032 cipes
2142 2962 2240 3016 tibi
2270 2964 2693 3032 reconcilientur,
2724 2980 2939 3035 regnum
2972 2963 3063 2996 ⁸⁸⁸⁸
3093 2964 3426 3029 restituatur,
3456 2972 3570 3023 om;

1980 3069 2091 3119 nes,
2134 3054 2322 3125 quibus
2361 3055 2479 3126 jam
2508 3056 2603 3109 diu
2650 3071 2731 3109 res
2774 3053 2986 3125 publica
3031 3063 3269 3121 uexatur,
3313 3053 3575 3108 bellorum

1978 3143 2216 3197 civilium
2238 3154 2566 3217 tempestates
2588 3147 2644 3201 in
2664 3155 2970 3218 perpetuum
2994 3145 3293 3216 sopiantur.
3345 3145 3431 3200 Ad
3458 3145 3575 3200 hac

1979 3235 2089 3302 ille,
2136 3237 2417 3307 inopinata
2464 3254 2524 3292 re
2566 3238 2852 3304 attonitus,
2904 3245 3160 3302 aestuare,
3203 3235 3571 3306 tergiversari,

1978 3331 2207 3385 consilia
2233 3345 2359 3383 cum
2391 3329 2508 3383 suis
2531 3328 2894 3383 familiaribus
2928 3336 3245 3398 segregatus
3265 3343 3297 3381 a
3317 3326 3572 3380 multitu-

1978 3420 2104 3475 dine
2127 3420 2396 3486 conlerre,
2422 3428 2477 3473 et
2503 3420 2634 3489 quid
2658 3418 2807 3477 facto
2828 3432 2971 3487 opus
2998 3426 3168 3484 esset,
3195 3418 3431 3487 qualiter
3456 3426 3573 3479 tam

1979 3512 2237 3568 horrendi
2274 3510 2544 3566 examinis
2588 3509 2970 3564 necessitatem
3008 3508 3282 3573 evaderet,
3327 3507 3574 3578 trepidus

1979 3604 2282 3663 consulere.
2338 3601 2639 3672 Resumpto
2668 3591 3137 3668 demum'spiritu,
3158 3598 3387 3654 causari
3427 3598 3571 3668 apud

1977 3710 2173 3766 papam
2188 3693 2353 3763 coepit
2376 3692 2442 3749 de
2458 3692 2705 3748 absentia
2720 3689 3162 3761 principumpqui
3177 3688 3283 3745 sibi
3298 3688 3352 3743 in
3364 3689 3571 3744 adver-

1979 3788 2057 3843 sis
2096 3786 2260 3842 tidem
2296 3785 2477 3840 adhuc
2518 3784 2784 3854 integram
2838 3790 3172 3848 servassent,
3220 3781 3425 3852 quibus.
3476 3779 3572 3829 “'3”

1979 3878 2305 3934 inconsultis
2325 3885 2382 3933 et
2399 3876 2747 3947 potissimum
2777 3874 3096 3931 absentibus
3128 3872 3569 3939 accursum-ilius,

1980 3970 2191 4026 irritam
2230 3969 2348 4024 fore
2376 3984 2478 4027 nec
2507 3969 2808 4039 quicquam
2845 3966 3047 4021 virium
3079 3965 3222 4037 apud
3258 3964 3572 4021 increduios

1980 4060 2294 4118 habituram
2314 4074 2458 4125 esse,
2482 4073 2891 4129 quamcumque
2922 4072 3025 4128 pro
3045 4056 3374 4127 experienda
3404 4056 3571 4113 inno-

1980 4154 2160 4210 centia
2184 4169 2287 4209 sua
2307 4150 2739 4207 satisfactionem
2767 4150 2959 4219 paucis
2990 4149 3086 4219 qui
3113 4149 3341 4205 aderant
3365 4161 3571 4223 propn-

1982 4245 2186 4301 suisset
2205 4260 2219 4308 ;
2237 4242 2465 4312 proinde
2487 4241 2675 4297 sedulo
2696 4256 2891 4311 papam
2906 4255 3071 4295 orare
3087 4246 3149 4293 ut
3171 4254 3287 4292 rem
3302 4238 3570 4308 integrann

1984 4335 2221 4406 generali
2244 4333 2493 4388 concilio
2504 4333 2891 4402 communique
2901 4330 3204 4406 audientiae
3223 4328 3483 4396 dilierret,
3495 4367 3505 4395 ~_
3512 4338 3573 4383 ut

1986 4426 2061 4480 ibi
2088 4424 2431 4496 congregatis
2448 4423 2862 4479 accusatoribus
2894 4430 2949 4476 et
2972 4420 3272 4476 secundum
3298 4420 3445 4491 leges
3476 4435 3571 4481 (εοη

1983 4515 2318 4573 elesiasticas
2362 4515 2630 4570 discussis
2659 4522 2770 4583 tam
2807 4511 3252 4569 accusationibus
3280 4526 3571 4581 .qusmac-
3670 4558 3674 4562 Α

1985 4613 2301 4663 cusatorum
2360 4606 2633 4677 personis,
2694 4603 3133 4670 conditionibus,
3195 4616 3574 4673 «μεθοωςυθ

1952 4714 1955 4715 ⁷
1984 4697 2259 4768 principes
2283 4697 2435 4768 regni
2458 4697 3017 4775 sequasjudicassent,
3041 4694 3265 4765 objecta
3281 4693 3569 4769 refellerct.

1985 4785 2132 4845 Haut
2158 4797 2377 4858 gravate
2399 4803 2535 4858 papa
2560 4788 2763 4859 petenti
2788 4787 3083 4858 adquievit,
3119 4785 3445 4855 expletoque
3484 4802 3576 4841 sa-

1959 4894 2082 4950 cro
2111 4878 2435 4945 ministerio,
2477 4896 2661 4952 regem
2707 4880 2775 4935 ad
2808 4879 3098 4950 prandium
3141 4875 3383 4941 vocavit,
3422 4875 3578 4933 beni-

1986 4970 2362 5045 gnissimeque
2387 4970 2674 5038 reiectum,
2703 4978 2760 5029 et
2789 4971 2856 5027 de
2879 4972 3138 5029 omnibus
3177 4980 3301 5038 qua
3327 4979 3463 5046 eum
3483 4966 3584 5023 ob-

1596 5080 1834 5139 VARIAB
1876 5080 2279 5139 LECTIONES.
