  <div class='ocr_page' id='page_1' title='image "/cluster/home/n/w/nwhite01/storage/ocr_20150623/146/hvd.32044015471832/631.png"; bbox 0 0 4050 5358; ppageno 0'>
   <div class='ocr_carea' id='block_1_1' title="bbox 528 104 667 174">
    <p class='ocr_par' dir='ltr' id='par_1_1' title="bbox 528 104 667 174">
     <span class='ocr_line' id='line_1_1' title="bbox 528 104 667 174; baseline 0.014 -2"><span class='ocrx_word' id='word_1_1' title='bbox 528 104 667 174; x_wconf 63' lang='lat' dir='ltr'><strong>i245</strong></span> 
     </span>
    </p>
   </div>
   <div class='ocr_carea' id='block_1_2' title="bbox 1696 108 2646 179">
    <p class='ocr_par' dir='ltr' id='par_1_2' title="bbox 1696 108 2646 179">
     <span class='ocr_line' id='line_1_2' title="bbox 1696 108 2646 179; baseline 0 -1"><span class='ocrx_word' id='word_1_2' title='bbox 1696 108 2049 178; x_wconf 75' lang='lat' dir='ltr'><strong>LAMBERTI</strong></span> <span class='ocrx_word' id='word_1_3' title='bbox 2080 123 2646 179; x_wconf 76' lang='lat' dir='ltr'><strong>HERSFELDENSIS</strong></span> 
     </span>
    </p>
   </div>
   <div class='ocr_carea' id='block_1_3' title="bbox 3656 113 3807 175">
    <p class='ocr_par' dir='ltr' id='par_1_3' title="bbox 3656 113 3807 175">
     <span class='ocr_line' id='line_1_3' title="bbox 3656 113 3807 175; baseline 0 0"><span class='ocrx_word' id='word_1_4' title='bbox 3656 113 3807 175; x_wconf 66' lang='grc'><strong>1244</strong></span> 
     </span>
    </p>
   </div>
   <div class='ocr_carea' id='block_1_4' title="bbox 526 208 3823 307">
    <p class='ocr_par' dir='ltr' id='par_1_4' title="bbox 526 208 3823 307">
     <span class='ocr_line' id='line_1_4' title="bbox 526 208 3823 307; baseline 0.001 -20"><span class='ocrx_word' id='word_1_5' title='bbox 526 246 749 288; x_wconf 84' lang='lat' dir='ltr'><strong>servare</strong></span> <span class='ocrx_word' id='word_1_6' title='bbox 789 240 1064 304; x_wconf 89' lang='lat' dir='ltr'><strong>oporteret</strong></span> <span class='ocrx_word' id='word_1_7' title='bbox 1102 234 1385 307; x_wconf 75' lang='lat' dir='ltr'><strong>diligenter</strong></span> <span class='ocrx_word' id='word_1_8' title='bbox 1427 223 1778 305; x_wconf 73' lang='lat' dir='ltr'><strong>iiistructum,</strong></span> <span class='ocrx_word' id='word_1_9' title='bbox 1816 253 1941 293; x_wconf 90' lang='lat' dir='ltr'><strong>cum</strong></span> <span class='ocrx_word' id='word_1_10' title='bbox 1979 251 2112 307; x_wconf 84' lang='lat' dir='ltr'><strong>pace</strong></span> <span class='ocrx_word' id='word_1_11' title='bbox 2140 238 2186 295; x_wconf 77' lang='grc' dir='ltr'><strong>Α</strong></span> <span class='ocrx_word' id='word_1_12' title='bbox 2211 245 2471 293; x_wconf 75' lang='lat' dir='ltr'><strong>statutam</strong></span> <span class='ocrx_word' id='word_1_13' title='bbox 2535 239 2680 293; x_wconf 87' lang='lat' dir='ltr'><strong>diem</strong></span> <span class='ocrx_word' id='word_1_14' title='bbox 2739 226 3305 294; x_wconf 76' lang='lat' dir='ltr'><strong>excommunicatione</strong></span> <span class='ocrx_word' id='word_1_15' title='bbox 3370 235 3754 292; x_wconf 75' lang='lat' dir='ltr'><strong>absolveretur</strong></span> <span class='ocrx_word' id='word_1_16' title='bbox 3784 208 3823 300; x_wconf 38' lang='lat'><strong>;:</strong></span> 
     </span>
    </p>
   </div>
   <div class='ocr_carea' id='block_1_5' title="bbox 528 324 2108 397">
    <p class='ocr_par' dir='ltr' id='par_1_5' title="bbox 528 324 2108 397">
     <span class='ocr_line' id='line_1_5' title="bbox 528 324 2108 397; baseline 0.003 -19"><span class='ocrx_word' id='word_1_17' title='bbox 528 324 598 379; x_wconf 91' lang='lat' dir='ltr'><strong>ad</strong></span> <span class='ocrx_word' id='word_1_18' title='bbox 626 340 777 392; x_wconf 92' lang='lat' dir='ltr'><strong>suos,</strong></span> <span class='ocrx_word' id='word_1_19' title='bbox 807 325 903 395; x_wconf 88' lang='lat' dir='ltr'><strong>qui</strong></span> <span class='ocrx_word' id='word_1_20' title='bbox 947 325 1161 397; x_wconf 83' lang='lat' dir='ltr'><strong>longius</strong></span> <span class='ocrx_word' id='word_1_21' title='bbox 1192 336 1347 383; x_wconf 82' lang='lat' dir='ltr'><strong>extra</strong></span> <span class='ocrx_word' id='word_1_22' title='bbox 1387 331 1673 385; x_wconf 85' lang='lat' dir='ltr'><strong>castellum</strong></span> <span class='ocrx_word' id='word_1_23' title='bbox 1712 338 2108 396; x_wconf 85' lang='lat' dir='ltr'><strong>remanserant,</strong></span> 
     </span>
    </p>
   </div>
   <div class='ocr_carea' id='block_1_6' title="bbox 527 415 2110 492">
    <p class='ocr_par' dir='ltr' id='par_1_6' title="bbox 527 415 2110 492">
     <span class='ocr_line' id='line_1_6' title="bbox 527 415 2110 492; baseline 0.002 -21"><span class='ocrx_word' id='word_1_24' title='bbox 527 415 754 472; x_wconf 85' lang='lat' dir='ltr'><strong>dimisit.</strong></span> <span class='ocrx_word' id='word_1_25' title='bbox 815 415 1092 487; x_wconf 89' lang='lat' dir='ltr'><strong>Epponem</strong></span> <span class='ocrx_word' id='word_1_26' title='bbox 1142 434 1362 489; x_wconf 91' lang='lat' dir='ltr'><strong>quoque</strong></span> <span class='ocrx_word' id='word_1_27' title='bbox 1413 418 1739 479; x_wconf 85' lang='lat' dir='ltr'><strong>Citieensem</strong></span> <span class='ocrx_word' id='word_1_28' title='bbox 1793 422 2110 492; x_wconf 84' lang='lat' dir='ltr'><strong>episcopum</strong></span> 
     </span>
    </p>
   </div>
   <div class='ocr_carea' id='block_1_7' title="bbox 525 508 2109 582">
    <p class='ocr_par' dir='ltr' id='par_1_7' title="bbox 525 508 2109 582">
     <span class='ocr_line' id='line_1_7' title="bbox 525 508 2109 582; baseline 0.003 -20"><span class='ocrx_word' id='word_1_29' title='bbox 525 508 792 578; x_wconf 80' lang='lat' dir='ltr'><strong>praemisit</strong></span> <span class='ocrx_word' id='word_1_30' title='bbox 815 517 939 563; x_wconf 87' lang='lat' dir='ltr'><strong>ante</strong></span> <span class='ocrx_word' id='word_1_31' title='bbox 959 525 1107 577; x_wconf 91' lang='lat' dir='ltr'><strong>eum,</strong></span> <span class='ocrx_word' id='word_1_32' title='bbox 1136 519 1198 564; x_wconf 92' lang='lat' dir='ltr'><strong>ut</strong></span> <span class='ocrx_word' id='word_1_33' title='bbox 1229 527 1342 579; x_wconf 89' lang='lat' dir='ltr'><strong>eos,</strong></span> <span class='ocrx_word' id='word_1_34' title='bbox 1373 512 1468 582; x_wconf 86' lang='lat' dir='ltr'><strong>qui</strong></span> <span class='ocrx_word' id='word_1_35' title='bbox 1513 513 1564 568; x_wconf 94' lang='lat' dir='ltr'><strong>ei</strong></span> <span class='ocrx_word' id='word_1_36' title='bbox 1613 513 2109 579; x_wconf 79' lang='lat' dir='ltr'><strong>excommunicato,</strong></span> 
     </span>
    </p>
   </div>
   <div class='ocr_carea' id='block_1_8' title="bbox 522 598 2114 673">
    <p class='ocr_par' dir='ltr' id='par_1_8' title="bbox 522 598 2114 673">
     <span class='ocr_line' id='line_1_8' title="bbox 522 598 2114 673; baseline 0.005 -22"><span class='ocrx_word' id='word_1_37' title='bbox 522 598 863 671; x_wconf 91' lang='lat' dir='ltr'><strong>priusquam</strong></span> <span class='ocrx_word' id='word_1_38' title='bbox 893 601 1239 657; x_wconf 84' lang='lat' dir='ltr'><strong>anathemate</strong></span> <span class='ocrx_word' id='word_1_39' title='bbox 1285 604 1659 660; x_wconf 87' lang='lat' dir='ltr'><strong>absolveretur</strong></span> <span class='ocrx_word' id='word_1_40' title='bbox 1682 649 1697 673; x_wconf 90' lang='lat'><strong>,</strong></span> <span class='ocrx_word' id='word_1_41' title='bbox 1747 604 2114 660; x_wconf 87' lang='lat' dir='ltr'><strong>indifferenter</strong></span> 
     </span>
    </p>
   </div>
   <div class='ocr_carea' id='block_1_9' title="bbox 527 692 2112 759">
    <p class='ocr_par' dir='ltr' id='par_1_9' title="bbox 527 692 2112 759">
     <span class='ocr_line' id='line_1_9' title="bbox 527 692 2112 759; baseline 0.003 -14"><span class='ocrx_word' id='word_1_42' title='bbox 527 692 1087 759; x_wconf 89' lang='lat' dir='ltr'><strong>communicaverant,</strong></span> <span class='ocrx_word' id='word_1_43' title='bbox 1133 695 1251 751; x_wconf 91' lang='lat' dir='ltr'><strong>vice</strong></span> <span class='ocrx_word' id='word_1_44' title='bbox 1285 710 1385 751; x_wconf 89' lang='lat' dir='ltr'><strong>sua</strong></span> <span class='ocrx_word' id='word_1_45' title='bbox 1413 699 1976 753; x_wconf 80' lang='lat' dir='ltr'><strong>excommunicatione</strong></span> <span class='ocrx_word' id='word_1_46' title='bbox 2012 695 2112 757; x_wconf 80' lang='lat' dir='ltr'><strong>ab-</strong></span> 
     </span>
    </p>
   </div>
   <div class='ocr_carea' id='block_1_10' title="bbox 527 783 2115 866">
    <p class='ocr_par' dir='ltr' id='par_1_10' title="bbox 527 783 2115 866">
     <span class='ocr_line' id='line_1_10' title="bbox 527 783 2115 866; baseline 0.003 -28"><span class='ocrx_word' id='word_1_47' title='bbox 527 783 779 849; x_wconf 85' lang='lat' dir='ltr'><strong>solveret,</strong></span> <span class='ocrx_word' id='word_1_48' title='bbox 799 785 1030 856; x_wconf 80' lang='lat' dir='ltr'><strong>benigne</strong></span> <span class='ocrx_word' id='word_1_49' title='bbox 1050 802 1382 856; x_wconf 83' lang='lat' dir='ltr'><strong>pracavens,</strong></span> <span class='ocrx_word' id='word_1_50' title='bbox 1404 806 1473 844; x_wconf 91' lang='lat' dir='ltr'><strong>ne</strong></span> <span class='ocrx_word' id='word_1_51' title='bbox 1493 805 1660 860; x_wconf 90' lang='lat' dir='ltr'><strong>quam</strong></span> <span class='ocrx_word' id='word_1_52' title='bbox 1682 790 1862 844; x_wconf 89' lang='lat' dir='ltr'><strong>denuo</strong></span> <span class='ocrx_word' id='word_1_53' title='bbox 1884 796 2115 866; x_wconf 82' lang='lat' dir='ltr'><strong>recepta</strong></span> 
     </span>
    </p>
   </div>
   <div class='ocr_carea' id='block_1_11' title="bbox 524 876 1614 937">
    <p class='ocr_par' dir='ltr' id='par_1_11' title="bbox 524 876 1614 937">
     <span class='ocr_line' id='line_1_11' title="bbox 524 876 1614 937; baseline 0.007 -8"><span class='ocrx_word' id='word_1_54' title='bbox 524 876 931 932; x_wconf 86' lang='lat' dir='ltr'><strong>communionis</strong></span> <span class='ocrx_word' id='word_1_55' title='bbox 957 880 1228 934; x_wconf 86' lang='lat' dir='ltr'><strong>maculam</strong></span> <span class='ocrx_word' id='word_1_56' title='bbox 1249 881 1614 937; x_wconf 85' lang='lat' dir='ltr'><strong>contraheret.</strong></span> 
     </span>
    </p>
   </div>
   <div class='ocr_carea' id='block_1_12' title="bbox 595 966 2118 1045">
    <p class='ocr_par' dir='ltr' id='par_1_12' title="bbox 595 966 2118 1045">
     <span class='ocr_line' id='line_1_12' title="bbox 595 966 2118 1045; baseline 0.003 -23"><span class='ocrx_word' id='word_1_57' title='bbox 595 966 701 1035; x_wconf 83' lang='lat' dir='ltr'><strong>Qui</strong></span> <span class='ocrx_word' id='word_1_58' title='bbox 730 969 859 1023; x_wconf 90' lang='lat' dir='ltr'><strong>dum</strong></span> <span class='ocrx_word' id='word_1_59' title='bbox 885 969 1127 1026; x_wconf 86' lang='lat' dir='ltr'><strong>venisset</strong></span> <span class='ocrx_word' id='word_1_60' title='bbox 1155 972 1387 1043; x_wconf 85' lang='lat' dir='ltr'><strong>(Febr.),</strong></span> <span class='ocrx_word' id='word_1_61' title='bbox 1409 982 1463 1028; x_wconf 90' lang='lat' dir='ltr'><strong>et</strong></span> <span class='ocrx_word' id='word_1_62' title='bbox 1484 989 1707 1029; x_wconf 87' lang='lat' dir='ltr'><strong>causam</strong></span> <span class='ocrx_word' id='word_1_63' title='bbox 1730 988 1833 1044; x_wconf 90' lang='lat' dir='ltr'><strong>pro</strong></span> <span class='ocrx_word' id='word_1_64' title='bbox 1855 988 1962 1045; x_wconf 87' lang='lat' dir='ltr'><strong>qua</strong></span> <span class='ocrx_word' id='word_1_65' title='bbox 1989 971 2118 1029; x_wconf 61' lang='lat' dir='ltr'><strong>mis-v</strong></span> 
     </span>
    </p>
   </div>
   <div class='ocr_carea' id='block_1_13' title="bbox 528 1058 2116 1134">
    <p class='ocr_par' dir='ltr' id='par_1_13' title="bbox 528 1058 2116 1134">
     <span class='ocr_line' id='line_1_13' title="bbox 528 1058 2116 1134; baseline 0.003 -21"><span class='ocrx_word' id='word_1_66' title='bbox 528 1074 624 1114; x_wconf 88' lang='lat' dir='ltr'><strong>sus</strong></span> <span class='ocrx_word' id='word_1_67' title='bbox 650 1058 828 1116; x_wconf 79' lang='lat' dir='ltr'><strong>fuerat</strong></span> <span class='ocrx_word' id='word_1_68' title='bbox 868 1060 1016 1118; x_wconf 88' lang='lat' dir='ltr'><strong>Italis</strong></span> <span class='ocrx_word' id='word_1_69' title='bbox 1057 1065 1423 1134; x_wconf 77' lang='lat' dir='ltr'><strong>exposuiSSet,</strong></span> <span class='ocrx_word' id='word_1_70' title='bbox 1462 1067 1754 1121; x_wconf 79' lang='lat' dir='ltr'><strong>vehemens</strong></span> <span class='ocrx_word' id='word_1_71' title='bbox 1791 1065 1845 1119; x_wconf 93' lang='lat' dir='ltr'><strong>in</strong></span> <span class='ocrx_word' id='word_1_72' title='bbox 1880 1080 2005 1119; x_wconf 91' lang='lat' dir='ltr'><strong>eum</strong></span> <span class='ocrx_word' id='word_1_73' title='bbox 2034 1064 2116 1118; x_wconf 89' lang='lat' dir='ltr'><strong>ira</strong></span> 
     </span>
    </p>
   </div>
   <div class='ocr_carea' id='block_1_14' title="bbox 526 1143 2143 1223">
    <p class='ocr_par' dir='ltr' id='par_1_14' title="bbox 526 1143 2143 1223">
     <span class='ocr_line' id='line_1_14' title="bbox 526 1143 2143 1223; baseline 0.004 -19"><span class='ocrx_word' id='word_1_74' title='bbox 526 1159 577 1205; x_wconf 87' lang='lat' dir='ltr'><strong>et</strong></span> <span class='ocrx_word' id='word_1_75' title='bbox 611 1151 912 1223; x_wconf 83' lang='lat' dir='ltr'><strong>indignatio</strong></span> <span class='ocrx_word' id='word_1_76' title='bbox 938 1165 1129 1209; x_wconf 86' lang='lat' dir='ltr'><strong>coorta</strong></span> <span class='ocrx_word' id='word_1_77' title='bbox 1168 1156 1257 1186; x_wconf 79' lang='grc'>¹⁹⁷¹</span> <span class='ocrx_word' id='word_1_78' title='bbox 1284 1165 1385 1212; x_wconf 88' lang='lat' dir='ltr'><strong>est.</strong></span> <span class='ocrx_word' id='word_1_79' title='bbox 1446 1156 1698 1215; x_wconf 87' lang='lat' dir='ltr'><strong>Fremere</strong></span> <span class='ocrx_word' id='word_1_80' title='bbox 1725 1171 1916 1210; x_wconf 89' lang='lat' dir='ltr'><strong>omnes</strong></span> <span class='ocrx_word' id='word_1_81' title='bbox 1934 1164 1992 1210; x_wconf 72' lang='lat' dir='ltr'><strong>et</strong></span> <span class='ocrx_word' id='word_1_82' title='bbox 2017 1143 2143 1210; x_wconf 35' lang='lat' dir='ltr'><strong>sa?</strong></span> 
     </span>
    </p>
   </div>
   <div class='ocr_carea' id='block_1_15' title="bbox 523 1243 2118 1319">
    <p class='ocr_par' dir='ltr' id='par_1_15' title="bbox 523 1243 2118 1319">
     <span class='ocr_line' id='line_1_15' title="bbox 523 1243 2118 1319; baseline 0.003 -22"><span class='ocrx_word' id='word_1_83' title='bbox 523 1243 640 1297; x_wconf 89' lang='lat' dir='ltr'><strong>vire</strong></span> <span class='ocrx_word' id='word_1_84' title='bbox 681 1244 860 1300; x_wconf 84' lang='lat' dir='ltr'><strong>verbis</strong></span> <span class='ocrx_word' id='word_1_85' title='bbox 909 1261 974 1301; x_wconf 91' lang='lat' dir='ltr'><strong>ac</strong></span> <span class='ocrx_word' id='word_1_86' title='bbox 1009 1247 1265 1302; x_wconf 89' lang='lat' dir='ltr'><strong>manibus</strong></span> <span class='ocrx_word' id='word_1_87' title='bbox 1290 1258 1594 1318; x_wconf 77' lang='lat' dir='ltr'><strong>cmperunt,</strong></span> <span class='ocrx_word' id='word_1_88' title='bbox 1623 1250 1936 1319; x_wconf 77' lang='lat' dir='ltr'><strong>apostolica</strong></span> <span class='ocrx_word' id='word_1_89' title='bbox 1975 1249 2118 1318; x_wconf 89' lang='lat' dir='ltr'><strong>lega-</strong></span> 
     </span>
    </p>
   </div>
   <div class='ocr_carea' id='block_1_16' title="bbox 524 1333 2117 1411">
    <p class='ocr_par' dir='ltr' id='par_1_16' title="bbox 524 1333 2117 1411">
     <span class='ocr_line' id='line_1_16' title="bbox 524 1333 2117 1411; baseline 0.003 -22"><span class='ocrx_word' id='word_1_90' title='bbox 524 1333 659 1389; x_wconf 89' lang='lat' dir='ltr'><strong>tioni</strong></span> <span class='ocrx_word' id='word_1_91' title='bbox 682 1335 949 1393; x_wconf 91' lang='lat' dir='ltr'><strong>irrisoriis</strong></span> <span class='ocrx_word' id='word_1_92' title='bbox 981 1339 1473 1397; x_wconf 84' lang='lat' dir='ltr'><strong>exclamationibus</strong></span> <span class='ocrx_word' id='word_1_93' title='bbox 1509 1343 1840 1411; x_wconf 87' lang='lat' dir='ltr'><strong>obstrepere,</strong></span> <span class='ocrx_word' id='word_1_94' title='bbox 1871 1340 2117 1396; x_wconf 89' lang='lat' dir='ltr'><strong>convicia</strong></span> 
     </span>
    </p>
   </div>
   <div class='ocr_carea' id='block_1_17' title="bbox 522 1427 2117 1503">
    <p class='ocr_par' dir='ltr' id='par_1_17' title="bbox 522 1427 2117 1503">
     <span class='ocr_line' id='line_1_17' title="bbox 522 1427 2117 1503; baseline 0.005 -23"><span class='ocrx_word' id='word_1_95' title='bbox 522 1434 580 1480; x_wconf 85' lang='lat' dir='ltr'><strong>et</strong></span> <span class='ocrx_word' id='word_1_96' title='bbox 624 1427 933 1496; x_wconf 84' lang='lat' dir='ltr'><strong>maledicta,</strong></span> <span class='ocrx_word' id='word_1_97' title='bbox 976 1439 1272 1501; x_wconf 87' lang='lat' dir='ltr'><strong>utcumque</strong></span> <span class='ocrx_word' id='word_1_98' title='bbox 1313 1434 1634 1502; x_wconf 80' lang='lat' dir='ltr'><strong>turpissima</strong></span> <span class='ocrx_word' id='word_1_99' title='bbox 1698 1434 1854 1488; x_wconf 88' lang='lat' dir='ltr'><strong>furor</strong></span> <span class='ocrx_word' id='word_1_100' title='bbox 1889 1448 2117 1503; x_wconf 88' lang='lat' dir='ltr'><strong>sugges-</strong></span> 
     </span>
    </p>
   </div>
   <div class='ocr_carea' id='block_1_18' title="bbox 524 1518 2116 1590">
    <p class='ocr_par' dir='ltr' id='par_1_18' title="bbox 524 1518 2116 1590">
     <span class='ocr_line' id='line_1_18' title="bbox 524 1518 2116 1590; baseline 0.004 -19"><span class='ocrx_word' id='word_1_101' title='bbox 524 1518 707 1583; x_wconf 85' lang='lat' dir='ltr'><strong>sisset,</strong></span> <span class='ocrx_word' id='word_1_102' title='bbox 732 1519 975 1590; x_wconf 86' lang='lat' dir='ltr'><strong>irrogare</strong></span> <span class='ocrx_word' id='word_1_103' title='bbox 1009 1541 1020 1576; x_wconf 91' lang='lat'>:</span> <span class='ocrx_word' id='word_1_104' title='bbox 1058 1538 1117 1577; x_wconf 91' lang='lat' dir='ltr'><strong>se</strong></span> <span class='ocrx_word' id='word_1_105' title='bbox 1149 1526 1769 1581; x_wconf 77' lang='lat' dir='ltr'><strong>excommunicationem</strong></span> <span class='ocrx_word' id='word_1_106' title='bbox 1794 1525 1940 1579; x_wconf 90' lang='lat' dir='ltr'><strong>illius</strong></span> <span class='ocrx_word' id='word_1_107' title='bbox 1962 1524 2116 1578; x_wconf 90' lang='lat' dir='ltr'><strong>nihili</strong></span> 
     </span>
    </p>
   </div>
   <div class='ocr_carea' id='block_1_19' title="bbox 2211 328 3808 400">
    <p class='ocr_par' dir='ltr' id='par_1_19' title="bbox 2211 328 3808 400">
     <span class='ocr_line' id='line_1_19' title="bbox 2211 328 3808 400; baseline -0.001 -18"><span class='ocrx_word' id='word_1_108' title='bbox 2211 342 2359 384; x_wconf 90' lang='lat' dir='ltr'><strong>nunc</strong></span> <span class='ocrx_word' id='word_1_109' title='bbox 2405 344 2465 384; x_wconf 92' lang='lat' dir='ltr'><strong>se</strong></span> <span class='ocrx_word' id='word_1_110' title='bbox 2513 329 2770 384; x_wconf 86' lang='lat' dir='ltr'><strong>omn&#39;bus</strong></span> <span class='ocrx_word' id='word_1_111' title='bbox 2806 330 3074 400; x_wconf 81' lang='lat' dir='ltr'><strong>angustiis</strong></span> <span class='ocrx_word' id='word_1_112' title='bbox 3106 329 3308 400; x_wconf 88' lang='lat' dir='ltr'><strong>quibus</strong></span> <span class='ocrx_word' id='word_1_113' title='bbox 3346 328 3467 383; x_wconf 88' lang='lat' dir='ltr'><strong>vias</strong></span> <span class='ocrx_word' id='word_1_114' title='bbox 3500 328 3626 398; x_wconf 87' lang='lat' dir='ltr'><strong>ejus</strong></span> <span class='ocrx_word' id='word_1_115' title='bbox 3660 341 3808 382; x_wconf 79' lang='lat' dir='ltr'><strong>cou-</strong></span> 
     </span>
    </p>
   </div>
   <div class='ocr_carea' id='block_1_20' title="bbox 2211 419 3806 488">
    <p class='ocr_par' dir='ltr' id='par_1_20' title="bbox 2211 419 3806 488">
     <span class='ocr_line' id='line_1_20' title="bbox 2211 419 3806 488; baseline -0.003 -13"><span class='ocrx_word' id='word_1_116' title='bbox 2211 420 2507 475; x_wconf 89' lang='lat' dir='ltr'><strong>clusissent</strong></span> <span class='ocrx_word' id='word_1_117' title='bbox 2537 420 2743 479; x_wconf 86' lang='lat' dir='ltr'><strong>inimici</strong></span> <span class='ocrx_word' id='word_1_118' title='bbox 2774 421 3085 486; x_wconf 87' lang='lat' dir='ltr'><strong>liberatum,</strong></span> <span class='ocrx_word' id='word_1_119' title='bbox 3132 435 3350 475; x_wconf 90' lang='lat' dir='ltr'><strong>omnem</strong></span> <span class='ocrx_word' id='word_1_120' title='bbox 3405 419 3671 488; x_wconf 86' lang='lat' dir='ltr'><strong>deinceps</strong></span> <span class='ocrx_word' id='word_1_121' title='bbox 3701 432 3806 471; x_wconf 83' lang='lat' dir='ltr'><strong>cu—</strong></span> 
     </span>
    </p>
   </div>
   <div class='ocr_carea' id='block_1_21' title="bbox 2213 510 3808 582">
    <p class='ocr_par' dir='ltr' id='par_1_21' title="bbox 2213 510 3808 582">
     <span class='ocr_line' id='line_1_21' title="bbox 2213 510 3808 582; baseline -0.001 -16"><span class='ocrx_word' id='word_1_122' title='bbox 2213 527 2331 566; x_wconf 86' lang='lat' dir='ltr'><strong>ram</strong></span> <span class='ocrx_word' id='word_1_123' title='bbox 2369 511 2836 582; x_wconf 90' lang='lat' dir='ltr'><strong>indrustriamque</strong></span> <span class='ocrx_word' id='word_1_124' title='bbox 2862 512 2930 567; x_wconf 91' lang='lat' dir='ltr'><strong>ad</strong></span> <span class='ocrx_word' id='word_1_125' title='bbox 2958 512 3318 567; x_wconf 89' lang='lat' dir='ltr'><strong>vindicandas</strong></span> <span class='ocrx_word' id='word_1_126' title='bbox 3346 526 3477 566; x_wconf 88' lang='lat' dir='ltr'><strong>suas</strong></span> <span class='ocrx_word' id='word_1_127' title='bbox 3497 518 3553 565; x_wconf 85' lang='lat' dir='ltr'><strong>et</strong></span> <span class='ocrx_word' id='word_1_128' title='bbox 3578 510 3808 565; x_wconf 83' lang='lat' dir='ltr'><strong>illorum</strong></span> 
     </span>
    </p>
   </div>
   <div class='ocr_carea' id='block_1_22' title="bbox 2212 601 3803 672">
    <p class='ocr_par' dir='ltr' id='par_1_22' title="bbox 2212 601 3803 672">
     <span class='ocr_line' id='line_1_22' title="bbox 2212 601 3803 672; baseline -0.004 -11"><span class='ocrx_word' id='word_1_129' title='bbox 2212 602 2445 672; x_wconf 83' lang='lat' dir='ltr'><strong>injurias</strong></span> <span class='ocrx_word' id='word_1_130' title='bbox 2484 604 2905 659; x_wconf 87' lang='lat' dir='ltr'><strong>translaturum.</strong></span> <span class='ocrx_word' id='word_1_131' title='bbox 2943 601 3045 657; x_wconf 80' lang='lat' dir='ltr'><strong>Vix</strong></span> <span class='ocrx_word' id='word_1_132' title='bbox 3090 602 3307 658; x_wconf 87' lang='lat' dir='ltr'><strong>tandem</strong></span> <span class='ocrx_word' id='word_1_133' title='bbox 3342 615 3669 671; x_wconf 87' lang='lat' dir='ltr'><strong>compresso</strong></span> <span class='ocrx_word' id='word_1_134' title='bbox 3709 615 3803 669; x_wconf 83' lang='lat' dir='ltr'><strong>po-</strong></span> 
     </span>
    </p>
   </div>
   <div class='ocr_carea' id='block_1_23' title="bbox 2213 691 3803 764">
    <p class='ocr_par' dir='ltr' id='par_1_23' title="bbox 2213 691 3803 764">
     <span class='ocr_line' id='line_1_23' title="bbox 2213 691 3803 764; baseline -0.004 -15"><span class='ocrx_word' id='word_1_135' title='bbox 2213 692 2334 751; x_wconf 86' lang='lat' dir='ltr'><strong>cius</strong></span> <span class='ocrx_word' id='word_1_136' title='bbox 2382 710 2549 764; x_wconf 90' lang='lat' dir='ltr'><strong>quam</strong></span> <span class='ocrx_word' id='word_1_137' title='bbox 2590 693 2834 750; x_wconf 79' lang='lat' dir='ltr'><strong>extincto</strong></span> <span class='ocrx_word' id='word_1_138' title='bbox 2897 694 3157 749; x_wconf 85' lang='lat' dir='ltr'><strong>concitati</strong></span> <span class='ocrx_word' id='word_1_139' title='bbox 3208 693 3474 748; x_wconf 87' lang='lat' dir='ltr'><strong>tumultus</strong></span> <span class='ocrx_word' id='word_1_140' title='bbox 3522 691 3803 757; x_wconf 56' lang='lat' dir='ltr'><strong>incendio,</strong></span> 
     </span>
    </p>
   </div>
   <div class='ocr_carea' id='block_1_24' title="bbox 2210 782 3816 857">
    <p class='ocr_par' dir='ltr' id='par_1_24' title="bbox 2210 782 3816 857">
     <span class='ocr_line' id='line_1_24' title="bbox 2210 782 3816 857; baseline -0.004 -17"><span class='ocrx_word' id='word_1_141' title='bbox 2210 786 2461 856; x_wconf 88' lang='lat' dir='ltr'><strong>plerique</strong></span> <span class='ocrx_word' id='word_1_142' title='bbox 2497 802 2564 841; x_wconf 80' lang='lat' dir='ltr'><strong>ex</strong></span> <span class='ocrx_word' id='word_1_143' title='bbox 2596 786 2934 857; x_wconf 87' lang='lat' dir='ltr'><strong>principibus</strong></span> <span class='ocrx_word' id='word_1_144' title='bbox 2971 785 3169 841; x_wconf 85' lang='lat' dir='ltr'><strong>castris</strong></span> <span class='ocrx_word' id='word_1_145' title='bbox 3191 799 3251 839; x_wconf 89' lang='lat' dir='ltr'><strong>se</strong></span> <span class='ocrx_word' id='word_1_146' title='bbox 3291 799 3387 854; x_wconf 85' lang='lat' dir='ltr'><strong>per</strong></span> <span class='ocrx_word' id='word_1_147' title='bbox 3413 783 3554 837; x_wconf 84' lang='lat' dir='ltr'><strong>iram</strong></span> <span class='ocrx_word' id='word_1_148' title='bbox 3584 782 3816 836; x_wconf 77' lang='lat' dir='ltr'><strong>subtra—</strong></span> 
     </span>
    </p>
   </div>
   <div class='ocr_carea' id='block_1_25' title="bbox 2214 872 3815 948">
    <p class='ocr_par' dir='ltr' id='par_1_25' title="bbox 2214 872 3815 948">
     <span class='ocr_line' id='line_1_25' title="bbox 2214 872 3815 948; baseline -0.004 -16"><span class='ocrx_word' id='word_1_149' title='bbox 2214 876 2428 944; x_wconf 88' lang='lat' dir='ltr'><strong>hentes,</strong></span> <span class='ocrx_word' id='word_1_150' title='bbox 2465 877 2661 948; x_wconf 90' lang='lat' dir='ltr'><strong>injussi</strong></span> <span class='ocrx_word' id='word_1_151' title='bbox 2690 878 2746 931; x_wconf 93' lang='lat' dir='ltr'><strong>in</strong></span> <span class='ocrx_word' id='word_1_152' title='bbox 2779 893 2880 933; x_wconf 81' lang='lat' dir='ltr'><strong>sua</strong></span> <span class='ocrx_word' id='word_1_153' title='bbox 2923 876 3157 932; x_wconf 89' lang='lat' dir='ltr'><strong>rediere.</strong></span> <span class='ocrx_word' id='word_1_154' title='bbox 3205 874 3404 940; x_wconf 86' lang='lat' dir='ltr'><strong>Ceteri,</strong></span> <span class='ocrx_word' id='word_1_155' title='bbox 3450 872 3815 928; x_wconf 73' lang='lat' dir='ltr'><strong>dissimulata</strong></span> 
     </span>
    </p>
   </div>
   <div class='ocr_carea' id='block_1_26' title="bbox 2215 964 3817 1038">
    <p class='ocr_par' dir='ltr' id='par_1_26' title="bbox 2215 964 3817 1038">
     <span class='ocr_line' id='line_1_26' title="bbox 2215 964 3817 1038; baseline -0.002 -16"><span class='ocrx_word' id='word_1_156' title='bbox 2215 967 2436 1023; x_wconf 85' lang='lat' dir='ltr'><strong>interim</strong></span> <span class='ocrx_word' id='word_1_157' title='bbox 2470 969 2773 1036; x_wconf 91' lang='lat' dir='ltr'><strong>iracundia,</strong></span> <span class='ocrx_word' id='word_1_158' title='bbox 2816 969 3135 1024; x_wconf 88' lang='lat' dir='ltr'><strong>redeuntem</strong></span> <span class='ocrx_word' id='word_1_159' title='bbox 3165 981 3347 1038; x_wconf 88' lang='lat' dir='ltr'><strong>regem</strong></span> <span class='ocrx_word' id='word_1_160' title='bbox 3389 964 3623 1035; x_wconf 86' lang='lat' dir='ltr'><strong>pacifiee</strong></span> <span class='ocrx_word' id='word_1_161' title='bbox 3648 978 3817 1019; x_wconf 61' lang='lat' dir='ltr'><strong>exw</strong></span> 
     </span>
    </p>
   </div>
   <div class='ocr_carea' id='block_1_27' title="bbox 2215 1054 3815 1130">
    <p class='ocr_par' dir='ltr' id='par_1_27' title="bbox 2215 1054 3815 1130">
     <span class='ocr_line' id='line_1_27' title="bbox 2215 1054 3815 1130; baseline -0.004 -16"><span class='ocrx_word' id='word_1_162' title='bbox 2215 1068 2437 1129; x_wconf 89' lang='lat' dir='ltr'><strong>perunt,</strong></span> <span class='ocrx_word' id='word_1_163' title='bbox 2469 1060 2565 1116; x_wconf 91' lang='lat' dir='ltr'><strong>sed</strong></span> <span class='ocrx_word' id='word_1_164' title='bbox 2612 1075 2789 1130; x_wconf 87' lang='lat' dir='ltr'><strong>neque</strong></span> <span class='ocrx_word' id='word_1_165' title='bbox 2840 1061 2931 1092; x_wconf 79' lang='lat'><strong>“’&quot;</strong></span> <span class='ocrx_word' id='word_1_166' title='bbox 2979 1065 3299 1115; x_wconf 81' lang='lat' dir='ltr'><strong>consuetam</strong></span> <span class='ocrx_word' id='word_1_167' title='bbox 3340 1056 3392 1113; x_wconf 90' lang='lat' dir='ltr'><strong>ei</strong></span> <span class='ocrx_word' id='word_1_168' title='bbox 3437 1054 3815 1111; x_wconf 80' lang='lat' dir='ltr'><strong>reverentiam</strong></span> 
     </span>
    </p>
   </div>
   <div class='ocr_carea' id='block_1_28' title="bbox 2216 1146 3816 1222">
    <p class='ocr_par' dir='ltr' id='par_1_28' title="bbox 2216 1146 3816 1222">
     <span class='ocr_line' id='line_1_28' title="bbox 2216 1146 3816 1222; baseline -0.004 -16"><span class='ocrx_word' id='word_1_169' title='bbox 2216 1151 2535 1207; x_wconf 78' lang='lat' dir='ltr'><strong>deferebant</strong></span> <span class='ocrx_word' id='word_1_170' title='bbox 2563 1152 2675 1219; x_wconf 60' lang='lat'><strong>“&quot;3.</strong></span> <span class='ocrx_word' id='word_1_171' title='bbox 2714 1167 2893 1222; x_wconf 89' lang='lat' dir='ltr'><strong>neque</strong></span> <span class='ocrx_word' id='word_1_172' title='bbox 2917 1160 3027 1208; x_wconf 88' lang='lat' dir='ltr'><strong>tam</strong></span> <span class='ocrx_word' id='word_1_173' title='bbox 3061 1158 3407 1219; x_wconf 86' lang='lat' dir='ltr'><strong>sumptuosa,</strong></span> <span class='ocrx_word' id='word_1_174' title='bbox 3439 1155 3505 1202; x_wconf 89' lang='lat' dir='ltr'><strong>ut</strong></span> <span class='ocrx_word' id='word_1_175' title='bbox 3532 1146 3696 1217; x_wconf 89' lang='lat' dir='ltr'><strong>prius</strong></span> <span class='ocrx_word' id='word_1_176' title='bbox 3721 1154 3816 1199; x_wconf 86' lang='lat' dir='ltr'><strong>ut-</strong></span> 
     </span>
    </p>
   </div>
   <div class='ocr_carea' id='block_1_29' title="bbox 2217 1237 3821 1314">
    <p class='ocr_par' dir='ltr' id='par_1_29' title="bbox 2217 1237 3821 1314">
     <span class='ocr_line' id='line_1_29' title="bbox 2217 1237 3821 1314; baseline -0.004 -17"><span class='ocrx_word' id='word_1_177' title='bbox 2217 1259 2326 1314; x_wconf 90' lang='lat' dir='ltr'><strong>que</strong></span> <span class='ocrx_word' id='word_1_178' title='bbox 2353 1244 2558 1314; x_wconf 82' lang='lat' dir='ltr'><strong>regiam</strong></span> <span class='ocrx_word' id='word_1_179' title='bbox 2586 1242 3047 1314; x_wconf 83' lang='lat' dir='ltr'><strong>magniﬁcentiam</strong></span> <span class='ocrx_word' id='word_1_180' title='bbox 3070 1242 3351 1306; x_wconf 84' lang='lat' dir='ltr'><strong>decuerat,</strong></span> <span class='ocrx_word' id='word_1_181' title='bbox 3375 1237 3603 1294; x_wconf 88' lang='lat' dir='ltr'><strong>servitia</strong></span> <span class='ocrx_word' id='word_1_182' title='bbox 3634 1238 3687 1294; x_wconf 89' lang='lat' dir='ltr'><strong>ei</strong></span> <span class='ocrx_word' id='word_1_183' title='bbox 3719 1253 3821 1292; x_wconf 77' lang='lat' dir='ltr'><strong>ex-</strong></span> 
     </span>
    </p>
   </div>
   <div class='ocr_carea' id='block_1_30' title="bbox 2219 1330 3823 1404">
    <p class='ocr_par' dir='ltr' id='par_1_30' title="bbox 2219 1330 3823 1404">
     <span class='ocr_line' id='line_1_30' title="bbox 2219 1330 3823 1404; baseline -0.004 -15"><span class='ocrx_word' id='word_1_184' title='bbox 2219 1334 2498 1404; x_wconf 72' lang='lat' dir='ltr'><strong>hibebant,</strong></span> <span class='ocrx_word' id='word_1_185' title='bbox 2532 1336 2625 1392; x_wconf 90' lang='lat' dir='ltr'><strong>sed</strong></span> <span class='ocrx_word' id='word_1_186' title='bbox 2649 1336 2856 1392; x_wconf 88' lang='lat' dir='ltr'><strong>aversis</strong></span> <span class='ocrx_word' id='word_1_187' title='bbox 2881 1335 3079 1401; x_wconf 91' lang='lat' dir='ltr'><strong>oculis,</strong></span> <span class='ocrx_word' id='word_1_188' title='bbox 3111 1331 3327 1388; x_wconf 83' lang='lat' dir='ltr'><strong>infestis</strong></span> <span class='ocrx_word' id='word_1_189' title='bbox 3355 1330 3663 1397; x_wconf 84' lang='lat' dir='ltr'><strong>mentibus,</strong></span> <span class='ocrx_word' id='word_1_190' title='bbox 3687 1343 3823 1399; x_wconf 72' lang='lat' dir='ltr'><strong>pas-</strong></span> 
     </span>
    </p>
   </div>
   <div class='ocr_carea' id='block_1_31' title="bbox 2220 1420 3823 1499">
    <p class='ocr_par' dir='ltr' id='par_1_31' title="bbox 2220 1420 3823 1499">
     <span class='ocr_line' id='line_1_31' title="bbox 2220 1420 3823 1499; baseline -0.005 -18"><span class='ocrx_word' id='word_1_191' title='bbox 2220 1427 2324 1481; x_wconf 86' lang='lat' dir='ltr'><strong>sim</strong></span> <span class='ocrx_word' id='word_1_192' title='bbox 2354 1443 2452 1497; x_wconf 90' lang='lat' dir='ltr'><strong>per</strong></span> <span class='ocrx_word' id='word_1_193' title='bbox 2477 1444 2669 1484; x_wconf 91' lang='lat' dir='ltr'><strong>omnes</strong></span> <span class='ocrx_word' id='word_1_194' title='bbox 2710 1428 2942 1499; x_wconf 80' lang='lat' dir='ltr'><strong>angulos</strong></span> <span class='ocrx_word' id='word_1_195' title='bbox 2992 1426 3059 1481; x_wconf 92' lang='lat' dir='ltr'><strong>de</strong></span> <span class='ocrx_word' id='word_1_196' title='bbox 3106 1425 3324 1480; x_wconf 86' lang='lat' dir='ltr'><strong>levitate</strong></span> <span class='ocrx_word' id='word_1_197' title='bbox 3366 1431 3422 1478; x_wconf 89' lang='lat' dir='ltr'><strong>et</strong></span> <span class='ocrx_word' id='word_1_198' title='bbox 3461 1422 3673 1492; x_wconf 75' lang='lat' dir='ltr'><strong>ineptia</strong></span> <span class='ocrx_word' id='word_1_199' title='bbox 3696 1420 3823 1490; x_wconf 85' lang='lat' dir='ltr'><strong>ejus</strong></span> 
     </span>
    </p>
   </div>
   <div class='ocr_carea' id='block_1_32' title="bbox 2221 1511 3823 1589">
    <p class='ocr_par' dir='ltr' id='par_1_32' title="bbox 2221 1511 3823 1589">
     <span class='ocr_line' id='line_1_32' title="bbox 2221 1511 3823 1589; baseline 0.001 -17"><span class='ocrx_word' id='word_1_200' title='bbox 2221 1518 2576 1586; x_wconf 89' lang='lat' dir='ltr'><strong>musitabant,</strong></span> <span class='ocrx_word' id='word_1_201' title='bbox 2634 1520 3053 1589; x_wconf 87' lang='lat' dir='ltr'><strong>socordiamque</strong></span> <span class='ocrx_word' id='word_1_202' title='bbox 3102 1516 3441 1572; x_wconf 88' lang='lat' dir='ltr'><strong>accusabant</strong></span> <span class='ocrx_word' id='word_1_203' title='bbox 3494 1514 3614 1581; x_wconf 78' lang='grc'><strong>¹⁹⁷⁹,</strong></span> <span class='ocrx_word' id='word_1_204' title='bbox 3667 1511 3823 1584; x_wconf 81' lang='lat' dir='ltr'><strong>quod</strong></span> 
     </span>
    </p>
   </div>
   <div class='ocr_carea' id='block_1_33' title="bbox 524 1589 2115 1687">
    <p class='ocr_par' dir='ltr' id='par_1_33' title="bbox 524 1609 2115 1687">
     <span class='ocr_line' id='line_1_33' title="bbox 524 1609 2115 1687; baseline 0.006 -26"><span class='ocrx_word' id='word_1_205' title='bbox 524 1609 817 1675; x_wconf 86' lang='lat' dir='ltr'><strong>astimare,</strong></span> <span class='ocrx_word' id='word_1_206' title='bbox 844 1627 1004 1680; x_wconf 90' lang='lat' dir='ltr'><strong>quem</strong></span> <span class='ocrx_word' id='word_1_207' title='bbox 1041 1613 1218 1682; x_wconf 85' lang='lat' dir='ltr'><strong>ipsum</strong></span> <span class='ocrx_word' id='word_1_208' title='bbox 1258 1630 1448 1671; x_wconf 91' lang='lat' dir='ltr'><strong>omnes</strong></span> <span class='ocrx_word' id='word_1_209' title='bbox 1482 1615 1648 1671; x_wconf 84' lang='lat' dir='ltr'><strong>Italia</strong></span> <span class='ocrx_word' id='word_1_210' title='bbox 1681 1617 1921 1687; x_wconf 75' lang='lat' dir='ltr'><strong>epis00pi</strong></span> <span class='ocrx_word' id='word_1_211' title='bbox 1951 1617 2115 1687; x_wconf 90' lang='lat' dir='ltr'><strong>justis</strong></span> 
     </span>
    </p>
   </div>
   <div class='ocr_carea' id='block_1_34' title="bbox 2216 1589 3825 1687">
    <p class='ocr_par' dir='ltr' id='par_1_34' title="bbox 2221 1603 3825 1682">
     <span class='ocr_line' id='line_1_34' title="bbox 2221 1603 3825 1682; baseline -0.002 -20"><span class='ocrx_word' id='word_1_212' title='bbox 2221 1617 2332 1663; x_wconf 88' lang='lat' dir='ltr'><strong>tam</strong></span> <span class='ocrx_word' id='word_1_213' title='bbox 2367 1610 2461 1664; x_wconf 92' lang='lat' dir='ltr'><strong>diu</strong></span> <span class='ocrx_word' id='word_1_214' title='bbox 2500 1620 2840 1682; x_wconf 81' lang='lat' dir='ltr'><strong>expectatus,</strong></span> <span class='ocrx_word' id='word_1_215' title='bbox 2885 1619 2998 1664; x_wconf 91' lang='lat' dir='ltr'><strong>tam</strong></span> <span class='ocrx_word' id='word_1_216' title='bbox 3037 1608 3199 1664; x_wconf 87' lang='lat' dir='ltr'><strong>anxie</strong></span> <span class='ocrx_word' id='word_1_217' title='bbox 3247 1606 3627 1672; x_wconf 85' lang='lat' dir='ltr'><strong>desideratus,</strong></span> <span class='ocrx_word' id='word_1_218' title='bbox 3671 1603 3825 1677; x_wconf 81' lang='lat' dir='ltr'><strong>peri-</strong></span> 
     </span>
    </p>
   </div>
   <div class='ocr_carea' id='block_1_35' title="bbox 524 1701 2120 1778">
    <p class='ocr_par' dir='ltr' id='par_1_35' title="bbox 524 1701 2120 1778">
     <span class='ocr_line' id='line_1_35' title="bbox 524 1701 2120 1778; baseline 0.007 -27"><span class='ocrx_word' id='word_1_219' title='bbox 524 1713 589 1752; x_wconf 77' lang='lat' dir='ltr'><strong>ex</strong></span> <span class='ocrx_word' id='word_1_220' title='bbox 619 1701 804 1755; x_wconf 91' lang='lat' dir='ltr'><strong>causis</strong></span> <span class='ocrx_word' id='word_1_221' title='bbox 820 1701 935 1770; x_wconf 89' lang='lat' dir='ltr'><strong>jam</strong></span> <span class='ocrx_word' id='word_1_222' title='bbox 961 1704 1172 1772; x_wconf 85' lang='lat' dir='ltr'><strong>pridem</strong></span> <span class='ocrx_word' id='word_1_223' title='bbox 1197 1708 1783 1774; x_wconf 74' lang='lat' dir='ltr'><strong>exeommunieassent,</strong></span> <span class='ocrx_word' id='word_1_224' title='bbox 1817 1707 1910 1778; x_wconf 92' lang='lat' dir='ltr'><strong>qui</strong></span> <span class='ocrx_word' id='word_1_225' title='bbox 1934 1709 2120 1764; x_wconf 88' lang='lat' dir='ltr'><strong>sedem</strong></span> 
     </span>
    </p>
   </div>
   <div class='ocr_carea' id='block_1_36' title="bbox 526 1792 2119 1871">
    <p class='ocr_par' dir='ltr' id='par_1_36' title="bbox 526 1792 2119 1871">
     <span class='ocr_line' id='line_1_36' title="bbox 526 1792 2119 1871; baseline 0.008 -27"><span class='ocrx_word' id='word_1_226' title='bbox 526 1792 883 1860; x_wconf 82' lang='lat' dir='ltr'><strong>apostolicam</strong></span> <span class='ocrx_word' id='word_1_227' title='bbox 930 1810 1027 1864; x_wconf 91' lang='lat' dir='ltr'><strong>per</strong></span> <span class='ocrx_word' id='word_1_228' title='bbox 1064 1795 1433 1854; x_wconf 72' lang='lat' dir='ltr'><strong>Simoniacam</strong></span> <span class='ocrx_word' id='word_1_229' title='bbox 1477 1801 1716 1855; x_wconf 88' lang='lat' dir='ltr'><strong>heresim</strong></span> <span class='ocrx_word' id='word_1_230' title='bbox 1763 1810 2119 1871; x_wconf 90' lang='lat' dir='ltr'><strong>occupasset,</strong></span> 
     </span>
    </p>
   </div>
   <div class='ocr_carea' id='block_1_37' title="bbox 525 1882 2119 1964">
    <p class='ocr_par' dir='ltr' id='par_1_37' title="bbox 525 1882 2119 1964">
     <span class='ocr_line' id='line_1_37' title="bbox 525 1882 2119 1964; baseline 0.009 -29"><span class='ocrx_word' id='word_1_231' title='bbox 525 1882 836 1939; x_wconf 85' lang='lat' dir='ltr'><strong>homicidiis</strong></span> <span class='ocrx_word' id='word_1_232' title='bbox 872 1896 1236 1955; x_wconf 89' lang='lat' dir='ltr'><strong>cruentasset,</strong></span> <span class='ocrx_word' id='word_1_233' title='bbox 1277 1892 1565 1948; x_wconf 90' lang='lat' dir='ltr'><strong>adulteriis</strong></span> <span class='ocrx_word' id='word_1_234' title='bbox 1591 1893 1822 1964; x_wconf 87' lang='lat' dir='ltr'><strong>aliisque</strong></span> <span class='ocrx_word' id='word_1_235' title='bbox 1867 1894 2119 1964; x_wconf 90' lang='lat' dir='ltr'><strong>capitali-</strong></span> 
     </span>
    </p>
   </div>
   <div class='ocr_carea' id='block_1_38' title="bbox 524 1971 2123 2054">
    <p class='ocr_par' dir='ltr' id='par_1_38' title="bbox 524 1971 2123 2054">
     <span class='ocr_line' id='line_1_38' title="bbox 524 1971 2123 2054; baseline 0.01 -28"><span class='ocrx_word' id='word_1_236' title='bbox 524 1971 630 2028; x_wconf 93' lang='lat' dir='ltr'><strong>bus</strong></span> <span class='ocrx_word' id='word_1_237' title='bbox 656 1975 978 2033; x_wconf 89' lang='lat' dir='ltr'><strong>criminibus</strong></span> <span class='ocrx_word' id='word_1_238' title='bbox 1019 1980 1361 2049; x_wconf 80' lang='lat' dir='ltr'><strong>polluisset;.</strong></span> <span class='ocrx_word' id='word_1_239' title='bbox 1387 2000 1571 2054; x_wconf 82' lang='lat' dir='ltr'><strong>regem</strong></span> <span class='ocrx_word' id='word_1_240' title='bbox 1610 2001 1772 2040; x_wconf 89' lang='lat' dir='ltr'><strong>secus</strong></span> <span class='ocrx_word' id='word_1_241' title='bbox 1820 2002 1884 2041; x_wconf 91' lang='lat' dir='ltr'><strong>ac</strong></span> <span class='ocrx_word' id='word_1_242' title='bbox 1933 1986 2123 2041; x_wconf 82' lang='lat' dir='ltr'><strong>deceat</strong></span> 
     </span>
    </p>
   </div>
   <div class='ocr_carea' id='block_1_39' title="bbox 507 2064 2120 2148">
    <p class='ocr_par' dir='ltr' id='par_1_39' title="bbox 507 2064 2120 2148">
     <span class='ocr_line' id='line_1_39' title="bbox 507 2064 2120 2148; baseline 0.011 -32"><span class='ocrx_word' id='word_1_243' title='bbox 507 2064 704 2134; x_wconf 80' lang='lat' dir='ltr'><strong>egisse</strong></span> <span class='ocrx_word' id='word_1_244' title='bbox 738 2069 1078 2144; x_wconf 77' lang='lat' dir='ltr'><strong>.crimenque</strong></span> <span class='ocrx_word' id='word_1_245' title='bbox 1127 2074 1315 2142; x_wconf 83' lang='lat' dir='ltr'><strong>gloria</strong></span> <span class='ocrx_word' id='word_1_246' title='bbox 1351 2092 1466 2137; x_wconf 80' lang='lat' dir='ltr'><strong>sua</strong></span> <span class='ocrx_word' id='word_1_247' title='bbox 1508 2076 1763 2132; x_wconf 85' lang='lat' dir='ltr'><strong>intulisse</strong></span> <span class='ocrx_word' id='word_1_248' title='bbox 1794 2095 2120 2148; x_wconf 82' lang='lat' dir='ltr'><strong>numquam</strong></span> 
     </span>
    </p>
   </div>
   <div class='ocr_carea' id='block_1_40' title="bbox 524 2156 2119 2240">
    <p class='ocr_par' dir='ltr' id='par_1_40' title="bbox 524 2156 2119 2240">
     <span class='ocr_line' id='line_1_40' title="bbox 524 2156 2119 2240; baseline 0.01 -31"><span class='ocrx_word' id='word_1_249' title='bbox 524 2156 873 2227; x_wconf 87' lang='lat' dir='ltr'><strong>abolendum,</strong></span> <span class='ocrx_word' id='word_1_250' title='bbox 911 2164 1057 2232; x_wconf 87' lang='lat' dir='ltr'><strong>quod</strong></span> <span class='ocrx_word' id='word_1_251' title='bbox 1094 2164 1305 2220; x_wconf 90' lang='lat' dir='ltr'><strong>homini</strong></span> <span class='ocrx_word' id='word_1_252' title='bbox 1338 2167 1578 2225; x_wconf 87' lang='lat' dir='ltr'><strong>heretico</strong></span> <span class='ocrx_word' id='word_1_253' title='bbox 1604 2177 1658 2224; x_wconf 90' lang='lat' dir='ltr'><strong>et</strong></span> <span class='ocrx_word' id='word_1_254' title='bbox 1682 2170 1898 2240; x_wconf 84' lang='lat' dir='ltr'><strong>probris</strong></span> <span class='ocrx_word' id='word_1_255' title='bbox 1936 2170 2119 2227; x_wconf 89' lang='lat' dir='ltr'><strong>omni-</strong></span> 
     </span>
    </p>
   </div>
   <div class='ocr_carea' id='block_1_41' title="bbox 521 2244 2120 2335">
    <p class='ocr_par' dir='ltr' id='par_1_41' title="bbox 521 2244 2120 2335">
     <span class='ocr_line' id='line_1_41' title="bbox 521 2244 2120 2335; baseline 0.011 -33"><span class='ocrx_word' id='word_1_256' title='bbox 521 2244 914 2329; x_wconf 54' lang='lat' dir='ltr'><strong>busjnfamato</strong></span> <span class='ocrx_word' id='word_1_257' title='bbox 931 2255 1268 2325; x_wconf 84' lang='lat' dir='ltr'><strong>majestatem</strong></span> <span class='ocrx_word' id='word_1_258' title='bbox 1286 2260 1488 2329; x_wconf 81' lang='lat' dir='ltr'><strong>regiam</strong></span> <span class='ocrx_word' id='word_1_259' title='bbox 1506 2262 1861 2328; x_wconf 87' lang='lat' dir='ltr'><strong>summiserit,</strong></span> <span class='ocrx_word' id='word_1_260' title='bbox 1885 2273 1937 2318; x_wconf 92' lang='lat' dir='ltr'><strong>et</strong></span> <span class='ocrx_word' id='word_1_261' title='bbox 1957 2280 2120 2335; x_wconf 91' lang='lat' dir='ltr'><strong>quem</strong></span> 
     </span>
    </p>
   </div>
   <div class='ocr_carea' id='block_1_42' title="bbox 517 2337 2120 2421">
    <p class='ocr_par' dir='ltr' id='par_1_42' title="bbox 517 2337 2120 2421">
     <span class='ocr_line' id='line_1_42' title="bbox 517 2337 2120 2421; baseline 0.012 -27"><span class='ocrx_word' id='word_1_262' title='bbox 517 2337 754 2410; x_wconf 82' lang='lat' dir='ltr'><strong>justicia</strong></span> <span class='ocrx_word' id='word_1_263' title='bbox 783 2354 1076 2414; x_wconf 88' lang='lat' dir='ltr'><strong>patronum</strong></span> <span class='ocrx_word' id='word_1_264' title='bbox 1106 2349 1393 2421; x_wconf 79' lang='lat' dir='ltr'><strong>legumque</strong></span> <span class='ocrx_word' id='word_1_265' title='bbox 1417 2353 1911 2412; x_wconf 81' lang='lat' dir='ltr'><strong>ecclesiasticarum</strong></span> <span class='ocrx_word' id='word_1_266' title='bbox 1939 2357 2120 2413; x_wconf 89' lang='lat' dir='ltr'><strong>vindi-</strong></span> 
     </span>
    </p>
   </div>
   <div class='ocr_carea' id='block_1_43' title="bbox 523 2434 2123 2514">
    <p class='ocr_par' dir='ltr' id='par_1_43' title="bbox 523 2434 2123 2514">
     <span class='ocr_line' id='line_1_43' title="bbox 523 2434 2123 2514; baseline 0.012 -28"><span class='ocrx_word' id='word_1_267' title='bbox 523 2447 641 2486; x_wconf 91' lang='lat' dir='ltr'><strong>cem</strong></span> <span class='ocrx_word' id='word_1_268' title='bbox 677 2434 779 2489; x_wconf 83' lang='lat' dir='ltr'><strong>sibi</strong></span> <span class='ocrx_word' id='word_1_269' title='bbox 803 2450 1111 2506; x_wconf 89' lang='lat' dir='ltr'><strong>parassent,</strong></span> <span class='ocrx_word' id='word_1_270' title='bbox 1136 2441 1181 2496; x_wconf 93' lang='lat' dir='ltr'><strong>is</strong></span> <span class='ocrx_word' id='word_1_271' title='bbox 1205 2441 1509 2497; x_wconf 80' lang='lat' dir='ltr'><strong>foedissima</strong></span> <span class='ocrx_word' id='word_1_272' title='bbox 1551 2445 1889 2514; x_wconf 91' lang='lat' dir='ltr'><strong>subjectione</strong></span> <span class='ocrx_word' id='word_1_273' title='bbox 1923 2464 2021 2504; x_wconf 91' lang='lat' dir='ltr'><strong>sua</strong></span> <span class='ocrx_word' id='word_1_274' title='bbox 2058 2449 2123 2504; x_wconf 82' lang='lat' dir='ltr'><strong>ti-</strong></span> 
     </span>
    </p>
   </div>
   <div class='ocr_carea' id='block_1_44' title="bbox 523 2524 2121 2613">
    <p class='ocr_par' dir='ltr' id='par_1_44' title="bbox 523 2524 2121 2613">
     <span class='ocr_line' id='line_1_44' title="bbox 523 2524 2121 2613; baseline 0.012 -37"><span class='ocrx_word' id='word_1_275' title='bbox 523 2524 646 2578; x_wconf 85' lang='lat' dir='ltr'><strong>dem</strong></span> <span class='ocrx_word' id='word_1_276' title='bbox 671 2527 828 2595; x_wconf 83' lang='lat' dir='ltr'><strong>plane</strong></span> <span class='ocrx_word' id='word_1_277' title='bbox 850 2531 1197 2599; x_wconf 87' lang='lat' dir='ltr'><strong>catholicam,</strong></span> <span class='ocrx_word' id='word_1_278' title='bbox 1223 2535 1606 2591; x_wconf 90' lang='lat' dir='ltr'><strong>auctoritatem</strong></span> <span class='ocrx_word' id='word_1_279' title='bbox 1632 2536 1912 2606; x_wconf 88' lang='lat' dir='ltr'><strong>Ecclesia,</strong></span> <span class='ocrx_word' id='word_1_280' title='bbox 1939 2540 2121 2613; x_wconf 87' lang='lat' dir='ltr'><strong>digni-</strong></span> 
     </span>
    </p>
   </div>
   <div class='ocr_carea' id='block_1_45' title="bbox 526 2620 2121 2703">
    <p class='ocr_par' dir='ltr' id='par_1_45' title="bbox 526 2620 2121 2703">
     <span class='ocr_line' id='line_1_45' title="bbox 526 2620 2121 2703; baseline 0.011 -34"><span class='ocrx_word' id='word_1_281' title='bbox 526 2623 692 2671; x_wconf 89' lang='lat' dir='ltr'><strong>tatem</strong></span> <span class='ocrx_word' id='word_1_282' title='bbox 736 2620 816 2674; x_wconf 90' lang='lat' dir='ltr'><strong>rei</strong></span> <span class='ocrx_word' id='word_1_283' title='bbox 855 2622 1084 2691; x_wconf 84' lang='lat' dir='ltr'><strong>publica</strong></span> <span class='ocrx_word' id='word_1_284' title='bbox 1112 2626 1441 2694; x_wconf 78' lang='lat' dir='ltr'><strong>prodidezit;</strong></span> <span class='ocrx_word' id='word_1_285' title='bbox 1495 2644 1554 2683; x_wconf 91' lang='lat' dir='ltr'><strong>se</strong></span> <span class='ocrx_word' id='word_1_286' title='bbox 1597 2629 1651 2683; x_wconf 89' lang='lat' dir='ltr'><strong>in</strong></span> <span class='ocrx_word' id='word_1_287' title='bbox 1693 2631 1955 2685; x_wconf 85' lang='lat' dir='ltr'><strong>ultionem</strong></span> <span class='ocrx_word' id='word_1_288' title='bbox 2000 2632 2121 2703; x_wconf 87' lang='lat' dir='ltr'><strong>ejus</strong></span> 
     </span>
    </p>
   </div>
   <div class='ocr_carea' id='block_1_46' title="bbox 526 2716 2121 2793">
    <p class='ocr_par' dir='ltr' id='par_1_46' title="bbox 526 2716 2121 2793">
     <span class='ocr_line' id='line_1_46' title="bbox 526 2716 2121 2793; baseline 0.011 -32"><span class='ocrx_word' id='word_1_289' title='bbox 526 2720 718 2765; x_wconf 71' lang='lat' dir='ltr'><strong>amnes</strong></span> <span class='ocrx_word' id='word_1_290' title='bbox 767 2728 905 2781; x_wconf 91' lang='lat' dir='ltr'><strong>quas</strong></span> <span class='ocrx_word' id='word_1_291' title='bbox 935 2716 1216 2785; x_wconf 82' lang='lat' dir='ltr'><strong>potuerint</strong></span> <span class='ocrx_word' id='word_1_292' title='bbox 1258 2733 1411 2787; x_wconf 84' lang='lat' dir='ltr'><strong>papa</strong></span> <span class='ocrx_word' id='word_1_293' title='bbox 1462 2719 1691 2788; x_wconf 80' lang='lat' dir='ltr'><strong>injurias</strong></span> <span class='ocrx_word' id='word_1_294' title='bbox 1735 2722 2034 2793; x_wconf 86' lang='lat' dir='ltr'><strong>irrogasse,</strong></span> <span class='ocrx_word' id='word_1_295' title='bbox 2066 2733 2121 2779; x_wconf 89' lang='lat' dir='ltr'><strong>et</strong></span> 
     </span>
    </p>
   </div>
   <div class='ocr_carea' id='block_1_47' title="bbox 526 2804 2120 2877">
    <p class='ocr_par' dir='ltr' id='par_1_47' title="bbox 526 2804 2120 2877">
     <span class='ocr_line' id='line_1_47' title="bbox 526 2804 2120 2877; baseline 0.011 -25"><span class='ocrx_word' id='word_1_296' title='bbox 526 2814 694 2866; x_wconf 86' lang='lat' dir='ltr'><strong>nunc,</strong></span> <span class='ocrx_word' id='word_1_297' title='bbox 737 2804 884 2870; x_wconf 85' lang='lat' dir='ltr'><strong>quod</strong></span> <span class='ocrx_word' id='word_1_298' title='bbox 919 2805 1067 2859; x_wconf 88' lang='lat' dir='ltr'><strong>dictu</strong></span> <span class='ocrx_word' id='word_1_299' title='bbox 1107 2824 1326 2877; x_wconf 91' lang='lat' dir='ltr'><strong>quoque</strong></span> <span class='ocrx_word' id='word_1_300' title='bbox 1377 2816 1532 2877; x_wconf 87' lang='lat' dir='ltr'><strong>turpe</strong></span> <span class='ocrx_word' id='word_1_301' title='bbox 1578 2809 1668 2876; x_wconf 90' lang='lat' dir='ltr'><strong>sit,</strong></span> <span class='ocrx_word' id='word_1_302' title='bbox 1718 2826 1776 2866; x_wconf 92' lang='lat' dir='ltr'><strong>se</strong></span> <span class='ocrx_word' id='word_1_303' title='bbox 1821 2812 1875 2866; x_wconf 92' lang='lat' dir='ltr'><strong>in</strong></span> <span class='ocrx_word' id='word_1_304' title='bbox 1926 2815 2120 2870; x_wconf 88' lang='lat' dir='ltr'><strong>mediis</strong></span> 
     </span>
    </p>
   </div>
   <div class='ocr_carea' id='block_1_48' title="bbox 2220 1697 3821 1770">
    <p class='ocr_par' dir='ltr' id='par_1_48' title="bbox 2220 1697 3821 1770">
     <span class='ocr_line' id='line_1_48' title="bbox 2220 1697 3821 1770; baseline -0.002 -15"><span class='ocrx_word' id='word_1_305' title='bbox 2220 1701 2461 1757; x_wconf 89' lang='lat' dir='ltr'><strong>clitantis</strong></span> <span class='ocrx_word' id='word_1_306' title='bbox 2504 1701 2671 1757; x_wconf 90' lang='lat' dir='ltr'><strong>Italia</strong></span> <span class='ocrx_word' id='word_1_307' title='bbox 2704 1702 3110 1757; x_wconf 87' lang='lat' dir='ltr'><strong>calamitatibus</strong></span> <span class='ocrx_word' id='word_1_308' title='bbox 3157 1700 3293 1755; x_wconf 89' lang='lat' dir='ltr'><strong>nihil</strong></span> <span class='ocrx_word' id='word_1_309' title='bbox 3337 1708 3630 1770; x_wconf 88' lang='lat' dir='ltr'><strong>postremo</strong></span> <span class='ocrx_word' id='word_1_310' title='bbox 3671 1697 3821 1767; x_wconf 79' lang='lat' dir='ltr'><strong>Spei,</strong></span> 
     </span>
    </p>
   </div>
   <div class='ocr_carea' id='block_1_49' title="bbox 2220 1791 3823 1863">
    <p class='ocr_par' dir='ltr' id='par_1_49' title="bbox 2220 1791 3823 1863">
     <span class='ocr_line' id='line_1_49' title="bbox 2220 1791 3823 1863; baseline -0.003 -15"><span class='ocrx_word' id='word_1_311' title='bbox 2220 1795 2358 1848; x_wconf 91' lang='lat' dir='ltr'><strong>nihil</strong></span> <span class='ocrx_word' id='word_1_312' title='bbox 2380 1794 2618 1863; x_wconf 88' lang='lat' dir='ltr'><strong>prasidii</strong></span> <span class='ocrx_word' id='word_1_313' title='bbox 2641 1795 2934 1850; x_wconf 90' lang='lat' dir='ltr'><strong>attulisset.</strong></span> <span class='ocrx_word' id='word_1_314' title='bbox 2964 1794 3215 1863; x_wconf 87' lang='lat' dir='ltr'><strong>Cumque</strong></span> <span class='ocrx_word' id='word_1_315' title='bbox 3236 1791 3447 1846; x_wconf 92' lang='lat' dir='ltr'><strong>Italiam</strong></span> <span class='ocrx_word' id='word_1_316' title='bbox 3469 1798 3823 1861; x_wconf 79' lang='lat' dir='ltr'><strong>peragraret,</strong></span> 
     </span>
    </p>
   </div>
   <div class='ocr_carea' id='block_1_50' title="bbox 2220 1882 3827 1957">
    <p class='ocr_par' dir='ltr' id='par_1_50' title="bbox 2220 1882 3827 1957">
     <span class='ocr_line' id='line_1_50' title="bbox 2220 1882 3827 1957; baseline -0.002 -17"><span class='ocrx_word' id='word_1_317' title='bbox 2220 1893 2282 1940; x_wconf 90' lang='lat' dir='ltr'><strong>ut</strong></span> <span class='ocrx_word' id='word_1_318' title='bbox 2306 1885 2412 1951; x_wconf 92' lang='lat' dir='ltr'><strong>his,</strong></span> <span class='ocrx_word' id='word_1_319' title='bbox 2434 1886 2527 1956; x_wconf 88' lang='lat' dir='ltr'><strong>qui</strong></span> <span class='ocrx_word' id='word_1_320' title='bbox 2552 1886 2801 1957; x_wconf 84' lang='lat' dir='ltr'><strong>Oppressi</strong></span> <span class='ocrx_word' id='word_1_321' title='bbox 2826 1886 3045 1942; x_wconf 86' lang='lat' dir='ltr'><strong>fuerant</strong></span> <span class='ocrx_word' id='word_1_322' title='bbox 3068 1884 3510 1954; x_wconf 86' lang='lat' dir='ltr'><strong>calumpniamve</strong></span> <span class='ocrx_word' id='word_1_323' title='bbox 3533 1882 3827 1952; x_wconf 80' lang='lat' dir='ltr'><strong>patieban-</strong></span> 
     </span>
    </p>
   </div>
   <div class='ocr_carea' id='block_1_51' title="bbox 2220 1974 3825 2049">
    <p class='ocr_par' dir='ltr' id='par_1_51' title="bbox 2220 1974 3825 2049">
     <span class='ocr_line' id='line_1_51' title="bbox 2220 1974 3825 2049; baseline -0.003 -17"><span class='ocrx_word' id='word_1_324' title='bbox 2220 1986 2331 2045; x_wconf 89' lang='lat' dir='ltr'><strong>tur,</strong></span> <span class='ocrx_word' id='word_1_325' title='bbox 2371 1978 2523 2049; x_wconf 88' lang='lat' dir='ltr'><strong>regio</strong></span> <span class='ocrx_word' id='word_1_326' title='bbox 2558 1993 2711 2033; x_wconf 89' lang='lat' dir='ltr'><strong>more</strong></span> <span class='ocrx_word' id='word_1_327' title='bbox 2728 1978 2880 2049; x_wconf 90' lang='lat' dir='ltr'><strong>justa</strong></span> <span class='ocrx_word' id='word_1_328' title='bbox 2920 1977 3145 2043; x_wconf 86' lang='lat' dir='ltr'><strong>faceret,</strong></span> <span class='ocrx_word' id='word_1_329' title='bbox 3177 1991 3279 2032; x_wconf 90' lang='lat' dir='ltr'><strong>nec</strong></span> <span class='ocrx_word' id='word_1_330' title='bbox 3305 1976 3360 2030; x_wconf 91' lang='lat' dir='ltr'><strong>in</strong></span> <span class='ocrx_word' id='word_1_331' title='bbox 3400 1974 3665 2030; x_wconf 86' lang='lat' dir='ltr'><strong>civitates</strong></span> <span class='ocrx_word' id='word_1_332' title='bbox 3693 1989 3825 2028; x_wconf 89' lang='lat' dir='ltr'><strong>eum</strong></span> 
     </span>
    </p>
   </div>
   <div class='ocr_carea' id='block_1_52' title="bbox 2219 2066 3817 2139">
    <p class='ocr_par' dir='ltr' id='par_1_52' title="bbox 2219 2066 3817 2139">
     <span class='ocr_line' id='line_1_52' title="bbox 2219 2066 3817 2139; baseline -0.002 -15"><span class='ocrx_word' id='word_1_333' title='bbox 2219 2070 2575 2139; x_wconf 88' lang='lat' dir='ltr'><strong>recipiebant,</strong></span> <span class='ocrx_word' id='word_1_334' title='bbox 2611 2086 2712 2126; x_wconf 92' lang='lat' dir='ltr'><strong>nec</strong></span> <span class='ocrx_word' id='word_1_335' title='bbox 2733 2087 2860 2125; x_wconf 93' lang='lat' dir='ltr'><strong>cum</strong></span> <span class='ocrx_word' id='word_1_336' title='bbox 2899 2069 3097 2125; x_wconf 88' lang='lat' dir='ltr'><strong>faculis</strong></span> <span class='ocrx_word' id='word_1_337' title='bbox 3120 2077 3176 2123; x_wconf 90' lang='lat' dir='ltr'><strong>et</strong></span> <span class='ocrx_word' id='word_1_338' title='bbox 3216 2067 3419 2122; x_wconf 77' lang='lat' dir='ltr'><strong>faustis</strong></span> <span class='ocrx_word' id='word_1_339' title='bbox 3454 2066 3817 2122; x_wconf 83' lang='lat' dir='ltr'><strong>acclamatio-</strong></span> 
     </span>
    </p>
   </div>
   <div class='ocr_carea' id='block_1_53' title="bbox 2221 2157 3826 2233">
    <p class='ocr_par' dir='ltr' id='par_1_53' title="bbox 2221 2157 3826 2233">
     <span class='ocr_line' id='line_1_53' title="bbox 2221 2157 3826 2233; baseline -0.002 -19"><span class='ocrx_word' id='word_1_340' title='bbox 2221 2161 2405 2230; x_wconf 89' lang='lat' dir='ltr'><strong>nibus,</strong></span> <span class='ocrx_word' id='word_1_341' title='bbox 2439 2172 2500 2217; x_wconf 93' lang='lat' dir='ltr'><strong>ut</strong></span> <span class='ocrx_word' id='word_1_342' title='bbox 2533 2162 2810 2233; x_wconf 91' lang='lat' dir='ltr'><strong>prioribus</strong></span> <span class='ocrx_word' id='word_1_343' title='bbox 2848 2162 3071 2233; x_wconf 83' lang='lat' dir='ltr'><strong>regibus</strong></span> <span class='ocrx_word' id='word_1_344' title='bbox 3118 2166 3545 2225; x_wconf 87' lang='lat' dir='ltr'><strong>consueverant,</strong></span> <span class='ocrx_word' id='word_1_345' title='bbox 3598 2157 3826 2212; x_wconf 85' lang='lat' dir='ltr'><strong>obviam</strong></span> 
     </span>
    </p>
   </div>
   <div class='ocr_carea' id='block_1_54' title="bbox 2220 2249 3827 2324">
    <p class='ocr_par' dir='ltr' id='par_1_54' title="bbox 2220 2249 3827 2324">
     <span class='ocr_line' id='line_1_54' title="bbox 2220 2249 3827 2324; baseline -0.002 -16"><span class='ocrx_word' id='word_1_346' title='bbox 2220 2252 2269 2308; x_wconf 89' lang='lat' dir='ltr'><strong>ei</strong></span> <span class='ocrx_word' id='word_1_347' title='bbox 2295 2255 2679 2324; x_wconf 87' lang='lat' dir='ltr'><strong>procedebant,</strong></span> <span class='ocrx_word' id='word_1_348' title='bbox 2712 2254 2807 2309; x_wconf 91' lang='lat' dir='ltr'><strong>sed</strong></span> <span class='ocrx_word' id='word_1_349' title='bbox 2834 2252 2992 2320; x_wconf 85' lang='lat' dir='ltr'><strong>foris,</strong></span> <span class='ocrx_word' id='word_1_350' title='bbox 3017 2252 3074 2307; x_wconf 91' lang='lat' dir='ltr'><strong>in</strong></span> <span class='ocrx_word' id='word_1_351' title='bbox 3101 2251 3438 2307; x_wconf 87' lang='lat' dir='ltr'><strong>suburbanis</strong></span> <span class='ocrx_word' id='word_1_352' title='bbox 3461 2250 3606 2305; x_wconf 90' lang='lat' dir='ltr'><strong>locis</strong></span> <span class='ocrx_word' id='word_1_353' title='bbox 3621 2249 3827 2305; x_wconf 84' lang='lat' dir='ltr'><strong>castris</strong></span> 
     </span>
    </p>
   </div>
   <div class='ocr_carea' id='block_1_55' title="bbox 2220 2340 3829 2416">
    <p class='ocr_par' dir='ltr' id='par_1_55' title="bbox 2220 2340 3829 2416">
     <span class='ocr_line' id='line_1_55' title="bbox 2220 2340 3829 2416; baseline -0.002 -18"><span class='ocrx_word' id='word_1_354' title='bbox 2220 2345 2437 2414; x_wconf 89' lang='lat' dir='ltr'><strong>positis,</strong></span> <span class='ocrx_word' id='word_1_355' title='bbox 2477 2346 2809 2401; x_wconf 91' lang='lat' dir='ltr'><strong>commorari</strong></span> <span class='ocrx_word' id='word_1_356' title='bbox 2848 2345 3148 2416; x_wconf 88' lang='lat' dir='ltr'><strong>jubebatur</strong></span> <span class='ocrx_word' id='word_1_357' title='bbox 3180 2343 3295 2410; x_wconf 71' lang='lat' dir='ltr'><strong>’m,</strong></span> <span class='ocrx_word' id='word_1_358' title='bbox 3340 2351 3396 2397; x_wconf 89' lang='lat' dir='ltr'><strong>et</strong></span> <span class='ocrx_word' id='word_1_359' title='bbox 3444 2341 3579 2397; x_wconf 91' lang='lat' dir='ltr'><strong>illuc</strong></span> <span class='ocrx_word' id='word_1_360' title='bbox 3617 2344 3675 2395; x_wconf 90' lang='lat' dir='ltr'><strong>ei</strong></span> <span class='ocrx_word' id='word_1_361' title='bbox 3725 2340 3829 2395; x_wconf 84' lang='lat' dir='ltr'><strong>ali-</strong></span> 
     </span>
    </p>
   </div>
   <div class='ocr_carea' id='block_1_56' title="bbox 2221 2433 3828 2507">
    <p class='ocr_par' dir='ltr' id='par_1_56' title="bbox 2221 2433 3828 2507">
     <span class='ocr_line' id='line_1_56' title="bbox 2221 2433 3828 2507; baseline -0.002 -16"><span class='ocrx_word' id='word_1_362' title='bbox 2221 2447 2424 2504; x_wconf 75' lang='lat' dir='ltr'><strong>menta,</strong></span> <span class='ocrx_word' id='word_1_363' title='bbox 2455 2437 2658 2507; x_wconf 90' lang='lat' dir='ltr'><strong>quibus</strong></span> <span class='ocrx_word' id='word_1_364' title='bbox 2682 2437 2958 2492; x_wconf 79' lang='lat' dir='ltr'><strong>exercitus</strong></span> <span class='ocrx_word' id='word_1_365' title='bbox 2993 2443 3418 2501; x_wconf 87' lang='lat' dir='ltr'><strong>sustentaretur,</strong></span> <span class='ocrx_word' id='word_1_366' title='bbox 3457 2442 3513 2488; x_wconf 92' lang='lat' dir='ltr'><strong>et</strong></span> <span class='ocrx_word' id='word_1_367' title='bbox 3548 2433 3679 2502; x_wconf 88' lang='lat' dir='ltr'><strong>ipsa</strong></span> <span class='ocrx_word' id='word_1_368' title='bbox 3702 2446 3828 2487; x_wconf 83' lang='lat' dir='ltr'><strong>mo-</strong></span> 
     </span>
    </p>
   </div>
   <div class='ocr_carea' id='block_1_57' title="bbox 2225 2525 3824 2598">
    <p class='ocr_par' dir='ltr' id='par_1_57' title="bbox 2225 2525 3824 2598">
     <span class='ocr_line' id='line_1_57' title="bbox 2225 2525 3824 2598; baseline -0.003 -16"><span class='ocrx_word' id='word_1_369' title='bbox 2225 2527 2347 2582; x_wconf 89' lang='lat' dir='ltr'><strong>dica</strong></span> <span class='ocrx_word' id='word_1_370' title='bbox 2377 2537 2432 2583; x_wconf 91' lang='lat' dir='ltr'><strong>et</strong></span> <span class='ocrx_word' id='word_1_371' title='bbox 2453 2528 2545 2582; x_wconf 81' lang='lat' dir='ltr'><strong>vix</strong></span> <span class='ocrx_word' id='word_1_372' title='bbox 2570 2528 2950 2583; x_wconf 89' lang='lat' dir='ltr'><strong>necessitatem</strong></span> <span class='ocrx_word' id='word_1_373' title='bbox 2974 2528 3167 2598; x_wconf 91' lang='lat' dir='ltr'><strong>pocius</strong></span> <span class='ocrx_word' id='word_1_374' title='bbox 3188 2542 3352 2597; x_wconf 89' lang='lat' dir='ltr'><strong>quam</strong></span> <span class='ocrx_word' id='word_1_375' title='bbox 3385 2525 3660 2596; x_wconf 82' lang='lat' dir='ltr'><strong>regalium</strong></span> <span class='ocrx_word' id='word_1_376' title='bbox 3687 2539 3824 2595; x_wconf 88' lang='lat' dir='ltr'><strong>epu-</strong></span> 
     </span>
    </p>
   </div>
   <div class='ocr_carea' id='block_1_58' title="bbox 2220 2616 3827 2690">
    <p class='ocr_par' dir='ltr' id='par_1_58' title="bbox 2220 2616 3827 2690">
     <span class='ocr_line' id='line_1_58' title="bbox 2220 2616 3827 2690; baseline -0.002 -17"><span class='ocrx_word' id='word_1_377' title='bbox 2220 2620 2398 2674; x_wconf 84' lang='lat' dir='ltr'><strong>larum</strong></span> <span class='ocrx_word' id='word_1_378' title='bbox 2432 2620 2655 2674; x_wconf 91' lang='lat' dir='ltr'><strong>solitum</strong></span> <span class='ocrx_word' id='word_1_379' title='bbox 2695 2620 3040 2689; x_wconf 87' lang='lat' dir='ltr'><strong>splendorem</strong></span> <span class='ocrx_word' id='word_1_380' title='bbox 3079 2619 3370 2690; x_wconf 85' lang='lat' dir='ltr'><strong>copiamve</strong></span> <span class='ocrx_word' id='word_1_381' title='bbox 3412 2616 3722 2687; x_wconf 81' lang='lat' dir='ltr'><strong>explentia,</strong></span> <span class='ocrx_word' id='word_1_382' title='bbox 3752 2630 3827 2670; x_wconf 84' lang='lat' dir='ltr'><strong>ne</strong></span> 
     </span>
    </p>
   </div>
   <div class='ocr_carea' id='block_1_59' title="bbox 2220 2707 3827 2780">
    <p class='ocr_par' dir='ltr' id='par_1_59' title="bbox 2220 2707 3827 2780">
     <span class='ocr_line' id='line_1_59' title="bbox 2220 2707 3827 2780; baseline -0.001 -16"><span class='ocrx_word' id='word_1_383' title='bbox 2220 2710 2524 2767; x_wconf 84' lang='lat' dir='ltr'><strong>manifesta</strong></span> <span class='ocrx_word' id='word_1_384' title='bbox 2558 2709 2882 2767; x_wconf 78' lang='lat' dir='ltr'><strong>defectionis</strong></span> <span class='ocrx_word' id='word_1_385' title='bbox 2911 2712 3203 2766; x_wconf 89' lang='lat' dir='ltr'><strong>immature</strong></span> <span class='ocrx_word' id='word_1_386' title='bbox 3232 2709 3391 2780; x_wconf 88' lang='lat' dir='ltr'><strong>argui</strong></span> <span class='ocrx_word' id='word_1_387' title='bbox 3434 2716 3689 2779; x_wconf 88' lang='lat' dir='ltr'><strong>possent,</strong></span> <span class='ocrx_word' id='word_1_388' title='bbox 3718 2707 3827 2762; x_wconf 83' lang='lat' dir='ltr'><strong>mi-</strong></span> 
     </span>
    </p>
   </div>
   <div class='ocr_carea' id='block_1_60' title="bbox 2220 2800 3827 2872">
    <p class='ocr_par' dir='ltr' id='par_1_60' title="bbox 2220 2800 3827 2872">
     <span class='ocr_line' id='line_1_60' title="bbox 2220 2800 3827 2872; baseline -0.001 -17"><span class='ocrx_word' id='word_1_389' title='bbox 2220 2801 2551 2866; x_wconf 89' lang='lat' dir='ltr'><strong>nistrabant,</strong></span> <span class='ocrx_word' id='word_1_390' title='bbox 2583 2802 2834 2872; x_wconf 88' lang='lat' dir='ltr'><strong>apposito</strong></span> <span class='ocrx_word' id='word_1_391' title='bbox 2876 2802 3110 2872; x_wconf 87' lang='lat' dir='ltr'><strong>singulis</strong></span> <span class='ocrx_word' id='word_1_392' title='bbox 3159 2801 3214 2855; x_wconf 90' lang='lat' dir='ltr'><strong>in</strong></span> <span class='ocrx_word' id='word_1_393' title='bbox 3257 2800 3395 2855; x_wconf 91' lang='lat' dir='ltr'><strong>locis</strong></span> <span class='ocrx_word' id='word_1_394' title='bbox 3438 2800 3730 2870; x_wconf 86' lang='lat' dir='ltr'><strong>prasidio,</strong></span> <span class='ocrx_word' id='word_1_395' title='bbox 3762 2807 3827 2854; x_wconf 88' lang='lat' dir='ltr'><strong>ut</strong></span> 
     </span>
    </p>
   </div>
   <div class='ocr_carea' id='block_1_61' title="bbox 525 2890 2115 2988">
    <p class='ocr_par' dir='ltr' id='par_1_61' title="bbox 525 2890 2115 2968">
     <span class='ocr_line' id='line_1_61' title="bbox 525 2890 2115 2968; baseline 0.013 -28"><span class='ocrx_word' id='word_1_396' title='bbox 525 2890 999 2956; x_wconf 84' lang='lat' dir='ltr'><strong>perturbationum</strong></span> <span class='ocrx_word' id='word_1_397' title='bbox 1027 2893 1281 2951; x_wconf 83' lang='lat' dir='ltr'><strong>fluctibus</strong></span> <span class='ocrx_word' id='word_1_398' title='bbox 1307 2897 1534 2964; x_wconf 90' lang='lat' dir='ltr'><strong>relictis,</strong></span> <span class='ocrx_word' id='word_1_399' title='bbox 1576 2898 1756 2968; x_wconf 90' lang='lat' dir='ltr'><strong>ipsum</strong></span> <span class='ocrx_word' id='word_1_400' title='bbox 1784 2903 1887 2956; x_wconf 90' lang='lat' dir='ltr'><strong>sibi</strong></span> <span class='ocrx_word' id='word_1_401' title='bbox 1915 2918 2115 2959; x_wconf 91' lang='lat' dir='ltr'><strong>consu-</strong></span> 
     </span>
    </p>
   </div>
   <div class='ocr_carea' id='block_1_62' title="bbox 2216 2890 3827 2988">
    <p class='ocr_par' dir='ltr' id='par_1_62' title="bbox 2219 2891 3827 2967">
     <span class='ocr_line' id='line_1_62' title="bbox 2219 2891 3827 2967; baseline -0.002 -17"><span class='ocrx_word' id='word_1_402' title='bbox 2219 2897 2430 2967; x_wconf 82' lang='lat' dir='ltr'><strong>pradas</strong></span> <span class='ocrx_word' id='word_1_403' title='bbox 2460 2895 2598 2949; x_wconf 85' lang='lat' dir='ltr'><strong>forte</strong></span> <span class='ocrx_word' id='word_1_404' title='bbox 2626 2896 2693 2950; x_wconf 90' lang='lat' dir='ltr'><strong>de</strong></span> <span class='ocrx_word' id='word_1_405' title='bbox 2721 2894 2870 2965; x_wconf 85' lang='lat' dir='ltr'><strong>agris</strong></span> <span class='ocrx_word' id='word_1_406' title='bbox 2906 2895 2992 2948; x_wconf 89' lang='lat' dir='ltr'><strong>vel</strong></span> <span class='ocrx_word' id='word_1_407' title='bbox 3032 2893 3178 2948; x_wconf 81' lang='lat' dir='ltr'><strong>villis</strong></span> <span class='ocrx_word' id='word_1_408' title='bbox 3217 2908 3379 2964; x_wconf 86' lang='lat' dir='ltr'><strong>agere</strong></span> <span class='ocrx_word' id='word_1_409' title='bbox 3421 2891 3679 2949; x_wconf 87' lang='lat' dir='ltr'><strong>volentes</strong></span> <span class='ocrx_word' id='word_1_410' title='bbox 3732 2907 3827 2947; x_wconf 77' lang='lat' dir='ltr'><strong>ar-</strong></span> 
     </span>
    </p>
   </div>
   <div class='ocr_carea' id='block_1_63' title="bbox 525 2977 2117 3057">
    <p class='ocr_par' dir='ltr' id='par_1_63' title="bbox 525 2977 2117 3057">
     <span class='ocr_line' id='line_1_63' title="bbox 525 2977 2117 3057; baseline 0.01 -26"><span class='ocrx_word' id='word_1_411' title='bbox 525 2977 698 3033; x_wconf 89' lang='lat' dir='ltr'><strong>luisse</strong></span> <span class='ocrx_word' id='word_1_412' title='bbox 737 2989 943 3036; x_wconf 90' lang='lat' dir='ltr'><strong>etcum</strong></span> <span class='ocrx_word' id='word_1_413' title='bbox 989 2984 1079 3015; x_wconf 74' lang='lat'><strong>“&#39;7’</strong></span> <span class='ocrx_word' id='word_1_414' title='bbox 1120 2986 1278 3041; x_wconf 92' lang='lat' dir='ltr'><strong>hoste</strong></span> <span class='ocrx_word' id='word_1_415' title='bbox 1319 2988 1539 3057; x_wconf 90' lang='lat' dir='ltr'><strong>publico</strong></span> <span class='ocrx_word' id='word_1_416' title='bbox 1569 2989 1779 3057; x_wconf 89' lang='lat' dir='ltr'><strong>privata</strong></span> <span class='ocrx_word' id='word_1_417' title='bbox 1810 2994 2117 3048; x_wconf 87' lang='lat' dir='ltr'><strong>necessitu-</strong></span> 
     </span>
    </p>
   </div>
   <div class='ocr_carea' id='block_1_64' title="bbox 504 3068 2120 3154">
    <p class='ocr_par' dir='ltr' id='par_1_64' title="bbox 504 3068 2120 3154">
     <span class='ocr_line' id='line_1_64' title="bbox 504 3068 2120 3154; baseline 0.012 -33"><span class='ocrx_word' id='word_1_418' title='bbox 504 3068 655 3123; x_wconf 80' lang='lat' dir='ltr'><strong>‘dine</strong></span> <span class='ocrx_word' id='word_1_419' title='bbox 687 3070 741 3124; x_wconf 94' lang='lat' dir='ltr'><strong>in</strong></span> <span class='ocrx_word' id='word_1_420' title='bbox 782 3074 1011 3142; x_wconf 90' lang='lat' dir='ltr'><strong>gratiam</strong></span> <span class='ocrx_word' id='word_1_421' title='bbox 1042 3078 1268 3132; x_wconf 90' lang='lat' dir='ltr'><strong>redisse.</strong></span> <span class='ocrx_word' id='word_1_422' title='bbox 1306 3076 1430 3134; x_wconf 78' lang='lat' dir='ltr'><strong>[Iac</strong></span> <span class='ocrx_word' id='word_1_423' title='bbox 1458 3082 1803 3151; x_wconf 89' lang='lat' dir='ltr'><strong>potissimum</strong></span> <span class='ocrx_word' id='word_1_424' title='bbox 1846 3083 2120 3154; x_wconf 89' lang='lat' dir='ltr'><strong>principes</strong></span> 
     </span>
    </p>
   </div>
   <div class='ocr_carea' id='block_1_65' title="bbox 527 3157 2120 3244">
    <p class='ocr_par' dir='ltr' id='par_1_65' title="bbox 527 3157 2120 3244">
     <span class='ocr_line' id='line_1_65' title="bbox 527 3157 2120 3244; baseline 0.013 -33"><span class='ocrx_word' id='word_1_425' title='bbox 527 3157 698 3214; x_wconf 79' lang='lat' dir='ltr'><strong>Italia</strong></span> <span class='ocrx_word' id='word_1_426' title='bbox 719 3161 979 3230; x_wconf 85' lang='lat' dir='ltr'><strong>jactando</strong></span> <span class='ocrx_word' id='word_1_427' title='bbox 1001 3177 1054 3221; x_wconf 89' lang='lat' dir='ltr'><strong>et</strong></span> <span class='ocrx_word' id='word_1_428' title='bbox 1091 3170 1297 3238; x_wconf 86' lang='lat' dir='ltr'><strong>passim</strong></span> <span class='ocrx_word' id='word_1_429' title='bbox 1329 3188 1426 3240; x_wconf 84' lang='lat' dir='ltr'><strong>per</strong></span> <span class='ocrx_word' id='word_1_430' title='bbox 1460 3174 1723 3244; x_wconf 82' lang='lat' dir='ltr'><strong>populum</strong></span> <span class='ocrx_word' id='word_1_431' title='bbox 1752 3176 2005 3243; x_wconf 86' lang='lat' dir='ltr'><strong>serendo,</strong></span> <span class='ocrx_word' id='word_1_432' title='bbox 2036 3178 2120 3231; x_wconf 92' lang='lat' dir='ltr'><strong>in-</strong></span> 
     </span>
    </p>
   </div>
   <div class='ocr_carea' id='block_1_66' title="bbox 527 3253 2120 3335">
    <p class='ocr_par' dir='ltr' id='par_1_66' title="bbox 527 3253 2120 3335">
     <span class='ocr_line' id='line_1_66' title="bbox 527 3253 2120 3335; baseline 0.012 -33"><span class='ocrx_word' id='word_1_433' title='bbox 527 3265 662 3320; x_wconf 86' lang='lat' dir='ltr'><strong>gens</strong></span> <span class='ocrx_word' id='word_1_434' title='bbox 690 3253 804 3324; x_wconf 88' lang='lat' dir='ltr'><strong>regi</strong></span> <span class='ocrx_word' id='word_1_435' title='bbox 827 3255 1012 3311; x_wconf 89' lang='lat' dir='ltr'><strong>odium</strong></span> <span class='ocrx_word' id='word_1_436' title='bbox 1037 3259 1186 3313; x_wconf 85' lang='lat' dir='ltr'><strong>brevi</strong></span> <span class='ocrx_word' id='word_1_437' title='bbox 1208 3261 1600 3318; x_wconf 84' lang='lat' dir='ltr'><strong>conflaverant.</strong></span> <span class='ocrx_word' id='word_1_438' title='bbox 1621 3263 1815 3319; x_wconf 82' lang='lat' dir='ltr'><strong>Adulta</strong></span> <span class='ocrx_word' id='word_1_439' title='bbox 1839 3276 2120 3335; x_wconf 89' lang='lat' dir='ltr'><strong>postremo</strong></span> 
     </span>
    </p>
   </div>
   <div class='ocr_carea' id='block_1_67' title="bbox 526 3340 2117 3420">
    <p class='ocr_par' dir='ltr' id='par_1_67' title="bbox 526 3340 2117 3420">
     <span class='ocr_line' id='line_1_67' title="bbox 526 3340 2117 3420; baseline 0.01 -27"><span class='ocrx_word' id='word_1_440' title='bbox 526 3340 817 3410; x_wconf 88' lang='lat' dir='ltr'><strong>seditione,</strong></span> <span class='ocrx_word' id='word_1_441' title='bbox 847 3363 957 3401; x_wconf 92' lang='lat' dir='ltr'><strong>una</strong></span> <span class='ocrx_word' id='word_1_442' title='bbox 986 3350 1229 3404; x_wconf 91' lang='lat' dir='ltr'><strong>omnium</strong></span> <span class='ocrx_word' id='word_1_443' title='bbox 1261 3352 1539 3419; x_wconf 87' lang='lat' dir='ltr'><strong>voluntas,</strong></span> <span class='ocrx_word' id='word_1_444' title='bbox 1562 3369 1670 3408; x_wconf 90' lang='lat' dir='ltr'><strong>una</strong></span> <span class='ocrx_word' id='word_1_445' title='bbox 1689 3355 1957 3409; x_wconf 89' lang='lat' dir='ltr'><strong>sententia</strong></span> <span class='ocrx_word' id='word_1_446' title='bbox 1982 3364 2117 3420; x_wconf 88' lang='lat' dir='ltr'><strong>erat,</strong></span> 
     </span>
    </p>
   </div>
   <div class='ocr_carea' id='block_1_68' title="bbox 526 3431 2118 3514">
    <p class='ocr_par' dir='ltr' id='par_1_68' title="bbox 526 3431 2118 3514">
     <span class='ocr_line' id='line_1_68' title="bbox 526 3431 2118 3514; baseline 0.011 -32"><span class='ocrx_word' id='word_1_447' title='bbox 526 3435 610 3495; x_wconf 92' lang='lat' dir='ltr'><strong>ut,</strong></span> <span class='ocrx_word' id='word_1_448' title='bbox 635 3431 889 3488; x_wconf 89' lang='lat' dir='ltr'><strong>abdicato</strong></span> <span class='ocrx_word' id='word_1_449' title='bbox 910 3444 1082 3505; x_wconf 87' lang='lat' dir='ltr'><strong>patre,</strong></span> <span class='ocrx_word' id='word_1_450' title='bbox 1109 3440 1363 3508; x_wconf 86' lang='lat' dir='ltr'><strong>quiultro</strong></span> <span class='ocrx_word' id='word_1_451' title='bbox 1386 3442 1536 3511; x_wconf 86' lang='lat' dir='ltr'><strong>regni</strong></span> <span class='ocrx_word' id='word_1_452' title='bbox 1566 3440 1812 3497; x_wconf 88' lang='lat' dir='ltr'><strong>fascibus</strong></span> <span class='ocrx_word' id='word_1_453' title='bbox 1838 3443 2118 3514; x_wconf 87' lang='lat' dir='ltr'><strong>indignum</strong></span> 
     </span>
    </p>
   </div>
   <div class='ocr_carea' id='block_1_69' title="bbox 525 3523 2122 3603">
    <p class='ocr_par' dir='ltr' id='par_1_69' title="bbox 525 3523 2122 3603">
     <span class='ocr_line' id='line_1_69' title="bbox 525 3523 2122 3603; baseline 0.01 -28"><span class='ocrx_word' id='word_1_454' title='bbox 525 3534 588 3576; x_wconf 85' lang='lat' dir='ltr'><strong>se</strong></span> <span class='ocrx_word' id='word_1_455' title='bbox 615 3523 906 3592; x_wconf 75' lang='lat' dir='ltr'><strong>effecisset,</strong></span> <span class='ocrx_word' id='word_1_456' title='bbox 941 3529 1113 3583; x_wconf 86' lang='lat' dir='ltr'><strong>filium</strong></span> <span class='ocrx_word' id='word_1_457' title='bbox 1160 3532 1301 3601; x_wconf 90' lang='lat' dir='ltr'><strong>ejus,</strong></span> <span class='ocrx_word' id='word_1_458' title='bbox 1350 3532 1479 3587; x_wconf 92' lang='lat' dir='ltr'><strong>licet</strong></span> <span class='ocrx_word' id='word_1_459' title='bbox 1533 3533 1810 3603; x_wconf 89' lang='lat' dir='ltr'><strong>impubem</strong></span> <span class='ocrx_word' id='word_1_460' title='bbox 1851 3534 2031 3597; x_wconf 88' lang='lat' dir='ltr'><strong>adhuc</strong></span> <span class='ocrx_word' id='word_1_461' title='bbox 2067 3524 2122 3599; x_wconf 83' lang='lat' dir='ltr'><strong>et</strong></span> 
     </span>
    </p>
   </div>
   <div class='ocr_carea' id='block_1_70' title="bbox 525 3614 2122 3692">
    <p class='ocr_par' dir='ltr' id='par_1_70' title="bbox 525 3614 2122 3692">
     <span class='ocr_line' id='line_1_70' title="bbox 525 3614 2122 3692; baseline 0.009 -28"><span class='ocrx_word' id='word_1_462' title='bbox 525 3614 681 3683; x_wconf 57' lang='lat' dir='ltr'><strong>regii</strong></span> <span class='ocrx_word' id='word_1_463' title='bbox 722 3616 966 3685; x_wconf 87' lang='lat' dir='ltr'><strong>negociis</strong></span> <span class='ocrx_word' id='word_1_464' title='bbox 1002 3619 1381 3687; x_wconf 89' lang='lat' dir='ltr'><strong>immaturum,</strong></span> <span class='ocrx_word' id='word_1_465' title='bbox 1419 3636 1603 3692; x_wconf 87' lang='lat' dir='ltr'><strong>regem</strong></span> <span class='ocrx_word' id='word_1_466' title='bbox 1633 3622 1738 3677; x_wconf 89' lang='lat' dir='ltr'><strong>sibi</strong></span> <span class='ocrx_word' id='word_1_467' title='bbox 1772 3621 2036 3688; x_wconf 81' lang='lat' dir='ltr'><strong>facerent,</strong></span> <span class='ocrx_word' id='word_1_468' title='bbox 2066 3632 2122 3679; x_wconf 90' lang='lat' dir='ltr'><strong>et</strong></span> 
     </span>
    </p>
   </div>
   <div class='ocr_carea' id='block_1_71' title="bbox 525 3697 2123 3786">
    <p class='ocr_par' dir='ltr' id='par_1_71' title="bbox 525 3697 2123 3786">
     <span class='ocr_line' id='line_1_71' title="bbox 525 3697 2123 3786; baseline 0.009 -31"><span class='ocrx_word' id='word_1_469' title='bbox 525 3697 653 3757; x_wconf 88' lang='lat' dir='ltr'><strong>eum</strong></span> <span class='ocrx_word' id='word_1_470' title='bbox 686 3720 752 3758; x_wconf 89' lang='lat' dir='ltr'><strong>eo</strong></span> <span class='ocrx_word' id='word_1_471' title='bbox 783 3708 875 3739; x_wconf 71' lang='lat'><strong>&quot;7&#39;</strong></span> <span class='ocrx_word' id='word_1_472' title='bbox 903 3707 1134 3763; x_wconf 83' lang='lat' dir='ltr'><strong>Romam</strong></span> <span class='ocrx_word' id='word_1_473' title='bbox 1158 3710 1387 3779; x_wconf 85' lang='lat' dir='ltr'><strong>profecti</strong></span> <span class='ocrx_word' id='word_1_474' title='bbox 1416 3727 1613 3786; x_wconf 86' lang='lat' dir='ltr'><strong>papam</strong></span> <span class='ocrx_word' id='word_1_475' title='bbox 1652 3713 1822 3769; x_wconf 87' lang='lat' dir='ltr'><strong>alium</strong></span> <span class='ocrx_word' id='word_1_476' title='bbox 1857 3714 2123 3784; x_wconf 82' lang='lat' dir='ltr'><strong>eligerent</strong></span> 
     </span>
    </p>
   </div>
   <div class='ocr_carea' id='block_1_72' title="bbox 524 3801 2115 3874">
    <p class='ocr_par' dir='ltr' id='par_1_72' title="bbox 524 3801 2115 3874">
     <span class='ocr_line' id='line_1_72' title="bbox 524 3801 2115 3874; baseline 0.009 -27"><span class='ocrx_word' id='word_1_477' title='bbox 524 3811 627 3867; x_wconf 84' lang='lat' dir='ltr'><strong>per</strong></span> <span class='ocrx_word' id='word_1_478' title='bbox 654 3812 815 3865; x_wconf 87' lang='lat' dir='ltr'><strong>quem</strong></span> <span class='ocrx_word' id='word_1_479' title='bbox 846 3808 900 3853; x_wconf 90' lang='lat' dir='ltr'><strong>et</strong></span> <span class='ocrx_word' id='word_1_480' title='bbox 934 3801 1050 3869; x_wconf 91' lang='lat' dir='ltr'><strong>ipse</strong></span> <span class='ocrx_word' id='word_1_481' title='bbox 1077 3802 1328 3873; x_wconf 90' lang='lat' dir='ltr'><strong>protinus</strong></span> <span class='ocrx_word' id='word_1_482' title='bbox 1356 3801 1655 3872; x_wconf 90' lang='lat' dir='ltr'><strong>imperator</strong></span> <span class='ocrx_word' id='word_1_483' title='bbox 1679 3814 2115 3874; x_wconf 87' lang='lat' dir='ltr'><strong>consecraretur,</strong></span> 
     </span>
    </p>
   </div>
   <div class='ocr_carea' id='block_1_73' title="bbox 524 3893 2119 3969">
    <p class='ocr_par' dir='ltr' id='par_1_73' title="bbox 524 3893 2119 3969">
     <span class='ocr_line' id='line_1_73' title="bbox 524 3893 2119 3969; baseline 0.003 -20"><span class='ocrx_word' id='word_1_484' title='bbox 524 3901 581 3949; x_wconf 89' lang='lat' dir='ltr'><strong>et</strong></span> <span class='ocrx_word' id='word_1_485' title='bbox 622 3895 806 3954; x_wconf 86' lang='lat' dir='ltr'><strong>omnia</strong></span> <span class='ocrx_word' id='word_1_486' title='bbox 861 3910 1013 3969; x_wconf 80' lang='lat' dir='ltr'><strong>papa</strong></span> <span class='ocrx_word' id='word_1_487' title='bbox 1064 3893 1232 3964; x_wconf 91' lang='lat' dir='ltr'><strong>hujus</strong></span> <span class='ocrx_word' id='word_1_488' title='bbox 1288 3895 1579 3965; x_wconf 87' lang='lat' dir='ltr'><strong>apostatici</strong></span> <span class='ocrx_word' id='word_1_489' title='bbox 1628 3905 1779 3968; x_wconf 84' lang='lat' dir='ltr'><strong>gesta</strong></span> <span class='ocrx_word' id='word_1_490' title='bbox 1829 3913 2119 3961; x_wconf 83' lang='lat' dir='ltr'><strong>cassaren-</strong></span> 
     </span>
    </p>
   </div>
   <div class='ocr_carea' id='block_1_74' title="bbox 524 3985 771 4049">
    <p class='ocr_par' dir='ltr' id='par_1_74' title="bbox 524 3985 771 4049">
     <span class='ocr_line' id='line_1_74' title="bbox 524 3985 771 4049; baseline 0.008 -33"><span class='ocrx_word' id='word_1_491' title='bbox 524 3993 619 4048; x_wconf 57' lang='lat' dir='ltr'><strong>tur</strong></span> <span class='ocrx_word' id='word_1_492' title='bbox 660 3985 771 4049; x_wconf 53' lang='lat'><strong>1015&#39;</strong></span> 
     </span>
    </p>
   </div>
   <div class='ocr_carea' id='block_1_75' title="bbox 594 4076 2118 4149">
    <p class='ocr_par' dir='ltr' id='par_1_75' title="bbox 594 4076 2118 4149">
     <span class='ocr_line' id='line_1_75' title="bbox 594 4076 2118 4149; baseline 0.003 -19"><span class='ocrx_word' id='word_1_493' title='bbox 594 4076 810 4139; x_wconf 87' lang='lat' dir='ltr'><strong>Perlato</strong></span> <span class='ocrx_word' id='word_1_494' title='bbox 832 4077 898 4132; x_wconf 88' lang='lat' dir='ltr'><strong>ad</strong></span> <span class='ocrx_word' id='word_1_495' title='bbox 922 4093 1103 4149; x_wconf 87' lang='lat' dir='ltr'><strong>regem</strong></span> <span class='ocrx_word' id='word_1_496' title='bbox 1135 4086 1243 4133; x_wconf 87' lang='lat' dir='ltr'><strong>tam</strong></span> <span class='ocrx_word' id='word_1_497' title='bbox 1266 4079 1511 4135; x_wconf 80' lang='lat' dir='ltr'><strong>molesta</strong></span> <span class='ocrx_word' id='word_1_498' title='bbox 1532 4079 1957 4149; x_wconf 84' lang='lat' dir='ltr'><strong>conspirationis</strong></span> <span class='ocrx_word' id='word_1_499' title='bbox 1974 4095 2118 4134; x_wconf 90' lang='lat' dir='ltr'><strong>nun-</strong></span> 
     </span>
    </p>
   </div>
   <div class='ocr_carea' id='block_1_76' title="bbox 522 4169 2115 4242">
    <p class='ocr_par' dir='ltr' id='par_1_76' title="bbox 522 4169 2115 4242">
     <span class='ocr_line' id='line_1_76' title="bbox 522 4169 2115 4242; baseline 0 -18"><span class='ocrx_word' id='word_1_500' title='bbox 522 4169 634 4234; x_wconf 84' lang='lat' dir='ltr'><strong>cio,</strong></span> <span class='ocrx_word' id='word_1_501' title='bbox 696 4169 849 4224; x_wconf 89' lang='lat' dir='ltr'><strong>misit</strong></span> <span class='ocrx_word' id='word_1_502' title='bbox 894 4184 1128 4240; x_wconf 87' lang='lat' dir='ltr'><strong>propere</strong></span> <span class='ocrx_word' id='word_1_503' title='bbox 1187 4170 1449 4242; x_wconf 88' lang='lat' dir='ltr'><strong>quicquid</strong></span> <span class='ocrx_word' id='word_1_504' title='bbox 1507 4172 1649 4241; x_wconf 88' lang='lat' dir='ltr'><strong>apud</strong></span> <span class='ocrx_word' id='word_1_505' title='bbox 1696 4185 1754 4226; x_wconf 90' lang='lat' dir='ltr'><strong>se</strong></span> <span class='ocrx_word' id='word_1_506' title='bbox 1804 4171 2115 4241; x_wconf 88' lang='lat' dir='ltr'><strong>principum</strong></span> 
     </span>
    </p>
   </div>
   <div class='ocr_carea' id='block_1_77' title="bbox 2222 2993 2994 3042">
    <p class='ocr_par' dir='ltr' id='par_1_77' title="bbox 2222 2993 2994 3042">
     <span class='ocr_line' id='line_1_77' title="bbox 2222 2993 2994 3042; baseline -0.004 0"><span class='ocrx_word' id='word_1_507' title='bbox 2222 2996 2367 3042; x_wconf 89' lang='lat' dir='ltr'><strong>mata</strong></span> <span class='ocrx_word' id='word_1_508' title='bbox 2396 3003 2556 3041; x_wconf 87' lang='lat' dir='ltr'><strong>manu</strong></span> <span class='ocrx_word' id='word_1_509' title='bbox 2588 2993 2994 3041; x_wconf 70' lang='lat' dir='ltr'><strong>COCI‘CCI‘CHIUI‘.</strong></span> 
     </span>
    </p>
   </div>
   <div class='ocr_carea' id='block_1_78' title="bbox 2290 3075 3822 3147">
    <p class='ocr_par' dir='ltr' id='par_1_78' title="bbox 2290 3075 3822 3147">
     <span class='ocr_line' id='line_1_78' title="bbox 2290 3075 3822 3147; baseline -0.002 -14"><span class='ocrx_word' id='word_1_510' title='bbox 2290 3079 2536 3133; x_wconf 79' lang='lat' dir='ltr'><strong>Territus</strong></span> <span class='ocrx_word' id='word_1_511' title='bbox 2566 3094 2660 3132; x_wconf 78' lang='lat' dir='ltr'><strong>rex</strong></span> <span class='ocrx_word' id='word_1_512' title='bbox 2689 3077 2909 3133; x_wconf 89' lang='lat' dir='ltr'><strong>insolita</strong></span> <span class='ocrx_word' id='word_1_513' title='bbox 2935 3092 3119 3132; x_wconf 77' lang='lat' dir='ltr'><strong>rerum</strong></span> <span class='ocrx_word' id='word_1_514' title='bbox 3155 3075 3319 3143; x_wconf 84' lang='lat' dir='ltr'><strong>faeie,</strong></span> <span class='ocrx_word' id='word_1_515' title='bbox 3350 3091 3597 3147; x_wconf 90' lang='lat' dir='ltr'><strong>seroque</strong></span> <span class='ocrx_word' id='word_1_516' title='bbox 3632 3075 3822 3147; x_wconf 74' lang='lat' dir='ltr'><strong>pani-</strong></span> 
     </span>
    </p>
   </div>
   <div class='ocr_carea' id='block_1_79' title="bbox 2220 3167 3822 3239">
    <p class='ocr_par' dir='ltr' id='par_1_79' title="bbox 2220 3167 3822 3239">
     <span class='ocr_line' id='line_1_79' title="bbox 2220 3167 3822 3239; baseline -0.001 -16"><span class='ocrx_word' id='word_1_517' title='bbox 2220 3178 2362 3235; x_wconf 87' lang='lat' dir='ltr'><strong>tens,</strong></span> <span class='ocrx_word' id='word_1_518' title='bbox 2400 3169 2545 3239; x_wconf 84' lang='lat' dir='ltr'><strong>quod</strong></span> <span class='ocrx_word' id='word_1_519' title='bbox 2574 3169 2860 3239; x_wconf 76' lang='lat' dir='ltr'><strong>incognita</strong></span> <span class='ocrx_word' id='word_1_520' title='bbox 2913 3168 3089 3238; x_wconf 88' lang='lat' dir='ltr'><strong>gentis</strong></span> <span class='ocrx_word' id='word_1_521' title='bbox 3138 3167 3440 3236; x_wconf 79' lang='lat' dir='ltr'><strong>inexperta</strong></span> <span class='ocrx_word' id='word_1_522' title='bbox 3486 3167 3647 3237; x_wconf 87' lang='lat' dir='ltr'><strong>prius</strong></span> <span class='ocrx_word' id='word_1_523' title='bbox 3690 3167 3822 3222; x_wconf 84' lang='lat' dir='ltr'><strong>ﬁdei</strong></span> 
     </span>
    </p>
   </div>
   <div class='ocr_carea' id='block_1_80' title="bbox 2221 3258 3819 3325">
    <p class='ocr_par' dir='ltr' id='par_1_80' title="bbox 2221 3258 3819 3325">
     <span class='ocr_line' id='line_1_80' title="bbox 2221 3258 3819 3325; baseline -0.001 -10"><span class='ocrx_word' id='word_1_524' title='bbox 2221 3268 2423 3316; x_wconf 89' lang='lat' dir='ltr'><strong>temere</strong></span> <span class='ocrx_word' id='word_1_525' title='bbox 2468 3275 2527 3314; x_wconf 90' lang='lat' dir='ltr'><strong>se</strong></span> <span class='ocrx_word' id='word_1_526' title='bbox 2566 3259 2909 3325; x_wconf 83' lang='lat' dir='ltr'><strong>credidisset,</strong></span> <span class='ocrx_word' id='word_1_527' title='bbox 2951 3267 3006 3313; x_wconf 91' lang='lat' dir='ltr'><strong>et</strong></span> <span class='ocrx_word' id='word_1_528' title='bbox 3050 3258 3365 3313; x_wconf 89' lang='lat' dir='ltr'><strong>Teutonicis</strong></span> <span class='ocrx_word' id='word_1_529' title='bbox 3405 3259 3615 3314; x_wconf 83' lang='lat' dir='ltr'><strong>finibus</strong></span> <span class='ocrx_word' id='word_1_530' title='bbox 3651 3273 3819 3314; x_wconf 76' lang='lat' dir='ltr'><strong>exce-</strong></span> 
     </span>
    </p>
   </div>
   <div class='ocr_carea' id='block_1_81' title="bbox 2219 3346 3819 3421">
    <p class='ocr_par' dir='ltr' id='par_1_81' title="bbox 2219 3346 3819 3421">
     <span class='ocr_line' id='line_1_81' title="bbox 2219 3346 3819 3421; baseline -0.001 -15"><span class='ocrx_word' id='word_1_531' title='bbox 2219 3352 2396 3406; x_wconf 90' lang='lat' dir='ltr'><strong>dendo</strong></span> <span class='ocrx_word' id='word_1_532' title='bbox 2448 3353 2662 3406; x_wconf 88' lang='lat' dir='ltr'><strong>hostem</strong></span> <span class='ocrx_word' id='word_1_533' title='bbox 2694 3359 2966 3406; x_wconf 89' lang='lat' dir='ltr'><strong>mutasset</strong></span> <span class='ocrx_word' id='word_1_534' title='bbox 3014 3346 3127 3418; x_wconf 57' lang='lat'><strong>&quot;3‘,</strong></span> <span class='ocrx_word' id='word_1_535' title='bbox 3175 3366 3287 3404; x_wconf 93' lang='lat' dir='ltr'><strong>non</strong></span> <span class='ocrx_word' id='word_1_536' title='bbox 3339 3351 3634 3416; x_wconf 85' lang='lat' dir='ltr'><strong>evasisset,</strong></span> <span class='ocrx_word' id='word_1_537' title='bbox 3663 3352 3819 3421; x_wconf 81' lang='lat' dir='ltr'><strong>gravi</strong></span> 
     </span>
    </p>
   </div>
   <div class='ocr_carea' id='block_1_82' title="bbox 2219 3441 3820 3513">
    <p class='ocr_par' dir='ltr' id='par_1_82' title="bbox 2219 3441 3820 3513">
     <span class='ocr_line' id='line_1_82' title="bbox 2219 3441 3820 3513; baseline -0.003 -13"><span class='ocrx_word' id='word_1_538' title='bbox 2219 3444 2589 3502; x_wconf 87' lang='lat' dir='ltr'><strong>sollicitudine</strong></span> <span class='ocrx_word' id='word_1_539' title='bbox 2638 3451 2693 3497; x_wconf 91' lang='lat' dir='ltr'><strong>et</strong></span> <span class='ocrx_word' id='word_1_540' title='bbox 2732 3451 2878 3497; x_wconf 90' lang='lat' dir='ltr'><strong>metu</strong></span> <span class='ocrx_word' id='word_1_541' title='bbox 2921 3441 3334 3513; x_wconf 87' lang='lat' dir='ltr'><strong>perurgebatur,</strong></span> <span class='ocrx_word' id='word_1_542' title='bbox 3369 3456 3476 3497; x_wconf 90' lang='lat' dir='ltr'><strong>nec</strong></span> <span class='ocrx_word' id='word_1_543' title='bbox 3504 3441 3683 3495; x_wconf 89' lang='lat' dir='ltr'><strong>ullum</strong></span> <span class='ocrx_word' id='word_1_544' title='bbox 3722 3452 3820 3496; x_wconf 85' lang='lat' dir='ltr'><strong>us-</strong></span> 
     </span>
    </p>
   </div>
   <div class='ocr_carea' id='block_1_83' title="bbox 2190 3530 3818 3607">
    <p class='ocr_par' dir='ltr' id='par_1_83' title="bbox 2190 3530 3818 3607">
     <span class='ocr_line' id='line_1_83' title="bbox 2190 3530 3818 3607; baseline -0.002 -17"><span class='ocrx_word' id='word_1_545' title='bbox 2190 3536 2384 3607; x_wconf 77' lang='lat' dir='ltr'><strong>quam</strong></span> <span class='ocrx_word' id='word_1_546' title='bbox 2431 3534 2689 3606; x_wconf 70' lang='lat' dir='ltr'><strong>effugium</strong></span> <span class='ocrx_word' id='word_1_547' title='bbox 2745 3532 3071 3598; x_wconf 85' lang='lat' dir='ltr'><strong>inveniebat,</strong></span> <span class='ocrx_word' id='word_1_548' title='bbox 3120 3532 3237 3587; x_wconf 90' lang='lat' dir='ltr'><strong>nisi‘</strong></span> <span class='ocrx_word' id='word_1_549' title='bbox 3278 3532 3334 3588; x_wconf 89' lang='lat' dir='ltr'><strong>in</strong></span> <span class='ocrx_word' id='word_1_550' title='bbox 3384 3530 3818 3588; x_wconf 85' lang='lat' dir='ltr'><strong>reconciliandis</strong></span> 
     </span>
    </p>
   </div>
   <div class='ocr_carea' id='block_1_84' title="bbox 2219 3622 3816 3696">
    <p class='ocr_par' dir='ltr' id='par_1_84' title="bbox 2219 3622 3816 3696">
     <span class='ocr_line' id='line_1_84' title="bbox 2219 3622 3816 3696; baseline -0.005 -13"><span class='ocrx_word' id='word_1_551' title='bbox 2219 3626 2380 3693; x_wconf 82' lang='lat' dir='ltr'><strong>forte,</strong></span> <span class='ocrx_word' id='word_1_552' title='bbox 2406 3627 2451 3681; x_wconf 90' lang='lat' dir='ltr'><strong>si</strong></span> <span class='ocrx_word' id='word_1_553' title='bbox 2472 3643 2582 3696; x_wconf 90' lang='lat' dir='ltr'><strong>qua</strong></span> <span class='ocrx_word' id='word_1_554' title='bbox 2613 3627 2826 3679; x_wconf 90' lang='lat' dir='ltr'><strong>ratione</strong></span> <span class='ocrx_word' id='word_1_555' title='bbox 2852 3632 3059 3693; x_wconf 89' lang='lat' dir='ltr'><strong>posset,</strong></span> <span class='ocrx_word' id='word_1_556' title='bbox 3091 3639 3233 3694; x_wconf 92' lang='lat' dir='ltr'><strong>quos</strong></span> <span class='ocrx_word' id='word_1_557' title='bbox 3275 3623 3605 3691; x_wconf 84' lang='lat' dir='ltr'><strong>oIIenderat,</strong></span> <span class='ocrx_word' id='word_1_558' title='bbox 3650 3622 3816 3677; x_wconf 82' lang='lat' dir='ltr'><strong>Italo-</strong></span> 
     </span>
    </p>
   </div>
   <div class='ocr_carea' id='block_1_85' title="bbox 2217 3714 3817 3786">
    <p class='ocr_par' dir='ltr' id='par_1_85' title="bbox 2217 3714 3817 3786">
     <span class='ocr_line' id='line_1_85' title="bbox 2217 3714 3817 3786; baseline -0.002 -14"><span class='ocrx_word' id='word_1_559' title='bbox 2217 3735 2341 3773; x_wconf 91' lang='lat' dir='ltr'><strong>rum</strong></span> <span class='ocrx_word' id='word_1_560' title='bbox 2369 3718 2588 3772; x_wconf 86' lang='lat' dir='ltr'><strong>animis.</strong></span> <span class='ocrx_word' id='word_1_561' title='bbox 2619 3717 2790 3771; x_wconf 82' lang='lat' dir='ltr'><strong>Batus</strong></span> <span class='ocrx_word' id='word_1_562' title='bbox 2819 3717 3002 3786; x_wconf 89' lang='lat' dir='ltr'><strong>itaque</strong></span> <span class='ocrx_word' id='word_1_563' title='bbox 3026 3716 3189 3786; x_wconf 91' lang='lat' dir='ltr'><strong>hujus</strong></span> <span class='ocrx_word' id='word_1_564' title='bbox 3216 3714 3295 3770; x_wconf 91' lang='lat' dir='ltr'><strong>rei</strong></span> <span class='ocrx_word' id='word_1_565' title='bbox 3310 3714 3543 3771; x_wconf 90' lang='lat' dir='ltr'><strong>unicum</strong></span> <span class='ocrx_word' id='word_1_566' title='bbox 3562 3714 3674 3770; x_wconf 91' lang='lat' dir='ltr'><strong>hoc</strong></span> <span class='ocrx_word' id='word_1_567' title='bbox 3688 3729 3817 3769; x_wconf 79' lang='lat' dir='ltr'><strong>esse</strong></span> 
     </span>
    </p>
   </div>
   <div class='ocr_carea' id='block_1_86' title="bbox 2219 3804 3815 3880">
    <p class='ocr_par' dir='ltr' id='par_1_86' title="bbox 2219 3804 3815 3880">
     <span class='ocr_line' id='line_1_86' title="bbox 2219 3804 3815 3880; baseline -0.003 -16"><span class='ocrx_word' id='word_1_568' title='bbox 2219 3810 2553 3880; x_wconf 78' lang='lat' dir='ltr'><strong>prasidium,</strong></span> <span class='ocrx_word' id='word_1_569' title='bbox 2585 3819 2645 3863; x_wconf 91' lang='lat' dir='ltr'><strong>ut</strong></span> <span class='ocrx_word' id='word_1_570' title='bbox 2693 3809 2887 3862; x_wconf 91' lang='lat' dir='ltr'><strong>initum</strong></span> <span class='ocrx_word' id='word_1_571' title='bbox 2933 3824 3060 3862; x_wconf 92' lang='lat' dir='ltr'><strong>cum</strong></span> <span class='ocrx_word' id='word_1_572' title='bbox 3116 3806 3364 3861; x_wconf 78' lang='lat' dir='ltr'><strong>Romano</strong></span> <span class='ocrx_word' id='word_1_573' title='bbox 3415 3806 3508 3838; x_wconf 70' lang='lat'><strong>‘9“</strong></span> <span class='ocrx_word' id='word_1_574' title='bbox 3552 3804 3815 3876; x_wconf 82' lang='lat' dir='ltr'><strong>pontiﬁce</strong></span> 
     </span>
    </p>
   </div>
   <div class='ocr_carea' id='block_1_87' title="bbox 2218 3897 3814 3970">
    <p class='ocr_par' dir='ltr' id='par_1_87' title="bbox 2218 3897 3814 3970">
     <span class='ocr_line' id='line_1_87' title="bbox 2218 3897 3814 3970; baseline -0.001 -16"><span class='ocrx_word' id='word_1_575' title='bbox 2218 3900 2398 3956; x_wconf 72' lang='lat' dir='ltr'><strong>falns</strong></span> <span class='ocrx_word' id='word_1_576' title='bbox 2445 3902 2816 3970; x_wconf 82' lang='lat' dir='ltr'><strong>abrumperet,</strong></span> <span class='ocrx_word' id='word_1_577' title='bbox 2864 3907 2919 3953; x_wconf 91' lang='lat' dir='ltr'><strong>et</strong></span> <span class='ocrx_word' id='word_1_578' title='bbox 2960 3900 3086 3953; x_wconf 88' lang='lat' dir='ltr'><strong>inde</strong></span> <span class='ocrx_word' id='word_1_579' title='bbox 3138 3898 3462 3968; x_wconf 84' lang='lat' dir='ltr'><strong>reparanda</strong></span> <span class='ocrx_word' id='word_1_580' title='bbox 3500 3897 3814 3953; x_wconf 82' lang='lat' dir='ltr'><strong>concordia</strong></span> 
     </span>
    </p>
   </div>
   <div class='ocr_carea' id='block_1_88' title="bbox 2218 3986 3811 4057">
    <p class='ocr_par' dir='ltr' id='par_1_88' title="bbox 2218 3986 3811 4057">
     <span class='ocr_line' id='line_1_88' title="bbox 2218 3986 3811 4057; baseline -0.002 -11"><span class='ocrx_word' id='word_1_581' title='bbox 2218 3991 2432 4046; x_wconf 91' lang='lat' dir='ltr'><strong>initium</strong></span> <span class='ocrx_word' id='word_1_582' title='bbox 2464 3990 2686 4056; x_wconf 86' lang='lat' dir='ltr'><strong>faceret,</strong></span> <span class='ocrx_word' id='word_1_583' title='bbox 2717 3991 2862 4045; x_wconf 91' lang='lat' dir='ltr'><strong>unde</strong></span> <span class='ocrx_word' id='word_1_584' title='bbox 2890 3990 3067 4045; x_wconf 86' lang='lat' dir='ltr'><strong>fuerat</strong></span> <span class='ocrx_word' id='word_1_585' title='bbox 3091 3998 3213 4052; x_wconf 82' lang='lat' dir='ltr'><strong>orta</strong></span> <span class='ocrx_word' id='word_1_586' title='bbox 3237 3989 3521 4053; x_wconf 85' lang='lat' dir='ltr'><strong>discordia</strong></span> <span class='ocrx_word' id='word_1_587' title='bbox 3556 4007 3569 4043; x_wconf 91' lang='lat'>:</span> <span class='ocrx_word' id='word_1_588' title='bbox 3604 3986 3811 4057; x_wconf 60' lang='lat' dir='ltr'><strong>Oudal:</strong></span> 
     </span>
    </p>
   </div>
   <div class='ocr_carea' id='block_1_89' title="bbox 2217 4078 3811 4151">
    <p class='ocr_par' dir='ltr' id='par_1_89' title="bbox 2217 4078 3811 4151">
     <span class='ocr_line' id='line_1_89' title="bbox 2217 4078 3811 4151; baseline 0.001 -14"><span class='ocrx_word' id='word_1_589' title='bbox 2217 4084 2391 4138; x_wconf 92' lang='lat' dir='ltr'><strong>ricum</strong></span> <span class='ocrx_word' id='word_1_590' title='bbox 2413 4082 2480 4137; x_wconf 90' lang='lat' dir='ltr'><strong>de</strong></span> <span class='ocrx_word' id='word_1_591' title='bbox 2511 4082 2770 4137; x_wconf 79' lang='lat' dir='ltr'><strong>Cosheim</strong></span> <span class='ocrx_word' id='word_1_592' title='bbox 2794 4091 2849 4137; x_wconf 90' lang='lat' dir='ltr'><strong>et</strong></span> <span class='ocrx_word' id='word_1_593' title='bbox 2876 4090 3111 4147; x_wconf 88' lang='lat' dir='ltr'><strong>ceteros,</strong></span> <span class='ocrx_word' id='word_1_594' title='bbox 3142 4095 3283 4151; x_wconf 91' lang='lat' dir='ltr'><strong>quos</strong></span> <span class='ocrx_word' id='word_1_595' title='bbox 3325 4079 3419 4134; x_wconf 90' lang='lat' dir='ltr'><strong>ille</strong></span> <span class='ocrx_word' id='word_1_596' title='bbox 3451 4078 3811 4138; x_wconf 74' lang='lat' dir='ltr'><strong>severissimtl</strong></span> 
     </span>
    </p>
   </div>
   <div class='ocr_carea' id='block_1_90' title="bbox 2216 4169 3811 4242">
    <p class='ocr_par' dir='ltr' id='par_1_90' title="bbox 2216 4169 3811 4242">
     <span class='ocr_line' id='line_1_90' title="bbox 2216 4169 3811 4242; baseline -0.004 -13"><span class='ocrx_word' id='word_1_597' title='bbox 2216 4175 2560 4229; x_wconf 88' lang='lat' dir='ltr'><strong>anathemate</strong></span> <span class='ocrx_word' id='word_1_598' title='bbox 2595 4188 2626 4227; x_wconf 92' lang='lat' dir='ltr'><strong>a</strong></span> <span class='ocrx_word' id='word_1_599' title='bbox 2662 4172 3023 4235; x_wconf 83' lang='lat' dir='ltr'><strong>contubernio</strong></span> <span class='ocrx_word' id='word_1_600' title='bbox 3040 4172 3161 4242; x_wconf 90' lang='lat' dir='ltr'><strong>ejus</strong></span> <span class='ocrx_word' id='word_1_601' title='bbox 3198 4179 3507 4236; x_wconf 79' lang='lat' dir='ltr'><strong>amoverat,</strong></span> <span class='ocrx_word' id='word_1_602' title='bbox 3541 4169 3599 4225; x_wconf 88' lang='lat' dir='ltr'><strong>in</strong></span> <span class='ocrx_word' id='word_1_603' title='bbox 3626 4169 3811 4239; x_wconf 45' lang='lat' dir='ltr'><strong>pristis</strong></span> 
     </span>
    </p>
   </div>
   <div class='ocr_carea' id='block_1_91' title="bbox 522 4261 3807 4339">
    <p class='ocr_par' dir='ltr' id='par_1_91' title="bbox 522 4261 3807 4339">
     <span class='ocr_line' id='line_1_91' title="bbox 522 4261 3807 4339; baseline -0.001 -22"><span class='ocrx_word' id='word_1_604' title='bbox 522 4271 661 4330; x_wconf 88' lang='lat' dir='ltr'><strong>erat,</strong></span> <span class='ocrx_word' id='word_1_605' title='bbox 690 4271 750 4317; x_wconf 90' lang='lat' dir='ltr'><strong>ut</strong></span> <span class='ocrx_word' id='word_1_606' title='bbox 785 4279 1005 4332; x_wconf 88' lang='lat' dir='ltr'><strong>quaqua</strong></span> <span class='ocrx_word' id='word_1_607' title='bbox 1035 4264 1268 4330; x_wconf 87' lang='lat' dir='ltr'><strong>ratione,</strong></span> <span class='ocrx_word' id='word_1_608' title='bbox 1307 4280 1527 4334; x_wconf 88' lang='lat' dir='ltr'><strong>quaqua</strong></span> <span class='ocrx_word' id='word_1_609' title='bbox 1568 4273 1795 4335; x_wconf 88' lang='lat' dir='ltr'><strong>possent</strong></span> <span class='ocrx_word' id='word_1_610' title='bbox 1822 4263 2113 4329; x_wconf 89' lang='lat' dir='ltr'><strong>industria,</strong></span> <span class='ocrx_word' id='word_1_611' title='bbox 2148 4282 2191 4339; x_wconf 80' lang='grc' dir='ltr'><strong>ι)</strong></span> <span class='ocrx_word' id='word_1_612' title='bbox 2217 4282 2347 4325; x_wconf 90' lang='lat' dir='ltr'><strong>num</strong></span> <span class='ocrx_word' id='word_1_613' title='bbox 2380 4266 2567 4336; x_wconf 80' lang='lat' dir='ltr'><strong>gratiae</strong></span> <span class='ocrx_word' id='word_1_614' title='bbox 2590 4273 2645 4322; x_wconf 88' lang='lat' dir='ltr'><strong>et</strong></span> <span class='ocrx_word' id='word_1_615' title='bbox 2670 4263 3058 4323; x_wconf 88' lang='lat' dir='ltr'><strong>familiaritatis</strong></span> <span class='ocrx_word' id='word_1_616' title='bbox 3099 4278 3214 4323; x_wconf 85' lang='lat' dir='ltr'><strong>sua</strong></span> <span class='ocrx_word' id='word_1_617' title='bbox 3242 4262 3477 4333; x_wconf 89' lang='lat' dir='ltr'><strong>gradum</strong></span> <span class='ocrx_word' id='word_1_618' title='bbox 3504 4261 3807 4328; x_wconf 82' lang='lat' dir='ltr'><strong>revocavit,</strong></span> 
     </span>
    </p>
   </div>
   <div class='ocr_carea' id='block_1_92' title="bbox 522 4350 2110 4425">
    <p class='ocr_par' dir='ltr' id='par_1_92' title="bbox 522 4350 2110 4425">
     <span class='ocr_line' id='line_1_92' title="bbox 522 4350 2110 4425; baseline 0.001 -20"><span class='ocrx_word' id='word_1_619' title='bbox 522 4350 761 4407; x_wconf 65' lang='lat' dir='ltr'><strong>efferata</strong></span> <span class='ocrx_word' id='word_1_620' title='bbox 785 4354 1151 4408; x_wconf 90' lang='lat' dir='ltr'><strong>multitudinis</strong></span> <span class='ocrx_word' id='word_1_621' title='bbox 1178 4355 1392 4409; x_wconf 91' lang='lat' dir='ltr'><strong>animos</strong></span> <span class='ocrx_word' id='word_1_622' title='bbox 1415 4355 1748 4425; x_wconf 90' lang='lat' dir='ltr'><strong>mitigarent,</strong></span> <span class='ocrx_word' id='word_1_623' title='bbox 1790 4369 1858 4408; x_wconf 91' lang='lat' dir='ltr'><strong>ne</strong></span> <span class='ocrx_word' id='word_1_624' title='bbox 1880 4353 2110 4408; x_wconf 89' lang='lat' dir='ltr'><strong>moleste</strong></span> 
     </span>
    </p>
   </div>
   <div class='ocr_carea' id='block_1_93' title="bbox 524 4442 2106 4515">
    <p class='ocr_par' dir='ltr' id='par_1_93' title="bbox 524 4442 2106 4515">
     <span class='ocr_line' id='line_1_93' title="bbox 524 4442 2106 4515; baseline 0.003 -16"><span class='ocrx_word' id='word_1_625' title='bbox 524 4442 832 4512; x_wconf 84' lang='lat' dir='ltr'><strong>acciperent</strong></span> <span class='ocrx_word' id='word_1_626' title='bbox 853 4453 949 4499; x_wconf 89' lang='lat' dir='ltr'><strong>aut</strong></span> <span class='ocrx_word' id='word_1_627' title='bbox 968 4444 1023 4499; x_wconf 90' lang='lat' dir='ltr'><strong>in</strong></span> <span class='ocrx_word' id='word_1_628' title='bbox 1044 4446 1434 4501; x_wconf 89' lang='lat' dir='ltr'><strong>contumeliam</strong></span> <span class='ocrx_word' id='word_1_629' title='bbox 1461 4462 1617 4502; x_wconf 90' lang='lat' dir='ltr'><strong>suam</strong></span> <span class='ocrx_word' id='word_1_630' title='bbox 1641 4444 1848 4500; x_wconf 91' lang='lat' dir='ltr'><strong>factum</strong></span> <span class='ocrx_word' id='word_1_631' title='bbox 1882 4452 2106 4515; x_wconf 76' lang='lat' dir='ltr'><strong>reputa-</strong></span> 
     </span>
    </p>
   </div>
   <div class='ocr_carea' id='block_1_94' title="bbox 523 4536 2105 4608">
    <p class='ocr_par' dir='ltr' id='par_1_94' title="bbox 523 4536 2105 4608">
     <span class='ocr_line' id='line_1_94' title="bbox 523 4536 2105 4608; baseline 0.001 -20"><span class='ocrx_word' id='word_1_632' title='bbox 523 4541 668 4601; x_wconf 90' lang='lat' dir='ltr'><strong>rent,</strong></span> <span class='ocrx_word' id='word_1_633' title='bbox 700 4536 847 4603; x_wconf 80' lang='lat' dir='ltr'><strong>quod</strong></span> <span class='ocrx_word' id='word_1_634' title='bbox 872 4544 1117 4591; x_wconf 83' lang='lat' dir='ltr'><strong>extrema</strong></span> <span class='ocrx_word' id='word_1_635' title='bbox 1153 4537 1476 4593; x_wconf 89' lang='lat' dir='ltr'><strong>necessitate</strong></span> <span class='ocrx_word' id='word_1_636' title='bbox 1506 4538 1823 4608; x_wconf 88' lang='lat' dir='ltr'><strong>compulsus</strong></span> <span class='ocrx_word' id='word_1_637' title='bbox 1854 4551 2105 4592; x_wconf 87' lang='lat' dir='ltr'><strong>commu-</strong></span> 
     </span>
    </p>
   </div>
   <div class='ocr_carea' id='block_1_95' title="bbox 522 4624 2107 4701">
    <p class='ocr_par' dir='ltr' id='par_1_95' title="bbox 522 4624 2107 4701">
     <span class='ocr_line' id='line_1_95' title="bbox 522 4624 2107 4701; baseline 0.003 -23"><span class='ocrx_word' id='word_1_638' title='bbox 522 4624 612 4701; x_wconf 69' lang='lat' dir='ltr'><strong>nis</strong></span> <span class='ocrx_word' id='word_1_639' title='bbox 640 4628 910 4682; x_wconf 80' lang='lat' dir='ltr'><strong>commodi</strong></span> <span class='ocrx_word' id='word_1_640' title='bbox 940 4628 1152 4683; x_wconf 91' lang='lat' dir='ltr'><strong>ratione</strong></span> <span class='ocrx_word' id='word_1_641' title='bbox 1175 4627 1418 4694; x_wconf 88' lang='lat' dir='ltr'><strong>fecisset;</strong></span> <span class='ocrx_word' id='word_1_642' title='bbox 1443 4646 1542 4684; x_wconf 90' lang='lat' dir='ltr'><strong>nec</strong></span> <span class='ocrx_word' id='word_1_643' title='bbox 1565 4628 1881 4687; x_wconf 86' lang='lat' dir='ltr'><strong>Teutonicis</strong></span> <span class='ocrx_word' id='word_1_644' title='bbox 1902 4626 2107 4698; x_wconf 88' lang='lat' dir='ltr'><strong>princi-</strong></span> 
     </span>
    </p>
   </div>
   <div class='ocr_carea' id='block_1_96' title="bbox 492 4708 2111 4807">
    <p class='ocr_par' dir='ltr' id='par_1_96' title="bbox 492 4708 2111 4807">
     <span class='ocr_line' id='line_1_96' title="bbox 492 4708 2111 4807; baseline 0.002 -37"><span class='ocrx_word' id='word_1_645' title='bbox 492 4708 495 4711; x_wconf 56' lang='grc'>’</span> <span class='ocrx_word' id='word_1_646' title='bbox 521 4715 704 4807; x_wconf 60' lang='lat' dir='ltr'><strong>pilius,</strong></span> <span class='ocrx_word' id='word_1_647' title='bbox 747 4719 840 4791; x_wconf 87' lang='lat' dir='ltr'><strong>qui</strong></span> <span class='ocrx_word' id='word_1_648' title='bbox 871 4719 974 4774; x_wconf 89' lang='lat' dir='ltr'><strong>sibi</strong></span> <span class='ocrx_word' id='word_1_649' title='bbox 1004 4735 1101 4793; x_wconf 90' lang='lat' dir='ltr'><strong>per</strong></span> <span class='ocrx_word' id='word_1_650' title='bbox 1120 4720 1487 4792; x_wconf 89' lang='lat' dir='ltr'><strong>calumpniam</strong></span> <span class='ocrx_word' id='word_1_651' title='bbox 1513 4736 1743 4790; x_wconf 81' lang='lat' dir='ltr'><strong>regnum</strong></span> <span class='ocrx_word' id='word_1_652' title='bbox 1764 4721 1976 4791; x_wconf 91' lang='lat' dir='ltr'><strong>eripere</strong></span> <span class='ocrx_word' id='word_1_653' title='bbox 2004 4716 2111 4773; x_wconf 49' lang='lat' dir='ltr'><strong>de;</strong></span> 
     </span>
    </p>
   </div>
   <div class='ocr_carea' id='block_1_97' title="bbox 520 4807 2100 4886">
    <p class='ocr_par' dir='ltr' id='par_1_97' title="bbox 520 4807 2100 4886">
     <span class='ocr_line' id='line_1_97' title="bbox 520 4807 2100 4886; baseline 0 -22"><span class='ocrx_word' id='word_1_654' title='bbox 520 4807 635 4886; x_wconf 81' lang='lat' dir='ltr'><strong>dita</strong></span> <span class='ocrx_word' id='word_1_655' title='bbox 680 4826 845 4880; x_wconf 81' lang='lat' dir='ltr'><strong>Opera</strong></span> <span class='ocrx_word' id='word_1_656' title='bbox 888 4812 1354 4877; x_wconf 89' lang='lat' dir='ltr'><strong>machinarentur,</strong></span> <span class='ocrx_word' id='word_1_657' title='bbox 1395 4826 1497 4866; x_wconf 91' lang='lat' dir='ltr'><strong>nec</strong></span> <span class='ocrx_word' id='word_1_658' title='bbox 1545 4809 1791 4866; x_wconf 86' lang='lat' dir='ltr'><strong>Romano</strong></span> <span class='ocrx_word' id='word_1_659' title='bbox 1836 4810 2100 4881; x_wconf 84' lang='lat' dir='ltr'><strong>pontifici,</strong></span> 
     </span>
    </p>
   </div>
   <div class='ocr_carea' id='block_1_98' title="bbox 520 4900 2100 4973">
    <p class='ocr_par' dir='ltr' id='par_1_98' title="bbox 520 4900 2100 4973">
     <span class='ocr_line' id='line_1_98' title="bbox 520 4900 2100 4973; baseline -0.003 -14"><span class='ocrx_word' id='word_1_660' title='bbox 520 4901 619 4972; x_wconf 76' lang='lat' dir='ltr'><strong>qui</strong></span> <span class='ocrx_word' id='word_1_661' title='bbox 647 4903 715 4958; x_wconf 87' lang='lat' dir='ltr'><strong>ad</strong></span> <span class='ocrx_word' id='word_1_662' title='bbox 759 4904 1109 4973; x_wconf 83' lang='lat' dir='ltr'><strong>evertendum</strong></span> <span class='ocrx_word' id='word_1_663' title='bbox 1152 4911 1356 4959; x_wconf 88' lang='lat' dir='ltr'><strong>statum</strong></span> <span class='ocrx_word' id='word_1_664' title='bbox 1397 4911 1603 4959; x_wconf 88' lang='lat' dir='ltr'><strong>sancta</strong></span> <span class='ocrx_word' id='word_1_665' title='bbox 1631 4900 1889 4956; x_wconf 87' lang='lat' dir='ltr'><strong>Ecclesia</strong></span> <span class='ocrx_word' id='word_1_666' title='bbox 1935 4901 2100 4971; x_wconf 90' lang='lat' dir='ltr'><strong>spiri-</strong></span> 
     </span>
    </p>
   </div>
   <div class='ocr_carea' id='block_1_99' title="bbox 491 4980 2101 5067">
    <p class='ocr_par' dir='ltr' id='par_1_99' title="bbox 491 4980 2101 5067">
     <span class='ocr_line' id='line_1_99' title="bbox 491 4980 2101 5067; baseline -0.001 -19"><span class='ocrx_word' id='word_1_667' title='bbox 491 4993 655 5065; x_wconf 70' lang='lat' dir='ltr'><strong>‘tuali</strong></span> <span class='ocrx_word' id='word_1_668' title='bbox 685 4994 863 5065; x_wconf 82' lang='lat' dir='ltr'><strong>gladio</strong></span> <span class='ocrx_word' id='word_1_669' title='bbox 891 4983 1110 5067; x_wconf 63' lang='lat' dir='ltr'><strong>(Ephes.</strong></span> <span class='ocrx_word' id='word_1_670' title='bbox 1137 5012 1213 5062; x_wconf 86' lang='lat' dir='ltr'><strong>vr,</strong></span> <span class='ocrx_word' id='word_1_671' title='bbox 1246 4980 1357 5066; x_wconf 79' lang='lat' dir='ltr'><strong>I7),</strong></span> <span class='ocrx_word' id='word_1_672' title='bbox 1393 4984 1822 5063; x_wconf 85' lang='lat' dir='ltr'><strong>circumquaque</strong></span> <span class='ocrx_word' id='word_1_673' title='bbox 1859 4993 2101 5063; x_wconf 89' lang='lat' dir='ltr'><strong>fulgura-</strong></span> 
     </span>
    </p>
   </div>
   <div class='ocr_carea' id='block_1_100' title="bbox 492 5078 2101 5161">
    <p class='ocr_par' dir='ltr' id='par_1_100' title="bbox 492 5078 2101 5161">
     <span class='ocr_line' id='line_1_100' title="bbox 492 5078 2101 5161; baseline -0.002 -21"><span class='ocrx_word' id='word_1_674' title='bbox 492 5078 607 5161; x_wconf 51' lang='grc' dir='ltr'><strong>’ζει</strong></span> <span class='ocrx_word' id='word_1_675' title='bbox 634 5086 746 5154; x_wconf 79' lang='grc'>¹⁹⁷³,</span> <span class='ocrx_word' id='word_1_676' title='bbox 785 5087 944 5145; x_wconf 89' lang='lat' dir='ltr'><strong>aliter</strong></span> <span class='ocrx_word' id='word_1_677' title='bbox 986 5086 1242 5157; x_wconf 77' lang='lat' dir='ltr'><strong>satisfieri</strong></span> <span class='ocrx_word' id='word_1_678' title='bbox 1273 5086 1519 5157; x_wconf 83' lang='lat' dir='ltr'><strong>potuisse</strong></span> <span class='ocrx_word' id='word_1_679' title='bbox 1552 5084 1664 5151; x_wconf 71' lang='lat'><strong>&quot;7°,</strong></span> <span class='ocrx_word' id='word_1_680' title='bbox 1696 5100 1861 5155; x_wconf 90' lang='lat' dir='ltr'><strong>quam</strong></span> <span class='ocrx_word' id='word_1_681' title='bbox 1892 5091 1953 5141; x_wconf 90' lang='lat' dir='ltr'><strong>ut</strong></span> <span class='ocrx_word' id='word_1_682' title='bbox 1976 5093 2101 5138; x_wconf 85' lang='lat' dir='ltr'><strong>ante</strong></span> 
     </span>
    </p>
   </div>
   <div class='ocr_carea' id='block_1_101' title="bbox 2204 4352 3808 4425">
    <p class='ocr_par' dir='ltr' id='par_1_101' title="bbox 2204 4352 3808 4425">
     <span class='ocr_line' id='line_1_101' title="bbox 2204 4352 3808 4425; baseline -0.003 -13"><span class='ocrx_word' id='word_1_683' title='bbox 2204 4366 2260 4413; x_wconf 89' lang='lat' dir='ltr'><strong>et</strong></span> <span class='ocrx_word' id='word_1_684' title='bbox 2287 4373 2410 4412; x_wconf 88' lang='lat' dir='ltr'><strong>cum</strong></span> <span class='ocrx_word' id='word_1_685' title='bbox 2439 4356 2520 4411; x_wconf 89' lang='lat' dir='ltr'><strong>eis</strong></span> <span class='ocrx_word' id='word_1_686' title='bbox 2553 4356 2734 4415; x_wconf 88' lang='lat' dir='ltr'><strong>denuo</strong></span> <span class='ocrx_word' id='word_1_687' title='bbox 2767 4356 2833 4410; x_wconf 88' lang='lat' dir='ltr'><strong>de</strong></span> <span class='ocrx_word' id='word_1_688' title='bbox 2880 4355 3127 4425; x_wconf 89' lang='lat' dir='ltr'><strong>privatis,</strong></span> <span class='ocrx_word' id='word_1_689' title='bbox 3169 4354 3236 4409; x_wconf 89' lang='lat' dir='ltr'><strong>de</strong></span> <span class='ocrx_word' id='word_1_690' title='bbox 3272 4352 3516 4425; x_wconf 89' lang='lat' dir='ltr'><strong>publicis</strong></span> <span class='ocrx_word' id='word_1_691' title='bbox 3558 4352 3808 4423; x_wconf 87' lang='lat' dir='ltr'><strong>negociis</strong></span> 
     </span>
    </p>
   </div>
   <div class='ocr_carea' id='block_1_102' title="bbox 2205 4444 3867 4519">
    <p class='ocr_par' dir='ltr' id='par_1_102' title="bbox 2205 4444 3867 4519">
     <span class='ocr_line' id='line_1_102' title="bbox 2205 4444 3867 4519; baseline -0.005 -15"><span class='ocrx_word' id='word_1_692' title='bbox 2205 4449 2396 4505; x_wconf 88' lang='lat' dir='ltr'><strong>eadem</strong></span> <span class='ocrx_word' id='word_1_693' title='bbox 2439 4448 2531 4481; x_wconf 77' lang='grc'><strong>¹⁹⁸³</strong></span> <span class='ocrx_word' id='word_1_694' title='bbox 2575 4463 2681 4519; x_wconf 91' lang='lat' dir='ltr'><strong>qua</strong></span> <span class='ocrx_word' id='word_1_695' title='bbox 2715 4454 3079 4502; x_wconf 87' lang='lat' dir='ltr'><strong>consueverat</strong></span> <span class='ocrx_word' id='word_1_696' title='bbox 3121 4444 3505 4514; x_wconf 84' lang='lat' dir='ltr'><strong>singularitate</strong></span> <span class='ocrx_word' id='word_1_697' title='bbox 3541 4457 3611 4498; x_wconf 89' lang='lat' dir='ltr'><strong>ac</strong></span> <span class='ocrx_word' id='word_1_698' title='bbox 3636 4444 3808 4514; x_wconf 81' lang='lat' dir='ltr'><strong>privi-</strong></span> <span class='ocrx_word' id='word_1_699' title='bbox 3856 4482 3867 4490; x_wconf 84' lang='lat'><strong>.</strong></span> 
     </span>
    </p>
   </div>
   <div class='ocr_carea' id='block_1_103' title="bbox 2204 4534 3807 4611">
    <p class='ocr_par' dir='ltr' id='par_1_103' title="bbox 2204 4534 3807 4611">
     <span class='ocr_line' id='line_1_103' title="bbox 2204 4534 3807 4611; baseline -0.006 -14"><span class='ocrx_word' id='word_1_700' title='bbox 2204 4540 2347 4611; x_wconf 78' lang='lat' dir='ltr'><strong>legio</strong></span> <span class='ocrx_word' id='word_1_701' title='bbox 2379 4538 2606 4594; x_wconf 87' lang='lat' dir='ltr'><strong>consilia</strong></span> <span class='ocrx_word' id='word_1_702' title='bbox 2629 4536 2963 4599; x_wconf 85' lang='lat' dir='ltr'><strong>conferebat.</strong></span> <span class='ocrx_word' id='word_1_703' title='bbox 2990 4535 3130 4591; x_wconf 88' lang='lat' dir='ltr'><strong>Tum</strong></span> <span class='ocrx_word' id='word_1_704' title='bbox 3157 4536 3383 4590; x_wconf 90' lang='lat' dir='ltr'><strong>assidue</strong></span> <span class='ocrx_word' id='word_1_705' title='bbox 3429 4534 3486 4588; x_wconf 92' lang='lat' dir='ltr'><strong>in</strong></span> <span class='ocrx_word' id='word_1_706' title='bbox 3528 4543 3807 4591; x_wconf 86' lang='lat' dir='ltr'><strong>conventu</strong></span> 
     </span>
    </p>
   </div>
   <div class='ocr_carea' id='block_1_104' title="bbox 2205 4623 3809 4702">
    <p class='ocr_par' dir='ltr' id='par_1_104' title="bbox 2205 4623 3809 4702">
     <span class='ocr_line' id='line_1_104' title="bbox 2205 4623 3809 4702; baseline -0.004 -18"><span class='ocrx_word' id='word_1_707' title='bbox 2205 4631 2514 4702; x_wconf 87' lang='lat' dir='ltr'><strong>principum</strong></span> <span class='ocrx_word' id='word_1_708' title='bbox 2541 4626 2937 4686; x_wconf 78' lang='lat' dir='ltr'><strong>criminabatur</strong></span> <span class='ocrx_word' id='word_1_709' title='bbox 2971 4635 3027 4683; x_wconf 91' lang='lat' dir='ltr'><strong>et</strong></span> <span class='ocrx_word' id='word_1_710' title='bbox 3054 4626 3378 4681; x_wconf 83' lang='lat' dir='ltr'><strong>detrahebat</strong></span> <span class='ocrx_word' id='word_1_711' title='bbox 3413 4624 3678 4679; x_wconf 85' lang='lat' dir='ltr'><strong>Romano</strong></span> <span class='ocrx_word' id='word_1_712' title='bbox 3716 4623 3809 4656; x_wconf 75' lang='lat'><strong>&quot;“</strong></span> 
     </span>
    </p>
   </div>
   <div class='ocr_carea' id='block_1_105' title="bbox 2207 4715 3806 4793">
    <p class='ocr_par' dir='ltr' id='par_1_105' title="bbox 2207 4715 3806 4793">
     <span class='ocr_line' id='line_1_105' title="bbox 2207 4715 3806 4793; baseline -0.004 -18"><span class='ocrx_word' id='word_1_713' title='bbox 2207 4720 2470 4793; x_wconf 84' lang='lat' dir='ltr'><strong>pontifici,</strong></span> <span class='ocrx_word' id='word_1_714' title='bbox 2491 4719 2636 4790; x_wconf 84' lang='lat' dir='ltr'><strong>quod</strong></span> <span class='ocrx_word' id='word_1_715' title='bbox 2666 4719 2782 4788; x_wconf 91' lang='lat' dir='ltr'><strong>ipse</strong></span> <span class='ocrx_word' id='word_1_716' title='bbox 2806 4733 3023 4779; x_wconf 84' lang='lat' dir='ltr'><strong>omnem</strong></span> <span class='ocrx_word' id='word_1_717' title='bbox 3056 4718 3224 4782; x_wconf 88' lang='lat' dir='ltr'><strong>hunc,</strong></span> <span class='ocrx_word' id='word_1_718' title='bbox 3256 4717 3352 4787; x_wconf 92' lang='lat' dir='ltr'><strong>qui</strong></span> <span class='ocrx_word' id='word_1_719' title='bbox 3382 4732 3501 4770; x_wconf 90' lang='lat' dir='ltr'><strong>rem</strong></span> <span class='ocrx_word' id='word_1_720' title='bbox 3524 4715 3806 4786; x_wconf 84' lang='lat' dir='ltr'><strong>publicam</strong></span> 
     </span>
    </p>
   </div>
   <div class='ocr_carea' id='block_1_106' title="bbox 2208 4807 3808 4877">
    <p class='ocr_par' dir='ltr' id='par_1_106' title="bbox 2208 4807 3808 4877">
     <span class='ocr_line' id='line_1_106' title="bbox 2208 4807 3808 4877; baseline -0.006 -7"><span class='ocrx_word' id='word_1_721' title='bbox 2208 4812 2604 4877; x_wconf 82' lang='lat' dir='ltr'><strong>concussisset,</strong></span> <span class='ocrx_word' id='word_1_722' title='bbox 2639 4819 2861 4865; x_wconf 89' lang='lat' dir='ltr'><strong>ventum</strong></span> <span class='ocrx_word' id='word_1_723' title='bbox 2902 4808 3138 4864; x_wconf 90' lang='lat' dir='ltr'><strong>turbinis</strong></span> <span class='ocrx_word' id='word_1_724' title='bbox 3178 4816 3235 4863; x_wconf 87' lang='lat' dir='ltr'><strong>et</strong></span> <span class='ocrx_word' id='word_1_725' title='bbox 3263 4807 3666 4862; x_wconf 82' lang='lat' dir='ltr'><strong>commotionis</strong></span> <span class='ocrx_word' id='word_1_726' title='bbox 3703 4819 3808 4860; x_wconf 71' lang='lat' dir='ltr'><strong>sa-</strong></span> 
     </span>
    </p>
   </div>
   <div class='ocr_carea' id='block_1_107' title="bbox 2205 4895 3805 4972">
    <p class='ocr_par' dir='ltr' id='par_1_107' title="bbox 2205 4895 3805 4972">
     <span class='ocr_line' id='line_1_107' title="bbox 2205 4895 3805 4972; baseline -0.005 -15"><span class='ocrx_word' id='word_1_727' title='bbox 2205 4903 2449 4959; x_wconf 87' lang='lat' dir='ltr'><strong>vissima</strong></span> <span class='ocrx_word' id='word_1_728' title='bbox 2476 4902 2772 4972; x_wconf 88' lang='lat' dir='ltr'><strong>procellam</strong></span> <span class='ocrx_word' id='word_1_729' title='bbox 2811 4900 2929 4956; x_wconf 90' lang='lat' dir='ltr'><strong>suis</strong></span> <span class='ocrx_word' id='word_1_730' title='bbox 2966 4897 3475 4966; x_wconf 80' lang='lat' dir='ltr'><strong>machinationibus</strong></span> <span class='ocrx_word' id='word_1_731' title='bbox 3520 4895 3805 4952; x_wconf 78' lang='lat' dir='ltr'><strong>concitas-</strong></span> 
     </span>
    </p>
   </div>
   <div class='ocr_carea' id='block_1_108' title="bbox 2207 4985 3806 5062">
    <p class='ocr_par' dir='ltr' id='par_1_108' title="bbox 2207 4985 3806 5062">
     <span class='ocr_line' id='line_1_108' title="bbox 2207 4985 3806 5062; baseline -0.006 -13"><span class='ocrx_word' id='word_1_732' title='bbox 2207 5004 2291 5050; x_wconf 92' lang='lat' dir='ltr'><strong>set</strong></span> <span class='ocrx_word' id='word_1_733' title='bbox 2321 4994 2436 5059; x_wconf 65' lang='grc' dir='ltr'><strong>ηπ,</strong></span> <span class='ocrx_word' id='word_1_734' title='bbox 2466 4992 2582 5062; x_wconf 87' lang='lat' dir='ltr'><strong>ipse</strong></span> <span class='ocrx_word' id='word_1_735' title='bbox 2603 4988 2870 5057; x_wconf 89' lang='lat' dir='ltr'><strong>omnium,</strong></span> <span class='ocrx_word' id='word_1_736' title='bbox 2895 5006 3018 5062; x_wconf 85' lang='lat' dir='ltr'><strong>qua</strong></span> <span class='ocrx_word' id='word_1_737' title='bbox 3058 4990 3115 5044; x_wconf 91' lang='lat' dir='ltr'><strong>in</strong></span> <span class='ocrx_word' id='word_1_738' title='bbox 3155 4988 3391 5043; x_wconf 82' lang='lat' dir='ltr'><strong>ecclesia</strong></span> <span class='ocrx_word' id='word_1_739' title='bbox 3423 4987 3521 5042; x_wconf 90' lang='lat' dir='ltr'><strong>Dei</strong></span> <span class='ocrx_word' id='word_1_740' title='bbox 3575 4985 3672 5020; x_wconf 79' lang='grc'>³⁸⁸³</span> <span class='ocrx_word' id='word_1_741' title='bbox 3716 5000 3806 5039; x_wconf 82' lang='lat' dir='ltr'><strong>re-</strong></span> 
     </span>
    </p>
   </div>
   <div class='ocr_carea' id='block_1_109' title="bbox 2207 5074 3803 5149">
    <p class='ocr_par' dir='ltr' id='par_1_109' title="bbox 2207 5074 3803 5149">
     <span class='ocr_line' id='line_1_109' title="bbox 2207 5074 3803 5149; baseline -0.004 -9"><span class='ocrx_word' id='word_1_742' title='bbox 2207 5085 2350 5143; x_wconf 84' lang='lat' dir='ltr'><strong>centi</strong></span> <span class='ocrx_word' id='word_1_743' title='bbox 2372 5083 2634 5144; x_wconf 85' lang='lat' dir='ltr'><strong>memoria</strong></span> <span class='ocrx_word' id='word_1_744' title='bbox 2661 5074 2819 5143; x_wconf 88' lang='lat' dir='ltr'><strong>secus</strong></span> <span class='ocrx_word' id='word_1_745' title='bbox 2841 5078 3191 5149; x_wconf 84' lang='lat' dir='ltr'><strong>accidissent,</strong></span> <span class='ocrx_word' id='word_1_746' title='bbox 3213 5088 3409 5149; x_wconf 82' lang='lat' dir='ltr'><strong>auctor</strong></span> <span class='ocrx_word' id='word_1_747' title='bbox 3436 5080 3803 5146; x_wconf 73' lang='lat' dir='ltr'><strong>incentt&#39;rque</strong></span> 
     </span>
    </p>
   </div>
   <div class='ocr_carea' id='block_1_110' title="bbox 1822 5238 2503 5303">
    <p class='ocr_par' dir='ltr' id='par_1_110' title="bbox 1822 5238 2503 5303">
     <span class='ocr_line' id='line_1_110' title="bbox 1822 5238 2503 5303; baseline -0.004 -7"><span class='ocrx_word' id='word_1_748' title='bbox 1822 5240 1906 5296; x_wconf 81' lang='lat' dir='ltr'><strong>VA</strong></span> <span class='ocrx_word' id='word_1_749' title='bbox 1915 5239 2052 5296; x_wconf 69' lang='lat' dir='ltr'><strong>RIIE</strong></span> <span class='ocrx_word' id='word_1_750' title='bbox 2093 5238 2503 5303; x_wconf 77' lang='lat' dir='ltr'><strong>LECTIONES.</strong></span> 
     </span>
    </p>
   </div>
  </div>
