4050 5358
362 178 525 253 1245

1609 197 1948 256 ANNALES.
1977 227 2049 238 -—-
2076 194 2187 253 ΑΝ.
2231 198 2379 254 1077.

3490 195 3641 253 ,1246

370 290 683 382 extitisset;
705 311 1135 384 hortabaturque
1162 329 1353 371 omnes
1380 314 1435 371 ln
1456 287 1767 383 commune,
1788 325 1849 371 ut
1868 331 1970 373 suo
1998 318 2047 375 Α
2070 329 2159 370 res
2196 314 2432 384 publica,
2460 284 2744 385 apostolici
2780 313 3169 371 moderaminis
3210 313 3639 384 gubernaculum

378 406 547 462 ductu
576 406 800 477 suisque
828 405 1091 477 auspiciis
1122 416 1398 467 tantarum
1435 407 1505 465 ab
1536 422 1603 462 eo
1636 407 1962 477 injuriarum

376 496 675 552 vindictam
721 506 1054 567 expeterent.
1099 496 1232 552 Dein
1263 498 1353 530 ⁸⁸⁸⁷
1394 499 1736 553 conditiones
1770 512 1963 553 omnes

376 596 433 641 et
472 588 726 643 universa
755 587 1255 647 ecclesiasticarum
1285 589 1465 660 legum
1489 589 1728 655 vincula,
1759 589 1963 660 quibus.

377 678 469 733 ille
494 695 619 734 eum
644 680 946 750 apostolica
975 680 1302 740 auctoritate
1330 681 1383 734 in
1400 681 1631 737 salutem
1653 680 1963 736 obstrinxev

376 780 483 837 rat,
532 772 885 842 contemptim
940 780 1220 841 tamquam
1272 786 1600 827 aranearum
1641 771 1777 826 telas
1804 771 1958 825 diru-

375 861 457 931 pit
479 860 593 928 ¹⁹⁶³,
620 861 770 934 (478)
787 861 1124 932 abjectlsque
1153 862 1413 917 omnibus
1435 862 1649 920 timoris
1672 861 1767 929 Dei
1788 862 1959 927 habe-

372 954 483 1019 nis,
507 953 564 1008 in
583 967 746 1008 omne
777 953 925 1023 quod
960 953 1180 1008 animus
1210 952 1575 1025 suggessisset
1599 954 1858 1010 effrenata
1888 954 1957 1009 li-

372 1045 584 1102 bertate
630 1044 925 1100 ferebatur.
967 1043 1064 1100 His
1104 1045 1368 1115 paulatim
1396 1046 1560 1101 rebus
1586 1045 1847 1100 Italorum
1874 1046 1959 1100 in-

369 1136 613 1207 dignatio
658 1136 914 1207 mitigari,
939 1134 1093 1195 furor
1120 1136 1440 1207 deﬂagrare,
1474 1136 1652 1202 studia
1692 1136 1873 1191 denuo
1902 1135 1957 1192 in

368 1243 495 1282 eum
547 1228 879 1286 incalescere
925 1237 1233 1297 coeperunt,
1277 1228 1353 1283 ita
1407 1237 1467 1283 ut
1509 1226 1848 1299 frequentior
1900 1227 1955 1280 in

367 1318 487 1374 dies
528 1318 597 1373 ad
645 1334 770 1373 eum
826 1319 917 1351 ³⁸⁸⁸
972 1319 1266 1375 multitudo
1324 1320 1641 1386 conﬂueret,
1702 1327 1954 1389 sumptus

365 1411 635 1465 exercitui
695 1411 1034 1481 copiosiores
1098 1411 1510 1478 ministrarent,
1566 1420 1621 1467 et
1674 1411 1742 1466 ad
1794 1426 1956 1466 omne

366 1502 514 1571 quod
536 1501 799 1571 jussisset
823 1503 1236 1573 promptissime
1251 1502 1367 1573 jam
1394 1518 1591 1558 manus
1619 1517 1954 1573 operamque

332 1608 525 1695 ‘suam
554 1594 961 1663 pollicerentur.
1000 1594 1169 1651 Erant
1192 1602 1321 1649 tunc
1351 1595 1616 1665 temporis
1646 1595 1789 1665 apud
1823 1610 1951 1651 eum

363 1777 835 1847 archiepiscopus,
895 1776 1049 1847 Eppo
1110 1777 1404 1834 Citiceusis
1473 1778 1766 1848 episcopus
1815 1778 1944 1845 m1,

320 1869 551 1924 'Benno
589 1867 1059 1939 Osenbruggensis
1101 1871 1192 1903 m’
1238 1860 1556 1941 episcopus,
1596 1870 1947 1926 Burchardus

364 1960 735 2016 Losannensis
782 1961 873 1993 "”
913 1962 1229 2033 episcopus,
1274 1962 1628 2017 Burchardus
1677 1962 1946 2017 Basilien-

361 2055 441 2109 sis
493 2053 583 2085 ‘m
629 2053 952 2123 episcopus;
1002 2054 1129 2110 laici
1176 2053 1524 2121 Oudalricus,
1571 2053 1943 2119 Eberhardus,

286 2162 287 2165 η
360 2144 686 2199 Berntoldus
726 2145 898 2200 ""et
928 2146 1021 2201 alii
1050 2161 1190 2216 pene
1217 2162 1432 2212 omnes,
1464 2161 1607 2216 quos
1635 2146 1691 2200 in
1730 2144 1946 2217 Opperi-

361 2236 506 2290 beim
537 2236 700 2306 legati
727 2237 1043 2307 apostolicae
1076 2238 1223 2294 sedis
1250 2253 1281 2292 a
1316 2238 1408 2270 ¹⁹⁹⁶
1434 2238 1796 2293 contubernio
1824 2238 1945 2306 ejus

358 2336 583 2398 propter
646 2329 1270 2384 excommunicationem
1340 2338 1800 2400 segregaverunt;
1849 2331 1945 2399 qui

359 2436 506 2475 nunc
536 2428 661 2490 post
686 2430 960 2489 receptam
1010 2420 1455 2500 communionem
1501 2435 1799 2491 cum‘eum
1851 2421 1941 2453 ¹⁹⁹⁷

358 2527 579 2582 quoque
617 2510 876 2567 Ecclesiae
901 2512 1315 2567 reconciliatum
1348 2511 1767 2581 comperissent,
1807 2528 1943 2569 una-

358 2605 579 2660 nimiter
613 2604 682 2659 ad
725 2619 853 2658 eum
888 2603 1290 2669 conﬂuxerunt,
1324 2611 1380 2657 et
1409 2602 1458 2657 ei
1497 2602 1752 2672 deinceps
1784 2618 1940 2673 pere-

357 2696 680 2767 grinationis
699 2696 819 2763 ejus
853 2694 1114 2750 individui
1139 2694 1369 2750 comites
1390 2694 1758 2749 adhaerebant.

425 2787 636 2843 Interea
666 2785 1035 2856 Mogontinus,
1064 2786 1545 2857 Wirceburgensis
1587 2785 1677 2818 ‘9"
1708 2793 1767 2839 et
1806 2784 1942 2839 Met-

356 2879 526 2936 tensis
579 2878 843 2948 episcopi,
898 2877 1223 2943 Buodolfus,
1267 2878 1434 2943 Welf,
1478 2877 1802 2932 Berhtoldus
1848 2876 1939 2910 “9’

353 2972 521 3027 duces
541 2979 599 3024 et
617 2970 708 3024 alii
737 2970 981 3039 plerique
1008 2987 1073 3024 ex
1094 2970 1433 3040 principibus
1461 2968 1778 3023 Teutonicis
1804 2984 1939 3021 con-

334 3063 651 3127 venientes,
691 3070 927 3116 tzactare
954 3061 1020 3116 de
1052 3062 1381 3116 utilitatibus
1426 3060 1505 3114 rei
1546 3060 1777 3130 publica:
1823 3067 1937 3113 sta-

353 3161 592 3218 tuerunt,
620 3162 679 3211 ut
703 3154 976 3224 principes
1002 3152 1255 3210 Saxoniaa
1280 3162 1335 3208 et
1361 3167 1553 3207 omnes
1572 3152 1935 3221 quibuscum-

351 3260 458 3314 que
493 3260 581 3300 res
606 3245 819 3315 publica
846 3261 992 3301 cura:
1040 3245 1201 3309 foret,
1236 3246 1270 3299 5
1305 3244 1432 3299 Idus
1470 3243 1649 3298 Martii
1681 3243 1734 3296 in
1765 3241 1935 3297 Fore-

351 3336 524 3390 chcim
553 3337 702 3407 (479)
728 3346 1103 3403 occurrerent,
1128 3347 1182 3391 et
1212 3335 1491 3392 communi
1524 3334 1779 3400 consilio,
1801 3334 1936 3404 quid

351 3426 495 3482 facto
533 3444 673 3499 opus
700 3439 866 3496 esset,
896 3430 1273 3495 decernerent,
1319 3427 1622 3499 praesertim
1654 3443 1800 3493 cum,
1839 3442 1936 3496 per

350 3520 652 3577 absentiam
701 3522 843 3593 regis
886 3522 1200 3593 tranquillis
1233 3521 1419 3586 rebus,
1455 3529 1671 3589 tempus
1716 3526 1937 3589 Oportu—

348 3624 480 3665 num
542 3613 1030 3670 deliberationibus
1098 3631 1165 3677 ac
1227 3612 1725 3674 consultationibus
1786 3610 1933 3669 nacti

347 3700 599 3759 fuissent.
630 3704 893 3760 Romano
923 3722 1143 3777 quoque
1180 3706 1422 3777 pontiﬁci
1464 3704 1821 3775 scripserunt,
1849 3712 1928 3769 ut,

348 3794 609 3863 quoniam
641 3796 694 3850 in
734 3797 1115 3866 puriﬁcatione
1152 3805 1355 3853 sancta:
1398 3797 1584 3852 Mariae
1624 3794 1930 3867 Augustam

343 3884 499 3959 juxta
541 3887 875 3953 condictum,
912 3889 1039 3944 dolo
1068 3890 1213 3960 regis
1247 3890 1341 3921 ⁸⁰⁰⁰
1366 3896 1673 3958 praeventus
1693 3929 1707 3954 ,
1737 3902 1933 3947 occur-

348 3991 468 4031 rere
497 3993 605 4032 non
641 3989 914 4049 potuerat,
949 3981 1142 4035 saltem
1165 3981 1222 4037 in
1251 3980 1571 4035 Forecheim
1606 3988 1809 4039 statuta
1844 3976 1935 4033 die

347 4077 546 4136 praesto
583 4085 707 4125 esse
741 4080 1030 4143 satageret,
1078 4082 1132 4126 et
1181 4072 1439 4139 sedandis
1488 4072 1757 4126 bellorum
1799 4067 1934 4135 civi-

363 1701 432 1740 ex
470 1685 783 1741 Teutonicis
821 1686 1158 1756 principibus
1196 1688 1287 1720 "9°
1317 1685 1604 1742 Liemarus
1633 1685 1948 1741 Premensis
1979 1675 2022 1729 Β

2064 405 2371 461 adhiberet.
2402 405 2594 460 Adhuc
2622 406 2711 461 ille
2753 406 2807 461 in
2855 406 3096 470 Canusio
3128 414 3182 461 et
3220 405 3342 460 aliis
3374 405 3517 462 circa
3546 407 3640 460 tir-

2062 496 2332 558 missimis.
2372 497 2771 554 munitionibus
2824 514 2883 553 se
2929 498 3263 559 continebat,
3310 497 3638 567 dispositum

2061 586 2292 654 habens,
2331 602 2441 642 non
2480 589 2632 658 prius
2660 588 2890 643 Romam
2922 588 3154 659 regredi,
3190 604 3357 659 quam
3389 587 3640 645 confecto

2061 676 2256 737 itinere
2295 678 2442 752 quod
2485 679 2815 746 instituerat,
2862 680 2907 734 si
2944 680 3057 735 Deo
3093 681 3337 753 prepicio
3379 690 3638 740 conatum

2060 778 2383 840 sequeretur
2404 770 2652 837 effectus,
2678 763 2868 841 pacem
2892 772 3147 829 Ecclesia:
3166 773 3262 830 Dei
3290 774 3634 831 reddidisset.

2058 857 2229 931 Igitur
2264 862 2504 933 acceptis
2533 862 2752 928 litteris,
2778 864 2996 919 tametsi
3010 865 3123 935 jam
3149 866 3356 936 pridem
3381 866 3639 938 frequens

2040 953 2127 1025 ad
2148 969 2274 1008 eum
2304 952 2451 1008 fama
2472 954 2780 1021 detulisset,
2806 970 2988 1026 regem
3024 966 3233 1012 mutata
3256 968 3436 1013 mente
3460 957 3637 1014 hosti-

2058 1044 2136 1101 les
2175 1044 2469 1101 adversum
2512 1061 2572 1102 se
2605 1046 2835 1117 spiritus
2861 1047 2955 1079 ’°“
2993 1064 3202 1119 gerere,
3233 1058 3287 1104 et
3312 1049 3638 1119 contemptis

2056 1136 2463 1193 conditionibus
2502 1138 2704 1213 quibus
2741 1139 3308 1196 excommunicationc
3350 1140 3638 1196 absolutus

2056 1226 2253 1295 fuerat,
2286 1229 2472 1285 animo
2515 1230 2683 1285 tlxum
2720 1238 2926 1296 tenere,
2966 1239 3028 1284 ut
3065 1230 3211 1302 leges
3236 1232 3637 1289 ecclesiasticas

2055 1336 2219 1375 manu
2255 1320 2481 1376 militari
2501 1322 2797 1377 debellaret
2821 1340 2834 1377 :
2860 1321 3012 1376 misit
3031 1330 3213 1378 tamen
3240 1340 3410 1380 unum
3429 1340 3496 1379 ex
3513 1339 3638 1379 car-

2020 1411 2329 1469 -dinalibus
2370 1414 2644 1488 episcopis
2693 1413 2954 1476 Romanae
2983 1413 3262 1482 Ecclesiae,
3311 1414 3633 1487 Gregorium

2053 1504 2296 1571 nomine,
2335 1514 2391 1560 et
2419 1507 2559 1562 alios
2589 1522 2729 1577 quos
2753 1506 2803 1563 ei
2827 1508 3057 1578 negocio
3082 1507 3308 1565 idoneos
3331 1508 3636 1564 arbitraba-

2051 1601 2162 1661 tur,
2185 1597 2280 1665 qui
2305 1596 2355 1652 ei
2381 1597 2624 1654 dicerent
2667 1608 2883 1670 tempus
2923 1614 3046 1654 esse
3088 1607 3149 1653 ut
3176 1600 3446 1669 promissa
3478 1615 3633 1656 eom-

2047 1687 2248 1757 pleret;
2299 1698 2667 1745 conventuros
2704 1689 2761 1744 in
2807 1689 3128 1745 Forecheim
3165 1690 3199 1743 5
3282 1688 3409 1745 ldus
3451 1689 3633 1747 Martii

2048 1779 2322 1850 principes
2345 1779 2633 1842 Teutonici
2662 1782 2814 1853 regni
2844 1781 2913 1837 ad
2934 1781 3391 1851 componendum,
3421 1782 3469 1837 si
3486 1781 3633 1838 Deus

2047 1870 2192 1925 votis
2230 1881 2456 1937 annuat,
2485 1881 2689 1927 statum
2724 1872 3090 1942 reipublicae;
3130 1873 3342 1928 veniret
3381 1888 3534 1945 ergo,
3573 1884 3635 1929 ut

2047 1961 2324 2033 pollicitus
2362 1964 2453 2029 sit,
2489 1973 2545 2018 et
2585 1963 2836 2030 crimina,
2866 1963 3069 2033 quibus
3097 1963 3384 2031 innocens,
3426 1972 3490 2020 ut
3518 1965 3636 2035 ipse

2047 2061 2277 2119 asserat,
2306 2069 2337 2108 a
2358 2055 2454 2085 ’σθ’
2479 2046 2971 2109 calumniatoribus
2999 2054 3117 2109 suis
3143 2054 3422 2124 impetitus
3453 2055 3546 2123 sit,
3574 2071 3638 2111 se

2046 2144 2328 2215 cegnitore
2365 2154 2420 2201 et
2448 2146 2632 2215 judice
2665 2145 3009 2218 praesidente,
3052 2145 3442 2214 responderet;
3488 2147 3637 2201 mut-

2043 2243 2160 2291 tum
2190 2236 2354 2291 rebus
2384 2237 2500 2291 suis
2527 2236 2801 2309 salutique
2826 2244 2882 2290 et
2909 2235 3005 2267 ¹⁰⁰³
3030 2235 3173 2305 apud
3204 2234 3378 2290 Deum
3411 2244 3468 2293 et
3486 2237 3636 2307 apud

2044 2325 2295 2382 homines
2343 2328 2663 2395 collaturus,
2712 2327 2767 2384 s'r
2800 2326 3103 2383 Ecclesiam
3152 2327 3458 2397 scandalis,
3511 2342 3631 2383 rem

2043 2418 2317 2487 publicam
2346 2420 2502 2475 bellis
2534 2420 2808 2485 civilibus,
2834 2434 2893 2475 se
2924 2407 3113 2489 ipsum
3150 2410 3471 2475 foediss'imm
3509 2419 3630 2474 exi-

2042 2509 2374 2565 stimationis
2399 2512 2613 2567 macula
2645 2512 2930 2577 liberaret;
2958 2510 3261 2580 praesertim
3290 2525 3417 2564 cum
3438 2526 3503 2565 ea
3518 2510 3629 2576 die,

2041 2600 2317 2658 discussis
2347 2604 2592 2659 sinodice
2616 2618 2743 2673 qua:
2780 2603 3069 2658 adversum
3105 2617 3233 2657 eum
3261 2600 3357 2634 ’θοι
3391 2601 3630 2657 afferam-

2039 2707 2132 2751 tur
2159 2695 2367 2759 causis,
2408 2696 2493 2750 vel
2536 2701 2859 2764 recepturus
2905 2701 3054 2748 esset
3093 2707 3346 2763 regnum,
3384 2693 3471 2747 vel
3513 2692 3632 2748 sine

2040 2790 2191 2847 omni
2249 2788 2506 2856 deinceps
2566 2785 2956 2842 retractatione
3024 2783 3355 2839 amissurus.
3410 2782 3630 2856 Legatis

2041 2880 2298 2936 mandata
2326 2877 2749 2949 perferentibus,
2794 2876 2904 2942 ille,
2931 2874 3294 2931 dissimulatis
3336 2873 3631 2931 mediocri-

2041 2980 2125 3026 ter
2151 2971 2238 3025 his
2260 2982 2384 3040 quae
2421 2968 2606 3023 animo
2641 2968 2902 3038 agitabat,
2930 2965 3230 3035 respondit,
3269 2981 3331 3021 se
3368 2975 3497 3036 post
3528 2981 3627 3021 ac-

2043 3071 2267 3133 ceptum
2308 3076 2537 3130 regnum
2563 3060 2666 3114 hac
2698 3059 2937 3129 primum
2966 3056 3085 3112 vice
3127 3055 3342 3112 Italiam
3370 3057 3627 3125 intrasse,

2042 3163 2098 3209 et
2118 3154 2240 3208 ideo
2268 3151 2455 3206 multis
2489 3166 2637 3206 nunc
2667 3158 2723 3205 et
2744 3149 2959 3221 magnis
2987 3148 3069 3203 rei
3112 3149 3347 3219 publica:
3387 3149 3630 3219 negociis

2043 3245 2389 3316 implicitum,
2418 3258 2529 3297 non
2560 3257 2725 3311 posse
2762 3250 2872 3296 tam
2917 3241 3026 3295 cito
3056 3239 3271 3295 infectis
3309 3240 3475 3296 rebus
3500 3255 3631 3311 pro-

2042 3336 2222 3392 vincia
2255 3335 2539 3398 exccdere,
2567 3333 2718 3402 quia,
2750 3333 2798 3388 si
2819 3333 2874 3387 id
2900 3331 3084 3395 faciat,
3114 3329 3304 3397 Italos,
3339 3346 3480 3400 quos
3505 3331 3631 3385 lon-

2041 3444 2110 3500 go
2140 3436 2383 3496 tempore
2408 3424 2569 3479 anxia
2594 3424 2859 3478 adventus
2883 3422 2967 3477 sul
2991 3421 3366 3491 expectatione
3396 3434 3629 3491 suSpen-

2041 3519 2233 3584 disset,
2256 3515 2579 3588 gravissime
2609 3514 2704 3547 ²⁶⁰⁸
2743 3513 3009 3579 oﬂendat;
3033 3520 3297 3581 praeterea
3325 3511 3469 3565 diem
3491 3526 3627 3567 con-

2039 3609 2224 3665 ventui
2249 3607 2500 3663 habendo
2535 3614 2801 3661 statutum
2836 3620 2866 3659 e
2893 3604 3073 3659 vicino
3114 3602 3420 3669 imminere,
3458 3616 3626 3672 seque

2038 3709 2152 3756 tam
2176 3699 2432 3755 brevibus
2461 3698 2696 3753 induciis
2730 3703 2881 3751 tanta
2928 3704 3201 3749 terrarum
3246 3691 3433 3762 spacia
3474 3692 3624 3747 nulla

2035 3808 2304 3867 equorum
2335 3790 2611 3846 celeritate
2653 3804 2817 3859 posse
2843 3796 3237 3850 transcurrere,
3262 3783 3476 3838 etiamsi
3502 3783 3627 3839 nul-

2034 3884 2103 3939 lis
2137 3883 2480 3939 extrinsecus
2506 3882 2813 3938 retardetur
2839 3880 2933 3912 ²⁰⁰⁶
2960 3875 3383 3949 impedimentis.
3414 3873 3474 3929 In
3506 3874 3625 3929 haee

2035 3976 2203 4035 verba
2229 3975 2437 4046 legatos
2458 3973 2688 4029 dimisit.

2105 4065 2252 4135 Papa
2299 4065 2501 4119 certior
2523 4064 2638 4134 jam
2686 4062 2865 4118 factus
2914 4062 2982 4116 de
3025 4057 3409 4114 immutatione
3452 4055 3623 4110 animi

345 4157 480 4217 num
525 4164 959 4235 tempestatibus,
1012 4164 1213 4234 quibus
1247 4163 1365 4233 jam
1406 4163 1499 4227 diu
1530 4161 1932 4245 periclitaretur
1960 4161 2009 4219 Ι)
2033 4157 2155 4227 eius
2181 4165 2236 4215 et
2262 4156 2459 4218 ceteris
2492 4156 2676 4225 rebus,
2706 4169 2846 4227 quas
2874 4153 2942 4209 ad
2964 4166 3091 4208 eum
3114 4149 3232 4221 jam
3246 4148 3456 4221 pridem
3476 4145 3621 4208 fama

1658 4314 1891 4371 VARUE
1928 4310 2333 4375 LECTIONES.

415 4450 510 4486 ¹⁹⁸⁷
546 4452 749 4510 Deinde
771 4456 825 4519 4.

347 4519 441 4554 ¹⁹⁹²
474 4520 705 4579 Ossenb.
745 4526 796 4579 5.

345 4591 509 4661 infra.
618 4596 709 4627 ¹⁹⁰⁶
739 4611 803 4650 ac
839 4611 889 4650 c.
938 4597 990 4661 5.

940 4456 1033 4488 ¹’⁸⁸
1070 4455 1295 4525 diripuit
1327 4455 1400 4510 1⁸.

896 4526 987 4558 ¹⁹⁹³
1011 4525 1371 4580 Josannensis
1413 4525 1466 4591 5,

1099 4596 1191 4627 ‘9"
1219 4611 1345 4652 eum
1381 4610 1505 4648 cum
1535 4594 1584 4646 1.

1541 4453 1631 4485 ⁸⁸⁵⁸
1681 4452 1747 4507 ad
1804 4467 1929 4515 eum
1995 4450 2050 4505 in
2094 4450 2211 4504 dies
2264 4450 2319 4505 4.

1564 4523 1657 4557 ³⁸³⁵
1682 4521 1980 4576 Basilensis
2020 4522 2073 4574 5.
2128 4521 2182 4575 5.

1705 4592 1794 4625 ¹⁹⁹³
1832 4588 2317 4659 Werceburgensis
2349 4590 2401 4643 1.
2437 4589 2491 4659 4.

2424 4450 2514 4521 1—990
2559 4446 2831 4521 principio
2883 4452 2934 4506 1.
2990 4519 3011 4521 ξ
3047 4449 3135 4485 ¹⁹⁹¹
3182 4450 3326 4521 deest
3351 4450 3420 4521 β.
3463 4449 3519 4504 4.
3563 4450 3618 4521 5.

2304 4520 2396 4551 ⁸³³⁸
2426 4518 2757 4575 Bertholdns
2796 4521 2846 4574 1.
2895 4521 2949 4573 4.
2989 4519 3313 4575 Berntoldus
3347 4519 3400 4573 5.
3451 4528 3502 4575 et
3540 4518 3621 4576 ita

2615 4590 2706 4621 1'”
2739 4589 3026 4645 Berdolfus
3062 4591 3111 4644 1.
3144 4589 3204 4643 Β.
3240 4598 3295 4645 et
3329 4590 3421 4642 alii
3452 4591 3621 4650 duces

343 4656 519 4717 et'alii
562 4665 806 4735 plerique
848 4666 901 4720 5.
936 4656 990 4720 4.
1021 4667 1073 4720 5.
1101 4663 1276 4730 Quum
1304 4660 1853 4735 prwterRudolfum,_
1877 4656 2193 4735 Welfonern,
2243 4658 3019 4735 Bertholdumchronographi
3059 4658 3264 4735 nullum
3305 4658 3474 4712 alium
3511 4661 3621 4735 du-

343 4746 454 4802 cem
490 4729 649 4802 quam
682 4729 926 4790 Uttonem
960 4736 1024 4788 de
1060 4729 1338 4789 Northeiin
1376 4734 1660 4796 nominent,
1704 4729 1795 4801 qui
1822 4730 1955 4802 ihuic
2006 4729 2282 4802 concentui
2308 4730 2635 4802 interfuerit
2661 4771 2676 4797 ,
2719 4729 2875 4784 verba
2897 4745 2916 4782 :
2949 4739 3003 4802 et
3043 4729 3135 4785 alii
3180 4744 3245 4782 cx
3269 4730 3623 4802 sequentibus

343 4800 444 4873 Ituc
487 4800 751 4859 translata
789 4822 900 4859 esse
943 4805 1202 4859 videntur.
1317 4805 1412 4836 ¹⁰⁰⁰
1487 4804 1628 4873 regis
1661 4800 1885 4873 (ἰσίαν.

342 4869 534 4926 desunt
581 4875 633 4929 5.
665 4876 719 4931 4.
816 4875 911 4913 ³⁰⁰δ
935 4890 999 4935 ea
1038 4876 1089 4941 5,
1197 4876 1292 4908 ¹¹⁰⁰⁸
1319 4869 1570 4951 gravisse
1595 4874 1647 4931 4.

2002 4800 2094 4831 ²⁰⁰¹
2139 4813 2264 4867 spes
2282 4799 2553 4924 jspecies)
2577 4802 2630 4857 5.

2002 4870 2249 4924 rdaretur
2322 4909 2336 4924 .

1751 4870 1846 4908 ²⁰⁰⁶
1876 4870 2249 4926 retardaretur
2282 4870 2336 4929 4.

2757 4802 2852 4833 ²⁰⁰¹
2892 4808 2948 4863 et
2992 4801 3045 4856 5.
3091 4802 3145 4856 4.
3186 4850 3195 4854 -
3267 4798 3362 4828 ’⁸⁸³
3398 4806 3454 4851 et
3481 4815 3534 4861 a,
3567 4799 3622 4866 d.

1879 5023 2110 5091 NOTAE.

302 5130 313 5181 ι
413 5151 556 5289 ξιῖὃ)
596 5152 704 5221 (III,
729 5168 892 5225 supra
918 5168 968 5207 a.
999 5153 1157 5215 1074.

353 5285 381 5289 Δ
437 5222 557 5286 419)
596 5223 869 5279 Dmnbeck
920 5224 972 5276 in
1021 5222 1157 5289 Geot

437 5220 557 5286 479)
596 5220 869 5300 Dutnbeck
920 5224 972 5276 in
1005 5221 1921 5300 ,ἕπεσθε-39111⁸4.ιιὲεοινωηχειιιεῐ.

335 5285 592 5346 German.
638 5294 962 5349 Cisrhenan.
995 5285 1196 5358 (Berol.
1239 5285 1427 5356 ’1818,’
1454 5285 1510 5350 8V)
1552 5311 1607 5358 β.
1652 5296 1779 5358 287.
1814 5311 1925 5358 δα..

2025 5157 2265 5227 primum
2312 5168 2343 5206 a
2368 5152 2573 5227 vicinia
2618 5152 2772 5227 urbis
2810 5133 3665 5227 Elegantia..thjftttlolpbua

2028 5210 2390 5282 consecratus
2426 5222 2550 5291 fuit,
2576 5223 2863 5293 repetitum
2892 5210 3008 5281 6st,
3042 5210 3670 5293 eonlit'll‘lfu‘ﬁf‘onatur,

2033 5271 2387 5358 T551133;
2420 5271 2936 5358 sing’u-larrefutare
2978 5271 3223 5358 studuit
3255 5271 3317 5358 1"-
3337 5342 3351 5354 _
3365 5271 3679 5358 @sterreiﬁ
