4050 5358
263 245 406 299 1⁸239

1185 244 1272 298 DE
1307 243 1636 303 C(ENOBIO
1678 246 2208 303 MALLFACENSIS
2254 240 2553 303 l’NSClJE.

3399 249 3420 300 i
3431 244 3545 302 230

260 355 517 424 expetens
543 368 834 424 aggressus
864 370 1006 408 sum.
1045 353 1246 408 Verum
1279 352 1430 422 prius
1459 351 1616 409 libuit
1645 357 1850 422 animo,
1881 361 1928 416 Α
1952 356 2072 411 Jam
2103 374 2232 412 vero
2259 374 2439 411 meum
2466 359 2569 412 erit
2602 354 2751 425 operi
2783 353 3097 410 incumbere
3129 373 3140 407 :
3173 363 3327 410 tuum
3357 369 3540 414 autem

262 459 331 499 ne
369 445 614 515 ingratus
651 461 826 500 essem
876 446 1094 515 patr-ite,
1128 453 1328 500 statum
1357 443 1730 502 Mallcacensis
1767 447 1852 502 in-

262 537 430 602 sulsa,
477 546 638 605 prout
681 538 746 589 ad
783 553 883 590 nos
926 539 993 590 ab
1030 539 1350 607 antiquitate
1391 539 1560 591 Valnit
1604 549 1852 593 transva-

260 627 413 692 dare,
446 627 646 697 quibus
673 643 893 697 quoque
931 630 1248 683 auctoribus
1282 629 1567 683 exordium
1610 628 1850 685 habuere

261 717 383 789 ipsa
409 735 532 788 quae
559 719 613 772 in
639 719 826 772 cadent
876 730 1179 774 cernuntur
1221 720 1451 774 ecclesia
1472 763 1486 785 ,
1518 721 1804 791 depingere
1831 737 1844 776 :

263 809 484 864 demum
525 819 706 865 autem
735 826 857 880 quae
901 813 1162 882 proposui
1209 813 1499 868 enodando
1531 813 1843 867 terminare.

1258 1005 1872 1120 RELATIO

1017 1225 1124 1301 g1.

338 1316 508 1396 Igitur
557 1322 644 1377 illa
688 1337 810 1392 quin
856 1315 1218 1377 Malliacensis
1259 1317 1460 1372 dicitur
1487 1316 1687 1382 insula,
1718 1316 1856 1370 dena

266 1415 488 1472 sissima
517 1415 990 1484 pulcherrimaque
1014 1412 1288 1481 quondam
1313 1409 1512 1464 dicitur
1526 1408 1694 1463 fuisse
1721 1408 1858 1462 silva

268 1506 617 1561 multitudine
659 1506 1014 1560 nihilominus
1056 1503 1298 1558 ferarum
1339 1501 1635 1555 admodum
1661 1500 1854 1554 ditata.

264 1595 622 1666 Atnplissimo
645 1597 913 1665 siquidem
944 1596 1182 1650 marisco
1211 1595 1339 1647 hinc
1366 1602 1419 1648 et
1441 1591 1565 1645 inde
1601 1591 1858 1660 cingeba—

1952 465 2019 502 ne
2047 447 2248 502 frustra
2287 449 2580 514 desudcm,
2629 447 2880 516 precibus
2921 448 3196 516 adjuvare.
3231 447 3537 505 Verborum

1949 554 2078 609 ergo
2106 555 2367 608 pomposa
2403 539 2532 594 folia
2565 535 2726 594 isthic
2756 537 2980 593 minime
3020 540 3385 607 requirantur,
3415 556 3542 596 cum

1951 628 2005 685 in
2044 631 2252 685 aidibus
2280 629 2493 684 Domini
2529 630 2710 686 divina
2737 631 3043 686 assertione
3071 631 3306 700 plantari
3346 621 3540 687 nemus

1949 731 2186 787 veretur,
2219 729 2273 774 et
2308 723 2424 776 haec
2450 721 2676 792 exsequi
2715 730 2949 790 nequeat
2991 731 3280 790 paupertas
3319 737 3541 792 sensus,

1951 813 2046 867 sed
2072 811 2404 883 sempliciter
2429 813 2664 882 gaudeat
2695 829 2825 884 grex
2857 811 3065 866 Christi
3093 812 3348 883 pusillus.

1960 1007 2547 1121 lNCIPiT.

1959 1226 2126 1281 traxit
2152 1227 2478 1281 vocabulum
2499 1267 2512 1292 ,
2544 1226 2803 1296 quoniam
2822 1272 2836 1296 ,
2869 1229 2959 1285 ubi
2993 1227 3309 1288 inundantia
3338 1229 3548 1305 pluvia-

1961 1333 2085 1372 rum
2139 1317 2359 1388 Separis
2409 1335 2723 1373 exet-escere
2773 1320 2990 1376 fecisset
3035 1324 3293 1391 ﬂuvium,
3345 1326 3548 1380 relictis

1961 1410 2163 1480 quibus
2205 1409 2513 1465 incolebant
2537 1411 2702 1477 locis,
2735 1412 2862 1468 hinc
2909 1415 3053 1468 enim
3104 1417 3293 1485 procul
3337 1418 3549 1472 habita-

1962 1501 2094 1554 bant
2125 1502 2392 1566 nonnulli,
2424 1503 2789 1571 properabant
2819 1505 2910 1557 illo
2942 1520 3108 1560 causa
3136 1508 3390 1576 piscium.
3423 1507 3550 1563 Sive

1963 1607 2095 1660 ergo
2123 1594 2194 1646 sit
2234 1593 2339 1648 hoc
2379 1604 2472 1647 aut
2511 1595 2656 1648 aliud
2696 1596 2898 1665 aliquid
2927 1637 2940 1661 ,
2993 1599 3095 1651 hoc
3136 1615 3303 1652 unum
3345 1599 3412 1652 de
3439 1596 3550 1654 illis

268 1699 362 1746 tur
382 1730 396 1755 ,
423 1689 520 1759 qui
549 1706 615 1743 ex
654 1690 870 1744 duobus
908 1697 1128 1758 propter
1171 1685 1464 1739 ﬂuentibus
1507 1683 1856 1746 ﬂuminibus,
1891 1677 1934 1731 Β
1961 1682 2135 1737 fertur
2159 1684 2310 1753 quod
2338 1685 2462 1738 sint
2489 1694 2542 1739 ct
2573 1687 2651 1740 ira
2696 1689 2840 1741 leves
2861 1730 2873 1750 ,
2904 1697 2957 1740 et
2987 1705 3120 1757 pene
3151 1689 3545 1759 implacabiles,

267 1795 506 1851 quorum
537 1779 820 1834 orientalis
844 1779 1070 1842 Alteria,
1105 1776 1362 1831 australis
1389 1773 1860 1843 quoque-Separis

267 1879 518 1935 vocatur,
555 1885 810 1926 emanare
834 1871 1092 1933 cernitur,
1135 1869 1293 1937 cujus
1337 1865 1546 1920 crebris
1578 1881 1608 1919 e
1650 1866 1863 1935 paludi-

269 1963 377 2020 bus
405 1963 732 2031 voluptuosa
787 1964 1128 2032 pullulabant
1171 1961 1439 2032 gramina,
1491 1968 1546 2013 et
1570 1969 1696 2027 apta
1741 1974 1864 2014 om-

270 2058 427 2112 nium
476 2055 782 2119 belluarum
827 2055 1150 2124 generibus,
1195 2067 1429 2123 quarum
1471 2061 1713 2122 quantus
1753 2051 1864 2105 illic

270 2147 387 2217 illis
428 2156 746 2206 excreverat
792 2163 1053 2201 numerus
1093 2145 1284 2200 diebus
1327 2145 1394 2198 ad
1437 2144 1775 2199 recitandum
1810 2153 1865 2197 et

271 2244 459 2314 lingua
503 2241 686 2296 deﬁcit
729 2249 783 2294 et
833 2240 1097 2293 calamus.
1130 2236 1530 2291 humanissime
1577 2245 1758 2290 autem
1797 2252 1864 2290 eo

272 2336 556 2406 pi‘azcipue.
573 2333 935 2399 undecunque
964 2345 1092 2384 sues
1107 2329 1492 2392 adventabant,
1515 2344 1625 2397 quo
1646 2338 1699 2392 et
1718 2328 1865 2399 jugis

273 2438 438 2484 terrae
465 2429 698 2490 humor,
717 2423 1016 2482 secundum
1051 2421 1138 2476 sui
1168 2430 1442 2484 naturam,
1481 2429 1604 2489 apta
1634 2429 1864 2489 praeten-

275 2521 438 2576 debat
473 2519 779 2581 volutabra,
809 2523 862 2572 et
899 2514 1382 2580 excelsaequercus
1415 2519 1599 2579 optata
1645 2513 1860 2580 pabula.

239 2664 242 2667 .
275 2612 518 2668 Dnmosa
545 2626 676 2668 sane
705 2611 844 2664 inter
877 2607 1018 2662 altas
1066 2604 1218 2676 fagos
1240 2645 1256 2671 ,
1289 2619 1523 2674 quarum
1577 2603 1864 2660 innumera

275 2702 572 2758 multitudo
605 2710 742 2766 erat,
775 2705 1160 2755 succreverant
1183 2695 1418 2761 fruteta,
1458 2709 1693 2765 quorum
1729 2695 1866 2749 den-

253 2794 462 2863 .sitttdo
483 2793 694 2858 bestias
717 2793 787 2848 ab
825 2792 1034 2860 impetu
1062 2798 1118 2844 et
1149 2787 1359 2857 laqueis
1385 2786 1702 2841 venantium
1740 2801 1868 2855 pro-

280 2886 511 2958 tegebat.
542 2884 875 2940 Animalium
896 2881 1150 2951 equidem
1176 2877 1524 2935 multitudine
1551 2877 1866 2946 hujus-nodi

282 2978 459 3036 saltus
481 2993 669 3046 carere
697 2975 978 3044 nequibat,
1007 2971 1292 3041 quoniam,
1316 2979 1376 3023 ut
1393 2971 1736 3039 praelibatum
1758 2980 1844 3026 est

279 3079 338 3140 et
359 3078 583 3141 propter
599 3068 852 3124 ﬂuentem
881 3079 1120 3127 amnem,
1144 3070 1198 3116 et
1217 3076 1568 3116 numerosam
1592 3063 1866 3130 paludem,

279 3171 340 3217 et
363 3161 632 3219 seminum
663 3159 984 3214 idoneorum
1013 3163 1234 3224 pastus,
1269 3155 1553 3208 volucrum
1579 3154 1869 3222 varietate,

281 3269 348 3310 ac
377 3253 668 3325 herbarum
696 3250 914 3306 luxurie
940 3261 1396 3319 quarumcunque
1426 3246 1728 3315 specierum
1753 3245 1874 3300 ani-

283 3345 447 3416 malia
469 3345 828 3409 conﬂuerent,
854 3341 912 3395 in
935 3355 1055 3396 sese
1075 3339 1346 3394 educabat
1365 3337 1690 3407 largissime.
1713 3336 1874 3390 Circa

279 3452 363 3492 ve.
381 3453 413 3491 0
438 3437 737 3492 matutinas
764 3432 1176 3502 etvespertinas
1205 3432 1370 3484 horas
1421 3438 1507 3484 sat
1535 3428 1755 3482 haurire
1775 3442 1876 3481 au-

281 3527 437 3581 ribus
473 3537 628 3591 erat,
673 3534 940 3594 quantum
989 3539 1088 3592 pro
1131 3523 1302 3584 echo,
1343 3530 1455 3573 tum
1501 3519 1747 3574 ferarum
1806 3518 1873 3570 ad

282 3633 472 3683 sonos,
506 3627 619 3672 tum
646 3616 931 3670 volucrum
981 3614 1328 3686 garrulitates
1365 3611 1554 3682 gracili
1597 3609 1734 3666 silva
1763 3608 1873 3662 tin-

283 3710 400 3764 nitu
434 3711 815 3779 respondebat.

314 3865 316 3868 ν
353 3803 616 3872 Princeps
664 3817 827 3872 porro
877 3808 1033 3854 terra:
1069 3797 1461 3861 Pictavorum,
1511 3795 1622 3849 dux
1669 3792 1876 3849 scilicet

281 3892 718 3966 Aquitanorum,
754 3891 932 3946 aulam
977 3905 1085 3944 non
1145 3888 1416 3943 modicam
1472 3885 1766 3940 :ediﬂcarat
1819 3883 1874 3937 in

204 3967 220 3976 '
283 3986 528 4055 ejusdem
547 3985 720 4040 saltus
742 3985 930 4046 latere,
954 3982 1006 4034 in
1025 3997 1156 4050 qua,
1180 3979 1613 4048 quotiescunque
1627 3975 1874 4044 juvabat,

284 4093 488 4147 corpus
525 4078 646 4146 plus
675 4076 834 4130 solito
880 4073 1124 4126 venando
1151 4085 1436 4133 exercere,
1465 4069 1689 4122 deerant
1728 4065 1876 4119 enim

285 4170 511 4232 incoho,
547 4168 752 4222 valeret
805 4173 926 4234 post
974 4163 1174 4218 nimios
1223 4161 1453 4216 sudores
1502 4173 1744 4227 congrsa
1797 4155 1876 4209 uti

288 4263 488 4336 quiete.
519 4259 624 4315 Sed
668 4267 722 4313 et
771 4257 1028 4319 basilica,
1060 4255 1201 4321 miro
1243 4267 1406 4319 opere
1446 4250 1666 4304 fundata
1687 4289 1702 4313 ,
1732 4248 1876 4301 haud

1847 3011 1936 3071 ’C

1962 1775 2230 1841 immites,
2261 1777 2540 1843 crudeles,
2573 1779 2868 1844 increduli,
2901 1787 2956 1833 et
2986 1781 3248 1836 indociles
3288 1789 3343 1835 et
3369 1782 3552 1838 omnis

1962 1868 2356 1935 propemodum
2381 1869 2738 1924 humanitatis
2759 1872 3388 1941 cchrtes.Aqttilonaris
3402 1883 3551 1928 certe

1963 1972 2114 2026 gens,
2153 1956 2452 2013 Normanni
2479 1961 2763 2027 videlicet,
2795 1978 2917 2031 qua:
2946 1979 3161 2033 semper
3192 1965 3392 2033 praedis
3417 2005 3432 2029 ,
3466 1964 3551 2017 in-

1963 2049 2171 2102 cendiis
2199 2057 2254 2103 et
2281 2050 2488 2119 rapinis
2528 2053 2668 2106 ultra
2703 2055 2924 2106 modum
2965 2054 3104 2107 alios
3131 2071 3328 2108 vexare
3361 2064 3551 2124 parata

1963 2140 2307 2208 przedicatur,
2341 2141 2622 2210 praefatum
2648 2144 2846 2197 ﬂumen
2879 2161 3043 2214 quam
3078 2161 3218 2214 szepe
3248 2146 3407 2200 solita
3433 2155 3554 2204 erat

1964 2231 2209 2294 introire,
2243 2227 2307 2286 ac
2343 2236 2701 2304 quoscunque
2728 2245 2940 2305 poterat
2973 2237 3133 2290 bonis
3161 2239 3417 2292 omnibus
3449 2255 3554 2294 nu-

1963 2323 2121 2379 datos
2158 2325 2278 2379 neci
2308 2326 2489 2381 dabat.
2527 2325 2733 2382 Horum
2763 2329 2940 2398 gladio
2979 2327 3400 2384 Collibertorum
3429 2340 3556 2402 post

1965 2430 2073 2468 non
2133 2417 2414 2471 minimam
2479 2434 2707 2475 suorum
2764 2429 2998 2491 stiagcm
3062 2422 3236 2475 deli-ta
3302 2432 3557 2478 cantatur

1966 2509 2204 2562 maxima
2235 2510 2548 2566 multitudo.
3309 2510 3311 2512 ’

2038 2598 2203 2654 istius
2225 2616 2416 2671 nempe
2445 2603 2591 2658 modi
2615 2620 2642 2658 a
2666 2605 2938 2660 veteribus
2981 2606 3290 2676 accepimus
3317 2607 3554 2663 insulam

1969 2690 2138 2746 fuisse
2165 2691 2234 2746 ad
2277 2706 2454 2763 usque
2483 2694 2586 2764 piae
2619 2697 3014 2752 recordationis
3043 2697 3298 2753 Willelmi
3327 2699 3558 2769 Aquita-

1967 2798 2165 2837 norum
2213 2783 2497 2839 fortissimi
2548 2785 2736 2854 ducis,
2784 2787 3283 2844 etPictaviensium
3337 2789 3557 2846 comitis

1969 2884 2252 2946 tempora,
2307 2877 2453 2933 illius
2499 2878 2756 2933 Willelmi
2795 2880 3093 2950 genitoris,
3145 2882 3304 2950 cujus
3351 2896 3453 2951 0pc
3499 2892 3558 2938 et

1968 2969 2170 3022 auxilio
2201 2967 2423 3023 fundata
2449 2980 2578 3024 sunt
2603 2972 2802 3026 moenia
2820 2971 3134 3027 Monasterii
3161 2971 3554 3042 Mallcaccnsis,

1971 3061 2025 3112 in
2065 3076 2178 3129 quo
2217 3070 2544 3115 venerantur
2590 3063 2675 3131 pia
2720 3062 2942 3133 gloriosi
2990 3061 3263 3134 Rigomcri
3312 3065 3558 3122 membra

1970 3150 2174 3205 Christi
2216 3150 2430 3206 Domini
2479 3153 2814 3210 confessoris
2862 3171 2926 3209 ac
2973 3157 3296 3211 sacerdotis.
3352 3157 3555 3213 Verum

1972 3242 2138 3312 hujus
2180 3244 2259 3297 rei
2303 3244 2495 3298 relatio
2532 3260 2793 3315 congruo,
2827 3245 2935 3301 Deo
2965 3256 3215 3312 auctore,
3248 3249 3559 3304 narrabitur

1972 3333 2111 3388 loco.
2143 3333 2250 3400 Qui
2285 3336 2558 3405 gloriosus
2591 3337 2876 3406 princeps,
2908 3339 3037 3391 dum
3067 3341 3132 3392 ad
3163 3341 3313 3408 regni
3342 3339 3556 3410 fastigia

1972 3427 2271 3480 ordinanda
2297 3435 2446 3482 esset
2473 3428 2736 3491 adscitus,
2766 3439 2937 3496 caque
2977 3430 3212 3482 maxime
3242 3431 3408 3484 animi
3448 3431 3550 3484 vir—

1976 3526 2088 3574 tute
2121 3533 2288 3587 quam
2332 3517 2477 3573 ferro
2521 3534 2706 3587 regere
2737 3528 3042 3587 exoptarct,
3073 3521 3395 3588 optimatum
3434 3537 3554 3590 pro-

1972 3611 2217 3676 priorum
2261 3609 2537 3671 consiliis,
2567 3609 2774 3662 sororis
2812 3608 3017 3665 Odonis
3061 3609 3416 3665 famosissimi
3467 3629 3534 3667 co

1975 3703 2143 3766 mitis,
2183 3700 2442 3762 Hemmaz,
2472 3701 2680 3754 scilicet
2709 3702 2988 3772 religionis
3014 3703 3204 3758 amica:
3230 3717 3295 3756 ac
3333 3704 3560 3758 scientia

1975 3794 2237 3857 suﬂ‘nltae,
2283 3801 2345 3846 ut
2374 3793 2548 3861 patuit
2575 3809 2641 3846 ex
2689 3794 2831 3859 line,
2873 3795 3130 3864 conjugio
3173 3796 3411 3849 donatus
3456 3805 3560 3850 est.

1975 3884 2272 3939 Celebratis
2307 3885 2452 3938 enim
2478 3885 2651 3953 ipsius
2690 3900 2757 3939 ex
2785 3901 2937 3939 more
2959 3884 3164 3954 nuptiis
3189 3898 3316 3938 mox
3347 3883 3567 3938 Mallca-

1976 3976 2124 4030 censi
2148 3991 2270 4030 sese
2294 3984 2647 4044 reprzescntat
2668 3977 2818 4030 silva:
2843 3991 3031 4039 causa,
3058 3978 3200 4031 sicut
3221 3977 3562 4042 credebatur,

1976 4069 2228 4122 venandi.
2281 4067 2388 4122 Sed
2443 4068 2605 4137 longe
2641 4069 2800 4121 aliter
2843 4067 3164 4135 providebat
3223 4067 3399 4120 nostri
3452 4069 3564 4121 cle-

1979 4161 2179 4213 mentia
2211 4159 2606 4226 Redemptoris.
2635 4156 2754 4210 Jam
2783 4157 2984 4225 quippe
3006 4166 3220 4225 tempus
3247 4157 3568 4214 imminebat

1979 4265 2090 4318 quo
2135 4250 2190 4302 in
2227 4249 2464 4302 ferarum
2497 4245 2890 4302 conventiculis
2913 4245 3041 4300 Jesu
3089 4247 3328 4312 Christi,
3370 4246 3463 4300 Dei
3512 4258 3569 4302 et

284 4353 478 4425 procul
507 4352 578 4407 ab
605 4351 743 4405 aulae
770 4349 910 4402 atrio
940 4347 991 4400 in
1022 4343 1370 4400 veneratione
1407 4339 1710 4394 beatissimi
1743 4354 1878 4406 pon-
1910 4359 1954 4412 ι)
1982 4339 2194 4393 Domini
2224 4337 2432 4401 nostri,
2463 4336 2750 4390 ineﬂabilis
2779 4337 3152 4390 misericordia
3193 4338 3428 4392 condere
3457 4341 3570 4392 agi-

287 4445 451 4502 tilicis
478 4442 670 4498 Hilarii
698 4439 998 4509 antiquitus
1043 4435 1256 4499 fuerat;
1300 4448 1411 4501 quo
1439 4447 1565 4486 cum
1607 4431 1744 4483 duce
1782 4428 1878 4482 ad-

288 4536 569 4591 venientes
607 4534 810 4604 quique
849 4527 1088 4599 religiosi
1137 4532 1486 4582 sacrosancta
1537 4520 1882 4576 celebrabant

290 4629 585 4684 missarum
642 4623 926 4692 solemnia.
996 4620 1055 4674 In
1103 4616 1363 4673 extremis
1415 4629 1634 4683 quoque
1688 4611 1881 4670 insula;

292 4720 435 4773 unde
462 4719 663 4789 agitur,
695 4731 859 4784 supra
892 4711 1111 4780 Separis
1132 4709 1378 4772 alveum,
1407 4705 1680 4776 quoddam
1711 4716 1881 4771 genus

1977 4431 2089 4483 lum
2141 4430 2464 4498 imperarat,
2503 4427 2649 4496 quod
2688 4428 2932 4504 jniseros
2960 4443 2992 4481 a
3040 4428 3240 4482 diaboli
3288 4430 3568 4486 morsibus

1975 4527 2184 4586 erutas,
2233 4535 2264 4574 a
2290 4533 2515 4588 suaque
2546 4519 2783 4572 vanitate
2812 4528 3085 4584 secretos,‘
3104 4521 3344 4575 coalestia
3372 4523 3574 4590 perdu-

1976 4621 2127 4668 ceret
2153 4612 2220 4666 ad
2248 4624 2436 4678 regna.
2481 4609 2820 4664 Adveniente-
2849 4623 2980 4664 vero
3015 4611 3276 4682 principe
3300 4609 3575 4670 Nonnan-

1977 4717 2174 4756 norum
2208 4701 2322 4769 jam
2351 4699 2493 4752 dicta
2523 4700 2704 4755 rabies
2733 4701 2884 4754 illum
2917 4713 3026 4754 non
3052 4702 3225 4755 valuit
3253 4702 3440 4755 latere.
3493 4706 3583 4765 Ad

294 4812 577 4865 hominum
609 4806 871 4881 piscando
897 4801 1196 4872 quaeritans
1238 4797 1440 4850 vietum
1463 4838 1480 4860 ,
1507 4793 1768 4849 nonnulla
1795 4800 1881 4844 tu-

291 4902 443 4974 guria
492 4899 826 4962 confecerat,
857 4894 1005 4965 quod
1044 4908 1076 4946 a
1114 4890 1417 4959 majoribus
1459 4887 1881 4942 Collibertorum

289 4993 620 5051 vocabulum
681 4993 1044 5044 contraxerat.
1103 4981 1260 5048 Quod
1307 4994 1510 5035 nomen
1565 4991 1881 5048 quanquam

296 5086 538 5108 --.....|.....
572 5095 855 5108 annnam-nm
883 5076 1063 5108 νιηιιίῖη
1091 5075 1276 5108 cnvan
1311 5072 1378 5108 cit
1460 5071 1672 5108 vitiatur
1700 5077 1880 5108 Inmnn

1977 4794 2174 4848 horum
2205 4789 2438 4858 denique
2467 4789 2733 4847 feritatem
2761 4792 3167 4856 refrenandum,
3192 4800 3324 4846 nutu
3356 4795 3598 4862 sapic“-

1977 4883 2205 4938 tissimaa
2236 4888 2484 4937 recenter
2530 4895 2766 4955 acceptae
2813 4882 3068 4952 conjugis
3115 4883 3270 4938 eoin
3317 4883 3439 4936 loco
3475 4909 3613 4965 τωο

1979 4975 2202 5047 gloriosi
2232 4973 2462 5042 apostoli
2502 4973 2649 5032 Petri
2679 4978 2844 5032 modo
2883 4973 3134 5030 cernitur
3162 4973 3637 5062 monasterium‘

1981 5069 2130 5108 iulml
2165 5069 2274 5108 .linr
2320 5064 2508 5108 multm
2549 5067 2889 5108 fortitudini:
2918 5063 3056 5108 orici
3089 5063 3349 5108 nnnitlum
3391 5072 3560 5108 res“:
