4050 5358
529 301 660 356 1251

1619 291 1821 349 PETRI
1859 286 2384 347 MALLEACENSIS
2420 290 2727 348 MONACHI

3664 297 3810 352 I232

528 415 596 469 ad
622 426 868 468 cavernae
891 410 1185 481 repedabat
1216 407 1441 465 tutelam
1469 416 1584 463 toto
1614 408 1818 478 impetu
1850 424 1957 477 qua
1987 421 2111 476 per-
2138 404 2186 463 Î‘
2212 417 2333 461 sum
2374 405 2581 475 lumen,
2617 415 2673 463 et
2704 407 2932 462 omnino
2975 406 3338 463 valetudinem
3370 423 3496 463 sese
3523 408 3811 477 recepisse

527 515 751 560 noctare
774 503 967 558 solitus
995 511 1131 557 erat.
1158 501 1254 557 Die
1285 501 1467 571 itaque
1495 500 1753 569 quadam,
1781 501 1911 555 dum
1944 501 2108 571 hujus

524 596 716 653 bestia:
741 595 1127 652 creberrimum
1159 593 1379 663 impune
1408 592 1851 663 provocationem
1894 592 1995 646 viri
2019 602 2112 647 ve-

524 689 690 743 nandi
719 688 871 761 gnari
899 686 952 741 in
988 686 1338 756 Opprobrium
1388 676 1473 739 sui
1513 683 1895 753 conquerendo
1943 684 2112 738 ascri-

525 781 730 847 berent,
760 780 915 834 adest
940 794 1036 833 sus
1058 820 1072 844 ,
1100 778 1258 831 iterat
1284 786 1405 847 quae
1445 774 1704 829 diximus.
1750 774 1949 829 Verum
1983 791 2109 830 cum

521 873 660 927 duce
707 887 770 926 ea
822 880 1143 940 tempestate
1191 868 1510 923 morabatur
1545 866 1767 936 quidam
1798 867 1975 932 miles,
2005 880 2109 921 no-

522 965 668 1018 mine
682 962 1053 1027 Gautcelinus,
1072 971 1126 1016 et
1140 976 1333 1032 genere
1349 968 1403 1014 et
1416 958 1663 1027 corporis
1684 959 1880 1012 robore
1902 961 2107 1026 clarus,

521 1055 616 1123 qui
644 1055 876 1109 aliorum
906 1054 973 1108 ad
1015 1051 1184 1107 feram
1230 1049 1618 1120 insequendum
1664 1049 1954 1119 instigatus
1993 1051 2108 1105 cla-

522 1146 787 1210 moribus,
818 1145 1096 1199 accinctus
1143 1142 1355 1213 gladio,
1402 1140 1515 1210 jam
1561 1139 1686 1211 fuga
1722 1138 1930 1209 lapsam
1984 1152 2110 1197 ante

520 1237 762 1307 reliquos
822 1235 1169 1305 persequitur
1214 1233 1345 1286 totis
1395 1231 1629 1285 nisibus.
1699 1230 1940 1286 Tandem
1988 1232 2109 1302 ipsa

520 1328 695 1383 multo
721 1342 893 1383 cursu
929 1326 1093 1391 fessa,
1127 1334 1358 1379 stratum
1391 1324 1585 1393 repetit
1610 1323 1765 1388 lzeta,
1806 1339 1916 1393 quo
1948 1325 2108 1379 cubi-

522 1428 636 1475 tum
666 1420 744 1474 ire
773 1424 1152 1474 consueverat.
1176 1416 1246 1469 At
1273 1413 1648 1480 Gautcelinus,
1677 1430 1844 1470 cursu
1874 1416 2108 1485 rapidis-

520 1512 662 1566 simo
690 1522 880 1565 omnes
922 1508 1290 1579 praeveniens,
1334 1506 1475 1561 inter
1512 1506 1839 1563 densissima
1876 1508 2106 1562 viburna

506 1603 873 1674 deprehendit
892 1617 1004 1672 quo
1026 1617 1145 1658 sese
1167 1616 1297 1671 aper
1325 1600 1719 1656 substraxerat.
1750 1598 1950 1652 Verum
1977 1600 2104 1669 quia

518 1694 894 1764 multiplicitas
916 1693 1201 1763 spinarum
1218 1692 1408 1747 callem
1429 1691 1794 1755 concluserat,
1819 1690 2106 1760 evaginato

519 1788 698 1860 gladio
720 1826 735 1853 ,
765 1797 995 1856 quaeque
1038 1784 1231 1839 nociva
1260 1776 1438 1838 vicina
1476 1782 1773 1851 exstirpat,
1805 1782 1992 1851 sicque
2037 1782 2105 1837 ad

518 1881 750 1937 bestiam
811 1878 963 1934 ferox
998 1876 1300 1947 appr0piat.
1352 1874 1403 1931 Is
1440 1884 1620 1928 autem
1660 1882 1778 1928 erat
1810 1873 1967 1929 locus
1994 1889 2106 1944 quo

517 1981 602 2027 est
646 1969 1040 2025 monasterium
1087 1965 1234 2037 quod
1282 1966 1482 2021 dicitur
1511 1964 1696 2020 Vetus.
1729 1964 1842 2020 Illic
1880 1966 2103 2032 etenim,

519 2062 663 2119 sicut
684 2059 1068 2130 antiquissima
1098 2066 1224 2128 post
1250 2057 1555 2112 docuerunt
1594 2056 1931 2122 fundamina,
1963 2057 2107 2111 anti-

517 2154 704 2224 quitus
734 2152 837 2207 fuit
861 2149 1109 2215 ecclesia,
1138 2149 1297 2218 cujus
1319 2148 1619 2203 eversionis
1642 2165 1672 2202 a
1696 2149 1855 2203 nobis
1882 2149 2104 2220 ignora-

519 2254 608 2299 tur
627 2258 814 2300 causa.
862 2239 1259 2298 Remanserant
1284 2240 1429 2295 enim
1473 2250 1601 2295 tunc
1629 2241 1743 2310 ipsa
1788 2246 1940 2295 terna
1982 2250 2108 2310 qua:

516 2337 571 2392 in
599 2336 803 2408 cryptis
831 2333 1102 2390 habentur
1131 2333 1347 2396 altaria,
1378 2330 1502 2388 licet
1532 2331 1765 2387 fuissent
1794 2340 1902 2387 tam
1932 2333 2107 2389 imbre

515 2441 682 2498 quam
724 2427 921 2498 pruina
960 2427 1115 2481 valde
1156 2426 1386 2490 detrita,
1416 2424 1558 2478 inter
1584 2437 1709 2494 qua:
1740 2424 1830 2479 illa
1852 2466 1866 2489 ,
1899 2425 1966 2479 de
1995 2440 2104 2495 qua

516 2519 750 2591 agimus,
776 2519 994 2589 jacebat
1018 2517 1210 2573 bestia.
1240 2515 1414 2583 Quam
1441 2525 1502 2570 ut
1522 2531 1665 2586 saepe
1694 2514 1840 2571 fatus
1864 2516 2103 2572 Gautce-

516 2611 663 2667 linus
689 2625 912 2667 cernere
947 2609 1148 2676 valuit,
1175 2616 1295 2664 erat
1334 2608 1478 2663 enim
1512 2606 1665 2661 mira:
1690 2607 2101 2679 magnitudinis,

516 2716 585 2758 ne
608 2716 730 2759 sese
774 2698 1055 2759 invaderet
1073 2743 1089 2768 ,
1119 2700 1339 2766 timuit,
1370 2710 1425 2756 et
1449 2714 1579 2755 casu
1602 2740 1617 2765 ,
1653 2708 1843 2769 utpote
1904 2709 2105 2755 treme-

516 2794 718 2861 factus,
748 2807 969 2851 sacrum
1003 2794 1223 2848 titulum
1255 2792 1345 2846 illa
1374 2793 1440 2846 de
1470 2807 1594 2855 ara,
1617 2806 1743 2859 quae
1769 2806 1915 2846 nunc
1942 2806 2106 2846 vene-

514 2887 784 2943 rationem
810 2884 955 2942 beati
982 2885 1224 2942 continet
1244 2883 1412 2948 Petri,
1443 2882 1510 2937 ad
1536 2896 1659 2935 eam
1686 2881 2103 2952 aggrediendam

513 2979 955 3048 comprehendit;
1002 2977 1096 3032 sed
1156 2982 1449 3045 postquam
1492 2972 1627 3028 illud
1673 2973 1851 3043 attigit
1877 2972 2102 3042 (mirum

2213 496 2537 553 benedicens
2579 497 2871 554 Dominum
2919 500 3133 556 cunctis
3182 501 3449 570 propalat.
3501 500 3640 567 Quae
3710 502 3811 556 ubi

2211 589 2505 644 comitissa:
2532 589 2766 646 indicata
2798 600 2959 658 sunt,
2990 592 3119 662 quid
3145 608 3310 662 super
3344 593 3412 646 iis
3443 592 3808 660 tractaverit,

2212 681 2515 749 sequentia,
2546 680 2657 736 Deo
2690 684 2948 753 propitio,
2975 684 3365 753 perdoeebunt.

2280 770 2539 842 Princeps
2570 774 2774 829 interea
2800 776 3087 846 coniugem
3128 776 3293 842 adiit,
3331 775 3579 830 ordinem
3612 777 3695 832 rei
3732 777 3811 833 ab

2210 877 2274 916 ea
2304 864 2528 933 accepit.
2563 864 2628 919 Et
2666 867 2903 935 primum
2949 868 3168 937 quidem
3210 867 3322 921 dux
3366 868 3453 921 his
3489 870 3809 937 attonitus,

2210 953 2404 1009 deinde
2444 970 2634 1011 vocem
2672 958 2875 1012 exaltat
2921 958 2977 1012 in
3024 957 3229 1013 Christi
3280 959 3555 1014 laudibus.
3603 958 3812 1015 Mulier

2209 1060 2339 1101 vero
2372 1049 2778 1117 quodammodo
2810 1066 3122 1121 praesagans
3150 1050 3333 1105 mariti
3372 1051 3589 1105 animos
3622 1066 3657 1105 a
3693 1049 3809 1107 Do-

2210 1138 2359 1191 mino
2389 1139 2685 1208 inspiratos
2712 1152 2725 1194 2
2756 1139 2875 1195 Non
2906 1142 3004 1196 abs
3042 1155 3120 1207 re,
3159 1140 3253 1208 ait,
3279 1142 3501 1197 domine
3531 1141 3631 1207 mi,
3675 1142 3805 1211 Opi-

2209 1244 2331 1293 nor,
2376 1230 2505 1284 talia
2551 1231 2745 1286 diebus
2785 1232 2893 1287 tuis
2923 1228 3251 1303 contigisse,
3298 1234 3431 1302 quin
3470 1233 3660 1302 potius
3706 1248 3808 1302 per

2208 1320 2325 1376 haec
2355 1323 2602 1391 conjecto
2633 1329 2685 1377 te
2717 1323 2785 1378 ad
2811 1316 3020 1394 majora
3056 1324 3307 1394 quaedam
3335 1324 3632 1379 Dominum
3672 1340 3807 1394 pro-

2206 1426 2422 1469 vocare.
2458 1413 2529 1467 At
2558 1414 2685 1469 ille:
2725 1414 2942 1481 Fateor,
2984 1415 3181 1485 inquit,
3218 1415 3336 1471 haec
3375 1432 3497 1471 mea
3530 1424 3620 1470 est
3645 1416 3808 1487 cogiâ€”

2210 1505 2363 1559 tatio.
2414 1503 2614 1559 Verum
2661 1516 2902 1575 quunam
2963 1507 3127 1562 modo
3182 1507 3235 1561 id
3289 1508 3515 1577 exsequi
3563 1508 3805 1577 debeat,

2208 1604 2388 1649 mente
2410 1596 2589 1651 adhuc
2616 1606 2909 1667 pertracto.
2941 1595 3021 1651 Tu
3048 1606 3229 1652 autem
3258 1597 3306 1653 si
3342 1599 3471 1669 quid
3510 1614 3687 1668 super
3712 1598 3806 1655 his

2209 1685 2398 1753 habes,
2424 1687 2592 1741 dicito
2624 1703 2734 1758 quo
2760 1698 2944 1743 utrum
2971 1689 3260 1744 conveniat
3283 1690 3359 1744 rei
3389 1690 3677 1745 communi
3707 1691 3808 1746 de-

2208 1776 2486 1845 liberetur,
2513 1780 2785 1835 consulto.
2820 1779 3197 1847 Restauretur,
3225 1781 3407 1835 intulit
3433 1782 3547 1848 illa,
3579 1782 3652 1836 ad
3688 1781 3805 1835 Do-

2208 1868 2372 1935 mini,
2418 1869 2466 1924 si
2510 1871 2718 1939 placet,
2784 1866 3106 1926 famulatum
3155 1872 3309 1929 loeus
3338 1916 3353 1940 ,
3410 1874 3808 1945 dictenturque

2206 1970 2458 2030 expensaa
2508 1963 2709 2032 quibus
2758 1964 2894 2019 satis
2945 1964 3017 2019 sit
3058 1965 3499 2021 aedificatoribus.
3550 1966 3622 2021 Et
3669 1968 3807 2037 quia

2207 2054 2515 2109 communis
2541 2055 2693 2126 regni
2728 2057 2936 2111 utilitas
2956 2098 2970 2122 ,
3003 2065 3058 2112 et
3086 2058 3314 2113 bellicus
3337 2059 3494 2114 labor
3521 2058 3604 2113 tui
3641 2070 3804 2130 eget,

2206 2154 2412 2211 meum,
2443 2146 2490 2201 si
2510 2146 2691 2215 jubes,
2729 2148 2833 2201 erit
2856 2148 3009 2218 operi
3040 2148 3393 2216 incumbere;
3427 2158 3544 2205 tum
3571 2166 3808 2221 quoque

2207 2237 2627 2294 necessitatibus
2666 2239 2978 2294 mortalium
3026 2240 3267 2297 obviare.
3311 2239 3595 2311 Siquidem
3643 2243 3807 2298 vide-

2206 2337 2296 2382 tur
2345 2342 2688 2399 consequens
2730 2332 2991 2399 quoniam
3032 2332 3186 2403 juxta
3234 2333 3385 2388 illum
3433 2336 3619 2390 locum
3664 2349 3808 2391 con-

2206 2421 2377 2476 struis
2410 2436 2577 2476 causa
2606 2422 2821 2478 tuenda:
2856 2424 3046 2493 patriae
3070 2425 3330 2495 Oppidum
3351 2466 3367 2491 ,
3409 2440 3521 2496 quo
3556 2427 3630 2482 ad
3672 2429 3803 2483 ani-

2205 2527 2421 2567 marum
2459 2513 2687 2569 salutem
2724 2529 2825 2584 pro
2850 2530 2956 2581 me,
2995 2529 3117 2586 qua:
3143 2530 3275 2571 caro
3300 2526 3391 2571 tua
3419 2515 3616 2573 euecta
3647 2535 3800 2585 sum,

2204 2605 2424 2675 aliquod
2467 2607 2709 2677 erigatur
2751 2606 3088 2680 confugium.
3129 2607 3226 2664 His
3263 2608 3568 2667 oblectatus
3611 2610 3801 2667 Ï„Î¹ÏƒÎ¹Î¹á½·-

2204 2697 2310 2751 bus
2335 2697 2499 2753 heros
2518 2714 2766 2755 consona
2793 2701 3041 2770 petitioni
3073 2701 3193 2771 ejus
3221 2702 3554 2758 omnimodis
3587 2718 3800 2759 conce-

2204 2788 2303 2854 dit,
2333 2798 2500 2859 utque
2520 2806 2659 2861 opus
2689 2793 3017 2847 acceleraret
3042 2793 3362 2849 obsecravit.
3392 2793 3568 2849 Porro
3591 2796 3802 2851 mulier

2205 2882 2470 2936 assccutis
2491 2883 2636 2937 votis
2663 2883 2845 2938 cordis
2875 2884 2981 2950 sui,
3021 2884 3248 2939 idoneos
3285 2884 3516 2940 diversis
3551 2901 3585 2940 e
3621 2888 3802 2956 parti-

2205 2971 2307 3027 bus
2341 2973 2575 3029 artilices
2596 2975 2829 3045 collegit,
2867 2976 3203 3047 nutibusque
3225 2990 3415 3031 eorum
3439 2978 3597 3048 plene
3624 2979 3801 3035 obse-

513 3069 721 3139 dictu!)
751 3069 1036 3125 oculorum
1082 3083 1210 3122 mox
1255 3066 1440 3120 lumen
1492 3064 1711 3129 amisit,
1753 3074 1919 3135 atque
1946 3066 2096 3119 omni
2125 3071 2164 3127 C
2198 3065 2463 3130 cundans,
2490 3082 2832 3135 quaecunque
2858 3068 3128 3138 ejusmodi
3150 3069 3473 3138 expetebant
3501 3071 3798 3133 exercitia.

514 3172 652 3230 pene
698 3174 927 3230 corpore
972 3159 1230 3229 obriguit.
1296 3157 1404 3211 Pro
1450 3171 1611 3227 posse
1664 3164 1847 3210 tamen
1897 3156 2063 3211 sociis
2087 3200 2102 3223 ,

514 3267 775 3321 quorum~
830 3251 1037 3306 clamor
1084 3250 1460 3305 circumcirca
1546 3257 1741 3302 cuncta
1812 3247 2102 3317 implebat,

514 3343 703 3400 ascitis
728 3362 744 3398 :
772 3340 1111 3408 Certissime,
1130 3341 1327 3411 inquit,
1347 3339 1578 3395 funestae
1605 3340 1767 3393 morti
1784 3355 1905 3394 sum
1935 3339 2106 3393 desti-

514 3442 676 3490 natus
691 3476 707 3499 ,
729 3435 991 3506 quoniam
1015 3434 1070 3488 in
1093 3432 1273 3503 specie
1296 3430 1551 3486 animalis
1592 3430 1754 3485 istius
1774 3429 1950 3484 hostis
1974 3429 2106 3485 latet

513 3527 805 3597 antiquus,
846 3526 1005 3596 cujus
1033 3526 1245 3580 visione
1268 3565 1282 3590 ,
1311 3523 1513 3593 quibus
1539 3532 1765 3578 cernere
1804 3521 1965 3579 facile
1996 3528 2100 3591 est,

513 3619 796 3689 opprimor
833 3616 1117 3673 doloribus
1140 3657 1154 3671 .
1194 3616 1496 3671 Cernentes
1538 3614 1791 3684 equidem
1820 3614 1975 3679 socii,
2006 3616 2103 3684 qui

512 3711 844 3767 advenerant
861 3752 877 3777 ,
921 3710 1218 3765 novitatem
1257 3708 1360 3774 rei,
1387 3716 1442 3762 et
1469 3707 1598 3776 quid
1622 3706 1767 3765 facto
1793 3721 1932 3777 opus
1957 3717 2104 3765 esset

512 3797 694 3868 inscii,
718 3802 775 3856 in
799 3801 1053 3857 manibus
1090 3800 1340 3855 tollentes
1365 3806 1567 3868 corpus
1611 3794 1821 3868 aegroti,
1850 3798 2103 3855 deferunt

513 3893 811 3950 comitissae
851 3893 1001 3947 vultu
1028 3892 1183 3945 valde
1218 3889 1458 3960 lugubri.
1507 3886 1924 3957 Sapientissima
1970 3904 2101 3944 vero

514 3984 728 4048 mulier,
757 3992 953 4038 eventu
982 3982 1059 4035 rei
1100 3990 1355 4051 accepto,
1397 3995 1563 4049 quam
1600 3979 1880 4034 celerrime
1918 3981 2099 4035 locum

515 4075 681 4138 adiit,
710 4081 874 4143 atque
907 4082 1017 4127 tam
1041 4088 1108 4127 ex
1139 4071 1350 4126 acervis
1388 4069 1708 4124 altariorum
1737 4084 1903 4139 quam
1932 4071 2097 4125 etiam

514 4180 582 4221 ex
618 4164 918 4235 parietibus
952 4174 1267 4235 cryptarum
1296 4162 1573 4233 quondam
1616 4161 1893 4216 exstitisse
1919 4162 2096 4217 eccle-

514 4256 653 4314 siam
673 4256 952 4327 colligens,
975 4256 1044 4311 ad
1067 4270 1273 4325 aegrum
1302 4253 1493 4319 rediit;
1526 4260 1693 4323 utque
1720 4253 1876 4309 binas
1896 4252 2098 4309 Iaceret

515 4348 788 4414 candelas,
813 4360 1045 4418 quarum
1066 4346 1346 4417 longitudo
1379 4353 1434 4400 et
1456 4344 1796 4399 altitudinem
1824 4345 2091 4414 corporis,

513 4447 570 4494 et
619 4439 1053 4509 complexionem
1100 4437 1305 4507 proprii
1356 4436 1611 4517 retineret
1651 4435 1846 4505 capitis
1899 4435 2092 4490 admo-

519 4532 657 4586 nuit.
702 4530 853 4600 Ipsas
882 4539 1063 4584 autem
1093 4529 1149 4583 in
1186 4529 1308 4583 loco
1338 4528 1430 4582 illo
1465 4527 1732 4583 ardendas
1756 4566 1772 4593 ,
1811 4535 1871 4580 ut
1916 4527 2094 4596 pervi-

518 4624 592 4695 gil
629 4630 890 4687 servaret,
930 4622 1165 4676 edocuit.
1212 4619 1369 4687 Quod
1409 4619 1456 4675 is
1490 4620 1583 4673 ubi
1620 4618 1763 4689 egit,
1803 4619 2092 4673 tacendum

520 4729 630 4769 non
663 4720 748 4769 est
779 4711 910 4781 quid
954 4711 1059 4767 sibi
1097 4710 1355 4767 evenerit.
1394 4707 1533 4764 Nam
1577 4710 1645 4763 ad
1685 4717 2092 4777 suggestionem

520 4802 736 4860 femina?
766 4803 1044 4872 prudentis
1083 4802 1338 4857 candelas
1376 4814 1517 4870 aeger
1556 4799 1780 4865 faciens,
1828 4800 1897 4854 ad
1939 4799 2093 4855 illum

516 4910 631 4968 quo
675 4895 786 4959 illa,
837 4902 898 4948 ut
936 4894 1209 4959 credebat,
1258 4891 1552 4946 infortunia
1604 4891 1709 4945 sibi
1761 4893 2089 4959 acciderant,

517 4985 797 5043 sociorum
823 4986 1075 5040 manibus
1104 4983 1365 5045 defertur;
1395 4997 1570 5052 eoque
1594 4981 1778 5038 tandiu
1808 4981 2094 5037 luminari-

518 5075 625 5147 bus
652 5076 895 5133 accensis
922 5075 1243 5132 excubando
1277 5073 1511 5143 perstitit
1529 5114 1544 5139 ,
1578 5073 1754 5127 donec
1781 5071 2094 5129 difï¬cultate

520 5167 700 5221 somni
736 5180 1054 5236 oppressus,
1083 5165 1210 5219 licet
1238 5164 1470 5228 nollens,
1515 5162 1684 5231 quieti
1723 5163 1879 5217 daret
1914 5163 2093 5219 defes-

521 5271 614 5311 sos
650 5264 822 5313 artus.
873 5256 1112 5312 Tandem
1159 5253 1398 5308 tenebris
1445 5253 1732 5307 vivacitate
1782 5254 2091 5321 crepusculi

2208 3157 2357 3212 brevi
2399 3158 2575 3226 primo
2617 3161 2849 3229 paravit,
2896 3160 3091 3216 deinde
3139 3160 3424 3227 mandato,
3467 3170 3522 3217 et
3561 3178 3803 3218 emenso

2208 3248 2365 3312 loco,
2419 3249 2533 3318 jam
2605 3252 2828 3307 Christo
2900 3254 3040 3307 duce
3115 3251 3465 3308 fundamenta
3527 3256 3796 3325 conjecit.

2206 3339 2512 3406 Postremo,
2553 3342 2832 3411 dispositis
2879 3345 2946 3399 ad
2988 3358 3126 3415 opus
3169 3345 3537 3417 instigandum
3586 3362 3800 3416 procu-

2208 3431 2523 3500 ratoribus,
2576 3434 2691 3504 jam
2742 3450 2934 3491 secura
2996 3437 3119 3494 aliis
3175 3452 3298 3494 sese
3367 3438 3649 3510 impertita
3706 3449 3800 3493 est

2205 3525 2387 3580 rebus.

2275 3635 2302 3707 Ï‚
2343 3636 2405 3692 II.
2437 3667 2509 3679 --
2539 3637 2715 3694 Natus
2757 3651 2833 3695 est
2866 3640 3172 3713 Willermus
3202 3653 3538 3713 cognomento
3569 3643 3720 3699 Fam

2864 3712 3120 3766 Bnacnu.

2271 3798 2381 3855 Nec
2409 3802 2581 3854 multo
2609 3810 2732 3871 post
2760 3802 2930 3858 filium
2960 3804 3215 3873 concipit,
3243 3819 3406 3874 quem
3434 3816 3669 3876 paterno
3698 3825 3795 3863 no-

2202 3892 2349 3947 mine
2374 3892 2679 3961 appellavit.
2729 3892 3021 3949 Enimvero
3056 3896 3169 3966 jam
3199 3897 3432 3967 parietes
3460 3900 3627 3967 ccepti
3656 3914 3792 3970 0pc-

2201 3984 2276 4039 ris
2305 3985 2545 4053 undique
2570 3984 2623 4036 in
2652 3984 2761 4039 alto
2787 4001 2847 4041 se
2872 3997 3178 4052 erexerant,
3221 4003 3284 4043 ac
3312 3990 3587 4059 prtepositi
3616 4007 3789 4048 vene-

2199 4077 2386 4132 rabilis
2416 4075 2629 4130 feminae
2656 4077 2939 4133 materiem
2968 4078 3037 4133 ad
3064 4087 3202 4134 tecta
3232 4083 3609 4150 componenda
3638 4100 3785 4153 prm-

2199 4169 2304 4223 cidi
2327 4169 2626 4238 jusscrant,
2657 4183 2781 4222 cum
2837 4185 2964 4226 ecce
3010 4171 3185 4227 hostis
3214 4173 3526 4230 teterrimos
3553 4175 3785 4230 humani

2197 4260 2410 4331 generis
2434 4259 2684 4315 diabolus
2712 4257 2949 4317 fomenta
2976 4262 3085 4317 odii
3112 4262 3303 4318 inserit
3330 4265 3617 4336 utriusque
3643 4283 3784 4324 con-

2192 4351 2338 4422 jugis
2358 4352 2688 4421 pectoribus.
2713 4351 3102 4408 Celebrabatur
3122 4371 3357 4425 namque
3378 4372 3442 4411 ca
3460 4366 3784 4428 tempestate

2196 4458 2292 4498 ore
2322 4444 2639 4507 multorum,
2684 4444 3001 4514 principem,
3031 4445 3159 4500 dum
3191 4462 3221 4500 a
3250 4446 3535 4503 Britonum
3578 4449 3782 4509 finibus

2195 4542 2558 4589 reverteretur
2584 4536 2892 4604 lmspitandi
2916 4537 3086 4607 gratia
3115 4536 3425 4594 Toarcense
3451 4541 3654 4598 adiisse
3680 4558 3781 4613 op-

2194 4626 2400 4695 pidum.
2432 4641 2496 4681 ac
2524 4642 2649 4679 cum
2678 4627 2909 4698 conjuge
2935 4629 3270 4684 vicecomitis
3298 4630 3589 4686 admisisse
3614 4633 3779 4691 adul-

2195 4718 2411 4771 terium.
2455 4716 2626 4785 Cujus
2670 4717 2855 4787 flagitii
2893 4719 3158 4783 dedecus,
3190 4720 3284 4775 ulâ€˜l
3325 4721 3561 4791 primum
3597 4728 3776 4782 comi-

2195 4806 2341 4863 tissae
2388 4806 2652 4871 innotuit,
2691 4808 2913 4878 jamjam
2966 4812 3162 4865 marito
3222 4812 3452 4868 molesta
3502 4815 3775 4885 existere,

2193 4899 2543 4967 quotidieque
2570 4900 2882 4967 despectum
2911 4902 2995 4955 sui
3026 4902 3395 4972 improperare
3437 4906 3622 4975 erepit.
3680 4907 3778 4964 Ille

2192 5002 2409 5058 quoque
2425 4989 2842 5057 quamplurimis
2855 4990 3035 5046 verbis
3059 5007 3179 5047 sese
3205 5006 3471 5050 excusare
3510 4998 3774 5066 gestiens,

2191 5088 2480 5149 postquam
2519 5079 2750 5134 advertit
2794 5081 3051 5137 feminam
3101 5083 3373 5140 levitatem
3430 5088 3623 5143 sedare
3662 5106 3773 5147 non

2191 5170 2358 5223 verbo
2385 5179 2542 5224 tenus
2572 5185 2753 5239 posse,
2798 5174 3171 5241 querimonias
3194 5175 3314 5245 ejus
3361 5180 3552 5233 statuit
3601 5183 3771 5237 surda

2192 5272 2324 5313 aure
2354 5269 2699 5330 postponere.
2757 5261 2956 5318 Paucis
2983 5280 3115 5319 vero
3142 5265 3268 5322 hinc
3292 5269 3527 5325 evolutis
3550 5270 3768 5337 diebus,
