4050 5358
233 203 371 261 1253

1222 200 1311 258 ns
1345 198 1676 262 C(ENOBIO
1710 188 2235 258 MALLEACENSIS
2269 186 2569 260 KNSULA‘S.

3375 206 3517 263 1254

230 318 317 373 siis
342 315 618 375 atl‘ectam.
649 314 976 374 comitantes
1015 329 1079 372 se
1103 324 1375 387 quatenus
1403 317 1693 373 libidinose
1722 331 1824 369 no-
1854 313 1901 369 A
1927 313 2110 369 Abbas
2153 330 2393 385 quoque,
2438 314 2700 385 quoniam
2729 313 2835 370 sibi
2879 322 2936 369 et
2960 315 3435 387 consanguinitate
3461 330 3519 378 et

231 420 313 466 etc
340 424 462 478 qua:
496 408 839 476 imminebat,
872 417 985 463 tota
1032 391 1105 463 ea,
1143 407 1520 472 abuterentur,
1564 407 1821 463 concitat.

231 500 388 567 Quod
414 498 493 553 illi
522 509 887 568 exsequentes
909 514 1068 553 mane
1095 496 1241 555 facto
1270 496 1498 569 pedibus
1524 500 1671 553 illam
1696 496 1827 554 ell‘u-

233 601 380 664 gant.
420 591 494 646 lis
528 591 605 646 ita
635 592 864 662 patratis
890 592 958 646 ad
990 606 1111 647 sese
1157 590 1375 651 rediens
1416 591 1632 657 mulier,
1662 592 1826 661 quale

230 686 446 742 facinus
474 692 681 756 egerat,
712 699 987 754 quamque
1039 697 1203 754 grave
1252 690 1435 737 mente
1488 683 1820 752 perpendit:

228 777 630 846 revolvensque
670 790 859 830 secum
912 775 1061 846 quod
1122 788 1469 844 consequens
1517 780 1656 840 erat,
1700 775 1826 831 dico

229 879 412 923 autem
442 868 581 922 iram
614 882 779 937 super
831 876 979 922 tanta
1022 865 1268 931 audacia,
1300 866 1411 920 imo
1438 866 1687 932 stultitia,
1720 868 1824 921 im-

231 959 555 1029 placabilem
584 958 789 1024 mariti,
822 967 986 1013 noctu
1034 973 1160 1012 cum
1200 958 1390 1027 paucis
1417 958 1600 1029 elapsa
1628 958 1827 1013 Caluo-

229 1066 358 1106 nem
387 1058 632 1106 castrum
657 1092 672 1116 ,
718 1050 866 1121 quod
895 1065 1010 1105 sum
1052 1059 1182 1104 tune
1220 1050 1443 1105 ditionis
1486 1061 1625 1116 erat,
1656 1067 1824 1121 expe-

228 1143 338 1197 tiit.
380 1143 517 1209 Qum
558 1140 742 1197 omnia
787 1142 875 1197 ubi
920 1142 1175 1213 princeps
1220 1142 1450 1211 accepit,
1478 1142 1827 1199 indicibiliter

230 1244 503 1300 mmstus,
552 1234 768 1305 qualem
829 1242 979 1287 tanto
1026 1232 1218 1287 sceleri
1275 1234 1596 1302 rependerct
1648 1235 1825 1291 vicem

227 1326 433 1382 anxius
486 1326 775 1398 exquirere
827 1324 1011 1395 cmpit.
1067 1322 1270 1378 \‘erum
1322 1324 1585 1395 quoniam
1637 1326 1827 1381 aberat

228 1432 467 1486 persona
507 1418 735 1487 hujusce
764 1416 1047 1486 pravitatis
1071 1416 1304 1482 auctrix,
1335 1414 1666 1487 impuneque
1695 1419 1816 1475 abs-

227 1510 515 1574 cesserat,
573 1509 813 1564 furorem
877 1508 1136 1578 repressit
1176 1527 1188 1563 :
1228 1524 1317 1565 res
1356 1518 1572 1576 tamen,
1623 1511 1826 1580 quibus

226 1615 351 1654 eam
370 1601 673 1668 dotaverat,
691 1601 907 1656 cuidam
930 1600 1315 1656 strenuissimo
1334 1600 1635 1656 secundum
1658 1602 1824 1672 hujus

227 1692 415 1747 szeculi
446 1708 699 1763 pompam
732 1692 890 1747 militi
920 1691 1269 1747 contradidit.
1301 1690 1505 1747 Verum
1535 1702 1594 1747 ut
1622 1692 1824 1749 illailia-

226 1798 428 1849 cense,
472 1785 619 1855 quod
653 1784 768 1854 ipsa
814 1784 1100 1840 inchoarat
1132 1783 1468 1850 etenobium,
1500 1784 1625 1840 inde
1654 1787 1819 1855 perﬁ-

226 1884 378 1929 ceret
407 1875 711 1946 imperavit.
744 1875 844 1930 Dat
871 1876 961 1932 ille
986 1875 1170 1931 ﬁdem.
1200 1873 1483 1931 Creditum
1511 1886 1614 1931 est.
1646 1877 1820 1933 Porro

225 1976 412 2021 autem
444 1966 672 2038 is,quod
702 1967 1049 2038 promiserat,
1066 1976 1256 2037 utpote
1283 1969 1469 2024 carnis
1496 1968 1643 2025 ﬁlius
1670 1976 1821 2039 post-

226 2073 462 2129 pom-ns,
492 2074 725 2129 quaeque
753 2058 966 2129 potiora
998 2074 1101 2114 suo
1130 2060 1443 2115 reservabat
1472 2060 1595 2116 usui
1624 2070 1821 2132 przeter

227 2163 403 2219 pauca
430 2166 554 2221 qua!
585 2151 860 2222 praebebat
886 2149 1140 2206 intimato
1176 2151 1348 2221 operi.
1395 2149 1529 2206 Nam
1559 2168 1821 2222 quzecun-

224 2254 338 2311 quc
363 2256 430 2297 ex
484 2241 570 2298 his
622 2241 788 2298 rebus
838 2257 962 2313 qua:
1014 2241 1330 2298 monasterii
1380 2242 1545 2313 ccepti
1573 2259 1738 2300 causa
1766 2252 1821 2299 et

226 2332 461 2389 maritus
486 2332 705 2404 conjugi
759 2342 815 2388 et
865 2348 928 2388 ca
957 2333 1325 2389 destinaverat
1372 2336 1819 2392 construentibus

226 2425 359 2481 illud
381 2425 526 2499 juris
556 2425 713 2497 militi
743 2426 1102 2497 suppetebant
1139 2440 1206 2482 ex
1242 2426 1474 2497 integro,
1518 2425 1635 2496 ipse
1664 2426 1818 2496 ejus-

222 2532 336 2588 que
378 2532 642 2587 scqnaces
672 2517 838 2573 nimia
868 2517 1195 2585 voracitate,
1230 2517 1568 2585 temulentia,
1601 2519 1818 2576 luxuria

222 2609 620 2679 cxtstirpabaut.

296 2702 359 2755 At
403 2700 868 2757 clementissimus
907 2716 1091 2757 rerum
1134 2700 1383 2755 omnium
1427 2709 1608 2756 rector
1647 2700 1814 2771 Deus,

220 2792 316 2863 qui
349 2792 559 2862 piorum
585 2804 706 2847 vota
732 2792 1043 2849 misericors
1063 2791 1323 2861 adjuvare
1348 2800 1431 2847 est
1450 2793 1666 2860 solitus,
1694 2805 1819 2863 post

220 2885 479 2951 dtmrum,
525 2895 582 2939 ut
637 2884 829 2948 fertur,
872 2899 1140 2938 aunormn
1192 2884 1529 2939 curriculum
1585 2887 1817 2941 consilio

1926 405 2099 458 multo
2146 415 2264 459 erat
2311 422 2536 461 munere
2564 407 2858 474 obnoxius,
2887 407 3120 463 libenter
3143 409 3369 466 obaudit
3395 410 3516 469 fra-

1926 504 2146 566 tresque
2173 497 2241 551 ad
2271 498 2374 553 hoc
2405 498 2628 554 idoneos
2650 500 2939 556 contradit.

1996 586 2359 644 Przelocutum
2390 599 2576 645 tamen
2605 607 2669 646 ac
2696 592 2980 648 deﬁnitum
3007 601 3092 650 est
3119 595 3307 651 tandiu
3334 597 3513 655 eccle-

1926 678 2066 735 siam
2112 681 2260 734 illam
2314 689 2369 735 et
2411 683 2711 739 monachos
2761 699 2875 739 suae
2903 685 3235 742 ordinationi
3262 688 3515 760 subesse,

1924 770 2099 827 donec
2124 772 2372 843 largitate
2399 774 2683 844 utriusque
2710 776 2961 847 conjugis
2982 786 3146 849 atque
3175 779 3516 850 reliquorum

1926 870 2085 918 terrae
2109 864 2415 919 dominium
2456 866 2752 921 tenentium
2793 867 3038 923 virorum
3080 870 3154 924 ita
3197 873 3514 942 temporali-

1926 955 2029 1010 bus
2055 957 2411 1027 dignitatibus
2437 958 2640 1012 ditetur
2669 968 2727 1014 ut
2752 960 2921 1016 abbas
2942 961 3061 1017 loco
3089 962 3182 1015 illo
3210 972 3515 1033 opportune

1925 1044 2245 1103 instituatur
2266 1049 2540 1119 proprius.
2560 1048 2843 1120 Scriptura
2868 1052 3144 1107 ﬁrmatum
3173 1062 3276 1108 est.
3308 1053 3514 1114 Deinde

1927 1140 2200 1210 saepedicti
2231 1140 2426 1196 fratres
2454 1141 2807 1196 advenerunt.
2863 1141 3259 1199 Monasterium
3288 1160 3511 1217 recepe-

1926 1240 2074 1300 runt,
2104 1234 2412 1289 monachile
2453 1248 2684 1302 pensum
2722 1233 2946 1290 domino
2974 1250 3125 1289 more
3154 1235 3317 1291 solito
3345 1236 3512 1294 obtu-

1926 1324 2126 1379 lerunt.
2184 1323 2461 1381 lndicibile
2513 1324 2773 1395 gaudium
2818 1325 3053 1380 adventu
3086 1342 3188 1381 suo
3213 1328 3512 1388 comitissze

1926 1416 2293 1486 praebuerunt.

1992 1506 2190 1562 Paucis
2240 1522 2371 1562 vero
2424 1506 2660 1563 evolutis
2699 1506 2893 1563 diebus
2919 1508 3195 1579 plerisque
3219 1509 3507 1582 episcopo.

1926 1615 2049 1654 rum
2076 1600 2145 1654 ad
2169 1598 2379 1654 curiam
2409 1598 2566 1654 ducis
2592 1597 2802 1669 praefati
2830 1599 3145 1668 adveniunt,
3174 1616 3239 1655 ac
3263 1601 3330 1656 de
3356 1615 3509 1657 com-

1924 1692 2181 1747 munibus
2230 1690 2477 1746 ccclesiae
2531 1699 2734 1746 sancta:
2798 1692 3127 1748 utilitatibus
3157 1732 3173 1760 ,
3239 1701 3510 1764 praesente

1922 1783 2167 1853 principe
2188 1783 2541 1851 disserentes,
2571 1784 2835 1838 nonnulla
2887 1783 3079 1839 idonee
3119 1785 3337 1840 decreta
3390 1793 3506 1840 sta-

1922 1882 2099 1929 tuunt.
2180 1873 2326 1928 Inter
2391 1889 2534 1944 quos
2597 1874 3014 1945 Burdegalensis
3063 1876 3508 1947 archiepiscopus

1919 1966 2187 2021 vocabulo
2251 1965 2590 2021 Gumbaldus
2642 1982 2769 2021 cum
2822 1967 3097 2036 aliquibus
3151 1967 3509 2039 suﬂ‘raganeis

1921 2058 2037 2114 suis
2072 2058 2280 2125 aderat,
2319 2072 2483 2128 quem
2522 2057 2775 2127 princeps
2800 2058 3035 2113 consilio
3061 2058 3331 2130 conjugis,
3362 2074 3506 2129 quo-

1920 2150 2067 2204 niam
2112 2149 2394 2221 religionis
2441 2150 2653 2205 amicus
2704 2148 3002 2216 ferebatur,
3045 2150 3113 2205 ad
3140 2150 3506 2207 dedicandum

1918 2241 2273 2297 Malleacense
2326 2241 2636 2297 cmnobium
2684 2241 2895 2296 invitat.
2951 2241 3237 2297 Consentit
3272 2242 3411 2312 ipse,
3450 2249 3508 2300 et

1920 2350 2028 2389 una
2068 2350 2194 2389 cum
2235 2333 2460 2403 reliquis
2496 2332 2743 2402 ejusdem
2772 2333 2983 2389 ordinis
3011 2334 3329 2389 solemniter
3356 2334 3504 2390 cele-

1918 2428 2042 2482 brat
2068 2425 2534 2482 consecrationem
2566 2426 2807 2481 basilicze
2837 2445 2850 2480 :
2886 2441 2995 2497 qua
3048 2426 3264 2496 expleta
3288 2426 3505 2497 aliquos

1917 2520 2298 2590 episcoporum
2343 2517 2593 2588 princeps
2630 2533 2814 2572 secum
2845 2533 3131 2575 assumens
3176 2534 3345 2576 causa
3370 2533 3506 2575 con-

1918 2611 2242 2668 secrationis
2294 2610 2541 2665 ecclesiae
2584 2609 2734 2664 Beati
2789 2606 3027 2678 Hilarii,
3081 2627 3248 2682 quam
3313 2626 3504 2668 coram

1920 2704 2096 2774 ipsius
2139 2703 2261 2757 aula
2314 2701 2575 2772 principis
2624 2702 2979 2757 constitutam
3032 2702 3404 2773 praediximus,
3433 2702 3505 2763 ad

1916 2811 2039 2851 eam
2067 2778 2171 2851 eos.
2190 2794 2365 2849 duxit.
2394 2792 2788 2849 Pictaviensem
2824 2809 2954 2848 vero
2981 2795 3159 2855 solum
3187 2795 3505 2865 pontiﬁcem

1919 2902 2105 2942 secum
2134 2886 2416 2941 comitissa
2469 2885 2695 2940 retinuit
2749 2901 2815 2941 ac
2844 2886 3016 2941 multa
3058 2884 3384 2943 Sanctorum
3413 2887 3501 2958 pi-

221 2977 464 3031 virurum
494 2976 819 3046 sapientimn
852 2976 1136 3044 utriusque
1162 2974 1410 3045 conjugis
1439 2974 1595 3030 unire
1621 2975 1813 3048 digna-
1839 2982 1881 3039 C
1913 2996 2079 3051 gnem
2107 2994 2230 3049 quae
2253 2978 2614 3048 undecunque
2642 2979 2951 3050 collegerat,
2984 2978 3040 3033 in
3070 2978 3295 3035 sinistro
3322 2995 3505 3039 caeno-

221 3078 313 3124 tus
341 3078 423 3123 est
464 3068 782 3123 divortium.
828 3066 1108 3138 Siquidem
1158 3065 1338 3121 omnis
1376 3074 1534 3121 terrm
1580 3069 1814 3137 populus

220 3169 335 3214 tam
362 3159 677 3216 diuturnam
726 3159 882 3215 ducis
936 3158 1021 3215 sui
1069 3172 1197 3229 erga
1229 3172 1452 3212 uxorem
1485 3159 1621 3213 iram
1654 3160 1815 3215 vehe-

220 3246 436 3306 menter
486 3251 845 3318 exhorrebat,
886 3260 943 3307 et
1002 3248 1263 3321 quoniam
1319 3250 1604 3321 multiplici
1656 3250 1813 3321 copia

221 3343 352 3399 boni
382 3344 557 3401 donec
612 3343 702 3399 illa
755 3358 941 3399 secum
985 3341 1493 3397 adessctmundum
1548 3342 1809 3413 cingeret,

222 3434 517 3504 replicabat
542 3451 665 3505 quae
691 3450 754 3489 ea
785 3434 1021 3506 fugiente
1057 3432 1363 3497 recesserit,
1391 3432 1812 3504 miserandaque

220 3526 507 3584 calamitas
535 3543 659 3582 mox
689 3541 1007 3596 assurgens,
1039 3543 1162 3596 qua:
1201 3542 1315 3582 suae
1344 3527 1697 3597 subjacebant
1723 3528 1809 3583 di-

221 3618 357 3673 tioni
388 3619 736 3689 oppresserit.
793 3618 1035 3674 Credidit
1091 3619 1255 3689 igitur
1296 3618 1544 3688 princeps
1573 3619 1660 3673 his
1690 3635 1811 3693 qua:

218 3710 574 3775 dicebantur,
614 3708 907 3780 furoreque
946 3709 1135 3765 sedato
1198 3710 1412 3764 mulieri
1455 3712 1806 3779 annectitur:

218 3818 453 3873 qumque
481 3802 557 3856 illi
585 3800 736 3872 prius
763 3800 1104 3871 delegaverat
1131 3809 1490 3871 augmentans
1516 3817 1656 3868 sese,
1679 3804 1809 3860 dum

218 3896 326 3953 sibi
356 3894 753 3966 indignaretur,
784 3893 1022 3964 graviter
1046 3907 1263 3948 errasse
1300 3893 1608 3948 conﬁtetur.
1667 3894 1809 3950 Pru-

215 3986 540 4052 Jentissima
568 3986 800 4059 denique
831 3984 1030 4044 femina
1057 3984 1288 4058 pristino
1315 3987 1501 4061 vigore
1530 3996 1810 4062 resumpto

216 4098 563 4161 quaecunque
602 4082 670 4137 ad
713 4081 1148 4152 supplementum
1177 4079 1540 4138 Malliaeensis
1567 4083 1810 4140 ecclesia:

215 4191 525 4252 congruere
551 4174 853 4244 accipiebat
878 4188 1043 4243 quam
1071 4171 1355 4227 celerrime
1402 4171 1615 4228 efﬁcere
1644 4190 1807 4244 coge-
1851 4227 1854 4231 .

218 4275 330 4339 bat,
361 4282 700 4341 censumque
728 4282 835 4322 non
864 4263 1150 4319 minimum
1178 4262 1602 4319 :ediﬁcatoribus
1629 4264 1807 4319 eflun-

217 4365 399 4421 debat.
430 4362 541 4419 Nec
571 4359 746 4417 multo
775 4364 918 4427 post,
948 4354 1162 4409 volente
1191 4352 1444 4419 Domino,
1475 4354 1607 4410 illud
1635 4356 1808 4409 aediﬁ-

217 4457 366 4512 cium
418 4456 640 4526 plennm
695 4448 908 4518 accepit
960 4446 1233 4501 eﬁ‘ectum.
1292 4444 1503 4521 Gaudet
1555 4447 1810 4517 princeps

216 4547 509 4617 omnisque
535 4544 686 4615 regni
714 4547 1038 4598 conventus.

292 4637 539 4704 Quadam
567 4644 749 4691 autem
807 4635 895 4689 die
932 4645 1059 4688 eum
1115 4628 1314 4683 marito
1366 4624 1636 4684 familiare
1688 4626 1811 4682 iniit

217 4728 577 4799 colloquium,
604 4726 848 4798 rogitans
878 4725 986 4780 illic
1004 4720 1155 4779 viros
1177 4721 1423 4791 plantarc
1450 4721 1517 4776 ad
1538 4719 1631 4775 Dei
1652 4727 1808 4789 aptos

1916 3073 1992 3127 bii
2048 3072 2191 3127 unde
2244 3070 2460 3141 agimus
2512 3070 2759 3126 membro
2807 3071 2899 3125 illo
2976 3078 3114 3126 teste
3175 3071 3501 3130 recondidit.

1914 3164 2202 3221 Postremo
2229 3177 2415 3218 coram
2469 3162 2753 3233 principali
2781 3178 2877 3218 ara
2906 3164 3131 3221 veniens
3160 3180 3505 3237 quaecunque

1915 3271 1947 3311 a
1976 3255 2175 3311 marito
2204 3255 2308 3309 sub
2343 3255 2704 3324 appellatione
2732 3254 2877 3310 dotis
2905 3264 3192 3324 acceperat
3217 3256 3273 3310 in
3297 3257 3505 3314 vicinia

1914 3347 2109 3403 insula:
2138 3356 2336 3402 terram
2377 3346 2586 3402 scilicet
2636 3360 2760 3415 qua:
2796 3344 3001 3402 Podius
3029 3345 3249 3401 Letardi
3273 3355 3505 3405 vocatur

1914 3455 2027 3495 uno
2054 3456 2180 3494 cum
2210 3439 2383 3495 servis
2408 3454 2550 3508 quos
2579 3437 2707 3493 illuc
2744 3452 2809 3491 ex
2839 3437 3024 3513 nativo
3052 3439 3173 3494 solo
3200 3453 3304 3493 suo
3327 3439 3504 3493 addu-o

1913 3540 2086 3598 serat,
2114 3532 2238 3587 loco
2265 3541 2319 3587 et
2345 3531 2630 3585 monachis
2656 3530 2897 3595 tradidit,
2930 3531 3119 3601 sicque
3144 3531 3267 3587 laeta
3294 3532 3502 3588 disces-

1912 3625 2003 3680 sit.
2038 3623 2240 3679 Verum
2269 3623 2526 3693 quoniam
2558 3621 2987 3677 Malliacensium
3015 3623 3373 3679 ecclesiarum
3401 3638 3501 3679 au-

1912 3726 2093 3773 ctores
2146 3716 2374 3786 prodere
2421 3715 2801 3786 promisimus,
2832 3723 3048 3783 tempus
3075 3715 3268 3771 suadet
3291 3724 3347 3772 et
3385 3731 3496 3783 res,

1912 3817 1973 3864 ut
1996 3808 2393 3878 aliquantulum
2418 3808 2548 3863 illuc
2577 3807 2777 3879 stylum
2811 3805 3186 3873 deﬂectamus.

1985 3900 2013 3972 ς
2044 3898 2131 3954 lll.
2160 3929 2232 3938 —
2261 3898 2506 3965 Quafiler
2532 3900 2763 3969 fundata
2796 3906 2872 3953 est
2898 3898 3121 3953 ecclesia
3152 3899 3219 3953 de
3248 3897 3427 3956 Liliee.

1982 3990 2184 4051 Eadem
2212 4006 2345 4051 sane
2388 3999 2706 4067 tempestate
2745 3991 2936 4067 patriae
2971 3991 3101 4047 huic
3128 4007 3250 4048 sese
3274 3993 3498 4062 quidam

1911 4096 2207 4158 praesentat
2242 4089 2546 4144 monachus
2583 4097 2702 4143 arte
2727 4089 2994 4155 medicus,
3024 4083 3267 4156 natione,
3299 4092 3358 4147 nl
3383 4092 3496 4148 fer~

1912 4186 2019 4245 tur,
2073 4177 2259 4243 Italus,
2309 4178 2400 4249 qui
2458 4194 2558 4248 pro
2608 4180 2742 4234 artis
2798 4181 2992 4249 peritia
3034 4197 3164 4235 mox
3204 4183 3350 4250 duci,
3399 4185 3495 4253 qui

1911 4269 2184 4339 aliquibus
2211 4270 2507 4324 vexabatur
2527 4270 2829 4337 doloribus,
2863 4272 2925 4326 ﬁt
2950 4273 3288 4331 notissimus.
3318 4275 3369 4332 Is
3396 4293 3497 4332 au-

1913 4368 2017 4415 tem
2042 4367 2330 4429 postquam
2354 4376 2419 4415 ex
2452 4362 2606 4415 urina
2630 4362 2732 4416 viri
2761 4360 2872 4418 vim
2899 4373 3262 4438 naturamque
3291 4371 3498 4439 passio-

1912 4467 2041 4505 num
2073 4451 2318 4522 collegit,
2354 4467 2660 4524 congruens
2686 4454 2862 4510 eidem
2890 4458 3191 4514 remedium
3220 4462 3493 4531 praistitit.

1909 4538 2054 4597 Nihil
2086 4550 2263 4597 tamen
2320 4544 2387 4599 ab
2413 4558 2478 4599 eo
2508 4545 2646 4600 lucri
2682 4547 2923 4616 expetiit,
2954 4548 3060 4604 nisi
3087 4559 3149 4606 ut
3174 4554 3500 4614 concederet

1909 4633 2162 4690 locellum
2215 4635 2319 4689 sibi
2376 4636 2431 4689 in
2478 4638 2833 4707 amplitudine
2884 4637 3259 4698 Malleacensis
3321 4644 3502 4719 silvae,

1910 4726 2055 4798 quod
2082 4725 2333 4781 cellulam
2361 4735 2415 4781 et
2440 4726 2602 4785 breve
2627 4730 2930 4785 oratorium
2960 4735 3195 4789 retinere
3220 4745 3413 4802 posset
3445 4740 3519 4802 in

220 4802 569 4875 famulatum.
600 4818 701 4872 Cui
730 4817 854 4874 ille:
885 4816 943 4871 Si
971 4816 1102 4886 quid
1130 4821 1189 4870 tu
1218 4814 1272 4867 in
1303 4810 1572 4883 principio
1602 4811 1805 4882 petisti,

223 4911 350 4980 quia
389 4922 447 4968 et
487 4925 591 4982 ego
619 4909 755 4964 alias
783 4908 1023 4975 intendo,
1054 4917 1112 4962 tu
1168 4911 1312 4963 hanc.
1367 4918 1481 4957 rem
1514 4904 1809 4974 prudenter

223 5001 511 5072 disponere
550 5008 822 5057 memento
849 5019 862 5068 ;
893 5015 1122 5071 quaeque
1146 5015 1273 5055 vero
1321 4992 1532 5050 utiliter
1560 4994 1805 5066 perfece-

225 5094 302 5150 r‘is
347 5094 479 5149 mihi
508 5093 849 5162 complacere
878 5092 1100 5147 credito.
1160 5090 1296 5147 Tum
1342 5088 1432 5142 illa
1469 5085 1806 5147 Ganbertum

226 5187 541 5243 monasterii
592 5182 773 5239 Sancti
808 5184 1008 5240 Juliani
1052 5183 1305 5257 martyris
1358 5180 1615 5240 abbatem
1660 5181 1807 5251 quod

225 5277 456 5334 Turonis
471 5277 707 5333 habetur
731 5277 798 5332 ad
825 5292 884 5331 se
911 5276 1214 5332 accersiens
1241 5271 1416 5329 totius
1443 5276 1694 5331 ordinem
1727 5271 1806 5327 rei

1909 4819 2259 4875 veneratione
2283 4816 2575 4876 Cenitricis
2615 4822 2819 4878 Christi
2860 4821 3079 4880 Domini
3116 4824 3312 4880 nostri.
3377 4827 3534 4900 Quo

1909 4920 2184 4969 annuente
2218 4909 2465 4968 fundavit
2503 4916 2793 4972 ecclesiam
2821 4929 2987 4983 quam
3031 4916 3298 4971 hactenus
3328 4929 3557 4985 voca.‘

1911 5023 2035 5065 mus
2083 5002 2395 5061 Liecensem
2444 5009 2729 5074 capellam.
2784 5003 2965 5059 Unum
3008 5020 3173 5076 porro
3201 5003 3269 5058 de
3307 5009 3585 5093 eodem

1908 5102 2028 5157 viro
2081 5097 2264 5167 accepi
2304 5094 2452 5167 quod
2495 5096 2690 5158 litteris
2736 5094 2999 5154 mandare
3024 5104 3206 5152 ratum
3248 5095 3499 5163 credidi
3564 5145 3589 5183 ,ὅ

1910 5190 2195 5260 Quoddam
2222 5190 2423 5260 quippe
2449 5188 2663 5247 adierat
2695 5185 2961 5261 oppidum
3000 5187 3378 5243 Marcventum
3413 5205 3598 5261 γε),

1909 5295 2093 5341 catum
2113 5291 2412 5351 :quatenus
2433 5281 2654 5339 cuidam
2673 5277 2848 5339 nobili
2877 5276 3100 5346 aliquod
3125 5272 3372 5333 scientiae
3400 5295 3608 5358 τεηέ
