4050 5358
546 205 688 266 ηδε

1634 199 1838 260 PETRI
1873 199 2403 261 MALLEACENSIS
2433 198 2741 260 MONACIII
2799 250 2802 252 .

3687 207 3830 264 {356

544 332 732 394 teque,
763 316 857 391 qui
887 334 946 375 se
971 315 1355 382 comitabatur,
1393 331 1581 387 puero,
1625 321 1893 388 quasdam
1926 319 2134 390 specie-
2165 324 2211 378 Α
2240 318 2307 372 ad
2328 319 2755 388 complanandos
2775 323 3110 388 exasperata:
3139 317 3353 374 femina:
3381 317 3571 390 dirigit
3593 321 3826 386 animos,

545 429 669 471 rum
702 423 924 468 suarum
954 411 1200 481 potiones
1226 418 1418 472 terere,
1457 410 1694 480 vinoque
1732 412 1961 466 miscere
1983 411 2130 465 desi-

548 505 775 577 gnavit:
810 502 1032 558 demum
1075 510 1256 558 autem
1287 509 1558 571 quatenus
1603 503 1982 572 retrogradum
2034 500 2136 555 iter

548 611 712 669 quam
741 593 849 650 cito
877 594 1201 663 arriperent,
1233 593 1539 661 imperavit.
1588 588 1784 646 Mirum
1823 585 2002 648 dictu!
2041 605 2136 662 per

549 702 769 742 onmem
795 684 939 740 viam
970 685 1405 754 quotiescunque
1434 680 1681 738 dolorem
1708 690 1938 738 mortem
1975 684 2136 738 mini-

547 785 752 834 tantem
783 777 1070 841 sentiebat,
1097 775 1376 844 paululum
1399 773 1638 843 potionis
1657 769 1930 844 praedicta:
1957 775 2139 829 sorbe-

550 871 664 934 bat,
697 875 928 924 mortem
964 867 1208 922 avulsam
1241 866 1715 935 valctudineque
1752 867 1999 936 corporis
2045 879 2136 920 re-

549 967 825 1032 sumptam
858 959 982 1013 viva
1010 974 1144 1016 voce
1183 958 1509 1013 ostentabat.
1571 956 1727 1022 Quod
1759 959 1944 1012 tandiu
1989 956 2135 1023 fecit,

552 1051 727 1108 donec
756 1051 826 1106 ad
845 1049 1132 1104 ecclesiam
1162 1059 1326 1118 quam
1358 1063 1388 1102 a
1419 1063 1478 1102 se
1523 1048 1845 1103 aediﬁcatam
1875 1049 2136 1116 diximus,

552 1144 719 1198 venit.
752 1141 954 1196 Verum
995 1140 1088 1194 ubi
1117 1140 1395 1209 sepultura
1423 1139 1490 1194 ad
1523 1148 1710 1194 votum
1740 1141 1860 1209 ejus
1887 1149 2032 1196 esset
2055 1140 2138 1195 ef-

555 1234 695 1290 fecta
731 1253 744 1290 :
774 1231 1041 1295 llnmana,
1090 1227 1296 1300 inquit,
1327 1231 1523 1285 cedant
1557 1231 1936 1297 medicamina,
1973 1241 2028 1287 et
2054 1248 2142 1286 re-

554 1325 856 1397 parationis
884 1332 1106 1389 nostrae,
1131 1323 1254 1377 dico
1281 1331 1464 1376 autem
1505 1323 1753 1391 corporis
1777 1333 1832 1377 et
1861 1324 2142 1394 sanguinis

531 1417 762 1472 Christi
816 1415 910 1469 Dei
963 1414 1070 1468 mei
1128 1414 1427 1468 ail'erantur
1472 1414 1698 1468 cibaria.
1759 1413 1997 1469 Allatum
2059 1423 2145 1470 est

500 1560 501 1563 η
555 1521 686 1578 ergo
715 1507 862 1576 quod
891 1503 1215 1576 postulavit,
1238 1505 1436 1574 piaque
1475 1505 1778 1560 devotione.
1803 1521 2025 1561 sumens
2052 1521 2142 1560 er-

559 1599 832 1669 gastulum
856 1597 1038 1652 carnis
1065 1596 1250 1652 exivit.
1292 1594 1417 1650 Haec
1439 1596 1508 1650 de
1533 1604 1685 1650 tanto
1712 1596 1832 1649 viro
1859 1612 1984 1652 cum
2010 1597 2143 1651 mihi

525 1733 529 1737 .
561 1689 822 1748 retulisse-
839 1688 910 1742 sit
937 1696 1172 1758 gratum,
1199 1688 1334 1740 nulli
1353 1686 1536 1755 cogito
1577 1685 1694 1741 fore
1716 1702 2034 1742 onerosum.

784 1837 787 1841 _
816 1779 844 1850 ς
883 1777 970 1832 ιγ.
1003 1808 1074 1828 -—-
1099 1777 1174 1832 De
1195 1777 1418 1832 ecclesia
1445 1774 1630 1830 Sancti
1661 1777 1879 1831 Pientii.

630 1869 896 1927 Praeterea
922 1870 976 1924 in
1002 1870 1188 1926 eadem
1223 1869 1399 1923 insula
1427 1869 1670 1924 cernitur
1699 1870 1930 1925 coclcsia
1963 1871 2015 1926 in
2045 1872 2144 1926 lto-

559 1977 696 2019 noro
724 1962 864 2016 beati
890 1960 1107 2025 Pientii,
1141 1969 1199 2016 ut
1217 1961 1440 2024 dicitur,
1467 1961 1708 2030 episcopi
1733 1960 1986 2028 fundata;
2025 1977 2148 2032 quae

562 2053 679 2124 ipsa
700 2060 968 2109 vetustate
998 2053 1290 2106 admodum
1320 2046 1582 2120 probatur
1611 2053 1850 2120 antiqua.
1885 2053 2020 2108 Cum
2051 2071 2149 2108 au-

565 2153 674 2200 tem
711 2160 947 2215 persona
983 2144 1226 2214 ejusdem
1279 2142 1586 2199 fundatoris
1635 2144 1878 2199 ecclesia:
1902 2187 1916 2210 ,
1958 2147 2150 2215 quisve

519 2216 526 2220 Ἴ
563 2237 759 2294 beatus
794 2235 959 2290 fuerit
994 2235 1240 2292 Pientius
1283 2235 1568 2305 quaeritur,
1614 2245 1878 2304 quantum
1927 2238 2149 2291 adverto

563 2327 854 2396 utriusque
905 2326 983 2380 rei
1039 2327 1310 2382 certitudo
1375 2326 1445 2380 ab
1508 2327 1823 2380 hominibus
1885 2327 2146 2382 nescitur.

567 2417 758 2473 Totins
781 2433 974 2487 nempe
995 2418 1140 2488 vulgi
1169 2433 1266 2472 ore
1299 2417 1647 2486 praedicatur,
1678 2419 1825 2487 quod
1849 2417 2147 2484 (lolliberti,

565 2509 633 2564 de
663 2510 865 2580 quibus
901 2509 1155 2579 superius
1189 2510 1528 2576 dicebamus,
1568 2525 1688 2563 eam
1707 2510 1994 2564 ecclesiam
2016 2511 2151 2564 mdi-

565 2602 884 2665 ﬁcaverunt,
911 2611 1072 2670 atque
1103 2601 1162 2658 in,
1193 2617 1255 2656 ea
1284 2601 1497 2670 quoties
1539 2601 1780 2671 piscandi
1813 2603 1984 2672 gratia
2027 2602 2154 2657 illuc

567 2681 932 2758 advenissent,
975 2691 1228 2763 mysteria
1266 2693 1446 2751 missio
1486 2692 1812 2747 audiverim.
1847 2692 1952 2747 Sed
1985 2702 2040 2747 et
2087 2694 2154 2749 de

567 2785 728 2839 beato
752 2782 964 2839 Pientio
1005 2783 1261 2850 refertur,
1286 2783 1436 2852 quod
1465 2783 1752 2853 cujusdam
1791 2785 2037 2842 custodis
2063 2800 2154 2841 ec-

568 2877 750 2934 clesiae
770 2876 914 2931 beati
949 2873 1094 2928 Petri
1122 2875 1358 2939 Pictavis
1389 2874 1556 2929 fuerit
1592 2874 1757 2941 ﬁlius,
1785 2885 1947 2946 atque
1981 2877 2036 2931 in
2062 2893 2156 2932 ea-

2178 1657 2220 1711 Β

2237 411 2534 464 obsecrans
2553 418 2614 463 ut
2632 426 2690 464 se
2713 411 2898 464 visitet
2919 411 3239 479 priusquam
3261 426 3320 464 se
3339 425 3530 465 amara
3558 412 3833 481 opprimat

2237 511 2329 555 mo
2361 518 2406 556 s.
2462 500 2658 555 Verum
2717 499 2807 555 illa
2869 502 3104 570 primum
3159 502 3346 556 venire
3399 504 3659 573 abnegat,
3711 516 3834 574 post

2237 590 2594 647 nihilominus
2623 589 2908 647 dulcedine
2927 587 3250 663 eloquentiae
3293 594 3616 649 nuntiorum
3649 597 3837 650 multi-

2237 673 2452 755 pliciter
2481 681 2702 739 delinlta
2752 691 2916 755 atque
2955 685 3177 740 ﬂetuum
3206 692 3261 740 et
3291 697 3544 754 precum-
3569 687 3838 744 varietate

2241 774 2494 844 instigata
2532 790 2637 828 una
2661 788 2786 830 eum
2817 776 2928 830 ﬁlio
2961 775 3028 830 ad
3068 776 3246 830 virum
3273 785 3531 847 properat
3567 777 3836 835 nobilium

2240 867 2538 921 multorum
2566 868 2781 936 agmine
2816 867 3036 922 vallata.
3073 866 3364 922 Enimvero
3406 885 3643 925 cernens
3684 872 3839 940 prin-

2241 972 2369 1027 ceps
2397 958 2740 1028 prudentiam
2765 975 2890 1014 cum
2913 961 3154 1029 potentia
3175 960 3422 1016 mulieris
3444 969 3497 1015 et
3525 962 3837 1031 pulchritu-

2241 1048 2423 1103 dinem
2451 1039 2546 1103 ﬁlii
2567 1050 2635 1104 de
2667 1066 2725 1106 se
2754 1053 2866 1105 nati
2893 1052 2960 1106 ad
3001 1050 3316 1107 referendas
3354 1053 3682 1109 innumeras
3721 1055 3838 1110 lau-

2241 1142 2339 1198 des
2361 1142 2582 1197 Christo
2610 1158 2666 1198 se
2688 1153 2861 1199 totum
2889 1146 3159 1199 convertit
3194 1160 3259 1199 eo
3297 1129 3442 1216 quod
3474 1155 3528 1202 et
3553 1147 3840 1204 nobilissi-

2243 1250 2390 1289 mam
2419 1234 2514 1288 ﬁlli
2543 1237 2776 1290 indolem
2803 1237 2868 1291 ad
2902 1238 3054 1307 regni
3092 1237 3458 1307 gubernacula
3483 1248 3672 1308 aptam
3700 1240 3846 1298 ultu.

2244 1341 2410 1398 quam
2446 1329 2700 1384 credebat
2719 1338 2773 1382 et
2801 1328 3090 1398 conjugcm
3111 1328 3202 1382 diu
3230 1330 3374 1383 male
3395 1339 3636 1385 tractam
3666 1349 3843 1388 amori

2247 1433 2347 1477 sne
2367 1421 2708 1479 reconciliari
2739 1427 2986 1490 paratam
3017 1421 3304 1475 sentiebat.
3344 1421 3644 1477 Paululum
3677 1425 3846 1495 igitur

2247 1515 2477 1585 hujusce
2507 1513 2705 1568 iretitize
2733 1527 2899 1568 causa
2943 1528 2972 1566 a
3006 1513 3200 1566 morbo
3254 1515 3528 1570 relevatus
3560 1517 3845 1571 communi

2247 1609 2499 1662 consultu
2532 1605 2695 1659 matri
2738 1621 2801 1659 ac
2837 1612 2967 1658 nato
3007 1619 3233 1675 regnum
3265 1607 3448 1670 tradit,
3493 1618 3738 1677 quaeque
3772 1611 3848 1664 eis

2246 1701 2449 1770 agenda
2479 1698 2695 1752 fuerant
2720 1696 3016 1765 prudenter
3041 1697 3334 1750 admodum
3379 1697 3712 1767 imperando
3737 1697 3850 1753 dis-

2246 1792 2448 1863 posuit.
2496 1789 2634 1842 Ante
2676 1789 2857 1841 omnia
2899 1801 3119 1857 quoque
3168 1788 3354 1842 dolum
3407 1788 3656 1844 Bosonis‘
3706 1787 3851 1878 Mar-

2246 1881 2488 1938 cbiensis
2532 1880 2750 1935 comitis
2791 1888 2982 1934 contra
3025 1894 3082 1934 se
3120 1882 3404 1934 actitatum
3439 1878 3692 1952 allega'ns
3739 1883 3848 1937 non

2249 1976 2426 2031 solum
2464 1973 2656 2036 ﬁlium,
2687 1986 2876 2025 verum
2905 1971 3069 2024 etiam
3100 1979 3330 2025 cunctos
3352 1972 3531 2041 quieo
3557 1961 3850 2029 confluxe-

2249 2074 2374 2122 rant
2416 2079 2670 2134 proceres
2717 2064 2782 2117 ad
2825 2063 3120 2117 vindictam
3154 2063 3258 2118 sub
3301 2062 3671 2131 jurejurando
3714 2081 3848 2120 con-

2251 2160 2486 2214 strinxit.
2541 2160 2594 2213 ls
2637 2157 2784 2211 enim
2832 2155 2976 2208 Boso
3031 2155 3122 2208 ubi
3172 2154 3489 2208 advertebat
3535 2155 3849 2226 principem

2251 2253 2394 2306 unde
2422 2253 2657 2324 agimus,
2689 2249 2847 2318 cujus
2879 2249 3045 2312 dono,
3072 2258 3179 2316 ope”
3196 2255 3250 2300 et
3275 2247 3480 2302 auxilio
3508 2248 3578 2302 ad
3608 2249 3850 2303 comita-

2252 2353 2368 2398 tum
2404 2352 2692 2413 provectus
2724 2347 2862 2405 erat,
2892 2339 3198 2409 cbiragrico
3249 2339 3443 2392 morbo
3489 2339 3850 2409 oppressum,

2252 2436 2529 2504 variisque
2552 2433 2902 2504 passionibu‘s
2936 2428 3196 2496 obsitum,
3232 2430 3570 2500 praesagiens
3597 2447 3852 2503 quoque,

2254 2527 2399 2597 quod
2442 2542 2577 2596 pene
2630 2523 2951 2578 imminebat
2993 2521 3112 2591 ejds
3156 2521 3406 2576 videlicet
3451 2522 3696 2590 obitum,
3749 2521 3856 2579 ﬁde

2255 2633 2419 2687 quam
2466 2616 2793 2686 promiserat
2832 2613 3019 2678 oblita,
3061 2613 3214 2682 prius
3271 2613 3571 2670 calliditate
3633 2618 3852 2671 occulta

2256 2708 2420 2778 coepit
2444 2707 2547 2762 sibi
2575 2706 2870 2775 subjugare
2895 2704 3014 2772 ejus
3040 2704 3237 2774 Oppida
3266 2721 3396 2759 rura
3425 2715 3480 2760 et
3500 2708 3812 2778 numicipia
3835 2728 3849 2774 ;

2257 2799 2449 2854 deinde
2509 2797 2763 2851 amicitiis
2830 2795 3256 2864 muneribusque
3312 2795 3578 2866 colligare
3633 2800 3854 2856 nobilss

2256 2906 2502 2962 quosque
2531 2904 2594 2942 ac
2635 2903 2733 2942 sua
2762 2885 2982 2942 castella
3011 2907 3024 2941 ε
3062 2897 3338 2956 pos'remo
3364 2900 3652 2946 crescente
3681 2909 3854 2948 aemu-

569 2966 692 3026 dem
727 2973 1006 3022 crescente
1033 2965 1293 3036 religione
1321 2966 1553 3034 vitzeque
1593 2967 1790 3021 merito
1819 2977 2004 3036 postea
2033 2968 2149 3024 oili-

2255 2984 2450 3038 latione
2471 2981 2748 3034 Pictavam
2780 2979 3055 3033 civitatem
3087 2988 3251 3034 noctu
3279 2981 3456 3035 multo
3476 2984 3723 3053 stipatus
3751 2988 3855 3040 mi-

571 3055 717 3110 cium
743 3056 1041 3127 susceperit
1061 3056 1424 3126 episcopatus.
1462 3055 1658 3112 Verum
1698 3059 1813 3113 bmc
1834 3069 2017 3114 utrum
2045 3061 2156 3117 sint

570 3163 719 3212 vera,
771 3155 831 3201 ut
874 3147 1142 3212 diximus,
1184 3149 1484 3202 dubitatur.
1538 3148 1664 3204 Hmc
1708 3151 1775 3204 de
1829 3152 2156 3222 antiquitate

570 3237 931 3293 Malliacensis
963 3239 1154 3294 insulae
1193 3240 1350 3297 nobis
1374 3251 1651 3309 comperta
1687 3241 1916 3296 ﬁdeliter
1943 3243 2154 3298 descri-

569 3329 801 3399 psimus.
834 3328 1020 3392 Restat
1055 3329 1237 3399 itaque
1268 3340 1327 3385 ut
1352 3346 1474 3401 quae
1505 3334 1914 3403 proposuimus,
1949 3335 2154 3389 omissa

570 3420 927 3492 digressione,
957 3437 1346 3492 exsequamur.
1694 3440 1697 3441 ν

610 3554 640 3627 §
679 3553 746 3609 ν.
790 3554 1091 3610 Willelmus
1126 3555 1238 3610 dua:
1273 3567 1339 3611 et
1363 3552 1660 3613 Emmelina
1692 3559 1886 3629 majus:
1929 3562 2120 3615 iterum

1205 3629 1530 3683 irascuntur.

581 3745 584 3748 ~
644 3714 888 3787 Uterque
908 3718 1109 3788 conjux
1134 3720 1278 3774 unde
1315 3735 1495 3774 sermo
1520 3721 1627 3775 huc
1656 3738 1829 3791 usque
1853 3731 2157 3791 pertractus

571 3817 678 3874 est,
722 3809 922 3862 iterum
948 3809 1015 3863 ad
1050 3809 1282 3863 invicem
1316 3810 1649 3878 irascuntur,
1687 3823 1740 3867 et
1769 3814 1982 3868 mulieri
2012 3816 2156 3869 mul-

572 3899 785 3969 tiplices
797 3914 972 3970 poenae
994 3900 1289 3955 minantur.
1309 3900 1448 3966 Quid
1469 3903 1702 3972 amplius
1719 3906 1934 3958 morer?
1957 3905 2156 3961 lterum

574 3989 814 4062 fugatur.
869 3990 1000 4058 Quae
1047 3992 1116 4045 ad
1156 4005 1284 4048 suos
1331 3993 1559 4049 veniens
1619 3995 1789 4049 ﬁlium
1817 4037 1831 4059 ,
1880 4012 2041 4064 quem
2091 4014 2156 4052 ex

574 4079 820 4154 principe
884 4092 1220 4153 susceperat,
1279 4083 1382 4153 ipsi
1444 4083 1615 4140 furari
1665 4084 1828 4140 fecit:
1877 4087 2157 4144 :estimans

575 4189 812 4245 namque
833 4175 1074 4229 furorem
1097 4175 1199 4228 viri
1224 4176 1308 4229 sui
1332 4172 1749 4245 implacabilem,
1779 4194 2006 4233 suumve
2034 4182 2158 4234 red—

574 4263 711 4321 itum
753 4265 1083 4336 desperans,
1129 4266 1485 4337 Burguliense
1530 4271 1840 4324 cmnobium
1889 4272 2157 4326 aediﬁcare

577 4357 743 4431 c'rpit
785 4359 950 4427 quod,
984 4367 1206 4414 auctore
1241 4359 1496 4426 Domino,
1537 4361 1588 4414 in
1636 4362 1784 4415 brevi
1827 4366 2156 4432 completum

579 4462 901 4503 consecrare
936 4447 1082 4514 fecit,
1121 4450 1373 4520 beatique
1405 4450 1551 4505 Petri
1579 4451 1764 4506 Romae
1801 4453 1995 4508 ditioni
2029 4457 2158 4509 sub-

581 4537 751 4592 misit.
779 4536 986 4593 lnterea
1026 4540 1256 4596 maritus
1285 4542 1456 4596 multo
1483 4543 1596 4612 jam
1639 4544 1794 4598 senio
1843 4545 2157 4603 confractus

583 4630 914 4684 mundialem
939 4645 1192 4700 pompam
1218 4643 1482 4702 spernens
1515 4635 1655 4703 apud
1683 4635 1902 4690 beatum
1933 4637 2158 4709 Cypria-

584 4736 716 4774 num
753 4720 989 4776 P'rctavis
1031 4731 1232 4777 sanctae
1287 4724 1566 4793 religionis
1606 4725 1849 4781 habitum
1897 4732 2155 4800 suscepit,

583 4827 648 4869 ac
688 4812 1084 4868 Mailiacensem
1123 4815 1411 4870 ecclesiam
1457 4817 1710 4885 projectis
1751 4817 2158 4878 Turonensibus

583 4905 866 4960 monachis
913 4906 984 4959 ob
1041 4914 1410 4976 contemptum
1457 4909 1642 4963 uxoris
1691 4910 1848 4965 beato
1887 4911 2158 4983 Cypriane

585 4996 833 5065 subjecit.
866 4995 976 5051 Nec
1007 4998 1178 5051 multo
1203 5007 1326 5068 post
1357 4999 1538 5052 abbati
1567 4999 1810 5067 ejusdem
1845 5003 2158 5060 monasterii

585 5088 758 5143 iratus
778 5103 902 5142 eum
919 5089 1180 5153 deseruit,
1212 5098 1265 5142 et
1295 5090 1435 5144 beati
1461 5089 1710 5144 Maxentii
1737 5094 2043 5149 coenobium
2073 5097 2158 5150 in-

588 5179 835 5247 grediens
872 5196 1047 5249 usque
1074 5181 1141 5234 ad
1171 5188 1400 5234 mortem
1433 5179 1560 5234 illuc
1592 5196 1650 5234 se
1689 5195 2159 5250 perseveraturum

589 5270 894 5338 spopondit.
919 5270 1048 5325 Post
1065 5270 1496 5340 quinquennium
1517 5286 1734 5340 quoque
1763 5289 1923 5342 grave
1953 5275 2161 5332 incom-

2256 3076 2349 3129 lite
2377 3075 2680 3140 irrumpere
2708 3085 2998 3140 aggressus
3012 3078 3115 3135 est,
3141 3071 3462 3141 reliquaque
3487 3073 3857 3132 nihilominus

2255 3166 2407 3236 regni
2453 3163 2733 3234 possidere
2762 3162 2908 3230 jura,
2944 3162 3037 3215 sed
3068 3163 3262 3216 avertit
3303 3178 3428 3218 eum
3466 3161 3858 3240 Redemptoris

2223 3258 2444 3312 .mundi
2480 3255 2786 3310 clementia.
2832 3247 3127 3323 Postquam
3164 3255 3348 3324 itaque
3387 3269 3451 3310 ex
3485 3257 3859 3329 dispositione

2255 3351 2410 3422 regni
2447 3350 2685 3418 itemque
2732 3347 3118 3417 procuratione
3165 3348 3248 3402 sui
3293 3348 3406 3402 dux
3445 3351 3683 3406 verbum
3724 3369 3860 3408 cou-

2256 3442 2420 3497 clusit
2453 3447 2809 3517 sacrosancta
2841 3439 3096 3510 mysteria
3127 3448 3328 3494 nostra:
3353 3445 3729 3511 reparationis
3762 3448 3860 3501 ob-

2257 3534 2384 3588 nixe
2415 3531 2682 3601 expetiit:
2744 3529 2945 3599 quibus
3002 3531 3301 3599 assumptis
3352 3547 3543 3587 coram
3596 3538 3740 3603 suis,
3800 3549 3860 3594 ut

2258 3624 2519 3693 scriptum
2539 3630 2642 3686 est,
2675 3622 2728 3674 in
2760 3629 3036 3675 senectute
3071 3622 3216 3675 bona
3251 3623 3467 3678 virendi
3497 3625 3666 3682 ﬁnem
3703 3629 3854 3685 fecit.

2261 3716 2516 3785 Sepultus
2558 3725 2688 3768 sane
2723 3723 2808 3765 est
2849 3719 2972 3781 post
3007 3710 3251 3767 triduum
3293 3714 3348 3768 in
3394 3717 3626 3772 sinistro
3675 3723 3857 3776 sancti

2259 3806 2516 3862 Maxentii
2543 3805 2712 3858 latere
2742 3811 2906 3873 atque
2943 3804 3243 3859 multorum
3280 3808 3538 3876 precibus
3567 3825 3632 3865 ac
3675 3813 3856 3884 lacn-'-

2257 3899 2363 3954 mis
2387 3897 2497 3952 Deo
2516 3895 2928 3951 commendatus
2957 3896 3272 3950 Christiano
3287 3899 3542 3955 conditus
3563 3911 3648 3956 est
3675 3920 3852 3960 more.

2257 3989 2532 4058 Postejus
2567 3986 2856 4056 exsequias
2885 3988 2952 4041 ad
2983 3998 3308 4058 praeceptum
3348 3990 3444 4044 ﬁlii
3480 3995 3566 4048 sui
3612 3993 3857 4053 Pictavis

2259 4091 2417 4136 terra?
2443 4079 2697 4133 nobilitas
2732 4078 2986 4133 convenit
3018 4079 3385 4135 deliberatura
3415 4097 3529 4152 quo
3556 4097 3726 4154 pacto
3751 4105 3854 4157 pa-

2257 4180 2472 4226 ternum
2509 4169 2745 4224 dedecus
2773 4169 2827 4222 in
2867 4170 3023 4224 hoste
3047 4169 3234 4225 'ulcisci
3261 4180 3317 4226 et
3353 4173 3527 4228 divisa
3563 4180 3855 4245 provincia

2259 4265 2462 4318 valeret
2495 4260 2837 4315 concordari.
2878 4259 3122 4315 Breviter
3149 4275 3488 4333 compertum
3530 4278 3618 4322 est
3657 4287 3727 4325 ac
3767 4289 3857 4327 sa-

2259 4359 2538 4411 cramento
2575 4353 2870 4418 ﬁrmatum,
2914 4368 3089 4422 neque
3127 4355 3308 4410 adhuc
3349 4357 3582 4416 Basonis
3617 4365 3855 4420 audacia

2259 4445 2590 4517 quiescebat.

2264 4580 2292 4652 §
2462 4559 2723 4652 Qualiter;
2747 4577 2846 4652 fuit
2897 4579 3100 4652 bellum
3130 4583 3268 4636 inter
3299 4583 3559 4639 Bosonem
3601 4593 3856 4648 σοπιῑιιιι

2333 4639 2588 4732 Manebit-3
2610 4657 2658 4700 et
2683 4639 3033 4732 guillerntrtm
3069 4651 3251 4732 (fugem
3275 4653 3556 4732 Pictariaf,
3584 4639 3852 4732 ἐίῆξᾶῖὲῖ

2332 4729 2410 4789 ter
2433 4717 2746 4789 Adalmodis
2773 4721 3043 4772 comitissa
3079 4722 3181 4789 fuit
3232 4738 3462 4780 exorata
3499 4717 3647 4784 dicto
3677 4717 3850 4788 'Guil-

2275 4843 2278 4846 .
2329 4788 2484 4842 (almo
2518 4787 2662 4853 duci,
2688 4797 2893 4846 mortuo
2915 4790 3029 4858 ejus
3061 4787 3274 4848 marito.

2330 4923 2645 4977 Adalmodis
2683 4923 2901 4991 quidem
2943 4941 3086 4979 uxor
3119 4927 3239 4996 ejus
3275 4931 3619 4991 observatrix
3652 4940 3849 4995 adma-

2261 5000 2390 5069 dum
2443 5017 2749 5085 carajorum
2811 5026 2972 5086 atque
3022 5019 3412 5078 maleﬁciorum
3469 5029 3714 5096 quodam
3767 5049 3851 5087 re-

2262 5119 2464 5174 sponso
2482 5106 2750 5164 diabolica
2770 5109 3011 5179 jactabat
3037 5127 3095 5164 se
3117 5113 3393 5182 accepisse
3415 5117 3466 5171 in
3490 5119 3644 5175 brevi
3666 5121 3848 5178 Picta-

2260 5211 2481 5250 vensem
2512 5213 2571 5253 se
2595 5198 2930 5257 comitissam
2959 5199 3099 5258 fore.
3127 5203 3355 5262 Maritus
3376 5219 3560 5264 autem
3583 5212 3681 5282 qui
3710 5230 3852 5268 non-

2262 5287 2408 5340 nulla
2434 5303 2560 5343 vera
2589 5285 2708 5358 ejus
2747 5295 3012 5358 praesagio
3051 5296 3353 5358 audiverat.
3395 5295 3556 5358 laetus
3594 5303 3848 5358 eﬂ‘ectus.
