  <div class='ocr_page' id='page_1' title='image "/cluster/home/n/w/nwhite01/storage/ocr_20150623/146/hvd.32044015471832/638.png"; bbox 0 0 4050 5358; ppageno 0'>
   <div class='ocr_carea' id='block_1_1' title="bbox 237 166 380 224">
    <p class='ocr_par' dir='ltr' id='par_1_1' title="bbox 237 166 380 224">
     <span class='ocr_line' id='line_1_1' title="bbox 237 166 380 224; baseline 0.028 -4"><span class='ocrx_word' id='word_1_1' title='bbox 237 166 380 224; x_wconf 67' lang='lat' dir='ltr'><strong>l2&quot;?</strong></span> 
     </span>
    </p>
   </div>
   <div class='ocr_carea' id='block_1_2' title="bbox 1199 130 2540 228">
    <p class='ocr_par' dir='ltr' id='par_1_2' title="bbox 1199 130 2540 228">
     <span class='ocr_line' id='line_1_2' title="bbox 1199 130 2540 228; baseline 0.003 -5"><span class='ocrx_word' id='word_1_2' title='bbox 1199 167 1287 225; x_wconf 82' lang='lat' dir='ltr'><strong>ur:</strong></span> <span class='ocrx_word' id='word_1_3' title='bbox 1315 165 1646 227; x_wconf 71' lang='lat' dir='ltr'><strong>cmuomo</strong></span> <span class='ocrx_word' id='word_1_4' title='bbox 1683 162 2207 225; x_wconf 67' lang='lat' dir='ltr'><strong>M&#39;ALmeuasrs</strong></span> <span class='ocrx_word' id='word_1_5' title='bbox 2238 130 2540 228; x_wconf 62' lang='lat' dir='ltr'><strong>uisam.</strong></span> 
     </span>
    </p>
   </div>
   <div class='ocr_carea' id='block_1_3' title="bbox 3358 170 3500 235">
    <p class='ocr_par' dir='ltr' id='par_1_3' title="bbox 3358 170 3500 235">
     <span class='ocr_line' id='line_1_3' title="bbox 3358 170 3500 235; baseline 0.028 -3"><span class='ocrx_word' id='word_1_6' title='bbox 3358 170 3500 235; x_wconf 67' lang='grc' dir='ltr'><strong>ηδε</strong></span> 
     </span>
    </p>
   </div>
   <div class='ocr_carea' id='block_1_4' title="bbox 232 275 3498 350">
    <p class='ocr_par' dir='ltr' id='par_1_4' title="bbox 232 275 3498 350">
     <span class='ocr_line' id='line_1_4' title="bbox 232 275 3498 350; baseline 0.005 -22"><span class='ocrx_word' id='word_1_7' title='bbox 232 276 530 333; x_wconf 83' lang='lat' dir='ltr'><strong>versarius.</strong></span> <span class='ocrx_word' id='word_1_8' title='bbox 547 275 770 334; x_wconf 76' lang='lat' dir='ltr'><strong>Obsedit</strong></span> <span class='ocrx_word' id='word_1_9' title='bbox 784 277 983 348; x_wconf 81' lang='lat' dir='ltr'><strong>quippe</strong></span> <span class='ocrx_word' id='word_1_10' title='bbox 999 277 1089 332; x_wconf 86' lang='lat' dir='ltr'><strong>ubi</strong></span> <span class='ocrx_word' id='word_1_11' title='bbox 1111 277 1394 333; x_wconf 85' lang='lat' dir='ltr'><strong>dominum</strong></span> <span class='ocrx_word' id='word_1_12' title='bbox 1423 294 1584 336; x_wconf 88' lang='lat' dir='ltr'><strong>suum</strong></span> <span class='ocrx_word' id='word_1_13' title='bbox 1608 275 1812 332; x_wconf 86' lang='lat' dir='ltr'><strong>obiisse</strong></span> <span class='ocrx_word' id='word_1_14' title='bbox 1840 275 1887 333; x_wconf 76' lang='grc' dir='ltr'><strong>Α</strong></span> <span class='ocrx_word' id='word_1_15' title='bbox 1914 282 2066 330; x_wconf 90' lang='lat' dir='ltr'><strong>tuum</strong></span> <span class='ocrx_word' id='word_1_16' title='bbox 2096 276 2373 345; x_wconf 79' lang='lat' dir='ltr'><strong>exercitia,</strong></span> <span class='ocrx_word' id='word_1_17' title='bbox 2403 278 2822 349; x_wconf 76' lang='lat' dir='ltr'><strong>quadragesimo</strong></span> <span class='ocrx_word' id='word_1_18' title='bbox 2848 276 3027 350; x_wconf 87' lang='lat' dir='ltr'><strong>primo</strong></span> <span class='ocrx_word' id='word_1_19' title='bbox 3051 281 3225 341; x_wconf 79' lang='lat' dir='ltr'><strong>:etatls</strong></span> <span class='ocrx_word' id='word_1_20' title='bbox 3252 294 3369 342; x_wconf 68' lang='lat' dir='ltr'><strong>suae</strong></span> <span class='ocrx_word' id='word_1_21' title='bbox 3394 301 3498 342; x_wconf 86' lang='lat' dir='ltr'><strong>an-</strong></span> 
     </span>
    </p>
   </div>
   <div class='ocr_carea' id='block_1_5' title="bbox 228 368 1812 442">
    <p class='ocr_par' dir='ltr' id='par_1_5' title="bbox 228 368 1812 442">
     <span class='ocr_line' id='line_1_5' title="bbox 228 368 1812 442; baseline 0.002 -23"><span class='ocrx_word' id='word_1_22' title='bbox 228 368 402 425; x_wconf 81' lang='lat' dir='ltr'><strong>veloci</strong></span> <span class='ocrx_word' id='word_1_23' title='bbox 424 370 619 425; x_wconf 91' lang='lat' dir='ltr'><strong>nuntio</strong></span> <span class='ocrx_word' id='word_1_24' title='bbox 642 369 922 425; x_wconf 81' lang='lat' dir='ltr'><strong>advertere</strong></span> <span class='ocrx_word' id='word_1_25' title='bbox 944 369 1140 440; x_wconf 89' lang='lat' dir='ltr'><strong>potuit,</strong></span> <span class='ocrx_word' id='word_1_26' title='bbox 1171 370 1454 426; x_wconf 77' lang='lat' dir='ltr'><strong>castellum</strong></span> <span class='ocrx_word' id='word_1_27' title='bbox 1491 371 1640 442; x_wconf 87' lang='lat' dir='ltr'><strong>quod</strong></span> <span class='ocrx_word' id='word_1_28' title='bbox 1663 368 1812 424; x_wconf 83' lang='lat' dir='ltr'><strong>Gen-</strong></span> 
     </span>
    </p>
   </div>
   <div class='ocr_carea' id='block_1_6' title="bbox 226 458 1813 532">
    <p class='ocr_par' dir='ltr' id='par_1_6' title="bbox 226 458 1813 532">
     <span class='ocr_line' id='line_1_6' title="bbox 226 458 1813 532; baseline -0.001 -18"><span class='ocrx_word' id='word_1_29' title='bbox 226 458 433 515; x_wconf 83' lang='lat' dir='ltr'><strong>tiacum</strong></span> <span class='ocrx_word' id='word_1_30' title='bbox 454 460 673 527; x_wconf 87' lang='lat' dir='ltr'><strong>dicitur,</strong></span> <span class='ocrx_word' id='word_1_31' title='bbox 691 475 758 517; x_wconf 91' lang='lat' dir='ltr'><strong>eo</strong></span> <span class='ocrx_word' id='word_1_32' title='bbox 776 462 923 532; x_wconf 92' lang='lat' dir='ltr'><strong>quod</strong></span> <span class='ocrx_word' id='word_1_33' title='bbox 946 471 1001 515; x_wconf 92' lang='lat' dir='ltr'><strong>et</strong></span> <span class='ocrx_word' id='word_1_34' title='bbox 1020 461 1226 516; x_wconf 88' lang='lat' dir='ltr'><strong>civitati</strong></span> <span class='ocrx_word' id='word_1_35' title='bbox 1245 462 1554 532; x_wconf 80' lang='lat' dir='ltr'><strong>proximum</strong></span> <span class='ocrx_word' id='word_1_36' title='bbox 1577 469 1631 518; x_wconf 92' lang='lat' dir='ltr'><strong>et</strong></span> <span class='ocrx_word' id='word_1_37' title='bbox 1653 458 1813 514; x_wconf 91' lang='lat' dir='ltr'><strong>multi</strong></span> 
     </span>
    </p>
   </div>
   <div class='ocr_carea' id='block_1_7' title="bbox 225 552 1813 623">
    <p class='ocr_par' dir='ltr' id='par_1_7' title="bbox 225 552 1813 623">
     <span class='ocr_line' id='line_1_7' title="bbox 225 552 1813 623; baseline -0.001 -18"><span class='ocrx_word' id='word_1_38' title='bbox 225 552 385 622; x_wconf 83' lang='lat' dir='ltr'><strong>copia</strong></span> <span class='ocrx_word' id='word_1_39' title='bbox 407 552 536 608; x_wconf 87' lang='lat' dir='ltr'><strong>boni</strong></span> <span class='ocrx_word' id='word_1_40' title='bbox 562 553 914 623; x_wconf 82' lang='lat' dir='ltr'><strong>completum,</strong></span> <span class='ocrx_word' id='word_1_41' title='bbox 944 560 999 608; x_wconf 90' lang='lat' dir='ltr'><strong>et</strong></span> <span class='ocrx_word' id='word_1_42' title='bbox 1028 553 1208 607; x_wconf 89' lang='lat' dir='ltr'><strong>subita</strong></span> <span class='ocrx_word' id='word_1_43' title='bbox 1229 554 1515 622; x_wconf 89' lang='lat' dir='ltr'><strong>juventute</strong></span> <span class='ocrx_word' id='word_1_44' title='bbox 1541 553 1813 608; x_wconf 90' lang='lat' dir='ltr'><strong>munitum</strong></span> 
     </span>
    </p>
   </div>
   <div class='ocr_carea' id='block_1_8' title="bbox 226 640 1813 721">
    <p class='ocr_par' dir='ltr' id='par_1_8' title="bbox 226 640 1813 721">
     <span class='ocr_line' id='line_1_8' title="bbox 226 640 1813 721; baseline -0.001 -24"><span class='ocrx_word' id='word_1_45' title='bbox 226 640 324 698; x_wconf 86' lang='lat' dir='ltr'><strong>illo</strong></span> <span class='ocrx_word' id='word_1_46' title='bbox 355 651 602 714; x_wconf 85' lang='lat' dir='ltr'><strong>tempore</strong></span> <span class='ocrx_word' id='word_1_47' title='bbox 644 644 963 699; x_wconf 87' lang='lat' dir='ltr'><strong>habebatur.</strong></span> <span class='ocrx_word' id='word_1_48' title='bbox 1012 642 1352 714; x_wconf 83' lang='lat' dir='ltr'><strong>Coujiciebat</strong></span> <span class='ocrx_word' id='word_1_49' title='bbox 1400 646 1600 701; x_wconf 89' lang='lat' dir='ltr'><strong>etenim</strong></span> <span class='ocrx_word' id='word_1_50' title='bbox 1642 641 1813 721; x_wconf 76' lang='lat' dir='ltr'><strong>dubip</strong></span> 
     </span>
    </p>
   </div>
   <div class='ocr_carea' id='block_1_9' title="bbox 223 732 1812 806">
    <p class='ocr_par' dir='ltr' id='par_1_9' title="bbox 223 732 1812 806">
     <span class='ocr_line' id='line_1_9' title="bbox 223 732 1812 806; baseline 0 -19"><span class='ocrx_word' id='word_1_51' title='bbox 223 736 417 803; x_wconf 80' lang='lat' dir='ltr'><strong>procul</strong></span> <span class='ocrx_word' id='word_1_52' title='bbox 461 735 608 806; x_wconf 88' lang='lat' dir='ltr'><strong>quod</strong></span> <span class='ocrx_word' id='word_1_53' title='bbox 642 748 987 805; x_wconf 87' lang='lat' dir='ltr'><strong>consequens</strong></span> <span class='ocrx_word' id='word_1_54' title='bbox 1049 736 1335 790; x_wconf 72' lang='lat' dir='ltr'><strong>videbatur</strong></span> <span class='ocrx_word' id='word_1_55' title='bbox 1393 752 1515 793; x_wconf 90' lang='lat' dir='ltr'><strong>esse</strong></span> <span class='ocrx_word' id='word_1_56' title='bbox 1544 779 1559 801; x_wconf 90' lang='lat'><strong>,</strong></span> <span class='ocrx_word' id='word_1_57' title='bbox 1617 732 1812 789; x_wconf 85' lang='lat' dir='ltr'><strong>videli-</strong></span> 
     </span>
    </p>
   </div>
   <div class='ocr_carea' id='block_1_10' title="bbox 222 822 1813 898">
    <p class='ocr_par' dir='ltr' id='par_1_10' title="bbox 222 822 1813 898">
     <span class='ocr_line' id='line_1_10' title="bbox 222 822 1813 898; baseline -0.001 -19"><span class='ocrx_word' id='word_1_58' title='bbox 222 834 316 879; x_wconf 86' lang='lat' dir='ltr'><strong>cet</strong></span> <span class='ocrx_word' id='word_1_59' title='bbox 341 841 370 880; x_wconf 86' lang='lat' dir='ltr'><strong>a</strong></span> <span class='ocrx_word' id='word_1_60' title='bbox 414 841 474 882; x_wconf 87' lang='lat' dir='ltr'><strong>se</strong></span> <span class='ocrx_word' id='word_1_61' title='bbox 504 826 634 881; x_wconf 92' lang='lat' dir='ltr'><strong>illud</strong></span> <span class='ocrx_word' id='word_1_62' title='bbox 673 836 892 897; x_wconf 89' lang='lat' dir='ltr'><strong>captum</strong></span> <span class='ocrx_word' id='word_1_63' title='bbox 932 827 1000 882; x_wconf 89' lang='lat' dir='ltr'><strong>iri</strong></span> <span class='ocrx_word' id='word_1_64' title='bbox 1042 842 1221 897; x_wconf 74' lang='lat' dir='ltr'><strong>posse,</strong></span> <span class='ocrx_word' id='word_1_65' title='bbox 1266 828 1414 898; x_wconf 87' lang='lat' dir='ltr'><strong>quod</strong></span> <span class='ocrx_word' id='word_1_66' title='bbox 1458 829 1671 883; x_wconf 90' lang='lat' dir='ltr'><strong>nullum</strong></span> <span class='ocrx_word' id='word_1_67' title='bbox 1706 822 1813 882; x_wconf 88' lang='lat' dir='ltr'><strong>sibi</strong></span> 
     </span>
    </p>
   </div>
   <div class='ocr_carea' id='block_1_11' title="bbox 222 915 1809 988">
    <p class='ocr_par' dir='ltr' id='par_1_11' title="bbox 222 915 1809 988">
     <span class='ocr_line' id='line_1_11' title="bbox 222 915 1809 988; baseline 0.001 -20"><span class='ocrx_word' id='word_1_68' title='bbox 222 915 457 973; x_wconf 88' lang='lat' dir='ltr'><strong>ulterius</strong></span> <span class='ocrx_word' id='word_1_69' title='bbox 501 917 859 988; x_wconf 85' lang='lat' dir='ltr'><strong>municipium</strong></span> <span class='ocrx_word' id='word_1_70' title='bbox 914 917 1222 973; x_wconf 83' lang='lat' dir='ltr'><strong>obsisteret.</strong></span> <span class='ocrx_word' id='word_1_71' title='bbox 1282 917 1457 985; x_wconf 84' lang='lat' dir='ltr'><strong>Quam</strong></span> <span class='ocrx_word' id='word_1_72' title='bbox 1518 919 1809 976; x_wconf 87' lang='lat' dir='ltr'><strong>factionem</strong></span> 
     </span>
    </p>
   </div>
   <div class='ocr_carea' id='block_1_12' title="bbox 221 1007 1810 1080">
    <p class='ocr_par' dir='ltr' id='par_1_12' title="bbox 221 1007 1810 1080">
     <span class='ocr_line' id='line_1_12' title="bbox 221 1007 1810 1080; baseline 0.004 -19"><span class='ocrx_word' id='word_1_73' title='bbox 221 1007 318 1061; x_wconf 86' lang='lat' dir='ltr'><strong>ubi</strong></span> <span class='ocrx_word' id='word_1_74' title='bbox 350 1007 644 1065; x_wconf 88' lang='lat' dir='ltr'><strong>modernus</strong></span> <span class='ocrx_word' id='word_1_75' title='bbox 672 1009 924 1079; x_wconf 76' lang='lat' dir='ltr'><strong>princeps</strong></span> <span class='ocrx_word' id='word_1_76' title='bbox 946 1008 1252 1080; x_wconf 68' lang='lat' dir='ltr'><strong>praesensit,</strong></span> <span class='ocrx_word' id='word_1_77' title='bbox 1268 1010 1503 1068; x_wconf 88' lang='lat' dir='ltr'><strong>liberare</strong></span> <span class='ocrx_word' id='word_1_78' title='bbox 1524 1027 1656 1069; x_wconf 89' lang='lat' dir='ltr'><strong>suos</strong></span> <span class='ocrx_word' id='word_1_79' title='bbox 1691 1007 1810 1068; x_wconf 87' lang='lat' dir='ltr'><strong>col-</strong></span> 
     </span>
    </p>
   </div>
   <div class='ocr_carea' id='block_1_13' title="bbox 218 1094 1810 1175">
    <p class='ocr_par' dir='ltr' id='par_1_13' title="bbox 218 1094 1810 1175">
     <span class='ocr_line' id='line_1_13' title="bbox 218 1094 1810 1175; baseline 0.006 -23"><span class='ocrx_word' id='word_1_80' title='bbox 218 1094 366 1153; x_wconf 87' lang='lat' dir='ltr'><strong>lecto</strong></span> <span class='ocrx_word' id='word_1_81' title='bbox 387 1099 628 1153; x_wconf 75' lang='lat' dir='ltr'><strong>exercitu</strong></span> <span class='ocrx_word' id='word_1_82' title='bbox 658 1100 917 1155; x_wconf 85' lang='lat' dir='ltr'><strong>obsessos</strong></span> <span class='ocrx_word' id='word_1_83' title='bbox 943 1100 1113 1156; x_wconf 88' lang='lat' dir='ltr'><strong>armis</strong></span> <span class='ocrx_word' id='word_1_84' title='bbox 1136 1100 1424 1157; x_wconf 74' lang='lat' dir='ltr'><strong>ultricibus</strong></span> <span class='ocrx_word' id='word_1_85' title='bbox 1448 1120 1613 1175; x_wconf 90' lang='lat' dir='ltr'><strong>quam</strong></span> <span class='ocrx_word' id='word_1_86' title='bbox 1636 1107 1810 1162; x_wconf 89' lang='lat' dir='ltr'><strong>celer-</strong></span> 
     </span>
    </p>
   </div>
   <div class='ocr_carea' id='block_1_14' title="bbox 218 1189 1810 1262">
    <p class='ocr_par' dir='ltr' id='par_1_14' title="bbox 218 1189 1810 1262">
     <span class='ocr_line' id='line_1_14' title="bbox 218 1189 1810 1262; baseline 0.008 -19"><span class='ocrx_word' id='word_1_87' title='bbox 218 1189 366 1244; x_wconf 87' lang='lat' dir='ltr'><strong>rime</strong></span> <span class='ocrx_word' id='word_1_88' title='bbox 405 1191 739 1260; x_wconf 78' lang='lat' dir='ltr'><strong>properavit.</strong></span> <span class='ocrx_word' id='word_1_89' title='bbox 770 1190 1021 1262; x_wconf 85' lang='lat' dir='ltr'><strong>Cumque</strong></span> <span class='ocrx_word' id='word_1_90' title='bbox 1044 1191 1242 1247; x_wconf 76' lang='lat' dir='ltr'><strong>vicinia</strong></span> <span class='ocrx_word' id='word_1_91' title='bbox 1284 1192 1502 1249; x_wconf 85' lang='lat' dir='ltr'><strong>hostilis</strong></span> <span class='ocrx_word' id='word_1_92' title='bbox 1533 1198 1810 1256; x_wconf 79' lang='lat' dir='ltr'><strong>exercitus</strong></span> 
     </span>
    </p>
   </div>
   <div class='ocr_carea' id='block_1_15' title="bbox 212 1280 1805 1360">
    <p class='ocr_par' dir='ltr' id='par_1_15' title="bbox 212 1280 1805 1360">
     <span class='ocr_line' id='line_1_15' title="bbox 212 1280 1805 1360; baseline 0.007 -26"><span class='ocrx_word' id='word_1_93' title='bbox 212 1280 547 1351; x_wconf 72' lang='lat' dir='ltr'><strong>experisset,</strong></span> <span class='ocrx_word' id='word_1_94' title='bbox 569 1282 779 1338; x_wconf 82' lang='lat' dir='ltr'><strong>nobiles</strong></span> <span class='ocrx_word' id='word_1_95' title='bbox 804 1297 1053 1353; x_wconf 90' lang='lat' dir='ltr'><strong>quosque</strong></span> <span class='ocrx_word' id='word_1_96' title='bbox 1076 1298 1142 1338; x_wconf 91' lang='lat' dir='ltr'><strong>ac</strong></span> <span class='ocrx_word' id='word_1_97' title='bbox 1161 1282 1287 1338; x_wconf 87' lang='lat' dir='ltr'><strong>belli</strong></span> <span class='ocrx_word' id='word_1_98' title='bbox 1314 1287 1643 1355; x_wconf 74' lang='lat' dir='ltr'><strong>procurandi</strong></span> <span class='ocrx_word' id='word_1_99' title='bbox 1668 1304 1805 1360; x_wconf 87' lang='lat' dir='ltr'><strong>gna-</strong></span> 
     </span>
    </p>
   </div>
   <div class='ocr_carea' id='block_1_16' title="bbox 217 1372 1804 1446">
    <p class='ocr_par' dir='ltr' id='par_1_16' title="bbox 217 1372 1804 1446">
     <span class='ocr_line' id='line_1_16' title="bbox 217 1372 1804 1446; baseline 0.006 -20"><span class='ocrx_word' id='word_1_100' title='bbox 217 1384 320 1427; x_wconf 84' lang='lat' dir='ltr'><strong>ros</strong></span> <span class='ocrx_word' id='word_1_101' title='bbox 346 1372 633 1428; x_wconf 83' lang='lat' dir='ltr'><strong>ordinandi</strong></span> <span class='ocrx_word' id='word_1_102' title='bbox 665 1372 1107 1444; x_wconf 87' lang='lat' dir='ltr'><strong>informandique</strong></span> <span class='ocrx_word' id='word_1_103' title='bbox 1133 1389 1301 1430; x_wconf 83' lang='lat' dir='ltr'><strong>causa</strong></span> <span class='ocrx_word' id='word_1_104' title='bbox 1327 1390 1424 1446; x_wconf 84' lang='lat' dir='ltr'><strong>per</strong></span> <span class='ocrx_word' id='word_1_105' title='bbox 1448 1393 1640 1435; x_wconf 88' lang='lat' dir='ltr'><strong>omnes</strong></span> <span class='ocrx_word' id='word_1_106' title='bbox 1659 1381 1804 1436; x_wconf 83' lang='lat' dir='ltr'><strong>acies</strong></span> 
     </span>
    </p>
   </div>
   <div class='ocr_carea' id='block_1_17' title="bbox 216 1463 1806 1538">
    <p class='ocr_par' dir='ltr' id='par_1_17' title="bbox 216 1463 1806 1538">
     <span class='ocr_line' id='line_1_17' title="bbox 216 1463 1806 1538; baseline 0.005 -19"><span class='ocrx_word' id='word_1_107' title='bbox 216 1463 410 1534; x_wconf 77' lang='lat' dir='ltr'><strong>dirigit</strong></span> <span class='ocrx_word' id='word_1_108' title='bbox 439 1482 455 1530; x_wconf 87' lang='lat'><strong>;</strong></span> <span class='ocrx_word' id='word_1_109' title='bbox 482 1472 538 1519; x_wconf 89' lang='lat' dir='ltr'><strong>et</strong></span> <span class='ocrx_word' id='word_1_110' title='bbox 559 1473 618 1519; x_wconf 91' lang='lat' dir='ltr'><strong>ut</strong></span> <span class='ocrx_word' id='word_1_111' title='bbox 637 1464 705 1519; x_wconf 90' lang='lat' dir='ltr'><strong>ad</strong></span> <span class='ocrx_word' id='word_1_112' title='bbox 731 1464 1051 1535; x_wconf 73' lang='lat' dir='ltr'><strong>huiusmodi</strong></span> <span class='ocrx_word' id='word_1_113' title='bbox 1071 1465 1369 1535; x_wconf 77' lang='lat' dir='ltr'><strong>negotium,</strong></span> <span class='ocrx_word' id='word_1_114' title='bbox 1408 1469 1608 1538; x_wconf 90' lang='lat' dir='ltr'><strong>partim</strong></span> <span class='ocrx_word' id='word_1_115' title='bbox 1635 1471 1806 1527; x_wconf 86' lang='lat' dir='ltr'><strong>verbo</strong></span> 
     </span>
    </p>
   </div>
   <div class='ocr_carea' id='block_1_18' title="bbox 215 1554 1806 1627">
    <p class='ocr_par' dir='ltr' id='par_1_18' title="bbox 215 1554 1806 1627">
     <span class='ocr_line' id='line_1_18' title="bbox 215 1554 1806 1627; baseline 0.004 -18"><span class='ocrx_word' id='word_1_116' title='bbox 215 1554 424 1625; x_wconf 80' lang='lat' dir='ltr'><strong>partim</strong></span> <span class='ocrx_word' id='word_1_117' title='bbox 474 1555 747 1625; x_wconf 79' lang='lat' dir='ltr'><strong>majorum</strong></span> <span class='ocrx_word' id='word_1_118' title='bbox 783 1556 1058 1627; x_wconf 77' lang='lat' dir='ltr'><strong>exemplo,</strong></span> <span class='ocrx_word' id='word_1_119' title='bbox 1096 1554 1426 1615; x_wconf 73' lang='lat' dir='ltr'><strong>sufficienter</strong></span> <span class='ocrx_word' id='word_1_120' title='bbox 1473 1561 1806 1619; x_wconf 89' lang='lat' dir='ltr'><strong>instruerent</strong></span> 
     </span>
    </p>
   </div>
   <div class='ocr_carea' id='block_1_19' title="bbox 216 1643 1806 1715">
    <p class='ocr_par' dir='ltr' id='par_1_19' title="bbox 216 1643 1806 1715">
     <span class='ocr_line' id='line_1_19' title="bbox 216 1643 1806 1715; baseline 0.008 -17"><span class='ocrx_word' id='word_1_121' title='bbox 216 1646 344 1701; x_wconf 87' lang='lat' dir='ltr'><strong>viva</strong></span> <span class='ocrx_word' id='word_1_122' title='bbox 369 1660 503 1701; x_wconf 85' lang='lat' dir='ltr'><strong>voce</strong></span> <span class='ocrx_word' id='word_1_123' title='bbox 525 1646 831 1715; x_wconf 83' lang='lat' dir='ltr'><strong>imperavit.</strong></span> <span class='ocrx_word' id='word_1_124' title='bbox 862 1643 974 1701; x_wconf 77' lang='lat' dir='ltr'><strong>Nec.</strong></span> <span class='ocrx_word' id='word_1_125' title='bbox 993 1646 1282 1703; x_wconf 79' lang='lat' dir='ltr'><strong>dissimilia</strong></span> <span class='ocrx_word' id='word_1_126' title='bbox 1328 1649 1415 1705; x_wconf 88' lang='lat' dir='ltr'><strong>bis</strong></span> <span class='ocrx_word' id='word_1_127' title='bbox 1453 1651 1618 1709; x_wconf 81' lang='lat' dir='ltr'><strong>dabat</strong></span> <span class='ocrx_word' id='word_1_128' title='bbox 1660 1654 1806 1710; x_wconf 84' lang='lat' dir='ltr'><strong>Boso</strong></span> 
     </span>
    </p>
   </div>
   <div class='ocr_carea' id='block_1_20' title="bbox 216 1735 1803 1814">
    <p class='ocr_par' dir='ltr' id='par_1_20' title="bbox 216 1735 1803 1814">
     <span class='ocr_line' id='line_1_20' title="bbox 216 1735 1803 1814; baseline 0.006 -23"><span class='ocrx_word' id='word_1_129' title='bbox 216 1744 493 1807; x_wconf 79' lang='lat' dir='ltr'><strong>praecepta</strong></span> <span class='ocrx_word' id='word_1_130' title='bbox 517 1737 651 1792; x_wconf 88' lang='lat' dir='ltr'><strong>suis.</strong></span> <span class='ocrx_word' id='word_1_131' title='bbox 681 1735 884 1793; x_wconf 75' lang='lat' dir='ltr'><strong>Verum</strong></span> <span class='ocrx_word' id='word_1_132' title='bbox 908 1738 1003 1792; x_wconf 91' lang='lat' dir='ltr'><strong>ubi</strong></span> <span class='ocrx_word' id='word_1_133' title='bbox 1026 1738 1093 1793; x_wconf 89' lang='lat' dir='ltr'><strong>ad</strong></span> <span class='ocrx_word' id='word_1_134' title='bbox 1114 1739 1426 1797; x_wconf 81' lang='lat' dir='ltr'><strong>conﬂictum</strong></span> <span class='ocrx_word' id='word_1_135' title='bbox 1449 1756 1670 1801; x_wconf 86' lang='lat' dir='ltr'><strong>ventum</strong></span> <span class='ocrx_word' id='word_1_136' title='bbox 1696 1757 1803 1814; x_wconf 92' lang='lat' dir='ltr'><strong>est,</strong></span> 
     </span>
    </p>
   </div>
   <div class='ocr_carea' id='block_1_21' title="bbox 214 1828 1802 1906">
    <p class='ocr_par' dir='ltr' id='par_1_21' title="bbox 214 1828 1802 1906">
     <span class='ocr_line' id='line_1_21' title="bbox 214 1828 1802 1906; baseline 0.009 -26"><span class='ocrx_word' id='word_1_137' title='bbox 214 1836 347 1897; x_wconf 88' lang='lat' dir='ltr'><strong>post</strong></span> <span class='ocrx_word' id='word_1_138' title='bbox 406 1828 706 1883; x_wconf 89' lang='lat' dir='ltr'><strong>multorum</strong></span> <span class='ocrx_word' id='word_1_139' title='bbox 768 1831 989 1885; x_wconf 76' lang='lat' dir='ltr'><strong>vulnera</strong></span> <span class='ocrx_word' id='word_1_140' title='bbox 1046 1843 1102 1888; x_wconf 86' lang='lat' dir='ltr'><strong>et</strong></span> <span class='ocrx_word' id='word_1_141' title='bbox 1159 1848 1322 1889; x_wconf 89' lang='lat' dir='ltr'><strong>neces</strong></span> <span class='ocrx_word' id='word_1_142' title='bbox 1371 1837 1589 1892; x_wconf 88' lang='lat' dir='ltr'><strong>tandem</strong></span> <span class='ocrx_word' id='word_1_143' title='bbox 1638 1837 1802 1906; x_wconf 88' lang='lat' dir='ltr'><strong>Boso,</strong></span> 
     </span>
    </p>
   </div>
   <div class='ocr_carea' id='block_1_22' title="bbox 212 1920 1806 2001">
    <p class='ocr_par' dir='ltr' id='par_1_22' title="bbox 212 1920 1806 2001">
     <span class='ocr_line' id='line_1_22' title="bbox 212 1920 1806 2001; baseline 0.008 -28"><span class='ocrx_word' id='word_1_144' title='bbox 212 1927 420 1975; x_wconf 80' lang='lat' dir='ltr'><strong>cuncto</strong></span> <span class='ocrx_word' id='word_1_145' title='bbox 444 1935 580 1990; x_wconf 90' lang='lat' dir='ltr'><strong>pene</strong></span> <span class='ocrx_word' id='word_1_146' title='bbox 609 1920 818 1976; x_wconf 89' lang='lat' dir='ltr'><strong>amisso</strong></span> <span class='ocrx_word' id='word_1_147' title='bbox 843 1923 1041 1992; x_wconf 85' lang='lat' dir='ltr'><strong>milite,</strong></span> <span class='ocrx_word' id='word_1_148' title='bbox 1069 1928 1319 1984; x_wconf 85' lang='lat' dir='ltr'><strong>addictus</strong></span> <span class='ocrx_word' id='word_1_149' title='bbox 1346 1928 1685 2001; x_wconf 73' lang='lat' dir='ltr'><strong>turpiterque</strong></span> <span class='ocrx_word' id='word_1_150' title='bbox 1720 1930 1806 1986; x_wconf 89' lang='lat' dir='ltr'><strong>fu-</strong></span> 
     </span>
    </p>
   </div>
   <div class='ocr_carea' id='block_1_23' title="bbox 214 2012 1806 2087">
    <p class='ocr_par' dir='ltr' id='par_1_23' title="bbox 214 2012 1806 2087">
     <span class='ocr_line' id='line_1_23' title="bbox 214 2012 1806 2087; baseline 0.009 -23"><span class='ocrx_word' id='word_1_151' title='bbox 214 2019 381 2081; x_wconf 81' lang='lat' dir='ltr'><strong>gatus</strong></span> <span class='ocrx_word' id='word_1_152' title='bbox 416 2022 519 2067; x_wconf 90' lang='lat' dir='ltr'><strong>est.</strong></span> <span class='ocrx_word' id='word_1_153' title='bbox 568 2012 686 2080; x_wconf 87' lang='lat' dir='ltr'><strong>Qua</strong></span> <span class='ocrx_word' id='word_1_154' title='bbox 728 2022 943 2082; x_wconf 84' lang='lat' dir='ltr'><strong>patrata</strong></span> <span class='ocrx_word' id='word_1_155' title='bbox 990 2016 1337 2075; x_wconf 84' lang='lat' dir='ltr'><strong>Pictavorum</strong></span> <span class='ocrx_word' id='word_1_156' title='bbox 1383 2020 1514 2087; x_wconf 79' lang='lat' dir='ltr'><strong>dux,</strong></span> <span class='ocrx_word' id='word_1_157' title='bbox 1571 2019 1806 2078; x_wconf 83' lang='lat' dir='ltr'><strong>Domino</strong></span> 
     </span>
    </p>
   </div>
   <div class='ocr_carea' id='block_1_24' title="bbox 216 2105 1805 2184">
    <p class='ocr_par' dir='ltr' id='par_1_24' title="bbox 216 2105 1805 2184">
     <span class='ocr_line' id='line_1_24' title="bbox 216 2105 1805 2184; baseline 0.008 -27"><span class='ocrx_word' id='word_1_158' title='bbox 216 2105 586 2173; x_wconf 71' lang='lat' dir='ltr'><strong>permittente,</strong></span> <span class='ocrx_word' id='word_1_159' title='bbox 616 2108 983 2179; x_wconf 85' lang='lat' dir='ltr'><strong>juvamcnquc</strong></span> <span class='ocrx_word' id='word_1_160' title='bbox 1010 2109 1236 2177; x_wconf 87' lang='lat' dir='ltr'><strong>ferente,</strong></span> <span class='ocrx_word' id='word_1_161' title='bbox 1270 2112 1519 2177; x_wconf 75' lang='lat' dir='ltr'><strong>victoria,</strong></span> <span class='ocrx_word' id='word_1_162' title='bbox 1545 2113 1805 2184; x_wconf 86' lang='lat' dir='ltr'><strong>oppidum</strong></span> 
     </span>
    </p>
   </div>
   <div class='ocr_carea' id='block_1_25' title="bbox 214 2196 1806 2274">
    <p class='ocr_par' dir='ltr' id='par_1_25' title="bbox 214 2196 1806 2274">
     <span class='ocr_line' id='line_1_25' title="bbox 214 2196 1806 2274; baseline 0.008 -26"><span class='ocrx_word' id='word_1_163' title='bbox 214 2197 366 2265; x_wconf 83' lang='lat' dir='ltr'><strong>quod</strong></span> <span class='ocrx_word' id='word_1_164' title='bbox 406 2196 590 2269; x_wconf 77' lang='lat' dir='ltr'><strong>Rupes</strong></span> <span class='ocrx_word' id='word_1_165' title='bbox 612 2199 869 2257; x_wconf 75' lang='lat' dir='ltr'><strong>.lledeldis</strong></span> <span class='ocrx_word' id='word_1_166' title='bbox 895 2201 1185 2270; x_wconf 82' lang='lat' dir='ltr'><strong>vocitatur,</strong></span> <span class='ocrx_word' id='word_1_167' title='bbox 1211 2218 1277 2258; x_wconf 92' lang='lat' dir='ltr'><strong>eo</strong></span> <span class='ocrx_word' id='word_1_168' title='bbox 1305 2204 1451 2274; x_wconf 89' lang='lat' dir='ltr'><strong>quod</strong></span> <span class='ocrx_word' id='word_1_169' title='bbox 1479 2204 1671 2260; x_wconf 89' lang='lat' dir='ltr'><strong>ditioni</strong></span> <span class='ocrx_word' id='word_1_170' title='bbox 1701 2206 1806 2261; x_wconf 85' lang='lat' dir='ltr'><strong>Bo-</strong></span> 
     </span>
    </p>
   </div>
   <div class='ocr_carea' id='block_1_26' title="bbox 215 2289 1805 2368">
    <p class='ocr_par' dir='ltr' id='par_1_26' title="bbox 215 2289 1805 2368">
     <span class='ocr_line' id='line_1_26' title="bbox 215 2289 1805 2368; baseline 0.009 -28"><span class='ocrx_word' id='word_1_171' title='bbox 215 2289 374 2343; x_wconf 88' lang='lat' dir='ltr'><strong>sonis</strong></span> <span class='ocrx_word' id='word_1_172' title='bbox 406 2291 616 2359; x_wconf 68' lang='lat' dir='ltr'><strong>prazfati</strong></span> <span class='ocrx_word' id='word_1_173' title='bbox 663 2293 1002 2362; x_wconf 88' lang='lat' dir='ltr'><strong>subjaeebat,</strong></span> <span class='ocrx_word' id='word_1_174' title='bbox 1051 2294 1285 2362; x_wconf 84' lang='lat' dir='ltr'><strong>obsedit,</strong></span> <span class='ocrx_word' id='word_1_175' title='bbox 1335 2303 1390 2350; x_wconf 89' lang='lat' dir='ltr'><strong>et</strong></span> <span class='ocrx_word' id='word_1_176' title='bbox 1439 2300 1805 2368; x_wconf 86' lang='lat' dir='ltr'><strong>oppugnando</strong></span> 
     </span>
    </p>
   </div>
   <div class='ocr_carea' id='block_1_27' title="bbox 211 2380 1805 2460">
    <p class='ocr_par' dir='ltr' id='par_1_27' title="bbox 211 2380 1805 2460">
     <span class='ocr_line' id='line_1_27' title="bbox 211 2380 1805 2460; baseline 0.008 -28"><span class='ocrx_word' id='word_1_177' title='bbox 211 2380 399 2449; x_wconf 74' lang='lat' dir='ltr'><strong>cepit:</strong></span> <span class='ocrx_word' id='word_1_178' title='bbox 429 2381 482 2435; x_wconf 88' lang='lat' dir='ltr'><strong>in</strong></span> <span class='ocrx_word' id='word_1_179' title='bbox 523 2398 635 2452; x_wconf 85' lang='lat' dir='ltr'><strong>quo</strong></span> <span class='ocrx_word' id='word_1_180' title='bbox 669 2383 1022 2439; x_wconf 76' lang='lat' dir='ltr'><strong>Adalmodcm</strong></span> <span class='ocrx_word' id='word_1_181' title='bbox 1051 2384 1295 2455; x_wconf 88' lang='lat' dir='ltr'><strong>ejusdem</strong></span> <span class='ocrx_word' id='word_1_182' title='bbox 1344 2386 1575 2443; x_wconf 78' lang='lat' dir='ltr'><strong>Bosonis</strong></span> <span class='ocrx_word' id='word_1_183' title='bbox 1611 2391 1805 2460; x_wconf 85' lang='lat' dir='ltr'><strong>conju-</strong></span> 
     </span>
    </p>
   </div>
   <div class='ocr_carea' id='block_1_28' title="bbox 215 2476 1806 2543">
    <p class='ocr_par' dir='ltr' id='par_1_28' title="bbox 215 2476 1806 2543">
     <span class='ocr_line' id='line_1_28' title="bbox 215 2476 1806 2543; baseline 0.009 -19"><span class='ocrx_word' id='word_1_184' title='bbox 215 2484 341 2540; x_wconf 87' lang='lat' dir='ltr'><strong>gem</strong></span> <span class='ocrx_word' id='word_1_185' title='bbox 388 2483 661 2543; x_wconf 82' lang='lat' dir='ltr'><strong>repertam</strong></span> <span class='ocrx_word' id='word_1_186' title='bbox 711 2476 962 2533; x_wconf 78' lang='lat' dir='ltr'><strong>ﬁdelibus</strong></span> <span class='ocrx_word' id='word_1_187' title='bbox 1001 2479 1116 2537; x_wconf 85' lang='lat' dir='ltr'><strong>suis</strong></span> <span class='ocrx_word' id='word_1_188' title='bbox 1159 2480 1484 2537; x_wconf 81' lang='lat' dir='ltr'><strong>servandam</strong></span> <span class='ocrx_word' id='word_1_189' title='bbox 1526 2485 1806 2539; x_wconf 81' lang='lat' dir='ltr'><strong>contradi-</strong></span> 
     </span>
    </p>
   </div>
   <div class='ocr_carea' id='block_1_29' title="bbox 210 2560 1804 2644">
    <p class='ocr_par' dir='ltr' id='par_1_29' title="bbox 210 2560 1804 2644">
     <span class='ocr_line' id='line_1_29' title="bbox 210 2560 1804 2644; baseline 0.01 -29"><span class='ocrx_word' id='word_1_190' title='bbox 210 2560 314 2617; x_wconf 83' lang='lat' dir='ltr'><strong>dit.</strong></span> <span class='ocrx_word' id='word_1_191' title='bbox 354 2562 526 2630; x_wconf 84' lang='lat' dir='ltr'><strong>Quam</strong></span> <span class='ocrx_word' id='word_1_192' title='bbox 546 2582 670 2623; x_wconf 91' lang='lat' dir='ltr'><strong>eum</strong></span> <span class='ocrx_word' id='word_1_193' title='bbox 690 2570 911 2626; x_wconf 82' lang='lat' dir='ltr'><strong>lascivia</strong></span> <span class='ocrx_word' id='word_1_194' title='bbox 936 2570 1237 2641; x_wconf 85' lang='lat' dir='ltr'><strong>juventutis</strong></span> <span class='ocrx_word' id='word_1_195' title='bbox 1270 2588 1393 2644; x_wconf 67' lang='lat' dir='ltr'><strong>qua:</strong></span> <span class='ocrx_word' id='word_1_196' title='bbox 1415 2574 1583 2629; x_wconf 86' lang='lat' dir='ltr'><strong>latera</strong></span> <span class='ocrx_word' id='word_1_197' title='bbox 1609 2575 1804 2630; x_wconf 84' lang='lat' dir='ltr'><strong>obser-</strong></span> 
     </span>
    </p>
   </div>
   <div class='ocr_carea' id='block_1_30' title="bbox 214 2654 1805 2736">
    <p class='ocr_par' dir='ltr' id='par_1_30' title="bbox 214 2654 1805 2736">
     <span class='ocr_line' id='line_1_30' title="bbox 214 2654 1805 2736; baseline 0.01 -31"><span class='ocrx_word' id='word_1_198' title='bbox 214 2654 378 2708; x_wconf 79' lang='lat' dir='ltr'><strong>vabat</strong></span> <span class='ocrx_word' id='word_1_199' title='bbox 405 2656 670 2729; x_wconf 88' lang='lat' dir='ltr'><strong>principis</strong></span> <span class='ocrx_word' id='word_1_200' title='bbox 697 2662 766 2717; x_wconf 89' lang='lat' dir='ltr'><strong>ad</strong></span> <span class='ocrx_word' id='word_1_201' title='bbox 807 2665 993 2719; x_wconf 88' lang='lat' dir='ltr'><strong>mariti</strong></span> <span class='ocrx_word' id='word_1_202' title='bbox 1036 2665 1289 2736; x_wconf 85' lang='lat' dir='ltr'><strong>injuriam</strong></span> <span class='ocrx_word' id='word_1_203' title='bbox 1322 2665 1635 2722; x_wconf 89' lang='lat' dir='ltr'><strong>decerneret</strong></span> <span class='ocrx_word' id='word_1_204' title='bbox 1663 2667 1805 2722; x_wconf 88' lang='lat' dir='ltr'><strong>ludi-</strong></span> 
     </span>
    </p>
   </div>
   <div class='ocr_carea' id='block_1_31' title="bbox 208 2745 1803 2830">
    <p class='ocr_par' dir='ltr' id='par_1_31' title="bbox 208 2745 1803 2830">
     <span class='ocr_line' id='line_1_31' title="bbox 208 2745 1803 2830; baseline 0.01 -32"><span class='ocrx_word' id='word_1_205' title='bbox 208 2745 340 2800; x_wconf 85' lang='lat' dir='ltr'><strong>brio</strong></span> <span class='ocrx_word' id='word_1_206' title='bbox 376 2750 540 2815; x_wconf 87' lang='lat' dir='ltr'><strong>tradi,</strong></span> <span class='ocrx_word' id='word_1_207' title='bbox 578 2768 766 2809; x_wconf 84' lang='lat' dir='ltr'><strong>severe</strong></span> <span class='ocrx_word' id='word_1_208' title='bbox 807 2756 920 2812; x_wconf 80' lang='lat' dir='ltr'><strong>dux</strong></span> <span class='ocrx_word' id='word_1_209' title='bbox 960 2758 1181 2824; x_wconf 75' lang='lat' dir='ltr'><strong>restitit,</strong></span> <span class='ocrx_word' id='word_1_210' title='bbox 1226 2758 1677 2830; x_wconf 86' lang='lat' dir='ltr'><strong>nobilitatemque</strong></span> <span class='ocrx_word' id='word_1_211' title='bbox 1722 2757 1803 2814; x_wconf 87' lang='lat' dir='ltr'><strong>fe-</strong></span> 
     </span>
    </p>
   </div>
   <div class='ocr_carea' id='block_1_32' title="bbox 206 2837 1802 2921">
    <p class='ocr_par' dir='ltr' id='par_1_32' title="bbox 206 2837 1802 2921">
     <span class='ocr_line' id='line_1_32' title="bbox 206 2837 1802 2921; baseline 0.01 -30"><span class='ocrx_word' id='word_1_212' title='bbox 206 2837 380 2895; x_wconf 74' lang='lat' dir='ltr'><strong>mina:</strong></span> <span class='ocrx_word' id='word_1_213' title='bbox 401 2840 718 2911; x_wconf 86' lang='lat' dir='ltr'><strong>miseratus,</strong></span> <span class='ocrx_word' id='word_1_214' title='bbox 757 2856 923 2916; x_wconf 88' lang='lat' dir='ltr'><strong>atque</strong></span> <span class='ocrx_word' id='word_1_215' title='bbox 952 2847 1141 2904; x_wconf 89' lang='lat' dir='ltr'><strong>electis</strong></span> <span class='ocrx_word' id='word_1_216' title='bbox 1175 2847 1505 2921; x_wconf 72' lang='lat' dir='ltr'><strong>sufﬁcienter</strong></span> <span class='ocrx_word' id='word_1_217' title='bbox 1536 2851 1802 2907; x_wconf 88' lang='lat' dir='ltr'><strong>militibus</strong></span> 
     </span>
    </p>
   </div>
   <div class='ocr_carea' id='block_1_33' title="bbox 1915 369 3501 440">
    <p class='ocr_par' dir='ltr' id='par_1_33' title="bbox 1915 369 3501 440">
     <span class='ocr_line' id='line_1_33' title="bbox 1915 369 3501 440; baseline 0.009 -19"><span class='ocrx_word' id='word_1_218' title='bbox 1915 382 2008 434; x_wconf 90' lang='lat' dir='ltr'><strong>no,</strong></span> <span class='ocrx_word' id='word_1_219' title='bbox 2034 369 2183 439; x_wconf 81' lang='lat' dir='ltr'><strong>regni</strong></span> <span class='ocrx_word' id='word_1_220' title='bbox 2207 385 2337 426; x_wconf 91' lang='lat' dir='ltr'><strong>vero</strong></span> <span class='ocrx_word' id='word_1_221' title='bbox 2361 370 2477 437; x_wconf 81' lang='lat' dir='ltr'><strong>filii,</strong></span> <span class='ocrx_word' id='word_1_222' title='bbox 2513 379 2576 426; x_wconf 86' lang='lat' dir='ltr'><strong>ut</strong></span> <span class='ocrx_word' id='word_1_223' title='bbox 2604 371 2777 440; x_wconf 89' lang='lat' dir='ltr'><strong>aiunt,</strong></span> <span class='ocrx_word' id='word_1_224' title='bbox 2807 376 3068 439; x_wconf 86' lang='lat' dir='ltr'><strong>secundo,</strong></span> <span class='ocrx_word' id='word_1_225' title='bbox 3103 391 3135 431; x_wconf 90' lang='lat' dir='ltr'><strong>e</strong></span> <span class='ocrx_word' id='word_1_226' title='bbox 3156 392 3339 434; x_wconf 79' lang='lat' dir='ltr'><strong>carnis</strong></span> <span class='ocrx_word' id='word_1_227' title='bbox 3368 394 3501 437; x_wconf 84' lang='lat' dir='ltr'><strong>oro-</strong></span> 
     </span>
    </p>
   </div>
   <div class='ocr_carea' id='block_1_34' title="bbox 1914 462 3499 543">
    <p class='ocr_par' dir='ltr' id='par_1_34' title="bbox 1914 462 3499 543">
     <span class='ocr_line' id='line_1_34' title="bbox 1914 462 3499 543; baseline 0.011 -31"><span class='ocrx_word' id='word_1_228' title='bbox 1914 472 2099 529; x_wconf 86' lang='lat' dir='ltr'><strong>gressa</strong></span> <span class='ocrx_word' id='word_1_229' title='bbox 2127 468 2210 516; x_wconf 91' lang='lat' dir='ltr'><strong>est</strong></span> <span class='ocrx_word' id='word_1_230' title='bbox 2235 462 2530 533; x_wconf 83' lang='lat' dir='ltr'><strong>ergastulo.</strong></span> <span class='ocrx_word' id='word_1_231' title='bbox 2580 462 2782 520; x_wconf 74' lang='lat' dir='ltr'><strong>Verum</strong></span> <span class='ocrx_word' id='word_1_232' title='bbox 2824 466 3143 537; x_wconf 84' lang='lat' dir='ltr'><strong>priusquam</strong></span> <span class='ocrx_word' id='word_1_233' title='bbox 3187 470 3499 543; x_wconf 85' lang='lat' dir='ltr'><strong>decederet,</strong></span> 
     </span>
    </p>
   </div>
   <div class='ocr_carea' id='block_1_35' title="bbox 1913 548 3496 636">
    <p class='ocr_par' dir='ltr' id='par_1_35' title="bbox 1913 548 3496 636">
     <span class='ocr_line' id='line_1_35' title="bbox 1913 548 3496 636; baseline 0.011 -32"><span class='ocrx_word' id='word_1_234' title='bbox 1913 548 2084 604; x_wconf 84' lang='lat' dir='ltr'><strong>lilium</strong></span> <span class='ocrx_word' id='word_1_235' title='bbox 2113 551 2181 606; x_wconf 87' lang='lat' dir='ltr'><strong>ad</strong></span> <span class='ocrx_word' id='word_1_236' title='bbox 2225 567 2283 608; x_wconf 91' lang='lat' dir='ltr'><strong>se</strong></span> <span class='ocrx_word' id='word_1_237' title='bbox 2316 567 2605 610; x_wconf 84' lang='lat' dir='ltr'><strong>accersens</strong></span> <span class='ocrx_word' id='word_1_238' title='bbox 2634 573 2647 609; x_wconf 91' lang='lat'>:</span> <span class='ocrx_word' id='word_1_239' title='bbox 2679 554 2771 621; x_wconf 84' lang='lat' dir='ltr'><strong>Mi,</strong></span> <span class='ocrx_word' id='word_1_240' title='bbox 2810 557 3005 628; x_wconf 88' lang='lat' dir='ltr'><strong>inquit,</strong></span> <span class='ocrx_word' id='word_1_241' title='bbox 3032 570 3180 627; x_wconf 89' lang='lat' dir='ltr'><strong>nate,</strong></span> <span class='ocrx_word' id='word_1_242' title='bbox 3218 577 3319 632; x_wconf 82' lang='lat' dir='ltr'><strong>ego</strong></span> <span class='ocrx_word' id='word_1_243' title='bbox 3353 565 3496 636; x_wconf 86' lang='lat' dir='ltr'><strong>jam,</strong></span> 
     </span>
    </p>
   </div>
   <div class='ocr_carea' id='block_1_36' title="bbox 1912 641 3496 727">
    <p class='ocr_par' dir='ltr' id='par_1_36' title="bbox 1912 641 3496 727">
     <span class='ocr_line' id='line_1_36' title="bbox 1912 641 3496 727; baseline 0.011 -30"><span class='ocrx_word' id='word_1_244' title='bbox 1912 641 2073 710; x_wconf 88' lang='lat' dir='ltr'><strong>cujus</strong></span> <span class='ocrx_word' id='word_1_245' title='bbox 2112 651 2164 697; x_wconf 88' lang='lat' dir='ltr'><strong>te</strong></span> <span class='ocrx_word' id='word_1_246' title='bbox 2208 642 2449 699; x_wconf 89' lang='lat' dir='ltr'><strong>charitas</strong></span> <span class='ocrx_word' id='word_1_247' title='bbox 2492 646 2636 701; x_wconf 90' lang='lat' dir='ltr'><strong>ultra</strong></span> <span class='ocrx_word' id='word_1_248' title='bbox 2695 648 2986 716; x_wconf 88' lang='lat' dir='ltr'><strong>humanos,</strong></span> <span class='ocrx_word' id='word_1_249' title='bbox 3041 652 3089 706; x_wconf 88' lang='lat' dir='ltr'><strong>si</strong></span> <span class='ocrx_word' id='word_1_250' title='bbox 3133 653 3242 709; x_wconf 89' lang='lat' dir='ltr'><strong>dici</strong></span> <span class='ocrx_word' id='word_1_251' title='bbox 3288 656 3370 713; x_wconf 85' lang='lat' dir='ltr'><strong>fas</strong></span> <span class='ocrx_word' id='word_1_252' title='bbox 3400 667 3496 727; x_wconf 72' lang='lat' dir='ltr'><strong>snt,</strong></span> 
     </span>
    </p>
   </div>
   <div class='ocr_carea' id='block_1_37' title="bbox 1912 730 3496 815">
    <p class='ocr_par' dir='ltr' id='par_1_37' title="bbox 1912 730 3496 815">
     <span class='ocr_line' id='line_1_37' title="bbox 1912 730 3496 815; baseline 0.014 -28"><span class='ocrx_word' id='word_1_253' title='bbox 1912 730 2164 789; x_wconf 62' lang='lat' dir='ltr'><strong>educavit</strong></span> <span class='ocrx_word' id='word_1_254' title='bbox 2208 734 2454 804; x_wconf 79' lang='lat' dir='ltr'><strong>affectus,</strong></span> <span class='ocrx_word' id='word_1_255' title='bbox 2486 746 2548 792; x_wconf 89' lang='lat' dir='ltr'><strong>ut</strong></span> <span class='ocrx_word' id='word_1_256' title='bbox 2586 738 2786 806; x_wconf 87' lang='lat' dir='ltr'><strong>cernis,</strong></span> <span class='ocrx_word' id='word_1_257' title='bbox 2831 740 3117 815; x_wconf 80' lang='lat' dir='ltr'><strong>defungor.</strong></span> <span class='ocrx_word' id='word_1_258' title='bbox 3172 742 3288 804; x_wconf 89' lang='lat' dir='ltr'><strong>lloc</strong></span> <span class='ocrx_word' id='word_1_259' title='bbox 3324 766 3496 809; x_wconf 87' lang='lat' dir='ltr'><strong>unum</strong></span> 
     </span>
    </p>
   </div>
   <div class='ocr_carea' id='block_1_38' title="bbox 1911 828 3494 907">
    <p class='ocr_par' dir='ltr' id='par_1_38' title="bbox 1911 828 3494 907">
     <span class='ocr_line' id='line_1_38' title="bbox 1911 828 3494 907; baseline 0.016 -30"><span class='ocrx_word' id='word_1_260' title='bbox 1911 837 2043 881; x_wconf 89' lang='lat' dir='ltr'><strong>vero</strong></span> <span class='ocrx_word' id='word_1_261' title='bbox 2064 835 2189 881; x_wconf 87' lang='lat' dir='ltr'><strong>ante</strong></span> <span class='ocrx_word' id='word_1_262' title='bbox 2218 841 2250 882; x_wconf 89' lang='lat' dir='ltr'><strong>a</strong></span> <span class='ocrx_word' id='word_1_263' title='bbox 2283 834 2335 883; x_wconf 91' lang='lat' dir='ltr'><strong>te</strong></span> <span class='ocrx_word' id='word_1_264' title='bbox 2363 828 2579 899; x_wconf 77' lang='lat' dir='ltr'><strong>expeto,</strong></span> <span class='ocrx_word' id='word_1_265' title='bbox 2624 842 2915 902; x_wconf 88' lang='lat' dir='ltr'><strong>quatenus,</strong></span> <span class='ocrx_word' id='word_1_266' title='bbox 2945 835 3015 890; x_wconf 94' lang='lat' dir='ltr'><strong>ob</strong></span> <span class='ocrx_word' id='word_1_267' title='bbox 3043 838 3146 893; x_wconf 86' lang='lat' dir='ltr'><strong>mei</strong></span> <span class='ocrx_word' id='word_1_268' title='bbox 3174 854 3494 907; x_wconf 77' lang='lat' dir='ltr'><strong>perpetuam</strong></span> 
     </span>
    </p>
   </div>
   <div class='ocr_carea' id='block_1_39' title="bbox 1914 917 3497 1003">
    <p class='ocr_par' dir='ltr' id='par_1_39' title="bbox 1914 917 3497 1003">
     <span class='ocr_line' id='line_1_39' title="bbox 1914 917 3497 1003; baseline 0.014 -33"><span class='ocrx_word' id='word_1_269' title='bbox 1914 917 2237 973; x_wconf 86' lang='lat' dir='ltr'><strong>memoriam</strong></span> <span class='ocrx_word' id='word_1_270' title='bbox 2275 917 2638 992; x_wconf 69' lang='lat' dir='ltr'><strong>Ecclesizeque</strong></span> <span class='ocrx_word' id='word_1_271' title='bbox 2678 921 3137 983; x_wconf 76' lang='lat' dir='ltr'><strong>Malliaeenscnsis</strong></span> <span class='ocrx_word' id='word_1_272' title='bbox 3171 946 3497 1003; x_wconf 66' lang='lat' dir='ltr'><strong>augmenta.</strong></span> 
     </span>
    </p>
   </div>
   <div class='ocr_carea' id='block_1_40' title="bbox 1915 1008 3495 1098">
    <p class='ocr_par' dir='ltr' id='par_1_40' title="bbox 1915 1008 3495 1098">
     <span class='ocr_line' id='line_1_40' title="bbox 1915 1008 3495 1098; baseline 0.015 -37"><span class='ocrx_word' id='word_1_273' title='bbox 1915 1008 2118 1064; x_wconf 89' lang='lat' dir='ltr'><strong>tionem</strong></span> <span class='ocrx_word' id='word_1_274' title='bbox 2158 1010 2573 1083; x_wconf 89' lang='lat' dir='ltr'><strong>tuitionemque,</strong></span> <span class='ocrx_word' id='word_1_275' title='bbox 2606 1014 2799 1069; x_wconf 88' lang='lat' dir='ltr'><strong>ultimo</strong></span> <span class='ocrx_word' id='word_1_276' title='bbox 2820 1032 2885 1071; x_wconf 86' lang='lat' dir='ltr'><strong>ac</strong></span> <span class='ocrx_word' id='word_1_277' title='bbox 2905 1018 2951 1073; x_wconf 88' lang='lat' dir='ltr'><strong>si</strong></span> <span class='ocrx_word' id='word_1_278' title='bbox 2980 1020 3338 1083; x_wconf 85' lang='lat' dir='ltr'><strong>valedieenles</strong></span> <span class='ocrx_word' id='word_1_279' title='bbox 3359 1028 3495 1098; x_wconf 77' lang='lat' dir='ltr'><strong>jun~</strong></span> 
     </span>
    </p>
   </div>
   <div class='ocr_carea' id='block_1_41' title="bbox 1913 1103 3495 1192">
    <p class='ocr_par' dir='ltr' id='par_1_41' title="bbox 1913 1103 3495 1192">
     <span class='ocr_line' id='line_1_41' title="bbox 1913 1103 3495 1192; baseline 0.016 -39"><span class='ocrx_word' id='word_1_280' title='bbox 1913 1116 2109 1171; x_wconf 87' lang='lat' dir='ltr'><strong>gamur</strong></span> <span class='ocrx_word' id='word_1_281' title='bbox 2136 1103 2350 1169; x_wconf 89' lang='lat' dir='ltr'><strong>osculo,</strong></span> <span class='ocrx_word' id='word_1_282' title='bbox 2378 1103 2596 1160; x_wconf 90' lang='lat' dir='ltr'><strong>demum</strong></span> <span class='ocrx_word' id='word_1_283' title='bbox 2631 1114 2813 1161; x_wconf 90' lang='lat' dir='ltr'><strong>autem</strong></span> <span class='ocrx_word' id='word_1_284' title='bbox 2835 1104 3210 1183; x_wconf 36' lang='lat' dir='ltr'><strong>lzeta&#39;einigm.</strong></span> <span class='ocrx_word' id='word_1_285' title='bbox 3241 1116 3495 1192; x_wconf 85' lang='lat' dir='ltr'><strong>Cumque</strong></span> 
     </span>
    </p>
   </div>
   <div class='ocr_carea' id='block_1_42' title="bbox 1866 1188 3495 1270">
    <p class='ocr_par' dir='ltr' id='par_1_42' title="bbox 1866 1188 3495 1270">
     <span class='ocr_line' id='line_1_42' title="bbox 1866 1188 3495 1270; baseline 0.018 -28"><span class='ocrx_word' id='word_1_286' title='bbox 1866 1226 1877 1237; x_wconf 85' lang='lat'><strong>.</strong></span> <span class='ocrx_word' id='word_1_287' title='bbox 1911 1188 2059 1249; x_wconf 89' lang='lat' dir='ltr'><strong>illius</strong></span> <span class='ocrx_word' id='word_1_288' title='bbox 2086 1209 2275 1250; x_wconf 90' lang='lat' dir='ltr'><strong>vocem</strong></span> <span class='ocrx_word' id='word_1_289' title='bbox 2314 1194 2382 1249; x_wconf 84' lang='lat' dir='ltr'><strong>ad</strong></span> <span class='ocrx_word' id='word_1_290' title='bbox 2411 1196 2554 1252; x_wconf 90' lang='lat' dir='ltr'><strong>hanc</strong></span> <span class='ocrx_word' id='word_1_291' title='bbox 2593 1198 2905 1269; x_wconf 86' lang='lat' dir='ltr'><strong>petitionem</strong></span> <span class='ocrx_word' id='word_1_292' title='bbox 2936 1205 3129 1261; x_wconf 84' lang='lat' dir='ltr'><strong>matris</strong></span> <span class='ocrx_word' id='word_1_293' title='bbox 3159 1209 3389 1269; x_wconf 83' lang='lat' dir='ltr'><strong>ubertas</strong></span> <span class='ocrx_word' id='word_1_294' title='bbox 3402 1188 3495 1270; x_wconf 78' lang='lat' dir='ltr'><strong>la-</strong></span> 
     </span>
    </p>
   </div>
   <div class='ocr_carea' id='block_1_43' title="bbox 1907 1286 3496 1376">
    <p class='ocr_par' dir='ltr' id='par_1_43' title="bbox 1907 1286 3496 1376">
     <span class='ocr_line' id='line_1_43' title="bbox 1907 1286 3496 1376; baseline 0.014 -39"><span class='ocrx_word' id='word_1_295' title='bbox 1907 1297 2222 1356; x_wconf 82' lang='lat' dir='ltr'><strong>crymarum</strong></span> <span class='ocrx_word' id='word_1_296' title='bbox 2259 1286 2643 1345; x_wconf 85' lang='lat' dir='ltr'><strong>intercluderet</strong></span> <span class='ocrx_word' id='word_1_297' title='bbox 2683 1305 2749 1346; x_wconf 90' lang='lat' dir='ltr'><strong>ac</strong></span> <span class='ocrx_word' id='word_1_298' title='bbox 2785 1292 3105 1365; x_wconf 82' lang='lat' dir='ltr'><strong>singultum,</strong></span> <span class='ocrx_word' id='word_1_299' title='bbox 3146 1301 3371 1376; x_wconf 80' lang='lat' dir='ltr'><strong>nutibus</strong></span> <span class='ocrx_word' id='word_1_300' title='bbox 3405 1315 3496 1360; x_wconf 79' lang='lat' dir='ltr'><strong>ta-</strong></span> 
     </span>
    </p>
   </div>
   <div class='ocr_carea' id='block_1_44' title="bbox 1909 1378 3496 1454">
    <p class='ocr_par' dir='ltr' id='par_1_44' title="bbox 1909 1378 3496 1454">
     <span class='ocr_line' id='line_1_44' title="bbox 1909 1378 3496 1454; baseline 0.014 -23"><span class='ocrx_word' id='word_1_301' title='bbox 1909 1390 2056 1444; x_wconf 86' lang='lat' dir='ltr'><strong>men,</strong></span> <span class='ocrx_word' id='word_1_302' title='bbox 2098 1378 2302 1448; x_wconf 85' lang='lat' dir='ltr'><strong>quibus</strong></span> <span class='ocrx_word' id='word_1_303' title='bbox 2330 1387 2563 1449; x_wconf 85' lang='lat' dir='ltr'><strong>poterat,</strong></span> <span class='ocrx_word' id='word_1_304' title='bbox 2610 1379 2787 1451; x_wconf 82' lang='lat' dir='ltr'><strong>lpsius</strong></span> <span class='ocrx_word' id='word_1_305' title='bbox 2821 1383 3105 1444; x_wconf 86' lang='lat' dir='ltr'><strong>desideriis</strong></span> <span class='ocrx_word' id='word_1_306' title='bbox 3142 1393 3307 1448; x_wconf 89' lang='lat' dir='ltr'><strong>corde</strong></span> <span class='ocrx_word' id='word_1_307' title='bbox 3333 1402 3496 1454; x_wconf 84' lang='lat' dir='ltr'><strong>tenus</strong></span> 
     </span>
    </p>
   </div>
   <div class='ocr_carea' id='block_1_45' title="bbox 1907 1470 3493 1557">
    <p class='ocr_par' dir='ltr' id='par_1_45' title="bbox 1907 1470 3493 1557">
     <span class='ocr_line' id='line_1_45' title="bbox 1907 1470 3493 1557; baseline 0.013 -34"><span class='ocrx_word' id='word_1_308' title='bbox 1907 1482 2152 1525; x_wconf 85' lang='lat' dir='ltr'><strong>annuere</strong></span> <span class='ocrx_word' id='word_1_309' title='bbox 2185 1484 2245 1526; x_wconf 89' lang='lat' dir='ltr'><strong>se</strong></span> <span class='ocrx_word' id='word_1_310' title='bbox 2289 1470 2584 1537; x_wconf 82' lang='lat' dir='ltr'><strong>indicabat,</strong></span> <span class='ocrx_word' id='word_1_311' title='bbox 2631 1481 2687 1530; x_wconf 89' lang='lat' dir='ltr'><strong>et</strong></span> <span class='ocrx_word' id='word_1_312' title='bbox 2741 1473 2869 1544; x_wconf 85' lang='lat' dir='ltr'><strong>quia</strong></span> <span class='ocrx_word' id='word_1_313' title='bbox 2909 1473 2977 1531; x_wconf 89' lang='lat' dir='ltr'><strong>de</strong></span> <span class='ocrx_word' id='word_1_314' title='bbox 3026 1478 3114 1535; x_wconf 88' lang='lat' dir='ltr'><strong>bis</strong></span> <span class='ocrx_word' id='word_1_315' title='bbox 3162 1485 3493 1557; x_wconf 76' lang='lat' dir='ltr'><strong>menriuerit,</strong></span> 
     </span>
    </p>
   </div>
   <div class='ocr_carea' id='block_1_46' title="bbox 1907 1562 3265 1638">
    <p class='ocr_par' dir='ltr' id='par_1_46' title="bbox 1907 1562 3265 1638">
     <span class='ocr_line' id='line_1_46' title="bbox 1907 1562 3265 1638; baseline 0.007 -22"><span class='ocrx_word' id='word_1_316' title='bbox 1907 1570 2033 1631; x_wconf 90' lang='lat' dir='ltr'><strong>post</strong></span> <span class='ocrx_word' id='word_1_317' title='bbox 2055 1562 2177 1634; x_wconf 86' lang='lat' dir='ltr'><strong>ejus</strong></span> <span class='ocrx_word' id='word_1_318' title='bbox 2195 1562 2403 1618; x_wconf 87' lang='lat' dir='ltr'><strong>obitum</strong></span> <span class='ocrx_word' id='word_1_319' title='bbox 2433 1563 2692 1634; x_wconf 88' lang='lat' dir='ltr'><strong>operibus</strong></span> <span class='ocrx_word' id='word_1_320' title='bbox 2714 1564 3030 1638; x_wconf 75' lang='lat' dir='ltr'><strong>declaravit.</strong></span> <span class='ocrx_word' id='word_1_321' title='bbox 3262 1608 3265 1609; x_wconf 50' lang='grc' dir='ltr'><em>ν</em></span> 
     </span>
    </p>
   </div>
   <div class='ocr_carea' id='block_1_47' title="bbox 1945 1651 3495 1728">
    <p class='ocr_par' dir='ltr' id='par_1_47' title="bbox 1945 1651 3495 1728">
     <span class='ocr_line' id='line_1_47' title="bbox 1945 1651 3495 1728; baseline 0.015 -23"><span class='ocrx_word' id='word_1_322' title='bbox 1945 1652 1973 1725; x_wconf 63' lang='grc' dir='ltr'>ς</span> <span class='ocrx_word' id='word_1_323' title='bbox 2001 1651 2114 1709; x_wconf 85' lang='lat' dir='ltr'><strong>Vll.</strong></span> <span class='ocrx_word' id='word_1_324' title='bbox 2152 1653 2229 1709; x_wconf 82' lang='lat' dir='ltr'><strong>De</strong></span> <span class='ocrx_word' id='word_1_325' title='bbox 2261 1653 2579 1710; x_wconf 77' lang='lat' dir='ltr'><strong>Theodclino</strong></span> <span class='ocrx_word' id='word_1_326' title='bbox 2608 1657 2798 1713; x_wconf 80' lang='lat' dir='ltr'><strong>abbate</strong></span> <span class='ocrx_word' id='word_1_327' title='bbox 2836 1656 3027 1716; x_wconf 71' lang='lat' dir='ltr'><strong>Sancti</strong></span> <span class='ocrx_word' id='word_1_328' title='bbox 3058 1661 3207 1720; x_wconf 67' lang='lat' dir='ltr'><strong>Pam</strong></span> <span class='ocrx_word' id='word_1_329' title='bbox 3247 1676 3455 1728; x_wconf 71' lang='lat' dir='ltr'><strong>ueteris.</strong></span> <span class='ocrx_word' id='word_1_330' title='bbox 3491 1669 3495 1672; x_wconf 65' lang='grc'><em>’</em></span> 
     </span>
    </p>
   </div>
   <div class='ocr_carea' id='block_1_48' title="bbox 1977 1743 3495 1820">
    <p class='ocr_par' dir='ltr' id='par_1_48' title="bbox 1977 1743 3495 1820">
     <span class='ocr_line' id='line_1_48' title="bbox 1977 1743 3495 1820; baseline 0.014 -21"><span class='ocrx_word' id='word_1_331' title='bbox 1977 1743 2052 1800; x_wconf 88' lang='lat' dir='ltr'><strong>Ut</strong></span> <span class='ocrx_word' id='word_1_332' title='bbox 2077 1752 2259 1801; x_wconf 88' lang='lat' dir='ltr'><strong>autem</strong></span> <span class='ocrx_word' id='word_1_333' title='bbox 2286 1746 2354 1802; x_wconf 89' lang='lat' dir='ltr'><strong>ad</strong></span> <span class='ocrx_word' id='word_1_334' title='bbox 2381 1747 2666 1818; x_wconf 85' lang='lat' dir='ltr'><strong>superiora</strong></span> <span class='ocrx_word' id='word_1_335' title='bbox 2703 1750 3013 1820; x_wconf 86' lang='lat' dir='ltr'><strong>redeamus,</strong></span> <span class='ocrx_word' id='word_1_336' title='bbox 3036 1771 3165 1815; x_wconf 88' lang='lat' dir='ltr'><strong>cum</strong></span> <span class='ocrx_word' id='word_1_337' title='bbox 3207 1758 3495 1820; x_wconf 85' lang='lat' dir='ltr'><strong>Turonen-</strong></span> 
     </span>
    </p>
   </div>
   <div class='ocr_carea' id='block_1_49' title="bbox 1907 1836 3495 1917">
    <p class='ocr_par' dir='ltr' id='par_1_49' title="bbox 1907 1836 3495 1917">
     <span class='ocr_line' id='line_1_49' title="bbox 1907 1836 3495 1917; baseline 0.014 -26"><span class='ocrx_word' id='word_1_338' title='bbox 1907 1836 2062 1894; x_wconf 89' lang='lat' dir='ltr'><strong>sibus</strong></span> <span class='ocrx_word' id='word_1_339' title='bbox 2109 1836 2397 1895; x_wconf 76' lang='lat' dir='ltr'><strong>monachis</strong></span> <span class='ocrx_word' id='word_1_340' title='bbox 2439 1837 2665 1910; x_wconf 86' lang='lat' dir='ltr'><strong>quidam</strong></span> <span class='ocrx_word' id='word_1_341' title='bbox 2707 1840 2929 1900; x_wconf 85' lang='lat' dir='ltr'><strong>advenit</strong></span> <span class='ocrx_word' id='word_1_342' title='bbox 2985 1844 3171 1917; x_wconf 80' lang='lat' dir='ltr'><strong>frater,</strong></span> <span class='ocrx_word' id='word_1_343' title='bbox 3227 1855 3495 1914; x_wconf 83' lang='lat' dir='ltr'><strong>vocabulo</strong></span> 
     </span>
    </p>
   </div>
   <div class='ocr_carea' id='block_1_50' title="bbox 1906 1926 3498 2009">
    <p class='ocr_par' dir='ltr' id='par_1_50' title="bbox 1906 1926 3498 2009">
     <span class='ocr_line' id='line_1_50' title="bbox 1906 1926 3498 2009; baseline 0.014 -28"><span class='ocrx_word' id='word_1_344' title='bbox 1906 1926 2311 1995; x_wconf 79' lang='lat' dir='ltr'><strong>Tbeodelinus;</strong></span> <span class='ocrx_word' id='word_1_345' title='bbox 2355 1929 2423 1985; x_wconf 91' lang='lat' dir='ltr'><strong>de</strong></span> <span class='ocrx_word' id='word_1_346' title='bbox 2455 1945 2568 2001; x_wconf 88' lang='lat' dir='ltr'><strong>quo</strong></span> <span class='ocrx_word' id='word_1_347' title='bbox 2623 1933 2887 2002; x_wconf 83' lang='lat' dir='ltr'><strong>quoniam</strong></span> <span class='ocrx_word' id='word_1_348' title='bbox 2925 1940 3147 2009; x_wconf 84' lang='lat' dir='ltr'><strong>grandis</strong></span> <span class='ocrx_word' id='word_1_349' title='bbox 3204 1945 3366 2002; x_wconf 86' lang='lat' dir='ltr'><strong>nobis</strong></span> <span class='ocrx_word' id='word_1_350' title='bbox 3406 1957 3498 2007; x_wconf 78' lang='lat' dir='ltr'><strong>est</strong></span> 
     </span>
    </p>
   </div>
   <div class='ocr_carea' id='block_1_51' title="bbox 1905 2020 3494 2100">
    <p class='ocr_par' dir='ltr' id='par_1_51' title="bbox 1905 2020 3494 2100">
     <span class='ocr_line' id='line_1_51' title="bbox 1905 2020 3494 2100; baseline 0.015 -25"><span class='ocrx_word' id='word_1_351' title='bbox 1905 2034 2090 2075; x_wconf 82' lang='lat' dir='ltr'><strong>sermo</strong></span> <span class='ocrx_word' id='word_1_352' title='bbox 2119 2020 2425 2088; x_wconf 86' lang='lat' dir='ltr'><strong>habendus,</strong></span> <span class='ocrx_word' id='word_1_353' title='bbox 2463 2021 2585 2092; x_wconf 88' lang='lat' dir='ltr'><strong>ejus</strong></span> <span class='ocrx_word' id='word_1_354' title='bbox 2614 2031 2669 2078; x_wconf 89' lang='lat' dir='ltr'><strong>et</strong></span> <span class='ocrx_word' id='word_1_355' title='bbox 2712 2024 2889 2096; x_wconf 88' lang='lat' dir='ltr'><strong>patria</strong></span> <span class='ocrx_word' id='word_1_356' title='bbox 2928 2029 3286 2100; x_wconf 85' lang='lat' dir='ltr'><strong>significanda</strong></span> <span class='ocrx_word' id='word_1_357' title='bbox 3321 2048 3406 2095; x_wconf 89' lang='lat' dir='ltr'><strong>est</strong></span> <span class='ocrx_word' id='word_1_358' title='bbox 3438 2058 3494 2099; x_wconf 86' lang='lat' dir='ltr'><strong>et</strong></span> 
     </span>
    </p>
   </div>
   <div class='ocr_carea' id='block_1_52' title="bbox 1907 2110 3458 2196">
    <p class='ocr_par' dir='ltr' id='par_1_52' title="bbox 1907 2110 3458 2196">
     <span class='ocr_line' id='line_1_52' title="bbox 1907 2110 3458 2196; baseline 0.015 -31"><span class='ocrx_word' id='word_1_359' title='bbox 1907 2127 2096 2182; x_wconf 88' lang='lat' dir='ltr'><strong>genus.</strong></span> <span class='ocrx_word' id='word_1_360' title='bbox 2140 2110 2265 2168; x_wconf 86' lang='lat' dir='ltr'><strong>Fuit</strong></span> <span class='ocrx_word' id='word_1_361' title='bbox 2290 2113 2509 2184; x_wconf 90' lang='lat' dir='ltr'><strong>quippe,</strong></span> <span class='ocrx_word' id='word_1_362' title='bbox 2544 2125 2608 2170; x_wconf 91' lang='lat' dir='ltr'><strong>ut</strong></span> <span class='ocrx_word' id='word_1_363' title='bbox 2633 2115 2828 2185; x_wconf 86' lang='lat' dir='ltr'><strong>fertur,</strong></span> <span class='ocrx_word' id='word_1_364' title='bbox 2857 2135 3055 2191; x_wconf 82' lang='lat' dir='ltr'><strong>genere</strong></span> <span class='ocrx_word' id='word_1_365' title='bbox 3084 2123 3367 2196; x_wconf 70' lang='lat' dir='ltr'><strong>Hebraeus,</strong></span> <span class='ocrx_word' id='word_1_366' title='bbox 3387 2149 3458 2188; x_wconf 87' lang='lat' dir='ltr'><strong>na</strong></span> 
     </span>
    </p>
   </div>
   <div class='ocr_carea' id='block_1_53' title="bbox 1904 2202 3501 2281">
    <p class='ocr_par' dir='ltr' id='par_1_53' title="bbox 1904 2202 3501 2281">
     <span class='ocr_line' id='line_1_53' title="bbox 1904 2202 3501 2281; baseline 0.016 -25"><span class='ocrx_word' id='word_1_367' title='bbox 1904 2203 2056 2258; x_wconf 86' lang='lat' dir='ltr'><strong>tione</strong></span> <span class='ocrx_word' id='word_1_368' title='bbox 2077 2202 2263 2260; x_wconf 87' lang='lat' dir='ltr'><strong>Gallus</strong></span> <span class='ocrx_word' id='word_1_369' title='bbox 2280 2222 2294 2272; x_wconf 93' lang='lat'><strong>;</strong></span> <span class='ocrx_word' id='word_1_370' title='bbox 2310 2205 2535 2277; x_wconf 88' lang='lat' dir='ltr'><strong>jamque</strong></span> <span class='ocrx_word' id='word_1_371' title='bbox 2548 2207 2867 2265; x_wconf 85' lang='lat' dir='ltr'><strong>adolescens</strong></span> <span class='ocrx_word' id='word_1_372' title='bbox 2888 2215 3228 2273; x_wconf 88' lang='lat' dir='ltr'><strong>monachicis</strong></span> <span class='ocrx_word' id='word_1_373' title='bbox 3248 2220 3501 2281; x_wconf 69' lang='lat' dir='ltr'><strong>discipli-</strong></span> 
     </span>
    </p>
   </div>
   <div class='ocr_carea' id='block_1_54' title="bbox 1906 2295 3556 2379">
    <p class='ocr_par' dir='ltr' id='par_1_54' title="bbox 1906 2295 3556 2379">
     <span class='ocr_line' id='line_1_54' title="bbox 1906 2295 3556 2379; baseline 0.016 -30"><span class='ocrx_word' id='word_1_374' title='bbox 1906 2295 1993 2350; x_wconf 90' lang='lat' dir='ltr'><strong>nis</strong></span> <span class='ocrx_word' id='word_1_375' title='bbox 2039 2295 2361 2363; x_wconf 89' lang='lat' dir='ltr'><strong>instructus,</strong></span> <span class='ocrx_word' id='word_1_376' title='bbox 2400 2307 2565 2368; x_wconf 90' lang='lat' dir='ltr'><strong>atque</strong></span> <span class='ocrx_word' id='word_1_377' title='bbox 2611 2301 2938 2370; x_wconf 87' lang='lat' dir='ltr'><strong>procedente</strong></span> <span class='ocrx_word' id='word_1_378' title='bbox 2989 2316 3231 2379; x_wconf 88' lang='lat' dir='ltr'><strong>tempore</strong></span> <span class='ocrx_word' id='word_1_379' title='bbox 3282 2315 3391 2371; x_wconf 87' lang='lat' dir='ltr'><strong>vita</strong></span> <span class='ocrx_word' id='word_1_380' title='bbox 3435 2324 3495 2374; x_wconf 83' lang='lat' dir='ltr'><strong>ct</strong></span> <span class='ocrx_word' id='word_1_381' title='bbox 3538 2314 3556 2324; x_wconf 74' lang='grc'>’</span> 
     </span>
    </p>
   </div>
   <div class='ocr_carea' id='block_1_55' title="bbox 1905 2388 3492 2465">
    <p class='ocr_par' dir='ltr' id='par_1_55' title="bbox 1905 2388 3492 2465">
     <span class='ocr_line' id='line_1_55' title="bbox 1905 2388 3492 2465; baseline 0.016 -25"><span class='ocrx_word' id='word_1_382' title='bbox 1905 2388 2316 2444; x_wconf 87' lang='lat' dir='ltr'><strong>conversatione</strong></span> <span class='ocrx_word' id='word_1_383' title='bbox 2335 2389 2607 2462; x_wconf 89' lang='lat' dir='ltr'><strong>simulque</strong></span> <span class='ocrx_word' id='word_1_384' title='bbox 2631 2393 2825 2450; x_wconf 83' lang='lat' dir='ltr'><strong>activis</strong></span> <span class='ocrx_word' id='word_1_385' title='bbox 2838 2398 3116 2456; x_wconf 74' lang='lat' dir='ltr'><strong>exercitiis</strong></span> <span class='ocrx_word' id='word_1_386' title='bbox 3130 2403 3492 2465; x_wconf 85' lang='lat' dir='ltr'><strong>solertissime</strong></span> 
     </span>
    </p>
   </div>
   <div class='ocr_carea' id='block_1_56' title="bbox 1904 2477 3492 2564">
    <p class='ocr_par' dir='ltr' id='par_1_56' title="bbox 1904 2477 3492 2564">
     <span class='ocr_line' id='line_1_56' title="bbox 1904 2477 3492 2564; baseline 0.014 -32"><span class='ocrx_word' id='word_1_387' title='bbox 1904 2477 2183 2548; x_wconf 78' lang='lat' dir='ltr'><strong>praeditus,</strong></span> <span class='ocrx_word' id='word_1_388' title='bbox 2213 2479 2453 2550; x_wconf 87' lang='lat' dir='ltr'><strong>itemque</strong></span> <span class='ocrx_word' id='word_1_389' title='bbox 2484 2482 2724 2554; x_wconf 81' lang='lat' dir='ltr'><strong>ingenio,</strong></span> <span class='ocrx_word' id='word_1_390' title='bbox 2755 2486 3044 2556; x_wconf 87' lang='lat' dir='ltr'><strong>modestia,</strong></span> <span class='ocrx_word' id='word_1_391' title='bbox 3082 2495 3333 2564; x_wconf 72' lang='lat' dir='ltr'><strong>consilio,</strong></span> <span class='ocrx_word' id='word_1_392' title='bbox 3354 2515 3492 2554; x_wconf 88' lang='lat' dir='ltr'><strong>eon-</strong></span> 
     </span>
    </p>
   </div>
   <div class='ocr_carea' id='block_1_57' title="bbox 1904 2569 3493 2647">
    <p class='ocr_par' dir='ltr' id='par_1_57' title="bbox 1904 2569 3493 2647">
     <span class='ocr_line' id='line_1_57' title="bbox 1904 2569 3493 2647; baseline 0.013 -21"><span class='ocrx_word' id='word_1_393' title='bbox 1904 2569 2131 2634; x_wconf 89' lang='lat' dir='ltr'><strong>stantia,</strong></span> <span class='ocrx_word' id='word_1_394' title='bbox 2154 2571 2461 2640; x_wconf 85' lang='lat' dir='ltr'><strong>prudentia,</strong></span> <span class='ocrx_word' id='word_1_395' title='bbox 2499 2574 2770 2645; x_wconf 68' lang='lat' dir='ltr'><strong>praecipue</strong></span> <span class='ocrx_word' id='word_1_396' title='bbox 2797 2593 2927 2636; x_wconf 85' lang='lat' dir='ltr'><strong>vero</strong></span> <span class='ocrx_word' id='word_1_397' title='bbox 2957 2579 3179 2639; x_wconf 85' lang='lat' dir='ltr'><strong>lenitate</strong></span> <span class='ocrx_word' id='word_1_398' title='bbox 3215 2585 3493 2647; x_wconf 86' lang='lat' dir='ltr'><strong>decentis-</strong></span> 
     </span>
    </p>
   </div>
   <div class='ocr_carea' id='block_1_58' title="bbox 1904 2660 3490 2741">
    <p class='ocr_par' dir='ltr' id='par_1_58' title="bbox 1904 2660 3490 2741">
     <span class='ocr_line' id='line_1_58' title="bbox 1904 2660 3490 2741; baseline 0.015 -26"><span class='ocrx_word' id='word_1_399' title='bbox 1904 2660 2041 2718; x_wconf 85' lang='lat' dir='ltr'><strong>sime</strong></span> <span class='ocrx_word' id='word_1_400' title='bbox 2078 2672 2328 2720; x_wconf 88' lang='lat' dir='ltr'><strong>ornatus.</strong></span> <span class='ocrx_word' id='word_1_401' title='bbox 2375 2663 2513 2721; x_wconf 83' lang='lat' dir='ltr'><strong>Huic</strong></span> <span class='ocrx_word' id='word_1_402' title='bbox 2558 2681 2691 2721; x_wconf 88' lang='lat' dir='ltr'><strong>sane</strong></span> <span class='ocrx_word' id='word_1_403' title='bbox 2726 2676 2782 2721; x_wconf 88' lang='lat' dir='ltr'><strong>et</strong></span> <span class='ocrx_word' id='word_1_404' title='bbox 2825 2671 3200 2741; x_wconf 63' lang='lat' dir='ltr'><strong>przepositurm</strong></span> <span class='ocrx_word' id='word_1_405' title='bbox 3243 2677 3490 2737; x_wconf 86' lang='lat' dir='ltr'><strong>laborem</strong></span> 
     </span>
    </p>
   </div>
   <div class='ocr_carea' id='block_1_59' title="bbox 1902 2754 3490 2837">
    <p class='ocr_par' dir='ltr' id='par_1_59' title="bbox 1902 2754 3490 2837">
     <span class='ocr_line' id='line_1_59' title="bbox 1902 2754 3490 2837; baseline 0.014 -31"><span class='ocrx_word' id='word_1_406' title='bbox 1902 2761 1958 2806; x_wconf 91' lang='lat' dir='ltr'><strong>et</strong></span> <span class='ocrx_word' id='word_1_407' title='bbox 1984 2754 2155 2809; x_wconf 88' lang='lat' dir='ltr'><strong>totius</strong></span> <span class='ocrx_word' id='word_1_408' title='bbox 2180 2755 2499 2810; x_wconf 88' lang='lat' dir='ltr'><strong>monasterii</strong></span> <span class='ocrx_word' id='word_1_409' title='bbox 2526 2756 2976 2816; x_wconf 84' lang='lat' dir='ltr'><strong>deliberationem</strong></span> <span class='ocrx_word' id='word_1_410' title='bbox 3003 2763 3174 2822; x_wconf 88' lang='lat' dir='ltr'><strong>abbas</strong></span> <span class='ocrx_word' id='word_1_411' title='bbox 3196 2783 3352 2837; x_wconf 86' lang='lat' dir='ltr'><strong>suus,</strong></span> <span class='ocrx_word' id='word_1_412' title='bbox 3376 2771 3490 2828; x_wconf 90' lang='lat' dir='ltr'><strong>imo</strong></span> 
     </span>
    </p>
   </div>
   <div class='ocr_carea' id='block_1_60' title="bbox 1904 2847 3491 2926">
    <p class='ocr_par' dir='ltr' id='par_1_60' title="bbox 1904 2847 3491 2926">
     <span class='ocr_line' id='line_1_60' title="bbox 1904 2847 3491 2926; baseline 0.014 -28"><span class='ocrx_word' id='word_1_413' title='bbox 1904 2860 2000 2915; x_wconf 88' lang='lat' dir='ltr'><strong>per</strong></span> <span class='ocrx_word' id='word_1_414' title='bbox 2033 2861 2158 2901; x_wconf 89' lang='lat' dir='ltr'><strong>eum</strong></span> <span class='ocrx_word' id='word_1_415' title='bbox 2204 2848 2483 2903; x_wconf 90' lang='lat' dir='ltr'><strong>commisit</strong></span> <span class='ocrx_word' id='word_1_416' title='bbox 2516 2847 2807 2905; x_wconf 85' lang='lat' dir='ltr'><strong>Dominus.</strong></span> <span class='ocrx_word' id='word_1_417' title='bbox 2860 2851 2965 2919; x_wconf 86' lang='lat' dir='ltr'><strong>Qui</strong></span> <span class='ocrx_word' id='word_1_418' title='bbox 3004 2862 3183 2926; x_wconf 89' lang='lat' dir='ltr'><strong>prima</strong></span> <span class='ocrx_word' id='word_1_419' title='bbox 3221 2860 3491 2919; x_wconf 81' lang='lat' dir='ltr'><strong>adventus</strong></span> 
     </span>
    </p>
   </div>
   <div class='ocr_carea' id='block_1_61' title="bbox 210 2929 1805 3018">
    <p class='ocr_par' dir='ltr' id='par_1_61' title="bbox 210 2929 1799 3006">
     <span class='ocr_line' id='line_1_61' title="bbox 210 2929 1799 3006; baseline 0.01 -24"><span class='ocrx_word' id='word_1_420' title='bbox 210 2929 285 2983; x_wconf 72' lang='lat' dir='ltr'><strong>ad</strong></span> <span class='ocrx_word' id='word_1_421' title='bbox 309 2940 561 2999; x_wconf 85' lang='lat' dir='ltr'><strong>matrem,</strong></span> <span class='ocrx_word' id='word_1_422' title='bbox 591 2952 715 3005; x_wconf 73' lang='lat' dir='ltr'><strong>qua:</strong></span> <span class='ocrx_word' id='word_1_423' title='bbox 743 2935 986 2994; x_wconf 85' lang='lat' dir='ltr'><strong>Candida</strong></span> <span class='ocrx_word' id='word_1_424' title='bbox 1019 2940 1318 3006; x_wconf 88' lang='lat' dir='ltr'><strong>dicebatur,</strong></span> <span class='ocrx_word' id='word_1_425' title='bbox 1349 2956 1470 2996; x_wconf 88' lang='lat' dir='ltr'><strong>eam</strong></span> <span class='ocrx_word' id='word_1_426' title='bbox 1500 2941 1799 2999; x_wconf 80' lang='lat' dir='ltr'><strong>honoriﬁce</strong></span> 
     </span>
    </p>
   </div>
   <div class='ocr_carea' id='block_1_62' title="bbox 1906 2929 3488 3018">
    <p class='ocr_par' dir='ltr' id='par_1_62' title="bbox 1906 2936 3488 3018">
     <span class='ocr_line' id='line_1_62' title="bbox 1906 2936 3488 3018; baseline 0.014 -28"><span class='ocrx_word' id='word_1_427' title='bbox 1906 2937 1987 2991; x_wconf 90' lang='lat' dir='ltr'><strong>sui</strong></span> <span class='ocrx_word' id='word_1_428' title='bbox 2011 2936 2208 3003; x_wconf 87' lang='lat' dir='ltr'><strong>fronte,</strong></span> <span class='ocrx_word' id='word_1_429' title='bbox 2237 2939 2438 3010; x_wconf 88' lang='lat' dir='ltr'><strong>quippe</strong></span> <span class='ocrx_word' id='word_1_430' title='bbox 2465 2940 2947 3013; x_wconf 87' lang='lat' dir='ltr'><strong>prudentissimus,</strong></span> <span class='ocrx_word' id='word_1_431' title='bbox 2975 2949 3262 3018; x_wconf 82' lang='lat' dir='ltr'><strong>explorare</strong></span> <span class='ocrx_word' id='word_1_432' title='bbox 3292 2969 3488 3011; x_wconf 89' lang='lat' dir='ltr'><strong>eorum</strong></span> 
     </span>
    </p>
   </div>
   <div class='ocr_carea' id='block_1_63' title="bbox 212 3022 1805 3103">
    <p class='ocr_par' dir='ltr' id='par_1_63' title="bbox 212 3022 1805 3103">
     <span class='ocr_line' id='line_1_63' title="bbox 212 3022 1805 3103; baseline 0.007 -25"><span class='ocrx_word' id='word_1_433' title='bbox 212 3022 432 3079; x_wconf 71' lang='lat' dir='ltr'><strong>direxit.</strong></span> <span class='ocrx_word' id='word_1_434' title='bbox 452 3023 559 3081; x_wconf 81' lang='lat' dir='ltr'><strong>Pro</strong></span> <span class='ocrx_word' id='word_1_435' title='bbox 579 3028 740 3098; x_wconf 86' lang='lat' dir='ltr'><strong>cujus</strong></span> <span class='ocrx_word' id='word_1_436' title='bbox 764 3029 1127 3087; x_wconf 82' lang='lat' dir='ltr'><strong>humanitatis</strong></span> <span class='ocrx_word' id='word_1_437' title='bbox 1155 3033 1329 3103; x_wconf 85' lang='lat' dir='ltr'><strong>gratia</strong></span> <span class='ocrx_word' id='word_1_438' title='bbox 1356 3034 1608 3103; x_wconf 89' lang='lat' dir='ltr'><strong>promisit</strong></span> <span class='ocrx_word' id='word_1_439' title='bbox 1628 3043 1805 3089; x_wconf 88' lang='lat' dir='ltr'><strong>mater</strong></span> 
     </span>
    </p>
   </div>
   <div class='ocr_carea' id='block_1_64' title="bbox 209 3113 1803 3197">
    <p class='ocr_par' dir='ltr' id='par_1_64' title="bbox 209 3113 1803 3197">
     <span class='ocr_line' id='line_1_64' title="bbox 209 3113 1803 3197; baseline 0.007 -27"><span class='ocrx_word' id='word_1_440' title='bbox 209 3113 457 3171; x_wconf 84' lang='lat' dir='ltr'><strong>Candida</strong></span> <span class='ocrx_word' id='word_1_441' title='bbox 505 3133 680 3189; x_wconf 91' lang='lat' dir='ltr'><strong>usque</strong></span> <span class='ocrx_word' id='word_1_442' title='bbox 718 3119 940 3176; x_wconf 87' lang='lat' dir='ltr'><strong>fluvium</strong></span> <span class='ocrx_word' id='word_1_443' title='bbox 990 3120 1317 3178; x_wconf 81' lang='lat' dir='ltr'><strong>Rhodanum</strong></span> <span class='ocrx_word' id='word_1_444' title='bbox 1366 3126 1520 3196; x_wconf 82' lang='lat' dir='ltr'><strong>regni</strong></span> <span class='ocrx_word' id='word_1_445' title='bbox 1557 3125 1803 3197; x_wconf 86' lang='lat' dir='ltr'><strong>ejusdem</strong></span> 
     </span>
    </p>
   </div>
   <div class='ocr_carea' id='block_1_65' title="bbox 211 3206 1804 3285">
    <p class='ocr_par' dir='ltr' id='par_1_65' title="bbox 211 3206 1804 3285">
     <span class='ocr_line' id='line_1_65' title="bbox 211 3206 1804 3285; baseline 0.009 -25"><span class='ocrx_word' id='word_1_446' title='bbox 211 3206 481 3278; x_wconf 80' lang='lat' dir='ltr'><strong>principis</strong></span> <span class='ocrx_word' id='word_1_447' title='bbox 508 3225 609 3280; x_wconf 72' lang='lat' dir='ltr'><strong>per</strong></span> <span class='ocrx_word' id='word_1_448' title='bbox 631 3226 690 3267; x_wconf 89' lang='lat' dir='ltr'><strong>se</strong></span> <span class='ocrx_word' id='word_1_449' title='bbox 704 3212 934 3269; x_wconf 83' lang='lat' dir='ltr'><strong>dilatare</strong></span> <span class='ocrx_word' id='word_1_450' title='bbox 951 3214 1097 3285; x_wconf 90' lang='lat' dir='ltr'><strong>jura.</strong></span> <span class='ocrx_word' id='word_1_451' title='bbox 1114 3213 1228 3272; x_wconf 89' lang='lat' dir='ltr'><strong>Nec</strong></span> <span class='ocrx_word' id='word_1_452' title='bbox 1251 3223 1340 3271; x_wconf 90' lang='lat' dir='ltr'><strong>est</strong></span> <span class='ocrx_word' id='word_1_453' title='bbox 1362 3217 1605 3272; x_wconf 88' lang='lat' dir='ltr'><strong>mentita.</strong></span> <span class='ocrx_word' id='word_1_454' title='bbox 1631 3216 1804 3274; x_wconf 84' lang='lat' dir='ltr'><strong>Porro</strong></span> 
     </span>
    </p>
   </div>
   <div class='ocr_carea' id='block_1_66' title="bbox 208 3299 1805 3380">
    <p class='ocr_par' dir='ltr' id='par_1_66' title="bbox 208 3299 1805 3380">
     <span class='ocr_line' id='line_1_66' title="bbox 208 3299 1805 3380; baseline 0.009 -29"><span class='ocrx_word' id='word_1_455' title='bbox 208 3305 399 3355; x_wconf 82' lang='lat' dir='ltr'><strong>autem</strong></span> <span class='ocrx_word' id='word_1_456' title='bbox 463 3299 607 3357; x_wconf 85' lang='lat' dir='ltr'><strong>Boso</strong></span> <span class='ocrx_word' id='word_1_457' title='bbox 688 3305 881 3376; x_wconf 85' lang='lat' dir='ltr'><strong>paucis</strong></span> <span class='ocrx_word' id='word_1_458' title='bbox 949 3306 1191 3363; x_wconf 76' lang='lat' dir='ltr'><strong>emensis</strong></span> <span class='ocrx_word' id='word_1_459' title='bbox 1242 3308 1436 3364; x_wconf 90' lang='lat' dir='ltr'><strong>diebus</strong></span> <span class='ocrx_word' id='word_1_460' title='bbox 1507 3310 1659 3380; x_wconf 88' lang='lat' dir='ltr'><strong>gravi</strong></span> <span class='ocrx_word' id='word_1_461' title='bbox 1716 3310 1805 3365; x_wconf 83' lang='lat' dir='ltr'><strong>in-</strong></span> 
     </span>
    </p>
   </div>
   <div class='ocr_carea' id='block_1_67' title="bbox 210 3392 1802 3469">
    <p class='ocr_par' dir='ltr' id='par_1_67' title="bbox 210 3392 1802 3469">
     <span class='ocr_line' id='line_1_67' title="bbox 210 3392 1802 3469; baseline 0.009 -25"><span class='ocrx_word' id='word_1_462' title='bbox 210 3392 509 3447; x_wconf 87' lang='lat' dir='ltr'><strong>commodo</strong></span> <span class='ocrx_word' id='word_1_463' title='bbox 543 3405 832 3466; x_wconf 89' lang='lat' dir='ltr'><strong>correptus</strong></span> <span class='ocrx_word' id='word_1_464' title='bbox 887 3398 1120 3468; x_wconf 88' lang='lat' dir='ltr'><strong>turpiter</strong></span> <span class='ocrx_word' id='word_1_465' title='bbox 1165 3400 1401 3456; x_wconf 86' lang='lat' dir='ltr'><strong>decessit</strong></span> <span class='ocrx_word' id='word_1_466' title='bbox 1431 3443 1446 3469; x_wconf 91' lang='lat'><strong>,</strong></span> <span class='ocrx_word' id='word_1_467' title='bbox 1501 3400 1802 3458; x_wconf 72' lang='lat' dir='ltr'><strong>factionum</strong></span> 
     </span>
    </p>
   </div>
   <div class='ocr_carea' id='block_1_68' title="bbox 206 3484 1801 3563">
    <p class='ocr_par' dir='ltr' id='par_1_68' title="bbox 206 3484 1801 3563">
     <span class='ocr_line' id='line_1_68' title="bbox 206 3484 1801 3563; baseline 0.011 -27"><span class='ocrx_word' id='word_1_468' title='bbox 206 3496 436 3554; x_wconf 80' lang='lat' dir='ltr'><strong>quoque</strong></span> <span class='ocrx_word' id='word_1_469' title='bbox 493 3484 550 3539; x_wconf 89' lang='lat' dir='ltr'><strong>in</strong></span> <span class='ocrx_word' id='word_1_470' title='bbox 612 3486 898 3544; x_wconf 87' lang='lat' dir='ltr'><strong>dominum</strong></span> <span class='ocrx_word' id='word_1_471' title='bbox 946 3490 1369 3545; x_wconf 86' lang='lat' dir='ltr'><strong>commissarum</strong></span> <span class='ocrx_word' id='word_1_472' title='bbox 1426 3508 1619 3563; x_wconf 66' lang='lat' dir='ltr'><strong>poenas</strong></span> <span class='ocrx_word' id='word_1_473' title='bbox 1680 3494 1801 3553; x_wconf 84' lang='lat' dir='ltr'><strong>luit.</strong></span> 
     </span>
    </p>
   </div>
   <div class='ocr_carea' id='block_1_69' title="bbox 211 3572 1805 3657">
    <p class='ocr_par' dir='ltr' id='par_1_69' title="bbox 211 3572 1805 3657">
     <span class='ocr_line' id='line_1_69' title="bbox 211 3572 1805 3657; baseline 0.01 -27"><span class='ocrx_word' id='word_1_474' title='bbox 211 3572 389 3645; x_wconf 82' lang='lat' dir='ltr'><strong>Cujus</strong></span> <span class='ocrx_word' id='word_1_475' title='bbox 437 3575 627 3634; x_wconf 83' lang='lat' dir='ltr'><strong>Emma</strong></span> <span class='ocrx_word' id='word_1_476' title='bbox 686 3580 951 3653; x_wconf 84' lang='lat' dir='ltr'><strong>principis</strong></span> <span class='ocrx_word' id='word_1_477' title='bbox 1001 3580 1360 3639; x_wconf 88' lang='lat' dir='ltr'><strong>Pictaviensis</strong></span> <span class='ocrx_word' id='word_1_478' title='bbox 1408 3586 1639 3657; x_wconf 81' lang='lat' dir='ltr'><strong>genitrix</strong></span> <span class='ocrx_word' id='word_1_479' title='bbox 1697 3588 1805 3646; x_wconf 82' lang='lat' dir='ltr'><strong>fine</strong></span> 
     </span>
    </p>
   </div>
   <div class='ocr_carea' id='block_1_70' title="bbox 207 3667 1803 3750">
    <p class='ocr_par' dir='ltr' id='par_1_70' title="bbox 207 3667 1803 3750">
     <span class='ocr_line' id='line_1_70' title="bbox 207 3667 1803 3750; baseline 0.008 -27"><span class='ocrx_word' id='word_1_480' title='bbox 207 3667 422 3739; x_wconf 81' lang='lat' dir='ltr'><strong>agnito,</strong></span> <span class='ocrx_word' id='word_1_481' title='bbox 443 3671 583 3727; x_wconf 89' lang='lat' dir='ltr'><strong>clam</strong></span> <span class='ocrx_word' id='word_1_482' title='bbox 614 3673 821 3745; x_wconf 82' lang='lat' dir='ltr'><strong>legatos</strong></span> <span class='ocrx_word' id='word_1_483' title='bbox 841 3675 909 3730; x_wconf 89' lang='lat' dir='ltr'><strong>ad</strong></span> <span class='ocrx_word' id='word_1_484' title='bbox 930 3672 1231 3731; x_wconf 90' lang='lat' dir='ltr'><strong>Candidam</strong></span> <span class='ocrx_word' id='word_1_485' title='bbox 1260 3677 1446 3743; x_wconf 87' lang='lat' dir='ltr'><strong>mittit,</strong></span> <span class='ocrx_word' id='word_1_486' title='bbox 1469 3694 1643 3750; x_wconf 89' lang='lat' dir='ltr'><strong>eaque</strong></span> <span class='ocrx_word' id='word_1_487' title='bbox 1670 3697 1803 3738; x_wconf 87' lang='lat' dir='ltr'><strong>eon-</strong></span> 
     </span>
    </p>
   </div>
   <div class='ocr_carea' id='block_1_71' title="bbox 209 3760 1803 3836">
    <p class='ocr_par' dir='ltr' id='par_1_71' title="bbox 209 3760 1803 3836">
     <span class='ocr_line' id='line_1_71' title="bbox 209 3760 1803 3836; baseline 0.011 -23"><span class='ocrx_word' id='word_1_488' title='bbox 209 3760 381 3825; x_wconf 83' lang='lat' dir='ltr'><strong>sulta,</strong></span> <span class='ocrx_word' id='word_1_489' title='bbox 412 3762 768 3821; x_wconf 79' lang='lat' dir='ltr'><strong>Adalmodem</strong></span> <span class='ocrx_word' id='word_1_490' title='bbox 794 3766 1042 3836; x_wconf 83' lang='lat' dir='ltr'><strong>ejusdem</strong></span> <span class='ocrx_word' id='word_1_491' title='bbox 1069 3765 1329 3825; x_wconf 79' lang='lat' dir='ltr'><strong>Candidze</strong></span> <span class='ocrx_word' id='word_1_492' title='bbox 1374 3768 1544 3826; x_wconf 86' lang='lat' dir='ltr'><strong>filiam</strong></span> <span class='ocrx_word' id='word_1_493' title='bbox 1572 3772 1669 3828; x_wconf 82' lang='lat' dir='ltr'><strong>lilii</strong></span> <span class='ocrx_word' id='word_1_494' title='bbox 1717 3774 1803 3831; x_wconf 90' lang='lat' dir='ltr'><strong>sui</strong></span> 
     </span>
    </p>
   </div>
   <div class='ocr_carea' id='block_1_72' title="bbox 217 3852 1804 3936">
    <p class='ocr_par' dir='ltr' id='par_1_72' title="bbox 217 3852 1804 3936">
     <span class='ocr_line' id='line_1_72' title="bbox 217 3852 1804 3936; baseline 0.011 -32"><span class='ocrx_word' id='word_1_495' title='bbox 217 3852 478 3923; x_wconf 78' lang='lat' dir='ltr'><strong>conjugio</strong></span> <span class='ocrx_word' id='word_1_496' title='bbox 507 3857 756 3912; x_wconf 87' lang='lat' dir='ltr'><strong>sociavit.</strong></span> <span class='ocrx_word' id='word_1_497' title='bbox 781 3856 851 3912; x_wconf 81' lang='lat' dir='ltr'><strong>At</strong></span> <span class='ocrx_word' id='word_1_498' title='bbox 874 3857 1119 3914; x_wconf 80' lang='lat' dir='ltr'><strong>Candida</strong></span> <span class='ocrx_word' id='word_1_499' title='bbox 1144 3859 1288 3916; x_wconf 87' lang='lat' dir='ltr'><strong>haud</strong></span> <span class='ocrx_word' id='word_1_500' title='bbox 1325 3862 1615 3920; x_wconf 90' lang='lat' dir='ltr'><strong>immemor</strong></span> <span class='ocrx_word' id='word_1_501' title='bbox 1637 3881 1804 3936; x_wconf 72' lang='lat' dir='ltr'><strong>sporn-</strong></span> 
     </span>
    </p>
   </div>
   <div class='ocr_carea' id='block_1_73' title="bbox 215 3942 1802 4021">
    <p class='ocr_par' dir='ltr' id='par_1_73' title="bbox 215 3942 1802 4021">
     <span class='ocr_line' id='line_1_73' title="bbox 215 3942 1802 4021; baseline 0.008 -21"><span class='ocrx_word' id='word_1_502' title='bbox 215 3942 390 4002; x_wconf 82' lang='lat' dir='ltr'><strong>sionis</strong></span> <span class='ocrx_word' id='word_1_503' title='bbox 434 3960 548 4001; x_wconf 65' lang='lat' dir='ltr'><strong>suae</strong></span> <span class='ocrx_word' id='word_1_504' title='bbox 583 3961 649 4002; x_wconf 91' lang='lat' dir='ltr'><strong>eo</strong></span> <span class='ocrx_word' id='word_1_505' title='bbox 688 3964 862 4020; x_wconf 89' lang='lat' dir='ltr'><strong>usque</strong></span> <span class='ocrx_word' id='word_1_506' title='bbox 898 3964 1009 4020; x_wconf 90' lang='lat' dir='ltr'><strong>quo</strong></span> <span class='ocrx_word' id='word_1_507' title='bbox 1037 3951 1380 4021; x_wconf 74' lang='lat' dir='ltr'><strong>przedixerat,</strong></span> <span class='ocrx_word' id='word_1_508' title='bbox 1407 3952 1802 4012; x_wconf 87' lang='lat' dir='ltr'><strong>Pictaviensem</strong></span> 
     </span>
    </p>
   </div>
   <div class='ocr_carea' id='block_1_74' title="bbox 213 4036 893 4112">
    <p class='ocr_par' dir='ltr' id='par_1_74' title="bbox 213 4036 893 4112">
     <span class='ocr_line' id='line_1_74' title="bbox 213 4036 893 4112; baseline 0.01 -19"><span class='ocrx_word' id='word_1_509' title='bbox 213 4036 474 4094; x_wconf 88' lang='lat' dir='ltr'><strong>ducatum</strong></span> <span class='ocrx_word' id='word_1_510' title='bbox 504 4043 893 4112; x_wconf 85' lang='lat' dir='ltr'><strong>augmentavit.</strong></span> 
     </span>
    </p>
   </div>
   <div class='ocr_carea' id='block_1_75' title="bbox 287 4127 1803 4210">
    <p class='ocr_par' dir='ltr' id='par_1_75' title="bbox 287 4127 1803 4210">
     <span class='ocr_line' id='line_1_75' title="bbox 287 4127 1803 4210; baseline 0.008 -28"><span class='ocrx_word' id='word_1_511' title='bbox 287 4127 386 4191; x_wconf 83' lang='lat' dir='ltr'><strong>llis</strong></span> <span class='ocrx_word' id='word_1_512' title='bbox 403 4131 638 4201; x_wconf 86' lang='lat' dir='ltr'><strong>denique</strong></span> <span class='ocrx_word' id='word_1_513' title='bbox 665 4139 719 4187; x_wconf 87' lang='lat' dir='ltr'><strong>et</strong></span> <span class='ocrx_word' id='word_1_514' title='bbox 742 4133 1059 4203; x_wconf 86' lang='lat' dir='ltr'><strong>bujusmodi</strong></span> <span class='ocrx_word' id='word_1_515' title='bbox 1101 4138 1563 4208; x_wconf 84' lang='lat' dir='ltr'><strong>prosperitatibus</strong></span> <span class='ocrx_word' id='word_1_516' title='bbox 1599 4138 1803 4210; x_wconf 89' lang='lat' dir='ltr'><strong>princi-</strong></span> 
     </span>
    </p>
   </div>
   <div class='ocr_carea' id='block_1_76' title="bbox 214 4220 1802 4302">
    <p class='ocr_par' dir='ltr' id='par_1_76' title="bbox 214 4220 1802 4302">
     <span class='ocr_line' id='line_1_76' title="bbox 214 4220 1802 4302; baseline 0.008 -27"><span class='ocrx_word' id='word_1_517' title='bbox 214 4220 305 4292; x_wconf 86' lang='lat' dir='ltr'><strong>pis</strong></span> <span class='ocrx_word' id='word_1_518' title='bbox 327 4222 685 4281; x_wconf 78' lang='lat' dir='ltr'><strong>confirmatus</strong></span> <span class='ocrx_word' id='word_1_519' title='bbox 726 4224 781 4280; x_wconf 87' lang='lat' dir='ltr'><strong>in</strong></span> <span class='ocrx_word' id='word_1_520' title='bbox 829 4241 1080 4298; x_wconf 88' lang='lat' dir='ltr'><strong>regnum,</strong></span> <span class='ocrx_word' id='word_1_521' title='bbox 1128 4237 1303 4284; x_wconf 89' lang='lat' dir='ltr'><strong>matre</strong></span> <span class='ocrx_word' id='word_1_522' title='bbox 1351 4240 1695 4302; x_wconf 82' lang='lat' dir='ltr'><strong>suggerente,</strong></span> <span class='ocrx_word' id='word_1_523' title='bbox 1735 4233 1802 4288; x_wconf 87' lang='lat' dir='ltr'><strong>ad</strong></span> 
     </span>
    </p>
   </div>
   <div class='ocr_carea' id='block_1_77' title="bbox 214 4308 1804 4380">
    <p class='ocr_par' dir='ltr' id='par_1_77' title="bbox 214 4308 1804 4380">
     <span class='ocr_line' id='line_1_77' title="bbox 214 4308 1804 4380; baseline 0.008 -13"><span class='ocrx_word' id='word_1_524' title='bbox 214 4308 564 4371; x_wconf 73' lang='lat' dir='ltr'><strong>Malliaeense</strong></span> <span class='ocrx_word' id='word_1_525' title='bbox 598 4319 910 4374; x_wconf 78' lang='lat' dir='ltr'><strong>coenobium</strong></span> <span class='ocrx_word' id='word_1_526' title='bbox 958 4320 1326 4375; x_wconf 78' lang='lat' dir='ltr'><strong>extollendum</strong></span> <span class='ocrx_word' id='word_1_527' title='bbox 1365 4324 1634 4378; x_wconf 87' lang='lat' dir='ltr'><strong>convertit</strong></span> <span class='ocrx_word' id='word_1_528' title='bbox 1687 4333 1804 4380; x_wconf 84' lang='lat' dir='ltr'><strong>stu-</strong></span> 
     </span>
    </p>
   </div>
   <div class='ocr_carea' id='block_1_78' title="bbox 214 4404 1802 4485">
    <p class='ocr_par' dir='ltr' id='par_1_78' title="bbox 214 4404 1802 4485">
     <span class='ocr_line' id='line_1_78' title="bbox 214 4404 1802 4485; baseline 0.008 -26"><span class='ocrx_word' id='word_1_529' title='bbox 214 4404 390 4461; x_wconf 83' lang='lat' dir='ltr'><strong>dium.</strong></span> <span class='ocrx_word' id='word_1_530' title='bbox 424 4406 559 4463; x_wconf 83' lang='lat' dir='ltr'><strong>Nam</strong></span> <span class='ocrx_word' id='word_1_531' title='bbox 587 4424 697 4480; x_wconf 87' lang='lat' dir='ltr'><strong>quo</strong></span> <span class='ocrx_word' id='word_1_532' title='bbox 717 4410 954 4479; x_wconf 86' lang='lat' dir='ltr'><strong>primum</strong></span> <span class='ocrx_word' id='word_1_533' title='bbox 982 4419 1224 4483; x_wconf 89' lang='lat' dir='ltr'><strong>tempore</strong></span> <span class='ocrx_word' id='word_1_534' title='bbox 1250 4422 1406 4484; x_wconf 90' lang='lat' dir='ltr'><strong>pater</strong></span> <span class='ocrx_word' id='word_1_535' title='bbox 1425 4414 1546 4485; x_wconf 89' lang='lat' dir='ltr'><strong>ejus</strong></span> <span class='ocrx_word' id='word_1_536' title='bbox 1572 4417 1638 4471; x_wconf 89' lang='lat' dir='ltr'><strong>ad</strong></span> <span class='ocrx_word' id='word_1_537' title='bbox 1660 4416 1802 4474; x_wconf 90' lang='lat' dir='ltr'><strong>idem</strong></span> 
     </span>
    </p>
   </div>
   <div class='ocr_carea' id='block_1_79' title="bbox 209 4500 1804 4580">
    <p class='ocr_par' dir='ltr' id='par_1_79' title="bbox 209 4500 1804 4580">
     <span class='ocr_line' id='line_1_79' title="bbox 209 4500 1804 4580; baseline 0.008 -27"><span class='ocrx_word' id='word_1_538' title='bbox 209 4500 531 4555; x_wconf 69' lang='lat' dir='ltr'><strong>emnobium</strong></span> <span class='ocrx_word' id='word_1_539' title='bbox 557 4501 936 4558; x_wconf 66' lang='lat' dir='ltr'><strong>aedificandum</strong></span> <span class='ocrx_word' id='word_1_540' title='bbox 955 4504 1241 4576; x_wconf 86' lang='lat' dir='ltr'><strong>conjugem</strong></span> <span class='ocrx_word' id='word_1_541' title='bbox 1266 4521 1445 4573; x_wconf 88' lang='lat' dir='ltr'><strong>suam,</strong></span> <span class='ocrx_word' id='word_1_542' title='bbox 1469 4507 1610 4563; x_wconf 87' lang='lat' dir='ltr'><strong>sicut</strong></span> <span class='ocrx_word' id='word_1_543' title='bbox 1638 4524 1804 4580; x_wconf 87' lang='lat' dir='ltr'><strong>supra</strong></span> 
     </span>
    </p>
   </div>
   <div class='ocr_carea' id='block_1_80' title="bbox 216 4591 1802 4668">
    <p class='ocr_par' dir='ltr' id='par_1_80' title="bbox 216 4591 1802 4668">
     <span class='ocr_line' id='line_1_80' title="bbox 216 4591 1802 4668; baseline 0.008 -22"><span class='ocrx_word' id='word_1_544' title='bbox 216 4591 528 4658; x_wconf 82' lang='lat' dir='ltr'><strong>retulimus,</strong></span> <span class='ocrx_word' id='word_1_545' title='bbox 557 4594 812 4666; x_wconf 88' lang='lat' dir='ltr'><strong>perpulit,</strong></span> <span class='ocrx_word' id='word_1_546' title='bbox 839 4602 1011 4650; x_wconf 89' lang='lat' dir='ltr'><strong>totum</strong></span> <span class='ocrx_word' id='word_1_547' title='bbox 1036 4596 1231 4651; x_wconf 72' lang='lat' dir='ltr'><strong>insulae</strong></span> <span class='ocrx_word' id='word_1_548' title='bbox 1257 4611 1480 4668; x_wconf 89' lang='lat' dir='ltr'><strong>corpus,</strong></span> <span class='ocrx_word' id='word_1_549' title='bbox 1507 4600 1578 4654; x_wconf 91' lang='lat' dir='ltr'><strong>ob</strong></span> <span class='ocrx_word' id='word_1_550' title='bbox 1609 4599 1802 4658; x_wconf 86' lang='lat' dir='ltr'><strong>silvam</strong></span> 
     </span>
    </p>
   </div>
   <div class='ocr_carea' id='block_1_81' title="bbox 211 4680 1805 4761">
    <p class='ocr_par' dir='ltr' id='par_1_81' title="bbox 211 4680 1805 4761">
     <span class='ocr_line' id='line_1_81' title="bbox 211 4680 1805 4761; baseline 0.009 -25"><span class='ocrx_word' id='word_1_551' title='bbox 211 4680 273 4736; x_wconf 82' lang='lat' dir='ltr'><strong>in</strong></span> <span class='ocrx_word' id='word_1_552' title='bbox 309 4697 375 4738; x_wconf 89' lang='lat' dir='ltr'><strong>ea</strong></span> <span class='ocrx_word' id='word_1_553' title='bbox 400 4693 733 4751; x_wconf 87' lang='lat' dir='ltr'><strong>concretam,</strong></span> <span class='ocrx_word' id='word_1_554' title='bbox 787 4697 983 4757; x_wconf 62' lang='lat' dir='ltr'><strong>praeter</strong></span> <span class='ocrx_word' id='word_1_555' title='bbox 1026 4683 1348 4759; x_wconf 87' lang='lat' dir='ltr'><strong>particulam</strong></span> <span class='ocrx_word' id='word_1_556' title='bbox 1400 4691 1690 4761; x_wconf 82' lang='lat' dir='ltr'><strong>quamdam</strong></span> <span class='ocrx_word' id='word_1_557' title='bbox 1736 4694 1805 4751; x_wconf 89' lang='lat' dir='ltr'><strong>ad</strong></span> 
     </span>
    </p>
   </div>
   <div class='ocr_carea' id='block_1_82' title="bbox 214 4772 1806 4857">
    <p class='ocr_par' dir='ltr' id='par_1_82' title="bbox 214 4772 1806 4857">
     <span class='ocr_line' id='line_1_82' title="bbox 214 4772 1806 4857; baseline 0.009 -29"><span class='ocrx_word' id='word_1_558' title='bbox 214 4772 545 4845; x_wconf 77' lang='lat' dir='ltr'><strong>Aquilonem</strong></span> <span class='ocrx_word' id='word_1_559' title='bbox 576 4777 869 4834; x_wconf 78' lang='lat' dir='ltr'><strong>Mariscum</strong></span> <span class='ocrx_word' id='word_1_560' title='bbox 923 4795 954 4834; x_wconf 90' lang='lat' dir='ltr'><strong>a</strong></span> <span class='ocrx_word' id='word_1_561' title='bbox 998 4780 1087 4834; x_wconf 87' lang='lat' dir='ltr'><strong>via</strong></span> <span class='ocrx_word' id='word_1_562' title='bbox 1135 4788 1325 4836; x_wconf 86' lang='lat' dir='ltr'><strong>vocata</strong></span> <span class='ocrx_word' id='word_1_563' title='bbox 1348 4789 1530 4837; x_wconf 89' lang='lat' dir='ltr'><strong>vetere</strong></span> <span class='ocrx_word' id='word_1_564' title='bbox 1576 4799 1806 4857; x_wconf 88' lang='lat' dir='ltr'><strong>vergen-</strong></span> 
     </span>
    </p>
   </div>
   <div class='ocr_carea' id='block_1_83' title="bbox 208 4868 1804 4946">
    <p class='ocr_par' dir='ltr' id='par_1_83' title="bbox 208 4868 1804 4946">
     <span class='ocr_line' id='line_1_83' title="bbox 208 4868 1804 4946; baseline 0.01 -25"><span class='ocrx_word' id='word_1_565' title='bbox 208 4874 350 4933; x_wconf 79' lang='lat' dir='ltr'><strong>tem,</strong></span> <span class='ocrx_word' id='word_1_566' title='bbox 396 4868 501 4923; x_wconf 89' lang='lat' dir='ltr'><strong>sibi</strong></span> <span class='ocrx_word' id='word_1_567' title='bbox 545 4871 782 4926; x_wconf 85' lang='lat' dir='ltr'><strong>venandi</strong></span> <span class='ocrx_word' id='word_1_568' title='bbox 807 4887 972 4926; x_wconf 58' lang='lat' dir='ltr'><strong>causa</strong></span> <span class='ocrx_word' id='word_1_569' title='bbox 1013 4873 1257 4930; x_wconf 88' lang='lat' dir='ltr'><strong>retinuit.</strong></span> <span class='ocrx_word' id='word_1_570' title='bbox 1306 4872 1446 4928; x_wconf 90' lang='lat' dir='ltr'><strong>Tum</strong></span> <span class='ocrx_word' id='word_1_571' title='bbox 1473 4874 1657 4946; x_wconf 83' lang='lat' dir='ltr'><strong>itaque</strong></span> <span class='ocrx_word' id='word_1_572' title='bbox 1692 4879 1804 4937; x_wconf 81' lang='lat' dir='ltr'><strong>dux</strong></span> 
     </span>
    </p>
   </div>
   <div class='ocr_carea' id='block_1_84' title="bbox 212 4958 1802 5041">
    <p class='ocr_par' dir='ltr' id='par_1_84' title="bbox 212 4958 1802 5041">
     <span class='ocr_line' id='line_1_84' title="bbox 212 4958 1802 5041; baseline 0.012 -31"><span class='ocrx_word' id='word_1_573' title='bbox 212 4958 359 5013; x_wconf 85' lang='lat' dir='ltr'><strong>votis</strong></span> <span class='ocrx_word' id='word_1_574' title='bbox 383 4960 486 5031; x_wconf 64' lang='lat' dir='ltr'><strong>piae</strong></span> <span class='ocrx_word' id='word_1_575' title='bbox 516 4961 712 5018; x_wconf 85' lang='lat' dir='ltr'><strong>matris</strong></span> <span class='ocrx_word' id='word_1_576' title='bbox 737 4963 1005 5031; x_wconf 84' lang='lat' dir='ltr'><strong>alludens,</strong></span> <span class='ocrx_word' id='word_1_577' title='bbox 1037 4964 1389 5023; x_wconf 82' lang='lat' dir='ltr'><strong>Turonenses</strong></span> <span class='ocrx_word' id='word_1_578' title='bbox 1412 4963 1632 5034; x_wconf 80' lang='lat' dir='ltr'><strong>fratres.</strong></span> <span class='ocrx_word' id='word_1_579' title='bbox 1657 4985 1802 5041; x_wconf 86' lang='lat' dir='ltr'><strong>quos</strong></span> 
     </span>
    </p>
   </div>
   <div class='ocr_carea' id='block_1_85' title="bbox 208 5050 1807 5127">
    <p class='ocr_par' dir='ltr' id='par_1_85' title="bbox 208 5050 1807 5127">
     <span class='ocr_line' id='line_1_85' title="bbox 208 5050 1807 5127; baseline 0.011 -24"><span class='ocrx_word' id='word_1_580' title='bbox 208 5050 427 5120; x_wconf 78' lang='lat' dir='ltr'><strong>genitor</strong></span> <span class='ocrx_word' id='word_1_581' title='bbox 447 5069 478 5107; x_wconf 91' lang='lat' dir='ltr'><strong>a</strong></span> <span class='ocrx_word' id='word_1_582' title='bbox 503 5052 765 5124; x_wconf 71' lang='lat' dir='ltr'><strong>pracdicto</strong></span> <span class='ocrx_word' id='word_1_583' title='bbox 799 5056 1066 5123; x_wconf 63' lang='lat' dir='ltr'><strong>coenobio,</strong></span> <span class='ocrx_word' id='word_1_584' title='bbox 1098 5060 1281 5116; x_wconf 86' lang='lat' dir='ltr'><strong>causis</strong></span> <span class='ocrx_word' id='word_1_585' title='bbox 1313 5057 1608 5127; x_wconf 68' lang='lat' dir='ltr'><strong>praelibatis</strong></span> <span class='ocrx_word' id='word_1_586' title='bbox 1632 5062 1807 5121; x_wconf 83' lang='lat' dir='ltr'><strong>inter-</strong></span> 
     </span>
    </p>
   </div>
   <div class='ocr_carea' id='block_1_86' title="bbox 208 5140 1807 5228">
    <p class='ocr_par' dir='ltr' id='par_1_86' title="bbox 208 5140 1807 5228">
     <span class='ocr_line' id='line_1_86' title="bbox 208 5140 1807 5228; baseline 0.012 -34"><span class='ocrx_word' id='word_1_587' title='bbox 208 5140 558 5210; x_wconf 87' lang='lat' dir='ltr'><strong>cedentibus,</strong></span> <span class='ocrx_word' id='word_1_588' title='bbox 606 5142 835 5214; x_wconf 81' lang='lat' dir='ltr'><strong>fugarat,</strong></span> <span class='ocrx_word' id='word_1_589' title='bbox 890 5146 1182 5206; x_wconf 84' lang='lat' dir='ltr'><strong>clementer</strong></span> <span class='ocrx_word' id='word_1_590' title='bbox 1215 5149 1513 5215; x_wconf 87' lang='lat' dir='ltr'><strong>revocavit,</strong></span> <span class='ocrx_word' id='word_1_591' title='bbox 1571 5169 1807 5228; x_wconf 77' lang='lat' dir='ltr'><strong>qumque</strong></span> 
     </span>
    </p>
   </div>
   <div class='ocr_carea' id='block_1_87' title="bbox 209 5231 1807 5310">
    <p class='ocr_par' dir='ltr' id='par_1_87' title="bbox 209 5231 1807 5310">
     <span class='ocr_line' id='line_1_87' title="bbox 209 5231 1807 5310; baseline 0.013 -25"><span class='ocrx_word' id='word_1_592' title='bbox 209 5231 368 5307; x_wconf 75' lang='lat' dir='ltr'><strong>prius</strong></span> <span class='ocrx_word' id='word_1_593' title='bbox 389 5235 696 5290; x_wconf 85' lang='lat' dir='ltr'><strong>habuerant</strong></span> <span class='ocrx_word' id='word_1_594' title='bbox 714 5237 968 5305; x_wconf 80' lang='lat' dir='ltr'><strong>restituit,</strong></span> <span class='ocrx_word' id='word_1_595' title='bbox 986 5248 1147 5310; x_wconf 89' lang='lat' dir='ltr'><strong>atque</strong></span> <span class='ocrx_word' id='word_1_596' title='bbox 1167 5258 1264 5299; x_wconf 90' lang='lat' dir='ltr'><strong>eos</strong></span> <span class='ocrx_word' id='word_1_597' title='bbox 1287 5241 1591 5300; x_wconf 77' lang='lat' dir='ltr'><strong>honorifice</strong></span> <span class='ocrx_word' id='word_1_598' title='bbox 1619 5261 1677 5301; x_wconf 90' lang='lat' dir='ltr'><strong>se</strong></span> <span class='ocrx_word' id='word_1_599' title='bbox 1694 5258 1807 5305; x_wconf 87' lang='lat' dir='ltr'><strong>tra-</strong></span> 
     </span>
    </p>
   </div>
   <div class='ocr_carea' id='block_1_88' title="bbox 208 5328 1267 5358">
    <p class='ocr_par' dir='ltr' id='par_1_88' title="bbox 208 5328 1267 5358">
     <span class='ocr_line' id='line_1_88' title="bbox 208 5328 1267 5358; baseline 0 0"><span class='ocrx_word' id='word_1_600' title='bbox 208 5332 485 5358; x_wconf 63' lang='grc' dir='ltr'>Δίαίιιιαιιιη</span> <span class='ocrx_word' id='word_1_601' title='bbox 518 5328 795 5358; x_wconf 64' lang='grc' dir='ltr'><strong>ηηοῆηηδῖι</strong></span> <span class='ocrx_word' id='word_1_602' title='bbox 847 5328 1084 5358; x_wconf 60' lang='grc' dir='ltr'><strong>ΡηΛι-ιιι-ιθ</strong></span> <span class='ocrx_word' id='word_1_603' title='bbox 1118 5334 1192 5358; x_wconf 70' lang='lat' dir='ltr'><strong>:II!</strong></span> <span class='ocrx_word' id='word_1_604' title='bbox 1220 5344 1267 5358; x_wconf 62' lang='grc' dir='ltr'><strong>,Α</strong></span> 
     </span>
    </p>
   </div>
   <div class='ocr_carea' id='block_1_89' title="bbox 1309 5345 1533 5358">
    <p class='ocr_par' dir='ltr' id='par_1_89' title="bbox 1309 5345 1533 5358">
     <span class='ocr_line' id='line_1_89' title="bbox 1309 5345 1533 5358; baseline 0 0"><span class='ocrx_word' id='word_1_605' title='bbox 1309 5345 1533 5358; x_wconf 53' lang='grc' dir='ltr'><strong>’σακε-..ιιι</strong></span> 
     </span>
    </p>
   </div>
   <div class='ocr_carea' id='block_1_90' title="bbox 1904 3029 3494 3118">
    <p class='ocr_par' dir='ltr' id='par_1_90' title="bbox 1904 3029 3494 3118">
     <span class='ocr_line' id='line_1_90' title="bbox 1904 3029 3494 3118; baseline 0.014 -36"><span class='ocrx_word' id='word_1_606' title='bbox 1904 3029 2230 3094; x_wconf 83' lang='lat' dir='ltr'><strong>incolarum,</strong></span> <span class='ocrx_word' id='word_1_607' title='bbox 2263 3030 2331 3086; x_wconf 91' lang='lat' dir='ltr'><strong>ad</strong></span> <span class='ocrx_word' id='word_1_608' title='bbox 2362 3046 2505 3101; x_wconf 84' lang='lat' dir='ltr'><strong>quos</strong></span> <span class='ocrx_word' id='word_1_609' title='bbox 2532 3034 2843 3102; x_wconf 88' lang='lat' dir='ltr'><strong>accedebat,</strong></span> <span class='ocrx_word' id='word_1_610' title='bbox 2865 3031 3081 3096; x_wconf 87' lang='lat' dir='ltr'><strong>animos</strong></span> <span class='ocrx_word' id='word_1_611' title='bbox 3102 3043 3310 3112; x_wconf 88' lang='lat' dir='ltr'><strong>volens,</strong></span> <span class='ocrx_word' id='word_1_612' title='bbox 3340 3063 3494 3118; x_wconf 66' lang='lat' dir='ltr'><strong>quae—</strong></span> 
     </span>
    </p>
   </div>
   <div class='ocr_carea' id='block_1_91' title="bbox 1904 3119 3487 3206">
    <p class='ocr_par' dir='ltr' id='par_1_91' title="bbox 1904 3119 3487 3206">
     <span class='ocr_line' id='line_1_91' title="bbox 1904 3119 3487 3206; baseline 0.013 -31"><span class='ocrx_word' id='word_1_613' title='bbox 1904 3121 2031 3175; x_wconf 86' lang='lat' dir='ltr'><strong>dam</strong></span> <span class='ocrx_word' id='word_1_614' title='bbox 2072 3119 2295 3177; x_wconf 87' lang='lat' dir='ltr'><strong>famulis</strong></span> <span class='ocrx_word' id='word_1_615' title='bbox 2327 3124 2693 3192; x_wconf 82' lang='lat' dir='ltr'><strong>extraneisve,</strong></span> <span class='ocrx_word' id='word_1_616' title='bbox 2731 3127 2891 3197; x_wconf 84' lang='lat' dir='ltr'><strong>quasi</strong></span> <span class='ocrx_word' id='word_1_617' title='bbox 2930 3131 3201 3202; x_wconf 75' lang='lat' dir='ltr'><strong>vecordia,</strong></span> <span class='ocrx_word' id='word_1_618' title='bbox 3248 3147 3487 3206; x_wconf 62' lang='lat' dir='ltr'><strong>praeten-</strong></span> 
     </span>
    </p>
   </div>
   <div class='ocr_carea' id='block_1_92' title="bbox 1869 3212 3485 3286">
    <p class='ocr_par' dir='ltr' id='par_1_92' title="bbox 1869 3212 3485 3286">
     <span class='ocr_line' id='line_1_92' title="bbox 1869 3212 3485 3286; baseline 0.013 -20"><span class='ocrx_word' id='word_1_619' title='bbox 1869 3212 2067 3267; x_wconf 78' lang='lat' dir='ltr'><strong>&quot;debat</strong></span> <span class='ocrx_word' id='word_1_620' title='bbox 2104 3213 2335 3281; x_wconf 85' lang='lat' dir='ltr'><strong>indicia;</strong></span> <span class='ocrx_word' id='word_1_621' title='bbox 2364 3230 2476 3285; x_wconf 92' lang='lat' dir='ltr'><strong>quo</strong></span> <span class='ocrx_word' id='word_1_622' title='bbox 2518 3215 2734 3271; x_wconf 79' lang='lat' dir='ltr'><strong>facilius</strong></span> <span class='ocrx_word' id='word_1_623' title='bbox 2761 3233 2829 3273; x_wconf 81' lang='lat' dir='ltr'><strong>ex</strong></span> <span class='ocrx_word' id='word_1_624' title='bbox 2856 3222 3174 3278; x_wconf 82' lang='lat' dir='ltr'><strong>earumdem</strong></span> <span class='ocrx_word' id='word_1_625' title='bbox 3205 3229 3386 3285; x_wconf 88' lang='lat' dir='ltr'><strong>verbis</strong></span> <span class='ocrx_word' id='word_1_626' title='bbox 3428 3242 3485 3286; x_wconf 87' lang='lat' dir='ltr'><strong>et</strong></span> 
     </span>
    </p>
   </div>
   <div class='ocr_carea' id='block_1_93' title="bbox 1905 3305 3491 3382">
    <p class='ocr_par' dir='ltr' id='par_1_93' title="bbox 1905 3305 3491 3382">
     <span class='ocr_line' id='line_1_93' title="bbox 1905 3305 3491 3382; baseline 0.011 -22"><span class='ocrx_word' id='word_1_627' title='bbox 1905 3305 2094 3375; x_wconf 76' lang='lat' dir='ltr'><strong>gestis,</strong></span> <span class='ocrx_word' id='word_1_628' title='bbox 2126 3305 2345 3361; x_wconf 90' lang='lat' dir='ltr'><strong>virtutis</strong></span> <span class='ocrx_word' id='word_1_629' title='bbox 2372 3322 2439 3361; x_wconf 89' lang='lat' dir='ltr'><strong>an</strong></span> <span class='ocrx_word' id='word_1_630' title='bbox 2468 3307 2855 3366; x_wconf 88' lang='lat' dir='ltr'><strong>imbecillitatis</strong></span> <span class='ocrx_word' id='word_1_631' title='bbox 2888 3311 2989 3366; x_wconf 91' lang='lat' dir='ltr'><strong>viri</strong></span> <span class='ocrx_word' id='word_1_632' title='bbox 3018 3326 3223 3382; x_wconf 88' lang='lat' dir='ltr'><strong>essent,</strong></span> <span class='ocrx_word' id='word_1_633' title='bbox 3254 3319 3384 3375; x_wconf 90' lang='lat' dir='ltr'><strong>dum</strong></span> <span class='ocrx_word' id='word_1_634' title='bbox 3428 3338 3491 3377; x_wconf 84' lang='lat' dir='ltr'><strong>se</strong></span> 
     </span>
    </p>
   </div>
   <div class='ocr_carea' id='block_1_94' title="bbox 1905 3396 3491 3482">
    <p class='ocr_par' dir='ltr' id='par_1_94' title="bbox 1905 3396 3491 3482">
     <span class='ocr_line' id='line_1_94' title="bbox 1905 3396 3491 3482; baseline 0.01 -31"><span class='ocrx_word' id='word_1_635' title='bbox 1905 3411 1971 3452; x_wconf 90' lang='lat' dir='ltr'><strong>ac</strong></span> <span class='ocrx_word' id='word_1_636' title='bbox 2005 3396 2053 3452; x_wconf 90' lang='lat' dir='ltr'><strong>si</strong></span> <span class='ocrx_word' id='word_1_637' title='bbox 2097 3397 2353 3452; x_wconf 89' lang='lat' dir='ltr'><strong>insanum</strong></span> <span class='ocrx_word' id='word_1_638' title='bbox 2395 3399 2754 3465; x_wconf 79' lang='lat' dir='ltr'><strong>attenderem,</strong></span> <span class='ocrx_word' id='word_1_639' title='bbox 2796 3402 2977 3472; x_wconf 87' lang='lat' dir='ltr'><strong>aliqua</strong></span> <span class='ocrx_word' id='word_1_640' title='bbox 3014 3404 3291 3478; x_wconf 85' lang='lat' dir='ltr'><strong>colligeret</strong></span> <span class='ocrx_word' id='word_1_641' title='bbox 3325 3426 3491 3482; x_wconf 85' lang='lat' dir='ltr'><strong>argu-</strong></span> 
     </span>
    </p>
   </div>
   <div class='ocr_carea' id='block_1_95' title="bbox 1906 3488 3491 3574">
    <p class='ocr_par' dir='ltr' id='par_1_95' title="bbox 1906 3488 3491 3574">
     <span class='ocr_line' id='line_1_95' title="bbox 1906 3488 3491 3574; baseline 0.011 -32"><span class='ocrx_word' id='word_1_642' title='bbox 1906 3496 2108 3543; x_wconf 88' lang='lat' dir='ltr'><strong>menta.</strong></span> <span class='ocrx_word' id='word_1_643' title='bbox 2142 3488 2213 3543; x_wconf 80' lang='lat' dir='ltr'><strong>At</strong></span> <span class='ocrx_word' id='word_1_644' title='bbox 2240 3488 2334 3544; x_wconf 91' lang='lat' dir='ltr'><strong>ubi</strong></span> <span class='ocrx_word' id='word_1_645' title='bbox 2368 3490 2533 3560; x_wconf 90' lang='lat' dir='ltr'><strong>paulo</strong></span> <span class='ocrx_word' id='word_1_646' title='bbox 2568 3500 2694 3562; x_wconf 88' lang='lat' dir='ltr'><strong>post</strong></span> <span class='ocrx_word' id='word_1_647' title='bbox 2726 3492 2961 3549; x_wconf 83' lang='lat' dir='ltr'><strong>levitatis</strong></span> <span class='ocrx_word' id='word_1_648' title='bbox 3001 3511 3097 3552; x_wconf 85' lang='lat' dir='ltr'><strong>eos</strong></span> <span class='ocrx_word' id='word_1_649' title='bbox 3139 3508 3491 3574; x_wconf 75' lang='lat' dir='ltr'><strong>ventoszeque</strong></span> 
     </span>
    </p>
   </div>
   <div class='ocr_carea' id='block_1_96' title="bbox 1877 3576 3490 3668">
    <p class='ocr_par' dir='ltr' id='par_1_96' title="bbox 1877 3576 3490 3668">
     <span class='ocr_line' id='line_1_96' title="bbox 1877 3576 3490 3668; baseline 0.012 -34"><span class='ocrx_word' id='word_1_650' title='bbox 1877 3576 2179 3650; x_wconf 68' lang='lat' dir='ltr'><strong>&#39;jactantias</strong></span> <span class='ocrx_word' id='word_1_651' title='bbox 2226 3582 2371 3637; x_wconf 88' lang='lat' dir='ltr'><strong>malo</strong></span> <span class='ocrx_word' id='word_1_652' title='bbox 2438 3582 2689 3640; x_wconf 84' lang='lat' dir='ltr'><strong>laborare</strong></span> <span class='ocrx_word' id='word_1_653' title='bbox 2740 3586 3143 3657; x_wconf 84' lang='lat' dir='ltr'><strong>animadvertit,</strong></span> <span class='ocrx_word' id='word_1_654' title='bbox 3205 3600 3317 3650; x_wconf 89' lang='lat' dir='ltr'><strong>tum</strong></span> <span class='ocrx_word' id='word_1_655' title='bbox 3376 3612 3490 3668; x_wconf 87' lang='lat' dir='ltr'><strong>quo</strong></span> 
     </span>
    </p>
   </div>
   <div class='ocr_carea' id='block_1_97' title="bbox 1905 3677 3490 3751">
    <p class='ocr_par' dir='ltr' id='par_1_97' title="bbox 1905 3677 3490 3751">
     <span class='ocr_line' id='line_1_97' title="bbox 1905 3677 3490 3751; baseline 0.012 -23"><span class='ocrx_word' id='word_1_656' title='bbox 1905 3682 2066 3745; x_wconf 87' lang='lat' dir='ltr'><strong>pacto</strong></span> <span class='ocrx_word' id='word_1_657' title='bbox 2089 3688 2279 3729; x_wconf 89' lang='lat' dir='ltr'><strong>eorum</strong></span> <span class='ocrx_word' id='word_1_658' title='bbox 2304 3689 2560 3747; x_wconf 86' lang='lat' dir='ltr'><strong>pompam</strong></span> <span class='ocrx_word' id='word_1_659' title='bbox 2590 3677 2874 3734; x_wconf 89' lang='lat' dir='ltr'><strong>tolerando</strong></span> <span class='ocrx_word' id='word_1_660' title='bbox 2900 3683 3202 3751; x_wconf 84' lang='lat' dir='ltr'><strong>quamlibet</strong></span> <span class='ocrx_word' id='word_1_661' title='bbox 3231 3687 3490 3748; x_wconf 76' lang='lat' dir='ltr'><strong>amicitia:</strong></span> 
     </span>
    </p>
   </div>
   <div class='ocr_carea' id='block_1_98' title="bbox 1906 3765 3489 3850">
    <p class='ocr_par' dir='ltr' id='par_1_98' title="bbox 1906 3765 3489 3850">
     <span class='ocr_line' id='line_1_98' title="bbox 1906 3765 3489 3850; baseline 0.01 -28"><span class='ocrx_word' id='word_1_662' title='bbox 1906 3781 2020 3822; x_wconf 69' lang='lat' dir='ltr'><strong>suae</strong></span> <span class='ocrx_word' id='word_1_663' title='bbox 2052 3765 2370 3839; x_wconf 77' lang='lat' dir='ltr'><strong>adiungeret</strong></span> <span class='ocrx_word' id='word_1_664' title='bbox 2399 3776 2733 3838; x_wconf 88' lang='lat' dir='ltr'><strong>pertractare</strong></span> <span class='ocrx_word' id='word_1_665' title='bbox 2756 3772 2938 3843; x_wconf 85' lang='lat' dir='ltr'><strong>coepit.</strong></span> <span class='ocrx_word' id='word_1_666' title='bbox 2969 3773 3035 3828; x_wconf 89' lang='lat' dir='ltr'><strong>Et</strong></span> <span class='ocrx_word' id='word_1_667' title='bbox 3059 3776 3276 3846; x_wconf 89' lang='lat' dir='ltr'><strong>quidem</strong></span> <span class='ocrx_word' id='word_1_668' title='bbox 3303 3790 3489 3850; x_wconf 83' lang='lat' dir='ltr'><strong>poten-</strong></span> 
     </span>
    </p>
   </div>
   <div class='ocr_carea' id='block_1_99' title="bbox 1892 3857 3492 3939">
    <p class='ocr_par' dir='ltr' id='par_1_99' title="bbox 1892 3857 3492 3939">
     <span class='ocr_line' id='line_1_99' title="bbox 1892 3857 3492 3939; baseline 0.01 -27"><span class='ocrx_word' id='word_1_669' title='bbox 1892 3857 2043 3915; x_wconf 77' lang='lat' dir='ltr'><strong>tium</strong></span> <span class='ocrx_word' id='word_1_670' title='bbox 2078 3858 2255 3915; x_wconf 85' lang='lat' dir='ltr'><strong>fastus</strong></span> <span class='ocrx_word' id='word_1_671' title='bbox 2288 3860 2608 3919; x_wconf 87' lang='lat' dir='ltr'><strong>muneribus</strong></span> <span class='ocrx_word' id='word_1_672' title='bbox 2654 3862 2926 3939; x_wconf 80' lang='lat' dir='ltr'><strong>interdum</strong></span> <span class='ocrx_word' id='word_1_673' title='bbox 2961 3865 3245 3936; x_wconf 86' lang='lat' dir='ltr'><strong>placabat;</strong></span> <span class='ocrx_word' id='word_1_674' title='bbox 3285 3873 3492 3930; x_wconf 86' lang='lat' dir='ltr'><strong>medio-</strong></span> 
     </span>
    </p>
   </div>
   <div class='ocr_carea' id='block_1_100' title="bbox 1904 3952 3489 4022">
    <p class='ocr_par' dir='ltr' id='par_1_100' title="bbox 1904 3952 3489 4022">
     <span class='ocr_line' id='line_1_100' title="bbox 1904 3952 3489 4022; baseline 0.009 -16"><span class='ocrx_word' id='word_1_675' title='bbox 1904 3952 2082 4007; x_wconf 89' lang='lat' dir='ltr'><strong>crium</strong></span> <span class='ocrx_word' id='word_1_676' title='bbox 2111 3966 2241 4007; x_wconf 88' lang='lat' dir='ltr'><strong>vero</strong></span> <span class='ocrx_word' id='word_1_677' title='bbox 2261 3960 2376 4007; x_wconf 88' lang='lat' dir='ltr'><strong>tum</strong></span> <span class='ocrx_word' id='word_1_678' title='bbox 2404 3952 2513 4008; x_wconf 89' lang='lat' dir='ltr'><strong>leni</strong></span> <span class='ocrx_word' id='word_1_679' title='bbox 2538 3954 2932 4022; x_wconf 85' lang='lat' dir='ltr'><strong>moderatione,</strong></span> <span class='ocrx_word' id='word_1_680' title='bbox 2960 3965 3076 4012; x_wconf 93' lang='lat' dir='ltr'><strong>tum</strong></span> <span class='ocrx_word' id='word_1_681' title='bbox 3110 3961 3489 4020; x_wconf 73' lang='lat' dir='ltr'><strong>exhortatorio</strong></span> 
     </span>
    </p>
   </div>
   <div class='ocr_carea' id='block_1_101' title="bbox 1905 4041 3489 4124">
    <p class='ocr_par' dir='ltr' id='par_1_101' title="bbox 1905 4041 3489 4124">
     <span class='ocr_line' id='line_1_101' title="bbox 1905 4041 3489 4124; baseline 0.008 -23"><span class='ocrx_word' id='word_1_682' title='bbox 1905 4041 2160 4101; x_wconf 80' lang='lat' dir='ltr'><strong>sermone</strong></span> <span class='ocrx_word' id='word_1_683' title='bbox 2205 4044 2618 4113; x_wconf 45' lang='lat' dir='ltr'><strong>complanabat‘;</strong></span> <span class='ocrx_word' id='word_1_684' title='bbox 2670 4046 2942 4117; x_wconf 66' lang='lat' dir='ltr'><strong>praecipue</strong></span> <span class='ocrx_word' id='word_1_685' title='bbox 2998 4057 3180 4105; x_wconf 90' lang='lat' dir='ltr'><strong>autem</strong></span> <span class='ocrx_word' id='word_1_686' title='bbox 3226 4054 3489 4124; x_wconf 83' lang='lat' dir='ltr'><strong>subjectis</strong></span> 
     </span>
    </p>
   </div>
   <div class='ocr_carea' id='block_1_102' title="bbox 1905 4135 3484 4206">
    <p class='ocr_par' dir='ltr' id='par_1_102' title="bbox 1905 4135 3484 4206">
     <span class='ocr_line' id='line_1_102' title="bbox 1905 4135 3484 4206; baseline 0.006 -14"><span class='ocrx_word' id='word_1_687' title='bbox 1905 4136 2009 4192; x_wconf 87' lang='lat' dir='ltr'><strong>sibi</strong></span> <span class='ocrx_word' id='word_1_688' title='bbox 2040 4135 2302 4191; x_wconf 88' lang='lat' dir='ltr'><strong>fratribus</strong></span> <span class='ocrx_word' id='word_1_689' title='bbox 2331 4152 2561 4206; x_wconf 70' lang='lat' dir='ltr'><strong>qumque</strong></span> <span class='ocrx_word' id='word_1_690' title='bbox 2595 4140 2901 4194; x_wconf 80' lang='lat' dir='ltr'><strong>necessaria</strong></span> <span class='ocrx_word' id='word_1_691' title='bbox 2932 4141 3260 4199; x_wconf 74' lang='lat' dir='ltr'><strong>sufﬁcienter</strong></span> <span class='ocrx_word' id='word_1_692' title='bbox 3287 4146 3484 4202; x_wconf 88' lang='lat' dir='ltr'><strong>admo-</strong></span> 
     </span>
    </p>
   </div>
   <div class='ocr_carea' id='block_1_103' title="bbox 1905 4227 3494 4306">
    <p class='ocr_par' dir='ltr' id='par_1_103' title="bbox 1905 4227 3494 4306">
     <span class='ocr_line' id='line_1_103' title="bbox 1905 4227 3494 4306; baseline 0.009 -24"><span class='ocrx_word' id='word_1_693' title='bbox 1905 4228 2036 4282; x_wconf 91' lang='lat' dir='ltr'><strong>dum</strong></span> <span class='ocrx_word' id='word_1_694' title='bbox 2063 4238 2118 4283; x_wconf 91' lang='lat' dir='ltr'><strong>et</strong></span> <span class='ocrx_word' id='word_1_695' title='bbox 2138 4228 2377 4282; x_wconf 87' lang='lat' dir='ltr'><strong>humane</strong></span> <span class='ocrx_word' id='word_1_696' title='bbox 2407 4227 2773 4297; x_wconf 84' lang='lat' dir='ltr'><strong>impendebat,</strong></span> <span class='ocrx_word' id='word_1_697' title='bbox 2802 4240 2857 4285; x_wconf 87' lang='lat' dir='ltr'><strong>et</strong></span> <span class='ocrx_word' id='word_1_698' title='bbox 2900 4233 2975 4287; x_wconf 87' lang='lat' dir='ltr'><strong>ita</strong></span> <span class='ocrx_word' id='word_1_699' title='bbox 3020 4234 3316 4306; x_wconf 86' lang='lat' dir='ltr'><strong>unicuique</strong></span> <span class='ocrx_word' id='word_1_700' title='bbox 3360 4246 3494 4297; x_wconf 82' lang='lat' dir='ltr'><strong>sese</strong></span> 
     </span>
    </p>
   </div>
   <div class='ocr_carea' id='block_1_104' title="bbox 1906 4318 3490 4398">
    <p class='ocr_par' dir='ltr' id='par_1_104' title="bbox 1906 4318 3490 4398">
     <span class='ocr_line' id='line_1_104' title="bbox 1906 4318 3490 4398; baseline 0.009 -25"><span class='ocrx_word' id='word_1_701' title='bbox 1906 4319 2186 4375; x_wconf 90' lang='lat' dir='ltr'><strong>liberalem</strong></span> <span class='ocrx_word' id='word_1_702' title='bbox 2212 4326 2375 4388; x_wconf 89' lang='lat' dir='ltr'><strong>atque</strong></span> <span class='ocrx_word' id='word_1_703' title='bbox 2402 4318 2633 4375; x_wconf 85' lang='lat' dir='ltr'><strong>hilarem</strong></span> <span class='ocrx_word' id='word_1_704' title='bbox 2656 4325 2987 4392; x_wconf 78' lang='lat' dir='ltr'><strong>ostentabat,</strong></span> <span class='ocrx_word' id='word_1_705' title='bbox 3013 4335 3076 4380; x_wconf 88' lang='lat' dir='ltr'><strong>ut</strong></span> <span class='ocrx_word' id='word_1_706' title='bbox 3107 4328 3354 4398; x_wconf 72' lang='lat' dir='ltr'><strong>singulas</strong></span> <span class='ocrx_word' id='word_1_707' title='bbox 3389 4347 3490 4389; x_wconf 58' lang='lat' dir='ltr'><strong>eo-</strong></span> 
     </span>
    </p>
   </div>
   <div class='ocr_carea' id='block_1_105' title="bbox 1904 4411 3485 4493">
    <p class='ocr_par' dir='ltr' id='par_1_105' title="bbox 1904 4411 3485 4493">
     <span class='ocr_line' id='line_1_105' title="bbox 1904 4411 3485 4493; baseline 0.012 -28"><span class='ocrx_word' id='word_1_708' title='bbox 1904 4428 2028 4467; x_wconf 89' lang='lat' dir='ltr'><strong>rum</strong></span> <span class='ocrx_word' id='word_1_709' title='bbox 2055 4412 2291 4493; x_wconf 85' lang='lat' dir='ltr'><strong>amplius</strong></span> <span class='ocrx_word' id='word_1_710' title='bbox 2317 4411 2529 4467; x_wconf 60' lang='lat' dir='ltr'><strong>caeteris</strong></span> <span class='ocrx_word' id='word_1_711' title='bbox 2556 4414 2626 4468; x_wconf 87' lang='lat' dir='ltr'><strong>ab</strong></span> <span class='ocrx_word' id='word_1_712' title='bbox 2650 4428 2717 4468; x_wconf 92' lang='lat' dir='ltr'><strong>eo</strong></span> <span class='ocrx_word' id='word_1_713' title='bbox 2743 4431 2801 4471; x_wconf 91' lang='lat' dir='ltr'><strong>se</strong></span> <span class='ocrx_word' id='word_1_714' title='bbox 2840 4418 2991 4490; x_wconf 76' lang='lat' dir='ltr'><strong>diligi</strong></span> <span class='ocrx_word' id='word_1_715' title='bbox 3021 4422 3185 4478; x_wconf 85' lang='lat' dir='ltr'><strong>corde</strong></span> <span class='ocrx_word' id='word_1_716' title='bbox 3218 4424 3485 4493; x_wconf 87' lang='lat' dir='ltr'><strong>crederet.</strong></span> 
     </span>
    </p>
   </div>
   <div class='ocr_carea' id='block_1_106' title="bbox 1903 4488 3486 4591">
    <p class='ocr_par' dir='ltr' id='par_1_106' title="bbox 1903 4488 3486 4591">
     <span class='ocr_line' id='line_1_106' title="bbox 1903 4488 3486 4591; baseline 0.013 -34"><span class='ocrx_word' id='word_1_717' title='bbox 1903 4502 2153 4575; x_wconf 87' lang='lat' dir='ltr'><strong>Cumque</strong></span> <span class='ocrx_word' id='word_1_718' title='bbox 2192 4488 2279 4559; x_wconf 86' lang='lat' dir='ltr'><strong>his</strong></span> <span class='ocrx_word' id='word_1_719' title='bbox 2335 4512 2390 4560; x_wconf 90' lang='lat' dir='ltr'><strong>et</strong></span> <span class='ocrx_word' id='word_1_720' title='bbox 2425 4504 2741 4575; x_wconf 77' lang='lat' dir='ltr'><strong>bujusmodi</strong></span> <span class='ocrx_word' id='word_1_721' title='bbox 2776 4508 2921 4565; x_wconf 90' lang='lat' dir='ltr'><strong>domi</strong></span> <span class='ocrx_word' id='word_1_722' title='bbox 2948 4488 3211 4587; x_wconf 69' lang='lat' dir='ltr'><strong>forisque</strong></span> <span class='ocrx_word' id='word_1_723' title='bbox 3244 4488 3486 4591; x_wconf 83' lang='lat' dir='ltr'><strong>floreret,</strong></span> 
     </span>
    </p>
   </div>
   <div class='ocr_carea' id='block_1_107' title="bbox 1905 4592 3492 4680">
    <p class='ocr_par' dir='ltr' id='par_1_107' title="bbox 1905 4592 3492 4680">
     <span class='ocr_line' id='line_1_107' title="bbox 1905 4592 3492 4680; baseline 0.011 -30"><span class='ocrx_word' id='word_1_724' title='bbox 1905 4592 2160 4668; x_wconf 86' lang='lat' dir='ltr'><strong>famaque</strong></span> <span class='ocrx_word' id='word_1_725' title='bbox 2191 4597 2485 4668; x_wconf 87' lang='lat' dir='ltr'><strong>probitatis</strong></span> <span class='ocrx_word' id='word_1_726' title='bbox 2523 4600 2643 4670; x_wconf 88' lang='lat' dir='ltr'><strong>ejus</strong></span> <span class='ocrx_word' id='word_1_727' title='bbox 2694 4601 2852 4675; x_wconf 81' lang='lat' dir='ltr'><strong>longe</strong></span> <span class='ocrx_word' id='word_1_728' title='bbox 2906 4603 3121 4680; x_wconf 77' lang='lat' dir='ltr'><strong>lateque</strong></span> <span class='ocrx_word' id='word_1_729' title='bbox 3161 4625 3492 4680; x_wconf 75' lang='lat' dir='ltr'><strong>percurrens</strong></span> 
     </span>
    </p>
   </div>
   <div class='ocr_carea' id='block_1_108' title="bbox 1904 4689 3501 4777">
    <p class='ocr_par' dir='ltr' id='par_1_108' title="bbox 1904 4689 3501 4777">
     <span class='ocr_line' id='line_1_108' title="bbox 1904 4689 3501 4777; baseline 0.014 -35"><span class='ocrx_word' id='word_1_730' title='bbox 1904 4704 2006 4759; x_wconf 76' lang='lat' dir='ltr'><strong>nec</strong></span> <span class='ocrx_word' id='word_1_731' title='bbox 2042 4689 2219 4761; x_wconf 91' lang='lat' dir='ltr'><strong>ipsum</strong></span> <span class='ocrx_word' id='word_1_732' title='bbox 2249 4697 2407 4748; x_wconf 69' lang='lat' dir='ltr'><strong>terrze</strong></span> <span class='ocrx_word' id='word_1_733' title='bbox 2432 4691 2626 4750; x_wconf 85' lang='lat' dir='ltr'><strong>ducem</strong></span> <span class='ocrx_word' id='word_1_734' title='bbox 2651 4695 2862 4762; x_wconf 88' lang='lat' dir='ltr'><strong>lateret,</strong></span> <span class='ocrx_word' id='word_1_735' title='bbox 2898 4698 2992 4752; x_wconf 79' lang='lat' dir='ltr'><strong>sed</strong></span> <span class='ocrx_word' id='word_1_736' title='bbox 3018 4702 3185 4758; x_wconf 87' lang='lat' dir='ltr'><strong>etiam</strong></span> <span class='ocrx_word' id='word_1_737' title='bbox 3235 4701 3501 4777; x_wconf 59' lang='lat' dir='ltr'><strong>alloquiis</strong></span> 
     </span>
    </p>
   </div>
   <div class='ocr_carea' id='block_1_109' title="bbox 1905 4782 3510 4866">
    <p class='ocr_par' dir='ltr' id='par_1_109' title="bbox 1905 4782 3510 4866">
     <span class='ocr_line' id='line_1_109' title="bbox 1905 4782 3510 4866; baseline 0.011 -31"><span class='ocrx_word' id='word_1_738' title='bbox 1905 4782 2024 4853; x_wconf 85' lang='lat' dir='ltr'><strong>ejus</strong></span> <span class='ocrx_word' id='word_1_739' title='bbox 2064 4782 2366 4854; x_wconf 65' lang='lat' dir='ltr'><strong>saepissime</strong></span> <span class='ocrx_word' id='word_1_740' title='bbox 2409 4783 2665 4853; x_wconf 84' lang='lat' dir='ltr'><strong>privatim</strong></span> <span class='ocrx_word' id='word_1_741' title='bbox 2694 4798 2749 4843; x_wconf 92' lang='lat' dir='ltr'><strong>et</strong></span> <span class='ocrx_word' id='word_1_742' title='bbox 2785 4789 3001 4860; x_wconf 85' lang='lat' dir='ltr'><strong>publice</strong></span> <span class='ocrx_word' id='word_1_743' title='bbox 3042 4802 3320 4858; x_wconf 79' lang='lat' dir='ltr'><strong>uteretur;</strong></span> <span class='ocrx_word' id='word_1_744' title='bbox 3367 4811 3510 4866; x_wconf 68' lang='lat' dir='ltr'><strong>post.</strong></span> 
     </span>
    </p>
   </div>
   <div class='ocr_carea' id='block_1_110' title="bbox 1901 4872 3526 4961">
    <p class='ocr_par' dir='ltr' id='par_1_110' title="bbox 1901 4872 3526 4961">
     <span class='ocr_line' id='line_1_110' title="bbox 1901 4872 3526 4961; baseline 0.01 -32"><span class='ocrx_word' id='word_1_745' title='bbox 1901 4872 2248 4948; x_wconf 80' lang='lat' dir='ltr'><strong>aliquantum</strong></span> <span class='ocrx_word' id='word_1_746' title='bbox 2290 4875 2556 4945; x_wconf 88' lang='lat' dir='ltr'><strong>temporis</strong></span> <span class='ocrx_word' id='word_1_747' title='bbox 2599 4880 2741 4951; x_wconf 84' lang='lat' dir='ltr'><strong>apud</strong></span> <span class='ocrx_word' id='word_1_748' title='bbox 2786 4881 3042 4940; x_wconf 85' lang='lat' dir='ltr'><strong>abbatem</strong></span> <span class='ocrx_word' id='word_1_749' title='bbox 3089 4899 3251 4942; x_wconf 85' lang='lat' dir='ltr'><strong>suum</strong></span> <span class='ocrx_word' id='word_1_750' title='bbox 3292 4883 3526 4961; x_wconf 62' lang='lat' dir='ltr'><strong>invidia</strong></span> 
     </span>
    </p>
   </div>
   <div class='ocr_carea' id='block_1_111' title="bbox 1905 4969 3537 5052">
    <p class='ocr_par' dir='ltr' id='par_1_111' title="bbox 1905 4969 3537 5052">
     <span class='ocr_line' id='line_1_111' title="bbox 1905 4969 3537 5052; baseline 0.005 -28"><span class='ocrx_word' id='word_1_751' title='bbox 1905 4970 2210 5028; x_wconf 82' lang='lat' dir='ltr'><strong>delatorum</strong></span> <span class='ocrx_word' id='word_1_752' title='bbox 2250 4984 2317 5026; x_wconf 87' lang='lat' dir='ltr'><strong>ac</strong></span> <span class='ocrx_word' id='word_1_753' title='bbox 2342 4969 2388 5026; x_wconf 88' lang='lat' dir='ltr'><strong>si</strong></span> <span class='ocrx_word' id='word_1_754' title='bbox 2433 4975 2701 5041; x_wconf 76' lang='lat' dir='ltr'><strong>tyrannus</strong></span> <span class='ocrx_word' id='word_1_755' title='bbox 2748 4980 3065 5045; x_wconf 79' lang='lat' dir='ltr'><strong>accusatur,</strong></span> <span class='ocrx_word' id='word_1_756' title='bbox 3096 4973 3537 5052; x_wconf 53' lang='lat' dir='ltr'><strong>liberalitasque</strong></span> 
     </span>
    </p>
   </div>
   <div class='ocr_carea' id='block_1_112' title="bbox 1905 5060 3537 5146">
    <p class='ocr_par' dir='ltr' id='par_1_112' title="bbox 1905 5060 3537 5146">
     <span class='ocr_line' id='line_1_112' title="bbox 1905 5060 3537 5146; baseline 0.002 -27"><span class='ocrx_word' id='word_1_757' title='bbox 1905 5063 2027 5134; x_wconf 88' lang='lat' dir='ltr'><strong>ejus</strong></span> <span class='ocrx_word' id='word_1_758' title='bbox 2054 5067 2108 5121; x_wconf 93' lang='lat' dir='ltr'><strong>in</strong></span> <span class='ocrx_word' id='word_1_759' title='bbox 2137 5060 2457 5123; x_wconf 82' lang='lat' dir='ltr'><strong>ambitionis</strong></span> <span class='ocrx_word' id='word_1_760' title='bbox 2485 5075 2697 5132; x_wconf 86' lang='lat' dir='ltr'><strong>partem</strong></span> <span class='ocrx_word' id='word_1_761' title='bbox 2724 5063 3043 5136; x_wconf 86' lang='lat' dir='ltr'><strong>aseribitur,</strong></span> <span class='ocrx_word' id='word_1_762' title='bbox 3086 5068 3342 5142; x_wconf 80' lang='lat' dir='ltr'><strong>quodque</strong></span> <span class='ocrx_word' id='word_1_763' title='bbox 3384 5087 3537 5146; x_wconf 58' lang='lat' dir='ltr'><strong>eam</strong></span> 
     </span>
    </p>
   </div>
   <div class='ocr_carea' id='block_1_113' title="bbox 1907 5154 3546 5235">
    <p class='ocr_par' dir='ltr' id='par_1_113' title="bbox 1907 5154 3546 5235">
     <span class='ocr_line' id='line_1_113' title="bbox 1907 5154 3546 5235; baseline 0.005 -25"><span class='ocrx_word' id='word_1_764' title='bbox 1907 5172 2016 5213; x_wconf 90' lang='lat' dir='ltr'><strong>non</strong></span> <span class='ocrx_word' id='word_1_765' title='bbox 2049 5174 2215 5219; x_wconf 84' lang='lat' dir='ltr'><strong>causa</strong></span> <span class='ocrx_word' id='word_1_766' title='bbox 2245 5154 2485 5233; x_wconf 81' lang='lat' dir='ltr'><strong>Domini,</strong></span> <span class='ocrx_word' id='word_1_767' title='bbox 2522 5161 2660 5229; x_wconf 83' lang='lat' dir='ltr'><strong>quin</strong></span> <span class='ocrx_word' id='word_1_768' title='bbox 2700 5157 2886 5229; x_wconf 89' lang='lat' dir='ltr'><strong>potius</strong></span> <span class='ocrx_word' id='word_1_769' title='bbox 2916 5160 3239 5231; x_wconf 84' lang='lat' dir='ltr'><strong>acquirendi</strong></span> <span class='ocrx_word' id='word_1_770' title='bbox 3276 5158 3546 5235; x_wconf 65' lang='lat' dir='ltr'><strong>bononS</strong></span> 
     </span>
    </p>
   </div>
   <div class='ocr_carea' id='block_1_114' title="bbox 1906 5246 3552 5328">
    <p class='ocr_par' dir='ltr' id='par_1_114' title="bbox 1906 5246 3552 5328">
     <span class='ocr_line' id='line_1_114' title="bbox 1906 5246 3552 5328; baseline 0.004 -23"><span class='ocrx_word' id='word_1_771' title='bbox 1906 5246 2084 5325; x_wconf 80' lang='lat' dir='ltr'><strong>gratia</strong></span> <span class='ocrx_word' id='word_1_772' title='bbox 2137 5256 2425 5314; x_wconf 83' lang='lat' dir='ltr'><strong>exerceat,</strong></span> <span class='ocrx_word' id='word_1_773' title='bbox 2483 5249 2822 5322; x_wconf 71' lang='lat' dir='ltr'><strong>divulgatum</strong></span> <span class='ocrx_word' id='word_1_774' title='bbox 2880 5248 3139 5311; x_wconf 78' lang='lat' dir='ltr'><strong>habetur.</strong></span> <span class='ocrx_word' id='word_1_775' title='bbox 3194 5250 3291 5308; x_wconf 80' lang='lat' dir='ltr'><strong>llis</strong></span> <span class='ocrx_word' id='word_1_776' title='bbox 3347 5253 3552 5328; x_wconf 49' lang='lat' dir='ltr'><strong>igitur</strong></span> 
     </span>
    </p>
   </div>
  </div>
