4050 5358
575 206 720 264 {259

1648 192 1651 199 “
1677 196 1883 253 PETRI
1920 190 2448 251 MALLEACENSIS
2480 188 2791 249 MONACHI

3721 184 3851 242 i260

528 346 531 349 λ
573 323 671 380 vit.
710 320 1028 379 Aceelerato
1078 317 1349 390 siquidem
1393 315 1588 373 itinere
1629 314 1770 370 clam
1814 307 2160 382 Burgulicnsi
2191 322 2236 378 Α
2260 306 2521 377 quoniam
2548 304 2766 376 quidem
2802 300 2941 358 nihil
2968 298 3131 373 justa:
3152 299 3511 373 querimonia:
3537 316 3673 373 erga
3716 300 3850 355 male

576 414 864 489 emnobio,
901 413 990 468 cui
1016 422 1071 468 et
1097 418 1346 483 pneerat,
1377 423 1438 464 se
1464 406 1769 472 excutiens,
1809 394 2161 487 Pictavorum

577 488 717 566 fines
745 506 1065 577 ingreditur,
1093 502 1317 558 fratrem
1354 514 1575 570 quoque
1621 487 1937 553 accusatum
1973 484 2162 547 nimiis

549 594 553 598 ’
576 600 854 673 proﬂigari
873 596 1238 661 contumeliis,
1255 593 1367 664 jam
1394 590 1582 662 patulo
1604 589 1909 644 minitatur.
1936 583 2163 639 Postera

576 693 839 748 nimirum
867 690 956 745 die
984 689 1037 743 in
1066 687 1303 759 quadam
1348 680 1723 754 Burguliensis
1751 677 1988 735 cuinobii
2026 675 2162 730 cella

562 785 873 851 divertcns,
896 795 1019 852 quae
1040 776 1405 834 Malliacensis
1432 774 1676 830 ecclesia:
1702 770 1933 826 habetur
1961 766 2159 833 amnis,

560 854 850 930 industria
906 871 1271 943 quorumdam
1319 884 1379 924 se
1423 865 1726 922 amantium
1771 869 1930 917 nocte
1971 860 2162 915 eadem

558 967 695 1022 *viro
727 965 822 1021 Dei
853 962 1188 1019 Theodelino
1222 958 1490 1032 patefiunt
1516 956 1677 1012 mina:
1705 963 1760 1011 et
1789 953 1915 1009 odia
1951 951 2161 1024 proprii

552 1059 811 1115 Labeatis.
872 1054 1030 1131 Mane
1068 1054 1253 1124 itaque
1295 1052 1460 1119 facto,
1500 1048 1805 1105 fortissimo
1833 1060 2021 1101 rerum
2054 1042 2163 1097 Do-

578 1150 730 1205 ntino
757 1150 1033 1212 invocato,
1076 1144 1349 1214 simulque
1372 1142 1610 1213 puritate
1642 1139 1994 1196 conscientiae
2030 1150 2163 1191 con-

576 1242 733 1306 ﬁsus,
783 1247 1047 1310 apparatu
1092 1235 1307 1291 venturi
1355 1234 1534 1288 Patris
1580 1230 1892 1287 necessario
1939 1226 2161 1282 famulis

546 1330 903 1397 commisso,
930 1340 1237 1385 conscenso
1264 1342 1406 1395 equo
1429 1325 1650 1380 obviare
1675 1323 1724 1379 ei
1753 1319 1963 1377 studuit
1999 1318 2163 1374 corde

576 1423 1047 1482 constantissimo.
1095 1418 1344 1489 Cumque
1384 1433 1494 1472 non
1538 1416 1703 1486 longe
1731 1412 2093 1485 processisset
2129 1425 2161 1464 a

577 1515 913 1572 monasterio
941 1512 1103 1567 Patre
1129 1511 1312 1576 obvio,
1342 1525 1485 1579 equo
1512 1492 1602 1564 cui
1638 1506 1932 1573 insederat,
1974 1502 2159 1574 negle-

577 1616 686 1675 διο,
739 1614 854 1661 toto
900 1618 1130 1675 corpore
1182 1603 1241 1657 in
1284 1601 1498 1673 palude,
1530 1613 1655 1669 quae
1697 1612 1895 1669 magna
1939 1611 2006 1651 eo
2036 1594 2160 1649 loco

574 1708 715 1767 erat,
746 1705 1059 1769 prostrato,
1081 1694 1519 1750 benedictionem
1556 1691 1625 1745 ab
1649 1690 1842 1745 eodem
1865 1702 2016 1743 more
2053 1685 2161 1740 im-

562 1790 756 1863 plorat
778 1789 959 1844 solito.
990 1786 1039 1841 is
1062 1796 1242 1843 autem
1271 1786 1327 1840 in
1354 1800 1421 1839 eo
1446 1798 1623 1854 neque
1649 1781 1834 1836 visum
1848 1778 2159 1843 deﬂectens,

573 1896 755 1952 neque
778 1880 1003 1936 verbum
1031 1877 1251 1949 aliquod
1272 1873 1562 1947 proferens
1610 1873 1777 1928 citato
1815 1885 2005 1942 gressu
2034 1883 2162 1937 per-

578 1960 818 2037 transiit,
864 1984 1079 2036 eumve,
1119 1984 1218 2043 ceu
1256 1968 1491 2031 hostem,
1535 1962 1823 2019 obduratis
1861 1959 2164 2015 visceribus

576 2064 800 2134 sprevit.
858 2061 999 2117 Tum
1060 2059 1326 2117 mirabilis
1389 2054 1758 2112 Theodelinus
1817 2050 2163 2124 proverbium

578 2162 882 2209 memoratu
913 2151 1317 2225 dignissimum,
1341 2162 1476 2203 voce
1502 2155 1589 2202 est
1614 2146 1786 2201 libera
1814 2149 2161 2215 prosecutus.

581 2265 600 2296 ι
623 2244 803 2311 Certe,
842 2244 1041 2314 inquit,
1072 2242 1253 2312 reipsa
1280 2239 1602 2311 probabitur
1626 2244 1813 2292 utrum
1866 2242 1922 2288 tu
1962 2232 2165 2288 duritia

522 2335 897 2408 ,rimprovisa,
932 2352 1003 2391 an
1028 2349 1130 2405 ego
1163 2331 1427 2404 patientia
1468 2338 1685 2386 meetim
1710 2345 1742 2383 a
1767 2324 2078 2389 cunabulis,
2118 2324 2165 2379 si

572 2429 683 2485 dici
710 2428 794 2483 fas
845 2428 937 2493 sit,
981 2433 1236 2481 concreta
1282 2422 1571 2478 victoriam
1619 2415 1891 2489 adipiscar
1927 2416 2161 2471 facilius.

576 2516 736 2585 Nam,
765 2519 871 2573 nisi
924 2518 1053 2573 hinc
1104 2531 1191 2572 me
1228 2527 1518 2585 assurgere
1570 2511 1828 2581 jusseris,
1881 2507 2164 2563 deﬁnitum

561 2612 633 2666 "in
678 2610 898 2665 Christo
952 2608 1206 2679 opperior
1251 2605 1398 2677 quod
1463 2603 1553 2658 hic
1594 2618 1681 2658 me
1721 2602 1960 2656 inveniat
2017 2599 2161 2654 linis.

577 2702 789 2758 Interea
862 2701 1032 2756 abbas
1098 2700 1230 2753 talia
1280 2712 1389 2751 non
1462 2709 1664 2751 curans
1716 2691 2060 2763 longiuscule
2133 2706 2167 2745 a

579 2797 700 2852 loco
757 2800 1091 2858 sectsserat,
1134 2805 1260 2845 cum
1307 2789 1376 2842 ab
1414 2785 1761 2841 audientibus
1797 2783 1996 2852 accipit
2044 2796 2168 2851 quae

579 2886 855 2942 humiliter
887 2889 1194 2953 prostratus
1221 2880 1302 2934 vir
1343 2880 1456 2950 jam
1495 2878 1676 2932 dictus
1719 2876 1771 2931 ei
1798 2874 2031 2929 dixerat.
2070 2871 2169 2928 Ve-

579 2994 701 3032 rum
754 2976 808 3031 hi
859 2976 954 3044 qui
1015 2987 1200 3029 secum
1268 2971 1495 3025 aderant
1560 2967 1792 3033 fratres,
1846 2965 2001 3019 valde
2058 2964 2165 3018 mi-

578 3067 745 3123 serati
795 3065 1091 3130 hominem,
1130 3071 1255 3118 ante
1303 3061 1383 3116 rei
1410 3058 1888 3122 exanimationem,
1932 3069 2166 3126 praeser-

580 3160 678 3214 tim
705 3157 939 3228 publice,
970 3155 1022 3210 id
1059 3155 1309 3210 abbatem
1347 3152 1526 3208 facere
1554 3166 1665 3205 non
1695 3149 1949 3227 debuisse
1988 3146 2167 3217 lacry-

580 3252 851 3306 mobiliter
886 3248 1155 3319 allegant;
1189 3254 1352 3316 atque
1380 3243 1698 3314 hujusmodi
1727 3240 1932 3295 factum
1972 3253 2167 3293 mona-

575 3344 698 3398 citis
722 3342 939 3414 quidem
970 3339 1295 3405 inauditum,
1334 3334 1689 3392 szccularibus
1715 3347 1846 3387 vero
1887 3331 2166 3386 detestan-

576 3434 711 3512 dum
739 3434 1047 3488 cnuntiant.

647 3526 890 3594 Quorum
935 3523 1376 3595 suggestionihus
1407 3523 1689 3592 paululum
1716 3519 1886 3575 abbas
1931 3515 2166 3572 inclina-

578 3630 701 3676 tus:
735 3639 754 3671 ι
779 3616 1201 3687 Retrogradum,
1232 3615 1427 3685 inquit,
1458 3614 1559 3669 iter
1587 3626 1731 3668 unus
1756 3619 1999 3666 vestrum
2021 3609 2166 3665 arri-

578 3711 733 3782 piens
776 3715 957 3764 virum
1009 3706 1315 3771 conveniat,
1352 3720 1587 3774 eumque
1631 3718 1855 3774 surgere
1904 3702 2013 3756 mei
2050 3702 2169 3759 vice

574 3809 759 3873 cogat,
795 3808 851 3855 et
896 3813 998 3852 nos
1034 3796 1294 3865 subsequi
1344 3796 1654 3861 admoneat,
1687 3803 1765 3859 ut,
1799 3794 1844 3848 si
1879 3792 2166 3859 obcdierit,

576 3892 710 3963 quia
726 3906 851 3946 vere
874 3888 1098 3945 humilis
1120 3887 1415 3942 sitcunctis
1437 3887 1720 3942 clarescat.
1744 3885 1877 3942 »υω
1894 3897 2076 3944 autem
2098 3888 2168 3943 ad

578 3983 759 4038 virum
796 3976 905 4035 Dei
931 3980 1145 4036 abbatis
1169 3978 1346 4033 delata
1374 3986 1503 4034 sunt
1529 3978 1727 4044 edicta,
1766 3993 1831 4034 ac
1861 3978 1909 4035 si
1950 3980 2168 4036 caelitus

578 4076 984 4138 admoneretur,
1007 4071 1264 4139 surrexit,
1290 4069 1510 4141 totique
1530 4070 1619 4125 illa
1638 4068 1724 4126 die
1745 4078 1999 4141 aspectus
2016 4072 2168 4143 ejus-

524 4208 531 4213 .
580 4167 703 4222 dem
735 4164 914 4220 Patris
954 4163 1108 4219 valde
1146 4163 1418 4234 sapienter
1449 4162 1751 4229 declinans,
1775 4163 2039 4232 parvitate
2061 4162 2169 4218 cibi

580 4268 853 4329 potusque
878 4257 1046 4311 etiam
1068 4255 1321 4309 inimicos
1337 4255 1403 4308 ad
1420 4253 1853 4309 misericordiam
1877 4254 2164 4325 protraxit.

2266 394 2558 453 tractatum
2606 394 2831 451 fratrem
2880 411 3066 451 revera
3120 393 3405 461 inveniret,
3438 395 3596 465 prius
3630 393 3869 463 quidem

2263 487 2537 544 levitatem
2568 489 2734 545 animi
2760 488 2814 542 in
2845 486 3113 542 credendo
3136 485 3270 541 falsa
3298 487 3441 556 apud
3469 501 3529 541 se
3556 487 3854 556 reprehen-

2263 579 2419 647 dens,
2449 590 2639 651 postea
2663 596 2794 636 vero
2838 596 3069 651 quaeque
3093 596 3120 634 a
3148 580 3399 650 personis
3423 580 3632 634 talibus
3662 579 3853 634 audie-

2264 680 2374 738 rat,
2402 672 2708 727 verecunde
2740 680 2945 739 tamen,
2978 672 3065 726 his
3089 672 3183 741 qui
3207 687 3265 726 se
3291 671 3733 727 circumstabant
3774 686 3856 726 re—

2266 760 2468 830 ferens,
2496 779 2596 819 cur
2622 764 2937 835 indignatus
2960 764 3034 819 sit
3059 764 3299 833 exponit.
3324 762 3576 834 Cumque
3594 762 3856 833 prmium:

2263 852 2430 909 frater
2459 855 2727 910 rationem
2755 856 3001 910 redderet
3034 856 3258 911 honeste
3298 855 3363 910 de
3400 856 3675 926 objectis:
3709 875 3729 907 ι
3761 852 3855 919 Te,

2264 947 2435 1003 abbas
2464 947 2630 1004 etiam
2661 948 2858 1019 inquit,
2889 948 2988 1016 illi,
3031 949 3229 1004 horum
3271 947 3397 1019 fuga
3435 957 3491 1004 et
3526 964 3693 1004 suam
3724 948 3859 1003 invi-

2263 1038 2409 1095 diam
2438 1049 2494 1095 et
2522 1050 2672 1095 tuam
2698 1056 2916 1112 quoque
2945 1041 3310 1097 innocentiam
3338 1050 3522 1111 aperte
3571 1041 3804 1096 detexit.
3832 1059 3852 1092 ι

2264 1130 2391 1188 llaec
2418 1148 2638 1203 quoque
2678 1133 2867 1188 dicens
2913 1132 3172 1199 surrexit,
3205 1135 3461 1204 priorque
3503 1134 3858 1190 satisfaciens

2262 1224 2479 1278 veniam
2544 1225 2772 1295 supplex
2821 1226 2871 1279 ei
2912 1225 3227 1295 postulavit.
3278 1225 3434 1292 Quod
3483 1225 3859 1281 Thcodelinus

2264 1329 2495 1370 cernens
2526 1315 2697 1371 humo
2725 1326 2778 1371 et
2814 1316 2929 1386 ipse
2964 1316 3190 1371 acclinis
3220 1331 3418 1371 noxam
3443 1317 3600 1373 Patri
3625 1318 3860 1388 benigne

2264 1406 2497 1462 remisit.
2548 1406 2773 1463 Peracta
2804 1408 2988 1477 itaque
3016 1403 3481 1477 i’econciliatione,
3523 1412 3861 1465 utilitatibus

2264 1515 2404 1569 quas
2435 1499 2491 1553 in
2533 1501 2830 1555 commisso
2879 1501 2982 1555 sibi
3023 1500 3200 1556 cilicio
3239 1500 3611 1557 Theodelinus
3658 1503 3866 1559 fecerat

2264 1591 2434 1648 abbas
2462 1592 2784 1658 delectatus,
2828 1601 2883 1647 et
2912 1586 2977 1647 ut
3008 1593 3252 1663 quotidie
3286 1594 3342 1647 in
3380 1594 3583 1651 melius
3628 1599 3865 1666 profice-

2265 1691 2367 1749 ret,
2419 1699 2595 1755 neque
2636 1684 2980 1740 adulantium
3024 1685 3250 1755 linguas
3305 1688 3544 1757 amplius
3589 1699 3866 1745 metueret

2264 1783 2490 1844 paterno
2514 1784 2599 1831 est
2626 1776 2971 1832 exhortatus.
3010 1776 3091 1832 Ad
3118 1781 3515 1834 monasterium
3543 1781 3720 1851 igitur
3744 1789 3866 1852 post

2266 1866 2508 1921 triduum
2564 1867 2887 1937 saepedictus
2933 1869 3103 1924 abbas
3147 1871 3481 1926 revertitur:
3517 1870 3866 1928 Theodeliao

2266 1956 2424 2015 fratri
2458 1958 2634 2014 multo
2663 1960 2818 2030 plura
2858 1975 3025 2030 quam
3070 1960 3226 2030 prius
3256 1963 3708 2021 committuntur.
3758 1964 3867 2023 Nec

2267 2052 2440 2107 multo
2464 2061 2589 2122 post
2625 2061 2682 2107 et
2727 2053 2899 2108 abbas
2940 2053 3191 2108 moritur.
3227 2053 3348 2120 Quo
3391 2055 3664 2112 defuncto
3712 2061 3868 2128 prin-

2266 2158 2394 2214 ceps
2441 2144 2792 2200 Pictavorum
2836 2143 3144 2201 Malliacum
3197 2147 3368 2213 adiit,
3423 2148 3630 2219 cuique
3683 2152 3867 2221 ipsum

2265 2236 2599 2303 coenobium,
2628 2238 2717 2293 cui
2743 2238 2855 2307 jam
2886 2236 3057 2292 multa
3088 2237 3318 2308 largitus
3352 2239 3532 2296 fuerat
3568 2258 3639 2299 ac
3672 2244 3867 2315 largiri

2267 2328 2543 2397 sperabat,
2599 2330 3025 2395 commendaret,
3080 2338 3320 2387 tractare
3362 2335 3549 2404 cci-pit.
3608 2334 3869 2407 Cumque

2267 2428 2554 2487 parentant
2576 2420 2968 2477 conifoederatio
2991 2423 3267 2478 memoriae
3287 2427 3653 2496 occurrisset,
3684 2445 3869 2499 quan-

2266 2508 2559 2582 doquidem
2590 2511 2704 2582 jam
2724 2520 2802 2566 tot
2828 2513 3029 2582 praedia
3046 2515 3233 2569 eadem
3252 2519 3595 2585 possedisset
3607 2523 3867 2588 ecclesia,

2268 2618 2503 2672 quorum
2522 2603 2822 2672 amplitudo
2845 2604 3096 2659 abbatem
3112 2607 3391 2676 proprium
3407 2610 3678 2681 exigeret,
3701 2616 3868 2668 etiam

2270 2693 2316 2748 si
2340 2693 2751 2764 progenitorum
2774 2696 2893 2765 ejus
2918 2696 2970 2750 id
2996 2696 3268 2753 industria
3290 2699 3344 2753 in
3367 2702 3679 2770 primordio
3700 2707 3869 2776 ccepti

2270 2785 2453 2855 operis
2483 2801 2592 2840 non
2617 2787 2920 2855 statuisset,
2960 2788 3087 2844 licet
3124 2789 3242 2858 ipsa
3268 2790 3448 2848 insula
3495 2796 3685 2851 adhuc
3724 2814 3869 2868 pne-

2269 2884 2351 2931 tcr
2376 2878 2689 2947 praedictam
2726 2880 3051 2950 particulam
3081 2882 3185 2936 sibi
3218 2883 3450 2952 deesset,
3480 2889 3620 2942 nulli
3658 2890 3869 2960 jastius

2194 3001 2235 3058 ο
2269 2983 2434 3038 quam
2463 2967 2817 3037 Theodelino,
2848 2972 2943 3041 qui
2968 2973 3169 3028 multos
3205 2990 3271 3029 eo
3307 2975 3360 3030 in
3392 2978 3513 3032 loco
3559 2984 3870 3040 sustinuis-

2269 3067 2352 3114 set
2404 3060 2641 3124 labores,
2696 3061 2949 3131 regimini
2999 3064 3244 3141 ejusdem
3294 3069 3573 3136 przeficere
3621 3073 3871 3131 basilica:

2268 3150 2670 3217 animadvertit,
2693 3153 2897 3224 quique
2926 3157 3129 3213 multos
3151 3158 3418 3213 nobilium
3449 3172 3568 3217 sua:
3588 3165 3871 3222 obnoxios

2267 3241 2489 3300 fecisset
2517 3244 2767 3299 bonitati.
2807 3246 2964 3312 Quod
2993 3249 3085 3303 ubi
3116 3250 3476 3319 Optimatibus
3513 3256 3615 3323 qui
3673 3272 3868 3313 secum

2267 3337 2495 3392 aderant
2532 3336 2917 3407 significasset,
2964 3340 3153 3409 eisque
3203 3341 3307 3397 hoe
3342 3346 3697 3415 complacere
3740 3366 3869 3418 per-

2263 3430 2545 3500 penderet,
2578 3444 2720 3499 sche
2743 3438 2990 3486 laxatum
3015 3434 3193 3488 virum
3219 3434 3313 3490 Dei
3342 3437 3597 3506 advocat,
3621 3444 3869 3515 quidque

2266 3521 2373 3577 sibi
2402 3537 2569 3591 super
2619 3521 2767 3577 eoin
2797 3522 3117 3592 hujusmodi
3155 3527 3375 3596 negotio
3404 3530 3633 3599 animus
3664 3549 3866 3603 suggc-

2268 3622 2413 3668 reret
2436 3616 2486 3668 ei
2514 3613 2734 3668 revelat.
2777 3613 2847 3668 At
2875 3616 2963 3671 ille
2997 3617 3241 3674 modeste
3268 3621 3489 3690 quidem
3520 3641 3589 3680 ac
3612 3635 3866 3680 rationa-

2266 3705 2450 3760 biliter
2476 3704 2604 3760 dum
2638 3706 2689 3761 ei
2721 3714 2776 3761 et
2820 3708 3098 3776 prioribus
3145 3711 3262 3766 suis
3302 3714 3466 3768 etiam
3508 3725 3642 3786 post
3685 3716 3867 3774 Patris

2268 3796 2555 3852 decessum
2605 3806 2661 3852 et
2709 3807 2913 3855 sancta:
2960 3801 3195 3856 maxime
3241 3794 3445 3876 regulae
3492 3824 3551 3862 se
3594 3811 3834 3865 subesse

2269 3888 2498 3957 ideoque
2531 3889 2635 3943 tale
2660 3891 2794 3960 quid
2824 3892 2942 3947 sine
2985 3891 3222 3972 fratrum
3267 3898 3525 3972 consilio,
3577 3902 3867 3958 voluntate

2267 3988 2322 4034 et
2346 3980 2563 4035 licentia
2614 3982 2893 4052 suscipere
2922 3970 3032 4039 non
3083 4002 3249 4056 posse
3297 3970 3547 4057 inferret,
3596 4001 3719 4049 tum
3753 3995 3867 4051 dux

2268 4071 2418 4127 viros
2443 4072 2511 4127 ad
2547 4090 2661 4128 rem
2695 4077 3056 4147 peragendam
3084 4094 3301 4149 gnaros,
3324 4081 3391 4135 ad
3438 4083 3644 4140 fratres
3670 4102 3868 4142 mona-

2270 4165 2419 4220 sterii
2444 4166 2725 4222 intimates
2749 4168 2969 4236 direxit,
2991 4170 3290 4227 obsecrans
3310 4174 3412 4229 sibi
3441 4184 3495 4230 et
3522 4175 3709 4232 virum
3733 4193 3867 4234 eoa-

2270 4258 2390 4312 cedi
2428 4266 2484 4312 et
2530 4258 2749 4329 scriptis
2802 4260 2958 4329 plene
3010 4262 3103 4317 tali
3144 4279 3387 4322 annuere
3439 4268 3723 4324 electioni.
3785 4269 3867 4325 Illi

582 4349 860 4404 Delatores
906 4364 1038 4402 sane
1080 4347 1311 4417 injurias
1340 4361 1465 4401 eum
1510 4353 1595 4401 sat
1634 4344 1880 4400 modeste
1904 4345 2165 4416 perferre,
2199 4340 2245 4395 D
2269 4363 2539 4420 veropro
2585 4352 2671 4406 sui
2713 4354 3017 4409 reverentia
3050 4356 3240 4412 libenti
3287 4361 3473 4416 animo
3512 4367 3868 4433 praetendunt

582 4442 823 4510 itemque
855 4439 933 4494 rei
964 4440 1363 4494 discussionem
1394 4437 1545 4493 omni
1577 4436 1833 4492 aviditate
1860 4436 2164 4506 priestolari

584 4540 888 4596 cernentes,
918 4530 1189 4602 simulque
1222 4530 1429 4600 pudore
1454 4536 1835 4584 commentata:
1866 4543 1896 4581 a
1926 4543 1984 4582 se
2012 4527 2167 4582 fa'si—

584 4624 712 4678 tatis
752 4628 1053 4678 metuentes
1093 4630 1258 4677 noctu
1294 4620 1592 4692 eﬂugiunt;
1625 4634 1845 4675 sacrum
1893 4634 2024 4674 vero
2061 4618 2168 4675 hoc

579 4715 845 4787 judicium
873 4705 1158 4785 pravitatis
1175 4713 1450 4768 intentata?
1465 4712 1806 4782 sapientibus
1827 4711 2161 4783 relinquunt.

585 4806 757 4862 Porro
787 4805 1140 4876 subscquenti
1169 4806 1256 4861 die
1285 4805 1353 4860 ad
1376 4804 1652 4876 negotium
1684 4803 2050 4859 dirimendum
2083 4804 2167 4858 lo-

578 4914 684 4954 rcus
711 4894 1001 4970 expetitur,
1037 4905 1388 4953 accusatores
1416 4912 1526 4951 una
1553 4911 1678 4951 cum
1708 4894 1987 4950 ditiamato
2030 4896 2172 4951 cita—

590 5000 799 5045 verunt.
852 4989 903 5045 ls
952 4990 1131 5045 alacer
1179 5002 1408 5059 corpore
1444 4987 1615 5042 nitida
1661 4987 1998 5042 conscientia
2034 4988 2172 5041 tisus

587 5081 758 5149 adest,
798 5097 1034 5153 nugaces
1064 5081 1257 5136 abesse
1293 5079 1693 5135 renuntiantur.
1728 5072 1851 5144 Quo
1885 5078 2056 5134 abbas
2079 5093 2171 5133 ac-

588 5173 907 5243 cepto,dum
927 5187 1043 5247 prae
1066 5170 1392 5228 confusione
1408 5168 1621 5240 aperire
1644 5169 1750 5226 sibi
1778 5184 1843 5224 os
1864 5184 1976 5224 non
2001 5176 2167 5236 esset,

2272 4442 2503 4512 principi
2532 4457 2655 4512 qua:
2681 4445 2987 4512 postularat
3012 4449 3214 4502 omnia.
3245 4449 3349 4517 Qui
3377 4464 3643 4511 assecuto
3679 4460 3866 4516 cordia

2272 4535 2359 4589 sui
2385 4544 2532 4601 voto,
2560 4537 2791 4605 praesule
2820 4538 2972 4593 urbis
3000 4556 3113 4596 suae
3140 4552 3358 4611 vocato,
3386 4544 3732 4606 Malliaeensi
3755 4567 3867 4608 cm-

2271 4626 2437 4682 nobio
2453 4626 2845 4685 Theodelinum
2864 4630 3077 4687 Patrem
3095 4635 3342 4703 praeficit,
3358 4646 3586 4696 auctore
3603 4641 3864 4699 Domino.

2271 4717 2324 4773 ls
2350 4728 2531 4775 autem
2553 4736 2717 4792 quam
2739 4724 3032 4791 prudenter
3051 4741 3326 4797 quamque
3348 4729 3591 4788 humane
3622 4734 3868 4792 oﬂicium

2274 4809 2378 4866 sibi
2432 4811 2788 4868 commissum
2834 4815 3317 4876 administraverit.
3362 4823 3492 4891 quia
3539 4826 3714 4883 ullius
3753 4829 3868 4886 elo-

2272 4902 2495 4973 quentia
2536 4903 2693 4972 plcne
2725 4904 2780 4960 id
2832 4907 3040 4978 nequit,
3089 4924 3325 4980 sequens
3353 4931 3421 4968 ex
3453 4926 3613 4986 parte
3640 4921 3864 4991 pagina,

2274 4994 2319 5050 si
2343 4991 2487 5047 Deus
2528 4997 2801 5062 annuerit,
2832 5000 3162 5068 prmdocebit
3227 5001 3332 5059 Sed
3360 5005 3477 5075 jam
3519 5009 3611 5064 hic
3645 5027 3863 5066 sermo-

2273 5100 2397 5140 nem
2427 5085 2767 5156 claudamus,
2796 5103 3028 5161 qumque
3069 5102 3279 5151 restant
3315 5098 3424 5153 alio
3457 5100 3738 5171 principio
3775 5121 3865 5158 or-

2272 5176 2507 5231 diamur.

1686 5322 1716 5358 ι’
1739 5323 1897 5358 Ιιὶῐὶῐ
1943 5325 2276 5358 Ωπρῐτλτῐπ
2315 5329 2407 5358 nn
2438 5331 2544 5358 mn
2567 5331 2584 5358 ι
2607 5332 2746 5358 min
