4050 5358
224 184 357 249 i261

1187 204 1273 259 DE
1293 203 1622 262 C(ENOBlO
1658 195 2184 261 MALLEACENSIS
2210 204 2508 264 ursum.
2582 170 2589 176 ⁸

3352 209 3494 270 126!

225 315 490 364 cremento
522 324 587 366 ac
631 309 905 383 lapidibus
938 313 1179 384 parietes
1222 318 1466 390 undique
1508 335 1608 389 pro
1650 316 1817 373 modo
1844 314 1891 371 Α
1916 317 2144 390 suisque
2185 323 2487 378 custodiret
2522 323 2665 380 ﬁliis.
2703 321 2860 392 Quod
2899 322 3014 395 ipse
3051 322 3285 382 libenter
3313 326 3493 384 tidell-

223 410 519 471 componat
545 402 829 474 disposita:
854 406 1156 475 qualitatis,
1192 424 1484 482 quousque
1516 419 1700 465 tamen
1718 408 1813 464 de-

226 501 357 575 sunt
387 494 557 565 tigna,
579 496 861 566 laquearia
894 508 950 554 et
972 507 1143 565 tecta,
1178 500 1468 560 editicium
1510 501 1644 557 illud
1684 515 1814 571 pars

227 589 415 644 vocari
436 598 638 660 potest,
665 592 823 661 plene
855 592 1054 647 domus
1095 608 1206 649 non
1225 602 1431 664 potest.
1462 593 1531 649 Et
1554 598 1608 649 in
1631 592 1816 648 omni-

227 680 335 737 bus
385 682 610 752 quidem
678 686 898 755 penitus
948 686 1192 743 aediﬁciis
1244 688 1361 744 haec
1422 688 1613 743 eadem
1674 685 1818 740 valet

229 775 597 831 consideratio
620 776 872 846 reperiri.
913 776 1018 833 Sed
1044 786 1098 833 et
1124 778 1456 850 Redemptor
1476 786 1685 843 noster,
1722 776 1815 831 ubi

226 867 619 923 aedilicatorem
662 870 834 925 turris
869 880 1191 942 sumptuum
1235 872 1550 949 necessaria
1590 871 1659 924 ad
1687 883 1818 938 sup-

227 960 563 1029 plementum
591 964 775 1031 operis
795 972 1102 1034 opportuna
1128 966 1413 1034 providere
1441 963 1656 1028 debere,
1680 961 1818 1016 alio-

226 1052 365 1123 quin
382 1053 731 1111 illusionibus
745 1056 1046 1112 videntium
1068 1073 1194 1113 eum
1217 1058 1499 1127 subjacere
1512 1054 1816 1121 admonuit,

232 1158 398 1213 quam
426 1144 498 1200 sit
524 1161 635 1216 pro
670 1147 843 1202 nilrilo
866 1148 1175 1204 habendum
1200 1148 1443 1219 incipere
1470 1157 1525 1203 et
1545 1163 1656 1202 non
1682 1161 1819 1202 con-

233 1249 512 1292 summare
539 1238 664 1293 luce
688 1238 893 1295 clarius
913 1240 1234 1310 propalavit.
1267 1239 1327 1295 Si
1351 1241 1516 1313 igitur
1540 1237 1821 1293 inchoatio

232 1326 398 1383 etiam
425 1328 557 1384 boni
582 1330 899 1401 imperfecta
925 1332 1365 1404 parvipendenda
1400 1340 1485 1388 est
1516 1328 1820 1387 delusioni-

232 1434 341 1490 que
371 1421 641 1489 obnoxia,
671 1439 761 1479 res
789 1432 971 1480 autem
1003 1425 1141 1482 bene
1163 1434 1343 1497 empta
1376 1410 1446 1481 ac.
1477 1426 1651 1481 solide
1669 1441 1822 1481 com—

233 1521 394 1581 pacta
431 1513 591 1570 laude
628 1516 797 1572 dubio
846 1518 1039 1588 procul
1073 1517 1821 1590 dignissima;'insistcndum

232 1618 366 1674 ergo
387 1612 472 1660 est
494 1606 646 1661 omni
670 1606 910 1678 incipere
931 1609 1155 1665 conanti
1182 1620 1244 1665 ut
1269 1610 1599 1682 principium
1640 1610 1823 1680 operis

233 1705 466 1751 exornet
509 1698 708 1754 decore
750 1699 1121 1771 perfectionis.
1183 1700 1530 1773 Quapropter
1574 1716 1698 1773 ego,
1726 1701 1822 1773 qui

228 1785 406 1856 jussis
443 1789 574 1856 tuis,
614 1789 777 1846 Pater
795 1794 1124 1849 venerabilis
1153 1792 1499 1858 Goderanne,
1529 1808 1657 1849 cum
1699 1807 1824 1848 meo

231 1879 403 1933 etiam
444 1882 649 1950 pudore
685 1898 905 1952 parens,
937 1886 1140 1956 quippe
1188 1886 1495 1956 imperitus,
1540 1885 1595 1940 in
1622 1900 1826 1958 praece-

232 1973 494 2032 dentibus
521 1977 800 2033 succincte
834 1979 1053 2049 quidem
1076 1982 1167 2037 sed
1197 1981 1545 2047 sulllcicnter,
1584 1990 1645 2038 ut
1668 1991 1822 2052 puto,

237 2070 370 2137 quia
403 2084 533 2125 vere
567 2070 635 2126 de
660 2071 986 2142 antiquitate
1005 2081 1061 2130 et
1087 2075 1516 2131 commutatione
1545 2075 1599 2130 in
1632 2077 1828 2133 melius

237 2156 604 2217 Malliacensis
644 2162 858 2230 insulae,
883 2180 1008 2235 qua:
1047 2165 1159 2222 Deo
1206 2168 1344 2224 duce
1392 2167 1672 2226 nonnullis
1710 2170 1827 2240 jam

238 2252 690 2321 repromissionis
713 2262 857 2311 terra
882 2255 1075 2313 ell‘ecta
1101 2267 1185 2314 est
1201 2301 1216 2326 ,
1239 2260 1422 2331 aliqua
1449 2261 1630 2326 retuli,
1663 2270 1828 2333 atque

240 2342 311 2396 ad
344 2354 471 2400 eum
521 2362 699 2418 usque
736 2347 919 2405 locum
959 2366 1071 2421 quo
1108 2362 1458 2409 sacrosancta
1498 2353 1688 2425 religio
1724 2355 1831 2425 pri-

241 2439 398 2489 mum
440 2437 497 2491 in
523 2439 715 2495 eadem
758 2452 924 2512 caput
959 2445 1188 2509 extulit,
1228 2446 1650 2516 emnobiumque
1682 2446 1737 2501 in
1763 2462 1828 2502 ea

239 2534 493 2584 recenter
515 2539 892 2589 constructum
922 2535 1171 2595 abbatem
1194 2537 1497 2607 promeruit
1512 2579 1526 2603 ,
1551 2540 1827 2608 protraxi;

241 2632 315 2672 ne
354 2628 535 2689 coepta
584 2624 874 2693 parvitatis
900 2643 1034 2683 mea:
1070 2629 1547 2684 consummatione
1573 2640 1828 2699 careant,

244 2711 590 2769 orationibus
630 2715 742 2772 tuis
780 2717 935 2785 ﬁsus,
964 2720 1033 2774 ad
1072 2720 1372 2790 supplenda
1423 2736 1545 2791 quae
1588 2731 1830 2790 restant,

245 2801 362 2856 imo
395 2803 463 2858 de
499 2803 721 2861 Domini
759 2811 967 2865 auxilio
1000 2827 1361 2882 praesumens,
1392 2806 1593 2885 stylum
1616 2815 1828 2871 deﬂexi.

245 2890 449 2949 Parum
477 2905 660 2953 autem
692 2903 881 2956 mundi
913 2905 1245 2974 sapientum,
1275 2907 1656 2979 praecipueque
1679 2907 1834 2962 Peri-

1912 417 2106 481 terque
2120 413 2454 486 adimplevit.
2473 414 2697 484 Verum,
2715 417 2973 487 quoniam
3001 416 3108 479 iam
3134 417 3228 473 illo
3249 426 3497 491 tempore

1910 504 2247 562 abundantia
2278 507 2586 580 iniquitatis
2606 510 2846 567 maxima
2878 527 2944 577 ex
2978 523 3132 584 parte
3159 513 3369 571 bonum
3395 532 3529 586 ευ,

1915 595 2134 652 cludere
2157 610 2397 670 coeperat
2421 602 2728 668 charitatis,
2748 604 2885 659 adeo
2910 612 2969 659 ut
2988 605 3171 660 debita
3185 606 3495 669 reverentia

1916 687 2142 743 minime
2168 690 2570 760 impenderetur
2594 695 2836 766 antiquis
2868 696 3035 762 etiam
3069 707 3388 754 sanctorum
3417 699 3501 756 ιον

1917 779 2018 844 cis,
2040 796 2205 855 quam
2220 780 2319 861 [[2,
2338 783 2482 856 quae]
2496 785 2677 854 potius
2699 786 3164 851 concidcabantur
3178 805 3207 844 a
3220 789 3500 858 pessimis,

1918 870 2178 941 colligens
2196 873 2380 927 animo
2402 877 2731 939 reverendus
2753 878 2918 932 heros
2944 879 3156 937 noviter
3170 881 3504 936 aediﬁcatum

1918 962 2233 1018 ctenobinm
2269 965 2484 1020 dilatari
2526 983 2872 1039 nequaquam
2902 967 3069 1031 facile
3102 986 3268 1042 posse
3285 971 3506 1043 absque

1920 1052 2166 1110 donariis
2195 1064 2355 1111 terra:
2393 1058 2689 1135 principis,
2721 1076 2886 1133 quam
2929 1060 3272 1119 familiariter
3308 1064 3360 1119 ei
3402 1064 3504 1120 ad-

1922 1142 2128 1199 haerere
2152 1161 2216 1201 ac
2232 1148 2489 1218 imperiis
2516 1150 2635 1219 ejus
2662 1151 2948 1207 humiliter
2981 1169 3205 1224 parcre,
3236 1164 3400 1226 atque
3437 1171 3507 1212 ex

1921 1236 2134 1291 collatis
2179 1238 2283 1293 sibi
2329 1241 2649 1295 muneribus
2704 1258 2829 1297 eum
2883 1245 3184 1314 smpissime
3232 1248 3509 1309 honorare

1923 1326 2218 1398 sedulaque
2249 1330 2422 1386 cilicia
2443 1374 2459 1399 ,
2486 1341 2650 1404 prout
2675 1336 3056 1405 opportunitas
3083 1344 3137 1393 et
3173 1337 3248 1392 rei
3280 1346 3333 1392 et
3354 1347 3506 1395 .tem-v

1922 1418 2074 1489 poris
2120 1421 2410 1492 exigebat,
2462 1424 2720 1480 exhibere
2766 1426 3059 1482 consilium
3102 1426 3222 1490 luit.
3260 1428 3511 1501 Cumque

1923 1509 2200 1568 exercitiis
2221 1513 2539 1584 bujusmodi
2563 1516 2805 1574 intentus
2832 1519 3065 1590 principi
3086 1529 3341 1591 acceptus
3351 1530 3514 1587 esset

1925 1607 1979 1656 et
2005 1611 2215 1674 gratus,
2249 1605 2387 1662 adeo
2414 1615 2477 1663 ut
2504 1609 2560 1664 in
2589 1609 2847 1667 maximis
2880 1627 3099 1683 quoque
3126 1613 3511 1684 negotiisejus

1922 1693 2170 1749 consiliis
2201 1703 2257 1750 et
2285 1697 2739 1770 dispositionibus
2761 1702 2936 1774 magis
2959 1702 3119 1765 {idem
3148 1704 3304 1761 daret
3342 1719 3511 1774 quam

1925 1787 2139 1843 cunctis
2163 1789 2278 1846 suis
2304 1792 2694 1862 optimatibus,
2724 1795 2939 1865 hacque
2968 1795 3034 1853 de
3061 1810 3228 1857 causa
3256 1797 3398 1868 apud
3414 1795 3512 1867 ἀν’

1926 1891 2019 1933 sos
2055 1880 2220 1935 etiam
2258 1882 2468 1939 aulicos
2514 1885 2852 1941 honorabilis
2892 1886 3218 1953 haberetur,
3247 1888 3413 1957 coepit
3460 1888 3514 1948 ei

1926 1970 2069 2026 idem
2104 1974 2357 2046 princeps
2402 1992 2569 2047 quam
2614 1978 2785 2032 multa
2827 1993 2993 2048 quam
3044 1979 3272 2049 grandia
3320 1994 3514 2049 repet).-

1929 2065 2175 2135 mittcre;
2205 2067 2370 2139 idque
2406 2069 2510 2140 ipsi
2540 2070 2887 2141 potissimum
2921 2069 3079 2140 jubet
3124 2070 3414 2125 observare
3455 2079 3517 2127 ut

1928 2157 1973 2212 si
2002 2157 2104 2214 sibi
2136 2159 2343 2231 aliquid
2363 2175 2429 2216 ex
2455 2160 2775 2217 decessione
2792 2171 2851 2235 et
2872 2161 3223 2217 successione
3247 2162 3514 2226 nobilium

1927 2249 2125 2305 viderit
2176 2253 2510 2325 contingere,
2546 2253 2598 2309 id
2652 2270 2683 2313 a
2734 2268 2795 2310 se
2844 2268 2954 2308 non
2989 2253 3180 2316 tardet
3224 2263 3516 2329 expetere,

1930 2342 2374 2414 quandoquidem
2397 2387 2410 2412 ,
2437 2354 2497 2400 ut
2526 2346 2827 2412 asserebat,
2854 2344 2957 2401 sibi
2988 2344 3298 2401 commissa:
3332 2343 3519 2405 Eccles-

1932 2435 2028 2489 sia:
2065 2436 2251 2505 potius
2301 2453 2465 2509 quam
2500 2438 2666 2501 alicui
2710 2446 3067 2510 tyrannorum
3114 2436 3340 2507 optabat
3381 2451 3517 2498 conv

1933 2525 2093 2582 ferre.
2120 2527 2192 2587 Et
2220 2529 2335 2585 haec
2373 2539 2527 2610 pater
2560 2529 2928 2586 Theodelinus
2973 2529 3139 2584 surda
3187 2528 3332 2586 haud
3368 2529 3520 2586 hau.

1932 2618 2107 2673 riebat
2125 2636 2278 2687 aure,
2306 2622 2401 2678 sed
2424 2623 2576 2683 lento
2595 2622 2779 2691 potius
2805 2622 2976 2694 gradu
3000 2637 3167 2692 quam
3199 2620 3434 2693 concito,
3461 2628 3520 2680 et

1934 2720 2240 2781 opportune
2268 2714 2443 2785 magis
2468 2730 2632 2787 quam
2650 2713 2959 2785 procaciter
2984 2713 3052 2768 ad
3082 2712 3258 2775 animi
3282 2713 3368 2773 sui
3391 2721 3523 2770 vota

1935 2804 2188 2873 cupiebat
2214 2807 2495 2862 scandere.
2529 2805 2737 2862 Idcirco
2769 2805 3040 2876 siquidem
3088 2820 3147 2860 se
3175 2805 3413 2864 nolleab
3445 2820 3515 2860 eo

1884 2969 1888 2973 ι
1935 2896 2237 2967 postulare,
2265 2907 2327 2952 ut
2355 2906 2545 2969 postea
2573 2899 2687 2969 ipse
2708 2897 2966 2964 asseruit,
2986 2896 3400 2962 dissimulabat,
3431 2904 3513 2969 ut,

1855 1655 1898 1710 Β

248 2988 612 3055 pateticonum
640 3003 862 3049 versuta
877 2997 1236 3065 sophismata,
1258 2998 1304 3053 si
1326 2999 1545 3069 quando
1566 3000 1829 3070 simplici-
1859 2995 1900 3053 C
1933 2989 1980 3045 si
2009 2989 2230 3059 quando
2254 2990 2450 3060 aliqua
2479 2990 2705 3060 grandia
2740 2990 3092 3059 deposceret,
3116 3004 3180 3043 ea
3208 2987 3424 3047 facilius
3453 3003 3523 3043 ex

247 3084 419 3134 tatem
432 3080 665 3139 indoctae
680 3085 879 3157 linguae
896 3103 1027 3144 mea-
1040 3090 1521 3155 subsannaverint,
1540 3106 1826 3158 revercor;

250 3172 511 3238 quoniam
554 3176 775 3244 quidem
806 3178 911 3248 ipsi
953 3189 1068 3235 tum
1098 3181 1336 3253 majores
1377 3182 1619 3237 scientia:
1651 3191 1833 3253 partes

252 3276 313 3316 se
334 3275 616 3323 assecutos
632 3269 906 3339 jactitant,
932 3275 1152 3344 quando
1182 3272 1415 3330 confuso
1435 3276 1625 3330 ordine
1652 3275 1836 3347 profu-

251 3354 332 3411 sis
359 3359 912 3420 circumlocutionum
944 3368 1265 3438 ambagibus
1284 3410 1298 3433 ,
1321 3383 1443 3423 esse
1468 3367 1629 3423 alicui
1648 3411 1662 3435 ,
1686 3369 1834 3439 quod

251 3458 338 3505 est
357 3493 371 3517 ,
399 3463 595 3523 negato
613 3496 629 3521 ,
662 3465 717 3510 et
744 3459 889 3527 quod
912 3473 1023 3513 non
1058 3468 1173 3525 est,
1206 3459 1504 3530 sopliistiee
1536 3461 1794 3530 imposito
1816 3503 1831 3527 ,

252 3555 381 3597 vera
402 3586 417 3610 ,
439 3556 707 3615 quantum
730 3550 787 3604 in
820 3550 953 3620 ipsis
979 3560 1064 3606 est
1082 3594 1096 3616 ,
1123 3552 1458 3607 occultantes
1480 3594 1494 3618 ,
1530 3551 1655 3607 iicta
1678 3552 1836 3622 quasi

252 3636 607 3703 protabiliter
640 3656 741 3711 pro
778 3643 945 3699 certis
973 3644 1257 3700 inducunt.
1293 3643 1540 3710 Quorum
1577 3645 1835 3700 astutiam

253 3728 436 3796 quivis
446 3746 707 3789 enervare
717 3738 937 3805 poterit,
952 3737 1019 3803 si,
1037 3737 1256 3809 quando
1280 3736 1484 3808 aliquid
1501 3747 1833 3807 proponunt.

254 3819 530 3877 silentium
560 3824 666 3879 sibi
694 3826 984 3896 indixerit;
1026 3836 1215 3900 neque’
1234 3830 1380 3884 enim
1410 3830 1606 3884 melius
1643 3845 1837 3887 eorum

254 3918 440 3967 tumor
463 3914 683 3973 dicendi
714 3917 1002 3990 frangitur,
1022 3937 1189 3992 quam
1220 3929 1281 3975 ut
1301 3921 1511 3977 silendo
1535 3921 1832 3991 rejiciatur.

258 4000 473 4061 Ludant
487 4022 618 4079 ergo
645 4010 970 4068 insultantes
991 4014 1288 4084 superbum
1318 4014 1595 4085 sapienter
1623 4014 1837 4085 simpli-

256 4095 446 4164 cibus;
479 4100 711 4157 tolerent
736 4104 1033 4174 simplices,
1074 4113 1130 4161 et
1172 4105 1401 4161 tacendo
1437 4106 1711 4177 negligant
1734 4107 1837 4161 ho-

256 4205 381 4244 rum
405 4192 861 4261 plausus.‘Verum
883 4199 997 4268 jam
1014 4199 1129 4253 haec
1151 4196 1465 4252 omittentes
1488 4197 1837 4267 adprOpLxsi-

257 4288 374 4338 tum
410 4286 754 4354 accedamus,
786 4291 950 4345 surda
981 4304 1114 4344 aure
1142 4303 1361 4359 quoque
1383 4300 1839 4358 quorumcunque

257 4378 634 4448 sugillantium
680 4380 869 4441 felleos
919 4397 1180 4443 rancores
1234 4379 1686 4450 transgrediendo
1727 4379 1836 4435 lin-

257 4485 514 4539 quamus.

261 4585 291 4658 §
326 4585 368 4642 Ι.
410 4588 656 4655 Qualiter
684 4592 844 4645 abbas
862 4589 1219 4645 ‘Tlteodelinus
1242 4588 1376 4642 rexit
1403 4604 1527 4641 suos
1555 4590 1838 4643 monachos

275 4708 279 4711 .
329 4661 468 4729 apud
499 4659 758 4731 Sanctum
793 4662 1013 4715 Petrum
1038 4702 1052 4724 ,
1087 4670 1134 4713 et
1158 4660 1390 4731 qualiter
1413 4666 1531 4712 erat
1548 4660 1749 4730 primus
1775 4660 1842 4713 de

327 4731 549 4786 consilio
580 4729 853 4786 Guillelmi
880 4732 1109 4785 comitis.

325 4844 514 4919 Igitur,
572 4846 737 4900 modo
793 4860 904 4916 quo
961 4842 1213 4913 superius
1257 4844 1547 4907 duximus,
1591 4843 1711 4898 viro
1745 4843 1841 4899 Dei

257 4936 597 4996 Tlicodelino
635 4938 813 4993 levate
848 4936 1058 4998 abbate,
1094 4935 1156 4989 de
1200 4935 1555 5009 ampliatione
1604 4951 1669 4991 ac
1737 4952 1840 4993 au-

255 5033 631 5103 gmentatione
678 5030 984 5086 commissa:
1010 5025 1107 5083 sibi
1135 5025 1407 5090 Ecclesiae
1450 5029 1623 5099 cmpit
1663 5029 1843 5085 multa

253 5125 629 5182 sollicitudine
657 5137 840 5177 secum
870 5121 1029 5175 multa
1054 5127 1420 5188 pertractare.
1438 5116 1568 5184 Quo
1599 5130 1844 5193 tempore

251 5218 473 5288 quidam
504 5215 604 5270 Ivir
627 5212 962 5268 Marciiensis
989 5210 1161 5282 oppidi
1188 5260 1210 5285 ,
1243 5229 1356 5273 non
1380 5209 1737 5271 mediocriter
1756 5213 1842 5268 di-

250 5317 412 5358 latus-
446 5313 731 5358 coinnerta
768 5303 913 5358 fama
950 5301 1063 5356 fidei
1097 5310 1147 5355 et
1200 5301 1497 5358 mobitatis
1529 5305 1679 5358 eius.
1716 5318 1843 5358 eum

1934 3078 2190 3136 tarditate
2210 3082 2487 3151 petitionis
2509 3080 2796 3135 obtineret.
2822 3080 3159 3157 Religiosum
3177 3080 3241 3135 .id
3281 3094 3521 3148 namque

1933 3171 2203 3243 praecipue
2235 3172 2519 3228 monachis
2546 3172 2825 3228 asserebat
2848 3171 3084 3226 cilicium
3115 3187 3242 3226 raro
3264 3170 3525 3227 infestare

1934 3262 2296 3318 mendicando
2336 3264 2551 3324 animos
2587 3263 2916 3337 principum.
2954 3260 3225 3333 Oppidum
3254 3261 3522 3322 nimirum

1936 3355 2083 3423 quod
2114 3355 2360 3425 ejusdem
2396 3356 2553 3411 ducis
2578 3356 2822 3426 genitor,
2861 3354 3006 3419 sicut
3047 3354 3301 3424 superius
3327 3354 3525 3408 memi-

1938 3445 2155 3512 nimus,
2198 3461 2364 3501 causa
2407 3446 2849 3502 Normannorum
2885 3445 3183 3503 aedificarat
3220 3446 3275 3499 in
3306 3444 3521 3501 Mallia.

1937 3537 2088 3593 censi
2113 3538 2313 3604 insula,
2345 3540 2524 3595 adhuc
2549 3532 2603 3594 in
2625 3554 2691 3594 ea
2720 3546 2849 3593 tunc
2884 3537 3150 3608 temporis
3180 3536 3519 3605 habebatur;

1938 3645 2103 3700 super
2127 3630 2285 3701 cujus
2302 3631 2659 3686 diuturnitate
2672 3628 2929 3701 praefatus
2942 3629 3104 3685 Pater
3121 3629 3271 3701 gravi
3286 3644 3525 3685 lllCBl‘Oi‘e

1939 3714 2303 3792 adiciebatur,
2333 3724 2590 3794 illiusque
2625 3722 2973 3795 potissimum
3014 3720 3314 3778 eversionis
3354 3738 3526 3788 causa

1938 3818 2220 3875 Palatinus
2255 3817 2562 3875 videbatur.
2602 3813 2883 3887 Siquidem
2921 3814 3077 3869 valde
3118 3815 3396 3869 metuebat
3453 3829 3525 3870 ne

1938 3925 2065 3985 post
2097 3911 2253 3967 ducis
2289 3908 2574 3967 decessum
2606 3907 2810 3978 aliquis
2853 3905 2984 3962 illud
3026 3914 3381 3978 tyrannorum
3430 3922 3520 3962 sc—

1940 4005 2159 4078 quentis
2186 4002 2393 4059 sobolis
2410 3999 2792 4055 fraudulenter
2816 3999 3162 4067 irrumperct,
3215 4005 3378 4067 atque
3395 3997 3525 4061 hinc

1940 4110 2173 4168 qumque
2195 4091 2532 4150 monasterio
2556 4104 2820 4146 concessa
2853 4096 3129 4156 vastaret,
3160 4088 3520 4164 exstirparet,

1940 4190 2297 4262 dispergeret.

1872 4332 1915 4387 D
1945 4326 1974 4398 §
2012 4323 2075 4378 ll.
2117 4322 2367 4398 Qualiter
2386 4319 2850 4398 Gaillelnwsgduat
2876 4320 3209 4398 acquiescant
3238 4319 3311 4376 ad
3336 4324 3520 4393 raque.

2011 4405 2151 4449 stam
2194 4391 2497 4447 Tlteodelini
2538 4390 2780 4456 abbatis,
2816 4390 2961 4445 dedit
2995 4399 3228 4446 castrum
3254 4408 3375 4447 cum
3405 4390 3527 4455 tota

2011 4466 2211 4530 insula,
2238 4473 2296 4517 ut
2329 4465 2385 4517 in
2414 4462 2617 4517 dictum
2654 4471 2891 4515 castrum
2933 4462 3312 4531 transferretur
3350 4480 3526 4516 εοεηοτ

2012 4539 2179 4602 bium,
2207 4534 2344 4606 quod
2372 4544 2496 4591 tum:
2534 4532 2785 4603 temporis
2821 4541 2934 4587 erat
2961 4532 3104 4601 apud
3129 4531 3187 4589 S.
3214 4531 3453 4587 Petrum.

2008 4649 2169 4706 Unde
2193 4649 2282 4707 die
2310 4646 2570 4720 quadam,
2589 4646 2719 4702 dum
2735 4646 2949 4717 primus
2978 4643 3385 4700 anniversarius
3412 4646 3538 4714 dies

1943 4742 2139 4805 matris
2162 4750 2434 4812 ageretur,
2454 4748 2510 4794 et
2532 4740 2642 4796 dux
2656 4738 2805 4795 circa
2820 4738 2911 4810 pia
2931 4751 3094 4806 opera
3106 4743 3249 4791 esset
3266 4734 3546 4818 intentus.

1942 4846 2109 4908 atque
2146 4834 2218 4890 ob
2256 4832 2543 4889 memoriae
2579 4833 2701 4902 ejus
2747 4831 3052 4888 solemnem
3093 4825 3556 4907 recordationem

1943 4927 2134 4985 multis
2156 4927 2417 4998 lacrym’is
2438 4926 2591 4981 tierct
2612 4922 2902 4986 snﬂ‘ectus.
2926 4924 3055 4993 post
3078 4916 3384 4989 completas
3413 4936 3569 4990 ora,

1945 5024 2125 5079 tiones
2162 5019 2431 5085 mirabilis
2461 5015 2832 5074 Tlicodelinus
2869 5023 2998 5069 eum
3025 5009 3182 5075 adiit,
3222 5015 3391 5078 atque
3423 5022 3572 5093 tum

1948 5116 2146 5184 xeniis,
2181 5122 2298 5169 tum
2329 5107 2720 5180 blandimentis
2748 5108 2875 5180 plus
2898 5099 3063 5161 solito
3085 5100 3425 5174 demulcens,
3455 5095 3576 5188 tibi

1940 5211 2102 5273 illum
2140 5208 2297 5278 plene
2338 5205 2460 5273 aliis
2494 5198 2735 5274 repulsis
2773 5192 3014 5268 negotiis
3055 5194 3130 5252 ad
3164 5209 3222 5249 se
3269 5192 3603 5277 intentum.

1946 5300 2248 5358 conspicit:
2277 5294 2818 5358 «Quoniamjnquit,
2836 5284 3163 5348 dulcissime
3182 5285 3428 5356 domine,
3455 5297 3583 5358 dea
