4050 5358
520 378 659 436 19.63

1471 442 1474 443 ,
1561 384 1798 454 ,ιτιλτιιι
1828 375 2354 440 ιιιιιιεριιῖεκδιε
2382 366 2698 455 nossent

3659 379 3795 437 1263

518 510 799 570 perorare.
821 488 982 556 talos
1002 513 1209 572 ergoeo
1228 511 1705 566 annuentczocum
1723 504 1788 561 ad
1804 505 2104 574 hocaptmu
2135 500 2182 558 Δ
2209 501 2449 572 superati
2492 500 2890 559 confoederatio
2933 500 3229 574 pra'locuta
3266 509 3319 559 et
3352 500 3655 575 astipulata
3687 513 3793 562 est.

521 597 817 662 expetunt,
847 592 1067 647 denuun
1103 609 1323 665 quoque
1362 594 1618 665 praéfatus
1649 597 1731 651 vir
1758 597 1863 652 tale
1893 597 2107 654 dicendi

525 683 1054 754 arripuitcxordium
1074 704 1116 739 τι
1129 686 1265 741 Cum
1282 703 1494 753 mnnes,
1511 687 1707 759 inquit,
1720 705 1862 759 quos
1875 691 1941 744 ad
1960 690 2109 762 regni

433 785 435 787 ’
524 774 807 846 fastigium
849 775 1264 854 disponendum
1300 778 1547 834 divinum
1586 782 1902 836 sublimavit
1949 785 2108 838 ausi-

540 867 679 933 ium,
713 865 1054 937 iniquitatem
1090 870 1295 941 fugere,
1324 873 1608 927 avaritiam
1637 874 2024 946 libidinemque
2045 892 2110 932 ac

521 959 570 1015 si
601 959 924 1029 pestiferum
949 960 1101 1015 virus
1123 954 1559 1031 perhorrescere,
1584 976 1889 1037 ca'tet‘aquc
1919 984 2111 1038 super-

521 1051 625 1105 hize
659 1052 902 1105 membra
939 1067 969 1105 a
1005 1068 1064 1107 se
1098 1053 1418 1121 climiuarc,
1447 1055 1719 1125 justitiam
1756 1068 1810 1113 et
1853 1059 2108 1130 pietatem

521 1141 737 1209 colere,
789 1141 1095 1214 largitatem
1151 1147 1719 1204 muuiticentissimam
1771 1151 1891 1206 sine
1940 1168 2109 1210 censu

524 1235 691 1290 etiam
724 1236 1083 1305 praetendere,
1115 1240 1510 1294 coutitwntiam
1539 1251 1592 1296 et
1622 1243 1928 1298 castitatem
1956 1243 2111 1300 inde-

503 1327 765 1382 rsiueuter
791 1327 1159 1400 inviolateque
1183 1344 1537 1407 conservare,
1567 1349 1631 1390 ac
1663 1335 1870 1405 reliqua
1909 1347 2114 1393 sancta:

504 1415 849 1473 'lnnnilitatis
868 1421 1125 1476 exercitia
1152 1438 1369 1492 semper
1398 1425 1582 1480 deceat
1605 1425 1938 1497 adimplere;
1968 1428 2114 1484 vide-

519 1509 600 1565 ris
635 1519 688 1565 te
727 1511 1109 1581 potissimum,
1157 1530 1321 1584 quem
1351 1527 1406 1571 et
1443 1527 1732 1588 parentum
1770 1519 2025 1576 nobilitas
2059 1531 2114 1577 et
2157 1501 2164 1507 ’

513 1601 766 1657 liberalis
795 1602 971 1672 pietas
996 1603 1292 1673 decoravit,
1321 1607 1406 1663 his
1433 1611 1633 1665 studiis
1660 1611 1856 1667 debere
1887 1625 2110 1682 operam

517 1693 673 1748 dare.
709 1693 844 1760 Quae
882 1695 1068 1750 omnia
1111 1706 1163 1752 te
1198 1700 1428 1770 exsequi
1457 1701 1595 1757 velle
1632 1701 1776 1757 istud
1804 1703 1908 1758 erit
1943 1719 2112 1776 argn-

497 1795 810 1852 rmentum,
850 1787 897 1842 si
928 1801 990 1842 ea
1023 1804 1146 1858 qu:e
1176 1779 1280 1846 sub
1318 1802 1368 1846 te
1399 1791 1635 1847 Domino
1663 1794 1840 1850 dicata
1871 1805 2030 1863 sunt,
2063 1805 2114 1852 te

522 1879 860 1949 disponente
886 1878 938 1932 in
974 1880 1295 1949 ampliorem
1339 1893 1518 1940 erecta
1569 1894 1772 1940 statmn
1811 1885 2015 1942 fuerint
2050 1904 2116 1944 ac

523 1971 784 2042 expolita,
823 1986 891 2026 ne
914 1980 966 2026 te
987 1972 1280 2030 decedente
1303 1975 1359 2030 in
1393 1992 1516 2031 sese
1545 1977 1813 2032 retineant
1839 1979 1985 2049 quod
2009 1980 2112 2036 sibi

497 2063 661 2117 'verti
697 2073 862 2133 queat
897 2062 950 2117 in
976 2066 1314 2122 scandalum.
1348 2085 1366 2119 ι
1395 2068 1644 2138 Cumque
1665 2070 1916 2141 princeps
1943 2070 2009 2126 iis
2033 2081 2117 2127 at-

524 2155 755 2218 tonitus,
789 2154 891 2209 (-ur
919 2155 1021 2210 ista
1058 2158 1436 2227 pr0p05uisset
1465 2161 1753 2232 diligenter
1780 2162 2113 2232 inquireret,

507 2256 924 2316 «consequenter
949 2247 1133 2302 intulit
1165 2249 1253 2303 ille
1286 2269 1298 2304 :
1335 2272 1352 2301 ι
1373 2249 1559 2306 Insula
1581 2253 2002 2322 quidem,Pater
2031 2272 2117 2310 re-

504 2339 796 2404 W'erendc,
841 2339 929 2393 cui
968 2356 1069 2394 nos
1104 2341 1226 2411 pios
1268 2343 1576 2414 genitormn
1614 2353 1834 2399 tuorum
1881 2355 2116 2403 conatus

523 2430 808 2500 complens
837 2431 1127 2501 prmfeeisti
1149 2476 1162 2500 ,
1198 2434 1256 2488 in
1281 2438 1364 2490 sui
1399 2435 1613 2490 fortiori
1647 2447 1832 2507 parte,
1866 2447 1919 2493 te
1945 2447 2113 2506 teste,

525 2524 720 2578 retinet
755 2533 998 2579 castrum
1051 2535 1156 2580 tua-
1193 2526 1386 2582 ditioni
1426 2528 1740 2596 subditum,
1786 2531 1932 2600 quod
1973 2530 2114 2598 nisi,

523 2617 656 2671 dum
682 2616 910 2680 advivis,
935 2616 1134 2686 jubcas
1171 2618 1236 2673 iri
1266 2620 1558 2689 perdittnu,
1587 2622 1805 2691 quando
1827 2622 1989 2692 quein
2022 2631 2117 2676 tuo

527 2707 781 2763 cornolziu
807 2707 1202 2766 famulau‘tibus
1241 2712 1485 2766 futurmn
1512 2714 1582 2767 sit
1607 2715 1978 2780 contrarium,
2018 2730 2118 2770 nec

516 2800 844 2855 intellectus
874 2801 1165 2872 concipere
1194 2803 1337 2858 valet
1371 2805 1721 2871 mortalium,
1758 2806 1851 2861 sed
1881 2806 1925 2861 si
1950 2807 2114 2874 idem,

531 2893 659 2949 vitre
680 2909 846 2949 causa
871 2895 1145 2964 perennis,
1172 2896 1330 2950 nobis
1354 2896 1480 2950 ﬁliis
1498 2903 1604 2952 tuis
1625 2897 1810 2968 largiri
1834 2898 2114 2967 placuerit,

508 2999 654 3040 'vere
673 2987 818 3057 quod
857 2987 1020 3040 modo
1050 2997 1102 3041 et
1129 2988 1285 3042 nobis
1312 2997 1490 3042 metus
1510 2999 1593 3042 est
1614 2990 1762 3053 mali,
1791 2999 1845 3043 ct
1871 2991 2118 3060 quando-

512 3093 636 3146 rque
652 3072 839 3131 suavis
856 3077 1287 3145 (sirjconsilinm
1306 3081 1504 3150 poterit
1523 3079 1638 3134 fore
1653 3081 1923 3150 iniqumn,
1941 3092 2119 3138 verte—

2214 593 2318 649 Sed
2341 595 2454 664 jam
2489 612 2574 650 res
2600 596 2712 664 ipsa
2737 596 3079 665 exsequenda
3102 596 3331 650 videtur.

2282 684 2454 741 l‘orro
2491 687 2573 740 v-ir
2615 685 2707 741 Dei
2749 685 3151 754 Theodcliuus,
3192 699 3246 742 ut
3271 689 3453 744 dicere.
3480 703 3799 758 emperam,

2211 792 2276 832 ex
2306 778 2487 832 verbis
2519 778 2678 832 ducis
2705 794 2830 848 qua:
2863 779 3068 834 dudum
3110 790 3421 849 slu‘rraverat
3455 781 3674 834 effecturi
3706 797 3805 850 ap-

2214 871 2467 940 propiare
2501 885 2828 941 agnoscens,
2873 869 3058 942 gaudii
3092 873 3175 928 sui
3210 873 3586 941 magnitudine
3614 875 3683 926 ad
3708 889 3802 927 ve-

2213 962 2374 1032 stigia
2407 963 2578 1032 ipsius
2608 978 2894 1029 corruens,
2927 974 2981 1019 et
3009 975 3064 1018 ut
3096 965 3238 1018 dicta
3278 966 3485 1019 chartis
3523 966 3802 1030 tirntarct,

2215 1055 2440 1125 supplex
2483 1054 2867 1148 expostulavit.
2904 1055 3076 1124 Cujus
3105 1057 3357 1124 precibus
3395 1057 3504 1109 dux
3539 1056 3688 1109 haud
3720 1075 3805 1109 se-

2214 1148 2392 1217 gmter
2427 1147 2714 1202 asSensum
2743 1147 2992 1218 pra-bons
3021 1166 3035 1202 :
3079 1166 3096 1200 ι
3126 1147 3420 1214 Quoniam,
3452 1148 3658 1218 inquit,
3685 1163 3807 1216 quae

2213 1240 2425 1310 expetis
2475 1240 2629 1294 firme
2687 1239 3060 1309 stabilitcrque
3129 1240 3356 1294 locanda
3409 1250 3561 1303 sunt,
3627 1249 3807 1308 repete

2214 1332 2548 1402 quantocius
2583 1331 2800 1400 propria
2821 1374 2836 1398 ,
2875 1343 2929 1387 ct
2954 1348 3295 1402 quax-unque
3329 1333 3607 1403 genitores
3633 1330 3808 1386 nostri

2211 1434 2396 1478 etlnos
2429 1422 2683 1478 emnoliio
2711 1433 2806 1477 tuo
2832 1425 3167 1479 contulimus
3207 1423 3400 1479 litteris
3435 1424 3662 1486 manda,
3695 1423 3808 1493 pri-

2215 1523 2414 1584 maque
2463 1514 2741 1570 scribatur
2789 1515 2906 1586 ipsa
2935 1532 3044 1586 qua
3070 1532 3100 1572 a
3129 1531 3215 1571 nte
3253 1516 3411 1570 hodie
3459 1515 3694 1570 (lunaris
3729 1514 3813 1568 in-

2217 1607 2366 1674 sula;
2398 1608 2618 1663 demum
2648 1624 2868 1680 quoque
2898 1625 3004 1664 una
3051 1607 3335 1664 nobiscum
3372 1607 3622 1661 llomana
3669 1607 3812 1661 beati

2215 1697 2360 1756 Petri
2407 1701 2639 1770 apostoli
2661 1701 3068 1767 adiesliiniua;
3101 1701 3506 1770 subjiciamqne
3547 1710 3670 1753 tum
3699 1714 3813 1754 cm-

2218 1791 2440 1846 nobium
2475 1793 2699 1847 cteleste
2741 1792 3012 1863 clavigero
3052 1801 3320 1861 pnesente
3360 1807 3524 1861 papa,
3546 1791 3817 1859 etjnneta

2218 1881 2282 1935 ad
2306 1898 2366 1938 sc
2401 1883 2759 1954 pertinentia;
2789 1883 3284 1954 quatenusauiodo
3311 1883 3442 1937 etin
3481 1891 3814 1951 perpetuum

2217 1973 2287 2026 ab
2341 1974 2490 2028 omni
2537 1975 2824 2031 servitutis
2863 1975 3082 2029 vinculo
3139 1975 3310 2028 libera
3355 1982 3728 2043 permaneant
3765 1981 3818 2027 et

2215 2065 2488 2132 absoluta,
2515 2068 2828 2138 uulliusqne
2861 2067 2986 2123 sint
3011 2067 3252 2136 episcopi
3295 2075 3392 2120 aut
3418 2066 3658 2120 alterius
3699 2079 3818 2117 mo-

2199 2160 2443 2212 nasterii
2473 2160 2679 2214 ditione
2701 2161 2968 2228 subjecta,
2995 2169 3192 2230 pra-ter
3217 2157 3520 2214 Romanam
3547 2157 3820 2227 primipis

2219 2251 2593 2318 apostolorum
2624 2251 2946 2319 Ecclesium,
2994 2251 3083 2306 cui
3122 2251 3420 2321 quotannis
3448 2250 3645 2321 viginti
3681 2250 3819 2303 soli-

2218 2341 2319 2396 dos
2365 2357 2465 2410 pro
2492 2359 2661 2398 censu
2702 2344 2926 2398 solvetis
2973 2358 3036 2398 ac
3065 2343 3278 2412 ponetis
3327 2341 3621 2411 principali
3665 2339 3821 2408 ejus-

2218 2431 2341 2486 dem
2372 2434 2618 2489 ecclesiae
2640 2435 2693 2489 in
2725 2451 2841 2502 ara,
2881 2435 3092 2504 eritque
3118 2450 3321 2489 munus
3357 2433 3456 2488 hoc
3489 2431 3820 2488 memorialis

2219 2511 2288 2579 ad
2310 2533 2517 2580 vestra:
2543 2527 2788 2581 ecclesiae
2810 2527 3078 2591 subsidia,
3103 2527 3243 2582 etad
3267 2527 3382 2580 haec
3403 2542 3528 2596 qtue
3565 2526 3818 2582 diximus

2219 2617 2482 2686 perpetuo
2512 2619 2905 2673 conservanda.
2946 2639 2964 2669 ι
3006 2617 3116 2672 Nec
3143 2635 3316 2683 mora,
3359 2626 3483 2686 post
3518 2617 3636 2671 lucc
3667 2633 3699 2670 a
3728 2615 3820 2671 fa-

2219 2708 2302 2762 cie
2334 2709 2598 2779 principis
2630 2711 2800 2765 abbas
2827 2725 2886 2764 se
2917 2709 3230 2780 subripiens
3263 2724 3614 2779 quaacunqne
3639 2709 3821 2778 impr»

2220 2808 2338 2853 rata
2371 2800 2475 2854 Sibi
2507 2799 2726 2856 fuerant
2769 2802 2964 2856 litteris
3009 2801 3174 2856 tradit
3201 2801 3288 2855 die
3311 2801 3450 2870 ipsa,
3478 2801 3644 2869 eique
3668 2802 3824 2868 prin-

2221 2892 2324 2962 cipi
2351 2891 2528 2958 oﬂ‘ert,
2563 2901 2618 2946 et
2645 2903 2702 2947 ut
2731 2894 2910 2948 Iit-inet
2936 2909 3087 2948 more
3113 2893 3277 2946 solito
3301 2908 3488 2948 coram
3531 2891 3825 2962 Optimati-

2220 2983 2325 3039 bus
2351 2984 2466 3038 suis
2487 2984 2880 3042 instantissime
2907 2985 3126 3056 rogitat.
3149 2983 3298 3051 Quid
3319 2984 3495 3040 multa
3509 2982 3827 3052 ?‘Pi=in¢:eps

2219 3076 2582 3131 libentissime
2609 3078 2822 3143 annuit,
2853 3077 3033 3132 firmat
3067 3077 3315 3131 chartam
3338 3076 3697 3145 reliquisque
3713 3089 3829 3129 no-

520 3178 623 3223 ‘tur
644 3183 712 3223 ac
747 3168 982 3223 manebit
1012 3169 1342 3241 pauperibus
1367 3171 1575 3228 Christi
1601 3173 1656 3227 in
1678 3172 1969 3244 refugium,
1997 3175 2116 3230 ραι-
2147 3175 2190 3234 c
2224 3169 2424 3224 bilibus
2465 3169 2790 3224 ﬁrmandum
2843 3170 3029 3235 tradit,
3079 3183 3390 3238 nomenque
3445 3168 3646 3223 matris
3677 3168 3829 3222 imer

519 3261 815 3330 (fictorque
839 3260 930 3314 illo
960 3259 1116 3316 limes
1139 3279 1249 3332 quo
1281 3265 1528 3334 rapiatur
1549 3265 1768 3320 corlum.
1809 3285 1828 3316 ι
1865 3264 2033 3336 Igitur
2052 3267 2118 3321 eo

530 3352 678 3423 quod
707 3367 766 3408 se
788 3354 1043 3407 manebat
1075 3355 1380 3425 explieante
1403 3399 1417 3422 ,
1450 3365 1562 3411 tum
1596 3357 1705 3411 dux
1737 3357 1828 3412 Dei
1863 3359 2118 3429 omnipo-

533 3433 718 3512 tentis,
747 3454 804 3499 ut
825 3445 1122 3512 credimus,
1143 3447 1479 3518 aspiratione
1506 3459 1850 3505 counnotus:
1881 3470 1897 3502 ι
1932 3449 2008 3515 Si,
2031 3452 2118 3505 in-

531 3539 682 3609 quit,
726 3537 835 3593 illic
876 3539 1110 3609 alicujus
1150 3541 1541 3611 magnitudinis
1576 3542 1785 3613 erigere
1833 3543 2117 3598 basilicam

535 3631 638 3686 rite
675 3631 1072 3701 spoponderis,
1111 3642 1164 3686 et
1197 3635 1427 3689 castello
1458 3651 1488 3688 a
1521 3648 1608 3688 me
1633 3649 1758 3688 eum
1789 3642 1902 3688 toto
1928 3635 2121 3692 insulae

517 3739 765 3795 rem-pore
793 3766 809 3791 ,
868 3724 1107 3795 itemque
1155 3736 1418 3795 prazterea
1463 3726 1636 3780 multo
1679 3743 1908 3785 munere
1948 3730 2121 3787 dona-

535 3818 700 3872 beris.
741 3832 759 3868 ι

608 3909 769 3965 Prius
799 3920 981 3965 autem
1005 3926 1170 3981 quam
1204 3912 1318 3968 ha'c
1343 3913 1722 3983 contingerent
1751 3913 1840 3969 vix
1876 3924 2001 3969 octo
2031 3932 2121 3971 so-

541 4020 621 4061 ;es
661 4003 867 4059 emensi
899 4002 1133 4069 fuerant,
1164 4020 1288 4058 cum
1322 4005 1511 4074 vigiles
1541 4007 1749 4060 castelli
1782 4008 1849 4060 de,
1878 4024 1987 4078 quo
2009 4009 2122 4079 agi-

535 4114 694 4164 mus,
735 4095 1134 4167 permaximum
1195 4095 1728 4166 luminis'pharmn,
1781 4097 1846 4152 ad
1899 4101 2124 4168 spluerae

537 4191 763 4246 modum
791 4188 1156 4254 cochlcatum,
1183 4198 1345 4243 noctu
1375 4204 1540 4258 super
1567 4187 1911 4245 Malliacensc
1935 4206 2123 4246 emno-

538 4283 688 4340 bium
721 4281 939 4339 cmlitns
968 4282 1180 4352 lapsum
1210 4291 1631 4350 conspexerant,
1657 4283 1816 4352 cujus
1839 4283 2125 4353 splendore

537 4376 794 4432 illustrati
835 4375 970 4429 adeo
999 4373 1241 4430 exterriti
1270 4373 1505 4440 fuerant,
1533 4385 1588 4428 ut
1625 4391 1757 4430 voce
1783 4375 2012 4432 confusa
2036 4392 2126 4431 so-

539 4468 659 4523 cios
685 4482 997 4537 assurgere,
1032 4481 1185 4520 arma
1224 4467 1532 4537 corripere,
1567 4467 1754 4522 hostes
1784 4468 2015 4522 insulam
2051 4467 2127 4522 ir-

2220 3267 2512 3314 testatores
2542 3275 2612 3315 'ac
2665 3261 2712 3315 si
2741 3263 2965 3325 viveret,
3003 3276 3102 3330 pro
3128 3277 3195 3315 eo
3229 3260 3375 3330 (μιοὰ
3404 3258 3829 3327 ejusanniver-

2221 3350 2401 3405 sarius
2437 3351 2555 3405 dies
2590 3353 2785 3407 mortis
2839 3353 3126 3421 agebatur,
3170 3351 3517 3405 conscribere
3570 3348 3729 3404 fecit.
3763 3347 3832 3401 Et

2219 3442 2438 3512 quidem
2472 3452 2587 3496 tum
2616 3443 2684 3498 ab
2716 3442 3100 3498 lncarnattone
3138 3441 3354 3496 Domini
3381 3441 3556 3497 nostri
3579 3440 3831 3498 Redem-

2221 3534 2396 3604 ptoris
2426 3535 2748 3591 millesimus
2771 3537 2963 3591 tertius
2983 3550 3164 3589 annus
3185 3534 3527 3598 volvebatur,
3548 3549 3682 3588 eum
3710 3534 3832 3588 hac

2221 3640 2410 3681 mense
2453 3625 2598 3681 Julio
2630 3625 2866 3682 Pietavis
2893 3629 3214 3698 agebantur,
3237 3642 3303 3680 ac
3332 3641 3564 3696 regnare
3591 3624 3831 3678 Francis

2223 3733 2316 3771 rex
2365 3716 2637 3774 Robertus
2674 3720 2967 3774 ferebatur.
2998 3719 3164 3774 Facta
3213 3727 3396 3772 autem
3423 3727 3506 3773 est
3530 3717 3599 3771 ad
3625 3727 3827 3771 votum

2221 3811 2436 3866 abbatis
2467 3826 2529 3865 ac
2561 3813 2824 3882 principis
2871 3812 3112 3882 primum
3161 3810 3403 3865 Pittavis
3441 3809 3636 3864 eadem
3665 3810 3831 3864 char-

2220 3911 2276 3957 ta
2300 3921 2312 3967 ;
2340 3904 2431 3957 sed
2457 3903 2812 3972 subsequenti
2845 3919 2988 3958 anno
3014 3903 3200 3958 Romae
3222 3903 3448 3958 recitata
3471 3919 3538 3956 ac
3562 3902 3829 3956 roborata

2223 4006 2276 4048 et
2300 3996 2351 4048 in
2377 3995 2679 4066 apostolico
2707 3997 2990 4066 privilegio
3019 3996 3304 4050 translata.
3349 3993 3598 4063 Denique
3629 3993 3831 4048 subse-

2225 4088 2412 4157 quenti
2461 4097 2706 4158 tempore
2729 4088 2814 4141 vir
2842 4085 2936 4141 Dei
2973 4085 3340 4141 Theodelinus
3372 4085 3682 4139 secundum
3720 4085 3828 4137 du-

2224 4180 2307 4235 cis
2329 4180 2667 4234 voluntatem
2691 4195 2814 4234 cum
2836 4180 3026 4234 eodem
3049 4177 3280 4233 Romam
3303 4176 3566 4247 perrexit,
3593 4185 3672 4241 et,
3695 4189 3829 4245 prte-

2228 4280 2380 4326 sente
2407 4273 2596 4326 eodem
2628 4273 2893 4342 principe,
2923 4288 3046 4341 qua:
3071 4280 3220 4342 gesta
3253 4268 3476 4323 fuerant
3503 4267 3706 4337 Sergio
3737 4279 3828 4336 pa-

2227 4380 2330 4434 pae,
2354 4363 2445 4434 qui
2475 4373 2588 4418 tum
2607 4365 2721 4418 sedi
2748 4364 3326 4434 apostolieieprieerat,
3345 4361 3626 4429 exposuit.
3657 4357 3827 4413 Cum-

2229 4472 2335 4526 que
2372 4455 2596 4525 Sergius
2643 4473 2712 4510 an
2743 4457 2816 4510 ita
2850 4473 2907 4511 se
2934 4471 3022 4512 res
3050 4455 3274 4510 haberet
3303 4469 3334 4506 a
3363 4452 3616 4523 principe
3643 4450 3829 4521 requi-

2160 4514 2205 4570 Β
2231 4557 2394 4615 reret,
2439 4557 2551 4601 tum
2596 4548 2714 4618 ipse
2745 4563 3042 4618 assurgens
3077 4548 3152 4602 ita
3184 4561 3308 4601 esse
3353 4545 3618 4610 asseruit,
3659 4554 3828 4614 utque

545 4657 791 4712 sererent
816 4651 1074 4705 clamore.
1109 4648 1353 4716 Quorum
1378 4649 1481 4720 ipsi
1513 4650 1846 4707 clamoribus
1872 4667 2129 4723 experge-
2231 4641 2348 4696 11830
2395 4640 2681 4712 privilegio
2713 4639 3059 4694 auctoritatis
3100 4637 3416 4710 προδιοιίοαξ
3469 4637 3828 4693 conﬁnium

551 4740 683 4799 facti
722 4741 935 4798 concite
975 4751 1332 4813 assurgentes
1383 4751 1592 4814 partem
1637 4743 1854 4812 quidem
1910 4743 2130 4798 luminis
2231 4733 2412 4788 νοιίνε
2440 4740 2525 4786 sal
2554 4732 2901 4803 ευρριίρεινὶι-

545 4842 971 4906 οοηενεωτυηιι
999 4833 1240 4905 illudque
1263 4849 1372 4889 "0“
1406 4834 1731 4897 humanum»
1762 4835 1854 4889 sed
1885 4834 2130 4889 diViMm
2239 4847 2379 4919 §Ill.
2414 4846 2658 4914 Qualiter
2694 4848 2796 4918 fuit
2822 4856 3059 4901 castrum
3081 4845 3408 4900 destructum
3445 4853 3496 4898 et
3535 4845 3828 4897 cenabit»:

546 4926 773 4982 'veritate
794 4936 1021 5000 cogente
1042 4924 1278 4982 confessi
1303 4935 1447 4981 sunt.
1465 4924 1669 4980 Deinde
1687 4925 1949 4980 nimirum
1974 4935 2133 4981 nocte
2851 4926 3167 4971 astruclum.

550 5018 652 5048 ηἶῖη
690 5019 988 5050 ι-Αννιιιηηῖη
1029 5018 1250 5052 ηηῖληιίη
1287 5026 1402 5052 (Iv-Ill
1443 5017 1683 5054 nicnnlnr
1721 5017 1848 5056 rl-nn
1895 5017 1957 5056 ‘Jf‘
2013 5015 2117 5058 nm.

2305 5009 2450 5058 Pana
2481 5025 2611 5052 vero
2657 5011 2933 5058 desiderio
2973 5009 3075 5058 viri
3107 5009 3356 5058 allttzlens
3396 5008 3511 5058 (ἶιῑο
3540 5022 3713 5058 sunet‘
3733 5005 3828 5058 hoc

541 4560 777 4631 rupisse,
808 4568 972 4630 atque
997 4557 1394 4614 monasterium
1425 4572 1807 4615 concremassc
1843 4561 2012 4614 multo
2039 4577 2129 4615 as-
