4050 5358
316 224 450 315 tios

1271 250 1358 306 DE
1384 243 1710 306 C(FNOBIO
1742 243 2264 306 MALLEACENSIS
2288 245 2586 306 INSULE.

3414 251 3552 310 1968

311 370 530 436 struxit,
576 376 738 438 atque
764 365 1056 436 designatis
1101 373 1495 434 consequenter
1523 364 1578 416 in
1599 359 1754 421 locis,
1782 373 1879 412 au-
1908 362 1953 414 Α
1981 343 2198 415 summo
2236 361 2468 431 principi
2502 375 2567 415 ac
2590 360 2813 415 domino
2845 358 3090 417 omnlum
3113 376 3320 430 rerum,
3349 355 3550 436 quippe

310 475 461 520 ctore
507 459 758 521 Domino,
796 457 965 513 futuri
995 455 1227 511 ccenobii
1269 456 1618 508 lundamenta
1671 453 1880 521 primus

305 555 487 623 jacere
508 552 690 620 cmpit.
714 549 853 617 Quid
870 548 1073 602 multa?
1099 546 1270 602 Tanta
1290 546 1564 600 celeritate
1586 542 1882 599 aiunttedi-

311 645 491 698 licium
528 642 659 698 illud
697 643 762 694 ad
796 639 1178 708 perfectionem
1235 638 1469 701 venisse,
1497 645 1555 689 ut
1595 643 1719 705 post
1743 648 1881 704 qua-

309 744 435 790 tuor
467 747 642 787 annos
681 731 880 800 prioris
918 727 1232 784 monasterii
1267 727 1463 781 fratres
1520 727 1612 780 illo
1646 723 1878 780 commi-

308 823 601 896 graverint,
622 831 672 876 et
700 822 1035 890 aliquantum
1069 819 1331 886 temporis
1354 818 1409 870 in
1433 817 1626 886 ligneis
1651 814 1879 869 officinis

307 915 685 970 habitaverint.
727 912 859 977 Quae
885 909 1109 964 ofﬁcinae
1131 917 1316 977 postea
1351 916 1654 976 opportune
1678 906 1879 960 effectae

306 1013 435 1062 sunt
476 1005 717 1073 lapidem.
757 1000 877 1056 Jam
925 1015 1056 1055 vero
1090 999 1457 1053 Malliacensis
1501 999 1732 1052 ecclesia
1769 1011 1876 1050 non

305 1095 518 1150 modice
565 1101 899 1157 excreverat,
935 1090 1187 1160 famaque
1215 1089 1638 1159 pulchritudinis
1665 1099 1718 1142 et
1755 1102 1876 1140 ma-

303 1185 601 1257 gnitudinis
633 1185 751 1254 ejus
781 1198 877 1252 per
902 1183 1071 1236 multa
1101 1197 1221 1235 sese
1262 1187 1560 1250 sparserat,
1591 1193 1715 1232 cum
1742 1176 1875 1230 Ber-

302 1292 376 1331 no
404 1275 778 1346 Burguliensis
805 1275 974 1328 abbas
998 1273 1092 1343 qui
1121 1272 1418 1326 Gautberto
1441 1270 1719 1339 praelibato
1745 1284 1874 1323 suc-

301 1374 562 1428 cesserat,
592 1380 858 1434 corporeo
886 1365 1090 1433 rejecto
1112 1363 1346 1432 tegmine
1373 1361 1441 1415 ad
1474 1368 1676 1414 aeterna
1703 1359 1878 1413 demi-

300 1465 441 1528 grat.
480 1456 614 1510 Post
660 1455 819 1524 cujus
848 1455 1130 1510 decessum
1176 1453 1371 1506 fratres
1393 1452 1637 1520 ejusdem
1679 1465 1873 1504 mona-

299 1548 452 1602 sterii
477 1554 630 1600 tanto
664 1546 785 1599 viro
817 1544 994 1599 orbati
1032 1543 1422 1598 Pictaviensem
1445 1539 1744 1610 principem
1773 1553 1876 1594 sa:-

298 1636 538 1708 pefatum
566 1637 914 1700 conveniunt,
957 1633 1352 1705 querimoniam
1390 1633 1646 1702 allegant,
1683 1645 1871 1684 casum

298 1734 598 1797 exponunt,
651 1726 736 1781 sui
774 1725 1042 1790 misereri,
1091 1723 1481 1779 Theodelinum
1542 1721 1648 1776 sibi
1695 1721 1874 1777 Patris

295 1819 476 1872 olllcio
517 1817 666 1888 fungi
700 1817 894 1871 debere
925 1816 1244 1886 implorant;
1292 1812 1667 1884 Burgulicnsis
1700 1811 1874 1866 cccle-

296 1909 396 1964 site
435 1923 626 1964 curam
660 1907 727 1960 ad
753 1906 1003 1961 eumdem
1039 1903 1336 1975 principem
1364 1918 1464 1958 ceu
1487 1900 1870 1966 Malliaccnsis.

293 1999 495 2068 quippe
519 2014 550 2052 a
583 2012 643 2051 se
679 2005 732 2050 et
761 2012 791 2050 a
819 1997 1075 2065 genitrice
1106 1994 1363 2060 fundatae,
1394 1994 1519 2063 jure
1567 1991 1872 2048 fundatoris

295 2089 567 2158 pertinere
601 2095 717 2140 toto
743 2086 938 2140 atl'ectu
978 2084 1330 2156 ingeminant.
1377 2081 1624 2158 Quorum
1656 2081 1872 2153 petitio-

295 2192 420 2232 nem
474 2177 852 2233 rationabilem
881 2177 1023 2230 idem
1054 2176 1308 2245 princeps
1341 2175 1652 2243 suspicatus
1688 2181 1872 2243 patro-

293 2269 500 2322 cinium
526 2267 631 2321 viri
667 2268 749 2322 eis
789 2266 1081 2332 concessit,
1113 2266 1208 2322 sed
1252 2281 1315 2320 ea
1341 2265 1650 2320 conditione
1680 2272 1872 2335 quate-

292 2373 398 2415 nus
432 2374 492 2412 se
517 2357 864 2429 potissimum
895 2373 1004 2411 non
1025 2358 1321 2427 abnegaret
1339 2354 1669 2411 Malliacensi
1693 2353 1866 2424 operi,

292 2450 554 2520 illumque
599 2449 780 2504 locum
816 2463 1032 2520 semper
1072 2449 1177 2505 sibi
1218 2447 1522 2504 attenderet
1565 2447 1871 2518 specialiter

291 2541 670 2604 ammissum.

359 2641 525 2696 nulla
549 2643 781 2713 denique
804 2653 867 2698 ea
890 2641 1211 2712 tcnzpﬁstate
1233 2632 1407 2686 eidem
1433 2630 1600 2690 Patri.
1629 2630 1868 2693 exceptis

289 2730 376 2787 bis
398 2732 632 2797 duobus,
676 2733 802 2787 licet
848 2734 1021 2789 invito
1068 2733 1363 2788 commissa
1412 2735 1539 2787 sum
1578 2738 1862 2788 GBDODIB.

286 2839 522 2894 quorum
556 2824 773 2894 quidem
803 2825 908 2878 alia
944 2840 1039 2894 per
1075 2839 1135 2878 se
1166 2825 1419 2895 regebat;
1445 2823 1550 2878 alia
1577 2838 1704 2878 vero
1741 2837 1869 2892 pro-

286 2915 372 2970 bis
407 2931 472 2970 ac
513 2915 786 2986 religiosis
828 2914 1096 2970 fratribus
1147 2915 1464 2984 injungebat
1508 2914 1864 2983 disponenda.

1981 450 2140 518 cujus
2180 451 2283 505 hoc
2307 460 2393 506 est
2432 450 2707 520 singulare
2734 449 3075 523 privilegium
3111 462 3174 508 ut
3211 455 3302 524 pia
3332 455 3568 526 piorum"

1979 539 2249 596 desideria
2271 541 2429 611 plene
2458 542 2719 612 perducat
2740 542 2809 596 ad
2837 543 3108 610 effectum,
3133 559 3300 615 super
3325 547 3430 602 hoc
3454 561 3546 604 sae-

1981 631 2184 687 tisfecit
2224 633 2492 703 eidemin
2519 634 2664 688 hunc
2706 649 2870 703 quem
2920 636 3082 706 paulo
3110 645 3254 706 post,
3292 637 3413 708 ipso
3444 639 3546 694 doi-

1951 729 2161 790 'nante,
2193 725 2473 793 assignare
2517 726 2861 782 decernimus
2889 727 3133 782 modum.
3177 727 3339 786 Prius
3365 733 3546 788 autem

1978 815 2086 869 tale
2111 816 2243 885 quid
2269 815 2630 871 narrabimus.

2047 905 2230 960 Abbas
2281 907 2690 978 Angiriacensis
2732 907 2976 964 ecclesiae
3015 910 3123 965 illis
3162 909 3562 983 diebuscaput

1977 998 2383 1052 sanctissimum
2409 999 2763 1068 przecursoris
2789 998 3015 1055 Joannis
3030 1000 3286 1073 Baptistae
3308 1002 3560 1070 Domin'r,‘

1976 1089 2122 1157 quod
2143 1089 2446 1158 antiquitus
2482 1089 2536 1142 in
2570 1090 2759 1144 eadem
2791 1090 3170 1146 absconditum
3199 1093 3429 1149 ecclesia
3461 1093 3544 1149 fe-

1977 1179 2218 1245 rebatur,
2241 1179 2439 1245 levare,
2463 1189 2624 1250 atque
2642 1180 2791 1234 omni
2813 1182 3038 1252 populo,
3056 1198 3165 1252 quo
3181 1184 3360 1253 ipsum
3381 1193 3547 1254 caput

1974 1285 2100 1325 vere
2125 1270 2352 1325 Joannis
2370 1287 2492 1327 esse
2525 1271 2685 1326 fidem
2708 1270 2929 1338 faceret,
2959 1281 3234 1329 ostentare
3266 1275 3455 1340 voluit,
3479 1291 3546 1331 ac

1975 1361 2042 1416 ad
2073 1363 2180 1416 tale
2199 1363 2568 1432 spectaculum
2594 1363 2735 1418 inter
2762 1364 3000 1434 reliquos
3027 1363 3414 1420 Theodclinum
3441 1365 3547 1420 Pa-

1972 1461 2114 1506 trem
2165 1453 2430 1508 invitavit.
2472 1453 2806 1508 Adveniente
2836 1453 3020 1524 itaque
3039 1463 3240 1509 statuta
3262 1455 3350 1510 die
3371 1456 3542 1528 Angi-

1975 1543 2124 1598 riaoo
2169 1543 2454 1598 innumera
2501 1543 2652 1613 plebs
2693 1541 2896 1608 adfuit;
2934 1544 3278 1598 sacerdotum
3311 1545 3546 1616 denique

1973 1643 2029 1688 et
2056 1633 2449 1688 monachorum
2473 1633 2925 1689 ctetusconlluxit
2953 1633 3365 1690 insistimabilis.
3382 1635 3546 1692 Cum-

1973 1739 2078 1794 que
2100 1724 2168 1778 ad
2190 1739 2304 1778 rem
2331 1725 2690 1795 peragendam
2716 1735 2938 1777 ventum
2971 1733 3137 1789 esset,
3155 1732 3211 1778 et
3235 1723 3376 1780 inter
3397 1725 3546 1794 prio-

1975 1830 2064 1870 res
2110 1830 2359 1885 quosque
2408 1829 2641 1884 persona
2667 1813 2756 1868 cui
2799 1821 2986 1868 tantus
3013 1815 3307 1870 thesaurus
3323 1813 3565 1870 elevans-

1971 1905 2076 1961 dus
2125 1906 2555 1960 committeretur
2617 1905 2808 1960 idonea
2858 1913 3214 1974 quaereretur,
3255 1904 3546 1975 prosiliens

1971 1995 2231 2067 praefatus
2252 1997 2385 2050 vire
2423 1996 2602 2051 medio
2633 2014 2647 2050 :
2683 2013 2702 2046 ‹
2741 1994 2822 2062 Si,
2870 1995 3066 2065 inquit,
3088 2012 3122 2050 o
3156 1993 3364 2061 Patres,
3383 1995 3544 2064 jubcv

1973 2088 2063 2154 tis,
2103 2087 2362 2143 dilectum
2391 2087 2631 2142 caelestis
2680 2086 2870 2156 sponsi
2907 2100 3011 2156 ego
3057 2085 3414 2140 libentissime
3443 2102 3542 2140 ac-

1971 2179 2135 2250 cipio,
2173 2194 2238 2233 ac
2262 2193 2374 2246 pne
2405 2176 2782 2248 magnitudine
2814 2176 2902 2231 sui
2923 2190 2990 2230 ac
3016 2175 3314 2248 reverentia
3340 2175 3544 2238 multos

1973 2272 2074 2326 tles
2109 2269 2484 2325 exosculatum
2534 2268 2732 2326 vestris
2755 2267 2965 2326 visibus
3001 2274 3350 2340 repraesento.
3384 2284 3406 2318 ι
3429 2264 3546 2328 Cas

1964 2361 2058 2431 jus
2077 2360 2402 2435 professioni
2422 2360 2552 2414 dum
2577 2373 2770 2416 omnes
2793 2357 3114 2425 alluderent,
3137 2356 3367 2417 solemni
3396 2370 3549 2431 praes.

1971 2454 2140 2509 missa
2177 2451 2424 2507 oratione
2467 2451 2536 2508 ad
2588 2458 2805 2509 sanctas
2830 2463 2994 2520 gazas
3035 2448 3258 2517 supplex
3283 2446 3563 2512 accessit..

1969 2545 2192 2609 detexit,
2217 2543 2476 2613 omnique
2517 2540 2851 2597 multitudini
2883 2540 3158 2609 expositas
3185 2553 3280 2608 per
3303 2538 3539 2594 duarum

1970 2624 2139 2690 ferme
2169 2636 2428 2688 horarum
2457 2633 2691 2702 spatium
2717 2631 3129 2688 demonstravit.
3155 2627 3276 2698 Quo
3303 2628 3536 2697 expleto,

1967 2744 2098 2793 eum
2119 2745 2244 2794 eum
2271 2725 2672 2792 recondendam
2701 2735 2892 2788 omnes
2925 2728 3247 2788 autumni”.
3279 2719 3370 2782 tliu
3399 2719 3534 2784 ιιδάὶδ

1969 2838 2195 2900 tumque
2218 2828 2483 2900 prolixam
2513 2826 2816 2881 orationem
2848 2823 3143 2890 simulavit,
3167 2823 3478 2892 sanctisque
3505 2838 3537 2880 e

1967 2921 2223 2977 dentibus
2258 2934 2428 2978 unum
2471 2919 2525 2977 in
2562 2931 2658 2973 ore
2683 2914 2903 2972 occulit.
2933 2912 3133 2970 Verum
3169 2929 3298 2968 mox
3341 2915 3535 2970 condi.-

286 3003 353 3059 Et
375 3007 497 3060 licet
528 3006 598 3060 ab
625 3020 734 3060 uno
762 3006 882 3060 viro
910 3006 1093 3075 plures
1130 3006 1243 3076 regi
1288 3004 1560 3059 Ecclesias
1607 3020 1716 3059 non
1742 3019 1863 3060 esse
1890 3019 1931 3076 ο
1965 3028 2072 3084 gno
2103 3013 2367 3068 multatus
2403 3010 2653 3074 verbere,
2693 3021 2820 3062 nam
2855 3015 2970 3060 tum
3023 3005 3310 3064 oculorum
3359 3006 3540 3079 caruit

284 3099 608 3154 canonicum
656 3097 849 3161 sciam,
881 3097 1083 3152 idcirco
1123 3105 1304 3151 tamen
1350 3095 1485 3150 mibi
1510 3110 1636 3168 .non
1663 3111 1864 3165 appro-

284 3188 463 3244 bando
503 3187 707 3242 referre
736 3202 849 3242 rem
879 3187 1115 3256 placuit;
1139 3187 1234 3241 sed
1274 3193 1332 3240 ut
1373 3201 1468 3254 per
1495 3186 1608 3240 bzec
1639 3187 1864 3256 quilibet

283 3285 544 3347 agnoscat
589 3287 791 3347 quanta
828 3278 881 3330 in
914 3276 1245 3331 Theodelino
1273 3276 1506 3332 discreta
1546 3276 1859 3329 misericor-

282 3367 374 3422 dia
400 3383 525 3422 cum
572 3368 850 3422 moderata
887 3368 1172 3436 prudentia
1201 3367 1453 3439 viguerit.
1486 3366 1679 3421 Videre
1701 3381 1858 3420 nam-

279 3473 390 3530 que
415 3460 550 3514 mihi
580 3460 769 3514 videor
811 3459 1135 3529 multiplicia
1159 3459 1217 3512 in
1246 3474 1312 3514 eo
1335 3459 1606 3514 bonorum
1631 3472 1859 3526 Operum

279 3551 586 3606 excrevisse
611 3553 891 3616 exercitia,
925 3566 1087 3620 quem
1116 3551 1190 3605 ita
1229 3552 1408 3605 omnis
1429 3559 1561 3606 tetas
1592 3549 1858 3620 regularis

279 3640 580 3710 disciplina:
605 3641 1032 3711 amplectebatur
1077 3641 1397 3695 reverentia.
1435 3639 1624 3696 Nonne
1645 3656 1773 3712 ergo
1809 3639 1857 3695 si

278 3740 526 3787 catervas
539 3731 769 3786 fratrum
791 3733 1167 3787 emnobiorum
1189 3732 1293 3786 sibi
1315 3733 1715 3788 submissorum
1733 3734 1854 3803 ejus

278 3823 517 3892 regimen
541 3831 655 3877 toto
681 3822 878 3877 affectu
895 3822 1193 3876 sitientium
1218 3823 1547 3889 intueamur,
1574 3823 1852 3881 lsaianum

277 3912 410 3968 illud
433 3913 714 3967 oraculum
742 3913 1182 3982 quodammodo:
1215 3933 1232 3964 ‹
1253 3912 1456 3968 Panem
1487 3924 1736 3970 nostrum
1757 3931 1854 3970 co-

277 4003 579 4066 medemus,
599 4012 652 4057 et
670 4003 1008 4058 vestimentis
1037 4004 1240 4058 nostris
1263 4005 1586 4072 operiemur,
1611 4013 1851 4066 tantum-

275 4093 439 4151 modo
491 4093 774 4148 invocetur
803 4109 1000 4149 nomen
1042 4104 1196 4151 tuum
1231 4110 1394 4163 super
1421 4110 1541 4160 nos,
1570 4095 1725 4151 aufer
1751 4112 1850 4166 op.-

274 4183 556 4256 probrium
595 4193 846 4240 nostrum
884 4183 1044 4254 (Isai.
1091 4186 1194 4254 iv),
1242 4204 1259 4235 ι
1294 4185 1478 4240 animo
1518 4201 1645 4242 mox
1675 4187 1731 4240 in
1763 4187 1848 4242 his

273 4289 384 4330 non
409 4289 853 4344 compensamus.
908 4275 1088 4343 Quam
1125 4286 1305 4335 autem
1335 4276 1388 4330 in
1430 4277 1761 4347 pupillorum
1784 4294 1848 4333 ac

271 4365 561 4420 viduarum
605 4381 672 4421 ex
701 4365 908 4422 familia
938 4367 1110 4423 sancti
1151 4365 1301 4422 Petri
1331 4367 1682 4422 existentium
1711 4383 1846 4422 con-

272 4457 539 4513 solatione
575 4459 940 4528 largissimus,
965 4473 1241 4528 quamque
1263 4472 1389 4528 erga
1442 4456 1679 4512 famulos
1716 4473 1846 4528 pro-

271 4549 440 4617 prios,
490 4559 552 4604 ut
586 4549 642 4602 in
689 4550 1058 4619 adipiscendis
1089 4549 1369 4608 .bonarum
1415 4548 1614 4603 artium
1654 4549 1847 4606 olliciis

271 4638 612 4710 invigilat-ent
657 4641 923 4696 sollicitus
945 4640 1109 4694 fuerit
1140 4648 1314 4704 taceo,
1341 4655 1409 4694 ne
1431 4639 1483 4692 in
1516 4639 1848 4697 immensum

268 4732 568 4801 proteletur
601 4733 845 4787 narratio
873 4751 885 4786 :
916 4747 979 4786 ea
1006 4731 1268 4786 duntaxat
1291 4745 1412 4801 quae
1439 4732 1680 4802 suscepti
1710 4747 1842 4804 ope-

267 4821 344 4877 ris
365 4823 531 4893 exigit
559 4823 866 4895 dispositio,
885 4837 1274 4880 commemoro.

335 4913 412 4968 Ea
452 4915 721 4982 siquidem
763 4922 1078 4985 tempestate
1114 4912 1437 4971 millesimus
1464 4912 1711 4972 decimus
1733 4913 1841 4970 fer-

261 5005 462 5061 tur'ab
504 5005 883 5061 lncarnatione
933 5003 1235 5063 Salvatoris
1286 5005 1579 5060 emersisse
1638 5021 1837 5074 annus,

257 5098 590 5168 gerebatque
634 5098 782 5153 urbis
815 5097 1040 5153 Pictavae
1084 5095 1446 5164 praesulatum
1476 5093 1836 5164 Gislebertus,

253 5188 484 5243 Francis
537 5201 666 5240 vero
710 5187 997 5260 imperabat
1030 5183 1357 5249 Rutbertus,
1384 5200 1511 5240 cum
1542 5187 1836 5244 vehemen—

253 5280 462 5337 tissime
494 5277 756 5333 mirabilis
783 5277 1070 5349 angrebatur
1093 5276 1496 5342 Theodelinus,
1529 5278 1683 5349 quia,
1708 5295 1837 5335 cum

1963 3104 2169 3160 lumine
2204 3117 2366 3172 :quze
2390 3100 2611 3166 fecerat,
2658 3099 2770 3164 his,
2791 3097 2886 3168 qui
2925 3096 3196 3162 astabant,
3232 3096 3547 3156 verecunde

1962 3195 2110 3260 licet,
2159 3201 2385 3258 reserat,
2432 3191 2627 3246 deinde
2671 3189 2812 3245 male
2858 3189 3119 3248 amissam
3170 3187 3542 3248 valetudinem

1959 3285 2269 3341 confitendo
2315 3283 2475 3352 digne
2529 3297 2713 3336 secum
2773 3288 3032 3348 reportat.
3063 3278 3186 3334 Haec
3229 3278 3319 3350 pio
3357 3287 3544 3334 ostem.

1961 3377 2126 3431 tando
2162 3373 2262 3428 viri
2295 3382 2424 3427 voto
2448 3388 2576 3442 erga
2627 3379 2943 3428 sanctorum
2974 3369 3196 3441 pignera
3233 3369 3534 3440 inseruisse

1959 3465 2253 3524 sullecerit.
2274 3462 2397 3517 iam
2421 3477 2552 3518 vero
2573 3462 2772 3533 stylum
2790 3469 3206 3534 retorqueamus
3234 3459 3370 3514 adid
3386 3473 3528 3534 quo.

1958 3558 2122 3616 modo
2157 3554 2428 3612 desiderio
2449 3554 2621 3625 ipsius
2655 3549 2993 3608 satisfactum
3018 3549 3106 3604 sit.

1959 3671 1988 3744 ς
2024 3667 2113 3744 IV.
2143 3667 2405 3734 Qualiter,
2433 3674 2492 3744 _et
2513 3683 2545 3720 α
2581 3667 2768 3744 quibus
2811 3663 3070 3744 personis,
3095 3671 3145 3717 et
3173 3662 3423 3744 alquibtu
3447 3663 3528 3716 ιο.

2026 3741 2121 3803 cis,
2150 3732 2200 3792 et
2225 3754 2342 3808 quia
2373 3732 2634 3790 miracula
2666 3732 2819 3808 facta
2847 3735 2974 3799 sint,
2995 3743 3042 3808 et
3081 3749 3182 3802 quo
3206 3732 3319 3788 loco
3345 3743 3524 3787 trans.

2027 3809 2197 3863 latum
2226 3804 2302 3862 est
2334 3824 2519 3886 corpus
2549 3804 2719 3860 saneti
2747 3804 3028 3876 Rigomeri.

2019 3898 2190 3972 Igitur
2217 3906 2341 3968 post
2363 3899 2654 3954 terminum
2679 3895 2756 3950 rei
2779 3894 3126 3966 praescripta,
3157 3893 3284 3948 dum
3306 3891 3372 3948 ad
3397 3907 3532 3963 pro-.1

1949 3992 2069 4063 pria
2094 3997 2388 4046 remeasset
2415 3989 2461 4044 is
2493 3987 2558 4043 de
2583 4001 2692 4061 quo
2739 3987 2974 4057 agimus,
3006 4000 3171 4052 causa
3217 3984 3478 4038 intercess
3504 3990 3526 4039 t

1949 4100 2056 4154 qua
2082 4098 2206 4138 eum
2236 4079 2390 4150 Hugo
2413 4079 2842 4136 Cenomanensis
2865 4092 3047 4133 comes
3076 4075 3409 4132 conveniret.
3433 4073 3521 4128 Si-

1948 4174 2167 4246 quidem
2211 4170 2568 4230 imminebant
2615 4169 2719 4238 ipsi
2763 4184 2858 4238 per
2886 4167 3121 4222 maxima
3148 4180 3375 4235 quaeque
3424 4179 3520 4217 ne-

1949 4266 2113 4336 gotia,
2149 4279 2272 4337 qua:
2304 4279 2369 4316 eo
2417 4261 2746 4324 inconsulto,
2793 4257 3050 4327 diligebat
3092 4271 3328 4325 namque
3367 4254 3521 4309 illum

1879 4339 1924 4392 Ῑ)
1951 4355 2215 4411 cbaritate
2256 4353 2445 4416 libera,
2491 4351 2592 4405 sibi
2620 4349 2843 4407 timebat
2887 4349 3154 4403 nocitura.
3185 4347 3432 4418 Cumque
3454 4361 3521 4402 ex
3595 4343 3599 4346 ’

1950 4448 2203 4502 omnibus
2238 4446 2438 4516 quibus
2465 4447 2590 4498 eum
2639 4440 3019 4497 consulturum
3069 4447 3287 4508 pararat
3309 4435 3548 4509 egregie

1947 4539 2245 4609 accepisset
2265 4551 2555 4606 responsa,
2575 4535 2902 4602 demumque
2927 4530 2994 4585 ad
3032 4530 3261 4586 invicem
3288 4528 3523 4586 familia-

1947 4630 2028 4684 ria
2053 4630 2300 4702 qua:dam
2331 4629 2660 4683 alternarent
2690 4623 2980 4693 colloquia,
3007 4621 3148 4677 inter
3177 4623 3292 4676 haec
3327 4631 3381 4676 et
3409 4623 3537 4690 illa,

1946 4737 2148 4789 comes,
2174 4729 2234 4777 ut
2271 4721 2484 4776 videtur
2516 4717 2747 4774 Domino
2782 4715 3102 4784 inspirante,
3135 4706 3382 4770 abbatem
3427 4731 3524 4770 ro-

1945 4823 2035 4888 gat
2075 4823 2259 4870 utrum
2301 4812 2406 4870 sibi
2439 4811 2507 4866 ad
2560 4799 2697 4867 tanti
2726 4808 2908 4878 operis
2936 4807 3368 4878 supplementum
3392 4806 3550 4873 boni-

1943 4906 2187 4977 alllueret
2213 4905 2458 4969 ubertas,
2493 4918 2561 4959 an
2585 4917 2641 4958 se
2662 4899 3133 4967 circumcingeret,
3153 4894 3233 4948 uti
3253 4894 3308 4946 in
3337 4909 3554 4957 recen,

1943 4998 2090 5054 tibus
2124 5012 2268 5066 saepe
2315 4994 2532 5062 accidit,
2564 5008 2747 5055 rerum
2799 4989 3063 5047 tenuitas.
3093 4986 3161 5041 At
3185 4981 3274 5037 ille
3305 4998 3318 5033 :
3353 5003 3371 5034 ‹
3410 4983 3571 5051 ΡιιιἸ

1943 5090 2119 5157 rimis,
2146 5090 2344 5160 inquit,
2370 5086 2418 5140 si
2440 5087 2506 5140 de
2538 5083 2930 5155 temporalibus
2960 5078 3244 5152 disputas,
3259 5073 3594 5158 bonorum.

1937 5182 2007 5240 ad
2027 5182 2352 5253 explendum
2381 5177 2600 5232 abundo
2630 5175 2876 5230 omnium
2899 5172 3108 5238 copiis,
3135 5162 3376 5256 sedrquid
3402 5174 3597 5256 mihi

1939 5291 2007 5331 ex
2031 5275 2099 5331 iis
2129 5271 2442 5335 solaminis,
2491 5271 2623 5325 dum
2655 5255 2970 5322 sanctorum
3037 5255 3350 5336 pigneribus
3376 5269 3595 5337 care0
