  <div class='ocr_page' id='page_1' title='image "/cluster/home/n/w/nwhite01/storage/ocr_20150623/146/hvd.32044015471832/643.png"; bbox 0 0 4050 5358; ppageno 0'>
   <div class='ocr_carea' id='block_1_1' title="bbox 528 297 681 359">
    <p class='ocr_par' dir='ltr' id='par_1_1' title="bbox 528 297 681 359">
     <span class='ocr_line' id='line_1_1' title="bbox 528 297 681 359; baseline 0.039 -7"><span class='ocrx_word' id='word_1_1' title='bbox 528 297 681 359; x_wconf 66' lang='grc' dir='ltr'><strong>ηδτ</strong></span> 
     </span>
    </p>
   </div>
   <div class='ocr_carea' id='block_1_2' title="bbox 1546 294 2749 359">
    <p class='ocr_par' dir='ltr' id='par_1_2' title="bbox 1546 294 2749 359">
     <span class='ocr_line' id='line_1_2' title="bbox 1546 294 2749 359; baseline -0.001 -2"><span class='ocrx_word' id='word_1_2' title='bbox 1546 316 1553 321; x_wconf 79' lang='lat'><strong><em>&#39;</em></strong></span> <span class='ocrx_word' id='word_1_3' title='bbox 1622 300 1825 357; x_wconf 75' lang='lat' dir='ltr'><strong>PETRI</strong></span> <span class='ocrx_word' id='word_1_4' title='bbox 1861 299 2388 359; x_wconf 74' lang='lat' dir='ltr'><strong>MALLEACENSIS</strong></span> <span class='ocrx_word' id='word_1_5' title='bbox 2409 297 2717 359; x_wconf 75' lang='lat' dir='ltr'><strong>MONACHI</strong></span> <span class='ocrx_word' id='word_1_6' title='bbox 2746 294 2749 301; x_wconf 42' lang='grc'><em>⁴</em></span> 
     </span>
    </p>
   </div>
   <div class='ocr_carea' id='block_1_3' title="bbox 3664 298 3802 363">
    <p class='ocr_par' dir='ltr' id='par_1_3' title="bbox 3664 298 3802 363">
     <span class='ocr_line' id='line_1_3' title="bbox 3664 298 3802 363; baseline 0.029 -4"><span class='ocrx_word' id='word_1_7' title='bbox 3664 298 3802 363; x_wconf 66' lang='grc'><strong>1268</strong></span> 
     </span>
    </p>
   </div>
   <div class='ocr_carea' id='block_1_4' title="bbox 522 409 3802 487">
    <p class='ocr_par' dir='ltr' id='par_1_4' title="bbox 522 409 3802 487">
     <span class='ocr_line' id='line_1_4' title="bbox 522 409 3802 487; baseline 0.004 -23"><span class='ocrx_word' id='word_1_8' title='bbox 522 410 817 467; x_wconf 69' lang='lat' dir='ltr'><strong>memoriae</strong></span> <span class='ocrx_word' id='word_1_9' title='bbox 852 427 1078 482; x_wconf 83' lang='lat' dir='ltr'><strong>campos</strong></span> <span class='ocrx_word' id='word_1_10' title='bbox 1106 411 1475 483; x_wconf 86' lang='lat' dir='ltr'><strong>percurrendo</strong></span> <span class='ocrx_word' id='word_1_11' title='bbox 1513 420 1772 487; x_wconf 81' lang='lat' dir='ltr'><strong>retracta,</strong></span> <span class='ocrx_word' id='word_1_12' title='bbox 1804 428 1868 468; x_wconf 88' lang='lat' dir='ltr'><strong>ac</strong></span> <span class='ocrx_word' id='word_1_13' title='bbox 1891 411 1937 468; x_wconf 88' lang='lat' dir='ltr'><strong>si</strong></span> <span class='ocrx_word' id='word_1_14' title='bbox 1982 410 2114 482; x_wconf 87' lang='lat' dir='ltr'><strong>quid</strong></span> <span class='ocrx_word' id='word_1_15' title='bbox 2142 413 2188 469; x_wconf 82' lang='grc' dir='ltr'><strong>Α</strong></span> <span class='ocrx_word' id='word_1_16' title='bbox 2213 413 2352 482; x_wconf 85' lang='lat' dir='ltr'><strong>repti</strong></span> <span class='ocrx_word' id='word_1_17' title='bbox 2385 454 2402 481; x_wconf 94' lang='lat'><strong>,</strong></span> <span class='ocrx_word' id='word_1_18' title='bbox 2454 411 2871 470; x_wconf 79' lang='lat' dir='ltr'><strong>conclamabant</strong></span> <span class='ocrx_word' id='word_1_19' title='bbox 2923 409 3092 482; x_wconf 84' lang='lat' dir='ltr'><strong>priori</strong></span> <span class='ocrx_word' id='word_1_20' title='bbox 3153 412 3351 468; x_wconf 87' lang='lat' dir='ltr'><strong>debere</strong></span> <span class='ocrx_word' id='word_1_21' title='bbox 3404 412 3625 471; x_wconf 84' lang='lat' dir='ltr'><strong>restitui</strong></span> <span class='ocrx_word' id='word_1_22' title='bbox 3677 416 3802 476; x_wconf 84' lang='lat' dir='ltr'><strong>loco</strong></span> 
     </span>
    </p>
   </div>
   <div class='ocr_carea' id='block_1_5' title="bbox 520 501 2115 575">
    <p class='ocr_par' dir='ltr' id='par_1_5' title="bbox 520 501 2115 575">
     <span class='ocr_line' id='line_1_5' title="bbox 520 501 2115 575; baseline -0.001 -18"><span class='ocrx_word' id='word_1_23' title='bbox 520 504 818 571; x_wconf 62' lang='lat' dir='ltr'><strong>preraies,</strong></span> <span class='ocrx_word' id='word_1_24' title='bbox 848 504 1028 575; x_wconf 72' lang='lat' dir='ltr'><strong>praebe</strong></span> <span class='ocrx_word' id='word_1_25' title='bbox 1066 505 1211 560; x_wconf 83' lang='lat' dir='ltr'><strong>unde</strong></span> <span class='ocrx_word' id='word_1_26' title='bbox 1255 503 1377 560; x_wconf 83' lang='lat' dir='ltr'><strong>sitis</strong></span> <span class='ocrx_word' id='word_1_27' title='bbox 1404 518 1541 560; x_wconf 77' lang='lat' dir='ltr'><strong>mem</strong></span> <span class='ocrx_word' id='word_1_28' title='bbox 1563 505 1727 560; x_wconf 86' lang='lat' dir='ltr'><strong>ardor</strong></span> <span class='ocrx_word' id='word_1_29' title='bbox 1757 504 1937 574; x_wconf 75' lang='lat' dir='ltr'><strong>capiat</strong></span> <span class='ocrx_word' id='word_1_30' title='bbox 1964 501 2115 558; x_wconf 72' lang='lat' dir='ltr'><strong>refri—</strong></span> 
     </span>
    </p>
   </div>
   <div class='ocr_carea' id='block_1_6' title="bbox 2212 506 3803 578">
    <p class='ocr_par' dir='ltr' id='par_1_6' title="bbox 2212 506 3803 578">
     <span class='ocr_line' id='line_1_6' title="bbox 2212 506 3803 578; baseline 0.001 -16"><span class='ocrx_word' id='word_1_31' title='bbox 2212 514 2400 562; x_wconf 78' lang='lat' dir='ltr'><strong>saucta</strong></span> <span class='ocrx_word' id='word_1_32' title='bbox 2443 506 2691 578; x_wconf 74' lang='lat' dir='ltr'><strong>pignera,</strong></span> <span class='ocrx_word' id='word_1_33' title='bbox 2730 507 2974 577; x_wconf 81' lang='lat' dir='ltr'><strong>alioquin</strong></span> <span class='ocrx_word' id='word_1_34' title='bbox 3013 519 3352 578; x_wconf 75' lang='lat' dir='ltr'><strong>nequaquam</strong></span> <span class='ocrx_word' id='word_1_35' title='bbox 3391 522 3663 564; x_wconf 78' lang='lat' dir='ltr'><strong>evasuros</strong></span> <span class='ocrx_word' id='word_1_36' title='bbox 3698 511 3803 564; x_wconf 82' lang='lat' dir='ltr'><strong>hu-</strong></span> 
     </span>
    </p>
   </div>
   <div class='ocr_carea' id='block_1_7' title="bbox 516 594 3801 677">
    <p class='ocr_par' dir='ltr' id='par_1_7' title="bbox 516 594 3801 677">
     <span class='ocr_line' id='line_1_7' title="bbox 516 594 3801 677; baseline 0.003 -29"><span class='ocrx_word' id='word_1_37' title='bbox 516 594 744 677; x_wconf 68' lang='lat' dir='ltr'><strong>geria.)</strong></span> <span class='ocrx_word' id='word_1_38' title='bbox 778 596 859 650; x_wconf 75' lang='lat' dir='ltr'><strong>Ad</strong></span> <span class='ocrx_word' id='word_1_39' title='bbox 895 597 1009 652; x_wconf 71' lang='lat' dir='ltr'><strong>haec</strong></span> <span class='ocrx_word' id='word_1_40' title='bbox 1038 596 1331 653; x_wconf 84' lang='lat' dir='ltr'><strong>admod’um</strong></span> <span class='ocrx_word' id='word_1_41' title='bbox 1385 595 1648 671; x_wconf 79' lang='lat' dir='ltr'><strong>attonitus</strong></span> <span class='ocrx_word' id='word_1_42' title='bbox 1669 611 1855 652; x_wconf 86' lang='lat' dir='ltr'><strong>comes</strong></span> <span class='ocrx_word' id='word_1_43' title='bbox 1874 594 2113 665; x_wconf 73' lang='lat' dir='ltr'><strong>primum</strong></span> <span class='ocrx_word' id='word_1_44' title='bbox 2207 597 2450 667; x_wconf 85' lang='lat' dir='ltr'><strong>jusmodi</strong></span> <span class='ocrx_word' id='word_1_45' title='bbox 2510 598 2850 653; x_wconf 75' lang='lat' dir='ltr'><strong>discrimina.</strong></span> <span class='ocrx_word' id='word_1_46' title='bbox 2905 597 3040 666; x_wconf 64' lang='lat' dir='ltr'><strong>Quae</strong></span> <span class='ocrx_word' id='word_1_47' title='bbox 3089 600 3314 665; x_wconf 88' lang='lat' dir='ltr'><strong>idcirco,</strong></span> <span class='ocrx_word' id='word_1_48' title='bbox 3384 612 3444 656; x_wconf 86' lang='grc' dir='ltr'>ιιι</span> <span class='ocrx_word' id='word_1_49' title='bbox 3494 603 3801 673; x_wconf 83' lang='lat' dir='ltr'><strong>credimus,</strong></span> 
     </span>
    </p>
   </div>
   <div class='ocr_carea' id='block_1_8' title="bbox 410 685 2110 759">
    <p class='ocr_par' dir='ltr' id='par_1_8' title="bbox 410 685 2110 759">
     <span class='ocr_line' id='line_1_8' title="bbox 410 685 2110 759; baseline 0 -19"><span class='ocrx_word' id='word_1_50' title='bbox 410 685 419 692; x_wconf 80' lang='grc'><em>’</em></span> <span class='ocrx_word' id='word_1_51' title='bbox 514 697 594 757; x_wconf 72' lang='grc' dir='ltr'><strong>«με</strong></span> <span class='ocrx_word' id='word_1_52' title='bbox 609 686 1060 759; x_wconf 81' lang='lat' dir='ltr'><strong>idem.paululum</strong></span> <span class='ocrx_word' id='word_1_53' title='bbox 1096 689 1261 745; x_wconf 86' lang='lat' dir='ltr'><strong>verba</strong></span> <span class='ocrx_word' id='word_1_54' title='bbox 1308 688 1561 746; x_wconf 78' lang='lat' dir='ltr'><strong>faucibus</strong></span> <span class='ocrx_word' id='word_1_55' title='bbox 1587 688 1846 753; x_wconf 90' lang='lat' dir='ltr'><strong>occludit,</strong></span> <span class='ocrx_word' id='word_1_56' title='bbox 1873 687 2110 742; x_wconf 85' lang='lat' dir='ltr'><strong>deinde:</strong></span> 
     </span>
    </p>
   </div>
   <div class='ocr_carea' id='block_1_9' title="bbox 520 778 2109 855">
    <p class='ocr_par' dir='ltr' id='par_1_9' title="bbox 520 778 2109 855">
     <span class='ocr_line' id='line_1_9' title="bbox 520 778 2109 855; baseline -0.004 -18"><span class='ocrx_word' id='word_1_57' title='bbox 520 778 888 855; x_wconf 71' lang='lat' dir='ltr'><strong>«.Qu‘oniam,</strong></span> <span class='ocrx_word' id='word_1_58' title='bbox 931 780 1148 851; x_wconf 84' lang='lat' dir='ltr'><strong>inquit,</strong></span> <span class='ocrx_word' id='word_1_59' title='bbox 1205 796 1553 852; x_wconf 81' lang='lat' dir='ltr'><strong>nequaquam</strong></span> <span class='ocrx_word' id='word_1_60' title='bbox 1597 781 1716 836; x_wconf 60' lang='lat' dir='ltr'><strong>haec</strong></span> <span class='ocrx_word' id='word_1_61' title='bbox 1761 779 1840 834; x_wconf 90' lang='lat' dir='ltr'><strong>tui</strong></span> <span class='ocrx_word' id='word_1_62' title='bbox 1894 786 2109 833; x_wconf 89' lang='lat' dir='ltr'><strong>tantum</strong></span> 
     </span>
    </p>
   </div>
   <div class='ocr_carea' id='block_1_10' title="bbox 528 872 2112 944">
    <p class='ocr_par' dir='ltr' id='par_1_10' title="bbox 528 872 2112 944">
     <span class='ocr_line' id='line_1_10' title="bbox 528 872 2112 944; baseline -0.001 -17"><span class='ocrx_word' id='word_1_63' title='bbox 528 881 657 927; x_wconf 78' lang='lat' dir='ltr'><strong>reor</strong></span> <span class='ocrx_word' id='word_1_64' title='bbox 713 878 899 942; x_wconf 87' lang='lat' dir='ltr'><strong>petere</strong></span> <span class='ocrx_word' id='word_1_65' title='bbox 942 888 1108 929; x_wconf 90' lang='lat' dir='ltr'><strong>causa</strong></span> <span class='ocrx_word' id='word_1_66' title='bbox 1135 916 1151 940; x_wconf 95' lang='lat'><strong>,</strong></span> <span class='ocrx_word' id='word_1_67' title='bbox 1189 873 1321 944; x_wconf 89' lang='lat' dir='ltr'><strong>quin</strong></span> <span class='ocrx_word' id='word_1_68' title='bbox 1370 873 1553 944; x_wconf 81' lang='lat' dir='ltr'><strong>potius</strong></span> <span class='ocrx_word' id='word_1_69' title='bbox 1613 872 1916 927; x_wconf 90' lang='lat' dir='ltr'><strong>multorum</strong></span> <span class='ocrx_word' id='word_1_70' title='bbox 1959 886 2112 926; x_wconf 91' lang='lat' dir='ltr'><strong>com-</strong></span> 
     </span>
    </p>
   </div>
   <div class='ocr_carea' id='block_1_11' title="bbox 528 962 2109 1038">
    <p class='ocr_par' dir='ltr' id='par_1_11' title="bbox 528 962 2109 1038">
     <span class='ocr_line' id='line_1_11' title="bbox 528 962 2109 1038; baseline -0.003 -19"><span class='ocrx_word' id='word_1_71' title='bbox 528 962 679 1019; x_wconf 83' lang='lat' dir='ltr'><strong>modi</strong></span> <span class='ocrx_word' id='word_1_72' title='bbox 734 963 943 1035; x_wconf 88' lang='lat' dir='ltr'><strong>gratia,</strong></span> <span class='ocrx_word' id='word_1_73' title='bbox 976 971 1056 1031; x_wconf 86' lang='lat' dir='ltr'><strong>et,</strong></span> <span class='ocrx_word' id='word_1_74' title='bbox 1108 972 1170 1020; x_wconf 89' lang='lat' dir='ltr'><strong>ut</strong></span> <span class='ocrx_word' id='word_1_75' title='bbox 1217 966 1471 1038; x_wconf 89' lang='lat' dir='ltr'><strong>legimus,</strong></span> <span class='ocrx_word' id='word_1_76' title='bbox 1503 966 1626 1036; x_wconf 84' lang='lat' dir='ltr'><strong>plus</strong></span> <span class='ocrx_word' id='word_1_77' title='bbox 1669 964 1903 1019; x_wconf 90' lang='lat' dir='ltr'><strong>aliorum</strong></span> <span class='ocrx_word' id='word_1_78' title='bbox 1942 977 2109 1031; x_wconf 89' lang='lat' dir='ltr'><strong>quam</strong></span> 
     </span>
    </p>
   </div>
   <div class='ocr_carea' id='block_1_12' title="bbox 526 1052 2107 1128">
    <p class='ocr_par' dir='ltr' id='par_1_12' title="bbox 526 1052 2107 1128">
     <span class='ocr_line' id='line_1_12' title="bbox 526 1052 2107 1128; baseline -0.002 -19"><span class='ocrx_word' id='word_1_79' title='bbox 526 1062 718 1110; x_wconf 85' lang='lat' dir='ltr'><strong>nostra</strong></span> <span class='ocrx_word' id='word_1_80' title='bbox 793 1071 896 1112; x_wconf 87' lang='lat' dir='ltr'><strong>nos</strong></span> <span class='ocrx_word' id='word_1_81' title='bbox 954 1071 1202 1128; x_wconf 71' lang='lat' dir='ltr'><strong>quaerere</strong></span> <span class='ocrx_word' id='word_1_82' title='bbox 1252 1058 1410 1115; x_wconf 87' lang='lat' dir='ltr'><strong>decet</strong></span> <span class='ocrx_word' id='word_1_83' title='bbox 1464 1064 1769 1128; x_wconf 87' lang='lat' dir='ltr'><strong>opportuna</strong></span> <span class='ocrx_word' id='word_1_84' title='bbox 1833 1052 2107 1125; x_wconf 69' lang='lat' dir='ltr'><strong>prtesidia,</strong></span> 
     </span>
    </p>
   </div>
   <div class='ocr_carea' id='block_1_13' title="bbox 524 1143 2111 1221">
    <p class='ocr_par' dir='ltr' id='par_1_13' title="bbox 524 1143 2111 1221">
     <span class='ocr_line' id='line_1_13' title="bbox 524 1143 2111 1221; baseline -0.001 -21"><span class='ocrx_word' id='word_1_85' title='bbox 524 1146 635 1201; x_wconf 90' lang='lat' dir='ltr'><strong>tale</strong></span> <span class='ocrx_word' id='word_1_86' title='bbox 672 1146 833 1217; x_wconf 81' lang='lat' dir='ltr'><strong>quale</strong></span> <span class='ocrx_word' id='word_1_87' title='bbox 877 1148 1125 1218; x_wconf 80' lang='lat' dir='ltr'><strong>postulas</strong></span> <span class='ocrx_word' id='word_1_88' title='bbox 1164 1148 1220 1204; x_wconf 88' lang='lat' dir='ltr'><strong>in</strong></span> <span class='ocrx_word' id='word_1_89' title='bbox 1263 1149 1501 1221; x_wconf 78' lang='lat' dir='ltr'><strong>quadam</strong></span> <span class='ocrx_word' id='word_1_90' title='bbox 1544 1149 1686 1220; x_wconf 82' lang='lat' dir='ltr'><strong>juris</strong></span> <span class='ocrx_word' id='word_1_91' title='bbox 1723 1146 1828 1203; x_wconf 89' lang='lat' dir='ltr'><strong>mei</strong></span> <span class='ocrx_word' id='word_1_92' title='bbox 1867 1143 2111 1200; x_wconf 83' lang='lat' dir='ltr'><strong>Ecclesia</strong></span> 
     </span>
    </p>
   </div>
   <div class='ocr_carea' id='block_1_14' title="bbox 524 1236 2112 1310">
    <p class='ocr_par' dir='ltr' id='par_1_14' title="bbox 524 1236 2112 1310">
     <span class='ocr_line' id='line_1_14' title="bbox 524 1236 2112 1310; baseline -0.001 -20"><span class='ocrx_word' id='word_1_93' title='bbox 524 1236 849 1293; x_wconf 78' lang='lat' dir='ltr'><strong>thesaurum</strong></span> <span class='ocrx_word' id='word_1_94' title='bbox 877 1240 1287 1310; x_wconf 82' lang='lat' dir='ltr'><strong>progenitorum</strong></span> <span class='ocrx_word' id='word_1_95' title='bbox 1317 1256 1566 1297; x_wconf 88' lang='lat' dir='ltr'><strong>meorum</strong></span> <span class='ocrx_word' id='word_1_96' title='bbox 1607 1237 1902 1297; x_wconf 85' lang='lat' dir='ltr'><strong>reservavit</strong></span> <span class='ocrx_word' id='word_1_97' title='bbox 1951 1236 2112 1290; x_wconf 86' lang='lat' dir='ltr'><strong>indu-</strong></span> 
     </span>
    </p>
   </div>
   <div class='ocr_carea' id='block_1_15' title="bbox 524 1328 2113 1401">
    <p class='ocr_par' dir='ltr' id='par_1_15' title="bbox 524 1328 2113 1401">
     <span class='ocr_line' id='line_1_15' title="bbox 524 1328 2113 1401; baseline 0.01 -19"><span class='ocrx_word' id='word_1_98' title='bbox 524 1328 682 1395; x_wconf 79' lang='lat' dir='ltr'><strong>stria,</strong></span> <span class='ocrx_word' id='word_1_99' title='bbox 713 1345 845 1400; x_wconf 86' lang='lat' dir='ltr'><strong>quo,</strong></span> <span class='ocrx_word' id='word_1_100' title='bbox 875 1338 973 1387; x_wconf 80' lang='lat' dir='ltr'><strong>tua</strong></span> <span class='ocrx_word' id='word_1_101' title='bbox 996 1332 1305 1390; x_wconf 76' lang='lat' dir='ltr'><strong>obstrictus</strong></span> <span class='ocrx_word' id='word_1_102' title='bbox 1344 1333 1658 1401; x_wconf 83' lang='lat' dir='ltr'><strong>dilectione,</strong></span> <span class='ocrx_word' id='word_1_103' title='bbox 1707 1347 1795 1387; x_wconf 82' lang='lat' dir='ltr'><strong>me</strong></span> <span class='ocrx_word' id='word_1_104' title='bbox 1839 1329 2113 1401; x_wconf 59' lang='lat' dir='ltr'><strong>exspoiior</strong></span> 
     </span>
    </p>
   </div>
   <div class='ocr_carea' id='block_1_16' title="bbox 523 1419 2129 1493">
    <p class='ocr_par' dir='ltr' id='par_1_16' title="bbox 523 1419 2129 1493">
     <span class='ocr_line' id='line_1_16' title="bbox 523 1419 2129 1493; baseline 0.006 -20"><span class='ocrx_word' id='word_1_105' title='bbox 523 1419 732 1491; x_wconf 77' lang='lat' dir='ltr'><strong>tibique</strong></span> <span class='ocrx_word' id='word_1_106' title='bbox 783 1421 931 1479; x_wconf 86' lang='lat' dir='ltr'><strong>hunc</strong></span> <span class='ocrx_word' id='word_1_107' title='bbox 996 1424 1225 1481; x_wconf 87' lang='lat' dir='ltr'><strong>liberum</strong></span> <span class='ocrx_word' id='word_1_108' title='bbox 1274 1428 1535 1482; x_wconf 90' lang='lat' dir='ltr'><strong>concedo.</strong></span> <span class='ocrx_word' id='word_1_109' title='bbox 1581 1445 1601 1478; x_wconf 72' lang='grc' dir='ltr'><strong><em>ι</em></strong></span> <span class='ocrx_word' id='word_1_110' title='bbox 1659 1424 1785 1479; x_wconf 83' lang='lat' dir='ltr'><strong>Fuit</strong></span> <span class='ocrx_word' id='word_1_111' title='bbox 1838 1422 2129 1493; x_wconf 78' lang='lat' dir='ltr'><strong>siquidem</strong></span> 
     </span>
    </p>
   </div>
   <div class='ocr_carea' id='block_1_17' title="bbox 521 1508 2111 1590">
    <p class='ocr_par' dir='ltr' id='par_1_17' title="bbox 521 1508 2111 1590">
     <span class='ocr_line' id='line_1_17' title="bbox 521 1508 2111 1590; baseline 0.002 -23"><span class='ocrx_word' id='word_1_112' title='bbox 521 1508 651 1567; x_wconf 71' lang='lat' dir='ltr'><strong>Iesu</strong></span> <span class='ocrx_word' id='word_1_113' title='bbox 683 1511 763 1569; x_wconf 89' lang='lat' dir='ltr'><strong>Ch</strong></span> <span class='ocrx_word' id='word_1_114' title='bbox 797 1514 887 1569; x_wconf 85' lang='lat' dir='ltr'><strong>isti</strong></span> <span class='ocrx_word' id='word_1_115' title='bbox 918 1530 1110 1573; x_wconf 79' lang='lat' dir='ltr'><strong>servus</strong></span> <span class='ocrx_word' id='word_1_116' title='bbox 1143 1519 1408 1574; x_wconf 88' lang='lat' dir='ltr'><strong>vocabulo</strong></span> <span class='ocrx_word' id='word_1_117' title='bbox 1440 1519 1785 1590; x_wconf 81' lang='lat' dir='ltr'><strong>Rigomerus,</strong></span> <span class='ocrx_word' id='word_1_118' title='bbox 1821 1515 1981 1586; x_wconf 82' lang='lat' dir='ltr'><strong>cujus</strong></span> <span class='ocrx_word' id='word_1_119' title='bbox 2008 1516 2111 1570; x_wconf 90' lang='lat' dir='ltr'><strong>viri</strong></span> 
     </span>
    </p>
   </div>
   <div class='ocr_carea' id='block_1_18' title="bbox 521 1597 2111 1681">
    <p class='ocr_par' dir='ltr' id='par_1_18' title="bbox 521 1597 2111 1681">
     <span class='ocr_line' id='line_1_18' title="bbox 521 1597 2111 1681; baseline 0.003 -24"><span class='ocrx_word' id='word_1_120' title='bbox 521 1597 781 1674; x_wconf 72' lang='lat' dir='ltr'><strong>leguntur</strong></span> <span class='ocrx_word' id='word_1_121' title='bbox 805 1616 960 1662; x_wconf 90' lang='lat' dir='ltr'><strong>actus</strong></span> <span class='ocrx_word' id='word_1_122' title='bbox 986 1617 1040 1664; x_wconf 88' lang='lat' dir='ltr'><strong>et</strong></span> <span class='ocrx_word' id='word_1_123' title='bbox 1068 1610 1209 1680; x_wconf 87' lang='lat' dir='ltr'><strong>apud</strong></span> <span class='ocrx_word' id='word_1_124' title='bbox 1239 1626 1342 1666; x_wconf 88' lang='lat' dir='ltr'><strong>nos</strong></span> <span class='ocrx_word' id='word_1_125' title='bbox 1367 1610 1576 1667; x_wconf 81' lang='lat' dir='ltr'><strong>crebris</strong></span> <span class='ocrx_word' id='word_1_126' title='bbox 1606 1608 1837 1681; x_wconf 79' lang='lat' dir='ltr'><strong>refulget</strong></span> <span class='ocrx_word' id='word_1_127' title='bbox 1872 1608 2111 1663; x_wconf 86' lang='lat' dir='ltr'><strong>miracu-</strong></span> 
     </span>
    </p>
   </div>
   <div class='ocr_carea' id='block_1_19' title="bbox 521 1692 2141 1773">
    <p class='ocr_par' dir='ltr' id='par_1_19' title="bbox 521 1692 2141 1773">
     <span class='ocr_line' id='line_1_19' title="bbox 521 1692 2141 1773; baseline 0.008 -27"><span class='ocrx_word' id='word_1_128' title='bbox 521 1692 621 1761; x_wconf 69' lang='lat' dir='ltr'><strong>lis,</strong></span> <span class='ocrx_word' id='word_1_129' title='bbox 657 1697 825 1767; x_wconf 77' lang='lat' dir='ltr'><strong>cujus</strong></span> <span class='ocrx_word' id='word_1_130' title='bbox 854 1697 1041 1754; x_wconf 82' lang='lat' dir='ltr'><strong>forsan</strong></span> <span class='ocrx_word' id='word_1_131' title='bbox 1091 1715 1192 1757; x_wconf 89' lang='lat' dir='ltr'><strong>nec</strong></span> <span class='ocrx_word' id='word_1_132' title='bbox 1237 1701 1439 1758; x_wconf 88' lang='lat' dir='ltr'><strong>famam</strong></span> <span class='ocrx_word' id='word_1_133' title='bbox 1480 1718 1769 1773; x_wconf 86' lang='lat' dir='ltr'><strong>acceperas</strong></span> <span class='ocrx_word' id='word_1_134' title='bbox 1820 1698 2141 1759; x_wconf 65' lang='lat' dir='ltr'><strong>hactenus.’</strong></span> 
     </span>
    </p>
   </div>
   <div class='ocr_carea' id='block_1_20' title="bbox 520 1782 2109 1864">
    <p class='ocr_par' dir='ltr' id='par_1_20' title="bbox 520 1782 2109 1864">
     <span class='ocr_line' id='line_1_20' title="bbox 520 1782 2109 1864; baseline 0.008 -25"><span class='ocrx_word' id='word_1_135' title='bbox 520 1782 735 1842; x_wconf 72' lang='lat' dir='ltr'><strong>Mecum</strong></span> <span class='ocrx_word' id='word_1_136' title='bbox 771 1789 957 1860; x_wconf 86' lang='lat' dir='ltr'><strong>itaque</strong></span> <span class='ocrx_word' id='word_1_137' title='bbox 985 1792 1221 1864; x_wconf 80' lang='lat' dir='ltr'><strong>aliquem</strong></span> <span class='ocrx_word' id='word_1_138' title='bbox 1255 1796 1441 1851; x_wconf 87' lang='lat' dir='ltr'><strong>arcani</strong></span> <span class='ocrx_word' id='word_1_139' title='bbox 1471 1795 1637 1851; x_wconf 91' lang='lat' dir='ltr'><strong>ﬁdum</strong></span> <span class='ocrx_word' id='word_1_140' title='bbox 1670 1795 1951 1852; x_wconf 91' lang='lat' dir='ltr'><strong>custodem</strong></span> <span class='ocrx_word' id='word_1_141' title='bbox 1983 1812 2109 1852; x_wconf 86' lang='lat' dir='ltr'><strong>ncc-</strong></span> 
     </span>
    </p>
   </div>
   <div class='ocr_carea' id='block_1_21' title="bbox 518 1883 2110 1960">
    <p class='ocr_par' dir='ltr' id='par_1_21' title="bbox 518 1883 2110 1960">
     <span class='ocr_line' id='line_1_21' title="bbox 518 1883 2110 1960; baseline 0.008 -28"><span class='ocrx_word' id='word_1_142' title='bbox 518 1888 632 1933; x_wconf 79' lang='lat' dir='ltr'><strong>non</strong></span> <span class='ocrx_word' id='word_1_143' title='bbox 661 1889 716 1935; x_wconf 88' lang='lat' dir='ltr'><strong>et</strong></span> <span class='ocrx_word' id='word_1_144' title='bbox 744 1883 1007 1954; x_wconf 82' lang='lat' dir='ltr'><strong>religione</strong></span> <span class='ocrx_word' id='word_1_145' title='bbox 1033 1887 1326 1955; x_wconf 84' lang='lat' dir='ltr'><strong>probatum</strong></span> <span class='ocrx_word' id='word_1_146' title='bbox 1358 1888 1598 1960; x_wconf 83' lang='lat' dir='ltr'><strong>dirigite.</strong></span> <span class='ocrx_word' id='word_1_147' title='bbox 1630 1887 1744 1960; x_wconf 87' lang='lat' dir='ltr'><strong>Ego</strong></span> <span class='ocrx_word' id='word_1_148' title='bbox 1778 1897 1962 1943; x_wconf 89' lang='lat' dir='ltr'><strong>autem</strong></span> <span class='ocrx_word' id='word_1_149' title='bbox 1989 1888 2110 1958; x_wconf 86' lang='lat' dir='ltr'><strong>ejus</strong></span> 
     </span>
    </p>
   </div>
   <div class='ocr_carea' id='block_1_22' title="bbox 518 1970 2107 2049">
    <p class='ocr_par' dir='ltr' id='par_1_22' title="bbox 518 1970 2107 2049">
     <span class='ocr_line' id='line_1_22' title="bbox 518 1970 2107 2049; baseline 0.006 -25"><span class='ocrx_word' id='word_1_150' title='bbox 518 1970 897 2041; x_wconf 85' lang='lat' dir='ltr'><strong>assignatione</strong></span> <span class='ocrx_word' id='word_1_151' title='bbox 929 1976 995 2032; x_wconf 89' lang='lat' dir='ltr'><strong>ad</strong></span> <span class='ocrx_word' id='word_1_152' title='bbox 1026 1993 1313 2049; x_wconf 85' lang='lat' dir='ltr'><strong>usquequo</strong></span> <span class='ocrx_word' id='word_1_153' title='bbox 1337 1974 1653 2036; x_wconf 76' lang='lat' dir='ltr'><strong>mferen‘dus</strong></span> <span class='ocrx_word' id='word_1_154' title='bbox 1683 1989 1768 2036; x_wconf 88' lang='lat' dir='ltr'><strong>est</strong></span> <span class='ocrx_word' id='word_1_155' title='bbox 1810 1980 1989 2036; x_wconf 89' lang='lat' dir='ltr'><strong>locum</strong></span> <span class='ocrx_word' id='word_1_156' title='bbox 2020 1980 2107 2035; x_wconf 83' lang='lat' dir='ltr'><strong>di—</strong></span> 
     </span>
    </p>
   </div>
   <div class='ocr_carea' id='block_1_23' title="bbox 519 2064 2110 2144">
    <p class='ocr_par' dir='ltr' id='par_1_23' title="bbox 519 2064 2110 2144">
     <span class='ocr_line' id='line_1_23' title="bbox 519 2064 2110 2144; baseline 0.008 -28"><span class='ocrx_word' id='word_1_157' title='bbox 519 2076 670 2130; x_wconf 81' lang='lat' dir='ltr'><strong>gno,</strong></span> <span class='ocrx_word' id='word_1_158' title='bbox 716 2064 772 2121; x_wconf 89' lang='lat' dir='ltr'><strong>in</strong></span> <span class='ocrx_word' id='word_1_159' title='bbox 828 2079 1093 2138; x_wconf 89' lang='lat' dir='ltr'><strong>quantum</strong></span> <span class='ocrx_word' id='word_1_160' title='bbox 1140 2071 1382 2139; x_wconf 88' lang='lat' dir='ltr'><strong>valuero,</strong></span> <span class='ocrx_word' id='word_1_161' title='bbox 1430 2072 1759 2144; x_wconf 87' lang='lat' dir='ltr'><strong>dignissimo</strong></span> <span class='ocrx_word' id='word_1_162' title='bbox 1805 2088 2110 2144; x_wconf 85' lang='lat' dir='ltr'><strong>prosequar</strong></span> 
     </span>
    </p>
   </div>
   <div class='ocr_carea' id='block_1_24' title="bbox 520 2154 2108 2236">
    <p class='ocr_par' dir='ltr' id='par_1_24' title="bbox 520 2154 2108 2236">
     <span class='ocr_line' id='line_1_24' title="bbox 520 2154 2108 2236; baseline 0.009 -31"><span class='ocrx_word' id='word_1_163' title='bbox 520 2154 810 2227; x_wconf 76' lang='lat' dir='ltr'><strong>obsequio.</strong></span> <span class='ocrx_word' id='word_1_164' title='bbox 842 2159 941 2217; x_wconf 82' lang='lat' dir='ltr'><strong>His</strong></span> <span class='ocrx_word' id='word_1_165' title='bbox 968 2163 1168 2218; x_wconf 85' lang='lat' dir='ltr'><strong>auditis</strong></span> <span class='ocrx_word' id='word_1_166' title='bbox 1198 2163 1285 2218; x_wconf 87' lang='lat' dir='ltr'><strong>vir</strong></span> <span class='ocrx_word' id='word_1_167' title='bbox 1310 2165 1654 2221; x_wconf 79' lang='lat' dir='ltr'><strong>venerandus</strong></span> <span class='ocrx_word' id='word_1_168' title='bbox 1680 2174 1889 2236; x_wconf 92' lang='lat' dir='ltr'><strong>quanto</strong></span> <span class='ocrx_word' id='word_1_169' title='bbox 1933 2165 2108 2235; x_wconf 86' lang='lat' dir='ltr'><strong>tripu-</strong></span> 
     </span>
    </p>
   </div>
   <div class='ocr_carea' id='block_1_25' title="bbox 517 2246 2114 2328">
    <p class='ocr_par' dir='ltr' id='par_1_25' title="bbox 517 2246 2114 2328">
     <span class='ocr_line' id='line_1_25' title="bbox 517 2246 2114 2328; baseline 0.007 -28"><span class='ocrx_word' id='word_1_170' title='bbox 517 2246 690 2304; x_wconf 87' lang='lat' dir='ltr'><strong>diavit</strong></span> <span class='ocrx_word' id='word_1_171' title='bbox 740 2253 979 2322; x_wconf 89' lang='lat' dir='ltr'><strong>gaudio,</strong></span> <span class='ocrx_word' id='word_1_172' title='bbox 1029 2262 1306 2328; x_wconf 85' lang='lat' dir='ltr'><strong>quamque</strong></span> <span class='ocrx_word' id='word_1_173' title='bbox 1365 2256 1559 2313; x_wconf 81' lang='lat' dir='ltr'><strong>festive</strong></span> <span class='ocrx_word' id='word_1_174' title='bbox 1611 2274 1828 2314; x_wconf 87' lang='lat' dir='ltr'><strong>summo</strong></span> <span class='ocrx_word' id='word_1_175' title='bbox 1877 2257 2114 2313; x_wconf 87' lang='lat' dir='ltr'><strong>Domino</strong></span> 
     </span>
    </p>
   </div>
   <div class='ocr_carea' id='block_1_26' title="bbox 514 2339 2107 2420">
    <p class='ocr_par' dir='ltr' id='par_1_26' title="bbox 514 2339 2107 2420">
     <span class='ocr_line' id='line_1_26' title="bbox 514 2339 2107 2420; baseline 0.008 -28"><span class='ocrx_word' id='word_1_176' title='bbox 514 2339 766 2412; x_wconf 85' lang='lat' dir='ltr'><strong>tantique</strong></span> <span class='ocrx_word' id='word_1_177' title='bbox 808 2344 938 2401; x_wconf 80' lang='lat' dir='ltr'><strong>boni</strong></span> <span class='ocrx_word' id='word_1_178' title='bbox 982 2347 1228 2419; x_wconf 83' lang='lat' dir='ltr'><strong>largitori</strong></span> <span class='ocrx_word' id='word_1_179' title='bbox 1259 2348 1630 2420; x_wconf 81' lang='lat' dir='ltr'><strong>multipliciter</strong></span> <span class='ocrx_word' id='word_1_180' title='bbox 1657 2350 1975 2405; x_wconf 87' lang='lat' dir='ltr'><strong>innumeras</strong></span> <span class='ocrx_word' id='word_1_181' title='bbox 2018 2365 2107 2405; x_wconf 83' lang='lat' dir='ltr'><strong>re-</strong></span> 
     </span>
    </p>
   </div>
   <div class='ocr_carea' id='block_1_27' title="bbox 516 2432 2108 2513">
    <p class='ocr_par' dir='ltr' id='par_1_27' title="bbox 516 2432 2108 2513">
     <span class='ocr_line' id='line_1_27' title="bbox 516 2432 2108 2513; baseline 0.005 -27"><span class='ocrx_word' id='word_1_182' title='bbox 516 2432 706 2501; x_wconf 83' lang='lat' dir='ltr'><strong>pendit</strong></span> <span class='ocrx_word' id='word_1_183' title='bbox 736 2438 944 2506; x_wconf 85' lang='lat' dir='ltr'><strong>gratias</strong></span> <span class='ocrx_word' id='word_1_184' title='bbox 972 2440 1195 2508; x_wconf 86' lang='lat' dir='ltr'><strong>reticeo,</strong></span> <span class='ocrx_word' id='word_1_185' title='bbox 1226 2441 1490 2513; x_wconf 86' lang='lat' dir='ltr'><strong>quoniam</strong></span> <span class='ocrx_word' id='word_1_186' title='bbox 1519 2441 1737 2513; x_wconf 83' lang='lat' dir='ltr'><strong>quilem</strong></span> <span class='ocrx_word' id='word_1_187' title='bbox 1762 2455 2108 2497; x_wconf 84' lang='lat' dir='ltr'><strong>summorum</strong></span> 
     </span>
    </p>
   </div>
   <div class='ocr_carea' id='block_1_28' title="bbox 517 2531 2108 2603">
    <p class='ocr_par' dir='ltr' id='par_1_28' title="bbox 517 2531 2108 2603">
     <span class='ocr_line' id='line_1_28' title="bbox 517 2531 2108 2603; baseline 0.006 -27"><span class='ocrx_word' id='word_1_188' title='bbox 517 2532 801 2582; x_wconf 83' lang='lat' dir='ltr'><strong>oratomm</strong></span> <span class='ocrx_word' id='word_1_189' title='bbox 827 2540 1083 2600; x_wconf 81' lang='lat' dir='ltr'><strong>poemata</strong></span> <span class='ocrx_word' id='word_1_190' title='bbox 1131 2532 1219 2588; x_wconf 93' lang='lat' dir='ltr'><strong>his</strong></span> <span class='ocrx_word' id='word_1_191' title='bbox 1247 2534 1637 2590; x_wconf 88' lang='lat' dir='ltr'><strong>succcumbere</strong></span> <span class='ocrx_word' id='word_1_192' title='bbox 1672 2533 1857 2589; x_wconf 83' lang='lat' dir='ltr'><strong>credo.</strong></span> <span class='ocrx_word' id='word_1_193' title='bbox 1906 2531 2108 2603; x_wconf 84' lang='lat' dir='ltr'><strong>Deligi-</strong></span> 
     </span>
    </p>
   </div>
   <div class='ocr_carea' id='block_1_29' title="bbox 515 2621 2112 2696">
    <p class='ocr_par' dir='ltr' id='par_1_29' title="bbox 515 2621 2112 2696">
     <span class='ocr_line' id='line_1_29' title="bbox 515 2621 2112 2696; baseline 0.006 -28"><span class='ocrx_word' id='word_1_194' title='bbox 515 2622 613 2670; x_wconf 88' lang='lat' dir='ltr'><strong>tur</strong></span> <span class='ocrx_word' id='word_1_195' title='bbox 659 2621 876 2677; x_wconf 87' lang='lat' dir='ltr'><strong>tandem</strong></span> <span class='ocrx_word' id='word_1_196' title='bbox 924 2624 1206 2680; x_wconf 88' lang='lat' dir='ltr'><strong>coinmuni</strong></span> <span class='ocrx_word' id='word_1_197' title='bbox 1259 2626 1491 2682; x_wconf 87' lang='lat' dir='ltr'><strong>consilio</strong></span> <span class='ocrx_word' id='word_1_198' title='bbox 1547 2625 1719 2681; x_wconf 78' lang='lat' dir='ltr'><strong>frater</strong></span> <span class='ocrx_word' id='word_1_199' title='bbox 1774 2625 1996 2696; x_wconf 86' lang='lat' dir='ltr'><strong>quidam</strong></span> <span class='ocrx_word' id='word_1_200' title='bbox 2055 2632 2112 2679; x_wconf 87' lang='lat' dir='ltr'><strong>et</strong></span> 
     </span>
    </p>
   </div>
   <div class='ocr_carea' id='block_1_30' title="bbox 513 2702 2108 2790">
    <p class='ocr_par' dir='ltr' id='par_1_30' title="bbox 513 2702 2108 2790">
     <span class='ocr_line' id='line_1_30' title="bbox 513 2702 2108 2790; baseline 0.007 -29"><span class='ocrx_word' id='word_1_201' title='bbox 513 2702 765 2768; x_wconf 77' lang='lat' dir='ltr'><strong>bonitate</strong></span> <span class='ocrx_word' id='word_1_202' title='bbox 798 2715 1208 2785; x_wconf 85' lang='lat' dir='ltr'><strong>celeberrimus,</strong></span> <span class='ocrx_word' id='word_1_203' title='bbox 1236 2726 1291 2774; x_wconf 90' lang='lat' dir='ltr'><strong>et</strong></span> <span class='ocrx_word' id='word_1_204' title='bbox 1320 2719 1636 2790; x_wconf 88' lang='lat' dir='ltr'><strong>hujusmodi</strong></span> <span class='ocrx_word' id='word_1_205' title='bbox 1682 2718 1907 2790; x_wconf 78' lang='lat' dir='ltr'><strong>negotii,</strong></span> <span class='ocrx_word' id='word_1_206' title='bbox 1936 2725 1998 2772; x_wconf 87' lang='lat' dir='ltr'><strong>ut</strong></span> <span class='ocrx_word' id='word_1_207' title='bbox 2025 2715 2108 2772; x_wconf 88' lang='lat' dir='ltr'><strong>fe-</strong></span> 
     </span>
    </p>
   </div>
   <div class='ocr_carea' id='block_1_31' title="bbox 515 2805 2110 2883">
    <p class='ocr_par' dir='ltr' id='par_1_31' title="bbox 515 2805 2110 2883">
     <span class='ocr_line' id='line_1_31' title="bbox 515 2805 2110 2883; baseline 0.006 -28"><span class='ocrx_word' id='word_1_208' title='bbox 515 2809 669 2868; x_wconf 84' lang='lat' dir='ltr'><strong>runt,</strong></span> <span class='ocrx_word' id='word_1_209' title='bbox 698 2805 981 2866; x_wconf 79' lang='lat' dir='ltr'><strong>ordinatur</strong></span> <span class='ocrx_word' id='word_1_210' title='bbox 1025 2810 1415 2883; x_wconf 88' lang='lat' dir='ltr'><strong>peritissimus,</strong></span> <span class='ocrx_word' id='word_1_211' title='bbox 1453 2811 1751 2881; x_wconf 84' lang='lat' dir='ltr'><strong>comitique</strong></span> <span class='ocrx_word' id='word_1_212' title='bbox 1794 2810 1952 2881; x_wconf 90' lang='lat' dir='ltr'><strong>longe</strong></span> <span class='ocrx_word' id='word_1_213' title='bbox 2005 2809 2110 2864; x_wconf 86' lang='lat' dir='ltr'><strong>sub</strong></span> 
     </span>
    </p>
   </div>
   <div class='ocr_carea' id='block_1_32' title="bbox 517 2892 2112 2967">
    <p class='ocr_par' dir='ltr' id='par_1_32' title="bbox 517 2892 2112 2967">
     <span class='ocr_line' id='line_1_32' title="bbox 517 2892 2112 2967; baseline 0.006 -22"><span class='ocrx_word' id='word_1_214' title='bbox 517 2892 663 2949; x_wconf 88' lang='lat' dir='ltr'><strong>alius</strong></span> <span class='ocrx_word' id='word_1_215' title='bbox 690 2900 873 2967; x_wconf 87' lang='lat' dir='ltr'><strong>operis</strong></span> <span class='ocrx_word' id='word_1_216' title='bbox 900 2901 1240 2959; x_wconf 87' lang='lat' dir='ltr'><strong>intimatione</strong></span> <span class='ocrx_word' id='word_1_217' title='bbox 1264 2903 1588 2960; x_wconf 89' lang='lat' dir='ltr'><strong>associatur.</strong></span> <span class='ocrx_word' id='word_1_218' title='bbox 1626 2901 1697 2957; x_wconf 83' lang='lat' dir='ltr'><strong>At</strong></span> <span class='ocrx_word' id='word_1_219' title='bbox 1720 2901 1813 2956; x_wconf 89' lang='lat' dir='ltr'><strong>ubi</strong></span> <span class='ocrx_word' id='word_1_220' title='bbox 1840 2899 2112 2957; x_wconf 86' lang='lat' dir='ltr'><strong>Cenoma-</strong></span> 
     </span>
    </p>
   </div>
   <div class='ocr_carea' id='block_1_33' title="bbox 515 2983 2109 3066">
    <p class='ocr_par' dir='ltr' id='par_1_33' title="bbox 515 2983 2109 3066">
     <span class='ocr_line' id='line_1_33' title="bbox 515 2983 2109 3066; baseline 0.006 -29"><span class='ocrx_word' id='word_1_221' title='bbox 515 2983 703 3042; x_wconf 85' lang='lat' dir='ltr'><strong>nicam</strong></span> <span class='ocrx_word' id='word_1_222' title='bbox 731 2990 926 3046; x_wconf 81' lang='lat' dir='ltr'><strong>urbem</strong></span> <span class='ocrx_word' id='word_1_223' title='bbox 955 2992 1191 3066; x_wconf 87' lang='lat' dir='ltr'><strong>ingressi</strong></span> <span class='ocrx_word' id='word_1_224' title='bbox 1218 3003 1367 3063; x_wconf 88' lang='lat' dir='ltr'><strong>sunt,</strong></span> <span class='ocrx_word' id='word_1_225' title='bbox 1398 2996 1618 3050; x_wconf 87' lang='lat' dir='ltr'><strong>intimat</strong></span> <span class='ocrx_word' id='word_1_226' title='bbox 1663 2993 1938 3050; x_wconf 82' lang='lat' dir='ltr'><strong>monacho</strong></span> <span class='ocrx_word' id='word_1_227' title='bbox 1968 3006 2109 3062; x_wconf 65' lang='lat' dir='ltr'><strong>prte-</strong></span> 
     </span>
    </p>
   </div>
   <div class='ocr_carea' id='block_1_34' title="bbox 2210 689 3804 762">
    <p class='ocr_par' dir='ltr' id='par_1_34' title="bbox 2210 689 3804 762">
     <span class='ocr_line' id='line_1_34' title="bbox 2210 689 3804 762; baseline 0.005 -18"><span class='ocrx_word' id='word_1_228' title='bbox 2210 689 2392 746; x_wconf 87' lang='lat' dir='ltr'><strong>divina</strong></span> <span class='ocrx_word' id='word_1_229' title='bbox 2418 690 2528 762; x_wconf 88' lang='lat' dir='ltr'><strong>egit</strong></span> <span class='ocrx_word' id='word_1_230' title='bbox 2552 691 2812 761; x_wconf 88' lang='lat' dir='ltr'><strong>potentia,</strong></span> <span class='ocrx_word' id='word_1_231' title='bbox 2847 700 3119 761; x_wconf 76' lang='lat' dir='ltr'><strong>quatenus</strong></span> <span class='ocrx_word' id='word_1_232' title='bbox 3158 694 3206 747; x_wconf 94' lang='lat' dir='ltr'><strong>is</strong></span> <span class='ocrx_word' id='word_1_233' title='bbox 3235 692 3330 762; x_wconf 91' lang='lat' dir='ltr'><strong>qui</strong></span> <span class='ocrx_word' id='word_1_234' title='bbox 3361 692 3651 750; x_wconf 77' lang='lat' dir='ltr'><strong>transferri</strong></span> <span class='ocrx_word' id='word_1_235' title='bbox 3701 711 3804 752; x_wconf 90' lang='lat' dir='ltr'><strong>co-</strong></span> 
     </span>
    </p>
   </div>
   <div class='ocr_carea' id='block_1_35' title="bbox 2212 783 3799 856">
    <p class='ocr_par' dir='ltr' id='par_1_35' title="bbox 2212 783 3799 856">
     <span class='ocr_line' id='line_1_35' title="bbox 2212 783 3799 856; baseline 0.003 -19"><span class='ocrx_word' id='word_1_236' title='bbox 2212 784 2465 850; x_wconf 89' lang='lat' dir='ltr'><strong>nabatur,</strong></span> <span class='ocrx_word' id='word_1_237' title='bbox 2497 783 2741 838; x_wconf 88' lang='lat' dir='ltr'><strong>solidiori</strong></span> <span class='ocrx_word' id='word_1_238' title='bbox 2775 790 3128 837; x_wconf 81' lang='lat' dir='ltr'><strong>veneraretur</strong></span> <span class='ocrx_word' id='word_1_239' title='bbox 3158 791 3215 839; x_wconf 91' lang='lat' dir='ltr'><strong>et</strong></span> <span class='ocrx_word' id='word_1_240' title='bbox 3261 785 3534 840; x_wconf 61' lang='lat' dir='ltr'><strong>coleretur</strong></span> <span class='ocrx_word' id='word_1_241' title='bbox 3562 786 3799 856; x_wconf 58' lang='lat' dir='ltr'><strong>diiigeu-</strong></span> 
     </span>
    </p>
   </div>
   <div class='ocr_carea' id='block_1_36' title="bbox 2211 873 3806 946">
    <p class='ocr_par' dir='ltr' id='par_1_36' title="bbox 2211 873 3806 946">
     <span class='ocr_line' id='line_1_36' title="bbox 2211 873 3806 946; baseline 0.003 -17"><span class='ocrx_word' id='word_1_242' title='bbox 2211 876 2308 929; x_wconf 90' lang='lat' dir='ltr'><strong>tia.</strong></span> <span class='ocrx_word' id='word_1_243' title='bbox 2357 873 2650 929; x_wconf 80' lang='lat' dir='ltr'><strong>Enimvero</strong></span> <span class='ocrx_word' id='word_1_244' title='bbox 2702 874 2867 945; x_wconf 89' lang='lat' dir='ltr'><strong>paulo</strong></span> <span class='ocrx_word' id='word_1_245' title='bbox 2902 882 3027 946; x_wconf 82' lang='lat' dir='ltr'><strong>post</strong></span> <span class='ocrx_word' id='word_1_246' title='bbox 3062 875 3274 930; x_wconf 85' lang='lat' dir='ltr'><strong>reddito</strong></span> <span class='ocrx_word' id='word_1_247' title='bbox 3321 891 3541 943; x_wconf 88' lang='lat' dir='ltr'><strong>sereno,-</strong></span> <span class='ocrx_word' id='word_1_248' title='bbox 3582 878 3806 934; x_wconf 70' lang='lat' dir='ltr'><strong>volente</strong></span> 
     </span>
    </p>
   </div>
   <div class='ocr_carea' id='block_1_37' title="bbox 2210 963 3806 1038">
    <p class='ocr_par' dir='ltr' id='par_1_37' title="bbox 2210 963 3806 1038">
     <span class='ocr_line' id='line_1_37' title="bbox 2210 963 3806 1038; baseline 0.003 -19"><span class='ocrx_word' id='word_1_249' title='bbox 2210 963 2453 1033; x_wconf 84' lang='lat' dir='ltr'><strong>Christo,</strong></span> <span class='ocrx_word' id='word_1_250' title='bbox 2490 981 2731 1037; x_wconf 83' lang='lat' dir='ltr'><strong>congrue</strong></span> <span class='ocrx_word' id='word_1_251' title='bbox 2755 966 3010 1021; x_wconf 87' lang='lat' dir='ltr'><strong>omnibus</strong></span> <span class='ocrx_word' id='word_1_252' title='bbox 3030 981 3154 1037; x_wconf 66' lang='lat' dir='ltr'><strong>quas</strong></span> <span class='ocrx_word' id='word_1_253' title='bbox 3181 981 3271 1022; x_wconf 89' lang='lat' dir='ltr'><strong>res</strong></span> <span class='ocrx_word' id='word_1_254' title='bbox 3303 966 3583 1037; x_wconf 84' lang='lat' dir='ltr'><strong>ﬂagitabat</strong></span> <span class='ocrx_word' id='word_1_255' title='bbox 3611 969 3806 1038; x_wconf 78' lang='lat' dir='ltr'><strong>dispo-</strong></span> 
     </span>
    </p>
   </div>
   <div class='ocr_carea' id='block_1_38' title="bbox 2211 1055 3807 1131">
    <p class='ocr_par' dir='ltr' id='par_1_38' title="bbox 2211 1055 3807 1131">
     <span class='ocr_line' id='line_1_38' title="bbox 2211 1055 3807 1131; baseline 0.004 -21"><span class='ocrx_word' id='word_1_256' title='bbox 2211 1055 2351 1125; x_wconf 85' lang='lat' dir='ltr'><strong>sitis,</strong></span> <span class='ocrx_word' id='word_1_257' title='bbox 2392 1058 2496 1113; x_wconf 89' lang='lat' dir='ltr'><strong>viri</strong></span> <span class='ocrx_word' id='word_1_258' title='bbox 2534 1058 2822 1114; x_wconf 88' lang='lat' dir='ltr'><strong>ecclesiam</strong></span> <span class='ocrx_word' id='word_1_259' title='bbox 2862 1058 3213 1128; x_wconf 83' lang='lat' dir='ltr'><strong>egrediuntur</strong></span> <span class='ocrx_word' id='word_1_260' title='bbox 3244 1071 3582 1131; x_wconf 82' lang='lat' dir='ltr'><strong>acceptoque</strong></span> <span class='ocrx_word' id='word_1_261' title='bbox 3606 1061 3807 1117; x_wconf 88' lang='lat' dir='ltr'><strong>itinere</strong></span> 
     </span>
    </p>
   </div>
   <div class='ocr_carea' id='block_1_39' title="bbox 2211 1148 3812 1223">
    <p class='ocr_par' dir='ltr' id='par_1_39' title="bbox 2211 1148 3812 1223">
     <span class='ocr_line' id='line_1_39' title="bbox 2211 1148 3812 1223; baseline 0.004 -21"><span class='ocrx_word' id='word_1_262' title='bbox 2211 1148 2400 1204; x_wconf 90' lang='lat' dir='ltr'><strong>eadem</strong></span> <span class='ocrx_word' id='word_1_263' title='bbox 2449 1150 2538 1205; x_wconf 87' lang='lat' dir='ltr'><strong>die</strong></span> <span class='ocrx_word' id='word_1_264' title='bbox 2581 1150 2649 1206; x_wconf 88' lang='lat' dir='ltr'><strong>ad</strong></span> <span class='ocrx_word' id='word_1_265' title='bbox 2702 1165 2876 1221; x_wconf 89' lang='lat' dir='ltr'><strong>usque</strong></span> <span class='ocrx_word' id='word_1_266' title='bbox 2908 1149 3296 1221; x_wconf 81' lang='lat' dir='ltr'><strong>Andegavense</strong></span> <span class='ocrx_word' id='word_1_267' title='bbox 3330 1153 3598 1223; x_wconf 80' lang='lat' dir='ltr'><strong>oppidum</strong></span> <span class='ocrx_word' id='word_1_268' title='bbox 3660 1155 3812 1208; x_wconf 74' lang='lat' dir='ltr'><strong>mira</strong></span> 
     </span>
    </p>
   </div>
   <div class='ocr_carea' id='block_1_40' title="bbox 2211 1240 3809 1314">
    <p class='ocr_par' dir='ltr' id='par_1_40' title="bbox 2211 1240 3809 1314">
     <span class='ocr_line' id='line_1_40' title="bbox 2211 1240 3809 1314; baseline 0.003 -19"><span class='ocrx_word' id='word_1_269' title='bbox 2211 1240 2487 1297; x_wconf 83' lang='lat' dir='ltr'><strong>celeritate</strong></span> <span class='ocrx_word' id='word_1_270' title='bbox 2531 1241 2972 1313; x_wconf 87' lang='lat' dir='ltr'><strong>proﬁciscuntur.</strong></span> <span class='ocrx_word' id='word_1_271' title='bbox 3005 1240 3093 1310; x_wconf 86' lang='lat' dir='ltr'><strong>Et,</strong></span> <span class='ocrx_word' id='word_1_272' title='bbox 3124 1244 3386 1313; x_wconf 86' lang='lat' dir='ltr'><strong>quoniam</strong></span> <span class='ocrx_word' id='word_1_273' title='bbox 3437 1245 3566 1314; x_wconf 84' lang='lat' dir='ltr'><strong>ipsa</strong></span> <span class='ocrx_word' id='word_1_274' title='bbox 3605 1246 3809 1299; x_wconf 80' lang='lat' dir='ltr'><strong>eadem</strong></span> 
     </span>
    </p>
   </div>
   <div class='ocr_carea' id='block_1_41' title="bbox 2210 1332 3807 1407">
    <p class='ocr_par' dir='ltr' id='par_1_41' title="bbox 2210 1332 3807 1407">
     <span class='ocr_line' id='line_1_41' title="bbox 2210 1332 3807 1407; baseline 0.004 -21"><span class='ocrx_word' id='word_1_275' title='bbox 2210 1332 2713 1391; x_wconf 76' lang='lat' dir='ltr'><strong>dieamiiversaria:</strong></span> <span class='ocrx_word' id='word_1_276' title='bbox 2754 1334 3116 1390; x_wconf 90' lang='lat' dir='ltr'><strong>solemnitatis</strong></span> <span class='ocrx_word' id='word_1_277' title='bbox 3156 1335 3298 1390; x_wconf 86' lang='lat' dir='ltr'><strong>beati</strong></span> <span class='ocrx_word' id='word_1_278' title='bbox 3331 1335 3514 1390; x_wconf 79' lang='lat' dir='ltr'><strong>Albini</strong></span> <span class='ocrx_word' id='word_1_279' title='bbox 3552 1337 3807 1407; x_wconf 76' lang='lat' dir='ltr'><strong>episcopi</strong></span> 
     </span>
    </p>
   </div>
   <div class='ocr_carea' id='block_1_42' title="bbox 2212 1425 3809 1497">
    <p class='ocr_par' dir='ltr' id='par_1_42' title="bbox 2212 1425 3809 1497">
     <span class='ocr_line' id='line_1_42' title="bbox 2212 1425 3809 1497; baseline 0.001 -18"><span class='ocrx_word' id='word_1_280' title='bbox 2212 1425 2367 1481; x_wconf 86' lang='lat' dir='ltr'><strong>urbis</strong></span> <span class='ocrx_word' id='word_1_281' title='bbox 2409 1425 2713 1497; x_wconf 70' lang='lat' dir='ltr'><strong>Andegava:</strong></span> <span class='ocrx_word' id='word_1_282' title='bbox 2762 1425 2916 1496; x_wconf 89' lang='lat' dir='ltr'><strong>plebs</strong></span> <span class='ocrx_word' id='word_1_283' title='bbox 2943 1425 3082 1481; x_wconf 83' lang='lat' dir='ltr'><strong>festa</strong></span> <span class='ocrx_word' id='word_1_284' title='bbox 3129 1426 3421 1492; x_wconf 85' lang='lat' dir='ltr'><strong>recolebat,</strong></span> <span class='ocrx_word' id='word_1_285' title='bbox 3459 1428 3653 1482; x_wconf 80' lang='lat' dir='ltr'><strong>missae</strong></span> <span class='ocrx_word' id='word_1_286' title='bbox 3689 1429 3809 1482; x_wconf 74' lang='lat' dir='ltr'><strong>adi—</strong></span> 
     </span>
    </p>
   </div>
   <div class='ocr_carea' id='block_1_43' title="bbox 2210 1516 3807 1588">
    <p class='ocr_par' dir='ltr' id='par_1_43' title="bbox 2210 1516 3807 1588">
     <span class='ocr_line' id='line_1_43' title="bbox 2210 1516 3807 1588; baseline 0.002 -17"><span class='ocrx_word' id='word_1_287' title='bbox 2210 1516 2481 1586; x_wconf 59' lang='lat' dir='ltr'><strong>piscendae</strong></span> <span class='ocrx_word' id='word_1_288' title='bbox 2512 1525 2660 1583; x_wconf 79' lang='lat' dir='ltr'><strong>voto,</strong></span> <span class='ocrx_word' id='word_1_289' title='bbox 2709 1517 2886 1572; x_wconf 85' lang='lat' dir='ltr'><strong>sancti</strong></span> <span class='ocrx_word' id='word_1_290' title='bbox 2936 1517 3181 1574; x_wconf 87' lang='lat' dir='ltr'><strong>thesauri</strong></span> <span class='ocrx_word' id='word_1_291' title='bbox 3234 1518 3401 1588; x_wconf 90' lang='lat' dir='ltr'><strong>bajuli</strong></span> <span class='ocrx_word' id='word_1_292' title='bbox 3449 1518 3507 1572; x_wconf 89' lang='lat' dir='ltr'><strong>in</strong></span> <span class='ocrx_word' id='word_1_293' title='bbox 3570 1518 3807 1574; x_wconf 83' lang='lat' dir='ltr'><strong>basilica</strong></span> 
     </span>
    </p>
   </div>
   <div class='ocr_carea' id='block_1_44' title="bbox 2211 1608 3807 1680">
    <p class='ocr_par' dir='ltr' id='par_1_44' title="bbox 2211 1608 3807 1680">
     <span class='ocr_line' id='line_1_44' title="bbox 2211 1608 3807 1680; baseline 0 -16"><span class='ocrx_word' id='word_1_294' title='bbox 2211 1608 2457 1679; x_wconf 84' lang='lat' dir='ltr'><strong>ejusdem</strong></span> <span class='ocrx_word' id='word_1_295' title='bbox 2481 1608 2655 1664; x_wconf 87' lang='lat' dir='ltr'><strong>sancti</strong></span> <span class='ocrx_word' id='word_1_296' title='bbox 2685 1609 2980 1676; x_wconf 77' lang='lat' dir='ltr'><strong>divortunt,</strong></span> <span class='ocrx_word' id='word_1_297' title='bbox 3007 1610 3207 1664; x_wconf 89' lang='lat' dir='ltr'><strong>scrinia</strong></span> <span class='ocrx_word' id='word_1_298' title='bbox 3231 1609 3532 1680; x_wconf 89' lang='lat' dir='ltr'><strong>deponunt,</strong></span> <span class='ocrx_word' id='word_1_299' title='bbox 3559 1609 3807 1664; x_wconf 77' lang='lat' dir='ltr'><strong>olIieiLm</strong></span> 
     </span>
    </p>
   </div>
   <div class='ocr_carea' id='block_1_45' title="bbox 2212 1700 3808 1772">
    <p class='ocr_par' dir='ltr' id='par_1_45' title="bbox 2212 1700 3808 1772">
     <span class='ocr_line' id='line_1_45' title="bbox 2212 1700 3808 1772; baseline 0 -15"><span class='ocrx_word' id='word_1_300' title='bbox 2212 1702 2373 1772; x_wconf 80' lang='lat' dir='ltr'><strong>cujus</strong></span> <span class='ocrx_word' id='word_1_301' title='bbox 2404 1717 2573 1756; x_wconf 84' lang='lat' dir='ltr'><strong>causa</strong></span> <span class='ocrx_word' id='word_1_302' title='bbox 2623 1700 2794 1755; x_wconf 62' lang='lat' dir='ltr'><strong>aedem</strong></span> <span class='ocrx_word' id='word_1_303' title='bbox 2839 1716 3053 1756; x_wconf 84' lang='lat' dir='ltr'><strong>sacram</strong></span> <span class='ocrx_word' id='word_1_304' title='bbox 3105 1700 3354 1756; x_wconf 85' lang='lat' dir='ltr'><strong>adierant</strong></span> <span class='ocrx_word' id='word_1_305' title='bbox 3383 1710 3668 1771; x_wconf 75' lang='lat' dir='ltr'><strong>expetunt,</strong></span> <span class='ocrx_word' id='word_1_306' title='bbox 3709 1703 3808 1757; x_wconf 81' lang='lat' dir='ltr'><strong>sed</strong></span> 
     </span>
    </p>
   </div>
   <div class='ocr_carea' id='block_1_46' title="bbox 2211 1789 3811 1865">
    <p class='ocr_par' dir='ltr' id='par_1_46' title="bbox 2211 1789 3811 1865">
     <span class='ocr_line' id='line_1_46' title="bbox 2211 1789 3811 1865; baseline 0 -17"><span class='ocrx_word' id='word_1_307' title='bbox 2211 1794 2341 1865; x_wconf 90' lang='lat' dir='ltr'><strong>quid</strong></span> <span class='ocrx_word' id='word_1_308' title='bbox 2370 1802 2498 1848; x_wconf 87' lang='lat' dir='ltr'><strong>tunc</strong></span> <span class='ocrx_word' id='word_1_309' title='bbox 2527 1791 2653 1846; x_wconf 89' lang='lat' dir='ltr'><strong>novi</strong></span> <span class='ocrx_word' id='word_1_310' title='bbox 2679 1807 2778 1862; x_wconf 88' lang='lat' dir='ltr'><strong>per</strong></span> <span class='ocrx_word' id='word_1_311' title='bbox 2797 1792 3106 1847; x_wconf 76' lang='lat' dir='ltr'><strong>exanimata</strong></span> <span class='ocrx_word' id='word_1_312' title='bbox 3133 1792 3311 1847; x_wconf 86' lang='lat' dir='ltr'><strong>nostri</strong></span> <span class='ocrx_word' id='word_1_313' title='bbox 3331 1789 3612 1864; x_wconf 84' lang='lat' dir='ltr'><strong>Bigemeri</strong></span> <span class='ocrx_word' id='word_1_314' title='bbox 3633 1808 3811 1848; x_wconf 83' lang='lat' dir='ltr'><strong>mem-</strong></span> 
     </span>
    </p>
   </div>
   <div class='ocr_carea' id='block_1_47' title="bbox 2209 1882 3809 1956">
    <p class='ocr_par' dir='ltr' id='par_1_47' title="bbox 2209 1882 3809 1956">
     <span class='ocr_line' id='line_1_47' title="bbox 2209 1882 3809 1956; baseline -0.001 -14"><span class='ocrx_word' id='word_1_315' title='bbox 2209 1887 2309 1942; x_wconf 88' lang='lat' dir='ltr'><strong>bra</strong></span> <span class='ocrx_word' id='word_1_316' title='bbox 2337 1885 2577 1940; x_wconf 76' lang='lat' dir='ltr'><strong>olfecerit</strong></span> <span class='ocrx_word' id='word_1_317' title='bbox 2608 1882 2827 1939; x_wconf 83' lang='lat' dir='ltr'><strong>Arbiter</strong></span> <span class='ocrx_word' id='word_1_318' title='bbox 2875 1899 3166 1954; x_wconf 88' lang='lat' dir='ltr'><strong>supremus</strong></span> <span class='ocrx_word' id='word_1_319' title='bbox 3206 1882 3592 1953; x_wconf 79' lang='lat' dir='ltr'><strong>proferendum</strong></span> <span class='ocrx_word' id='word_1_320' title='bbox 3631 1899 3809 1956; x_wconf 77' lang='lat' dir='ltr'><strong>quam</strong></span> 
     </span>
    </p>
   </div>
   <div class='ocr_carea' id='block_1_48' title="bbox 2209 1972 3808 2048">
    <p class='ocr_par' dir='ltr' id='par_1_48' title="bbox 2209 1972 3808 2048">
     <span class='ocr_line' id='line_1_48' title="bbox 2209 1972 3808 2048; baseline -0.001 -15"><span class='ocrx_word' id='word_1_321' title='bbox 2209 1977 2501 2033; x_wconf 89' lang='lat' dir='ltr'><strong>tacendum</strong></span> <span class='ocrx_word' id='word_1_322' title='bbox 2534 1975 2748 2031; x_wconf 89' lang='lat' dir='ltr'><strong>videtur</strong></span> <span class='ocrx_word' id='word_1_323' title='bbox 2780 1976 3009 2047; x_wconf 87' lang='lat' dir='ltr'><strong>gratius.</strong></span> <span class='ocrx_word' id='word_1_324' title='bbox 3047 1972 3119 2029; x_wconf 90' lang='lat' dir='ltr'><strong>Ut</strong></span> <span class='ocrx_word' id='word_1_325' title='bbox 3158 1990 3395 2045; x_wconf 88' lang='lat' dir='ltr'><strong>namque</strong></span> <span class='ocrx_word' id='word_1_326' title='bbox 3430 1975 3562 2031; x_wconf 87' lang='lat' dir='ltr'><strong>hinc</strong></span> <span class='ocrx_word' id='word_1_327' title='bbox 3598 1976 3808 2048; x_wconf 84' lang='lat' dir='ltr'><strong>paulu-</strong></span> 
     </span>
    </p>
   </div>
   <div class='ocr_carea' id='block_1_49' title="bbox 2209 2068 2863 2126">
    <p class='ocr_par' dir='ltr' id='par_1_49' title="bbox 2209 2068 2863 2126">
     <span class='ocr_line' id='line_1_49' title="bbox 2209 2068 2863 2126; baseline -0.005 0"><span class='ocrx_word' id='word_1_328' title='bbox 2209 2071 2322 2126; x_wconf 91' lang='lat' dir='ltr'><strong>lum</strong></span> <span class='ocrx_word' id='word_1_329' title='bbox 2361 2068 2599 2124; x_wconf 87' lang='lat' dir='ltr'><strong>ludendo</strong></span> <span class='ocrx_word' id='word_1_330' title='bbox 2627 2084 2820 2124; x_wconf 89' lang='lat' dir='ltr'><strong>canam</strong></span> <span class='ocrx_word' id='word_1_331' title='bbox 2849 2085 2863 2123; x_wconf 85' lang='lat'><strong>:</strong></span> 
     </span>
    </p>
   </div>
   <div class='ocr_carea' id='block_1_50' title="bbox 2280 2159 3736 2232">
    <p class='ocr_par' dir='ltr' id='par_1_50' title="bbox 2280 2159 3736 2232">
     <span class='ocr_line' id='line_1_50' title="bbox 2280 2159 3736 2232; baseline -0.001 -15"><span class='ocrx_word' id='word_1_332' title='bbox 2280 2161 2469 2217; x_wconf 80' lang='lat' dir='ltr'><strong>Virtus</strong></span> <span class='ocrx_word' id='word_1_333' title='bbox 2492 2170 2632 2216; x_wconf 89' lang='lat' dir='ltr'><strong>tecta</strong></span> <span class='ocrx_word' id='word_1_334' title='bbox 2660 2177 2853 2232; x_wconf 88' lang='lat' dir='ltr'><strong>parum</strong></span> <span class='ocrx_word' id='word_1_335' title='bbox 2887 2159 3070 2227; x_wconf 88' lang='lat' dir='ltr'><strong>refert,</strong></span> <span class='ocrx_word' id='word_1_336' title='bbox 3093 2160 3399 2231; x_wconf 84' lang='lat' dir='ltr'><strong>vitiumque</strong></span> <span class='ocrx_word' id='word_1_337' title='bbox 3424 2160 3736 2231; x_wconf 74' lang='lat' dir='ltr'><strong>sepultum.</strong></span> 
     </span>
    </p>
   </div>
   <div class='ocr_carea' id='block_1_51' title="bbox 2209 2251 3815 2325">
    <p class='ocr_par' dir='ltr' id='par_1_51' title="bbox 2209 2251 3815 2325">
     <span class='ocr_line' id='line_1_51' title="bbox 2209 2251 3815 2325; baseline -0.004 -14"><span class='ocrx_word' id='word_1_338' title='bbox 2209 2254 2382 2311; x_wconf 85' lang='lat' dir='ltr'><strong>Porro</strong></span> <span class='ocrx_word' id='word_1_339' title='bbox 2430 2261 2609 2310; x_wconf 87' lang='lat' dir='ltr'><strong>autem</strong></span> <span class='ocrx_word' id='word_1_340' title='bbox 2651 2254 2782 2309; x_wconf 89' lang='lat' dir='ltr'><strong>dum</strong></span> <span class='ocrx_word' id='word_1_341' title='bbox 2828 2261 3179 2309; x_wconf 88' lang='lat' dir='ltr'><strong>sacrosancta</strong></span> <span class='ocrx_word' id='word_1_342' title='bbox 3221 2254 3481 2325; x_wconf 75' lang='lat' dir='ltr'><strong>mysteria</strong></span> <span class='ocrx_word' id='word_1_343' title='bbox 3520 2251 3815 2322; x_wconf 65' lang='lat' dir='ltr'><strong>prmstola-</strong></span> 
     </span>
    </p>
   </div>
   <div class='ocr_carea' id='block_1_52' title="bbox 2209 2342 3821 2416">
    <p class='ocr_par' dir='ltr' id='par_1_52' title="bbox 2209 2342 3821 2416">
     <span class='ocr_line' id='line_1_52' title="bbox 2209 2342 3821 2416; baseline -0.006 -13"><span class='ocrx_word' id='word_1_344' title='bbox 2209 2355 2401 2404; x_wconf 86' lang='lat' dir='ltr'><strong>rentur</strong></span> <span class='ocrx_word' id='word_1_345' title='bbox 2420 2346 2547 2413; x_wconf 88' lang='lat' dir='ltr'><strong>viri,</strong></span> <span class='ocrx_word' id='word_1_346' title='bbox 2572 2353 2627 2400; x_wconf 91' lang='lat' dir='ltr'><strong>ct</strong></span> <span class='ocrx_word' id='word_1_347' title='bbox 2650 2345 2874 2413; x_wconf 83' lang='lat' dir='ltr'><strong>scrinia,</strong></span> <span class='ocrx_word' id='word_1_348' title='bbox 2897 2361 3040 2416; x_wconf 63' lang='lat' dir='ltr'><strong>quae,</strong></span> <span class='ocrx_word' id='word_1_349' title='bbox 3061 2352 3123 2401; x_wconf 86' lang='lat' dir='ltr'><strong>ut</strong></span> <span class='ocrx_word' id='word_1_350' title='bbox 3145 2344 3405 2410; x_wconf 77' lang='lat' dir='ltr'><strong>diximus,</strong></span> <span class='ocrx_word' id='word_1_351' title='bbox 3444 2342 3625 2399; x_wconf 87' lang='lat' dir='ltr'><strong>sacris</strong></span> <span class='ocrx_word' id='word_1_352' title='bbox 3646 2348 3821 2396; x_wconf 83' lang='lat' dir='ltr'><strong>erant</strong></span> 
     </span>
    </p>
   </div>
   <div class='ocr_carea' id='block_1_53' title="bbox 2208 2432 3812 2511">
    <p class='ocr_par' dir='ltr' id='par_1_53' title="bbox 2208 2432 3812 2511">
     <span class='ocr_line' id='line_1_53' title="bbox 2208 2432 3812 2511; baseline -0.004 -17"><span class='ocrx_word' id='word_1_353' title='bbox 2208 2438 2528 2511; x_wconf 85' lang='lat' dir='ltr'><strong>pignoribus</strong></span> <span class='ocrx_word' id='word_1_354' title='bbox 2579 2437 2771 2502; x_wconf 88' lang='lat' dir='ltr'><strong>ditata,</strong></span> <span class='ocrx_word' id='word_1_355' title='bbox 2821 2438 3059 2510; x_wconf 83' lang='lat' dir='ltr'><strong>quodam</strong></span> <span class='ocrx_word' id='word_1_356' title='bbox 3104 2435 3350 2492; x_wconf 64' lang='lat' dir='ltr'><strong>ecclesia</strong></span> <span class='ocrx_word' id='word_1_357' title='bbox 3379 2435 3504 2489; x_wconf 90' lang='lat' dir='ltr'><strong>loco</strong></span> <span class='ocrx_word' id='word_1_358' title='bbox 3550 2432 3812 2502; x_wconf 81' lang='lat' dir='ltr'><strong>exposita</strong></span> 
     </span>
    </p>
   </div>
   <div class='ocr_carea' id='block_1_54' title="bbox 2168 2528 3812 2601">
    <p class='ocr_par' dir='ltr' id='par_1_54' title="bbox 2168 2528 3812 2601">
     <span class='ocr_line' id='line_1_54' title="bbox 2168 2528 3812 2601; baseline -0.006 -14"><span class='ocrx_word' id='word_1_359' title='bbox 2168 2540 2173 2545; x_wconf 75' lang='lat'><strong>‘</strong></span> <span class='ocrx_word' id='word_1_360' title='bbox 2209 2530 2563 2595; x_wconf 86' lang='lat' dir='ltr'><strong>haberentur,</strong></span> <span class='ocrx_word' id='word_1_361' title='bbox 2592 2529 2849 2600; x_wconf 80' lang='lat' dir='ltr'><strong>protinus</strong></span> <span class='ocrx_word' id='word_1_362' title='bbox 2879 2529 3101 2601; x_wconf 85' lang='lat' dir='ltr'><strong>quidam</strong></span> <span class='ocrx_word' id='word_1_363' title='bbox 3130 2528 3466 2598; x_wconf 78' lang='lat' dir='ltr'><strong>paralyticus</strong></span> <span class='ocrx_word' id='word_1_364' title='bbox 3502 2540 3645 2595; x_wconf 84' lang='lat' dir='ltr'><strong>pene</strong></span> <span class='ocrx_word' id='word_1_365' title='bbox 3681 2539 3812 2578; x_wconf 82' lang='lat' dir='ltr'><strong>om-</strong></span> 
     </span>
    </p>
   </div>
   <div class='ocr_carea' id='block_1_55' title="bbox 2209 2614 3811 2690">
    <p class='ocr_par' dir='ltr' id='par_1_55' title="bbox 2209 2614 3811 2690">
     <span class='ocr_line' id='line_1_55' title="bbox 2209 2614 3811 2690; baseline -0.005 -14"><span class='ocrx_word' id='word_1_366' title='bbox 2209 2622 2297 2676; x_wconf 90' lang='lat' dir='ltr'><strong>nis</strong></span> <span class='ocrx_word' id='word_1_367' title='bbox 2321 2635 2599 2690; x_wconf 72' lang='lat' dir='ltr'><strong>corporeze</strong></span> <span class='ocrx_word' id='word_1_368' title='bbox 2624 2620 2949 2676; x_wconf 79' lang='lat' dir='ltr'><strong>valetudinis</strong></span> <span class='ocrx_word' id='word_1_369' title='bbox 2976 2634 3170 2690; x_wconf 77' lang='lat' dir='ltr'><strong>expers</strong></span> <span class='ocrx_word' id='word_1_370' title='bbox 3196 2616 3480 2688; x_wconf 87' lang='lat' dir='ltr'><strong>portitoris</strong></span> <span class='ocrx_word' id='word_1_371' title='bbox 3497 2615 3687 2671; x_wconf 77' lang='lat' dir='ltr'><strong>cilicio</strong></span> <span class='ocrx_word' id='word_1_372' title='bbox 3711 2614 3811 2668; x_wconf 88' lang='lat' dir='ltr'><strong>illo</strong></span> 
     </span>
    </p>
   </div>
   <div class='ocr_carea' id='block_1_56' title="bbox 2209 2705 3813 2783">
    <p class='ocr_par' dir='ltr' id='par_1_56' title="bbox 2209 2705 3813 2783">
     <span class='ocr_line' id='line_1_56' title="bbox 2209 2705 3813 2783; baseline -0.006 -16"><span class='ocrx_word' id='word_1_373' title='bbox 2209 2711 2454 2768; x_wconf 81' lang='lat' dir='ltr'><strong>adfertur</strong></span> <span class='ocrx_word' id='word_1_374' title='bbox 2474 2752 2490 2778; x_wconf 94' lang='lat'><strong>,</strong></span> <span class='ocrx_word' id='word_1_375' title='bbox 2537 2726 2780 2782; x_wconf 86' lang='lat' dir='ltr'><strong>casuque</strong></span> <span class='ocrx_word' id='word_1_376' title='bbox 2829 2727 2996 2783; x_wconf 89' lang='lat' dir='ltr'><strong>supra</strong></span> <span class='ocrx_word' id='word_1_377' title='bbox 3049 2710 3310 2782; x_wconf 61' lang='lat' dir='ltr'><strong>praedicta</strong></span> <span class='ocrx_word' id='word_1_378' title='bbox 3357 2708 3562 2764; x_wconf 81' lang='lat' dir='ltr'><strong>scrinia</strong></span> <span class='ocrx_word' id='word_1_379' title='bbox 3608 2705 3813 2763; x_wconf 80' lang='lat' dir='ltr'><strong>orandi</strong></span> 
     </span>
    </p>
   </div>
   <div class='ocr_carea' id='block_1_57' title="bbox 2209 2797 3813 2879">
    <p class='ocr_par' dir='ltr' id='par_1_57' title="bbox 2209 2797 3813 2879">
     <span class='ocr_line' id='line_1_57' title="bbox 2209 2797 3813 2879; baseline -0.004 -20"><span class='ocrx_word' id='word_1_380' title='bbox 2209 2804 2385 2879; x_wconf 86' lang='lat' dir='ltr'><strong>gratia</strong></span> <span class='ocrx_word' id='word_1_381' title='bbox 2410 2803 2629 2859; x_wconf 89' lang='lat' dir='ltr'><strong>nescius</strong></span> <span class='ocrx_word' id='word_1_382' title='bbox 2654 2804 2786 2873; x_wconf 88' lang='lat' dir='ltr'><strong>quid</strong></span> <span class='ocrx_word' id='word_1_383' title='bbox 2817 2805 2874 2859; x_wconf 91' lang='lat' dir='ltr'><strong>in</strong></span> <span class='ocrx_word' id='word_1_384' title='bbox 2924 2819 2985 2859; x_wconf 90' lang='lat' dir='ltr'><strong>se</strong></span> <span class='ocrx_word' id='word_1_385' title='bbox 3013 2803 3314 2858; x_wconf 89' lang='lat' dir='ltr'><strong>retinerent</strong></span> <span class='ocrx_word' id='word_1_386' title='bbox 3346 2800 3646 2866; x_wconf 84' lang='lat' dir='ltr'><strong>recubans,</strong></span> <span class='ocrx_word' id='word_1_387' title='bbox 3682 2797 3813 2869; x_wconf 61' lang='lat' dir='ltr'><strong>plus</strong></span> 
     </span>
    </p>
   </div>
   <div class='ocr_carea' id='block_1_58' title="bbox 2212 2890 3813 2966">
    <p class='ocr_par' dir='ltr' id='par_1_58' title="bbox 2212 2890 3813 2966">
     <span class='ocr_line' id='line_1_58' title="bbox 2212 2890 3813 2966; baseline -0.006 -13"><span class='ocrx_word' id='word_1_388' title='bbox 2212 2896 2373 2953; x_wconf 84' lang='lat' dir='ltr'><strong>solito</strong></span> <span class='ocrx_word' id='word_1_389' title='bbox 2400 2895 2692 2966; x_wconf 82' lang='lat' dir='ltr'><strong>obrigitur,</strong></span> <span class='ocrx_word' id='word_1_390' title='bbox 2720 2894 2914 2951; x_wconf 86' lang='lat' dir='ltr'><strong>deinde</strong></span> <span class='ocrx_word' id='word_1_391' title='bbox 2940 2903 3024 2950; x_wconf 86' lang='lat' dir='ltr'><strong>tot</strong></span> <span class='ocrx_word' id='word_1_392' title='bbox 3050 2893 3378 2949; x_wconf 86' lang='lat' dir='ltr'><strong>incommodi</strong></span> <span class='ocrx_word' id='word_1_393' title='bbox 3431 2890 3813 2947; x_wconf 76' lang='lat' dir='ltr'><strong>infestationi-</strong></span> 
     </span>
    </p>
   </div>
   <div class='ocr_carea' id='block_1_59' title="bbox 2210 2982 3813 3057">
    <p class='ocr_par' dir='ltr' id='par_1_59' title="bbox 2210 2982 3813 3057">
     <span class='ocr_line' id='line_1_59' title="bbox 2210 2982 3813 3057; baseline -0.006 -13"><span class='ocrx_word' id='word_1_394' title='bbox 2210 2989 2317 3044; x_wconf 87' lang='lat' dir='ltr'><strong>bus</strong></span> <span class='ocrx_word' id='word_1_395' title='bbox 2344 2985 2599 3057; x_wconf 84' lang='lat' dir='ltr'><strong>agitatur,</strong></span> <span class='ocrx_word' id='word_1_396' title='bbox 2627 2994 2688 3039; x_wconf 89' lang='lat' dir='ltr'><strong>ut</strong></span> <span class='ocrx_word' id='word_1_397' title='bbox 2716 2985 2820 3041; x_wconf 90' lang='lat' dir='ltr'><strong>sibi</strong></span> <span class='ocrx_word' id='word_1_398' title='bbox 2847 2985 3068 3041; x_wconf 88' lang='lat' dir='ltr'><strong>vitalem</strong></span> <span class='ocrx_word' id='word_1_399' title='bbox 3094 2984 3283 3039; x_wconf 85' lang='lat' dir='ltr'><strong>ﬂatum</strong></span> <span class='ocrx_word' id='word_1_400' title='bbox 3316 2983 3568 3039; x_wconf 86' lang='lat' dir='ltr'><strong>amisisse</strong></span> <span class='ocrx_word' id='word_1_401' title='bbox 3587 2982 3813 3036; x_wconf 82' lang='lat' dir='ltr'><strong>videre—</strong></span> 
     </span>
    </p>
   </div>
   <div class='ocr_carea' id='block_1_60' title="bbox 516 3072 3813 3152">
    <p class='ocr_par' dir='ltr' id='par_1_60' title="bbox 516 3072 3813 3152">
     <span class='ocr_line' id='line_1_60' title="bbox 516 3072 3813 3152; baseline -0.001 -22"><span class='ocrx_word' id='word_1_402' title='bbox 516 3073 667 3133; x_wconf 89' lang='lat' dir='ltr'><strong>fatus</strong></span> <span class='ocrx_word' id='word_1_403' title='bbox 701 3095 886 3140; x_wconf 89' lang='lat' dir='ltr'><strong>comes</strong></span> <span class='ocrx_word' id='word_1_404' title='bbox 923 3092 983 3140; x_wconf 90' lang='lat' dir='ltr'><strong>ut</strong></span> <span class='ocrx_word' id='word_1_405' title='bbox 1011 3102 1041 3140; x_wconf 87' lang='lat' dir='ltr'><strong>a</strong></span> <span class='ocrx_word' id='word_1_406' title='bbox 1094 3087 1182 3142; x_wconf 88' lang='lat' dir='ltr'><strong>sui</strong></span> <span class='ocrx_word' id='word_1_407' title='bbox 1237 3088 1518 3143; x_wconf 85' lang='lat' dir='ltr'><strong>consortio</strong></span> <span class='ocrx_word' id='word_1_408' title='bbox 1573 3102 1633 3143; x_wconf 91' lang='lat' dir='ltr'><strong>se</strong></span> <span class='ocrx_word' id='word_1_409' title='bbox 1658 3085 1996 3152; x_wconf 80' lang='lat' dir='ltr'><strong>subtrahat,</strong></span> <span class='ocrx_word' id='word_1_410' title='bbox 2053 3091 2110 3138; x_wconf 90' lang='lat' dir='ltr'><strong>et</strong></span> <span class='ocrx_word' id='word_1_411' title='bbox 2135 3089 2177 3147; x_wconf 76' lang='grc' dir='ltr'>ο</span> <span class='ocrx_word' id='word_1_412' title='bbox 2208 3089 2318 3136; x_wconf 92' lang='lat' dir='ltr'><strong>tur.</strong></span> <span class='ocrx_word' id='word_1_413' title='bbox 2348 3076 2515 3131; x_wconf 90' lang='lat' dir='ltr'><strong>Paulo</strong></span> <span class='ocrx_word' id='word_1_414' title='bbox 2549 3085 2674 3147; x_wconf 88' lang='lat' dir='ltr'><strong>post</strong></span> <span class='ocrx_word' id='word_1_415' title='bbox 2697 3092 2848 3143; x_wconf 90' lang='lat' dir='ltr'><strong>vero,</strong></span> <span class='ocrx_word' id='word_1_416' title='bbox 2876 3076 3077 3131; x_wconf 90' lang='lat' dir='ltr'><strong>mirum</strong></span> <span class='ocrx_word' id='word_1_417' title='bbox 3102 3076 3284 3131; x_wconf 85' lang='lat' dir='ltr'><strong>dictu!</strong></span> <span class='ocrx_word' id='word_1_418' title='bbox 3324 3074 3681 3144; x_wconf 79' lang='lat' dir='ltr'><strong>stupentibus</strong></span> <span class='ocrx_word' id='word_1_419' title='bbox 3712 3072 3813 3142; x_wconf 82' lang='lat' dir='ltr'><strong>qui</strong></span> 
     </span>
    </p>
   </div>
   <div class='ocr_carea' id='block_1_61' title="bbox 519 3173 2109 3250">
    <p class='ocr_par' dir='ltr' id='par_1_61' title="bbox 519 3173 2109 3250">
     <span class='ocr_line' id='line_1_61' title="bbox 519 3173 2109 3250; baseline 0.001 -22"><span class='ocrx_word' id='word_1_420' title='bbox 519 3183 746 3240; x_wconf 86' lang='lat' dir='ltr'><strong>quoquo</strong></span> <span class='ocrx_word' id='word_1_421' title='bbox 776 3178 1034 3244; x_wconf 87' lang='lat' dir='ltr'><strong>potuerit,</strong></span> <span class='ocrx_word' id='word_1_422' title='bbox 1075 3192 1139 3234; x_wconf 90' lang='lat' dir='ltr'><strong>ac</strong></span> <span class='ocrx_word' id='word_1_423' title='bbox 1167 3177 1214 3234; x_wconf 87' lang='lat' dir='ltr'><strong>si</strong></span> <span class='ocrx_word' id='word_1_424' title='bbox 1251 3193 1376 3233; x_wconf 89' lang='lat' dir='ltr'><strong>cum</strong></span> <span class='ocrx_word' id='word_1_425' title='bbox 1415 3195 1448 3235; x_wconf 90' lang='lat' dir='ltr'><strong>a</strong></span> <span class='ocrx_word' id='word_1_426' title='bbox 1489 3194 1549 3235; x_wconf 88' lang='lat' dir='ltr'><strong>se</strong></span> <span class='ocrx_word' id='word_1_427' title='bbox 1581 3177 1869 3250; x_wconf 87' lang='lat' dir='ltr'><strong>pepulerit,</strong></span> <span class='ocrx_word' id='word_1_428' title='bbox 1916 3173 2109 3247; x_wconf 91' lang='lat' dir='ltr'><strong>hospi-</strong></span> 
     </span>
    </p>
   </div>
   <div class='ocr_carea' id='block_1_62' title="bbox 517 3261 2110 3337">
    <p class='ocr_par' dir='ltr' id='par_1_62' title="bbox 517 3261 2110 3337">
     <span class='ocr_line' id='line_1_62' title="bbox 517 3261 2110 3337; baseline 0.006 -23"><span class='ocrx_word' id='word_1_429' title='bbox 517 3261 673 3316; x_wconf 88' lang='lat' dir='ltr'><strong>tandl</strong></span> <span class='ocrx_word' id='word_1_430' title='bbox 694 3265 866 3334; x_wconf 86' lang='lat' dir='ltr'><strong>gratia</strong></span> <span class='ocrx_word' id='word_1_431' title='bbox 891 3268 1153 3337; x_wconf 85' lang='lat' dir='ltr'><strong>divertat;</strong></span> <span class='ocrx_word' id='word_1_432' title='bbox 1188 3270 1352 3327; x_wconf 86' lang='lat' dir='ltr'><strong>rebus</strong></span> <span class='ocrx_word' id='word_1_433' title='bbox 1379 3281 1540 3327; x_wconf 89' lang='lat' dir='ltr'><strong>nocte</strong></span> <span class='ocrx_word' id='word_1_434' title='bbox 1559 3270 1907 3335; x_wconf 88' lang='lat' dir='ltr'><strong>decoloratis,</strong></span> <span class='ocrx_word' id='word_1_435' title='bbox 1930 3268 1998 3325; x_wconf 89' lang='lat' dir='ltr'><strong>ad</strong></span> <span class='ocrx_word' id='word_1_436' title='bbox 2023 3267 2110 3323; x_wconf 89' lang='lat' dir='ltr'><strong>sui</strong></span> 
     </span>
    </p>
   </div>
   <div class='ocr_carea' id='block_1_63' title="bbox 519 3355 2109 3433">
    <p class='ocr_par' dir='ltr' id='par_1_63' title="bbox 519 3355 2109 3433">
     <span class='ocr_line' id='line_1_63' title="bbox 519 3355 2109 3433; baseline 0.004 -25"><span class='ocrx_word' id='word_1_437' title='bbox 519 3355 838 3412; x_wconf 84' lang='lat' dir='ltr'><strong>suasionem</strong></span> <span class='ocrx_word' id='word_1_438' title='bbox 894 3359 1054 3431; x_wconf 86' lang='lat' dir='ltr'><strong>legati</strong></span> <span class='ocrx_word' id='word_1_439' title='bbox 1103 3377 1164 3418; x_wconf 90' lang='lat' dir='ltr'><strong>se</strong></span> <span class='ocrx_word' id='word_1_440' title='bbox 1211 3378 1378 3433; x_wconf 88' lang='lat' dir='ltr'><strong>quam</strong></span> <span class='ocrx_word' id='word_1_441' title='bbox 1423 3363 1707 3419; x_wconf 87' lang='lat' dir='ltr'><strong>celerrime</strong></span> <span class='ocrx_word' id='word_1_442' title='bbox 1754 3362 1933 3417; x_wconf 85' lang='lat' dir='ltr'><strong>adeat.</strong></span> <span class='ocrx_word' id='word_1_443' title='bbox 1982 3358 2109 3415; x_wconf 56' lang='lat' dir='ltr'><strong>Haec</strong></span> 
     </span>
    </p>
   </div>
   <div class='ocr_carea' id='block_1_64' title="bbox 516 3446 2108 3525">
    <p class='ocr_par' dir='ltr' id='par_1_64' title="bbox 516 3446 2108 3525">
     <span class='ocr_line' id='line_1_64' title="bbox 516 3446 2108 3525; baseline 0.005 -27"><span class='ocrx_word' id='word_1_444' title='bbox 516 3446 703 3503; x_wconf 81' lang='lat' dir='ltr'><strong>verbis</strong></span> <span class='ocrx_word' id='word_1_445' title='bbox 733 3448 854 3517; x_wconf 90' lang='lat' dir='ltr'><strong>ille;</strong></span> <span class='ocrx_word' id='word_1_446' title='bbox 891 3450 1054 3508; x_wconf 90' lang='lat' dir='ltr'><strong>factis</strong></span> <span class='ocrx_word' id='word_1_447' title='bbox 1100 3454 1246 3509; x_wconf 87' lang='lat' dir='ltr'><strong>haud</strong></span> <span class='ocrx_word' id='word_1_448' title='bbox 1281 3452 1441 3510; x_wconf 88' lang='lat' dir='ltr'><strong>aliter</strong></span> <span class='ocrx_word' id='word_1_449' title='bbox 1478 3454 1749 3525; x_wconf 84' lang='lat' dir='ltr'><strong>supplevit</strong></span> <span class='ocrx_word' id='word_1_450' title='bbox 1778 3453 1899 3508; x_wconf 87' lang='lat' dir='ltr'><strong>iste.</strong></span> <span class='ocrx_word' id='word_1_451' title='bbox 1939 3451 2108 3506; x_wconf 89' lang='lat' dir='ltr'><strong>Deni-</strong></span> 
     </span>
    </p>
   </div>
   <div class='ocr_carea' id='block_1_65' title="bbox 518 3539 2109 3614">
    <p class='ocr_par' dir='ltr' id='par_1_65' title="bbox 518 3539 2109 3614">
     <span class='ocr_line' id='line_1_65' title="bbox 518 3539 2109 3614; baseline 0.003 -22"><span class='ocrx_word' id='word_1_452' title='bbox 518 3548 629 3607; x_wconf 90' lang='lat' dir='ltr'><strong>que</strong></span> <span class='ocrx_word' id='word_1_453' title='bbox 659 3540 963 3612; x_wconf 84' lang='lat' dir='ltr'><strong>ingreditur</strong></span> <span class='ocrx_word' id='word_1_454' title='bbox 998 3539 1089 3601; x_wconf 84' lang='lat' dir='ltr'><strong>ille</strong></span> <span class='ocrx_word' id='word_1_455' title='bbox 1131 3547 1475 3614; x_wconf 86' lang='lat' dir='ltr'><strong>comitatum,</strong></span> <span class='ocrx_word' id='word_1_456' title='bbox 1506 3545 1870 3602; x_wconf 85' lang='lat' dir='ltr'><strong>familiaribus</strong></span> <span class='ocrx_word' id='word_1_457' title='bbox 1909 3558 1970 3599; x_wconf 82' lang='lat' dir='ltr'><strong>se</strong></span> <span class='ocrx_word' id='word_1_458' title='bbox 2009 3543 2109 3597; x_wconf 84' lang='lat' dir='ltr'><strong>ali-</strong></span> 
     </span>
    </p>
   </div>
   <div class='ocr_carea' id='block_1_66' title="bbox 517 3635 2107 3711">
    <p class='ocr_par' dir='ltr' id='par_1_66' title="bbox 517 3635 2107 3711">
     <span class='ocr_line' id='line_1_66' title="bbox 517 3635 2107 3711; baseline 0.003 -26"><span class='ocrx_word' id='word_1_459' title='bbox 517 3646 629 3701; x_wconf 86' lang='lat' dir='ltr'><strong>qua</strong></span> <span class='ocrx_word' id='word_1_460' title='bbox 672 3643 987 3694; x_wconf 77' lang='lat' dir='ltr'><strong>sanctarum</strong></span> <span class='ocrx_word' id='word_1_461' title='bbox 1028 3637 1147 3692; x_wconf 87' lang='lat' dir='ltr'><strong>loca</strong></span> <span class='ocrx_word' id='word_1_462' title='bbox 1179 3648 1431 3711; x_wconf 83' lang='lat' dir='ltr'><strong>expetere</strong></span> <span class='ocrx_word' id='word_1_463' title='bbox 1463 3638 1601 3694; x_wconf 84' lang='lat' dir='ltr'><strong>velle</strong></span> <span class='ocrx_word' id='word_1_464' title='bbox 1627 3635 1899 3693; x_wconf 87' lang='lat' dir='ltr'><strong>orationis</strong></span> <span class='ocrx_word' id='word_1_465' title='bbox 1942 3649 2107 3691; x_wconf 88' lang='lat' dir='ltr'><strong>causa</strong></span> 
     </span>
    </p>
   </div>
   <div class='ocr_carea' id='block_1_67' title="bbox 516 3722 2108 3800">
    <p class='ocr_par' dir='ltr' id='par_1_67' title="bbox 516 3722 2108 3800">
     <span class='ocr_line' id='line_1_67' title="bbox 516 3722 2108 3800; baseline 0.003 -24"><span class='ocrx_word' id='word_1_466' title='bbox 516 3722 744 3780; x_wconf 85' lang='lat' dir='ltr'><strong>simulat</strong></span> <span class='ocrx_word' id='word_1_467' title='bbox 769 3767 784 3792; x_wconf 98' lang='lat'><strong>,</strong></span> <span class='ocrx_word' id='word_1_468' title='bbox 839 3729 1146 3800; x_wconf 86' lang='lat' dir='ltr'><strong>sagmarios</strong></span> <span class='ocrx_word' id='word_1_469' title='bbox 1189 3729 1410 3785; x_wconf 89' lang='lat' dir='ltr'><strong>demum</strong></span> <span class='ocrx_word' id='word_1_470' title='bbox 1456 3729 1699 3800; x_wconf 85' lang='lat' dir='ltr'><strong>itemque</strong></span> <span class='ocrx_word' id='word_1_471' title='bbox 1753 3726 2108 3784; x_wconf 82' lang='lat' dir='ltr'><strong>sufﬁcientem</strong></span> 
     </span>
    </p>
   </div>
   <div class='ocr_carea' id='block_1_68' title="bbox 518 3821 2109 3893">
    <p class='ocr_par' dir='ltr' id='par_1_68' title="bbox 518 3821 2109 3893">
     <span class='ocr_line' id='line_1_68' title="bbox 518 3821 2109 3893; baseline 0 -21"><span class='ocrx_word' id='word_1_472' title='bbox 518 3827 863 3887; x_wconf 78' lang='lat' dir='ltr'><strong>apparatum,</strong></span> <span class='ocrx_word' id='word_1_473' title='bbox 912 3829 1077 3889; x_wconf 86' lang='lat' dir='ltr'><strong>prout</strong></span> <span class='ocrx_word' id='word_1_474' title='bbox 1122 3821 1387 3893; x_wconf 83' lang='lat' dir='ltr'><strong>longioris</strong></span> <span class='ocrx_word' id='word_1_475' title='bbox 1436 3821 1539 3877; x_wconf 62' lang='lat' dir='ltr'><strong>vim</strong></span> <span class='ocrx_word' id='word_1_476' title='bbox 1570 3822 1873 3879; x_wconf 81' lang='lat' dir='ltr'><strong>necessitas</strong></span> <span class='ocrx_word' id='word_1_477' title='bbox 1917 3826 2109 3890; x_wconf 88' lang='lat' dir='ltr'><strong>postu-</strong></span> 
     </span>
    </p>
   </div>
   <div class='ocr_carea' id='block_1_69' title="bbox 516 3905 2107 3982">
    <p class='ocr_par' dir='ltr' id='par_1_69' title="bbox 516 3905 2107 3982">
     <span class='ocr_line' id='line_1_69' title="bbox 516 3905 2107 3982; baseline 0.001 -21"><span class='ocrx_word' id='word_1_478' title='bbox 516 3905 708 3975; x_wconf 85' lang='lat' dir='ltr'><strong>lasset,</strong></span> <span class='ocrx_word' id='word_1_479' title='bbox 741 3910 921 3979; x_wconf 89' lang='lat' dir='ltr'><strong>parari</strong></span> <span class='ocrx_word' id='word_1_480' title='bbox 951 3908 1273 3968; x_wconf 86' lang='lat' dir='ltr'><strong>oﬁicialibus</strong></span> <span class='ocrx_word' id='word_1_481' title='bbox 1321 3913 1426 3967; x_wconf 91' lang='lat' dir='ltr'><strong>sub</strong></span> <span class='ocrx_word' id='word_1_482' title='bbox 1459 3908 1706 3982; x_wconf 80' lang='lat' dir='ltr'><strong>ejusdem</strong></span> <span class='ocrx_word' id='word_1_483' title='bbox 1737 3911 1918 3968; x_wconf 88' lang='lat' dir='ltr'><strong>noctis</strong></span> <span class='ocrx_word' id='word_1_484' title='bbox 1970 3908 2107 3964; x_wconf 89' lang='lat' dir='ltr'><strong>arti-</strong></span> 
     </span>
    </p>
   </div>
   <div class='ocr_carea' id='block_1_70' title="bbox 518 3999 2108 4071">
    <p class='ocr_par' dir='ltr' id='par_1_70' title="bbox 518 3999 2108 4071">
     <span class='ocr_line' id='line_1_70' title="bbox 518 3999 2108 4071; baseline 0 -17"><span class='ocrx_word' id='word_1_485' title='bbox 518 4000 648 4054; x_wconf 90' lang='lat' dir='ltr'><strong>culo</strong></span> <span class='ocrx_word' id='word_1_486' title='bbox 690 3999 985 4071; x_wconf 88' lang='lat' dir='ltr'><strong>imperitat.</strong></span> <span class='ocrx_word' id='word_1_487' title='bbox 1026 4000 1209 4058; x_wconf 82' lang='lat' dir='ltr'><strong>Finito</strong></span> <span class='ocrx_word' id='word_1_488' title='bbox 1249 4011 1431 4059; x_wconf 87' lang='lat' dir='ltr'><strong>autem</strong></span> <span class='ocrx_word' id='word_1_489' title='bbox 1472 4003 1581 4071; x_wconf 90' lang='lat' dir='ltr'><strong>die,</strong></span> <span class='ocrx_word' id='word_1_490' title='bbox 1628 4020 1753 4060; x_wconf 90' lang='lat' dir='ltr'><strong>cum</strong></span> <span class='ocrx_word' id='word_1_491' title='bbox 1785 4016 1977 4058; x_wconf 89' lang='lat' dir='ltr'><strong>omnes</strong></span> <span class='ocrx_word' id='word_1_492' title='bbox 2022 3999 2108 4056; x_wconf 90' lang='lat' dir='ltr'><strong>sui</strong></span> 
     </span>
    </p>
   </div>
   <div class='ocr_carea' id='block_1_71' title="bbox 518 4090 2104 4168">
    <p class='ocr_par' dir='ltr' id='par_1_71' title="bbox 518 4090 2104 4168">
     <span class='ocr_line' id='line_1_71' title="bbox 518 4090 2104 4168; baseline 0.001 -23"><span class='ocrx_word' id='word_1_493' title='bbox 518 4090 749 4148; x_wconf 87' lang='lat' dir='ltr'><strong>monitis</strong></span> <span class='ocrx_word' id='word_1_494' title='bbox 802 4093 925 4164; x_wconf 89' lang='lat' dir='ltr'><strong>ejus</strong></span> <span class='ocrx_word' id='word_1_495' title='bbox 980 4094 1226 4166; x_wconf 90' lang='lat' dir='ltr'><strong>parando</strong></span> <span class='ocrx_word' id='word_1_496' title='bbox 1285 4103 1593 4167; x_wconf 87' lang='lat' dir='ltr'><strong>opportuna</strong></span> <span class='ocrx_word' id='word_1_497' title='bbox 1652 4099 2057 4168; x_wconf 87' lang='lat' dir='ltr'><strong>perstrepercnt</strong></span> <span class='ocrx_word' id='word_1_498' title='bbox 2089 4131 2104 4157; x_wconf 94' lang='lat'><strong>,</strong></span> 
     </span>
    </p>
   </div>
   <div class='ocr_carea' id='block_1_72' title="bbox 517 4183 2104 4258">
    <p class='ocr_par' dir='ltr' id='par_1_72' title="bbox 517 4183 2104 4258">
     <span class='ocr_line' id='line_1_72' title="bbox 517 4183 2104 4258; baseline 0.007 -21"><span class='ocrx_word' id='word_1_499' title='bbox 517 4183 655 4240; x_wconf 77' lang='lat' dir='ltr'><strong>urbs</strong></span> <span class='ocrx_word' id='word_1_500' title='bbox 684 4200 815 4240; x_wconf 88' lang='lat' dir='ltr'><strong>vero</strong></span> <span class='ocrx_word' id='word_1_501' title='bbox 841 4185 1022 4243; x_wconf 91' lang='lat' dir='ltr'><strong>omnis</strong></span> <span class='ocrx_word' id='word_1_502' title='bbox 1049 4187 1390 4258; x_wconf 86' lang='lat' dir='ltr'><strong>peregrinari</strong></span> <span class='ocrx_word' id='word_1_503' title='bbox 1416 4202 1545 4243; x_wconf 88' lang='lat' dir='ltr'><strong>eum</strong></span> <span class='ocrx_word' id='word_1_504' title='bbox 1589 4186 1727 4243; x_wconf 82' lang='lat' dir='ltr'><strong>velle</strong></span> <span class='ocrx_word' id='word_1_505' title='bbox 1764 4185 2104 4256; x_wconf 70' lang='lat' dir='ltr'><strong>opinaretur.</strong></span> 
     </span>
    </p>
   </div>
   <div class='ocr_carea' id='block_1_73' title="bbox 517 4273 2108 4347">
    <p class='ocr_par' dir='ltr' id='par_1_73' title="bbox 517 4273 2108 4347">
     <span class='ocr_line' id='line_1_73' title="bbox 517 4273 2108 4347; baseline -0.001 -16"><span class='ocrx_word' id='word_1_506' title='bbox 517 4291 638 4332; x_wconf 86' lang='lat' dir='ltr'><strong>rem</strong></span> <span class='ocrx_word' id='word_1_507' title='bbox 684 4277 943 4333; x_wconf 91' lang='lat' dir='ltr'><strong>nimirum</strong></span> <span class='ocrx_word' id='word_1_508' title='bbox 990 4280 1409 4336; x_wconf 86' lang='lat' dir='ltr'><strong>subsecuturam</strong></span> <span class='ocrx_word' id='word_1_509' title='bbox 1459 4294 1561 4334; x_wconf 91' lang='lat' dir='ltr'><strong>nec</strong></span> <span class='ocrx_word' id='word_1_510' title='bbox 1593 4278 1737 4333; x_wconf 92' lang='lat' dir='ltr'><strong>ullus</strong></span> <span class='ocrx_word' id='word_1_511' title='bbox 1780 4276 1998 4347; x_wconf 88' lang='lat' dir='ltr'><strong>quidem</strong></span> <span class='ocrx_word' id='word_1_512' title='bbox 2030 4273 2108 4339; x_wconf 83' lang='lat' dir='ltr'><strong>le-</strong></span> 
     </span>
    </p>
   </div>
   <div class='ocr_carea' id='block_1_74' title="bbox 516 4365 2109 4442">
    <p class='ocr_par' dir='ltr' id='par_1_74' title="bbox 516 4365 2109 4442">
     <span class='ocr_line' id='line_1_74' title="bbox 516 4365 2109 4442; baseline -0.001 -17"><span class='ocrx_word' id='word_1_513' title='bbox 516 4368 745 4425; x_wconf 85' lang='lat' dir='ltr'><strong>vissime</strong></span> <span class='ocrx_word' id='word_1_514' title='bbox 779 4365 971 4426; x_wconf 85' lang='lat' dir='ltr'><strong>saltem</strong></span> <span class='ocrx_word' id='word_1_515' title='bbox 1013 4371 1411 4442; x_wconf 85' lang='lat' dir='ltr'><strong>suspicaretur,</strong></span> <span class='ocrx_word' id='word_1_516' title='bbox 1441 4370 1583 4427; x_wconf 89' lang='lat' dir='ltr'><strong>clam</strong></span> <span class='ocrx_word' id='word_1_517' title='bbox 1628 4369 1769 4425; x_wconf 89' lang='lat' dir='ltr'><strong>idem</strong></span> <span class='ocrx_word' id='word_1_518' title='bbox 1798 4380 1984 4426; x_wconf 88' lang='lat' dir='ltr'><strong>eomes</strong></span> <span class='ocrx_word' id='word_1_519' title='bbox 2017 4381 2109 4423; x_wconf 85' lang='lat' dir='ltr'><strong>ac-</strong></span> 
     </span>
    </p>
   </div>
   <div class='ocr_carea' id='block_1_75' title="bbox 517 4446 2110 4535">
    <p class='ocr_par' dir='ltr' id='par_1_75' title="bbox 517 4446 2110 4535">
     <span class='ocr_line' id='line_1_75' title="bbox 517 4446 2110 4535; baseline -0.001 -22"><span class='ocrx_word' id='word_1_520' title='bbox 517 4458 721 4515; x_wconf 91' lang='lat' dir='ltr'><strong>cersito</strong></span> <span class='ocrx_word' id='word_1_521' title='bbox 758 4462 1058 4518; x_wconf 90' lang='lat' dir='ltr'><strong>secundum</strong></span> <span class='ocrx_word' id='word_1_522' title='bbox 1109 4461 1475 4535; x_wconf 81' lang='lat' dir='ltr'><strong>signiﬁcatum</strong></span> <span class='ocrx_word' id='word_1_523' title='bbox 1504 4460 1683 4520; x_wconf 74' lang='lat' dir='ltr'><strong>fmdus</strong></span> <span class='ocrx_word' id='word_1_524' title='bbox 1712 4446 1879 4515; x_wconf 85' lang='lat' dir='ltr'><strong>fratre</strong></span> <span class='ocrx_word' id='word_1_525' title='bbox 1907 4459 1974 4513; x_wconf 87' lang='lat' dir='ltr'><strong>de</strong></span> <span class='ocrx_word' id='word_1_526' title='bbox 1999 4472 2110 4529; x_wconf 88' lang='lat' dir='ltr'><strong>quo</strong></span> 
     </span>
    </p>
   </div>
   <div class='ocr_carea' id='block_1_76' title="bbox 516 4548 2109 4622">
    <p class='ocr_par' dir='ltr' id='par_1_76' title="bbox 516 4548 2109 4622">
     <span class='ocr_line' id='line_1_76' title="bbox 516 4548 2109 4622; baseline -0.001 -17"><span class='ocrx_word' id='word_1_527' title='bbox 516 4552 778 4622; x_wconf 85' lang='lat' dir='ltr'><strong>superius</strong></span> <span class='ocrx_word' id='word_1_528' title='bbox 807 4553 1148 4622; x_wconf 85' lang='lat' dir='ltr'><strong>dicebamus,</strong></span> <span class='ocrx_word' id='word_1_529' title='bbox 1178 4570 1284 4610; x_wconf 89' lang='lat' dir='ltr'><strong>una</strong></span> <span class='ocrx_word' id='word_1_530' title='bbox 1322 4570 1449 4610; x_wconf 89' lang='lat' dir='ltr'><strong>cum</strong></span> <span class='ocrx_word' id='word_1_531' title='bbox 1504 4569 1570 4609; x_wconf 90' lang='lat' dir='ltr'><strong>eo</strong></span> <span class='ocrx_word' id='word_1_532' title='bbox 1607 4552 1895 4609; x_wconf 84' lang='lat' dir='ltr'><strong>ecclesiam</strong></span> <span class='ocrx_word' id='word_1_533' title='bbox 1940 4548 2109 4620; x_wconf 81' lang='lat' dir='ltr'><strong>Rigo-</strong></span> 
     </span>
    </p>
   </div>
   <div class='ocr_carea' id='block_1_77' title="bbox 516 4638 2109 4715">
    <p class='ocr_par' dir='ltr' id='par_1_77' title="bbox 516 4638 2109 4715">
     <span class='ocr_line' id='line_1_77' title="bbox 516 4638 2109 4715; baseline -0.004 -15"><span class='ocrx_word' id='word_1_534' title='bbox 516 4644 658 4700; x_wconf 84' lang='lat' dir='ltr'><strong>meri</strong></span> <span class='ocrx_word' id='word_1_535' title='bbox 686 4638 909 4714; x_wconf 90' lang='lat' dir='ltr'><strong>gloriosi</strong></span> <span class='ocrx_word' id='word_1_536' title='bbox 945 4650 1214 4715; x_wconf 88' lang='lat' dir='ltr'><strong>penetrat,</strong></span> <span class='ocrx_word' id='word_1_537' title='bbox 1262 4645 1520 4701; x_wconf 84' lang='lat' dir='ltr'><strong>custodes</strong></span> <span class='ocrx_word' id='word_1_538' title='bbox 1566 4651 1838 4714; x_wconf 86' lang='lat' dir='ltr'><strong>quatenus</strong></span> <span class='ocrx_word' id='word_1_539' title='bbox 1867 4656 1982 4697; x_wconf 91' lang='lat' dir='ltr'><strong>rem</strong></span> <span class='ocrx_word' id='word_1_540' title='bbox 2012 4654 2109 4695; x_wconf 86' lang='lat' dir='ltr'><strong>oc-</strong></span> 
     </span>
    </p>
   </div>
   <div class='ocr_carea' id='block_1_78' title="bbox 516 4729 2114 4808">
    <p class='ocr_par' dir='ltr' id='par_1_78' title="bbox 516 4729 2114 4808">
     <span class='ocr_line' id='line_1_78' title="bbox 516 4729 2114 4808; baseline -0.003 -19"><span class='ocrx_word' id='word_1_541' title='bbox 516 4729 711 4790; x_wconf 77' lang='lat' dir='ltr'><strong>culunt</strong></span> <span class='ocrx_word' id='word_1_542' title='bbox 744 4775 761 4803; x_wconf 91' lang='lat'><strong>,</strong></span> <span class='ocrx_word' id='word_1_543' title='bbox 813 4734 1171 4806; x_wconf 84' lang='lat' dir='ltr'><strong>jurejurando</strong></span> <span class='ocrx_word' id='word_1_544' title='bbox 1238 4736 1482 4808; x_wconf 87' lang='lat' dir='ltr'><strong>obligat;</strong></span> <span class='ocrx_word' id='word_1_545' title='bbox 1551 4734 1765 4801; x_wconf 89' lang='lat' dir='ltr'><strong>deinde,</strong></span> <span class='ocrx_word' id='word_1_546' title='bbox 1797 4732 2114 4804; x_wconf 89' lang='lat' dir='ltr'><strong>suppliciter</strong></span> 
     </span>
    </p>
   </div>
   <div class='ocr_carea' id='block_1_79' title="bbox 514 4823 2113 4899">
    <p class='ocr_par' dir='ltr' id='par_1_79' title="bbox 514 4823 2113 4899">
     <span class='ocr_line' id='line_1_79' title="bbox 514 4823 2113 4899; baseline -0.004 -16"><span class='ocrx_word' id='word_1_547' title='bbox 514 4825 810 4899; x_wconf 70' lang='lat' dir='ltr'><strong>pnsmisso</strong></span> <span class='ocrx_word' id='word_1_548' title='bbox 837 4836 1020 4895; x_wconf 91' lang='lat' dir='ltr'><strong>oratu,</strong></span> <span class='ocrx_word' id='word_1_549' title='bbox 1050 4826 1117 4883; x_wconf 90' lang='lat' dir='ltr'><strong>ad</strong></span> <span class='ocrx_word' id='word_1_550' title='bbox 1148 4826 1360 4899; x_wconf 84' lang='lat' dir='ltr'><strong>glebam</strong></span> <span class='ocrx_word' id='word_1_551' title='bbox 1386 4841 1511 4898; x_wconf 72' lang='lat' dir='ltr'><strong>qua:</strong></span> <span class='ocrx_word' id='word_1_552' title='bbox 1538 4823 1942 4882; x_wconf 88' lang='lat' dir='ltr'><strong>sanctissimum</strong></span> <span class='ocrx_word' id='word_1_553' title='bbox 1972 4836 2113 4895; x_wconf 81' lang='lat' dir='ltr'><strong>prae-</strong></span> 
     </span>
    </p>
   </div>
   <div class='ocr_carea' id='block_1_80' title="bbox 516 4913 2110 4990">
    <p class='ocr_par' dir='ltr' id='par_1_80' title="bbox 516 4913 2110 4990">
     <span class='ocr_line' id='line_1_80' title="bbox 516 4913 2110 4990; baseline -0.004 -16"><span class='ocrx_word' id='word_1_554' title='bbox 516 4913 676 4974; x_wconf 86' lang='lat' dir='ltr'><strong>libati</strong></span> <span class='ocrx_word' id='word_1_555' title='bbox 708 4916 890 4976; x_wconf 89' lang='lat' dir='ltr'><strong>Patris</strong></span> <span class='ocrx_word' id='word_1_556' title='bbox 924 4918 1193 4975; x_wconf 87' lang='lat' dir='ltr'><strong>retinebat</strong></span> <span class='ocrx_word' id='word_1_557' title='bbox 1217 4934 1421 4990; x_wconf 88' lang='lat' dir='ltr'><strong>corpus</strong></span> <span class='ocrx_word' id='word_1_558' title='bbox 1449 4917 1738 4989; x_wconf 88' lang='lat' dir='ltr'><strong>appr0piat</strong></span> <span class='ocrx_word' id='word_1_559' title='bbox 1763 4935 1778 4984; x_wconf 90' lang='lat'><strong>;</strong></span> <span class='ocrx_word' id='word_1_560' title='bbox 1809 4924 2110 4988; x_wconf 87' lang='lat' dir='ltr'><strong>postremo,</strong></span> 
     </span>
    </p>
   </div>
   <div class='ocr_carea' id='block_1_81' title="bbox 516 5007 2113 5082">
    <p class='ocr_par' dir='ltr' id='par_1_81' title="bbox 516 5007 2113 5082">
     <span class='ocr_line' id='line_1_81' title="bbox 516 5007 2113 5082; baseline -0.005 -16"><span class='ocrx_word' id='word_1_561' title='bbox 516 5007 808 5082; x_wconf 84' lang='lat' dir='ltr'><strong>patefactis</strong></span> <span class='ocrx_word' id='word_1_562' title='bbox 841 5010 1089 5082; x_wconf 88' lang='lat' dir='ltr'><strong>ejusdem</strong></span> <span class='ocrx_word' id='word_1_563' title='bbox 1119 5010 1289 5082; x_wconf 73' lang='lat' dir='ltr'><strong>glelue</strong></span> <span class='ocrx_word' id='word_1_564' title='bbox 1316 5010 1498 5076; x_wconf 90' lang='lat' dir='ltr'><strong>ostiis,</strong></span> <span class='ocrx_word' id='word_1_565' title='bbox 1535 5016 1918 5065; x_wconf 87' lang='lat' dir='ltr'><strong>sacrosanctos</strong></span> <span class='ocrx_word' id='word_1_566' title='bbox 1959 5013 2113 5062; x_wconf 85' lang='lat' dir='ltr'><strong>artus</strong></span> 
     </span>
    </p>
   </div>
   <div class='ocr_carea' id='block_1_82' title="bbox 519 5097 2112 5138">
    <p class='ocr_par' dir='ltr' id='par_1_82' title="bbox 519 5097 2112 5138">
     <span class='ocr_line' id='line_1_82' title="bbox 519 5097 2112 5138; baseline 0 0"><span class='ocrx_word' id='word_1_567' title='bbox 519 5099 648 5138; x_wconf 69' lang='grc' dir='ltr'><strong>ἓηιΙο</strong></span> <span class='ocrx_word' id='word_1_568' title='bbox 672 5118 797 5138; x_wconf 68' lang='lat' dir='ltr'><strong>nun“</strong></span> <span class='ocrx_word' id='word_1_569' title='bbox 831 5099 1090 5138; x_wconf 60' lang='lat' dir='ltr'><strong>indinilsili</strong></span> <span class='ocrx_word' id='word_1_570' title='bbox 1122 5101 1447 5138; x_wconf 65' lang='lat' dir='ltr'><strong>«hell-«hanc:</strong></span> <span class='ocrx_word' id='word_1_571' title='bbox 1479 5102 1780 5138; x_wconf 67' lang='lat' dir='ltr'><strong>r-nvnrnnlin</strong></span> <span class='ocrx_word' id='word_1_572' title='bbox 1811 5099 1865 5138; x_wconf 66' lang='lat' dir='ltr'><strong>in</strong></span> <span class='ocrx_word' id='word_1_573' title='bbox 1892 5097 2112 5138; x_wconf 64' lang='grc' dir='ltr'><strong>αονῖιὶῖίς</strong></span> 
     </span>
    </p>
   </div>
   <div class='ocr_carea' id='block_1_83' title="bbox 2213 3166 3812 3238">
    <p class='ocr_par' dir='ltr' id='par_1_83' title="bbox 2213 3166 3812 3238">
     <span class='ocr_line' id='line_1_83' title="bbox 2213 3166 3812 3238; baseline -0.004 -12"><span class='ocrx_word' id='word_1_574' title='bbox 2213 3171 2438 3226; x_wconf 87' lang='lat' dir='ltr'><strong>aderant</strong></span> <span class='ocrx_word' id='word_1_575' title='bbox 2470 3169 2746 3234; x_wconf 88' lang='lat' dir='ltr'><strong>omnibus,</strong></span> <span class='ocrx_word' id='word_1_576' title='bbox 2779 3168 2933 3223; x_wconf 84' lang='lat' dir='ltr'><strong>adest</strong></span> <span class='ocrx_word' id='word_1_577' title='bbox 2966 3168 3186 3238; x_wconf 87' lang='lat' dir='ltr'><strong>inopina</strong></span> <span class='ocrx_word' id='word_1_578' title='bbox 3225 3166 3403 3232; x_wconf 79' lang='lat' dir='ltr'><strong>salus,</strong></span> <span class='ocrx_word' id='word_1_579' title='bbox 3428 3182 3494 3222; x_wconf 92' lang='lat' dir='ltr'><strong>ac</strong></span> <span class='ocrx_word' id='word_1_580' title='bbox 3521 3181 3622 3235; x_wconf 86' lang='lat' dir='ltr'><strong>per</strong></span> <span class='ocrx_word' id='word_1_581' title='bbox 3649 3181 3812 3220; x_wconf 83' lang='lat' dir='ltr'><strong>mor-</strong></span> 
     </span>
    </p>
   </div>
   <div class='ocr_carea' id='block_1_84' title="bbox 2214 3256 3811 3329">
    <p class='ocr_par' dir='ltr' id='par_1_84' title="bbox 2214 3256 3811 3329">
     <span class='ocr_line' id='line_1_84' title="bbox 2214 3256 3811 3329; baseline -0.004 -12"><span class='ocrx_word' id='word_1_582' title='bbox 2214 3261 2292 3317; x_wconf 85' lang='lat' dir='ltr'><strong>tui</strong></span> <span class='ocrx_word' id='word_1_583' title='bbox 2315 3260 2578 3326; x_wconf 84' lang='lat' dir='ltr'><strong>membra,</strong></span> <span class='ocrx_word' id='word_1_584' title='bbox 2610 3260 2813 3315; x_wconf 85' lang='lat' dir='ltr'><strong>viventi</strong></span> <span class='ocrx_word' id='word_1_585' title='bbox 2859 3259 3185 3315; x_wconf 85' lang='lat' dir='ltr'><strong>medela&#39;diu</strong></span> <span class='ocrx_word' id='word_1_586' title='bbox 3212 3258 3526 3329; x_wconf 62' lang='lat' dir='ltr'><strong>praestolata</strong></span> <span class='ocrx_word' id='word_1_587' title='bbox 3562 3256 3811 3328; x_wconf 71' lang='lat' dir='ltr'><strong>porrigi-</strong></span> 
     </span>
    </p>
   </div>
   <div class='ocr_carea' id='block_1_85' title="bbox 2212 3348 3810 3423">
    <p class='ocr_par' dir='ltr' id='par_1_85' title="bbox 2212 3348 3810 3423">
     <span class='ocr_line' id='line_1_85' title="bbox 2212 3348 3810 3423; baseline -0.008 -12"><span class='ocrx_word' id='word_1_588' title='bbox 2212 3364 2320 3411; x_wconf 91' lang='lat' dir='ltr'><strong>tur.</strong></span> <span class='ocrx_word' id='word_1_589' title='bbox 2353 3350 2475 3419; x_wconf 86' lang='lat' dir='ltr'><strong>Quo</strong></span> <span class='ocrx_word' id='word_1_590' title='bbox 2500 3360 2735 3423; x_wconf 88' lang='lat' dir='ltr'><strong>patrato,</strong></span> <span class='ocrx_word' id='word_1_591' title='bbox 2762 3351 2892 3406; x_wconf 90' lang='lat' dir='ltr'><strong>dum</strong></span> <span class='ocrx_word' id='word_1_592' title='bbox 2922 3351 3077 3421; x_wconf 84' lang='lat' dir='ltr'><strong>plebs</strong></span> <span class='ocrx_word' id='word_1_593' title='bbox 3100 3364 3225 3422; x_wconf 79' lang='lat' dir='ltr'><strong>quae</strong></span> <span class='ocrx_word' id='word_1_594' title='bbox 3249 3348 3380 3404; x_wconf 89' lang='lat' dir='ltr'><strong>illuc</strong></span> <span class='ocrx_word' id='word_1_595' title='bbox 3406 3348 3810 3405; x_wconf 71' lang='lat' dir='ltr'><strong>solemnizamii</strong></span> 
     </span>
    </p>
   </div>
   <div class='ocr_carea' id='block_1_86' title="bbox 2210 3438 3812 3512">
    <p class='ocr_par' dir='ltr' id='par_1_86' title="bbox 2210 3438 3812 3512">
     <span class='ocr_line' id='line_1_86' title="bbox 2210 3438 3812 3512; baseline -0.007 -9"><span class='ocrx_word' id='word_1_596' title='bbox 2210 3461 2376 3503; x_wconf 86' lang='lat' dir='ltr'><strong>causa</strong></span> <span class='ocrx_word' id='word_1_597' title='bbox 2408 3451 2739 3500; x_wconf 85' lang='lat' dir='ltr'><strong>convenerat</strong></span> <span class='ocrx_word' id='word_1_598' title='bbox 2759 3458 2869 3498; x_wconf 88' lang='lat' dir='ltr'><strong>una</strong></span> <span class='ocrx_word' id='word_1_599' title='bbox 2893 3458 3018 3497; x_wconf 89' lang='lat' dir='ltr'><strong>cum</strong></span> <span class='ocrx_word' id='word_1_600' title='bbox 3057 3441 3577 3512; x_wconf 67' lang='lat' dir='ltr'><strong>melioratoaagroto</strong></span> <span class='ocrx_word' id='word_1_601' title='bbox 3613 3438 3812 3494; x_wconf 61' lang='lat' dir='ltr'><strong>exsul»</strong></span> 
     </span>
    </p>
   </div>
   <div class='ocr_carea' id='block_1_87' title="bbox 2211 3531 3811 3609">
    <p class='ocr_par' dir='ltr' id='par_1_87' title="bbox 2211 3531 3811 3609">
     <span class='ocr_line' id='line_1_87' title="bbox 2211 3531 3811 3609; baseline -0.006 -14"><span class='ocrx_word' id='word_1_602' title='bbox 2211 3547 2352 3595; x_wconf 89' lang='lat' dir='ltr'><strong>taret</strong></span> <span class='ocrx_word' id='word_1_603' title='bbox 2372 3552 2471 3609; x_wconf 92' lang='lat' dir='ltr'><strong>pro</strong></span> <span class='ocrx_word' id='word_1_604' title='bbox 2494 3537 2761 3593; x_wconf 89' lang='lat' dir='ltr'><strong>miraculo</strong></span> <span class='ocrx_word' id='word_1_605' title='bbox 2782 3534 2837 3591; x_wconf 91' lang='lat' dir='ltr'><strong>in</strong></span> <span class='ocrx_word' id='word_1_606' title='bbox 2858 3534 3076 3591; x_wconf 88' lang='lat' dir='ltr'><strong>Domini</strong></span> <span class='ocrx_word' id='word_1_607' title='bbox 3100 3533 3375 3601; x_wconf 84' lang='lat' dir='ltr'><strong>laudibus;</strong></span> <span class='ocrx_word' id='word_1_608' title='bbox 3398 3532 3699 3604; x_wconf 84' lang='lat' dir='ltr'><strong>nullusque</strong></span> <span class='ocrx_word' id='word_1_609' title='bbox 3728 3531 3811 3585; x_wconf 78' lang='lat' dir='ltr'><strong>rei</strong></span> 
     </span>
    </p>
   </div>
   <div class='ocr_carea' id='block_1_88' title="bbox 2210 3623 3812 3702">
    <p class='ocr_par' dir='ltr' id='par_1_88' title="bbox 2210 3623 3812 3702">
     <span class='ocr_line' id='line_1_88' title="bbox 2210 3623 3812 3702; baseline -0.006 -15"><span class='ocrx_word' id='word_1_610' title='bbox 2210 3630 2589 3687; x_wconf 89' lang='lat' dir='ltr'><strong>certitudinem</strong></span> <span class='ocrx_word' id='word_1_611' title='bbox 2634 3635 2979 3702; x_wconf 89' lang='lat' dir='ltr'><strong>agnosceret,</strong></span> <span class='ocrx_word' id='word_1_612' title='bbox 3009 3635 3206 3698; x_wconf 58' lang='lat' dir='ltr'><strong>praeter</strong></span> <span class='ocrx_word' id='word_1_613' title='bbox 3239 3625 3497 3680; x_wconf 84' lang='lat' dir='ltr'><strong>comitem</strong></span> <span class='ocrx_word' id='word_1_614' title='bbox 3525 3640 3593 3679; x_wconf 88' lang='lat' dir='ltr'><strong>ac</strong></span> <span class='ocrx_word' id='word_1_615' title='bbox 3620 3623 3812 3679; x_wconf 70' lang='lat' dir='ltr'><strong>socios</strong></span> 
     </span>
    </p>
   </div>
   <div class='ocr_carea' id='block_1_89' title="bbox 2209 3714 3808 3794">
    <p class='ocr_par' dir='ltr' id='par_1_89' title="bbox 2209 3714 3808 3794">
     <span class='ocr_line' id='line_1_89' title="bbox 2209 3714 3808 3794; baseline -0.008 -14"><span class='ocrx_word' id='word_1_616' title='bbox 2209 3723 2329 3794; x_wconf 88' lang='lat' dir='ltr'><strong>ejus</strong></span> <span class='ocrx_word' id='word_1_617' title='bbox 2355 3741 2370 3790; x_wconf 90' lang='lat'><strong>;</strong></span> <span class='ocrx_word' id='word_1_618' title='bbox 2400 3721 2504 3792; x_wconf 91' lang='lat' dir='ltr'><strong>ipsi</strong></span> <span class='ocrx_word' id='word_1_619' title='bbox 2532 3730 2713 3778; x_wconf 90' lang='lat' dir='ltr'><strong>autem</strong></span> <span class='ocrx_word' id='word_1_620' title='bbox 2739 3722 2936 3777; x_wconf 90' lang='lat' dir='ltr'><strong>timore</strong></span> <span class='ocrx_word' id='word_1_621' title='bbox 2960 3718 3220 3775; x_wconf 86' lang='lat' dir='ltr'><strong>Fulconis</strong></span> <span class='ocrx_word' id='word_1_622' title='bbox 3251 3716 3497 3787; x_wconf 85' lang='lat' dir='ltr'><strong>ejusdem</strong></span> <span class='ocrx_word' id='word_1_623' title='bbox 3520 3714 3683 3771; x_wconf 86' lang='lat' dir='ltr'><strong>urbis</strong></span> <span class='ocrx_word' id='word_1_624' title='bbox 3711 3728 3808 3768; x_wconf 89' lang='lat' dir='ltr'><strong>co-</strong></span> 
     </span>
    </p>
   </div>
   <div class='ocr_carea' id='block_1_90' title="bbox 2210 3806 3808 3885">
    <p class='ocr_par' dir='ltr' id='par_1_90' title="bbox 2210 3806 3808 3885">
     <span class='ocr_line' id='line_1_90' title="bbox 2210 3806 3808 3885; baseline -0.006 -16"><span class='ocrx_word' id='word_1_625' title='bbox 2210 3815 2381 3881; x_wconf 89' lang='lat' dir='ltr'><strong>mitis,</strong></span> <span class='ocrx_word' id='word_1_626' title='bbox 2407 3813 2475 3868; x_wconf 90' lang='lat' dir='ltr'><strong>ad</strong></span> <span class='ocrx_word' id='word_1_627' title='bbox 2497 3829 2660 3885; x_wconf 89' lang='lat' dir='ltr'><strong>quem</strong></span> <span class='ocrx_word' id='word_1_628' title='bbox 2691 3813 2955 3870; x_wconf 86' lang='lat' dir='ltr'><strong>attinebat</strong></span> <span class='ocrx_word' id='word_1_629' title='bbox 2989 3819 3046 3868; x_wconf 88' lang='lat' dir='ltr'><strong>et</strong></span> <span class='ocrx_word' id='word_1_630' title='bbox 3089 3806 3522 3867; x_wconf 86' lang='lat' dir='ltr'><strong>Cenomanensis</strong></span> <span class='ocrx_word' id='word_1_631' title='bbox 3569 3806 3808 3862; x_wconf 78' lang='lat' dir='ltr'><strong>comita-</strong></span> 
     </span>
    </p>
   </div>
   <div class='ocr_carea' id='block_1_91' title="bbox 2210 3898 3806 3977">
    <p class='ocr_par' dir='ltr' id='par_1_91' title="bbox 2210 3898 3806 3977">
     <span class='ocr_line' id='line_1_91' title="bbox 2210 3898 3806 3977; baseline -0.006 -16"><span class='ocrx_word' id='word_1_632' title='bbox 2210 3916 2321 3974; x_wconf 89' lang='lat' dir='ltr'><strong>tus,</strong></span> <span class='ocrx_word' id='word_1_633' title='bbox 2357 3905 2425 3961; x_wconf 88' lang='lat' dir='ltr'><strong>de</strong></span> <span class='ocrx_word' id='word_1_634' title='bbox 2459 3903 2516 3960; x_wconf 89' lang='lat' dir='ltr'><strong>S.</strong></span> <span class='ocrx_word' id='word_1_635' title='bbox 2559 3905 2835 3977; x_wconf 82' lang='lat' dir='ltr'><strong>Rigomeri</strong></span> <span class='ocrx_word' id='word_1_636' title='bbox 2870 3902 3247 3975; x_wconf 89' lang='lat' dir='ltr'><strong>deportatione</strong></span> <span class='ocrx_word' id='word_1_637' title='bbox 3282 3907 3341 3955; x_wconf 89' lang='lat' dir='ltr'><strong>et</strong></span> <span class='ocrx_word' id='word_1_638' title='bbox 3385 3898 3458 3955; x_wconf 86' lang='lat' dir='ltr'><strong>ab</strong></span> <span class='ocrx_word' id='word_1_639' title='bbox 3504 3913 3576 3954; x_wconf 90' lang='lat' dir='ltr'><strong>eo</strong></span> <span class='ocrx_word' id='word_1_640' title='bbox 3602 3898 3806 3954; x_wconf 85' lang='lat' dir='ltr'><strong>collata</strong></span> 
     </span>
    </p>
   </div>
   <div class='ocr_carea' id='block_1_92' title="bbox 2209 3991 3808 4069">
    <p class='ocr_par' dir='ltr' id='par_1_92' title="bbox 2209 3991 3808 4069">
     <span class='ocr_line' id='line_1_92' title="bbox 2209 3991 3808 4069; baseline -0.004 -16"><span class='ocrx_word' id='word_1_641' title='bbox 2209 4005 2414 4069; x_wconf 64' lang='lat' dir='ltr'><strong>mgroto</strong></span> <span class='ocrx_word' id='word_1_642' title='bbox 2471 3997 2733 4068; x_wconf 90' lang='lat' dir='ltr'><strong>sospitate</strong></span> <span class='ocrx_word' id='word_1_643' title='bbox 2796 3997 3133 4053; x_wconf 89' lang='lat' dir='ltr'><strong>conticerent</strong></span> <span class='ocrx_word' id='word_1_644' title='bbox 3190 3992 3430 4066; x_wconf 87' lang='lat' dir='ltr'><strong>penitus,</strong></span> <span class='ocrx_word' id='word_1_645' title='bbox 3486 3991 3808 4062; x_wconf 81' lang='lat' dir='ltr'><strong>prodigium</strong></span> 
     </span>
    </p>
   </div>
   <div class='ocr_carea' id='block_1_93' title="bbox 2211 4084 3808 4158">
    <p class='ocr_par' dir='ltr' id='par_1_93' title="bbox 2211 4084 3808 4158">
     <span class='ocr_line' id='line_1_93' title="bbox 2211 4084 3808 4158; baseline -0.004 -13"><span class='ocrx_word' id='word_1_646' title='bbox 2211 4089 2344 4145; x_wconf 91' lang='lat' dir='ltr'><strong>illud</strong></span> <span class='ocrx_word' id='word_1_647' title='bbox 2388 4086 2675 4158; x_wconf 88' lang='lat' dir='ltr'><strong>magnilice</strong></span> <span class='ocrx_word' id='word_1_648' title='bbox 2739 4087 2884 4142; x_wconf 87' lang='lat' dir='ltr'><strong>beati</strong></span> <span class='ocrx_word' id='word_1_649' title='bbox 2940 4086 3121 4141; x_wconf 82' lang='lat' dir='ltr'><strong>Albini</strong></span> <span class='ocrx_word' id='word_1_650' title='bbox 3178 4084 3432 4140; x_wconf 87' lang='lat' dir='ltr'><strong>laudibus</strong></span> <span class='ocrx_word' id='word_1_651' title='bbox 3482 4084 3808 4139; x_wconf 78' lang='lat' dir='ltr'><strong>ascribitur.</strong></span> 
     </span>
    </p>
   </div>
   <div class='ocr_carea' id='block_1_94' title="bbox 2213 4179 3808 4236">
    <p class='ocr_par' dir='ltr' id='par_1_94' title="bbox 2213 4179 3808 4236">
     <span class='ocr_line' id='line_1_94' title="bbox 2213 4179 3808 4236; baseline -0.004 0"><span class='ocrx_word' id='word_1_652' title='bbox 2213 4181 2415 4236; x_wconf 77' lang='lat' dir='ltr'><strong>Verum</strong></span> <span class='ocrx_word' id='word_1_653' title='bbox 2457 4180 2633 4235; x_wconf 88' lang='lat' dir='ltr'><strong>sancti</strong></span> <span class='ocrx_word' id='word_1_654' title='bbox 2657 4180 2902 4235; x_wconf 88' lang='lat' dir='ltr'><strong>thesauri</strong></span> <span class='ocrx_word' id='word_1_655' title='bbox 2945 4179 3148 4233; x_wconf 87' lang='lat' dir='ltr'><strong>latores</strong></span> <span class='ocrx_word' id='word_1_656' title='bbox 3175 4191 3361 4232; x_wconf 89' lang='lat' dir='ltr'><strong>moras</strong></span> <span class='ocrx_word' id='word_1_657' title='bbox 3405 4190 3602 4233; x_wconf 87' lang='lat' dir='ltr'><strong>omnes</strong></span> <span class='ocrx_word' id='word_1_658' title='bbox 3648 4191 3808 4231; x_wconf 64' lang='lat' dir='ltr'><strong>rum~</strong></span> 
     </span>
    </p>
   </div>
   <div class='ocr_carea' id='block_1_95' title="bbox 2210 4270 3810 4345">
    <p class='ocr_par' dir='ltr' id='par_1_95' title="bbox 2210 4270 3810 4345">
     <span class='ocr_line' id='line_1_95' title="bbox 2210 4270 3810 4345; baseline -0.005 -16"><span class='ocrx_word' id='word_1_659' title='bbox 2210 4282 2437 4345; x_wconf 85' lang='lat' dir='ltr'><strong>pentes,</strong></span> <span class='ocrx_word' id='word_1_660' title='bbox 2495 4278 2775 4341; x_wconf 88' lang='lat' dir='ltr'><strong>acceptum</strong></span> <span class='ocrx_word' id='word_1_661' title='bbox 2826 4271 2930 4325; x_wconf 89' lang='lat' dir='ltr'><strong>iter</strong></span> <span class='ocrx_word' id='word_1_662' title='bbox 2980 4270 3223 4325; x_wconf 87' lang='lat' dir='ltr'><strong>studiose</strong></span> <span class='ocrx_word' id='word_1_663' title='bbox 3269 4274 3687 4339; x_wconf 76' lang='lat' dir='ltr'><strong>persequentes.</strong></span> <span class='ocrx_word' id='word_1_664' title='bbox 3718 4283 3810 4321; x_wconf 71' lang='lat' dir='ltr'><strong>se-</strong></span> 
     </span>
    </p>
   </div>
   <div class='ocr_carea' id='block_1_96' title="bbox 2210 4356 3807 4437">
    <p class='ocr_par' dir='ltr' id='par_1_96' title="bbox 2210 4356 3807 4437">
     <span class='ocr_line' id='line_1_96' title="bbox 2210 4356 3807 4437; baseline -0.007 -16"><span class='ocrx_word' id='word_1_665' title='bbox 2210 4365 2398 4437; x_wconf 89' lang='lat' dir='ltr'><strong>quenti</strong></span> <span class='ocrx_word' id='word_1_666' title='bbox 2423 4364 2512 4419; x_wconf 88' lang='lat' dir='ltr'><strong>die</strong></span> <span class='ocrx_word' id='word_1_667' title='bbox 2548 4363 2861 4418; x_wconf 75' lang='lat' dir='ltr'><strong>ccenobium</strong></span> <span class='ocrx_word' id='word_1_668' title='bbox 2892 4361 3130 4432; x_wconf 79' lang='lat' dir='ltr'><strong>petivere</strong></span> <span class='ocrx_word' id='word_1_669' title='bbox 3156 4359 3535 4430; x_wconf 88' lang='lat' dir='ltr'><strong>Burguliense.</strong></span> <span class='ocrx_word' id='word_1_670' title='bbox 3563 4356 3641 4412; x_wconf 82' lang='lat' dir='ltr'><strong>Et</strong></span> <span class='ocrx_word' id='word_1_671' title='bbox 3659 4374 3807 4429; x_wconf 54' lang='lat' dir='ltr'><strong>qui»</strong></span> 
     </span>
    </p>
   </div>
   <div class='ocr_carea' id='block_1_97' title="bbox 2142 4428 3806 4526">
    <p class='ocr_par' dir='ltr' id='par_1_97' title="bbox 2142 4428 3806 4526">
     <span class='ocr_line' id='line_1_97' title="bbox 2142 4428 3806 4526; baseline -0.005 -13"><span class='ocrx_word' id='word_1_672' title='bbox 2142 4428 2188 4485; x_wconf 76' lang='grc' dir='ltr'><strong>Ῑ)</strong></span> <span class='ocrx_word' id='word_1_673' title='bbox 2213 4428 2359 4513; x_wconf 77' lang='lat' dir='ltr'><strong>niam</strong></span> <span class='ocrx_word' id='word_1_674' title='bbox 2389 4455 2780 4511; x_wconf 88' lang='lat' dir='ltr'><strong>Theodelinum</strong></span> <span class='ocrx_word' id='word_1_675' title='bbox 2811 4428 3095 4526; x_wconf 71' lang='lat' dir='ltr'><strong>przefatum</strong></span> <span class='ocrx_word' id='word_1_676' title='bbox 3123 4428 3340 4507; x_wconf 80' lang='lat' dir='ltr'><strong>Patrem</strong></span> <span class='ocrx_word' id='word_1_677' title='bbox 3387 4451 3517 4506; x_wconf 88' lang='lat' dir='ltr'><strong>illuc</strong></span> <span class='ocrx_word' id='word_1_678' title='bbox 3544 4428 3806 4520; x_wconf 63' lang='lat' dir='ltr'><strong>suspimo</strong></span> 
     </span>
    </p>
   </div>
   <div class='ocr_carea' id='block_1_98' title="bbox 2212 4541 3806 4617">
    <p class='ocr_par' dir='ltr' id='par_1_98' title="bbox 2212 4541 3806 4617">
     <span class='ocr_line' id='line_1_98' title="bbox 2212 4541 3806 4617; baseline -0.005 -12"><span class='ocrx_word' id='word_1_679' title='bbox 2212 4552 2431 4614; x_wconf 87' lang='lat' dir='ltr'><strong>bantur,</strong></span> <span class='ocrx_word' id='word_1_680' title='bbox 2454 4562 2580 4602; x_wconf 89' lang='lat' dir='ltr'><strong>nam</strong></span> <span class='ocrx_word' id='word_1_681' title='bbox 2594 4548 2960 4617; x_wconf 88' lang='lat' dir='ltr'><strong>spoponderat</strong></span> <span class='ocrx_word' id='word_1_682' title='bbox 2980 4544 3309 4609; x_wconf 87' lang='lat' dir='ltr'><strong>occurrisse,</strong></span> <span class='ocrx_word' id='word_1_683' title='bbox 3322 4550 3488 4612; x_wconf 87' lang='lat' dir='ltr'><strong>atque</strong></span> <span class='ocrx_word' id='word_1_684' title='bbox 3501 4541 3806 4597; x_wconf 83' lang='lat' dir='ltr'><strong>adventum</strong></span> 
     </span>
    </p>
   </div>
   <div class='ocr_carea' id='block_1_99' title="bbox 2212 4637 3809 4710">
    <p class='ocr_par' dir='ltr' id='par_1_99' title="bbox 2212 4637 3809 4710">
     <span class='ocr_line' id='line_1_99' title="bbox 2212 4637 3809 4710; baseline -0.004 -14"><span class='ocrx_word' id='word_1_685' title='bbox 2212 4655 2403 4696; x_wconf 89' lang='lat' dir='ltr'><strong>eorum</strong></span> <span class='ocrx_word' id='word_1_686' title='bbox 2448 4639 2686 4710; x_wconf 89' lang='lat' dir='ltr'><strong>opperiri</strong></span> <span class='ocrx_word' id='word_1_687' title='bbox 2712 4639 2868 4695; x_wconf 87' lang='lat' dir='ltr'><strong>valde</strong></span> <span class='ocrx_word' id='word_1_688' title='bbox 2917 4637 3169 4701; x_wconf 87' lang='lat' dir='ltr'><strong>sollicite,</strong></span> <span class='ocrx_word' id='word_1_689' title='bbox 3211 4642 3533 4704; x_wconf 85' lang='lat' dir='ltr'><strong>apparatum</strong></span> <span class='ocrx_word' id='word_1_690' title='bbox 3578 4647 3809 4704; x_wconf 69' lang='lat' dir='ltr'><strong>quoque</strong></span> 
     </span>
    </p>
   </div>
   <div class='ocr_carea' id='block_1_100' title="bbox 2212 4724 3807 4795">
    <p class='ocr_par' dir='ltr' id='par_1_100' title="bbox 2212 4724 3807 4795">
     <span class='ocr_line' id='line_1_100' title="bbox 2212 4724 3807 4795; baseline -0.006 -7"><span class='ocrx_word' id='word_1_691' title='bbox 2212 4732 2570 4788; x_wconf 89' lang='lat' dir='ltr'><strong>nihilominus</strong></span> <span class='ocrx_word' id='word_1_692' title='bbox 2602 4738 2767 4788; x_wconf 67' lang='lat' dir='ltr'><strong>tanta:</strong></span> <span class='ocrx_word' id='word_1_693' title='bbox 2790 4729 2869 4785; x_wconf 86' lang='lat' dir='ltr'><strong>rei</strong></span> <span class='ocrx_word' id='word_1_694' title='bbox 2895 4726 3251 4784; x_wconf 76' lang='lat' dir='ltr'><strong>sufﬁcientem</strong></span> <span class='ocrx_word' id='word_1_695' title='bbox 3294 4724 3583 4795; x_wconf 82' lang='lat' dir='ltr'><strong>vigilanter</strong></span> <span class='ocrx_word' id='word_1_696' title='bbox 3610 4724 3807 4795; x_wconf 83' lang='lat' dir='ltr'><strong>provi-</strong></span> 
     </span>
    </p>
   </div>
   <div class='ocr_carea' id='block_1_101' title="bbox 2213 4814 3808 4894">
    <p class='ocr_par' dir='ltr' id='par_1_101' title="bbox 2213 4814 3808 4894">
     <span class='ocr_line' id='line_1_101' title="bbox 2213 4814 3808 4894; baseline -0.006 -13"><span class='ocrx_word' id='word_1_697' title='bbox 2213 4825 2373 4892; x_wconf 88' lang='lat' dir='ltr'><strong>dere;</strong></span> <span class='ocrx_word' id='word_1_698' title='bbox 2400 4838 2432 4879; x_wconf 92' lang='lat' dir='ltr'><strong>e</strong></span> <span class='ocrx_word' id='word_1_699' title='bbox 2455 4823 2625 4880; x_wconf 86' lang='lat' dir='ltr'><strong>sociis</strong></span> <span class='ocrx_word' id='word_1_700' title='bbox 2656 4824 2890 4894; x_wconf 87' lang='lat' dir='ltr'><strong>aliquem</strong></span> <span class='ocrx_word' id='word_1_701' title='bbox 2920 4814 3277 4890; x_wconf 62' lang='lat' dir='ltr'><strong>praemittunt,</strong></span> <span class='ocrx_word' id='word_1_702' title='bbox 3309 4831 3370 4871; x_wconf 89' lang='lat' dir='ltr'><strong>sc</strong></span> <span class='ocrx_word' id='word_1_703' title='bbox 3394 4815 3609 4881; x_wconf 87' lang='lat' dir='ltr'><strong>adesse,</strong></span> <span class='ocrx_word' id='word_1_704' title='bbox 3641 4816 3808 4872; x_wconf 83' lang='lat' dir='ltr'><strong>item-</strong></span> 
     </span>
    </p>
   </div>
   <div class='ocr_carea' id='block_1_102' title="bbox 2214 4905 3807 4987">
    <p class='ocr_par' dir='ltr' id='par_1_102' title="bbox 2214 4905 3807 4987">
     <span class='ocr_line' id='line_1_102' title="bbox 2214 4905 3807 4987; baseline -0.006 -15"><span class='ocrx_word' id='word_1_705' title='bbox 2214 4931 2321 4987; x_wconf 88' lang='lat' dir='ltr'><strong>que</strong></span> <span class='ocrx_word' id='word_1_706' title='bbox 2347 4924 2547 4971; x_wconf 89' lang='lat' dir='ltr'><strong>cuncta</strong></span> <span class='ocrx_word' id='word_1_707' title='bbox 2572 4929 2695 4985; x_wconf 68' lang='lat' dir='ltr'><strong>quae</strong></span> <span class='ocrx_word' id='word_1_708' title='bbox 2738 4919 3012 4984; x_wconf 87' lang='lat' dir='ltr'><strong>optarant,</strong></span> <span class='ocrx_word' id='word_1_709' title='bbox 3037 4920 3262 4966; x_wconf 90' lang='lat' dir='ltr'><strong>auctore</strong></span> <span class='ocrx_word' id='word_1_710' title='bbox 3286 4907 3519 4962; x_wconf 87' lang='lat' dir='ltr'><strong>Domino</strong></span> <span class='ocrx_word' id='word_1_711' title='bbox 3551 4905 3807 4971; x_wconf 71' lang='lat' dir='ltr'><strong>Christo.</strong></span> 
     </span>
    </p>
   </div>
   <div class='ocr_carea' id='block_1_103' title="bbox 2214 4997 3809 5079">
    <p class='ocr_par' dir='ltr' id='par_1_103' title="bbox 2214 4997 3809 5079">
     <span class='ocr_line' id='line_1_103' title="bbox 2214 4997 3809 5079; baseline -0.005 -16"><span class='ocrx_word' id='word_1_712' title='bbox 2214 5007 2481 5079; x_wconf 84' lang='lat' dir='ltr'><strong>gnaviter,</strong></span> <span class='ocrx_word' id='word_1_713' title='bbox 2509 5008 2604 5063; x_wconf 89' lang='lat' dir='ltr'><strong>sed</strong></span> <span class='ocrx_word' id='word_1_714' title='bbox 2628 5014 2683 5062; x_wconf 89' lang='lat' dir='ltr'><strong>et</strong></span> <span class='ocrx_word' id='word_1_715' title='bbox 2704 5006 2847 5061; x_wconf 82' lang='lat' dir='ltr'><strong>ultra</strong></span> <span class='ocrx_word' id='word_1_716' title='bbox 2872 5018 3039 5075; x_wconf 89' lang='lat' dir='ltr'><strong>quam</strong></span> <span class='ocrx_word' id='word_1_717' title='bbox 3062 5007 3369 5071; x_wconf 82' lang='lat' dir='ltr'><strong>speraram,</strong></span> <span class='ocrx_word' id='word_1_718' title='bbox 3397 4998 3492 5068; x_wconf 88' lang='lat' dir='ltr'><strong>qui</strong></span> <span class='ocrx_word' id='word_1_719' title='bbox 3520 4997 3809 5055; x_wconf 78' lang='lat' dir='ltr'><strong>intimare:</strong></span> 
     </span>
    </p>
   </div>
   <div class='ocr_carea' id='block_1_104' title="bbox 2214 5088 3808 5138">
    <p class='ocr_par' dir='ltr' id='par_1_104' title="bbox 2214 5088 3808 5138">
     <span class='ocr_line' id='line_1_104' title="bbox 2214 5088 3808 5138; baseline 0 0"><span class='ocrx_word' id='word_1_720' title='bbox 2214 5101 2517 5138; x_wconf 69' lang='lat' dir='ltr'><strong>nnmnlncco</strong></span> <span class='ocrx_word' id='word_1_721' title='bbox 2565 5098 2685 5138; x_wconf 76' lang='lat' dir='ltr'><strong>nnn</strong></span> <span class='ocrx_word' id='word_1_722' title='bbox 2709 5097 2795 5138; x_wconf 69' lang='lat' dir='ltr'><strong>vir</strong></span> <span class='ocrx_word' id='word_1_723' title='bbox 2845 5095 2935 5138; x_wconf 74' lang='grc' dir='ltr'><strong>Πρῖ</strong></span> <span class='ocrx_word' id='word_1_724' title='bbox 2967 5099 3209 5138; x_wconf 65' lang='lat' dir='ltr'><strong>uenerim-</strong></span> <span class='ocrx_word' id='word_1_725' title='bbox 3236 5096 3447 5138; x_wconf 78' lang='lat' dir='ltr'><strong>nuanto</strong></span> 
     </span>
    </p>
   </div>
  </div>
