4050 5358
5 620 155 1213 l

1191 272 1282 329 ne
1306 258 1635 331 cmuomo
1664 271 2194 332 MALLEACENSIS
2223 270 2547 355 ιΝευιεη

3348 242 3490 339 iero

204 386 281 441 in
309 376 910 457 ecclesia‘Burguliensi
937 399 1101 456 quam
1131 385 1389 442 decenter
1416 396 1805 459 exposuerunt,
1838 390 1883 447 Α
1909 389 2301 456 posuissemus,
2330 393 2437 448 nisi
2458 352 2634 449 adhuc
2655 389 2885 462 paucula
2906 392 3141 464 capitula
3160 352 3289 450 huic
3309 396 3491 475 ordini

219 474 409 535 felices
432 478 535 533 hos
558 478 977 549 pronuntiantes
1005 476 1207 547 quibus
1229 478 1334 534 tale
1360 478 1505 534 Deus
1540 479 1808 552 dirigebat

216 569 612 640 patrocinium.

290 659 498 716 interea
528 659 685 715 Pater
721 659 1091 717 Theodelinus
1116 661 1233 731 ipsa
1278 661 1469 717 eadem
1498 661 1636 718 hora
1662 679 1805 734 quo-

216 751 347 806 dam
368 751 638 807 citissizno
658 753 835 808 accito
858 752 1162 817 vercdario,
1190 753 1393 823 negotii
1416 754 1588 809 totius
1611 755 1809 810 seriem

219 838 662 908 Malliacelsibus
699 841 933 901 fratibus
976 844 1263 909 intimavit,
1309 846 1548 915 quidque
1589 847 1808 916 ipsisin

218 932 507 1001 procinctu
553 936 891 1006 exceptionis
940 936 1102 993 sititas
1142 937 1536 1007 providendum
1590 939 1811 1009 potissi-

220 1039 485 1095 mumque
527 1029 933 1098 procurandum
987 1030 1301 1086 necessario
1353 1030 1583 1086 instaret
1614 1031 1812 1089 litteris

216 1115 513 1173 ordinavit.
542 1117 716 1190 Cujus
753 1119 1128 1177 Malliacenses
1156 1122 1380 1177 nutibus
1417 1122 1633 1179 haustis
1666 1123 1813 1193 lega-

217 1206 394 1263 tarios
417 1209 843 1283 circumquaque
864 1215 1140 1280 emittunt,
1161 1214 1460 1269 multorum
1484 1215 1809 1286 pepulorum

218 1306 492 1367 catervas,
527 1302 768 1373 itemque
815 1305 1213 1361 monachorum
1243 1315 1297 1361 et
1346 1307 1671 1361 clericorum
1702 1323 1810 1363 non

217 1390 512 1447 minimum
561 1402 766 1450 emtum
820 1396 958 1451 mira
1016 1397 1254 1467 agilitate
1310 1397 1590 1468 colligunt.
1646 1396 1814 1454 Nocte

218 1480 442 1536 interim
472 1483 561 1539 illa
587 1501 695 1556 qua
724 1487 989 1558 emigrata
1019 1497 1384 1543 sacrosanctae
1421 1505 1569 1561 gaza:
1603 1489 1812 1545 Mallia-

220 1572 376 1628 censi
404 1577 741 1632 monasterio
765 1587 922 1633 erant
950 1578 1266 1647 inferendae,
1306 1581 1528 1651 quidam
1581 1581 1813 1638 fratrum

218 1658 279 1716 in
320 1677 386 1718 eo
437 1666 747 1735 quiescens,
790 1668 1088 1727 Barcinons
1111 1670 1354 1739 natione,
1385 1670 1530 1727 Tezo
1571 1675 1791 1729 nomine

218 1751 552 1811 immensum
582 1758 806 1816 luminis
835 1762 1179 1832 splendorem
1206 1763 1275 1817 ab
1314 1761 1534 1821 Oriente
1565 1764 1617 1820 in
1665 1781 1819 1821 som-

222 1844 316 1899 nis
357 1859 633 1919 cmergere
675 1850 878 1926 [vidit],
907 1853 1102 1909 deinde
1141 1855 1468 1924 pedetentim
1495 1872 1657 1913 omne
1702 1874 1815 1915 cm—

220 1934 375 1991 nobii
400 1952 604 2009 corpus
628 1945 924 2014 complere,
972 1960 1073 2000 nec
1102 1946 1277 2001 multo
1317 1956 1441 2016 post
1468 1946 1812 2005 innumeram

218 2028 550 2097 populorum
577 2031 939 2105 frequentiam
968 2038 1208 2108 undique
1232 2054 1578 2106 concurrere,
1611 2057 1675 2096 ac
1711 2042 1814 2098 mi-

221 2131 354 2172 rum
378 2122 567 2177 nescio
597 2126 726 2194 quid
752 2127 806 2180 in
828 2129 1017 2183 eodem
1040 2128 1247 2183 lumine
1274 2145 1598 2200 suspensam
1624 2148 1815 2203 exspe-

220 2216 394 2276 ctare,
408 2210 647 2284 itemque
668 2217 773 2271 sibi
788 2219 944 2288 quasi
967 2218 1466 2276 submurmurando
1477 2224 1811 2292 promittere.

225 2296 297 2354 Et
329 2300 509 2372 ipsum
542 2306 763 2377 quidem
810 2309 1075 2366 hactenus
1104 2311 1248 2366 beati
1291 2309 1568 2384 Rigomeri
1615 2314 1816 2371 latebat

223 2392 511 2451 adventus.
563 2395 622 2453 Si
656 2409 837 2455 autem
867 2402 1181 2457 mortalium
1216 2403 1425 2458 somnis
1455 2413 1639 2460 nostra
1684 2423 1816 2462 con-

220 2481 436 2555 jectura
462 2487 625 2560 digne
662 2492 978 2563 porrigitur,
1020 2493 1238 2548 videtur
1271 2493 1415 2549 haud
1443 2495 1677 2552 absurde
1705 2514 1814 2554 non

228 2576 396 2632 unius
446 2587 660 2637 tantum
699 2583 844 2640 illius
886 2585 995 2640 diei
1029 2586 1328 2641 solemnem
1372 2587 1637 2656 lzetitiam,
1682 2591 1816 2661 quin

225 2668 411 2737 potius
438 2670 743 2743 largiﬂuam
789 2675 1060 2732 bonorum
1106 2677 1353 2733 omnium
1398 2679 1728 2736 amuentiam
1754 2698 1818 2738 ac

226 2763 613 2828 aegrotandum
657 2781 770 2822 non
818 2769 995 2823 solum
1037 2784 1225 2836 carne,
1278 2770 1372 2825 sed
1420 2772 1584 2826 etiam
1617 2773 1817 2830 animis

227 2854 683 2924 consolationem,
728 2874 893 2929 quam
943 2861 1011 2915 ad
1058 2861 1202 2917 beati
1249 2861 1523 2933 Rigomeri
1560 2864 1816 2936 suffragia

227 2948 686 3005 concurrentibus
720 2949 935 3007 confert
960 2950 1249 3020 Dominus,
1284 2955 1609 3025 portendere
1657 2966 1816 3027 opta-

1796 1718 1811 1742 ’
1848 1721 1889 1777 Β

1908 481 2218 537 necessaria
2266 482 2596 555 subjungere
2659 499 2962 554 congruum
3037 485 3491 542 decrevisscmus.

1907 569 2227 642 Composito
2251 573 2414 642 igitur
2436 584 2624 629 sancto
2644 574 2860 629 Domini
2891 575 3013 630 loco
3048 585 3100 630 et
3145 576 3334 631 ordine
3356 592 3496 648 prae-

1909 662 2169 729 titulato,
2222 664 2401 720 adhuc
2464 667 2795 721 inconcussa
2864 668 3140 737 perstabat
3192 667 3498 726 beatissimi

1909 752 2313 825 Aquitanorum
2354 757 2568 825 patroni
2594 756 2780 812 llilarii
2810 759 3054 828 basilica,
3098 775 3263 830 quam
3288 776 3496 831 prtem»-

1910 845 2058 900 denti
2082 846 2320 901 libellulo
2345 844 2729 904 ardiflcavlmus
2757 864 2941 903 coram
2973 850 3234 920 principis
3259 851 3403 908 aula.
3434 850 3499 908 In

1912 951 2018 1006 qua
2048 936 2308 992 nonnulla
2345 946 2559 1007 patrata
2587 937 2837 994 feruntur
2860 941 3143 1008 miracula,
3185 957 3329 1012 qum,
3364 942 3499 1000 dum

1911 1028 2235 1097 compendio
2258 1044 2481 1099 operam
2517 1030 2732 1097 damus,
2767 1031 2940 1085 satius
2969 1032 3222 1088 ducimus
3260 1033 3507 1088 reticens

1911 1119 2000 1173 da.
2033 1118 2203 1174 Porro
2247 1135 2376 1175 vero
2413 1121 2467 1174 in
2514 1136 2656 1192 smpe
2702 1130 2885 1177 laxato
2938 1123 3229 1190 etnnobio,
3274 1124 3517 1194 quidam:

1911 1207 2288 1277 Constantius,
2324 1212 2411 1266 cui
2442 1227 2709 1282 agnomen
2736 1222 2855 1269 erat
2902 1212 3205 1282 Brizaldus,
3236 1214 3499 1286 μνωμοεί-

1916 1307 2052 1357 tura:
2081 1301 2257 1357 officio
2284 1303 2613 1373 potiebatur,
2660 1305 2919 1375 quoniam
2955 1306 3300 1363 szecularium
3330 1322 3499 1376 expe-

1913 1393 2185 1448 ditionum
2238 1393 2540 1451 industrius
2586 1397 2829 1467 apprime
2871 1398 3184 1467 putabatur.
3227 1396 3327 1452 llic
3369 1412 3503 1467 ergo

1914 1483 2001 1539 die.
2028 1484 2264 1553 quadam
2296 1484 2688 1543 Theodclinum
2723 1496 2932 1558 patrem
2973 1488 3322 1555 conveniens,
3358 1487 3502 1543 mul-

1915 1575 2201 1629 titudinem
2254 1576 2610 1633 ecclesiarum
2666 1577 2858 1633 insulse
2918 1579 3143 1633 omnino
3206 1579 3502 1650 exprobra-

1915 1664 2039 1733 bat,
2095 1674 2260 1736 atque
2325 1668 2709 1738 conquerendo
2770 1669 3009 1739 aliquam
3065 1684 3253 1724 carum
3303 1669 3502 1727 merito

1915 1758 2325 1813 convellendam
2388 1759 2679 1830 garriebat.
2753 1758 2924 1830 Cujus
2991 1760 3232 1831 primum
3298 1775 3507 1831 sugge~

1915 1847 2188 1903 stionibus
2241 1848 2325 1902 vir
2407 1849 2501 1904 Dei
2576 1851 2883 1919 resultans,
2953 1852 3303 1922 postmodum
3375 1866 3504 1904 vero

1915 1938 2036 2008 ejus
2070 1939 2511 2009 instigationibus
2552 1942 2801 1997 addictus
2827 1983 2843 2008 ,
2894 1942 3013 2012 ejus
3066 1941 3336 1996 voluntati
3386 1956 3502 1996 rem

1915 2029 2144 2084 dimisit.
2202 2030 2271 2084 At
2330 2030 2419 2085 ille
2466 2031 2591 2086 inde
2645 2048 2938 2103 egressus,
2986 2033 3504 2102 multitudinemque

1916 2121 2162 2175 virorum
2217 2120 2479 2193 colligens
2524 2122 2591 2178 ad
2642 2123 2928 2178 ecclesiam
2969 2123 3113 2179 beati
3167 2122 3359 2179 llilaiii
3408 2138 3505 2177 ae-

1916 2211 2101 2279 cessit,
2134 2228 2365 2283 eamque
2408 2212 2653 2268 funditus
2678 2215 2891 2269 evertit.
2929 2213 3205 2282 Quantum
3237 2213 3509 2272 nimirum.

1918 2305 2038 2375 ejus
2061 2302 2294 2358 Domino
2322 2312 2476 2374 grata
2528 2303 2695 2359 fuerit
2740 2305 3106 2375 opera,'ultio
3153 2305 3355 2362 detexit
3393 2321 3513 2361 mas

1912 2394 2113 2467 nifcste
2136 2396 2446 2452 subsecuta.
2476 2394 2722 2467 Namque
2743 2412 2842 2451 nec
2873 2397 3001 2451 dum
3034 2399 3251 2468 penitus
3277 2410 3501 2463 corrue-

1917 2496 2003 2542 rat
2028 2488 2209 2556 paries
2238 2488 2486 2556 ultimus,
2520 2503 2643 2543 cum
2675 2504 2800 2543 ecce
2835 2488 2976 2543 idem
3007 2497 3373 2560 praesumptor
3394 2502 3508 2543 mo-

1917 2577 2131 2633 nachus
2165 2580 2349 2634 lethali
2390 2579 2584 2636 morbo
2612 2587 2915 2649 correptus,
2948 2578 3015 2635 de
3048 2594 3191 2650 equo
3238 2579 3327 2635 cui
3365 2580 3511 2641 inscr.-

1918 2670 2072 2725 derat
2092 2673 2322 2741 proruit,
2350 2672 2583 2743 denique
2607 2672 2812 2727 caduco
2838 2671 3188 2728 incommodo
3212 2680 3298 2726 est
3320 2670 3511 2743 fatigay

1918 2769 2027 2817 tus.
2060 2761 2348 2819 Postremo
2391 2764 2581 2834 grandi
2608 2778 2833 2818 emenso
2881 2762 3169 2820 intervallo
3213 2778 3509 2834 parumpn‘

1919 2862 2171 2908 cessante
2218 2854 2412 2909 morbo
2468 2854 2789 2925 respiravit,
2835 2861 2892 2909 et
2935 2869 3060 2929 qua:
3100 2869 3226 2925 erga
3253 2869 3312 2909 se
3357 2862 3510 2923 gesta

1920 2944 2157 3012 fuerant,
2173 2946 2303 3001 dum
2331 2946 2446 3016 ipse
2460 2947 2714 3011 nesciret,
2741 2962 2772 3001 a
2794 2945 3104 3001 videntibus
3120 2945 3347 3017 accepit.
3368 2942 3509 3003 Tum

229 3041 363 3089 tam.
396 3034 599 3094 Verum
627 3041 720 3096 ubi
751 3042 954 3100 latores
977 3045 1231 3115 superius
1261 3047 1525 3117 assignati
1556 3064 1663 3102 una
1691 3064 1815 3103 cum

1920 3037 2106 3109 itaque
2163 3036 2377 3108 publice
2425 3030 2483 3092 se
2504 3052 2778 3107 peccasse,
2825 3052 2884 3094 se
2920 3036 3244 3107 gravissime
3294 3051 3512 3096 errasse

228 3121 566 3185 Theodeiino
589 3134 898 3189 venerando
918 3135 1372 3205 pretiosissimam
1393 3153 1667 3209 gemmam
1690 3137 1819 3192 Mal-

228 3215 456 3276 liacensi
481 3222 675 3279 insulae
717 3224 1041 3294 intulerunt,
1087 3228 1297 3283 clamor
1342 3228 1534 3300 ingens
1560 3229 1819 3301 utrinque

229 3308 501 3379 oboritur,
539 3315 692 3370 adest
717 3332 872 3372 sacer
910 3328 1211 3375 conventus
1233 3318 1487 3386 fratrum,
1512 3319 1640 3376 hinc
1675 3335 1818 3391 quo-

230 3411 341 3468 que
373 3409 427 3455 et
453 3401 577 3460 inde
620 3407 901 3477 multiplex
928 3408 1236 3480 frequentia
1269 3410 1553 3466 turbarum
1602 3412 1817 3468 laudem

231 3487 451 3547 Domini
477 3495 715 3568 undique
742 3501 1115 3555 resonantium
1135 3519 1148 3555 :
1168 3502 1402 3557 ministri
1429 3519 1666 3572 necnon,
1693 3520 1819 3561 cum

228 3585 490 3642 crucibus
536 3596 592 3642 et
645 3590 819 3647 cereis
860 3591 1343 3648 circumstantibus
1388 3593 1543 3661 aliis,
1574 3595 1821 3653 humeris

229 3684 461 3733 ovantes
514 3691 764 3735 sanctum
812 3696 1018 3752 corpus
1059 3682 1389 3753 imponunt,
1434 3684 1641 3756 reliqua
1691 3702 1821 3743 vero

231 3765 549 3835 multitudo,
579 3771 733 3827 flexis
760 3773 1080 3843 peplitibus,
1116 3773 1396 3847 Rigomeri
1436 3777 1658 3848 gloriosi
1694 3796 1825 3835 cum

234 3858 427 3914 multis
469 3859 747 3933 lacrymis,
770 3864 971 3933 Oppido
1014 3866 1143 3921 licet
1183 3875 1534 3937 exoptarcnt,
1584 3871 1823 3941 rogitant

232 3948 628 4017 patronicium.
686 3951 929 4008 Tandem
992 3971 1123 4012 sane
1189 3958 1589 4028 supplicatione
1643 3961 1823 4018 debita

233 4040 525 4110 completa,
551 4043 956 4114 antiphonaque
982 4047 1257 4117 imposita,
1278 4047 1609 4106 Malliaccnsi
1660 4052 1823 4113 indu-

233 4139 370 4186 cunt
392 4133 634 4189 ecclesiae
656 4134 771 4205 jam
800 4136 931 4191 olim
967 4153 998 4193 a
1027 4136 1261 4193 Domino
1284 4141 1666 4210 prmdcstinata
1694 4144 1825 4199 cha-

234 4222 486 4291 rismata,
517 4224 943 4299 circumquaque
969 4240 1331 4300 concrepante
1352 4232 1557 4287 laetitia.
1596 4232 1661 4289 Et
1687 4250 1826 4303 quo-

234 4314 386 4369 niam
420 4316 597 4386 major
633 4318 876 4388 ejusdem
919 4321 1162 4376 ecclesiae
1191 4332 1377 4392 crypta
1414 4321 1613 4378 infecta
1649 4326 1827 4379 adhuc

235 4405 327 4461 his
353 4406 548 4462 diebus
570 4409 844 4477 manebat,
875 4411 929 4464 in
959 4411 1151 4466 dextro
1201 4413 1450 4467 membro
1493 4424 1830 4484 componunt

237 4497 392 4553 omni
417 4515 543 4554 cum
568 4500 868 4571 diligentia,
918 4518 1028 4573 quo
1064 4512 1266 4558 sancta:
1290 4502 1386 4558 Dei
1430 4503 1722 4562 Genitricis
1765 4520 1830 4563 ac

237 4600 518 4661 perpetua:
554 4590 794 4663 Virginis
826 4594 1060 4649 habetur
1087 4601 1141 4649 et
1166 4609 1282 4648 ara.

313 4680 391 4737 De
419 4683 699 4739 miraculis
727 4699 860 4739 sane
897 4685 1156 4755 deinceps
1187 4700 1285 4755 per
1328 4699 1454 4741 eum
1498 4686 1697 4742 ibidem
1734 4703 1831 4760 ge-

239 4774 364 4839 stis,
390 4790 513 4844 qua:
527 4783 607 4829 tot
631 4791 695 4831 ac
723 4785 872 4831 tanta
896 4784 1023 4832 sunt
1052 4784 1112 4830 ut
1136 4791 1199 4831 ea
1224 4776 1380 4848 plene
1425 4776 1625 4834 referre
1649 4779 1831 4835 nullus

241 4864 552 4931 hominum,
601 4876 663 4921 ut
705 4867 879 4935 aiunt,
927 4866 1177 4935 sufﬁciat,
1222 4869 1288 4923 ad
1325 4884 1565 4939 praesens
1610 4871 1831 4941 quidem

240 4966 523 5026 tacemus;
562 4958 609 5013 si
632 4961 798 5014 vitam
826 4969 1007 5014 autem
1039 4957 1181 5013 Deus
1205 4960 1413 5016 dederit
1434 4960 1832 5030 aliquantulum

243 5049 486 5122 longam,
518 5064 642 5121 quae
668 5051 753 5105 vel
781 5060 985 5122 quanta
1014 5050 1292 5106 seniorum
1320 5051 1831 5122 probatissimorum

245 5143 551 5174 annnuo‘:nﬁﬂ

594 5142 659 5174 λη
682 5142 778 5174 ,Ιιῖιε
807 5142 1101 5174 unt-Animant-
1170 5145 1415 5174 ηιιΑΙζΙιΛο
1460 5158 1711 5174 οΛκΜΛ-ιιι
1766 5145 1830 5174 ’.Α

1918 3130 2207 3185 confessus
2236 3137 2351 3196 cst;
2383 3128 2579 3183 deinde
2602 3127 2779 3184 officio
2808 3126 3144 3184 famulorum
3194 3128 3259 3185 ad
3312 3143 3510 3183 mona-

1920 3220 2146 3274 sterium
2172 3218 2432 3285 defertur,
2450 3234 2613 3275 casus
2645 3219 2767 3289 ejus
2791 3217 2940 3273 Patri
2970 3234 3033 3275 ac
3063 3217 3327 3274 fratribus
3359 3234 3510 3274 rese-

1919 3320 2091 3365 ratur.
2129 3310 2266 3378 Quo,
2304 3310 2490 3365 audito
2520 3309 2733 3365 validus
2769 3324 2960 3365 omnes
2987 3310 3154 3365 timor
3204 3309 3513 3383 corripuit,

1919 3403 2305 3473 communique
2338 3401 2591 3457 consulto
2636 3401 2705 3456 ad
2748 3400 2927 3457 locum
2962 3401 3201 3459 dirutum
3238 3402 3452 3471 aliquos
3476 3417 3511 3457 ε

1920 3493 2185 3550 fratribus
2225 3492 2515 3548 Dominum
2559 3503 2865 3550 reverentes
2904 3493 3183 3565 dirigunt,
3214 3492 3513 3564 altarisqae

1920 3586 2128 3656 lapides
2175 3596 2231 3640 et
2264 3592 2589 3640 caementum
2640 3587 2817 3656 quod-
2849 3586 3116 3640 intactum
3165 3596 3513 3646 remanserat

1921 3686 2080 3733 caute
2100 3677 2262 3733 nimis
2288 3677 2558 3749 colligere,
2588 3687 2754 3749 atque
2785 3676 2842 3732 in
2873 3679 3213 3733 monasterio
3241 3679 3308 3733 ad
3338 3694 3397 3733 se
3426 3677 3510 3732 af-

1922 3767 2065 3824 ferre
2088 3769 2429 3842 praecipiunt.
2459 3769 2539 3825 llli
2569 3769 2791 3843 quidem
2825 3772 3037 3828 alacres
3063 3772 3396 3841 obaudiunt;
3423 3770 3514 3827 isti

1923 3876 2054 3916 vero
2093 3862 2271 3931 ipsum
2318 3862 2462 3918 idem
2505 3864 2676 3918 altare
2719 3862 2774 3917 in
2805 3863 2982 3933 capite
3032 3862 3299 3934 designati
3329 3878 3523 3919 monaa

1925 3951 2077 4007 sterii
2121 3953 2176 4007 in
2207 3954 2473 4009 honorem
2518 3955 2763 4025 ejusdem
2811 3955 2987 4011 sancti
3042 3953 3229 4009 Hilarii
3274 3955 3533 4025 erigunt-

1923 4040 2117 4098 Frater
2150 4060 2282 4100 sane
2316 4045 2406 4101 ille
2439 4046 2599 4118 cujus
2647 4047 2925 4102 temeritas
2986 4046 3168 4101 locum
3202 4045 3531 4117 proﬂigare-.7

1924 4143 2032 4201 rat,
2063 4143 2302 4205 quatuor
2353 4137 2592 4208 quidem,
2645 4146 2706 4191 ut
2755 4138 2928 4204 aiunt,
2976 4151 3192 4192 menses
3237 4144 3515 4206 superstes
3580 4130 3585 4137 ’

1925 4212 2283 4293 eistitit,nec
2319 4237 2500 4283 tamen
2522 4228 2740 4298 aliquod
2773 4228 2981 4283 doloris
3009 4227 3255 4284 levamen
3284 4227 3539 4299 adipisci.

1927 4318 2248 4385 promeruit.
2288 4317 2392 4373 Sed
2419 4327 2473 4373 et
2498 4318 2646 4375 Patri
2670 4334 2810 4388 saepe
2832 4326 3015 4372 taxato
3037 4317 3391 4386 Theodelino,
3416 4319 3543 4374 sic»

1907 4414 1992 4461 -ut
2020 4407 2076 4461 in
2102 4410 2282 4478 prima
2314 4407 2493 4464 fronte
2530 4410 2702 4464 multa
2757 4424 3043 4479 prospera,
3084 4409 3161 4468 ita
3181 4426 3211 4465 c
3238 4411 3535 4469 contrario.

1925 4498 2081 4568 juxta
2115 4502 2242 4555 vitae
2277 4501 2571 4555 terminum
2619 4501 2883 4555 nonnulla
2938 4500 3228 4558 obviavere
3269 4502 3517 4561 adversa.

1930 4587 1998 4643 Et
2016 4589 2195 4659 primo
2219 4592 2437 4662 quidem
2462 4608 2644 4646 rerum
2679 4607 3063 4663 possessarum
3115 4590 3443 4657 creberrima
3466 4606 3529 4657 et

1932 4682 2255 4751 gravissima
2284 4681 2503 4749 damna,
2533 4684 2726 4739 deinde
2749 4700 2851 4740 suo
2899 4685 3138 4755 corpori,
3182 4700 3248 4743 ac
3280 4682 3532 4746 familia~

1933 4787 2055 4828 rum
2079 4775 2381 4830 amicorum
2396 4777 2745 4846 prosperitati
2762 4791 2899 4848 pene
2922 4775 3289 4846 importabilia
3308 4773 3553 4844 ingnio.

1932 4862 2066 4921 bant
2095 4866 2473 4933 incommoda;
2508 4876 2788 4938 postremo
2818 4867 2949 4923 dum
3006 4869 3123 4940 ipse
3150 4873 3315 4923 noctu
3352 4866 3570 4925 decu‘

1934 4956 2090 5013 barct
2144 4960 2201 5015 in
2255 4956 2420 5011 domo
2471 4958 2852 5027 infirmarum,
2908 4970 3142 5031 cegcnte
3202 4954 3601 5035 necessitatq

1934 5049 2274 5123 aegritudinis
2294 5049 2603 5122 prtcvalida,
2635 5050 2817 5108 subito
2846 5050 3153 5120 evaginatis
3174 5041 3392 5118 gladiiS,
3422 5045 3634 5131 duo

1937 5145 2157 5174 ""21-..
2212 5156 2492 5172 nnnI'AnIIm
2546 5160 2607 5172 n-
2643 5142 2814 5172 nant-5':
2840 5141 2980 5170 “A'I‘:
3010 5139 3214 5170 θῆωἷιῖη
3295 5147 3539 5170 n.1nr-‘-
