4050 5358
559 326 694 384 1271

1733 322 2156 390 ΔιΕΧᾼΝθΕιι
2189 324 2236 379 Π
2269 322 2472 383 ΡΟΝΤ.
2514 325 2684 388 κου.

3602 320 3621 329 ”’
3676 322 3824 391 ira

550 438 800 513 pliquam
825 434 1122 507 deprecans
1144 477 1160 502 ,
1184 450 1289 491 nec
1321 435 1547 493 verbum
1594 428 1814 507 aliquOd
1867 452 1969 506 pro
2014 451 2136 491 ere-
2168 440 2218 498 Α·
2242 434 2362 491 stite
2381 436 2539 505 rexit,
2563 447 2728 508 atque
2746 410 3021 511 patientiae
3040 447 3094 496 et
3112 440 3543 513 longanimitatis
3564 448 3688 500 sua
3708 446 3825 501 cla-

552 520 746 600 ptione
772 528 859 585 sui
901 527 1124 598 protulit
1146 526 1277 593 ,-sed
1307 543 1372 583 ac
1398 528 1445 583 si
1481 536 1670 584 mutus
1691 526 1936 598 regulare
1969 526 2138 583 silen-

559 622 698 675 tium
722 620 1032 675 custodivit.
1065 616 1305 673 Tandem
1338 633 1490 686 vero,
1512 619 1750 675 donante
1772 618 2022 681 Domino,
2047 617 2143 687 qui

561 709 1044 779 rircumjaccbant,
1080 709 1309 765 horrore
1345 710 1529 766 nescio
1562 723 1675 779 quo
1710 708 1954 779 propulsi
1981 709 2147 776 evigi-

559 803 757 865 lantcs,
787 799 932 855 fures
962 800 1152 854 adesse
1181 800 1611 869 deprehendunt,
1642 799 1905 871 effugant,
1939 808 1996 853 et
2022 814 2053 854 a
2082 799 2147 854 ti—

558 908 713 949 more
760 892 1037 946 hominem
1065 890 1317 945 liberant.
1370 889 1586 947 Rursus
1633 904 1855 961 quoque
1906 888 2143 944 Pictavis

555 999 588 1038 e
619 981 784 1038 simili
805 981 1121 1036 discrimine
1140 981 1235 1036 sed
1261 996 1292 1035 a
1321 980 1683 1037 dissimilibus
1713 981 1964 1050 personis
1994 980 2143 1035 illato

557 1073 882 1129 mirabiliter
909 1073 1092 1129 divina
1124 1072 1326 1142 eripuit
1349 1072 1610 1145 dignatio.
1662 1072 1934 1128 Prmterea
1970 1072 2141 1128 multa

557 1166 665 1223 sibi
693 1163 939 1219 accidere
978 1161 1353 1229 infestissima,
1391 1179 1516 1233 quae
1546 1163 1852 1219 incredibili
1893 1163 2144 1218 toleravit

556 1255 893 1314 suiferentia.
926 1251 1032 1310 Sed
1084 1268 1455 1323 exsequamur
1501 1254 1803 1325 proposita,
1830 1255 2142 1313 omittentes

555 1347 684 1406 ista.
716 1344 794 1399 Ea
824 1359 951 1400 vero
988 1352 1305 1414 tempestate
1333 1344 1556 1414 quidam
1590 1345 1897 1401 ditissimus
1944 1346 2029 1400 vir
2052 1361 2145 1401 vo-

556 1437 756 1494 cabulo
776 1434 1029 1491 Ainricus
1058 1434 1246 1499 multis
1295 1434 1618 1490 muneribus
1643 1476 1660 1502 ,
1705 1436 1893 1491 multis
1926 1436 2141 1491 blandi-

558 1527 758 1585 mentis
784 1525 1001 1581 Patrem
1041 1523 1437 1583 Theodelinum
1491 1526 1947 1593 circumveniens,
1977 1527 2047 1582 ab
2073 1541 2142 1581 eo

560 1628 625 1674 ut
670 1618 957 1679 ecclesiam
990 1616 1057 1673 ad
1104 1625 1323 1688 portum
1371 1616 1606 1673 Malliaci
1654 1626 1997 1675 construeret
2034 1618 2141 1673 im-

555 1708 816 1781 petravit.
865 1707 1181 1779 lmpetravit
1204 1708 1309 1779 heu
1358 1709 1496 1780 proh
1524 1708 1708 1764 nefas!
1744 1716 1800 1763 et
1827 1707 2141 1764 Simoniace

557 1800 862 1857 aediﬁcavit.
888 1798 991 1853 Sed
1024 1799 1092 1854 de
1115 1799 1221 1855 hoc
1252 1799 1392 1854 satis
1405 1801 1484 1855 sit
1524 1799 1751 1856 dictum.

628 1890 831 1946 Verum
872 1890 982 1945 dux
1024 1890 1092 1949 de
1139 1905 1251 1960 quo
1296 1890 1354 1945 in
1411 1891 1788 1962 superioribus
1823 1891 2141 1949 dicebamus

556 1996 685 2037 cum
709 1981 776 2037 de
808 1980 985 2037 Patris
1014 1978 1329 2036 Theodelini
1355 1990 1618 2051 provectu
1648 1981 2020 2052 loqueremur,
2055 1999 2141 2040 se-

555 2073 838 2144 xagesimo
868 2072 1045 2143 primo
1063 2114 1078 2138 ,
1099 2079 1161 2125 ut
1194 2069 1389 2137 fertur,
1420 2072 1597 2127 aetatis
1624 2087 1769 2127 anno
1793 2114 1809 2139 ,
1837 2074 1991 2144 regni
2009 2088 2140 2129 vero

555 2164 839 2236 trigesimo
870 2164 1104 2234 septimo
1132 2204 1147 2229 ,
1195 2161 1322 2217 filiis
1344 2163 1399 2217 in
1421 2162 1729 2233 principatu
1758 2164 1966 2219 relictis
1996 2179 2141 2231 anno

554 2256 626 2310 ab
659 2254 1039 2310 lncarnatione
1081 2251 1302 2309 Domini
1329 2261 1385 2308 et
1422 2252 1725 2308 Salvatoris
1755 2255 1931 2328 nostri
1961 2255 2140 2311 mille-

554 2346 698 2402 simo
763 2347 1047 2417 trigesimo
1091 2343 1445 2416 defungitur,
1492 2353 1657 2415 atque
1704 2343 1760 2399 in
1807 2344 2140 2401 Malliacensi

504 2452 507 2455 '
552 2438 796 2494 claustro
842 2434 1143 2503 honorifice
1183 2435 1461 2505 sepelitur.
1506 2433 1640 2489 Post
1664 2434 1823 2505 cujus
1852 2435 2139 2493 decessum

551 2526 864 2603 quindecim
899 2525 1224 2583 venerabilis
1270 2524 1431 2581 Pater
1471 2522 1836 2579 Theodelinus
1881 2525 2044 2580 annis
2082 2525 2139 2581 in

553 2634 818 2689 corporea
847 2632 1010 2673 carne
1051 2616 1273 2682 mansit,
1312 2624 1482 2686 atque
1528 2615 1820 2673 millesimo
1846 2615 1917 2671 ab
1962 2612 2141 2671 lucar-

554 2710 777 2766 natione
802 2707 1018 2763 Domini
1070 2723 1136 2763 ac
1161 2707 1581 2778 quadragesimo
1622 2706 1819 2778 quinto
1855 2720 2000 2761 anno
2028 2704 2139 2760 Ka-

555 2801 731 2858 lendis
757 2799 1003 2855 Januarii
1026 2799 1170 2870 apud
1213 2797 1568 2870 Burguliense
1594 2798 1906 2854 coenobium
1932 2796 2138 2853 sanctis

554 2892 832 2964 mysteriis
865 2892 1127 2957 initiatus,
1154 2906 1355 2960 corpus
1397 2889 1577 2955 terris,
1611 2889 1861 2959 spiritum
1908 2887 2140 2943 reddidit

557 2983 774 3038 saeculis
800 2983 1040 3048 teternis,
1075 2982 1310 3038 Abrahae
1327 3022 1343 3047 ,
1380 2988 1440 3034 ut
1459 2980 1733 3036 credimus
1760 2986 1816 3034 et
1842 2967 2096 3049 optamus
2119 3019 2135 3045 ,

556 3060 772 3129 sinibus
799 3071 1266 3140 locatus,‘Christi
1292 3070 1494 3127 fruitur
1511 3069 1693 3126 bonis.
1710 3068 1813 3124 Cui
1841 3068 2138 3138 succedens

2243 527 2526 583 rissimum
2572 528 2915 587 charissimis
2978 532 3109 587 ﬁliis
3146 532 3429 603 specimen
3483 524 3825 605 relinquens,

2244 616 2533 675 millesimo
2557 621 2896 691 sexagesimo
2919 637 3064 678 anno
3095 624 3165 679 ab
3188 623 3406 681 Domini
3440 623 3830 693 Incarnatiom

2244 708 2460 764 vivendi
2489 709 2653 766 ﬁnem
2685 709 2832 767 fecit.

2310 798 2445 856 Post
2461 800 2608 857 hunc
2637 816 2857 873 quoque
2875 802 3050 857 eidem
3076 802 3328 873 regimini
3360 804 3586 875 quidam
3607 803 3833 876 pra-fuit

2194 944 2198 953 λ
2243 888 2621 958 Goderannus,
2651 893 2891 959 natione,
2915 893 2995 947 uti
3014 907 3119 964 ego
3138 895 3344 964 accepi,
3371 894 3579 962 Gallus,
3599 897 3833 950 alterius

2243 981 2461 1050 quidem
2503 984 2825 1040 monasterii
2858 984 3194 1052 monachus;
3242 986 3337 1041 sed
3380 987 3695 1043 necessario
3719 1028 3734 1042 .
3772 992 3834 1040 ut

2200 1106 2203 1113 -
2243 1072 2433 1129 multis
2455 1072 2689 1141 videtur,
2718 1074 2846 1131 illuc
2872 1076 3083 1131 exstitit
3116 1077 3468 1147 subrogatus.
3497 1076 3637 1133 Nam
3666 1078 3739 1134 de
3762 1092 3833 1133 eo

2243 1169 2391 1217 tenet
2410 1178 2591 1218 sermo
2606 1165 2775 1234 quod,
2797 1166 2843 1221 si
2865 1166 3031 1222 rebus
3051 1174 3166 1222 tum
3189 1169 3357 1238 gestis
3378 1169 3599 1239 quando
3619 1169 3833 1225 electus

2240 1261 2326 1308 est
2352 1254 2514 1324 digna
2565 1254 2880 1326 imponatur
2923 1258 3310 1326 consideratio,
3337 1274 3485 1325 vere,
3516 1261 3830 1315 secundum

2241 1344 2343 1398 viri
2366 1344 2647 1414 prudentis
2690 1346 3052 1403 assertionem
3079 1390 3095 1415 ,
3122 1349 3237 1418 ipse
3257 1349 3314 1403 in
3342 1358 3588 1420 tempore
3617 1350 3721 1405 irae
3742 1348 3832 1404 fa-

2194 1498 2197 1501 ,
2241 1442 2365 1491 ctus
2375 1444 2460 1491 εει
2474 1437 2863 1494 reconciliatio.
2873 1437 2978 1494 Sed
2990 1440 3248 1512 quoniam
3263 1440 3394 1495 dum
3405 1441 3519 1496 haec
3534 1441 3836 1496 scribimus

2242 1526 2421 1582 adhuc
2445 1526 2701 1583 humanis
2722 1529 2949 1585 interest
2978 1530 3146 1586 rebus
3167 1570 3187 1597 ,
3226 1530 3347 1599 ejus
3366 1545 3435 1585 ex
3484 1531 3705 1593 actibus
3747 1531 3832 1585 si-

2242 1616 2467 1673 lentium
2497 1617 2657 1675 nobis
2690 1618 2983 1675 indicimus
3008 1661 3025 1687 ,
3060 1635 3132 1674 nc
3156 1620 3458 1675 adulatoris
3499 1627 3691 1674 notam
3741 1618 3834 1672 in-

2241 1723 2550 1763 curramus.
2580 1707 2773 1765 Utrum
2822 1718 3002 1766 autem
3040 1724 3230 1766 amore
3257 1709 3475 1765 Domini
3495 1725 3565 1765 an
3582 1710 3716 1768 odio
3742 1709 3835 1764 di-

2172 1842 2217 1897 B
2242 1816 2382 1872 gnus
2408 1800 2481 1854 sit
2503 1802 2738 1871 posteris
2756 1802 3114 1872 iudicandum
3151 1817 3463 1857 servemus:

2360 1889 2481 1946 -Hic
2499 1892 2738 1946 rivulum
2775 1893 2923 1949 verbi
2947 1892 3107 1948 libuit
3138 1892 3371 1963 deﬁgere
3414 1892 3611 1947 nostri.

2378 1980 2457 2036 Ne
2482 1990 2760 2051 protracta
2790 1983 2956 2040 nimis
2984 1983 3130 2038 tctlio
3158 1983 3229 2039 sit
3250 1983 3446 2053 pagina
3468 1982 3665 2036 doctis.

2240 2071 2366 2126 Alia
2386 2088 2589 2129 manu;
2617 2072 2685 2128 Et
2706 2081 2792 2130 est
2822 2074 3124 2130 notandum
3152 2073 3307 2144 quod
3339 2072 3674 2129 Guillermus
3700 2070 3834 2125 fun-

2239 2163 2399 2219 dator
2427 2162 2804 2220 Malleacensis
2844 2165 2901 2221 in
2942 2164 3051 2220 fine
3075 2164 3289 2220 dierum
3325 2176 3555 2218 suorum
3588 2160 3834 2217 eﬂectus

2239 2262 2323 2309 est
2344 2255 2667 2321 monachus,
2691 2263 2746 2310 et
2770 2263 2983 2326 tempus
3012 2255 3180 2311 totius
3207 2254 3333 2309 vita:
3350 2269 3466 2309 suae
3492 2252 3596 2307 fuit
3623 2252 3687 2306 7i
3724 2267 3834 2307 u-

2239 2358 2458 2413 norum,
2484 2352 2540 2400 ct
2566 2346 2701 2400 obiit
2735 2362 2802 2402 ac
2833 2346 3081 2417 sepultus
3115 2346 3170 2402 in
3201 2345 3372 2414 choro
3399 2344 3531 2400 dicti
3563 2343 3693 2412 loci,
3724 2359 3835 2399 ano

2238 2451 2313 2514 no
2340 2434 2554 2492 Domini
2584 2435 2742 2491 1019.

2307 2524 2448 2581 Cum
2466 2526 2750 2581 oraculum
2777 2527 2919 2584 vatis
2947 2526 3210 2583 divinitus
3231 2526 3484 2598 inspirati
3511 2532 3573 2582 ut
3599 2524 3839 2581 laudare

2239 2612 2533 2670 Dominum
2573 2616 2630 2670 in
2675 2617 2882 2674 sanctis
2930 2618 3052 2688 ejus
3083 2627 3247 2689 atque
3291 2618 3347 2672 in
3384 2616 3679 2671 virtutibus
3705 2615 3841 2685 ejus

2238 2705 2432 2761 merito
2455 2705 2649 2760 debeat
2673 2706 2915 2764 humana
2949 2723 3191 2781 propago
3213 2750 3229 2775 ,
3257 2708 3576 2765 adhortetur
3600 2748 3616 2773 ,
3645 2720 3839 2776 quan-

2237 2795 2530 2867 doquidem
2587 2797 2912 2855 holocausta
2958 2800 3139 2855 laudis
3191 2801 3339 2855 bono
3385 2799 3573 2855 animo
3621 2797 3838 2854 emissa

2238 2887 2421 2943 aditus
2441 2889 2854 2958 quodammodo
2885 2878 2946 2945 fit
2969 2930 2985 2957 ,
3007 2906 3119 2962 quo
3158 2891 3263 2948 sibi
3308 2890 3624 2961 unigenitus
3679 2888 3839 2945 filius

2237 2978 2557 3033 ostendatur
2578 2977 2752 3034 Filius
2776 2977 2872 3036 Dei
2898 2981 2992 3053 qui
3014 2982 3222 3052 passim
3246 2982 3302 3037 in
3324 2980 3529 3055 divinis
3547 2979 3711 3035 lineis
3735 2988 3840 3035 aut

2238 3069 2477 3128 salutare
2505 3068 2600 3123 Dei
2637 3069 2859 3138 dicitur,
2883 3086 2950 3126 eo
2967 3072 3118 3142 quod
3142 3073 3326 3136 salvos
3355 3070 3521 3127 faciat
3546 3085 3705 3136 suos,
3736 3079 3840 3126 aut
3940 3114 3955 3131 .

555 3163 641 3217 vir
678 3163 1155 3220 mansuetissimus
1183 3171 1239 3219 et
1269 3161 1493 3218 humilis
1517 3160 1784 3218 vocabulo
1807 3157 2138 3215 Humbertus
2164 3177 2207 3234 ο
2239 3159 2525 3235 brachium
2553 3159 2666 3215 sive
2682 3160 2874 3216 dextra
2900 3180 2912 3216 :
2937 3160 3142 3218 Cetera
3167 3162 3541 3217 desiderantur
3568 3160 3626 3214 in
3651 3161 3840 3217 codico

558 3254 868 3324 quindecim
914 3255 1075 3312 annis
1115 3254 1458 3313 Malliacense
1484 3252 1794 3309 coenobium
1823 3259 1910 3308 sat
1944 3250 2134 3306 mode-

2216 3296 2219 3297 ν
2243 3266 2342 3304 ms.
2371 3265 2474 3322 quo
2497 3266 2623 3307 usus
2651 3267 2788 3306 sum.

558 3448 3835 3500 4mm

664 3485 697 3497 ..ι

1810 3666 1811 3669 η
1868 3609 2003 3649 ANNO
2041 3609 2226 3648 D0)!!!"
2266 3608 2497 3647 ιιωιιιιι.

1289 3768 2812 3935 ALEXANDER'
2899 3768 3082 3926 Il
3134 3744 3175 3749 ”

1816 4013 2159 4073 PONTIFEX
2199 4012 2554 4071 ROMANUS.

2053 4173 2352 4190 -ῄ

872 4210 1404 4391 NOTlTIA
1462 4277 2152 4386 HISTOBICA
2209 4281 2340 4386 1N
2407 4274 3312 4384 ALEXANDBUM
3373 4275 3497 4379 ιι.

1010 4523 1017 4527 .
1117 4472 1383 4539 (Cucom,
1421 4467 1557 4524 Vitas
1578 4477 1629 4523 et
1653 4466 1813 4523 Gesta
1841 4468 2199 4524 Romanorum
2224 4470 2535 4540 pontiﬁcum
2558 4478 2610 4524 et
2633 4467 3012 4531 cardinalium,
3037 4459 3104 4530 Il,
3133 4462 3283 4533 317.)

1951 4620 2424 4648 -α-ιώ--ι-

636 4721 909 4810 Agebatur
933 4752 1112 4793 annus
1133 4736 1329 4793 salutis
1355 4735 1731 4807 sexagesimus
1750 4735 1964 4806 primus
1982 4752 2146 4808 supra
2178 4727 2223 4782 D
2249 4735 2579 4795 Vercellensi
2606 4731 2900 4805 episcOpis,
2937 4728 3239 4784 Cadaloum
3270 4722 3678 4791 Palevicinum,
3711 4725 3831 4795 cpi.

563 4829 935 4894 millesimum,
966 4843 1115 4893 cum,
1139 4825 1364 4882 Nicolao
1392 4823 1435 4878 ll
1460 4827 1569 4880 vita
1598 4825 1806 4891 functo,
1830 4826 2022 4898 ingens
2046 4843 2136 4883 se-

564 4922 698 4976 ditio
717 4919 786 4974 de
804 4933 944 4973 novo
963 4917 1218 4989 pontifice
1237 4916 1519 4987 deligendo
1540 4916 1745 4970 clerum
1764 4916 2140 4987 populumque

564 5010 874 5069 Romanum
911 5009 1127 5064 invasit.
1168 5007 1275 5061 Alii
1316 5006 1483 5072 enim,
1525 5004 1737 5060 Caesare
1773 5003 2007 5061 llcnrico
2054 5007 2140 5060 in-

566 5102 838 5168 consulto,
876 5102 1185 5172 pontiﬁcem
1212 5099 1393 5155 dicere
1410 5096 1826 5151 constituerant.
1849 5096 1955 5151 Alii
1983 5110 2137 5161 vero,

564 5209 720 5236 mora
735 5208 834 5236 nor
859 5192 909 5236 id
936 5192 1196 5236 tamnnriq
1217 5190 1271 5236 in
1295 5189 1503 5236 alinnnt
1522 5185 1893 5236 Romanorum
1919 5185 2142 5236 ηοηιίῆο

2245 4844 2472 4899 scopum
2508 4825 2882 4887 Par-mensem,
2926 4821 3205 4876 absentem
3249 4815 3317 4871 ad
3348 4829 3511 4870 suum
3538 4814 3829 4885 episcopis.

2246 4927 2385 4984 tum,
2429 4930 2706 4973 summum
2746 4910 3058 4983 pontificem
3104 4906 3375 4977 designari
3420 4905 3657 4960 curavit.
3692 4904 3829 4973 Qui,

2245 5006 2525 5063 electionis
2558 5005 2833 5059 decretum
2856 4999 3116 5071 probans,
3152 4995 3381 5053 Honorii
3416 4993 3458 5047 ll
3491 5009 3692 5050 nomen
3728 5008 3826 5050 ac—

2245 5096 2406 5167 cepit,
2439 5095 2599 5165 eique
2624 5090 2886 5161 Cisalpini
2913 5104 3106 5145 omnes
3132 5085 3371 5157 episcopi
3404 5084 3821 5154 obtempravcn

2245 5196 2395 5236 runt.
2439 5184 2573 5236 (luat
2605 5184 2734 5236 dum
2770 5182 2827 5236 in
2872 5178 3166 5236 Germania
3191 5183 3531 5236 gererentur,
3566 5176 3821 5232 cartlina-
