4050 5358
304 249 446 317 1173

1573 243 1851 303 NOTl‘l'lA
1888 237 2275 299 HISTORICA.

3418 241 3561 300 ms
3624 308 3627 309 ν

305 360 616 439 pontilcem
638 358 1107 419 renuntiaverunt.
1133 354 1213 427 Is,
1241 354 1449 415 dudum
1468 359 1766 415 canonicus
1792 374 1883 414 re-
1913 362 1960 417 A
1986 358 2102 414 nire
2127 369 2384 430 gravatus
2404 365 2551 414 esset
2594 356 2912 428 pontiﬁcatu
2951 353 3202 428 privavit,
3247 364 3307 412 et
3328 356 3565 412 Alenu-

306 453 513 526 gularis
542 452 598 508 in
629 451 965 508 monasterio
988 448 1342 507 Laterauensi
1376 447 1573 515 factus,
1599 465 1667 505 ex
1696 463 1764 504 eo
1791 463 1884 503 or-

307 545 435 602 dine
452 544 521 600 ad
539 542 836 599 Ecclesiam
855 541 1184 597 Luccensem
1196 548 1480 611 promotus
1494 539 1688 596 fuerat.
1705 539 1884 595 Lucca

310 636 536 701 accitus,
566 632 794 687 Romam
819 634 963 688 illico
982 632 1160 698 venit;
1187 631 1281 686 ubi
1302 640 1593 702 antequam
1612 630 1885 688 Cadalous

309 732 375 779 ut
397 732 812 781 consecraretur
836 722 1132 787 accederet,
1155 721 1330 791 pridie
1358 720 1474 777 Kal.
1501 720 1771 789 Octobris,
1798 722 1887 778 die

313 812 619 876 Dominieo,
643 812 698 866 in
725 812 950 867 basilica
975 810 1159 867 Sancti
1185 811 1353 877 Petri,
1386 812 1457 868 ab
1476 812 1748 882 episcopis
1772 826 1894 866 car-

311 901 585 967 dinalibus
630 901 1012 972 inauguratus,
1046 899 1338 955 Alexandri
1386 900 1435 954 ll
1470 902 1885 971 appellationem

311 990 420 1047 sibi
445 989 723 1060 imposuit,
760 991 1039 1061 seditque,
1092 987 1309 1045 Caesare
1335 988 1569 1046 Henrico
1593 990 1683 1058 ιν,
1711 1006 1887 1047 annos

313 1080 588 1145 undecim,
620 1095 837 1136 menses
859 1095 973 1144 sex,
997 1079 1114 1136 dies
1141 1079 1332 1150 viginti
1360 1080 1518 1135 duos.

383 1167 515 1225 llazc
559 1168 789 1225 audiens
843 1168 1143 1234 Cadalous,
1190 1170 1573 1240 imperatorem
1627 1169 1889 1242 Augustae

314 1257 721 1314 Vindelicorum
762 1259 915 1325 adiit,
955 1268 1015 1313 et
1040 1259 1275 1330 insignia
1309 1254 1661 1330 pontificalia,
1696 1260 1771 1315 illi
1819 1263 1889 1317 ab

314 1346 462 1405 Urbe
488 1350 830 1416 transmissa,
857 1366 1151 1420 usurpans,
1174 1366 1231 1406 se
1252 1351 1560 1421 pontificem
1588 1352 1889 1409 maximum

313 1438 638 1508 appellabat,
669 1448 724 1494 et
756 1440 956 1495 bellum
986 1449 1175 1496 contra
1196 1441 1561 1497 Alexandrum
1596 1444 1887 1511 adornatis,

314 1527 372 1582 in
390 1527 602 1584 Italiam
617 1530 786 1596 venit,
805 1538 860 1585 et
883 1531 1028 1585 haud
1058 1532 1470 1587 contemnendis
1492 1530 1889 1604 Langobardo-

1985 452 2166 517 drum,
2194 459 2256 506 ut
2291 449 2592 522 legitimum
2636 449 2968 520 pontificem,
3017 448 3419 519 complectitur.
3456 446 3567 516 Qui

1986 542 2332 613 objecta-sibi
2371 541 2653 606 Simoniae,
2701 548 2758 596 ct
2804 541 3066 595 adversus
3115 539 3387 595 Caesarem
3435 555 3563 596 cum

1986 631 2314 688 Normandis
2338 631 2785 702 conspirationis,
2832 630 3064 686 crimina
3097 630 3276 685 diluit.
3326 629 3464 686 Tum
3496 629 3569 685 ab

1986 724 2245 779 omnibus
2268 723 2563 793 episcopis,
2598 730 2652 777 et
2690 723 2995 792 praesertim
3024 720 3419 793 Longobardis,
3446 722 3567 791 ,.qui

1984 816 2105 884 ejns
2133 814 2466 870 creationem
2513 813 2750 868 maxime
2793 823 3256 885 oppugnaverant,
3295 822 3357 869 ut
3403 826 3569 869 verus

1984 905 2190 962 Christi
2214 904 2455 960 vicarius
2481 914 2799 971 veneratur;
2830 920 2972 975 quos
3025 905 3379 960 blandissime
3428 904 3568 960 allo-

1986 1005 2165 1064 cutos,
2194 996 2301 1052 sibi
2328 994 2713 1059 amicissimos,
2736 1005 2799 1050 et
2826 997 2963 1051 [idos
2984 996 3210 1052 dimisit.
3240 995 3424 1053 Rebus
3442 1008 3580 1067 omy.

1988 1088 2151 1142 nibus
2172 1102 2239 1142 ex
2261 1086 2527 1142 sententia
2556 1086 2894 1157 compositis,
2920 1094 2973 1140 et
3016 1086 3308 1141 Mantuana
3360 1087 3572 1158 synodo

1988 1178 2261 1245 absoluta,
2293 1176 2598 1232 Alexander
2634 1176 2865 1231 Romam
2897 1192 3093 1233 versus
3126 1176 3228 1231 iter
3262 1177 3433 1247 cepit;
3460 1176 3570 1232 Ca-

1988 1269 2183 1324 dalous
2213 1268 2490 1333 Parmam,
2523 1277 2578 1322 et
2611 1267 2702 1321 alii
2732 1268 2798 1322 ad
2831 1266 2994 1322 urbes
3022 1283 3154 1322 suas
3180 1268 3385 1322 reversi
3420 1274 3567 1322 sunt.

1988 1360 2166 1432 Atque
2193 1359 2298 1416 hac
2324 1360 2556 1424 ratione,
2600 1358 2988 1414 arelzidiacono
3022 1356 3388 1412 Hildcbrando
3430 1373 3572 1427 prae-

1989 1453 2153 1522 cipuo
2179 1460 2423 1516 auctore,
2448 1450 2693 1504 Romana
2722 1448 2963 1505 Ecclesia
2984 1450 3041 1502 in
3067 1451 3342 1503 creatione
3393 1449 3576 1518 ponti-

1991 1544 2156 1599 ticum
2178 1559 2332 1599 suam
2364 1544 2671 1597 libertatem
2707 1540 3064 1609 recuperavit.
3099 1540 3419 1606 Alexander,
3467 1538 3579 1595 Ro-
3668 1580 3685 1590 .

312 1631 442 1673 rum
479 1617 650 1687 copiis
695 1619 1046 1688 comparatis,
1091 1629 1301 1675 armata
1346 1637 1511 1676 manu
1533 1620 1785 1689 Romam,
1833 1634 1892 1679 ut

2006 1652 2140 1690 mam
2169 1636 2406 1701 rediens,
2436 1633 2628 1689 Lucem
2656 1632 2853 1695 tandiu,
2886 1632 3138 1687 subsistit
3164 1632 3345 1701 quoad
3397 1633 3578 1688 archi-

313 1707 673 1776 apostolicam
717 1708 899 1764 sedem
936 1710 989 1763 vi
1025 1726 1070 1765 c:
1094 1719 1471 1781 nsequeretur,
1508 1713 1758 1768 accessit.
1790 1713 1890 1769 Cui
1926 1707 1966 1763 Β
1994 1726 2261 1781 diaconus
2289 1725 2478 1781 Roma:
2504 1739 2594 1779 res
2612 1721 3057 1778 Normannorum
3101 1722 3340 1777 tumultu
3394 1724 3581 1779 turba-

314 1794 508 1851 Cincio
554 1798 791 1867 quodam
829 1799 997 1854 nobili
1038 1799 1304 1866 Romano,
1355 1799 1615 1872 Stephani
1657 1803 1897 1873 praefecti

316 1884 453 1962 (illo,
488 1888 617 1943 urbs
644 1886 907 1954 Leonina,
930 1906 1028 1945 arx
1058 1890 1114 1944 δ.
1142 1891 1352 1962 Angeli,
1374 1907 1512 1963 pons
1531 1893 1746 1952 liilvius
1767 1913 1895 1967 pro-

316 1976 432 2033 dita
463 1976 634 2045 fuere,
672 1996 795 2051 qua:
823 1981 1002 2039 valido
1029 1982 1281 2052 praesilio
1309 1984 1380 2037 ab
1408 1999 1477 2040 co
1509 1986 1719 2041 munita
1747 1997 1893 2043 sunt.

318 2067 561 2125 Cadaolo
595 2072 1029 2142 superveniente,
1072 2072 1126 2127 in
1152 2074 1324 2144 pratis
1365 2073 1690 2134 Neronianis
1718 2080 1899 2148 gravis

319 2174 505 2231 pugna
539 2163 917 2229 committitur,
971 2180 1079 2234 qua
1118 2165 1277 2219 multi
1334 2166 1589 2237 utrinque
1625 2170 1895 2237 cecidere;

319 2266 452 2322 pars
492 2263 673 2312 tamen
719 2258 940 2313 Cadaloi
987 2260 1278 2329 praevalere
1324 2261 1443 2316 visa
1502 2271 1607 2330 est,
1651 2264 1901 2333 plurimis

318 2343 820 2403 Alexandrinorum
873 2350 1049 2407 caesis.
1119 2350 1426 2407 Alexander
1475 2361 1593 2408 tum
1646 2354 1903 2413 Laterani

322 2445 540 2513 armato
569 2440 822 2510 przesidio
863 2457 923 2496 se
955 2442 1287 2498 continebat.
1332 2442 1735 2514 Superveniens
1765 2448 1903 2504 inte-

320 2526 435 2583 rim
483 2529 594 2586 dux
636 2530 1009 2599 Cothefridus,
1048 2535 1240 2590 ambas
1280 2545 1464 2605 partes
1525 2538 1804 2595 discedere
1833 2541 1903 2595 ab

323 2620 498 2676 armis
521 2620 709 2693 jussit,
742 2624 1023 2695 suasitque
1059 2634 1119 2681 ut
1164 2629 1556 2696 controversia,
1587 2646 1698 2686 non
1736 2632 1901 2699 ferro,

325 2712 423 2767 sed
448 2712 573 2782 jure
595 2712 863 2770 finiretur.
889 2715 1154 2782 Quievere
1178 2719 1571 2791 aliquantisper
1617 2722 1900 2779 factiones.

324 2802 656 2872 Alexander,
687 2808 863 2863 media
890 2808 1314 2881 Quadragesima
1348 2813 1477 2867 anni
1512 2813 1668 2880 1062,
1695 2815 1905 2887 synodo

326 2894 713 2966 episcoporum
741 2897 993 2956 Laterani
1022 2910 1232 2968 coacta,
1256 2901 1554 2959 Cadaloum
1588 2921 1905 2962 excommu-

327 2987 551 3062 nicavit.
602 2988 893 3059 Cadalous,
942 2989 1197 3048 Parmam
1240 3010 1515 3062 reversus,
1576 2998 1717 3053 idem
1778 3015 1904 3055 cum

329 3082 800 3138 consentientibus
830 3084 1100 3154 episcopis
1134 3085 1398 3141 adversus
1424 3086 1794 3147 Alexandrum
1826 3092 1908 3149 fe-

330 3174 431 3241 cit,
472 3177 778 3248 maiorique
824 3181 1068 3236 exercitu
1129 3189 1341 3247 coacto,
1406 3195 1553 3235 anno
1608 3184 1701 3252 qui
1748 3198 1909 3239 secu-

331 3276 426 3322 tus
445 3276 548 3336 est,
592 3268 660 3323 ad
710 3270 862 3325 urbis
911 3273 1372 3343 Oppugnationem
1425 3273 1606 3328 rediit.
1646 3276 1715 3329 At
1758 3291 1908 3343 vero,

248 3420 263 3435 ἡ
331 3360 1022 3430 erumpentibusRomanis
1058 3380 1184 3421 cum
1218 3364 1519 3420 Gothefridi
1539 3366 1695 3421 ducis
1717 3369 1909 3437 copiis,

332 3457 521 3507 tantus
543 3460 716 3507 terror
747 3450 1090 3511 Ilonorianos
1120 3456 1317 3511 invasit
1345 3465 1623 3519 utomnes
1649 3459 1704 3511 in
1727 3458 1911 3529 fugam

336 3542 446 3597 acti
476 3543 606 3610 sint,
627 3551 681 3600 et
714 3546 935 3615 paulum
980 3547 1215 3602 abfuerit
1241 3550 1373 3619 quin
1408 3548 1700 3615 Cadaolus,
1732 3566 1764 3605 a
1798 3551 1914 3607 suis

337 3634 611 3702 desertus,
638 3636 693 3691 in
724 3637 964 3692 hostium
998 3647 1322 3709 potestatem
1349 3640 1577 3707 veniret,
1600 3657 1761 3711 quem
1785 3640 1915 3696 Cin—

339 3724 482 3790 cius,
539 3724 685 3784 facto
735 3742 860 3783 cum
910 3729 1028 3784 suis
1083 3745 1283 3798 cuneo,
1344 3746 1442 3802 per
1486 3733 1665 3787 media
1715 3734 1915 3790 civium

341 3817 579 3888 agmina,
595 3834 736 3890 azgre
762 3819 816 3874 in
833 3817 1092 3877 Hadriani
1112 3838 1237 3879 arce
1259 3824 1528 3893 perduxit.
1553 3823 1654 3879 Ubi
1677 3826 1920 3897 aliquan-

340 3908 436 3963 diu
464 3924 590 3965 cum
624 3911 887 3967 obsessus
916 3920 971 3967 et
995 3914 1200 3968 nullam
1243 3914 1346 3969 sibi
1373 3915 1541 3970 libere
1573 3917 1809 3973 abeundi
1833 3916 1918 3975 fa-

342 4000 603 4059 cultatem
626 4017 752 4059 esse
780 4005 1005 4072 videret,
1031 4007 1286 4062 trecentis
1312 4008 1523 4078 argenti
1551 4009 1706 4065 libris
1731 4011 1920 4067 Cincio

343 4094 659 4163 persolutis,
700 4096 991 4155 incolumis
1038 4092 1309 4155 dimissus
1346 4108 1447 4155 est.
1514 4100 1651 4157 Cum
1696 4116 1921 4175 magnas

345 4185 471 4241 urbi
518 4187 721 4257 duplici
773 4190 1175 4261 oppugnatione
1230 4192 1567 4247 calamitates
1616 4194 1918 4263 intulisset,

346 4280 493 4352 turpi
520 4279 648 4351 fuga
672 4296 796 4335 cum
839 4281 1029 4350 paucis
1054 4282 1264 4352 aliquot
1318 4292 1495 4349 actus,
1545 4283 1799 4341 Parmam
1830 4304 1916 4343 re-

1998 1827 2084 1873 tas
2115 1824 2487 1886 componeret.
3115 1853 3119 1856 ›
3468 1866 3472 1871 .
3600 1889 3603 1892 ν

2070 1907 2263 1963 Luccae
2278 1906 2587 1971 ecclesiam,
2601 1906 2760 1976 cujus
2781 1914 2939 1960 antea
2950 1904 3239 1976 episcopus
3259 1904 3456 1971 fuerat,
3477 1906 3584 1963 ‘dc-

1998 1999 2219 2065 dicavit,
2268 2008 2323 2053 et
2358 1998 2544 2052 multis
2596 1996 2891 2067 privilegiis
2935 1992 3401 2062 exornavit.'Quo
3434 2010 3583 2054 anno

2000 2088 2157 2160 Hugo
2203 2088 2482 2145 Candidus
2526 2088 2852 2153 cardinalis,
2904 2087 3073 2142 totius
3118 2086 3433 2144 schismatis
3476 2103 3579 2144 au-

2000 2190 2138 2248 ctor,
2191 2179 2510 2250 poenitentia
2569 2178 2787 2244 ductus,
2830 2179 3045 2232 veniam
3083 2178 3309 2247 supplex
3336 2178 3407 2234 ab
3453 2176 3583 2236 Ale-

2001 2273 2210 2329 xandro
2233 2272 2387 2342 petiit
2412 2279 2466 2325 et
2495 2269 2822 2341 impetravit.
3491 2279 3494 2282 ~
3683 2256 3686 2295 ῖ

2071 2365 2230 2419 Anno
2255 2363 2451 2419 salutis
2500 2360 2660 2428 1065,
2712 2361 2876 2416 rebus
2926 2360 3183 2416 omnibus
3236 2357 3586 2417 llildebrandi

2001 2456 2279 2527 diligentia
2302 2455 2355 2509 in
2386 2453 2520 2508 urbe
2546 2453 2773 2522 pacatis,
2806 2451 3111 2507 Alexander
3146 2450 3376 2505 Romam
3403 2450 3586 2519 rediit,

2003 2548 2163 2617 cujus
2188 2561 2354 2602 suasu
2391 2541 2809 2610 Hildebrandus,
2845 2540 3148 2598 Gothefridi
3188 2542 3345 2598 ducis
3378 2550 3434 2597 et
3468 2540 3585 2597 Ila-

2004 2637 2190 2691 tliildis
2237 2635 2532 2691 eomitissae
2575 2634 2935 2690 auxiliaribus
2983 2633 3158 2703 copiis
3216 2631 3409 2699 fretus,
3465 2647 3591 2703 qua

2002 2728 2315 2785 schismatis
2335 2735 2579 2795 tempore
2604 2724 2905 2780 Normanni
2925 2725 2981 2778 in
3001 2723 3297 2793 Campania
3318 2724 3382 2779 de
3405 2722 3592 2781 Eccle-

2005 2820 2089 2876 sia
2115 2818 2361 2873 Romana
2386 2817 2440 2871 vi
2470 2818 2829 2881 abstulerant,
2862 2816 3085 2886 recepit,
3138 2829 3436 2885 pacemque
3462 2831 3590 2871 cum

2006 2912 2076 2966 iis
2102 2907 2401 2975 renovavit,
2427 2917 2481 2963 et
2519 2908 2763 2978 ipsorum
2803 2908 2914 2962 dux
2956 2906 3230 2961 Robertus
3258 2905 3595 2963 Guiscardus

2008 3002 2346 3071 principatus
2376 2999 2462 3055 sui
2512 2998 2917 3070 possessionem
2967 2998 3312 3054 bcneficiario
3354 2998 3479 3067 jure
3524 2998 3596 3053 ab

2010 3092 2320 3147 Alexandro
2346 3091 2608 3156 secundo,
2637 3089 3098 3160 quemadmodum
3120 3089 3285 3144 etiam
3314 3104 3345 3143 a
3372 3087 3596 3143 Nicolao

2011 3184 2254 3240 secundo
2280 3183 2445 3237 etiam
2469 3191 2584 3236 tum
2612 3182 2849 3251 primum
2873 3180 3091 3247 fecerat,
3118 3181 3392 3251 suscepit;
3416 3181 3599 3251 ponti-

2011 3273 2100 3329 fex
2127 3282 2311 3344 postea
2341 3273 2395 3326 in
2422 3271 2777 3341 Campaniam
2808 3270 3105 3340 profectus,
3135 3271 3351 3326 Cassini
3390 3272 3601 3341 aliquot

2012 3364 2314 3420 monachos
2337 3360 2652 3417 Cassinates
2676 3361 2845 3418 variis
2873 3361 3251 3431 dignitatibus,
3287 3362 3451 3415 etiam
3470 3377 3596 3416 car-

2013 3456 2275 3521 dinalatu,
2299 3452 2649 3508 llildebrandi
2668 3459 2882 3522 rogatu,
2903 3452 3205 3507 exornavit.
3227 3450 3384 3520 Apud
3407 3452 3598 3506 urbem

2014 3546 2270 3617 Melphim
2302 3544 2561 3615 primum,
2586 3552 2711 3614 post
2737 3544 2996 3609 schisma,
3042 3542 3332 3598 concilium
3362 3542 3597 3601 alterum

2016 3638 2271 3694 Laterani
2297 3638 2351 3690 in
2384 3636 2575 3692 urbem
2600 3650 2856 3691 reversus
2882 3636 3191 3692 celebravit.
3221 3634 3444 3689 Petrum
3487 3631 3599 3688 Da-

2016 3731 2185 3787 miani
2207 3728 2512 3785 Ostiensem
2539 3728 2855 3798 episcOpum
2883 3727 2950 3782 ad
2985 3728 3368 3797 imperatorem
3400 3723 3599 3781 Henri-

2018 3839 2143 3880 cum
2171 3820 2240 3876 Π
2277 3837 2403 3877 cum
2434 3819 2704 3891 legatione
2731 3819 2899 3885 misit,
2928 3835 2997 3875 ne
3020 3818 3321 3890 legitimam
3347 3831 3599 3884 uxorem,

2018 3914 2210 3988 pellice
2230 3913 2472 3979 inducta,
2505 3912 2624 3969 sine
2645 3927 2814 3968 causa
2863 3911 3101 3981 ejiceret.
3139 3910 3404 3984 Eumdem
3442 3912 3608 3982 impe-

2021 4015 2256 4063 ratorem
2285 4005 2353 4060 ad
2381 4004 2811 4061 satisfactionem
2850 4002 3081 4058 Romam
3127 4004 3344 4059 vocavit
3367 4019 3465 4074 pro
3486 4003 3608 4060 labe

2024 4097 2334 4153 Simoniaca
2370 4096 2473 4151 sibi
2524 4096 2759 4165 objecta,
2783 4095 2981 4164 quippe
3023 4094 3117 4164 qui
3167 4095 3512 4164 episcopatus
3553 4103 3610 4150 et

2023 4189 2269 4245 abbatias
2289 4188 2413 4257 plus
2438 4186 2791 4242 offerentibus
2819 4192 2872 4238 ct
2902 4184 3218 4240 hominibus
3260 4184 3346 4240 his
3379 4185 3610 4240 honori-

2022 4280 2128 4333 bus
2155 4278 2391 4347 indignis
2421 4276 2730 4332 vendidisse
2772 4275 3065 4330 diceretur.
3096 4273 3355 4330 Carolum
3393 4275 3608 4346 episeo-

346 4370 466 4438 diit,
498 4380 555 4427 et
581 4373 912 4443 pontificalia
956 4374 1141 4429 munia
1185 4377 1503 4446 usurpabat.
1541 4377 1610 4431 At
1632 4393 1764 4433 vero
1793 4395 1919 4434 cum
1952 4393 1997 4449 ι)
2023 4386 2151 4440 pum
2178 4368 2673 4433 Constantiensem,
2703 4368 2769 4423 de
2792 4364 3101 4421 Simoniaca
3138 4367 3260 4421 labe
3299 4367 3608 4423 convictum

347 4465 586 4522 schisma
635 4467 695 4523 in
740 4468 966 4541 longum
1017 4472 1447 4540 protraheretur,
1483 4480 1667 4526 actum
1723 4480 1806 4527 est
1857 4479 1919 4527 ut

347 4554 582 4615 Mantua:
641 4561 930 4617 concilium
988 4561 1315 4617 indiceretur
1372 4562 1426 4616 in
1492 4562 1919 4635 Quadragesima

347 4651 616 4716 proxima,
644 4666 789 4706 anno
813 4651 1027 4707 Domini
1059 4653 1212 4708 1064.

416 4742 696 4798 Advenere
764 4758 829 4799 ex
899 4743 1189 4800 Germania
1236 4743 1448 4811 Vanno,
1480 4745 1921 4816 archiepiscopus

346 4828 728 4899 Coloniensis,
793 4834 881 4891 cui
939 4834 1091 4906 regni
1182 4835 1582 4891 administratio
1637 4845 1693 4892 et
1764 4837 1922 4908 pueri

348 4920 691 4993 imperatoris
748 4926 916 4981 tutela
960 4926 1031 4980 ab
1078 4924 1293 4996 imperii
1360 4925 1702 4997 principibus
1727 4968 1742 4994 ,
1807 4940 1927 4981 ma-

349 5018 432 5069 tre
460 5014 668 5085 Agnete
709 5017 948 5083 exclusa,
986 5017 1280 5076 commissa
1308 5016 1548 5083 fuerant,
1589 5025 1645 5073 et
1694 5015 1923 5073 Vinces-

348 5106 759 5171 laus..Altaichii
810 5110 1115 5180 episcopus,
1141 5108 1439 5167 Annalium
1495 5106 1752 5165 Baiarum
1789 5108 1928 5165 seri-

349 5203 489 5266 ptor,
517 5197 703 5254 multis
724 5198 988 5269 episcopis
1016 5198 1278 5270 comitati,
1323 5204 1383 5252 et
1408 5210 1477 5250 ex
1505 5195 1658 5253 italia
1684 5197 1926 5270 episcopi

349 5295 398 5320 ΔΙ
429 5289 647 5320 «Rhesum:
677 5291 825 5320 mea“:
849 5309 861 5320 ι
894 5288 957 5320 ﬁt.
996 5287 1138 5320 nunt.
1183 5285 1488 5320 Al--nnt‘nn
1519 5302 1645 5320 num
1673 5288 1927 5320 οηκλῖηη..

2023 4462 2080 4515 in
2110 4461 2317 4533 synodo
2346 4459 2641 4530 Moguntia:
2666 4466 2879 4523 ccacta,
2909 4457 3224 4528 episcopatu
3247 4456 3370 4526 ejici
3402 4458 3609 4527 jussit;

2024 4546 2324 4607 Robertum
2372 4549 2701 4621 Augiensem
2759 4547 3031 4612 abbatem,
3074 4546 3317 4617 ejusdem
3362 4546 3614 4607 criminis

2023 4659 2200 4710 reum,
2245 4658 2411 4712 opera
2452 4640 2696 4712 Hugonis
2740 4638 2953 4694 abbatis
3001 4634 3382 4694 Cluniacensis
3434 4638 3617 4710 legato

2026 4736 2327 4809 apostolico
2353 4734 2622 4805 privante.
2652 4727 3401 4793 Cassinatemecclesiam,ab
3421 4728 3618 4786 abbate

2027 4828 2308 4886 Desiderio
2334 4843 2367 4883 a
2401 4823 2773 4881 fundamentis
2798 4821 3148 4889 :edificatam,
3205 4830 3409 4885 magno
3452 4815 3623 4875 italiae

2023 4921 2407 4993 episcoporum
2431 4923 2486 4971 et
2520 4930 2809 4986 procerum
2838 4925 3072 4969 numero
3117 4912 3470 4980 congregato,
3503 4907 3629 4967 Kal.

2024 5012 2264 5070 Octobris
2292 5009 2421 5065 anni
2444 5008 2575 5063 1061
2609 5006 2781 5063 multa
2800 5019 2930 5061 cum
2958 5001 3320 5061 solemnitate
3340 4993 3643 5061 dedicavit.

2027 5104 2399 5163 interfuerunt
2424 5107 2590 5156 tantae
2622 5093 2928 5155 celebritati
2957 5095 3220 5161 pontifex
3286 5096 3416 5137 cum
3468 5086 3683 5150 cana;
3704 5106 3717 5120 ..

2028 5200 2266 5262 nalibus,
2307 5190 2745 5262 archiepiscopi,
2805 5182 3059 5258 episcopi
3121 5171 3318 5242 XLIV,
3365 5179 3424 5226 et
3479 5182 3657 5242 totius

2040 5291 2066 5320 Δ
2080 5291 2240 5320 ..υκαι
2257 5292 2308 5320 at
2339 5284 2605 5320 ΓηΙηΙπ-ἰω
2631 5290 2907 5320 ηνηορνρς-
