4050 5358
467 298 614 354 ητε

1639 265 1652 273 δ
1705 271 2152 357 ’ΛιλΕΧΑΝῡΕη
2189 301 2232 358 tt
2270 301 2465 360 nam.

3581 307 3734 366 {276

424 387 435 425 ³
466 397 774 466 Simonlaca
812 412 932 469 labe
990 413 1289 482 convictos,
1351 416 1647 481 damnavit,
1700 425 1753 469 et
1807 416 2042 486 legatum
2072 419 2118 474 Α
2143 425 2344 482 ctante,
2374 425 2724 472 consecratus
2753 425 2855 482 est,
2892 434 3016 472 cum
3047 427 3247 488 quanta
3295 419 3434 475 mala
3473 419 3570 476 Del
3618 421 3726 478 Ec-

423 502 434 578 ς
463 502 663 556 adeam
687 505 1080 573 reprimendam
1095 506 1798 578 misitHugonemabbatem
1821 507 2037 560 Clunia-

417 582 430 678 ξ
462 608 701 648 censem.
733 595 786 647 in
814 597 1092 663 sequentis
1109 597 1237 651 anni
1266 597 1471 668 synodo
1505 598 1610 651 alia
1659 597 2032 662 Lateranensi,

461 696 584 750 qua:
610 691 756 736 sexta
777 682 880 737 fuit
899 700 1086 738 earum
1109 703 1247 755 quas
1271 688 1338 740 ab
1349 702 1412 740 eo
1430 699 1782 758 congregatas
1798 696 2033 753 constat,

460 771 668 841 aliquot
695 775 898 842 prmlati
924 777 1221 832 honoribus
1242 779 1389 832 exuti
1419 787 1563 833 sunt.
1598 779 1851 834 Gibertus
1898 778 2032 833 Cor-

458 862 594 930 rigia
619 862 947 928 Parmensis,
977 867 1105 920 olim
1137 868 1432 936 imperialis
1472 870 1607 924 aula:
1653 871 2028 936 cancellarius,

457 962 649 1021 rogatu
676 954 934 1026 Augusta:
959 957 1203 1029 Agnetis,
1250 960 1691 1029 archiepiscopus
1745 960 2030 1015 Ravennas

456 1044 526 1098 ab
551 1045 859 1102 Alexandro
881 1065 1038 1119 papa,
1071 1066 1385 1121 quanquam
1429 1051 1541 1107 fere
1587 1053 1755 1107 invito
1782 1061 1837 1107 et
1879 1053 2026 1108 relu-

2141 506 2320 560 clcsite
2348 521 2474 559 cum
2509 506 2784 561 illaturum
2827 523 2947 562 esse
2982 508 3066 562 vir
3113 518 3333 564 sanctus
3364 525 3720 583 pnesageret.

2141 593 2206 649 Et
2237 597 2376 650 haud
2417 597 2574 668 longe
2625 608 2765 668 post,
2817 597 2966 653 festis
3011 601 3355 668 paschalibus
3407 603 3721 670 celebratis,

2140 686 2448 742 Alexander
2472 705 2629 759 papa,
2656 691 2809 745 senio
2843 691 3144 756 confectus,
3190 691 3375 747 Roma:
3415 695 3468 747 in
3515 696 3725 765 palatio

2141 776 2494 834 Lateranonsi
2521 781 2679 836 beato
2712 785 2818 837 line
2841 783 3064 852 quievit.
3088 782 3258 852 Cujus
3287 801 3484 854 corpus
3519 788 3573 840 in
3622 788 3723 842 ba-

2139 871 2293 925 silica
2345 870 2818 940 Constantiniana,
2853 875 3008 944 cujus
3036 877 3165 930 olim
3217 879 3512 933 canonicus
3541 878 3726 934 fuerat.

2136 971 2192 1016 et
2217 963 2270 1016 in
2301 979 2409 1032 qua
2446 965 2696 1020 eumdem
2746 965 2990 1020 ordinem
3047 967 3345 1037 collapsum
3384 969 3720 1035 restituerat,

2136 1055 2406 1123 sepultum
2427 1063 2527 1110 est.
2558 1055 2675 1111 Non
2701 1057 2913 1112 vacavit
2942 1057 3114 1113 sedes.

457 1198 3722 1258 me

1121 1367 1656 1478 ΝΟΤΙΤΙΑ
1732 1374 2024 1482 IIIST

2137 1372 2425 1482 RlCA
2501 1373 3068 1485 ALTERA.

1331 1581 1547 1651 (Mmsr,
1578 1579 1821 1636 Concrlia
1847 1579 2138 1651 generalia,
2169 1589 2303 1636 tom.
2330 1578 2472 1649 XIX,
2501 1597 2622 1654 pag.
2655 1583 2806 1654 939.)

1647 1225 1674 1226 νγ
1706 1225 1828 1226 νηηγ
1851 1225 1866 1226 η
1889 1225 1954 1226 ηη

2613 1237 2820 1250 -ψ-

519 1861 844 1929 Alexander,
878 1860 1055 1931 patria
1101 1857 1855 1930 Mediolanensis,‘episc0pus
1885 1861 2028 1916 Luc—
2065 1868 2106 1920 Β
2133 1877 2261 1916 vum
2324 1861 2418 1916 sed
2459 1861 2668 1916 viribus
2710 1861 2912 1933 ingenii
2953 1871 3008 1918 et
3046 1862 3217 1935 gratia
3258 1863 3494 1935 Spiritus
3537 1863 3724 1922 sancti

449 1957 652 2020 censis,
684 1963 840 2009 antea
867 1952 1159 2008 Anseimus
1190 1960 1557 2022 nuncupatus,
1586 1961 1708 2021 post
1738 1961 1850 2008 tres
1885 1969 2032 2007 men-

449 2062 538 2104 ses
568 2046 882 2116 interregni,
927 2061 957 2098 a
992 2043 1361 2099 eardinaiibus
1400 2051 1602 2098 sancta:
1649 2044 1905 2100 Romame
1931 2045 2032 2100 Ec-

449 2139 629 2195 clesize
657 2139 898 2209 legitimo
925 2136 1033 2191 ritu
1075 2134 1313 2205 pontifex
1347 2134 1626 2191 Romanus
1660 2138 1823 2206 hujus
1852 2139 2021 2192 nomi-

449 2233 536 2288 nis
559 2231 834 2287 secundus
862 2230 1068 2284 electus
1092 2235 1176 2283 est
1209 2243 1354 2281 anno
1373 2227 1576 2282 Christi
1605 2228 1759 2297 i061,
1793 2239 2033 2300 tempore

448 2323 732 2394 regnantis
777 2321 996 2377 l'ienrici
1033 2319 1119 2373 ιν.
1145 2319 1282 2374 Cum
1307 2320 1487 2376 obitus
1516 2319 1722 2377 Nicolai
1757 2339 1910 2393 papa:
1946 2322 2031 2376 in-

447 2415 739 2481 notuisset,
791 2415 1018 2470 comites
1071 2412 1368 2468 Tusculani
1410 2422 1464 2467 et
1514 2413 1784 2468 Galeriani
1831 2414 2033 2484 aliique

447 2504 682 2562 Romani
717 2522 994 2576 proceres,
1037 2514 1258 2576 propter
1293 2505 1470 2560 foedus
1516 2521 1639 2559 cum
1679 2505 2034 2562 Nortmannis

448 2600 644 2654 initum
689 2608 891 2655 sanctae
935 2599 1194 2653 Romana:
1239 2598 1497 2653 Ecclesia:
1539 2598 1909 2653 cardinalibus
1952 2599 2036 2653 in-

447 2690 619 2759 fensi,
673 2692 857 2746 habita
907 2691 1327 2762 pseudosynodo
1382 2690 1714 2757 Basilcensi,
1778 2691 2032 2746 comitem

448 2785 740 2856 quemdam
769 2784 996 2840 Galerizc
1026 2785 1378 2854 deputarunt,
1403 2783 1495 2853 qui
1520 2799 1776 2840 coronam
1809 2799 2032 2838 auream

447 2887 503 2933 ct
525 2877 792 2948 insignem
820 2878 1138 2947 patriciatus
1171 2878 1412 2941 titulum,
1437 2877 1505 2930 ad
1531 2892 1710 2946 regem
1737 2876 2032 2930 Henricum

447 2969 722 3034 deferens,
761 2985 861 3038 pro
882 2968 1131 3023 Romano
1155 2971 1409 3039 pontiﬁce
1440 2986 1506 3023 ex
1536 2968 1907 3039 Longohardia
1941 2969 2036 3023 eii-

447 3060 624 3130 gendo
647 3059 982 3114 sollicitaret.
1010 3059 1349 3124 Cardinales,
1371 3061 1831 3116 circutm'entione
1846 3077 2033 3116 eorum

447 3151 685 3221 cognita,
719 3152 860 3206 idem
903 3152 1302 3221 prtestiterunt,
1349 3161 1401 3207 et
1445 3153 1511 3207 ad
1555 3153 1804 3206 eumdem
1854 3169 2034 3224 regem

450 3242 787 3313 Stephanum
811 3243 1142 3299 cardinalem
1173 3244 1572 3316 presbyterum,
1605 3245 1877 3314 quondam
1905 3244 2035 3299 Clu-

447 3334 724 3391 niacmisis
747 3335 980 3391 cmnobii
1011 3336 1361 3401 monachum,
1387 3336 1723 3406 ablegarent.
1751 3337 1854 3403 Qui
1885 3355 2031 3402 cum,

445 3427 616 3505 {egiis
645 3427 911 3482 ministris
945 3426 1313 3491 obstantibus,
1346 3436 1532 3482 contra
1571 3427 1664 3496 jus
1688 3429 1929 3498 gentium
1967 3430 2035 3484 ad

445 3519 782 3590 colloquium
811 3519 956 3588 regis
983 3534 1091 3572 non
1125 3517 1520 3583 admitteretur,
1572 3519 1729 3573 rediit
1777 3522 1842 3575 ad
1879 3537 2032 3586 suos,

443 3618 693 3688 quiqu
741 3610 844 3665 sibi
891 3610 1162 3664 evenisset
1220 3625 1402 3664 coram
1454 3611 1709 3664 omnibus
1764 3614 2032 3681 exposuit.

444 3708 605 3763 Facta
643 3703 932 3768 relatione,
961 3701 1107 3756 circa
1140 3699 1410 3756 Kalendas
1444 3700 1693 3757 Octobris
1735 3705 2037 3760 cardinales

443 3798 754 3870 pontificem
800 3793 1101 3861 elegerunt,
1140 3807 1248 3846 non
1291 3807 1453 3861 quem
1483 3793 1697 3859 vellent,
1743 3794 1836 3850 sed
1875 3812 2036 3865 quem

443 3890 558 3960 regi
609 3898 829 3960 gratum
882 3884 996 3938 fore
1047 3883 1350 3954 putabant:
1408 3884 1666 3940 nimirum
1697 3886 2033 3955 Anselmum,

444 3980 619 4050 patria
657 3979 1143 4038 Mediolancnscm,
1176 3975 1489 4044 episcopum
1513 3975 1867 4043 Luccensem,
1896 3983 2037 4050 regis

444 4071 797 4136 familiarem,
827 4071 1072 4140 aulreqae
1100 4066 1264 4137 regite
1288 4067 1446 4135 quasi
1469 4067 1748 4123 alumnum
1779 4080 1831 4124 et
1856 4071 2037 4126 dome-

446 4162 665 4217 sticum.
704 4162 812 4217 Sed
843 4163 972 4232 quid
1004 4157 1234 4217 accidit}
1262 4158 1457 4212 Audita
1483 4159 1746 4216 electione
1773 4161 2036 4232 Ansehni,

448 4269 572 4323 qua:
612 4254 794 4310 inscio
827 4264 881 4309 et
922 4255 1231 4310 inconsulto
1271 4263 1394 4326 rege
1430 4253 1776 4327 conligissct,
1819 4257 2037 4313 ccutia-

446 4355 591 4400 mata
617 4357 708 4402 (".51.
728 4348 796 4402 ab
826 4347 1079 4401 omnibus
1105 4347 1158 4401 in
1183 4347 1304 4400 aula
1335 4346 1478 4416 regis
1503 4346 1699 4416 injuria
1725 4349 1838 4418 regi
1870 4349 2033 4402 illata.

448 4433 682 4492 lim-tatu
731 4456 860 4509 ergo
901 4438 1145 4494 Guiberti
1199 4436 1512 4493 Parmensis
1553 4439 1879 4506 cancellarii,
1931 4441 2039 4494 duo

2135 1955 2531 2020 admirabilem,
2555 1970 2621 2009 ex
2651 1955 3033 2010 archidiacono
3065 1957 3269 2011 creavit
3307 1959 3720 2026 cancellarium,

2135 2048 2220 2101 cui
2269 2049 2540 2102 universae
2585 2046 2843 2102 Romanae
2890 2046 3146 2103 Ecclesia:
3203 2050 3604 2106 administratio
3648 2067 3722 2106 ex

2133 2139 2308 2193 cilicio
2335 2136 2782 2194 committeretur.
2811 2138 3104 2207 CRilRlOUS,
3133 2142 3403 2212 corruptis
3431 2158 3568 2198 auro
3598 2158 3724 2212 pro-

2133 2232 2350 2286 ceribus
2381 2227 2564 2297 Urbis,
2598 2231 2824 2286 Romam
2858 2242 3066 2286 armata
3100 2249 3262 2286 manu
3302 2235 3508 2305 ingredi
3539 2227 3723 2290 tenta-

2124 2322 2208 2376 ‘vit
2237 2342 2249 2376 :
2281 2324 2374 2377 sed
2417 2325 2670 2394 repulsus
2697 2340 2892 2394 mag-na
2932 2324 3018 2379 sui
3047 2324 3365 2381 confusione
3398 2327 3463 2381 ad
3496 2330 3720 2398 propria

2132 2415 2370 2469 revertit.
2397 2415 2645 2486 Cumque
2667 2418 2783 2471 haec
2806 2417 2989 2470 omnia
3013 2419 3202 2475 tierent
3226 2419 3426 2485 stulio,
3453 2419 3719 2476 instinctu

2132 2515 2186 2561 et
2215 2523 2379 2577 opera
2421 2509 2580 2564 istius
2610 2509 2852 2564 Guiberti
2894 2510 3176 2578 principis,
3208 2527 3368 2581 quem
3402 2512 3718 2582 imperatrix

2133 2600 2517 2655 cancellarium
2568 2601 2790 2666 fecerat,
2836 2601 3098 2671 singulari
3128 2601 3220 2656 Dei
3258 2605 3485 2659 consilio
3521 2607 3728 2661 accidit

2133 2702 2194 2747 ut
2217 2703 2406 2770 sancto
2435 2695 2649 2748 Annoni
2674 2694 2985 2749 Coloniensi
3010 2696 3419 2767 archiepiscopo
3442 2699 3557 2768 (qui
3580 2697 3722 2753 llen—

2133 2785 2308 2839 ricum
2339 2801 2518 2856 regem
2550 2802 2778 2855 puerum
2802 2785 2917 2856 jam
2960 2801 3229 2840 annorum
3271 2787 3457 2843 decem
3483 2806 3513 2843 a
3544 2798 3724 2846 matre

2135 2877 2338 2947 Agnete
2371 2878 2716 2947 imperatricc
2758 2878 3114 2942 subduxerat,
3155 2879 3541 2950 blanditiisque
3578 2882 3718 2935 deli-

2135 2969 2340 3033 nilum,
2391 2970 2821 3039 ceterorumque
2858 2968 3162 3023 Germania)
3205 2971 3509 3041 principum
3559 2973 3721 3026 obse-

2137 3061 2265 3130 quio
2295 3060 2696 3129 frequentatum
2718 3069 2771 3114 et
2794 3060 3020 3126 cultum,
3042 3061 3378 3116 educandum
3398 3064 3722 3135 retinuerat)

2139 3151 2280 3221 regis
2316 3151 2562 3205 custodia
2592 3159 2644 3205 et
2673 3152 2820 3222 regni
2861 3152 3279 3217 administratio,
3320 3153 3521 3208 habitis
3556 3155 3722 3209 desu-

2138 3257 2234 3312 per
2272 3243 2526 3306 comitiis,
2559 3243 2995 3296 demanJaretur.
3041 3240 3191 3298 llanc
3220 3252 3545 3313 potestatem
3580 3260 3721 3302 con-

2136 3343 2376 3400 secutus,
2396 3335 2460 3388 ad
2488 3350 2573 3389 res
2596 3333 2850 3388 Ecclesia:
2872 3335 3274 3404 componendas
3297 3345 3458 3405 atque
3477 3337 3723 3394 sehisma

2136 3441 2339 3479 novum
2374 3427 2530 3495 plane
2559 3426 2966 3494 cxstirpandum
2994 3426 3221 3480 contulit
3247 3443 3305 3481 se
3333 3427 3388 3481 in
3407 3427 3640 3495 Italiam,
3669 3437 3726 3484 et

2138 3516 2366 3570 Romam
2408 3533 2580 3587 usque
2606 3532 2804 3585 pcrven
2832 3526 2868 3570 t.
2904 3516 3031 3571 Inde
3068 3519 3120 3571 in
3156 3519 3502 3574 Germaniam
3546 3537 3721 3576 rever-

2138 3624 2252 3674 sus,
2290 3610 2505 3662 hortatu
2541 3607 2686 3662 Petri
2717 3608 2961 3662 Damiani
3000 3609 3053 3662 in
3094 3611 3381 3678 prtcscntia
3423 3612 3569 3676 regis
3607 3613 3710 3682 epi-

2139 3716 2429 3770 scoporum
2459 3700 2762 3753 Germania;
2790 3709 2841 3754 et
2865 3699 3029 3754 Italiae
3058 3702 3324 3770 synodum
3353 3705 3676 3757 convocavit
3705 3722 3717 3757 :

2137 3809 2266 3862 qua,
2300 3803 2422 3863 post
2441 3791 2862 3862 disputationem
2889 3792 3028 3845 inter
3049 3791 3308 3846 Rounnne
3337 3792 3594 3848 Ecclesiae
3621 3796 3718 3848 de-

2142 3884 2406 3940 fensorem
2453 3893 2507 3938 et
2549 3884 2868 3938 advocatum
2920 3883 3128 3952 regium
3173 3883 3434 3950 habitam,
3471 3888 3717 3940 omnium

2139 3976 2527 4030 acclamatione
2547 3974 2816 4029 Cadalous
2836 3975 3282 4043 pseudopontifex
3303 3987 3385 4029 est
3405 3977 3717 4043 damnatus,

2139 4066 2432 4121 Alexandri
2485 4077 2665 4121 autem
2717 4066 2909 4120 electio
2961 4067 3331 4136 comprobata.
3380 4067 3535 4133 Quod
3591 4086 3718 4125 cunt

2138 4157 2327 4213 Patres
2363 4158 2639 4213 Mantuani
2671 4157 2908 4222 concilii,
2937 4159 3026 4211 cui
3071 4158 3228 4211 Anno
3257 4157 3602 4215 Coloniensis
3640 4163 3719 4216 le-

2139 4251 2356 4323 gatione
2396 4252 2538 4321 regis
2575 4251 2794 4304 nomine
2823 4250 3041 4305 functus
3079 4250 3417 4318 interfuerat,
3460 4269 3558 4308 sua
3592 4270 3717 4308 sen-

2140 4342 2307 4397 tentia
2330 4345 2743 4396 coinirmassent
2764 4351 2817 4396 et
2841 4341 3222 4396 schismatieus
3247 4343 3486 4396 secunth
3518 4341 3719 4398 Urbem

2141 4435 2428 4490 infeliciter
2455 4449 2764 4505 expugnare
2807 4442 3088 4497 tentasset,
3129 4435 3342 4488 tandem
3374 4435 3720 4506 pscudopon-

447 4529 694 4600 episeopi
724 4531 940 4598 publico
963 4530 1330 4584 concubinatu
1364 4530 1609 4584 infamati
1638 4548 1764 4586 cum
1797 4531 2037 4586 Gcrardo
2072 4561 2116 4614 Β
2144 4528 2272 4581 tifex
2298 4545 2326 4582 a
2365 4529 2657 4582 schismate
2701 4526 2978 4590 recedens,
3016 4526 3178 4594 petita
3208 4535 3262 4580 et
3299 4527 3521 4582 obtenta
3561 4529 3719 4584 venia

448 4619 541 4674 ille
578 4621 804 4676 Galeria:
838 4622 1035 4675 comite
1064 4631 1110 4675 el
1139 4621 1404 4692 sacrilego
1437 4622 1708 4690 praidoue,
1753 4639 1912 4692 quem
1944 4623 2038 4677 Ni-

452 4727 646 4783 εοιειῡδ
672 4713 724 4766 in
757 4712 1004 4767 Romano
1035 4713 1267 4767 concilio
1293 4715 1882 4778 excommunicaverat.
1903 4707 2038 4782 ’ἓνεο

454 4821 597 4874 ιρειο
621 4804 865 4870 Simonis
893 4814 946 4860 et
970 4805 1122 4861 Juda‘.
1145 4808 1547 4871 convenientes,
1575 4805 1873 4860 Cadaloum
1905 4805 2040 4859 Par-

454 4924 700 4964 menscm
760 4897 1076 4967 episcopum
1121 4899 1236 4968 jam
1293 4908 1449 4953 antea
1504 4899 2038 4953 cxcommunicatum

455 5000 755 5070 elegerunt,
802 5005 1115 5060 novumque
1162 4991 1399 5046 schisma
1447 4992 1810 5046 concitarunt.
1848 4988 2043 5044 Petrus

457 5088 706 5145 Damiani
749 5082 1159 5145 seuientaticum
1201 5096 1297 5150 per
1341 5081 1548 5136 litteras
1591 5079 1910 5149 increpavit,
1947 5079 2041 5134 sed

456 5185 671 5233 tantum
701 5180 853 5234 abest
881 5192 943 5234 ιη
974 5171 1138 5230 homo
1163 5169 1424 5241 pestilens
1459 5171 1654 5226 litteris
1677 5169 1823 5224 Petri
1864 5179 2042 5223 exter-

460 5267 599 5322 ritus
629 5279 891 5336 cessaret.
920 5279 979 5325 ιιι
1003 5261 1166 5324 etiam
1201 5262 1316 5332 ipse
1348 5261 1699 5330 turpissimus
1726 5253 2042 5330 turpissime

2141 4620 2464 4680 Alexandro,
2503 4617 2694 4682 pineis
2728 4627 2850 4686 past
2888 4618 3079 4672 diebus
3119 4619 3316 4673 malam
3353 4629 3586 4674 mortem
3630 4622 3719 4675 in-

2141 4713 2328 4767 currit.
2379 4711 2620 4779 Angusta
2672 4726 2810 4780 qua:
2861 4708 3084 4762 nefaria:
3126 4709 3345 4764 Cadaloi
3385 4715 3716 4782 promotioni

2141 4804 2365 4866 faverat,
2389 4803 2758 4873 paenitentiam
2785 4807 2974 4856 actura
3007 4799 3232 4854 Ruinam
3257 4803 3404 4857 venit
3432 4805 3498 4857 ad
3533 4805 3718 4861 limina

2143 4889 2535 4966 apostOlorum,
2589 4911 2755 4964 seque
2804 4911 2912 4948 non
2957 4902 3166 4948 tantum
3212 4894 3470 4964 imperio,
3527 4914 3717 4954 verum

2144 4989 2303 5042 etiam
2357 4987 2604 5041 sccculari
2657 5003 2788 5042 cura
2838 4997 2891 5041 et
2944 4989 3152 5043 honore
3207 4994 3374 5041 totam
3425 4990 3714 5046 abdicavit.

2144 5080 2446 5134 Alexander
2477 5081 2716 5148 pontifex
2755 5079 2935 5136 sedem
2975 5078 3329 5149 apostolicam
3372 5083 3553 5152 quiete
3587 5085 3722 5139 ade~

2145 5181 2287 5242 ptes,
2323 5173 2642 5241 legationem
2674 5173 2820 5227 misit.
2847 5173 2911 5225 ad
2949 5171 3257 5228 Eduardum
3298 5188 3479 5241 regem
3516 5177 3722 5246 Anglic

2144 5280 2242 5332 pro
2272 5263 2562 5319 Wulstano
2592 5263 2988 5337 Wigornirnsis
3024 5264 3276 5319 Ecclesiae
3325 5265 3584 5334 episcopo
3618 5267 3718 5333 eli-
