4050 5358
272 290 407 377 ιβῖι

1493 294 1772 353 ΝΟΤῙΤΙΑ
1811 292 2289 352 DIPLOMATICA.

3397 302 3547 363 ωε.

266 397 518 464 nentiam
547 395 798 480 conjugia
826 408 1174 479 pertinaciter
1205 410 1586 479 defendebant,
1618 428 1716 482 per
1745 410 1854 466 Da-
1880 413 1925 472 Α
1951 420 2062 465 tam
2099 412 2385 483 conjugem
2436 412 2724 483 repudiare
2762 412 3006 484 parabat,
3038 429 3133 484 per
3172 412 3391 472 Petrum
3428 418 3536 474 Da-

264 500 510 555 mianum
569 499 873 557 confutavit
924 511 981 557 et
1038 501 1350 558 eradieavit.
1404 502 1845 560 lncestuosorum

264 602 395 663 vero
430 590 705 659 haeresim,
744 608 869 664 qua:
909 593 1231 649 auctoritate
1270 592 1565 651 Iustiniani
1611 596 1848 666 impera-

263 683 402 739 toris
425 684 723 751 asserehat,
746 684 933 739 eadem
958 685 1168 741 ratione
1192 702 1299 755 qua
1327 685 1379 739 in
1404 686 1847 741 successionibus

262 774 632 830 numerandos
654 789 777 830 esse
798 774 999 845 gradus
1030 776 1540 847 consanguinitatis,
1583 793 1692 832 non
1720 786 1844 832 tan-

261 873 378 920 tum
404 880 500 934 per
523 864 808 934 epistolam
838 864 982 920 Petri
1013 864 1282 931 Damiani,
1304 883 1492 922 verum
1524 870 1687 924 etiam
1713 872 1845 926 duo-

256 955 371 1010 bus
396 955 755 1026 pluribusque
779 954 967 1011 Romae
992 957 1195 1013 habitis
1218 959 1465 1014 conciliis
1486 960 1839 1032 impugnavit.

257 1044 464 1102 Contra
506 1060 677 1102 novos
722 1047 1010 1104 haereticos
1051 1050 1157 1103 hoc
1206 1059 1447 1122 tempore
1485 1064 1840 1124 emergentes,

256 1138 356 1209 qui
383 1137 650 1193 docebant
674 1138 1022 1210 episeOpatus
1044 1156 1075 1194 a
1098 1141 1438 1212 principibus
1464 1142 1618 1199 laicis
1637 1144 1844 1214 absque

256 1230 488 1285 crimine
530 1227 789 1286 Simonie
824 1231 969 1287 licite
1010 1219 1117 1287 cmi
1159 1248 1342 1302 posse,
1371 1249 1622 1304 quosque
1648 1234 1844 1292 Petrus

257 1309 507 1375 Damiani
530 1314 749 1392 scriptis
777 1320 893 1378 suis
933 1324 1169 1394 graviter
1192 1324 1491 1380 insectatus
1518 1335 1623 1391 est,
1654 1327 1843 1382 decre-

257 1420 373 1467 tum
396 1413 566 1468 edidit
590 1430 701 1484 quo
723 1400 904 1470 omnis
925 1415 1174 1471 beneﬁcii
1198 1414 1552 1472 ecclesiastici
1575 1418 1843 1473 venditio-

254 1518 380 1558 nem
406 1511 463 1558 et
495 1505 824 1575 emptionem
847 1506 1141 1562 interdixit.

296 1595 432 1650 ,Per
466 1594 819 1653 Godefridum
859 1598 1075 1655 Tusciae
1109 1598 1503 1666 marebionem,
1536 1599 1839 1656 Romanam

252 1685 558 1743 Ecclesiam
601 1689 854 1745 liberavit
900 1706 932 1745 a
976 1689 1373 1746 Nortmannis:
1415 1707 1542 1747 cum
1584 1693 1697 1762 jam
1742 1691 1837 1746 Ri-

250 1780 495 1835 chardus
540 1780 1005 1837 Nortmannorum
1057 1784 1310 1853 princeps
1345 1784 1624 1854 Aquinum
1664 1799 1838 1854 usque

247 1872 431 1927 victor
472 1875 829 1942 pervenisset,
861 1873 1062 1929 Urbem
1095 1875 1340 1945 proxime
1369 1876 1683 1941 invasurus,
1714 1883 1773 1929 ut
1807 1892 1838 1929 a

248 1963 507 2032 pontiﬁce
550 1965 897 2035 imperatoris
946 1966 1158 2038 insigne
1202 1967 1464 2038 consequi
1516 1975 1718 2037 posset.
1756 1966 1838 2021 Ad

249 2053 604 2110 Guilielmum
626 2057 880 2112 comitem
908 2055 1302 2125 Nortmanniie,
1328 2073 1488 2127 quem
1514 2057 1834 2125 Edwardus,

247 2145 406 2216 virgo
438 2146 703 2218 virginem
734 2150 941 2204 habens
963 2164 1189 2204 uxorem
1214 2148 1486 2214 Editham,
1516 2150 1663 2203 nulla
1686 2150 1838 2219 prole

247 2235 462 2303 relicta,
495 2253 872 2295 successorem
901 2230 1053 2311 regni
1082 2241 1463 2306 constituerat,
1494 2242 1644 2296 misit
1665 2242 1836 2296 vexil-

248 2325 388 2395 lum,
414 2336 477 2383 ut
508 2327 805 2385 Haroldum
839 2339 1127 2403 tyrannum
1166 2330 1373 2402 Anglice
1413 2348 1641 2403 regnum
1667 2349 1833 2387 occu-

247 2429 469 2490 pantem
496 2429 622 2491 post
645 2422 853 2477 obitum
880 2424 1055 2479 sancti
1082 2422 1329 2479 Edwardi
1357 2425 1501 2495 regis
1516 2425 1829 2494 expelleret,

249 2521 416 2582 atque
443 2520 503 2567 ut
524 2512 799 2584 legitimus
828 2529 1115 2571 successor
1134 2516 1326 2570 eodem
1354 2531 1522 2587 regno
1544 2516 1830 2586 potiretur.

248 2600 358 2659 Pro
404 2604 793 2673 componendis
846 2606 1204 2662 seditionibus
1254 2620 1351 2677 per
1391 2606 1735 2663 Simoniacos
1781 2615 1836 2663 et

248 2693 579 2751 fornicarios
629 2696 860 2752 clericos
908 2698 1144 2764 exortis,
1192 2698 1516 2769 legationem
1568 2700 1718 2754 misit
1764 2700 1835 2755 ad

248 2785 700 2845 Mediolanenses.
747 2788 971 2846 Decreta
1020 2791 1309 2846 autoritate
1359 2791 1651 2861 apostolica
1700 2791 1834 2862 ipsis

246 2880 561 2950 praescripta
604 2879 744 2935 infra
773 2882 1196 2953 subjunguntur.
1234 2881 1280 2936 Α
1314 2881 1603 2938 Guilielmo
1638 2884 1835 2940 comite

249 2967 599 3041 Burgundiae,
647 2981 702 3028 et
741 2973 1113 3043 compluribus
1154 2973 1490 3030 Francorum
1535 2975 1831 3043 nobilibus,

247 3074 349 3130 pro
372 3059 709 3117 defendenda
733 3063 1261 3131 RomanaEcelesia,
1292 3066 1505 3135 quoties
1532 3082 1669 3136 opus
1692 3076 1829 3135 erat,

243 3149 484 3219 juratam
526 3154 939 3222 promissionem
969 3156 1192 3226 accepit.
1229 3155 1401 3213 Usum
1442 3158 1637 3224 mitrae,
1679 3158 1841 3216 laieis

250 3242 516 3299 hactenus
550 3245 961 3314 inconcessum,
986 3246 1257 3304 Vratislao
1300 3249 1426 3305 duci
1446 3248 1830 3305 .Bohemorum

204 3352 215 3358 ·
248 3336 538 3390 concessit.
565 3335 858 3394 Henricum
884 3354 1085 3411 regem,
1115 3341 1206 3411 qui
1226 3341 1455 3411 juvenili
1483 3340 1666 3396 furore
1698 3341 1829 3396 Ber-

1949 503 2117 557 miani
2161 504 2457 573 apostolica
2505 504 2770 575 legatione
2822 520 2852 559 a
2903 506 3180 575 proposito
3238 512 3529 566 revocavit.

1946 591 2397 664 Argentinensem
2433 596 2771 666 episcopum,
2808 594 3150 651 Guarnerum
3191 598 3429 667 nomine,
3462 601 3533 656 ob

1946 685 2151 740 crimen
2179 685 2435 741 Simonize
2475 687 2787 757 episcopatu
2828 686 3076 757 privavit.
3118 686 3257 742 Cum
3299 688 3530 761 Mogun-

1947 777 2059 832 tino
2098 786 2151 832 ct
2190 777 2575 849 Bambergcnsi
2613 779 2679 833 de
2711 776 2967 833 Simonisc
3001 777 3227 833 crimine
3260 782 3532 837 accusatis

1944 878 2195 923 sanctum
2224 868 2506 923 Annonem
2534 869 2600 923 ad
2638 884 2696 923 se
2731 867 3061 935 venientem,
3086 877 3140 923 et
3163 884 3262 938 pro
3288 869 3398 924 rcis
3421 871 3532 940 epi-

1946 960 2125 1030 scopis
2172 960 2624 1026 intercedentem,
2677 960 2975 1015 honorifice
3023 962 3254 1030 excepit,
3303 962 3529 1018 brachio

1942 1052 2119 1106 sancti
2158 1050 2384 1107 Ctesarii
2428 1051 2677 1117 donavit;
2719 1051 2948 1122 ejusque
2992 1052 3196 1117 favore,
3234 1052 3368 1107 citra
3406 1069 3530 1109 mu-

1942 1158 2137 1197 nerum
2161 1144 2550 1213 acceptionem,
2577 1150 2637 1197 ut
2664 1157 2787 1196 cum
2820 1142 3018 1211 injuria
3048 1143 3318 1212 pontificis
3347 1143 3529 1213 suspi—

1941 1244 2099 1288 catur
2126 1233 2473 1300 Lambertus,
2513 1233 2800 1304 praedictos
2830 1234 3078 1289 absolvit.
3116 1233 3222 1288 Per
3258 1233 3465 1305 legatos
3494 1249 3526 1288 α

1940 1324 2109 1379 latere
2134 1342 2237 1380 suo
2266 1326 2318 1378 in
2338 1326 2586 1395 Angliam
2610 1326 2810 1379 missos
2831 1326 2884 1379 in
2909 1326 3140 1381 concilio
3158 1325 3527 1381 Wintoniensi

1942 1414 2284 1485 Stigandum,
2321 1416 2733 1471 Cantuariensis
2775 1415 3033 1472 Ecclesiae
3073 1417 3401 1483 invasorem,
3439 1417 3530 1471 de-

1938 1507 2157 1575 posuit;
2186 1506 2496 1562 Lanfranco
2522 1507 2696 1562 eidem
2733 1507 3031 1576 subrogato
3063 1507 3262 1577 duplex
3295 1508 3523 1575 pallium

1937 1597 2229 1652 concessit.
2260 1596 2481 1653 Petrum
2511 1596 2811 1669 Anagnia-aa
2832 1597 3065 1652 civitatis
3089 1597 3426 1667 episcopum,
3456 1597 3528 1653 ad

1938 1687 2254 1743 Michaelem
2276 1687 2391 1755 Vl],
2421 1687 2660 1744 Orientis
2680 1688 3086 1758 imperatorem,
3111 1688 3525 1757 apocrisiarium

1872 1768 1914 1821 Β
1938 1780 2118 1847 misit;
2152 1780 2296 1835 unde
2317 1781 2569 1845 eumdem
2602 1781 2982 1850 imperatorem
3003 1794 3129 1834 eum
3161 1778 3407 1834 Romana
3432 1778 3531 1834 Ec—

1939 1873 2105 1928 clesia
2134 1872 2523 1929 communione
2563 1871 2922 1941 conjunctum
2964 1869 3134 1927 fuisse
3170 1878 3354 1942 aperte
3382 1870 3529 1927 colli-

1937 1964 2101 2035 gitur.
2132 1963 2423 2018 Basilicam
2451 1962 2638 2019 Sancti
2660 1962 2935 2019 Benedicti
2960 1962 3015 2016 in
3038 1962 3375 2017 monasterio
3396 1960 3526 2016 Cas-

1937 2055 2146 2110 sinensi
2173 2054 2291 2125 ipse
2329 2055 2386 2109 in
2425 2054 2715 2125 prmsentia
2749 2054 2996 2109 omnium
3041 2054 3403 2108 cardinalium
3437 2051 3528 2107 de-

1936 2145 2156 2201 dicavit.
2191 2145 2486 2201 Henricum
2513 2162 2718 2219 regem,
2740 2162 2903 2216 quem
2934 2153 3153 2215 propter
3185 2143 3525 2198 Simoniaeas

1936 2237 2277 2292 abbatiarum
2306 2246 2362 2292 et
2396 2237 2806 2308 episcopatuum
2837 2236 3281 2301 nundinationes,
3310 2235 3526 2302 aliaque

1934 2328 2090 2399 plura
2136 2329 2353 2396 delicta,
2405 2328 2650 2384 Saxones
2695 2337 2750 2384 et
2796 2327 3070 2399 principes
3118 2326 3334 2397 imperii
3378 2324 3523 2395 apud

1932 2420 2245 2490 pontificem
2295 2429 2720 2487 accusaverant,
2766 2435 3039 2491 quemque
3075 2428 3300 2475 sanctus
3339 2415 3520 2483 Anno,

1933 2509 2181 2566 abdicata
2210 2513 2354 2567 hanc
2379 2512 2450 2566 ob
2476 2526 2699 2567 causam
2728 2509 2879 2581 regni
2919 2525 3050 2565 cura
3086 2517 3141 2565 et
3168 2506 3519 2563 administra-

1934 2604 2103 2671 tione,
2135 2607 2203 2662 ab
2234 2606 2510 2676 impietate
2531 2614 2583 2660 et
2613 2602 2913 2675 sacrilegiis
2938 2602 3082 2674 apud
3111 2603 3359 2658 eumdem
3384 2616 3521 2671 pon—

1935 2695 2132 2752 tilicem
2183 2698 2439 2768 graphice
2484 2698 2871 2768 descripserat,
2904 2713 3001 2768 per
3032 2696 3242 2751 litteras
3287 2695 3519 2750 Romam

1936 2794 2121 2849 citavit
2146 2814 2158 2848 :
2187 2811 2375 2850 verum
2417 2805 2591 2851 morte
2620 2805 2949 2866 prazventus,
2974 2810 3200 2850 causam
3224 2794 3369 2864 regis
3395 2809 3522 2850 suco

1936 2884 2139 2939 cessori
2169 2884 2571 2956 dijudicandam
2600 2885 2837 2956 reliquit.
2869 2884 3115 2940 Mortuus
3145 2892 3229 2939 cst
3255 2881 3518 2954 pontifex,

1937 2976 2271 3033 miraculosa
2310 2977 2576 3033 daemonis
2611 2979 2930 3048 cxpulsione
2968 2987 3024 3032 et
3060 2977 3242 3032 claudi
3279 2975 3521 3031 hominis

1936 3081 2067 3121 cura
2100 3066 2510 3135 celeberrimus,
2553 3067 2758 3134 Romae,
2807 3067 3022 3123 decimo
3061 3066 3333 3121 Kalendas
3370 3062 3519 3130 Maii,

1938 3176 2087 3216 anno
2132 3160 2290 3228 1072,
2335 3177 2459 3217 cum
2506 3162 2739 3218 sedisset
2778 3178 2954 3219 annos
2998 3161 3270 3243 undecim,
3304 3171 3521 3215 menses

1938 3270 2055 3321 sex,
2083 3263 2135 3309 ct
2165 3255 2281 3309 dies
2304 3256 2493 3325 viginti
2523 3256 2681 3311 duos.

1672 3497 3463 3530 W

1134 3635 1671 3744 NOTITIA
1730 3637 2640 3807 DlPLOMATICA.

1063 3848 1267 3916 llam,
1326 3850 1548 3922 Regcsla
1596 3851 1905 3922 pontiﬁcum
1951 3850 2329 3916 Romanorum,
2384 3867 2506 3922 pag.
2563 3849 2714 3921 589.)

319 4129 379 4188 In
409 4129 701 4188 Alexandri
725 4131 769 4187 ll
793 4133 957 4189 bullis
985 4133 1241 4206 (quarum
1270 4134 1426 4206 signa
1446 4134 1832 4207 chronologiea
1865 4147 1910 4201 ι)

245 4224 395 4281 haud
424 4240 553 4280 raro
593 4233 723 4280 sunt
758 4226 1072 4298 depravata)
1113 4227 1228 4282 haec
1274 4227 1463 4283 insunt
1506 4229 1828 4283 sententice:

245 4316 470 4392 Maenas
494 4316 639 4372 Deus
675 4332 879 4372 uos-rec
909 4334 979 4373 ετ
1005 4334 1181 4373 uxcsx
1211 4335 1408 4373 vimus
1430 4335 1552 4374 ειυς
1570 4337 1584 4386 ;
1601 4319 1833 4385 ——Dr.t's

245 4424 497 4471 nos'rnuu
526 4425 885 4477 aerumnam
916 4427 1111 4465 vimus
1129 4428 1143 4477 ;
1162 4441 1231 4451 ν-
1256 4409 1571 4464 Exstruit
1598 4427 1666 4466 ut:
1688 4409 1833 4465 Deus

245 4517 302 4556 IN
331 4517 568 4558 VIRTUTE
603 4517 815 4558 BBACBII
844 4518 947 4558 SUI.

318 4677 509 4737 Testes
539 4680 1019 4751 subscripserunt:
1068 4664 1097 4685 ’⁷

384 4770 700 4844 Bonifacius
722 4774 994 4843 cpiscopus
1025 4772 1341 4827 Albanensis
1364 4769 1476 4844 (27,
1502 4771 1614 4844 49).

389 4865 582 4920 Petrus
603 4864 901 4920 Damianus
921 4867 1192 4936 episcopus
1218 4863 1477 4921 Ostiensis
1502 4864 1613 4935 (27,
1644 4864 1756 4931 49).

384 4956 620 5012 Joannes
644 4958 915 5026 cpiscopus
944 4956 1256 5012 Parmensis
1278 4956 1388 5025 (27,
1414 4956 1526 5025 29).

384 5048 673 5121 Leopertus
697 5049 968 5118 episcopus
990 5047 1349 5103 Pramestinas
1371 5048 1480 5118 (l9)

383 5139 706 5198 Mainardus
730 5137 788 5195 S.
821 5139 1026 5209 Ila/inte
1048 5140 1314 5212 cpiscOpus
1347 5138 1479 5209 (Ξῖ).

1254 5224 1287 5247 α’
1319 5230 1406 5252 In-l
1461 5232 1543 5252 ln\

2080 4134 2373 4205 Stephanus
2401 4142 2614 4189 vocatus
2635 4130 2926 4187 cardinalis
2960 4129 3094 4202 (49).
3302 4204 3307 4207 _

2077 4227 2481 4281 Ilildebrandus
2503 4224 2560 4280 S.
2585 4225 2650 4279 Il.
2680 4224 2747 4279 Ε.
2775 4224 3182 4279 archidiaconus
3212 4221 3323 4293 (Ξῖ,
3348 4220 3461 4291 29).

2008 4318 2236 4388 Scripta:
2260 4318 2420 4372 bulla:
2450 4326 2578 4371 sunt
2612 4331 2709 4385 per
2736 4331 2958 4369 manum
2994 4331 3006 4365 :
3047 4366 3053 4371 .

2072 4408 2309 4461 Raincrii
2330 4407 2606 4461 scriniarii
2627 4417 2675 4460 et
2698 4407 2895 4460 notarii
2908 4406 3048 4458 sacri
3064 4404 3259 4475 palatii
3274 4404 3384 4473 (1'5,
3398 4403 3511 4473 55).

2073 4498 2383 4555 Cuinizonis
2443 4499 2641 4551 notarii
2678 4498 2820 4551 sacri
2862 4495 3049 4566 palatii
3087 4504 3383 4564 sanclwque
3450 4493 3511 4548 li.

2241 4589 2373 4660 (eo).

2073 4678 2327 4751 Stephani
2380 4681 2580 4734 notarii
2632 4680 2917 4750 regionarii
2960 4686 3011 4733 ct
3052 4678 3302 4733 scrinarii
3343 4675 3402 4732 S.
3446 4676 3512 4730 Β.

2142 4772 2211 4828 Ε.
2238 4772 2372 4844 (29).

2074 4865 2281 4922 Octavii
2303 4863 2573 4920 scriniarii
2602 4876 2652 4920 ct
2686 4865 2883 4919 notarii
2895 4864 3037 4918 sacri
3056 4860 3247 4935 palatii
3272 4859 3386 4928 (5-1,
3402 4859 3518 4929 52).

2069 4957 2296 5013 Joannis
2320 4957 2518 5010 notarii
2559 4966 2607 5010 et
2653 4955 2939 5029 regionarii
2967 4971 3031 5008 ac
3063 4950 3312 5009 scrinarii
3335 4965 3382 5001 s.
3408 4949 3521 5004 sed.

2143 5058 2314 5124 apost.
2341 5047 2451 5119 (58,
2478 5048 2591 5119 59).

2000 5144 2168 5214 Date,

2893 5222 3033 5252 lﬂﬂ!
3066 5245 3078 5252 .

2442 5244 2565 5252 Α-αρ
2599 5246 2723 5252 --H--
2744 5244 2848 5252 ---αλ
