4050 5358
283 136 416 195 ιω

1446 142 1806 202 EPISTOLrE
1847 146 1934 202 ET
1972 147 2378 210 DlPL-OMATA.

3419 170 3546 228 I283

280 251 490 311 viscera
518 250 717 320 anima:
751 267 914 320 mere,
946 267 1028 312 sne
1065 256 1295 330 satagitc
1320 272 1417 328 per
1440 261 1585 316 viam
1621 262 1862 318 mandati
1892 265 1937 322 Α
1963 274 2193 334 questus
2219 278 2302 322 est
2335 273 2482 340 quod
2521 275 2741 343 quidam
2771 276 3065 345 Edbertus,
3093 278 3401 338 l'arrlensis
3427 286 3546 353 epi-

277 343 516 412 emzestis
564 343 815 404 incedere
870 356 930 402 ut
981 363 1138 403 mens
1181 359 1366 405 nostra
1408 353 1600 409 merito
1645 370 1860 425 semper

275 432 554 489 debeatde
593 445 781 491 saneta
804 439 1337 510 consanguineorum
1373 457 1598 498 suorum
1628 461 1856 500 conver-

277 525 432 582 sione
472 527 727 597 gaudere.
763 527 1062 598 Speramus
1093 540 1272 586 autem
1305 533 1358 587 in
1387 549 1453 589 eo
1493 537 1587 604 qui
1622 537 1688 592 de
1731 537 1855 592 \‘ir-

275 617 402 688 gine
430 619 686 689 dignatus
718 630 804 675 est
843 623 991 677 nasci
1026 623 1175 692 quia,
1202 625 1372 679 nostri
1409 627 1695 684 ministerii
1725 639 1859 684 tem-

274 723 427 778 pore,
453 720 639 766 sancta
671 712 994 768 clericorum
1041 715 1264 770 castitas
1289 716 1632 784 exaltabitnr,
1676 728 1730 774 et
1773 719 1855 773 in-

273 802 669 858 eontinentium
710 804 924 860 luxuria
968 822 1092 860 cum
1134 807 1350 861 caeteris
1381 809 1682 865 lneresibus
1719 826 1853 866 con-

273 889 547 946 fundetur.
573 891 930 965 Omnipotens
957 896 1117 962 Deus,
1141 896 1484 955 dilectissimi
1509 900 1704 957 fratres
1724 904 1853 969 mei,

271 982 340 1036 ab
359 984 508 1037 omni
530 999 627 1040 vos
651 987 916 1054 pravitate
937 989 1227 1054 custodiat,
1249 1000 1302 1045 ct
1324 1006 1419 1061 per
1435 992 1661 1062 justitiac
1686 996 1853 1052 semi-

269 1080 382 1129 tam
411 1075 478 1129 ad
500 1075 742 1132 coelestia
763 1093 862 1134 vos
885 1095 1047 1150 regna
1073 1080 1352 1150 perducat.

267 1257 564 1336 Aleqcattdri
608 1260 672 1315 II
709 1263 946 1336 cpistola
991 1265 1060 1318 ad
1111 1263 1437 1336 Landul/‘um
1476 1277 1526 1322 et
1568 1269 1854 1323 Arialdum

337 1330 574 1410 clericos.
603 1363 673 1410 Τ
695 1330 818 1410 Non
844 1335 920 1387 ita
950 1351 1060 1410 esse
1104 1330 1484 1408 imlulgciulum
1521 1340 1753 1410 periuris
1795 1348 1853 1393 ut

336 1401 823 1469 perjurtmdidctur
845 1406 1072 1461 occasio.
1135 1454 1140 1456 .
1258 1401 1279 1408 ⁷
1411 1424 1421 1434 ε

603 1495 1034 1568 (Fragmentum.
1057 1530 1127 1539 --
1147 1499 1305 1553 Anno
1332 1499 1513 1570 1061.)

550 1585 744 1657 [Maxsr
791 1587 996 1644 Coucil.
1046 1588 1200 1657 XIX,
1251 1591 1355 1646 col.
1406 1590 1558 1663 980.]

333 1675 635 1734 Possumus
665 1680 718 1734 in
754 1681 997 1752 perjurio
1028 1683 1214 1752 aliquo
1237 1685 1465 1739 crimine
1499 1683 1667 1754 lapsis
1693 1683 1853 1740 mise-

268 1767 516 1824 ricordia!
546 1785 766 1824 mamnn
791 1773 1090 1844 porrigere,
1125 1775 1216 1829 sed
1252 1790 1359 1829 non
1383 1775 1644 1831 debemus
1668 1776 1737 1831 ad
1763 1775 1851 1829 fu-

267 1865 402 1914 tuta:
426 1861 747 1930 perditionis
769 1866 1076 1935 exemplum
1103 1865 1378 1920 licentiam
1405 1867 1556 1922 dare.

260 2042 557 2119 Alexandri
584 2044 645 2098 ΙΙ
671 2048 896 2116 epistola
930 2049 998 2101 at!
1027 2048 1325 2103 Ilnraldum
1361 2048 1637 2119 Norregiw
1660 2068 1846 2119 regem.

331 2145 404 2156 -—-
433 2113 568 2167 Hart
586 2111 842 2170 rtur'eum
872 2119 942 2171 ml
985 2121 1329 2174 obcdicudnm
1359 2111 1649 2176 Atlalbrrto
1680 2111 1852 2177 Ham-

331 2183 576 2256 burgcnsi
603 2188 1016 2258 archiepiscopo.

859 2282 1048 2348 (Anno
1080 2283 1264 2350 10M.)

650 2370 868 2442 [Masso
899 2373 1104 2428 Concil.
1134 2373 1274 2440 XIX,
1311 2373 1465 2445 9i2.]

329 2460 659 2518 Atcxaxosu
699 2465 1011 2534 episcopus,
1054 2481 1246 2521 servus
1269 2482 1554 2520 servorum
1589 2466 1706 2533 Dei,
1743 2466 1850 2522 ΠΑ-

256 2566 434 2608 ntno
461 2542 943 2612 .Nortniannorum
992 2557 1102 2629 regi
1133 2558 1364 2613 salutem
1399 2569 1455 2614 et
1493 2561 1848 2629 apostolicam

259 2643 715 2701 benedictionem.

329 2735 466 2803 Quia
491 2739 671 2794 adhuc
696 2740 859 2796 rudes
900 2741 953 2794 in
984 2741 1086 2796 lidc
1113 2741 1350 2796 esistitis
1384 2751 1438 2797 et
1472 2743 1524 2797 in
1563 2744 1850 2802 ecclesias—

259 2826 366 2883 tica
414 2829 702 2899 disciplina
758 2833 1167 2901 qtuizlannnmlo
1225 2833 1575 2899 claudieatis,
1635 2847 1849 2905 oportet

255 2933 382 2984 nos,
407 2921 606 2989 quibus
629 2922 797 2976 totius
823 2921 1078 2979 Ecclesize
1097 2933 1174 2980 est
1201 2925 1556 2988 commissum
1582 2927 1844 2998 regimen,

255 3009 461 3066 divinis
488 3012 952 3069 admonitionibus
976 3031 1073 3070 vos
1100 3014 1438 3086 frequentius
1463 3018 1703 3071 visitare.
1739 3018 1842 3075 Sed

258 3102 385 3172 quia
426 3103 496 3158 ob
532 3104 815 3174 longarum
855 3105 1222 3161 difﬁcultatem
1250 3109 1458 3162 viarum
1485 3126 1579 3178 per
1605 3125 1703 3163 nos
1744 3110 1847 3166 hoc

255 3206 418 3266 agere
444 3196 686 3252 minime
730 3199 1000 3262 valemus,
1049 3200 1235 3254 sciatis
1283 3217 1381 3256 nos
1418 3202 1637 3256 Aiberto
1667 3200 1848 3273 [Adal-

257 3285 441 3359 berto]
477 3286 759 3344 Bremcnsi
801 3290 1218 3361 archiepiscopo
1263 3293 1464 3347 vicario
1495 3302 1686 3349 nostro
1727 3295 1846 3349 lucc

255 3375 488 3432 firmiter
517 3382 886 3438 commisisse.
921 3381 1223 3439 Prauiictns
1253 3385 1436 3455 itaque
1475 3385 1847 3455 archiepisco-

259 3483 362 3537 pus
393 3469 608 3541 legatus
633 3482 826 3528 noster
852 3474 969 3528 suis
992 3475 1151 3531 nobis
1176 3486 1259 3530 est
1280 3485 1620 3545 conquestus
1650 3477 1849 3546 cpisto-

258 3559 326 3615 lis
352 3562 501 3632 quod
546 3564 790 3634 episcopi
840 3575 1037 3621 vestrae
1086 3567 1376 3636 provinciae
1423 3577 1519 3620 aut
1564 3584 1670 3620 non
1719 3577 1850 3623 sunt

257 3655 564 3710 consecrati
587 3698 601 3723 ,
631 3665 724 3711 aut
751 3658 876 3712 data
909 3659 1137 3727 pecunia
1182 3669 1372 3713 contra
1401 3657 1645 3713 llomana
1677 3659 1844 3729 privi-

258 3740 396 3814 legia
431 3760 555 3816 quin
587 3764 702 3802 sua:
742 3749 989 3804 ecclesia:
1019 3750 1233 3820 sibique
1260 3750 1384 3805 data
1412 3761 1537 3805 sum
1569 3749 1622 3805 in
1652 3749 1846 3823 Anglia

258 3836 341 3888 vel
366 3835 420 3890 in
452 3836 626 3893 Gallia
657 3840 894 3908 pessime
930 3851 1059 3896 sunt
1085 3841 1341 3896 ordinati.
1370 3840 1524 3898 L'nde
1551 3859 1615 3896 ex
1655 3853 1848 3900 aucto-

258 3926 420 3982 ritate
464 3923 840 3998 apostolorum
872 3930 1015 3988 Petri
1059 3941 1109 3987 et
1155 3931 1302 3986 Pauli
1350 3949 1446 3988 vos
1485 3935 1847 3990 admonemus

259 4026 339 4084 ut,
374 4020 536 4075 sicuti
559 4022 878 4091 apostolica:
925 4023 1041 4078 sedi
1085 4025 1440 4079 reverentiam
1487 4026 1847 4094 subjectionis

259 4110 466 4167 debetis
509 4113 787 4178 exhibere,
835 4115 908 4169 ita
938 4114 1218 4184 prrefatum
1247 4117 1540 4170 venerabili
1574 4118 1847 4188 archiepi-

259 4218 428 4273 scopo
455 4203 666 4258 vicario
713 4215 905 4260 nostro
948 4216 1001 4260 et
1045 4208 1160 4261 vice
1209 4215 1394 4261 nostra
1437 4207 1702 4281 fungenti,
1749 4227 1845 4265 vos

258 4295 534 4365 vestrique
559 4296 800 4368 episcopi
833 4298 1174 4368 impendatis,
1207 4307 1312 4353 etc.

999 4389 1088 4445 IV.

257 4476 552 4554 Alexandri
589 4478 907 4554 [Lepistola
939 4484 1008 4536 ad
1040 4483 1309 4554 episcopos
1343 4483 1549 4554 nauita.
1587 4512 1658 4524 --
1695 4482 1849 4538 Prw-

328 4550 466 4626 cipit
507 4560 566 4604 ut
624 4549 947 4626 Ed'bertunt,
1009 4549 1312 4626 episcopum
1367 4553 1726 4615 Furriensem,
1782 4555 1846 4608 ob

328 4621 643 4706 Adalberto,
675 4621 1070 4706 archiepiscopo
1109 4621 1527 4706 11ιιξιη-Ιιιιινςιιηιιςὶ3
1561 4641 1663 4706 per"
1685 4627 1850 4706 trien-

329 4691 474 4745 m’um
505 4696 578 4746 ad
605 4691 866 4762 synodum
888 4691 1151 4763 vocatum,
1186 4691 1430 4751 inducere
1453 4697 1521 4750 ad
1553 4691 1848 4750 inobcdieu-

328 4763 459 4823 (£23:
487 4763 779 4823 demam.

789 4845 799 4849 D
853 4862 1034 4934 (Anno
1073 4861 1254 4932 1061.)

253 4953 453 5027 [Anam
480 4953 650 5030 gesta
681 4952 1179 5030 ῌαηιὺιειῃηροηιη
1208 4952 1352 5030 apud
1377 4950 1581 5030 Plange,
1611 4952 1845 5030 diarium.

469 5023 651 5079 Germ.
683 5025 831 5092 Irish,
866 5022 1068 5094 script.
1100 5022 1375 5085 trum—VII,
1405 5039 1458 5091 ιι.
1484 5023 1636 5099 563).]

319 5119 650 5172 Maxumas
675 5118 992 5192 cpiscopus,
1024 5133 1212 5175 servus
1249 5130 1533 5172 servorum
1565 5117 1686 5185 Dei,
1720 5130 1844 5171 om-

250 5210 408 5264 nibus
429 5209 704 5279 episcopis
740 5209 790 5263 in
816 5227 984 5284 regno
1027 5209 1301 5266 Danorum
1346 5207 1678 5273 constitutis,
1710 5223 1843 5280 apo-

249 5301 451 5356 stolicae
482 5299 598 5356 sedi
640 5309 693 5352 ct
729 5315 915 5358 nostro
946 5302 1151 5358 vicario
1177 5300 1580 5358 obcdientibus.
1610 5303 1840 5358 salutem

1959 373 2180 428 scopus,
2229 363 2414 418 multis
2451 365 2774 423 criminibus
2820 370 3114 438 involutus,
3169 374 3236 428 ad
3276 377 3544 446 synodum

1959 465 2113 505 suam
2145 467 2240 521 per
2279 454 2572 512 triennium
2606 469 2854 527 vocatus,
2891 465 3077 518 venire
3117 467 3542 537 contempserit;

1957 543 2103 612 quod
2146 544 2275 612 quia
2317 549 2545 602 consilio
2587 553 2949 620 quorumdam
2993 566 3298 611 vestrorum
3349 558 3548 613 dicitur

1957 648 2078 689 esse
2133 635 2356 702 factum,
2409 642 2733 698 mandamus
2780 653 2839 699 et-
2882 648 3176 715 apostolica
3223 650 3547 704 auctoritate

1958 728 2329 796 praecipimus,
2359 739 2419 784 ut
2445 732 2514 785 ab
2542 733 2854 803 bujusmodi
2887 738 3152 794 recedatis
3174 740 3399 793 omnino
3419 756 3546 794 cou-

1956 818 2100 883 silio,
2139 835 2374 891 etunquc
2399 824 2470 878 ad
2503 826 2833 881 audientiam
2869 830 3108 898 przedicti
3143 829 3328 886 fratris
3368 833 3543 886 nostri

1956 909 2036 964 ire
2065 911 2424 977 admoneatis,
2441 927 2711 985 quatenus
2732 929 2854 988 post
2876 919 3071 976 factam
3085 923 3542 978 examinationem

1954 1003 2215 1058 canonice
2238 1004 2530 1074 judicetur.

2713 1119 2776 1176 V.

1955 1204 2142 1282 Bu!_l_a_
2174 1206 2468 1282 Alexandri
2509 1227 2661 1280 papa:
2699 1211 2762 1264 II
2798 1230 2892 1282 pro
2943 1217 3240 1272 stabilitate
3290 1218 3544 1276 bonorum

2027 1274 2393 1359 liiripollensis
2413 1274 2719 1336 monasterii
2741 1274 2924 1337 contra
2941 1286 3290 1358 cujuscunque
3307 1274 3543 1359 peracuta

2025 1345 2443 1415 infestationem.

2542 1442 2723 1508 (Anno
2770 1443 2958 1509 i062.)

2025 1525 2435 1598 [Cocot'tzuxss,
2467 1531 2731 1586 bullarmn
2759 1533 3030 1601 Collectio,
3067 1545 3198 1591 tom.
3223 1536 3288 1604 ll,
3311 1555 3363 1609 p.
3389 1539 3472 1612 4.]

1885 1617 1930 1674 Β
2024 1618 2349 1675 Amanum
2381 1622 2701 1693 cpiscopus,
2737 1641 2928 1680 servus
2956 1642 3234 1681 servorum
3268 1628 3394 1694 Dei,
3428 1630 3541 1684 frao

1953 1708 2129 1764 tribus
2177 1711 2230 1765 in
2281 1710 2630 1782 Rivipollensi
2675 1715 2926 1771 cmnobio
2971 1718 3072 1772 sub
3118 1717 3209 1774 Dei
3253 1719 3542 1788 Gcriitricis

1953 1800 2184 1855 tuitione
2219 1803 2570 1874 degentibus,
2605 1807 2833 1861 salutem
2879 1816 2934 1863 et
2981 1810 3336 1878 apostolicam
3378 1812 3543 1866 bene-

1951 1890 2264 1948 dictionem.

2021 1987 2316 2055 Quoniam,
2360 1988 2542 2044 divina
2581 1988 2793 2045 favente
2825 1991 3133 2059 clementia,
3169 2009 3291 2048 cum
3321 2004 3542 2064 aposto-

1949 2076 2069 2135 lica:
2107 2080 2252 2135 sedis
2292 2081 2552 2150 regimine
2581 2090 2900 2136 cunctarum
2936 2082 3299 2138 Ecclesiarutn
3338 2087 3541 2140 sollici-

1950 2171 2084 2225 tudo
2114 2172 2271 2226 nobis
2297 2172 2590 2238 incumbit,
2617 2173 2815 2227 ideirc»
2833 2174 2999 2243 juszis
3029 2177 3378 2244 petitionibus
3400 2191 3539 2245 quo-

1951 2273 2294 2333 rumcuuque
2328 2264 2566 2318 fidelium
2591 2281 2691 2320 nos
2712 2266 2965 2320 convenit
2988 2275 3246 2332 annuere,
3270 2277 3321 2322 et
3344 2269 3409 2322 ad
3438 2283 3539 2322 no-

1949 2363 2079 2410 stra:
2105 2355 2322 2424 pictatis
2354 2356 2617 2410 auxilium
2652 2356 3026 2425 confugientes
3047 2360 3385 2414 auctoritatis
3407 2373 3539 2427 apo.

1951 2447 2154 2501 stolica:
2183 2448 2370 2517 clypeo
2403 2448 2639 2503 munire;
2680 2447 2947 2514 Quocirca
2983 2449 3108 2502 dilct
3127 2450 3288 2504 tionis
3325 2465 3391 2504 ac.
3423 2449 3537 2504 fra-

1951 2538 2223 2592 ternitatis
2245 2549 2437 2593 vestra:
2461 2540 2666 2593 litteras
2689 2555 2784 2609 per
2813 2539 3043 2594 fratrum
3073 2539 3128 2595 S.
3157 2541 3535 2610 suscipientes,

1949 2637 2003 2682 et
2048 2629 2272 2698 quodin
2322 2629 2402 2684 eis
2443 2639 2696 2698 expetere
2754 2631 3080 2685 videbatnini
3125 2630 3538 2702 diligentissime

1951 2721 2364 2790 perpendentes,
2390 2721 2650 2788 quoniam
2683 2722 2890 2790 justam
2919 2721 3231 2791 petitionem
3265 2732 3324 2776 ct
3345 2734 3538 2778 aucto-

1951 2811 2110 2865 ritate
2140 2819 2326 2865 nostra
2358 2812 2423 2866 ad
2462 2812 2848 2881 perficiendmn
2883 2829 2989 2866 non
3023 2814 3294 2884 indignam
3319 2814 3537 2884 juJica-

1949 2902 2151 2965 vimus,
2173 2903 2373 2956 vestris
2396 2904 2746 2972 petitionibus
2769 2906 3117 2974 acquiescere
3140 2921 3246 2958 non
3273 2907 3540 2960 recusavi-

1874 2973 1914 3028 (ἶ
1949 3009 2091 3048 mus.
2130 2991 2284 3048 Unde
2305 3009 2404 3048 vos
2432 2995 2610 3048 debita
2644 2995 2908 3051 cbaritatc
2933 3011 3218 3052 monemus
3245 3005 3304 3051 ut
3330 2995 3538 3066 profes-

1947 3083 2120 3139 sionis
2144 3095 2346 3138 sanctae
2367 3087 2732 3154 propositum,
2758 3087 2903 3156 quod
2930 3085 3041 3140 Deo
3064 3077 3338 3157 aspirante
3359 3103 3541 3144 susce-

1946 3175 2122 3244 pistis,
2148 3191 2246 3244 pro
2271 3176 2483 3230 viribus
2518 3192 2732 3246 semper
2769 3178 3111 3241 custodiatis,
3139 3195 3238 3233 nec
3271 3179 3338 3232 ab
3362 3179 3454 3233 illo
3481 3179 3536 3232 in

1947 3273 2195 3319 neutram
2227 3275 2435 3335 partem
2459 3267 2570 3320 ullo
2591 3268 2752 3321 modo
2773 3267 3088 3322 dellectatis.
3115 3267 3411 3337 Episcopos
3434 3284 3535 3322 au-

1947 3365 2075 3421 tem,
2099 3357 2344 3421 comites,
2375 3358 2648 3429 principes
2668 3400 2682 3422 ,
2709 3357 3076 3431 magistratus,
3099 3368 3152 3412 et
3172 3367 3418 3427 potentes
3442 3373 3536 3412 ve-

1947 3459 2058 3503 stra
2088 3448 2285 3503 vicinia
2309 3449 2634 3513 incolentes,
2661 3457 2883 3514 paterna
2909 3449 3269 3504 sollicitudine
3292 3465 3536 3504 commo-

1947 3556 2139 3602 nemus
2161 3549 2220 3594 ut
2243 3541 2408 3596 vestri
2439 3539 2671 3596 emnobii
2706 3555 2922 3610 semper
2958 3540 3012 3594 in
3039 3541 3292 3595 omnibus
3322 3541 3535 3614 adjuto-

1947 3649 2055 3697 res,
2082 3631 2401 3688 defensores
2422 3649 2484 3688 ac
2499 3641 2886 3704 propagatores
2907 3633 3164 3696 existant,
3187 3641 3240 3686 et
3260 3648 3534 3702 quoscun-

1946 3740 2053 3794 que
2095 3724 2429 3791 contrarios,
2464 3725 2548 3780 vel
2584 3725 2649 3779 ad
2690 3725 2994 3780 nocendum
3035 3724 3376 3778 avidissimus
3412 3720 3536 3778 esse

1946 3817 2199 3882 viderint,
2223 3817 2385 3888 digna
2418 3833 2646 3872 censura
2671 3824 2976 3880 coerceant,
3003 3825 3273 3884 quatenus
3296 3824 3348 3870 et
3369 3831 3398 3869 a
3422 3813 3536 3870 Deo

1949 3909 2357 3964 retributionem
2387 3909 2705 3979 percipiant,
2739 3919 2791 3963 et
2829 3909 3140 3977 apostolicae
3164 3908 3326 3962 simul
3349 3924 3411 3963 ac
3435 3924 3534 3962 m-

1948 4013 2073 4058 stra:
2110 4001 2508 4057 benedictionis
2556 4000 2900 4070 participium
2938 3999 3191 4053 habeant.
3237 3997 3365 4052 illos
3406 4013 3535 4051 vero

1946 4071 2036 4162 qui
2063 4094 2263 4163 praedia
2283 4136 2295 4157 ,
2322 4109 2442 4162 qua:
2464 4091 2616 4146 vobis
2635 4092 2759 4160 jure
2785 4091 3076 4152 debentur,
3102 4090 3248 4143 dono
3275 4090 3532 4143 abbatum

1946 4205 2053 4242 non
2077 4188 2211 4242 satis
2231 4188 2388 4257 digne
2421 4186 2853 4256 prmsidentium,
2887 4201 2979 4238 seu
3019 4184 3205 4253 rapina
3227 4226 3240 4250 ,
3265 4185 3348 4238 vol
3380 4184 3532 4237 inva-

1948 4279 2130 4344 sione,
2159 4279 2270 4333 sive
2301 4267 2666 4348 qualicunque
2698 4277 2898 4345 injusta
2931 4275 3217 4330 occasione
3255 4275 3530 4346 possidere

1951 4371 2221 4436 videntur,
2245 4371 2568 4424 auctoritate
2583 4369 2880 4440 apostolica
2903 4367 3277 4433 convenimus,
3302 4375 3355 4421 et
3378 4368 3531 4422 insu-

1950 4479 2046 4533 per
2069 4461 2470 4517 intermiuando
2491 4461 2815 4515 mandamus
2843 4468 2901 4512 ut
2926 4459 3016 4513 illa
3041 4475 3382 4529 nequaquam
3408 4459 3530 4514 reti~

1948 4563 2133 4621 neant,
2157 4553 2250 4609 sed
2273 4553 2416 4608 sicut
2443 4551 2531 4606 Dei
2555 4569 2676 4608 esse
2698 4558 3034 4614 noscuntur,
3071 4550 3141 4604 ita
3167 4549 3275 4604 Deo
3297 4561 3534 4621 quanto-

1945 4646 2063 4702 cius
2085 4645 2310 4702 reddere
2333 4644 2603 4699 studeant.
2629 4642 2841 4711 Quodsi
2866 4653 3149 4713 postquam
3181 4643 3536 4700 liaucuostrze

1945 4738 2284 4810 pateruitatis
2339 4737 2834 4792 inter-minutionem
2891 4734 3205 4797 audierint,
3255 4732 3394 4786 infra
3437 4750 3538 4794 sex

1949 4832 2216 4887 mensium
2240 4829 2474 4898 spatium
2506 4830 2729 4884 reddere
2749 4824 3077 4889 distulerint,
3106 4824 3285 4905 sciant
3306 4839 3364 4877 se
3398 4839 3430 4879 a
3461 4837 3544 4885 to.

1946 4924 2058 4981 tius
2095 4921 2353 4980 Ecclesia:
2383 4937 2611 4990 corpore
2651 4917 3008 4989 separandos,
3051 4925 3105 4970 et
3143 4922 3416 4983 perpetuzc
3443 4936 3556 4979 ex-

1946 5011 2461 5073 communiit-alienis
2481 5012 2666 5080 jaculo
2697 5008 2987 5070 feriendos,
3015 5008 3188 5060 donec
3213 5005 3562 5080 resipiscam

1945 5120 2000 5164 et
2028 5112 2188 5180 digna
2231 5104 2572 5174 ptrnitudiue
2601 5100 2960 5160 satisfaciant.
3006 5095 3180 5151 Porro
3219 5109 3563 5167 connnone.

1944 5213 2132 5258 musci
2155 5195 2449 5270 apostolica
2474 5197 2746 5263 simulque
2767 5187 3026 5245 canonica
3049 5186 3374 5242 auctoritate
3399 5207 3564 5259 prm-

1943 5297 2180 5358 cipimus
2205 5301 2264 5346 ut
2296 5290 2478 5343 nullus
2500 5289 2696 5344 amodo
2732 5293 2784 5336 et
2808 5281 3066 5348 deinceps
3093 5279 3257 5334 vestri
3299 5292 3570 5353 ςωιι(›ἱ,ξί
