4050 5358
517 159 654 215 19.83

1782 135 2178 214 ALEXAND!“
2213 127 2253 213 ll
2302 159 2502 215 mea;

3646 156 3782 209 1281

513 273 700 344 pserit,
737 271 978 343 quandiu
1021 273 1254 329 retinere
1297 273 1604 340 tentavcrit,
1640 274 1746 328 telo
1778 274 2099 344 justissimae
2130 277 2172 332 .-\
2203 259 2402 328 mutum
2431 274 2789 327 Romanorum
2818 275 3125 344 ponti/ierim
3155 282 3488 342 (remmota
3521 269 3780 325 collectio.

513 365 878 420 damnationis
902 366 1219 435 subjacebit.
1239 365 1334 422 llis
1358 367 1522 438 igitur
1540 367 1705 420 vestri
1719 366 1826 421 voti
1840 365 2095 436 peractis,

515 456 803 511 hortamur
832 458 1178 513 dilectionem
1203 469 1436 514 vestram
1467 468 1527 514 ut
1547 475 1763 529 semper
1784 459 1851 513 ad
1874 459 2097 514 meliora

512 547 776 618 proﬁcere
804 550 1087 613 studentis.
1136 560 1190 605 et
1230 567 1328 620 pro
1373 551 1529 606 nobis
1557 567 1621 606 ac
1643 552 1809 607 totius
1845 551 2100 606 Ecclesiae

512 646 657 694 statu
679 640 1071 697 intentissimas
1093 651 1145 696 ct
1161 643 1410 698 assiduas
1431 657 1615 713 preces
1641 643 2008 698 indesinenter
2031 643 2098 698 ad

513 727 684 785 Deum
707 731 986 787 ell'undere
1016 750 1120 787 non
1147 735 1450 805 iicgligatis,
1474 743 1745 803 quatenus
1764 735 1959 790 divinae
1981 751 2101 804 pro-

512 823 765 878 tectionis
790 834 843 878 et
872 826 1183 894 apostolicae
1213 826 1612 881 benedictionis
1651 828 1942 898 participes
1979 842 2099 882 esse

509 913 754 969 valeatis.
782 915 972 970 Amen.

585 1003 714 1059 Data
761 1023 836 1060 xii
874 1007 990 1062 Kal.
1031 1007 1200 1073 .lunii,
1243 1025 1388 1063 anno
1429 1009 1720 1064 millesimo
1757 1009 2098 1081 sexagesimo

478 1115 485 1130 ν
513 1097 670 1151 tertio
699 1095 1003 1154 Nativitatis
1023 1098 1248 1166 Christi,
1277 1099 1571 1154 indictione
1593 1115 1680 1154 xv.

1269 1190 1354 1246 Vl.

508 1279 804 1353 Alexandri
836 1282 896 1336 11
928 1282 1155 1350 epistola
1192 1284 1260 1335 ad
1287 1282 1576 1338 Suenonem
1604 1295 1770 1353 regem
1799 1282 2093 1336 bonorum.

581 1381 646 1390 ο-
675 1351 854 1424 Exigit
879 1370 1089 1406 censum
1118 1369 1148 1424 ei
1187 1353 1426 1406 Suenone
1468 1351 1742 1406 bonorum
1785 1369 1922 1424 rege,
1945 1369 2099 1424 quem

580 1422 806 1490 majores
827 1425 940 1492 ejus
963 1422 1252 1491 persolvere
1272 1432 1669 1477 consueverunt.

863 1513 1293 1585 (Fragmentum.
1348 1515 1506 1569 Anno
1561 1513 1743 1584 1062.)

897 1605 1113 1677 [111mm,
1145 1606 1350 1662 Coucil.
1385 1605 1524 1671 XIX,
1556 1603 1709 1676 945.]

584 1695 906 1749 ALE-xaxnen
965 1697 1298 1767 episc0pus,
1367 1712 1562 1752 servus
1629 1710 1912 1752 servorum
1969 1695 2096 1762 Dei,

510 1784 745 1841 Suexoxt
773 1787 885 1856 regi
914 1787 1214 1842 Danorum.

575 1877 920 1948 Quapropter
951 1879 1293 1948 prudentiam
1322 1889 1472 1933 tuam
1497 1879 1858 1935 admonemus
1888 1888 1946 1933 ut
1971 1892 2100 1934 cen-

509 1983 632 2023 sum
685 1969 835 2039 regni
879 1971 987 2035 tui,
1048 1986 1211 2040 quem
1266 1970 1699 2040 praedecessores
1761 1971 1842 2026 tui
1897 1979 2100 2025 sanctae

510 2061 826 2129 apostolicae
856 2059 1116 2116 Ecclesiae
1158 2062 1469 2132 persolvere
1505 2062 1656 2116 soliti
1684 2071 1833 2129 sunt,
1861 2061 2022 2117 nobis
2046 2069 2100 2116 et

505 2152 927 2208 successoribus
967 2154 1174 2208 nostris
1208 2153 1586 2208 transmittere
1621 2155 1855 2220 studeat,
1899 2154 1976 2209 ita
2019 2163 2102 2207 ιιι-

507 2257 632 2296 men
657 2252 718 2297 ut
748 2259 878 2309 non,
907 2245 1051 2300 sicut
1082 2245 1306 2309 oblatio,
1333 2245 1386 2299 in
1414 2245 1570 2300 altari
1593 2255 1850 2315 ponatur,
1881 2246 1997 2309 sed,
2042 2255 2099 2300 ut

505 2348 675 2402 supra
704 2335 968 2402 diximus,
1017 2345 1124 2390 tam
1158 2336 1318 2391 nobis
1361 2352 1527 2405 quam
1560 2337 1976 2392 successoribus
2004 2353 2104 2392 no-

505 2424 677 2492 stris,
727 2435 786 2480 ut
826 2428 1031 2483 certius
1089 2427 1460 2498 approbetur,
1509 2428 1923 2498 praesentialiter
1964 2427 2099 2483 olle-

505 2525 680 2572 ratur.

1252 2611 1358 2666 νη.

505 2698 799 2755 Alexmrlri
846 2701 910 2755 II
953 2703 1178 2772 epistola
1203 2703 1272 2757 ad
1311 2703 1618 2758 Cercusium
1669 2703 1968 2757 Remeiisem
2011 2721 2101 2756 aro

575 2771 990 2841 cliiepiscopum.
1019 2774 1241 2826 Munda!
1289 2784 1344 2827 ut
1384 2775 1764 2827 monasteriimi
1790 2775 2100 2829 (.‘orbcieuse

574 2857 604 2893 a
633 2841 887 2896 (iiiiilunis
911 2844 1282 2896 Ambianeusis
1320 2845 1530 2911 injuriis
1558 2853 1788 2899 tueatur.

1076 2934 1260 3004 (Anno
1289 2934 1530 3001 1062-5.)

793 3021 1042 3094 [Μριῐιιιλη
1077 3025 1273 3077 Annal.
1308 3023 1502 3078 Bened.
1533 3021 1634 3090 IV,
1663 3021 1814 3096 625.]

578 3109 904 3166 Atexxxoizn
935 3113 1223 3170 Gl-lll\'.\SlO.

582 3201 802 3256 Clamor
836 3206 900 3258 ad
939 3220 1100 3260 aures
1132 3215 1348 3260 nostras
1376 3204 1617 3275 perlatus
1651 3213 1733 3260 est
1760 3221 1924 3275 super
1960 3204 2095 3258 Am-

503 3290 752 3347 bianensi
809 3295 1064 3366 episcopo
1116 3295 1362 3351 Giiialone.
1405 3296 1588 3364 quod,
1640 3304 1830 3349 contra
1879 3296 2094 3351 decreta

507 3383 651 3439 sedis
673 3388 1004 3454 :ipostolicm,
1026 3389 1418 3443 monasterium
1443 3387 1770 3442 Corbeiensc
1787 3387 2098 3457 frequenter

507 3471 766 3544 inqiiielet
793 3519 806 3541 ,
841 3479 1068 3545 habens,
1101 3490 1262 3549 prout
1291 3479 1391 3535 sibi
1417 3478 1629 3549 videtur
1651 3519 1666 3543 ,
1697 3478 1761 3531 ad
1791 3479 1875 3532 sui
1903 3477 2094 3532 defen-

503 3564 711 3621 sionem
751 3568 948 3622 decreti
983 3571 1205 3624 verbum
1241 3589 1253 3624 :
1304 3590 1320 3620 ε
1355 3547 1467 3623 Nisi
1491 3579 1755 3638 quantum
1796 3570 2095 3624 canonicus

505 3658 638 3710 ordo
677 3660 955 3726 permittit.
1009 3681 1025 3711 ι
1062 3660 1216 3727 Quod
1247 3661 1291 3714 si
1322 3660 1456 3715 bene
1487 3660 1819 3730 perpendat,
1857 3660 2097 3715 inveniet

507 3750 768 3822 privilegii
806 3761 1081 3806 auctorem
1130 3754 1233 3807 hoc
1271 3753 1415 3806 dicto
1458 3751 1814 3822 praecedentia
1857 3767 2092 3821 sequen-

502 3842 688 3912 tiaquc
712 3845 932 3898 minime
957 3845 1282 3898 iiitirmasse.
1314 3843 1468 3898 Esset
1493 3843 1692 3914 quippe
1714 3842 2090 3910 ridiculosum,

503 3937 553 3990 si
602 3952 727 4006 quae
777 3937 928 4006 prius
973 3936 1424 3991 corroboraverat
1469 3935 1584 4004 ipse
1629 3935 1793 3990 etiam
1845 3933 2093 3990 violanda

501 4029 806 4084 mandaret.
849 4028 1002 4084 Unde
1048 4029 1141 4084 tibi
1175 4027 1470 4100 apostolica
1500 4027 1824 4082 mandamus
1852 4027 2092 4082 auctori-

501 4129 614 4176 tate
666 4131 762 4188 ut,
817 4122 944 4193 quia
991 4123 1140 4176 illum
1198 4120 1590 4176 monasterium
1636 4119 1943 4190 specialiter
1990 4121 2094 4176 sub

503 4216 838 4286 protectioue
882 4215 1030 4270 sedis
1068 4215 1380 4285 apostolicae
1414 4213 1654 4278 l'ovetu-r,
1695 4222 1804 4268 tua:
1838 4211 2094 4268 fraterni-

507 4307 632 4362 tatis
663 4307 939 4376 diligentia
961 4307 1294 4362 delensetur.
1331 4305 1499 4370 Nam,
1539 4307 1682 4360 sicut
1706 4315 1756 4360 te
1785 4306 2093 4376 specialiter

505 4398 650 4453 ulnis
676 4399 959 4456 charitatis
990 4399 1390 4468 amplectimur,
1426 4400 1506 4454 sic
1531 4407 1580 4452 lc
1607 4415 1729 4468 quae
1757 4400 1925 4453 nostri
1955 4398 2098 4467 juris

500 4489 810 4559 specialiter
844 4506 965 4546 esse
1014 4492 1264 4545 videntur
1293 4491 1523 4561 diligere
1549 4491 1897 4545 mandamus.
1929 4488 2096 4559 igitur

499 4580 791 4650 cpiscopus
818 4591 872 4634 et
899 4581 1077 4635 ablata
1109 4582 1299 4638 altaria
1331 4585 1450 4636 loco
1484 4582 1731 4636 restituat
1763 4593 1816 4636 et
1851 4583 1918 4635 :ib
1947 4582 2095 4640 omni

503 4670 878 4740 inquietudine
921 4672 1233 4725 monasterii
1285 4671 1532 4726 desistat.
1573 4670 1726 4737 Quod
1770 4673 1815 4725 si
1842 4672 2095 4725 noluerit.

497 4773 557 4817 ct
585 4764 862 4818 decretum
896 4765 1208 4833 apostolicae
1247 4765 1545 4820 sanctionis
1575 4765 1876 4833 irrumpere
1913 4773 2078 4818 tenta-

502 4855 659 4923 verit,
683 4853 858 4909 frctus
889 4857 1185 4925 apostolica
1210 4859 1538 4911 auctoritate
1565 4855 1612 4910 ei
1643 4856 1949 4925 episcopale
1978 4855 2093 4909 olli-

501 4949 647 5003 ciiini
692 4949 1008 5005 interdicas.
1061 4950 1255 5004 Abbati
1302 4967 1430 5004 vero
1466 4967 1626 5020 quem
1660 4951 1943 5020 suspendit
1972 4951 2089 5005 olli-

501 5037 647 5092 cium
697 5054 857 5093 suum
910 5041 1168 5097 restituas
1193 5083 1207 5107 ,
1256 5050 1311 5097 ct
1349 5041 1402 5095 in
1429 5041 1686 5096 omnibus
1716 5041 1945 5113 negotiis
1975 5041 2091 5096 suis

500 5129 763 5184 auxilium
799 5140 904 5186 tuac
932 5133 1288 5201 protectionis
1314 5133 1594 5188 exhibeas.
1639 5131 1788 5188 Vale.

1230 5221 1364 5275 V'lll.

501 5309 804 5358 Ali'a‘ﬂmler
859 5309 922 5358 11
971 5329 1110 5358 nmm
1156 5315 1437 5358 mnﬁrnmt
1471 5313 1778 5358 rmmnirmn
1810 5312 1862 5358 in
1896 5310 2094 5358 Pismm

2202 363 2390 418 Romae
2428 365 2564 419 1759
2590 407 2604 431 ,
2637 365 2689 430 8,
2719 374 2850 420 tom.
2877 363 2946 430 ll,
2979 381 3101 435 pag.
3133 376 3215 436 4.]

2267 457 2591 510 Atexxxoian
2624 457 2944 527 episc0pus,
2977 472 3167 512 servus
3201 471 3482 510 servorum
3509 455 3602 508 Dei
3629 496 3643 518 ,
3683 453 3790 509 Ce-

2200 563 2374 602 nxnno
2421 549 2718 602 venerabili
2761 548 3028 604 canonico
3053 590 3066 613 ,
3105 549 3333 601 salutent
3357 556 3411 602 et
3430 545 3789 616 apostolicam

2199 638 2649 696 benedictionem.

2269 731 2347 785 Ad
2395 733 2709 800 apostolicae
2756 733 2903 787 sedis
2949 732 3224 802 speculam
3275 730 3592 796 sublimati,
3631 739 3684 784 et
3723 730 3790 783 ad

2200 821 2619 876 sollicitudinem
2668 834 2720 878 et
2768 840 2956 878 curam
3002 825 3247 876 omnium
3286 821 3652 876 Eeclesiarum
3682 839 3791 875 non

2207 913 2410 968 nostris
2441 915 2678 980 meritis,
2723 916 2816 969 sed
2865 915 3049 968 divina
3096 915 3439 968 solummodo
3473 913 3792 983 dignatione

2201 1007 2468 1074 promoti,
2499 1007 2687 1061 oculos
2721 1007 3065 1062 discretionis
3096 1021 3399 1074 manusque
3431 1004 3648 1060 consilii
3697 1005 3792 1057 de-

2202 1096 2394 1149 bemus
2422 1097 2634 1151 avidius
2665 1097 2954 1151 cxtenderc
2981 1139 2993 1162 ,
3026 1096 3116 1150 iihi
3148 1097 3249 1166 piae
3276 1095 3553 1165 religionis
3581 1095 3792 1148 excrci-

2201 1187 2273 1241 tia
2317 1195 2370 1240 et
2410 1187 2795 1242 sollicitudinis
2854 1188 3238 1243 ecclesiasticae
3291 1187 3606 1241 instantiam
3641 1202 3793 1241 como

2202 1279 2443 1350 perimus
2487 1281 2619 1335 fore.
2675 1280 2910 1335 Proinde
2951 1281 3114 1350 jiistae
3159 1280 3402 1349 petitioni
3444 1289 3584 1345 tuae,
3624 1295 3790 1349 quam

2203 1382 2450 1441 respectu
2475 1389 2724 1442 supernae
2754 1372 3208 1428 remunerationis
3236 1388 3398 1442 super
3417 1372 3795 1428 incolumitate

2201 1466 2448 1521 ecclesiae
2490 1466 2704 1520 Sanctae
2753 1465 2973 1531 Mariae,
3020 1482 3141 1535 quae
3184 1463 3397 1520 Pisanac
3434 1465 3678 1520 civitatis
3711 1465 3791 1519 di-

2203 1559 2485 1628 gnoscitur
2537 1559 2892 1629 principalis,
2945 1558 3235 1613 audientiae
3285 1569 3484 1612 nostra:
3521 1557 3795 1627 approba—

2201 1651 2380 1705 vimiis
2403 1651 2600 1716 alfatae,
2625 1651 2967 1706 auctoritatis
2990 1659 3188 1704 nostrae
3212 1648 3573 1718 patrocinium
3597 1664 3798 1704 consu-

2201 1741 2374 1796 lentes
2410 1742 2766 1808 exhibemus,
2803 1751 2856 1796 ct
2897 1750 2956 1795 ut
2993 1741 3164 1812 magis
3190 1741 3470 1811 magisque
3491 1740 3794 1810 pristinum

2199 1831 2505 1886 devotionis
2571 1842 2677 1887 tuae
2733 1842 3000 1904 augeatur
3065 1833 3340 1896 studium,
3396 1832 3794 1902 benignissime

2192 1924 2575 2006 exhortamur.
2650 1923 2850 1995 Igitur,
2895 1925 3051 1994 juxta
3097 1926 3324 1979 sincera:
3373 1923 3654 1993 petitionis
3686 1932 3797 1977 tuae

2201 2014 2491 2081 aﬂ‘ectiim,
2558 2016 2881 2071 canonicam
2939 2016 3264 2086 supradictae
3314 2015 3560 2069 ecclesia:
3623 2031 3794 2085 quam

2201 2115 2354 2162 tenes
2373 2150 2386 2172 ,
2435 2108 2649 2177 sibique
2679 2109 2818 2166 iiistc
2847 2108 3170 2178 pertinentia
3201 2107 3414 2171 omnia,
3442 2115 3496 2160 et
3522 2107 3796 2176 quidquid

2199 2215 2230 2253 a
2287 2208 2336 2253 te
2366 2200 2513 2270 jiiste
2537 2201 2897 2271 acquisitum,
2937 2201 3022 2254 vel
3059 2199 3169 2254 Deo
3203 2200 3577 2254 consentiente
3602 2201 3799 2268 acqui-

2200 2293 2430 2344 rendiiin
2474 2300 2587 2358 est,
2640 2293 2981 2363 apostolatus
3034 2291 3204 2346 nostri
3245 2291 3571 2353 auctoritate
3614 2298 3669 2344 et
3700 2305 3798 2359 per

2202 2383 2368 2452 hujus
2410 2385 2584 2438 nostri
2629 2384 2893 2454 privilegii
2934 2384 3186 2455 paginam
3229 2382 3645 2448 conﬁrmamus,
3696 2395 3798 2452 per

2201 2475 2385 2528 omnia
2435 2475 2654 2545 quidem
2705 2476 3089 2531 iiiterdicentes
3133 2483 3192 2528 ut
3238 2490 3412 2544 neque
3462 2475 3793 2542 imperator,

2202 2583 2377 2638 neque
2415 2568 2682 2635 marchio,
2719 2583 2894 2637 neque
2932 2567 3252 2636 episcopus,
3287 2581 3462 2634 neque
3494 2566 3798 2635 cujuslibet

2200 2660 2409 2714 ordinis
2453 2661 2637 2723 homo,
2676 2659 2929 2728 prael‘atas
2972 2675 3060 2713 res
3102 2672 3262 2729 agerc
3285 2657 3370 2710 vel
3395 2673 3658 2722 eausare,
3695 2673 3796 2711 seu

2203 2769 2299 2821 per
2327 2753 2546 2822 aliquod
2576 2750 2852 2821 ingenium
2883 2758 3177 2820 praesumat
3203 2749 3528 2804 diminuerc.
3563 2749 3722 2815 Quod
3745 2750 3791 2805 si

2203 2845 2330 2899 huic
2362 2853 2562 2898 nostrae
2583 2842 2984 2897 conﬁrmatimii
3014 2842 3213 2912 aliquis
3252 2858 3317 2896 ex
3344 2841 3432 2895 his
3457 2856 3600 2910 quos
3627 2856 3795 2910 supra

2205 2936 2630 2990 memoravimus
2651 2935 2848 2989 debitae
2870 2933 3192 2988 obcdientiae
3215 2947 3322 2986 non
3352 2931 3720 2993 inclinaret-it,
3741 2937 3797 2983 et

2144 3016 2169 3036 ’⁸
2205 3045 2367 3099 supra
2387 3028 2548 3083 dictis
2571 3028 2732 3081 rebus
2753 3024 3420 3095 contemptorapostolicae
3444 3023 3590 3077 sedis
3612 3022 3795 3091 aliquo

2202 3122 2365 3175 modo
2399 3135 2593 3176 nocere
2625 3119 3054 3190 praesumpserit,
3089 3117 3373 3186 condignae
3411 3115 3793 3173 excommuni—

2200 3214 2433 3268 cationis
2473 3212 2651 3284 gladio
2697 3211 3003 3266 feriendum
3035 3219 3088 3264 ct
3117 3225 3146 3262 a
3179 3207 3567 3263 communione
3591 3215 3794 3260 sanctas

2197 3304 2456 3359 Ecclesiae
2499 3320 2556 3359 se
2607 3303 2939 3357 omnimodis
2988 3301 3200 3356 noverit
3240 3315 3363 3354 esse
3391 3299 3788 3368 separandum,

2197 3405 2254 3451 et
2288 3396 2514 3466 insuper
2552 3395 2744 3466 viginti
2787 3395 2955 3449 libras
2984 3394 3131 3457 auri,
3167 3392 3512 3446 medietatem
3559 3405 3791 3445 camerae

2199 3497 2401 3542 nostrae
2442 3496 2496 3541 et
2532 3488 2874 3542 medietatem
2901 3485 3030 3551 tibi,
3067 3485 3203 3539 sciat
3257 3498 3315 3538 se
3358 3497 3482 3537 esse
3521 3481 3792 3551 composio

2197 3589 2402 3634 turum.
3503 3611 3526 3624 ο

2273 3670 2466 3726 Datum
2488 3671 2678 3726 Luccae
2697 3686 2793 3741 per
2812 3686 3008 3725 manus
3035 3669 3296 3724 Mainardi
3311 3675 3516 3722 sanctae
3530 3664 3790 3721 Ecclesiae

2197 3762 2457 3817 Candidae
2483 3761 2777 3817 eardiualis
2796 3803 2810 3827 ,
2844 3761 3153 3831 apostolicae
3177 3759 3322 3814 sedis
3350 3757 3752 3812 bibliothecarii
3772 3798 3787 3822 ,

2193 3871 2340 3909 anno
2369 3855 2664 3910 Dominicae
2701 3853 3092 3909 incarnationis
3128 3852 3294 3918 1065,
3319 3849 3616 3904 indictione
3647 3865 3684 3903 ι.

2944 3943 3035 3998 IX.

2198 4038 2362 4093 Bulla
2395 4039 2687 4093 Alexandri
2717 4035 2966 4160 palmi]!
2996 4035 3343 4118 praecelesia
3376 4031 3564 4088 Sancti
3589 4032 3786 4086 Donati

2905 4123 3129 4160 accensi.

2905 4123 3107 4160 ιιεεεῑιδι
3117 4147 3129 4158 .

2795 4199 2974 4268 (Anno
3012 4196 3193 4266 1065.)

2201 4291 2577 4364 [Ftoncx'ri-xt,
2611 4289 2861 4364 Memorio
2889 4288 3032 4364 delle
3062 4296 3460 4364 granAcgutcssa
3493 4284 3782 4350 Malliilda,

2709 4360 3051 4423 Documeuti,
3065 4356 3134 4427 Vp.
3163 4356 3278 4429 58.]

2269 4455 2598 4508 ALEXANDER
2630 4452 2943 4524 episcepus,
2977 4466 3172 4506 servus
3207 4462 3490 4504 servor-um
3535 4446 3653 4511 Dei,
3700 4446 3785 4501 di.-

2198 4549 2352 4603 lectis
2377 4547 2500 4600 ﬁliis
2523 4544 2818 4598 ordinariis
2844 4540 2900 4596 S.
2931 4541 3224 4598 Lucceusis
3245 4539 3496 4594 ecclesiae
3525 4539 3787 4592 dedicata:

2193 4641 2253 4694 in
2284 4642 2544 4694 limaorem
2572 4638 2628 4691 S.
2669 4635 2999 4691 confessoris
3035 4633 3227 4686 Donati
3253 4648 3307 4685 in
3327 4640 3675 4702 perpetuum.

2191 4726 2195 4728 ’
2269 4732 2494 4799 Quoties
2542 4747 2572 4784 a
2625 4738 2810 4784 nostra
2859 4725 3276 4781 mansuetudine
3307 4724 3398 4777 illa
3437 4724 3786 4797 pcstulautur

2199 4842 2322 4895 qua:
2351 4843 2380 4878 a
2409 4824 2540 4878 recti
2571 4823 2783 4877 itineris
2812 4821 3019 4876 ratione.
3050 4836 3154 4873 non
3182 4817 3401 4872 deviant
3420 4859 3432 4881 ,
3463 4832 3572 4870 non
3605 4815 3784 4869 Solum

2197 4916 2513 4987 deneganda
2545 4931 2651 4968 non
2680 4923 2805 4969 sunt
2844 4912 3048 4968 nostris
3089 4909 3359 4973 ﬁdelibus,
3393 4923 3584 4964 verum
3619 4906 3780 4961 etiam

2201 5018 2449 5078 pamnpla
2475 5016 2530 5061 et
2554 5006 2811 5060 benevola
2837 5013 2963 5059 sunt
2999 5003 3284 5074 largitione
3313 4999 3691 5061 concedenda;
3732 5006 3784 5052 et

2196 5099 2244 5155 si
2284 5115 2414 5170 erga
2471 5097 2735 5152 laicorum
2789 5112 3072 5166 personas,
3132 5094 3186 5147 in
3235 5100 3505 5163 quantum
3559 5090 3784 5160 justitiau

2197 5191 2338 5245 ratio
2369 5207 2477 5246 non
2504 5189 2858 5254 contradicat,
2891 5187 3179 5241 muniﬁcus
3213 5193 3269 5238 et
3313 5185 3494 5254 largos
3533 5198 3634 5239 nos
3661 5195 3780 5242 esse

2193 5291 2430 5352 oportet,
2461 5290 2666 5351 quanto
2692 5280 2863 5350 magis
2887 5294 3015 5348 erga
3047 5278 3298 5332 devotum
3325 5274 3654 5333 clericorum
3687 5288 3780 5337 eis
