4050 5358
298 260 443 319 1288

1458 253 1817 315 EPISTOLA'I
1857 260 1945 312 ΕΤ
1984 258 2397 317 DiPLUuATA.

3419 260 3557 317 i236

298 380 519 444 propter
537 386 640 444 ego
661 371 1209 439 Alexandermaneta’.
1234 371 1493 429 Romana:
1518 371 1872 429 Ecclesizcdi-
1900 374 1946 429 Δ
1970 387 2161 428 eorum
2217 373 2375 428 aliter
2420 387 2590 443 quam
2638 371 2845 428 dictum
2892 380 2979 426 est
3017 370 3223 435 fecerit,
3265 381 3559 443 componat

298 464 423 518 vina
446 463 786 535 providentia
805 462 1048 533 pontifex
1070 474 1125 519 et
1144 465 1434 534 episcopus
1455 462 1751 519 Luccensis
1772 461 1874 517 Ec-

295 555 495 621 clesiae,
524 570 624 625 pro
652 563 833 609 vestro
854 556 949 625 qui
975 570 1140 625 supra
1171 556 1456 609 memorati
1478 556 1612 610 estis
1632 555 1875 617 servitio,

294 655 351 700 et
392 646 652 700 benevola
696 661 824 715 erga
854 661 955 700 nos
989 645 1279 700 dilectione
1316 660 1411 713 per
1437 645 1541 700 hoc
1569 644 1879 714 apostolica:

292 734 440 791 sedis
467 737 808 807 privilegium
834 737 1075 792 concedo
1100 744 1155 790 et
1179 734 1445 790 conﬁrmo
1471 737 1624 792 vobis
1651 751 1880 806 praeme—

295 828 526 883 moratis
586 843 753 882 unam
806 828 1008 897 petiatn
1050 827 1119 882 de
1164 834 1309 881 terra
1360 824 1656 882 Luccensis
1706 826 1881 882 nostri

297 926 666 988 episcopatus,
699 919 861 973 sitam
891 918 1047 988 juxta
1073 916 1354 988 prmfatam
1378 918 1664 972 ecclesiam
1691 916 1749 972 S.
1775 917 1880 973 Do-

293 1009 427 1075 nati,
462 1024 588 1064 cum
616 1023 765 1075 casa,
797 1017 852 1063 et
893 1009 1072 1074 horto,
1116 1016 1171 1063 et
1210 1007 1359 1062 omni
1390 1024 1492 1064 suo
1534 1008 1786 1075 aedilicio,
1828 1016 1883 1063 ct

294 1098 631 1166 intratoriis,
675 1107 729 1154 ct
767 1099 1177 1171 egressionibus
1205 1099 1347 1169 ejus,
1388 1108 1440 1153 ct
1473 1116 1595 1154 cum
1627 1100 1881 1154 omnibus

296 1192 459 1246 rebus
486 1206 608 1259 quso
631 1191 703 1244 ibi
730 1200 858 1245 sunt
890 1199 984 1245 aut
1005 1207 1143 1260 quas
1171 1191 1225 1244 in
1265 1199 1423 1244 antea
1470 1192 1568 1245 tibi
1613 1190 1881 1245 Dominus

290 1281 541 1336 dederit:
579 1290 852 1336 tenentem
879 1282 1089 1337 scilicet
1134 1282 1296 1336 ambo
1321 1282 1497 1351 capita
1521 1297 1691 1335 unum
1738 1281 1883 1336 latus

291 1370 348 1426 in
373 1381 517 1427 terra
556 1372 744 1427 domui
773 1373 938 1444 regis,
965 1372 1113 1428 aliud
1142 1388 1274 1429 vero
1296 1373 1442 1427 latus
1465 1373 1520 1425 in
1562 1388 1722 1427 muro
1748 1388 1881 1442 pra:-

291 1461 417 1518 i‘ata:
439 1463 701 1530 ecclesiaz,
730 1472 785 1517 et
818 1464 872 1518 in
897 1472 1042 1519 terra
1067 1480 1191 1535 quae
1214 1463 1317 1518 fuit
1350 1462 1549 1519 Leonis
1574 1472 1629 1517 et
1654 1462 1881 1518 Germa-

290 1569 491 1608 norum
518 1571 531 1607 :
556 1569 682 1609 cum
720 1569 787 1609 eo
823 1555 1075 1610 videlicet
1109 1555 1301 1610 ordine
1339 1563 1399 1609 ut
1432 1554 1599 1609 libere
1626 1562 1680 1608 et
1709 1555 1880 1624 quieti

293 1645 398 1715 ipsi
427 1653 482 1699 et
507 1660 857 1725 successores
884 1660 1077 1702 eorum
1104 1662 1228 1703 cum
1253 1646 1510 1702 omnibus
1531 1645 1648 1701 suis
1665 1645 1883 1701 cohabi-

291 1736 537 1791 tantibus
567 1736 623 1789 in
652 1737 855 1792 dictam
888 1744 1115 1805 terram,
1152 1745 1208 1792 et
1241 1753 1449 1804 casam,
1473 1746 1529 1792 et
1548 1753 1673 1792 cum
1702 1737 1880 1791 omni-

291 1826 396 1883 bus
419 1842 540 1896 qua:
576 1829 929 1896 praediximus
958 1827 1167 1899 integre
1199 1836 1418 1883 teneant
1452 1837 1507 1882 et
1540 1829 1878 1899 possideant,

293 1925 349 1972 et
371 1914 445 1972 ibi
469 1917 735 1985 habitent,
758 1929 969 1973 remota
983 1919 1129 1973 omni
1150 1919 1421 1985 molestia,
1435 1927 1489 1973 et
1508 1919 1882 1990 inquietudine

295 2016 486 2062 nostra
516 2017 947 2080 nostrorumque
976 2025 1382 2085 successorum,
1412 2011 1506 2080 qui
1527 2010 1801 2065 voluimus
1827 2019 1883 2066 et

292 2097 525 2154 ﬁrmiter
562 2100 949 2156 constituimus
980 2109 1039 2155 ut
1076 2116 1185 2155 non
1217 2102 1396 2157 solum
1430 2102 1504 2155 illi
1530 2103 1704 2157 nostri
1745 2118 1883 2172 pra:-

296 2187 395 2243 i‘ati
428 2189 544 2256 Dei,
589 2199 646 2245 et
686 2191 906 2246 illorum
948 2206 1298 2247 successores
1332 2208 1455 2247 cum
1485 2194 1741 2248 omnibus
1767 2194 1882 2250 suis

293 2281 781 2349 cobabitatoribus,
832 2282 976 2337 sicut
1018 2283 1226 2337 dictum
1258 2291 1363 2349 est,
1398 2284 1655 2349 habeant,
1699 2293 1753 2338 ct
1797 2293 1879 2339 te-

294 2382 480 2439 neant,
507 2382 561 2427 et
578 2373 824 2429 habitent
845 2383 1201 2430 memoratam
1226 2385 1448 2441 terram,
1475 2383 1529 2429 et
1550 2390 1734 2430 casam
1756 2392 1881 2430 cum

293 2464 444 2518 omni
474 2480 574 2520 suo
613 2466 862 2534 :editicio,
892 2474 946 2521 et
973 2466 1308 2533 intratoriis,
1358 2474 1413 2521 et
1453 2467 1880 2537 egressionibus,

294 2563 460 2626 atque
499 2557 649 2610 omni
690 2557 1018 2627 pertinentia
1057 2573 1179 2624 sua,
1214 2558 1361 2612 velut
1381 2559 1635 2627 superius
1675 2558 1882 2613 dictum

295 2655 401 2713 est,
426 2647 519 2702 sed
546 2648 709 2702 etiam
738 2648 987 2703 similiter
1012 2664 1204 2703 omnes
1229 2650 1306 2703 illi
1330 2650 1423 2719 qui
1448 2651 1501 2702 in
1526 2650 1669 2703 dicta
1696 2658 1835 2703 nosti
1852 2666 1883 2705 a

295 2739 527 2795 ecclesia
568 2740 805 2795 ordinati
862 2739 1085 2807 fuerint,
1119 2748 1172 2794 et
1218 2740 1290 2794 ibi
1337 2755 1685 2794 communem
1716 2740 1882 2794 \itam

296 2831 495 2886 ducere
529 2831 801 2886 voluerint
833 2840 887 2886 et
914 2831 1175 2886 canonice
1203 2831 1459 2897 vixerint,
1483 2839 1535 2885 et
1559 2831 1882 2899 obcdierint,

297 2928 579 2977 ctrectam
624 2922 783 2977 ﬁdem
824 2923 1182 2993 portaverint,
1216 2930 1269 2977 et
1297 2938 1405 2976 non
1432 2922 1617 2991 inique
1646 2922 1885 2976 insidiati

302 3012 505 3068 fuerint
549 3014 683 3068 milii
714 3014 961 3082 meisque
1015 3013 1445 3068 successoribus.
1502 3011 1559 3066 Si
1615 3013 1739 3081 quis
1785 3028 1885 3067 an-
1912 3043 1953 3098 ρ

302 3113 409 3159 tem
440 3105 753 3160 ordinarius
798 3104 865 3159 de
911 3119 1053 3173 szepe
1100 3104 1243 3157 dicta
1278 3104 1505 3159 ecclesia
1547 3104 1798 3172 deinceps
1831 3104 1884 3157 in

302 3205 463 3252 antea
503 3196 597 3250 Dei
619 3196 826 3266 judich
855 3196 920 3250 de
949 3196 1054 3249 lioc
1076 3195 1278 3249 saeculo
1306 3195 1640 3267 migraverit,
1669 3202 1723 3248 et
1763 3196 1886 3251 talis

300 3288 536 3343 clericus
575 3303 605 3341 a
632 3288 788 3342 vobis
815 3288 1069 3341 inventus
1105 3284 1267 3341 fuerit
1293 3288 1387 3357 qui
1419 3286 1664 3340 moribus
1689 3295 1743 3340 et
1770 3286 1887 3342 oili-

302 3379 391 3434 cio
440 3379 591 3434 utilis
633 3377 883 3433 videatur
911 3378 1181 3460 praedicta:
1210 3378 1483 3444 ecclesiae,
1519 3387 1573 3432 et
1623 3379 1887 3434 canonice

303 3471 484 3525 vivere
505 3471 836 3540 promiserit,
870 3471 1022 3525 illum
1052 3471 1211 3525 talem
1234 3470 1620 3525 constituimus
1649 3477 1704 3524 et
1736 3471 1886 3525 omni

305 3563 602 3617 stabilitate
628 3562 1019 3626 conﬁrmamus
1035 3563 1100 3616 ad
1114 3562 1404 3616 vivendum
1428 3561 1749 3632 regulariter
1767 3562 1887 3616 sine

294 3655 772 3709 mala-intentione
801 3653 1042 3709 ordinari
1068 3670 1098 3707 a
1125 3653 1348 3723 proprio
1376 3654 1633 3724 episcopo
1675 3654 1728 3708 in
1764 3653 1887 3708 loco

304 3744 549 3800 defuncti
597 3747 804 3815 absque
833 3745 994 3815 pretii
1030 3744 1362 3814 acceptione,
1401 3745 1655 3816 nullaque
1682 3746 1888 3800 venali—

298 3845 392 3892 tas
415 3851 514 3907 pro
540 3836 686 3907 praed
709 3846 798 3891 cta
832 3836 1174 3891 ordinatione
1197 3836 1309 3905 jam
1352 3836 1512 3893 dictis
1558 3838 1772 3893 clericis
1811 3839 1888 3893 ir-

306 3941 553 4003 rogetur,
595 3933 681 3988 vel
726 3933 956 4002 alicujus
989 3933 1149 4003 pretii
1176 3932 1347 3987 illatio
1388 3933 1459 3988 ab
1507 3935 1587 3990 eis
1617 3935 1884 4006 exigatur,

308 4023 358 4080 si
384 4033 592 4080 tantum
623 4039 721 4094 pro
749 4024 1056 4079 obedientia
1100 4040 1264 4094 quam
1297 4040 1454 4079 suam
1489 4025 1687 4080 debent
1729 4026 1887 4081 exhi-

304 4114 439 4172 bere
480 4117 734 4187 episcopo
761 4131 856 4186 per
896 4116 1142 4187 singulos
1170 4131 1346 4171 annos
1383 4117 1429 4172 si
1462 4132 1493 4171 a
1516 4133 1618 4172 suo
1661 4118 1889 4188 prtesule

310 4208 505 4264 moniti
547 4207 748 4262 fuerint
795 4207 962 4262 semel
1009 4217 1063 4263 et
1110 4224 1220 4263 una
1248 4209 1365 4264 vice
1392 4216 1488 4264 aut
1512 4210 1581 4265 ad
1625 4210 1887 4267 domnum

312 4314 508 4369 papam
557 4297 793 4353 Romam
834 4314 958 4353 cum
1002 4300 1194 4354 eodem
1233 4300 1489 4368 episcOpo
1518 4315 1662 4354 unus
1696 4316 1889 4356 eorum

1976 464 2098 518 auri
2152 464 2344 532 optimi
2401 464 2571 518 libras
2621 470 2861 528 centum,
2927 463 3270 519 medietatem
3325 478 3559 519 camera:

1975 554 2163 609 domui
2201 554 2364 623 regis,
2402 562 2456 608 ct
2499 552 2845 608 medietatem
2884 553 2989 608 iliis
3017 554 3218 623 quibus
3263 552 3463 622 injuria
3491 553 3560 608 il-

1976 645 2084 699 lata
2104 643 2299 711 fuerit,
2331 655 2386 701 et
2413 647 2635 715 insuper
2657 654 2918 716 perpetuo
2941 646 3284 701 anathemate
3306 646 3559 701 inretitus

1977 736 2128 791 omni
2158 737 2539 792 maledictione
2568 737 2869 806 subiaceat.
2905 734 2977 790 Ut
3004 746 3185 792 autem
3223 737 3340 793 haec
3374 736 3561 792 verius

1978 828 2290 893 credantur,
2341 843 2505 881 manu
2539 828 2761 898 propria
2803 828 3209 882 subscribentes
3235 828 3377 883 hanc
3407 828 3562 898 pagi-

1978 933 2105 973 nam
2134 918 2481 972 roboramus.

2053 1008 2144 1080 (In
2183 1008 2384 1063 circqu
2423 1025 2439 1062 :
2487 1007 2708 1064 MAGNUS
2757 1008 2902 1064 Deus
2957 1026 3201 1075 nosrnn,
3257 1026 3325 1073 ετ
3384 1024 3561 1066 uacua

1978 1116 2174 1156 vmws
2217 1114 2369 1166 ειυς,
2397 1109 2446 1153 et
2501 1102 2555 1153 iu
2586 1102 2811 1153 circuitu
2845 1101 3082 1170 ejusdem
3121 1100 3310 1153 circuli
3338 1116 3356 1155 .'
3383 1099 3561 1155 Exan-

1982 1207 2145 1246 TAVIT
2193 1208 2263 1246 ut:
2309 1190 2456 1245 Deus
2491 1207 2542 1245 ιδ
2576 1207 2811 1245 vm'rcrn
2854 1207 3065 1246 nnacnn
3093 1191 3228 1261 sur.)
3261 1189 3455 1247 Datum
3483 1205 3561 1246 Vit

1979 1281 2107 1338 ldus
2130 1282 2377 1338 Januarii
2428 1282 2481 1336 in
2529 1282 2793 1336 comitatu
2836 1280 3086 1348 Senensi,
3136 1296 3283 1336 anno
3332 1295 3462 1335 vero
3519 1295 3561 1336 ιι

1979 1374 2166 1429 domui
2208 1373 2501 1428 Alexandri
2548 1372 2591 1425 ll
2640 1372 2770 1438 PP.,
2802 1388 2897 1442 per
2940 1388 3136 1428 manus
3172 1371 3322 1427 Petri
3360 1371 3561 1431 biblio-

1980 1466 2209 1521 tliecarii
2243 1481 2333 1520 an.
2360 1464 2517 1531 l065,
2550 1464 2738 1520 indict.
2768 1464 2963 1534 prima.

2727 1596 2772 1649 Χ

1912 1702 1955 1757 Β
1979 1690 2274 1744 Alexandri
2308 1688 2375 1743 II
2395 1689 2717 1760 epistolarad
2746 1688 3116 1743 Burchordum
3144 1687 3563 1760 Hulberstadett-

2052 1778 2159 1831 sem
2180 1758 2500 1830 episcopum.
2526 1792 2597 1801 —
2619 1759 2827 1831 Laudes
2853 1761 2967 1829 ejus
2998 1760 3346 1828 commendat,
3374 1769 3424 1814 et
3442 1758 3565 1831 pal-

2055 1830 2187 1884 lium
2215 1847 2310 1901 pro
2331 1832 2519 1884 merito
2554 1830 2812 1884 concedit.

2573 1921 2754 1987 (Anno
2790 1919 2973 1990 1065.)

2304 2011 2495 2084 [Mansr
2521 2010 2727 2066 Concil.
2756 2009 2900 2077 XIX,
2924 2026 3046 2081 pag.
3072 2008 3226 2081 983.]

2056 2101 2384 2157 Auxannnn
2418 2102 2709 2172 episcopus
2744 2116 2938 2157 servus
2981 2116 3264 2161 servorum
3308 2099 3402 2156 Dei
3423 2098 3563 2158 dile-

1982 2193 2230 2250 ctissimo
2270 2194 2325 2247 in
2359 2192 2583 2249 Christo
2614 2192 2938 2249 Buncnanno
2972 2190 3413 2247 Halberstadensi
3444 2192 3563 2262 epi-

1985 2300 2152 2354 scopo
2204 2285 2260 2338 in
2304 2282 2541 2340 Domino
2580 2285 2812 2341 salutem
2866 2291 2922 2339 et
2973 2282 3333 2352 apostolicam
3391 2283 3563 2355 bene:

1984 2376 2301 2432 dictionem.

2054 2466 2200 2522 lnter
2244 2467 2415 2521 multa
2466 2481 2592 2536 qua:
2645 2465 2901 2536 Magister
2943 2471 2999 2519 et
3048 2463 3248 2520 Doctor
3301 2466 3564 2537 gentium,

1984 2559 2237 2614 minister
2276 2558 2495 2627 quidem
2544 2556 2747 2611 Christi
2776 2565 2831 2611 ct
2881 2556 3182 2610 secundum
3233 2555 3326 2610 Dei
3378 2558 3567 2627 gratiae

1984 2651 2189 2706 donum
2235 2648 2579 2718 dispensator
2612 2648 2998 2718 mysteriorum
3047 2647 3187 2716 ejus,
3238 2646 3469 2702 discrete
3512 2657 3569 2703 et

1985 2740 2343 2811 spiritualiter
2399 2739 2653 2804 instituit,
2699 2738 2966 2808 quosdam
3002 2736 3057 2791 in
3087 2736 3330 2792 Ecclesia
3377 2747 3569 2794 sancta

1986 2846 2096 2886 non
2136 2840 2196 2885 ut
2237 2830 2481 2900 h05pites
2527 2839 2581 2883 et
2608 2830 2868 2895 advenas,
2896 2828 2989 2882 sed
3029 2837 3088 2882 ut
3116 2829 3283 2894 cives,
3310 2838 3365 2883 ct
3390 2830 3570 2885 cohae—

1988 2922 2147 2977 redes
2174 2931 2228 2977 et
2251 2922 2669 2991 concorporales
2701 2920 2755 2975 in
2784 2920 3155 2976 habitaculum
3204 2918 3300 2975 Dei
3331 2921 3570 2977 coaediﬁ-

1987 3022 2162 3080 catos,
2203 3014 2259 3068 in
2316 3029 2440 3068 area
2485 3027 2706 3084 quoque
2733 3011 3018 3067 Dominica
3067 3012 3486 3082 comparticipes
3517 3021 3573 3069 et

1987 3113 2373 3173 coeperatores
2398 3103 2663 3173 singulari
2712 3101 3083 3157 muniﬁcentia
3107 3104 3436 3158 excellenter
3467 3105 3571 3160 do-

1986 3195 2107 3250 nari
2135 3194 2479 3263 praemonuit.
2526 3194 2668 3247 Dum
2692 3203 2916 3263 tempus,
2941 3194 3138 3263 inquit,
3181 3194 3456 3265 habemus,
3481 3197 3575 3251 b0-

1986 3302 2111 3340 ttum
2137 3301 2409 3354 operemur
2435 3284 2504 3337 ad
2534 3300 2729 3348 omnes,
2759 3285 2984 3338 maaimc
3012 3293 3192 3337 autem
3223 3285 3292 3339 ad
3316 3286 3575 3343 domesti-

1986 3392 2072 3430 cos
2097 3376 2226 3446 ﬁdei
2263 3372 2406 3445 (Gal.
2435 3389 2511 3439 vI,
2540 3373 2648 3443 10).
2684 3371 2838 3428 Unde
2885 3375 3071 3440 etiam,
3118 3375 3192 3428 mi
3219 3375 3575 3433 dilectissimo

1987 3467 2061 3522 ﬁli
2115 3465 2463 3532 Bureharde,
2522 3464 2831 3519 venerande
2883 3466 3230 3536 coepiscopo,
3287 3467 3414 3523 iidci
3467 3476 3575 3526 tuae

1986 3574 2110 3629 quae
2139 3574 2236 3628 per
2270 3557 2590 3614 charitatem
2634 3565 2892 3626 operatur
2934 3555 3078 3627 (Gal.
3125 3574 3179 3624 v,
3221 3558 3299 3629 6),
3332 3568 3385 3614 et
3405 3560 3572 3630 justi-

1987 3650 2077 3704 tiae
2101 3658 2207 3703 tua:
2228 3664 2349 3718 qua:
2376 3662 2443 3700 ex
2472 3647 2576 3701 [ide
2602 3656 2687 3701 est
2714 3646 2887 3716 (Rom.
2914 3662 2970 3712 χ,
2994 3646 3072 3714 6),
3095 3647 3392 3716 plurimum
3439 3665 3573 3705 con-

1988 3743 2344 3816 gratulamur.
2389 3740 2749 3811 Temporibus
2778 3749 2959 3796 autem
2983 3740 3129 3807 istis,
3169 3742 3223 3796 in
3245 3743 3447 3814 quibus
3474 3760 3574 3801 ve-

1988 3839 2071 3894 nit
2092 3837 2172 3893 ira
2202 3837 2297 3892 Dei
2325 3837 2381 3892 in
2420 3836 2561 3891 lilios
2603 3836 2931 3903 diﬂidentizr,
2971 3836 3037 3891 de
3066 3836 3266 3907 quibus
3298 3855 3422 3896 vere
3445 3856 3574 3911 pos-

1989 3947 2183 3988 sumus
2231 3947 2355 3987 cum
2400 3929 2657 4000 Apostolo
2683 3928 2906 3986 dicere:
2952 3929 3142 3986 Videte
3189 3946 3353 3988 canes
3402 3935 3578 3990 malos

1988 4027 2206 4099 operari
2236 4026 2606 4083 concisionem
2652 4025 2823 4097 (Phil.
2862 4043 2944 4092 lli,
2988 4027 3067 4098 2),
3117 4043 3255 4098 opus
3288 4029 3578 4087 ministerii

1992 4121 2091 4190 tui,
2118 4131 2172 4177 et
2211 4118 2625 4175 aadiiicationem
2661 4133 2859 4187 corpus
2908 4116 3201 4189 [corporis]
3253 4117 3460 4175 Christi
3508 4120 3577 4177 ad

1991 4212 2251 4265 honorem
2279 4208 2649 4278 apostolorum
2685 4204 2830 4259 Petri
2869 4212 2923 4259 et
2946 4204 3123 4271 Pauli,
3153 4206 3222 4261 ad
3244 4208 3579 4266 voluntatem

1990 4312 2044 4358 et
2058 4302 2363 4372 iussionem
2385 4297 2727 4354 dilectissimi
2752 4295 2923 4351 nostri
2948 4296 3043 4351 lilii
3070 4295 3287 4353 Henrici
3313 4296 3379 4351 Ν
3403 4286 3576 4371 regis,

306 4405 540 4463 pergere
573 4391 786 4457 debeat,
822 4390 928 4454 vel,
958 4391 1004 4444 si
1042 4405 1264 4445 necesse
1294 4389 1478 4457 fuerit,
1506 4390 1647 4445 ultra
1676 4400 1889 4448 montes
1920 4386 1965 4440 Ι)
1991 4394 2196 4449 scilicet
2229 4402 2289 4447 ut
2312 4389 2700 4447 ecclesiasticae
2728 4388 2881 4460 pacis
2922 4387 3357 4456 inquietudinem
3395 4391 3579 4462 regius

310 4482 386 4538 ad
410 4497 614 4554 regem,
647 4483 855 4538 scilicet
880 4483 926 4539 si
970 4483 1086 4552 ipse
1114 4482 1405 4551 episcopus
1434 4482 1777 4553 stipendium
1806 4483 1892 4538 iti—

313 4574 461 4631 neris
492 4575 574 4631 eis
590 4575 828 4646 largitus
856 4573 1051 4640 fuerit;
1098 4581 1159 4628 ut
1189 4582 1369 4627 autem
1398 4574 1514 4629 haec
1560 4584 1747 4630 nostra
1792 4575 1890 4630 de-

314 4675 488 4733 creta,
517 4682 639 4737 quae
681 4667 747 4720 de
784 4680 874 4720 me
918 4674 972 4720 et
1002 4666 1137 4721 meis
1184 4666 1596 4721 successoribus
1643 4667 1894 4736 superius

319 4759 467 4814 dicta
497 4768 648 4826 sunt,
676 4745 917 4813 ﬁrmiter
933 4757 988 4811 in
1018 4765 1279 4827 perpetuo
1320 4758 1599 4823 maneant,
1640 4759 1896 4815 volumus

310 4857 372 4907 ct
398 4850 766 4917 decernimus,
796 4858 960 4921 atque
991 4865 1116 4904 cum
1138 4850 1289 4904 omni
1331 4847 1584 4903 iirnzitatc
1607 4851 1895 4904 constitui-

316 4959 464 5010 mus,
501 4951 562 4997 ut
585 4942 721 4996 nulli
759 4942 920 4997 liceat
947 4956 1010 4996 ea
1037 4956 1275 5011 unquam
1306 4940 1453 4996 malo
1482 4940 1673 4995 ordine
1701 4941 1894 4996 infrin-

308 5049 443 5107 gere
467 5043 563 5089 aut
586 5033 825 5096 violare;
852 5034 996 5088 unde
1030 5034 1076 5089 si
1115 5033 1239 5103 quis
1268 5034 1557 5103 episcopus
1582 5042 1677 5089 aut
1707 5035 1897 5104 quaeli-

318 5125 410 5180 bet
433 5140 631 5197 magna
655 5140 929 5194 parvaque
965 5139 1197 5194 persona
1220 5132 1575 5180 memoratam
1599 5128 1801 5194 pctiam
1831 5128 1899 5183 de

319 5226 460 5252 tam»:
490 5231 619 5252 nnm
651 5230 777 5252 prima
814 5225 864 5252 at
911 5217 1057 5252 Ληιιηῖ
1087 5231 1188 5252 ann
1214 5215 1441 5252 ιιπιῖηηῖη
1489 5222 1540 5252 Di
1572 5215 1873 5252 ἰιιΙι-ηοηιιῖξο

1988 4485 2282 4541 advocatus
2325 4483 2693 4553 propulsares,
2722 4480 2868 4550 quod
2897 4495 3022 4534 cum
3057 4481 3206 4537 omni
3240 4482 3437 4553 gaudio
3461 4497 3585 4542 sus-

1989 4577 2204 4647 cepisti.
2270 4575 2456 4646 ltaque
2509 4582 2634 4645 post
2704 4579 3020 4642 susceptum
3076 4573 3362 4643 legationis
3418 4574 3582 4633 obse-

1989 4669 2451 4739 quium,'semper
2480 4665 2757 4722 unanimis
2786 4679 2897 4719 uno
2912 4663 3107 4734 spiritu
3138 4673 3191 4719 et
3212 4665 3424 4720 sincera
3445 4666 3584 4724 alie-

1989 4761 2166 4817 ctione
2188 4775 2288 4831 pro
2309 4759 2464 4814 nobis
2487 4774 2554 4813 ac
2577 4755 2824 4814 Romana
2845 4756 3089 4812 Ecclesia
3110 4756 3269 4812 nobis
3285 4772 3408 4812 cum
3430 4759 3588 4814 solli-

1989 4852 2132 4908 citus
2167 4850 2342 4915 fuisti,
2383 4865 2492 4905 non
2539 4857 2721 4904 tamen
2749 4863 3002 4917 quaerens
3041 4864 3164 4918 qua:
3192 4857 3289 4903 tua
3314 4857 3600 4914 quantum

1991 4962 2115 5015 quae
2134 4955 2261 5001 sunt
2282 4943 2409 4997 Jesu
2431 4941 2657 4996 Christi.
2692 4941 2800 4995 Pro
2834 4948 2984 4996 tanto
3019 4941 3185 5011 igitur
3215 4938 3326 4993 Deo
3360 4938 3612 5012 ejusque

1994 5039 2199 5095 sanctis
2228 5035 2488 5107 apostolis
2515 5049 2547 5087 a
2584 5042 2637 5087 te
2663 5034 2859 5089 collato
2891 5032 3137 5102 servitio,
3165 5034 3220 5088 in
3256 5027 3453 5097 primis
3493 5032 3629 5102 ipsi

1996 5132 2201 5200 gratias
2224 5126 2519 5195 laudesque
2545 5125 2759 5180 debitas
2793 5121 3089 5181 referimus
3116 5124 3212 5198 qui
3241 5118 3635 5189 dilectissimo

2001 5222 2109 5252 nun
2140 5230 2326 5252 nnn.l‘l\
2380 5216 2777 5252 npcnnnniinntn
2820 5212 2930 5252 νο.φῖ
3009 5222 3118 5252 lum
3164 5216 3418 5252 annnillm
3463 5223 3638 5252 nn“...
