4050 5358
449 205 585 294 ιε’ὲτ

1658 240 1660 242 ·
1744 228 2138 292 ALEXANDRI
2170 239 2211 293 II
2229 235 2441 299 ῬΑΡᾸΞ

3595 256 3732 310 1288

445 353 639 409 stolieo
673 346 1278 426 moderamini'aliquod
1307 353 1619 420 honestum,
1649 362 1744 408 aut
1769 351 2046 426 singulare
2077 360 2122 416 Α
2148 367 2257 414 tam
2285 360 2340 414 in
2370 358 2592 414 familiis
2617 376 2782 431 quam
2821 361 2876 416 ln
2907 363 3088 429 terris,
3131 373 3186 418 et
3219 365 3591 438 comitatibus,
3634 385 3730 426 seu

439 444 764 501 donativum
790 462 891 516 pro
910 455 1102 501 nostro
1123 447 1247 517 jure
1268 447 1366 502 tibi
1394 455 1608 515 tuaeque
1644 443 1900 503 Ecclesia:
1930 448 2043 518 pri-

406 597 408 599 ,
439 535 768 606 vilegiorum
802 538 1126 593 auctoritate
1165 537 1410 594 concedi.
1456 537 1643 607 Itaque
1677 546 1733 592 et
1770 539 1950 594 locum
1991 549 2045 593 et

409 629 648 682 nomen
689 628 782 682 ﬁlii
825 629 1128 698 Spiritualis
1161 629 1422 700 singulazi
1455 644 1520 683 ac
1547 627 1799 684 familiari
1847 630 2042 684 aﬂ'ectu

399 792 401 794 η
441 715 536 771 tibi
580 718 951 786 concedimus,
983 730 1184 776 sancte
1218 736 1436 790 quoque
1469 719 1910 775 IIalberstadensi
1937 720 2040 776 Ee—

446 810 626 866 clesiae
659 819 787 876 tuae,
820 821 881 865 ut
904 811 974 866 sit
1001 812 1109 866 tilia
1145 812 1405 867 Romana:
1435 811 1689 866 Ecclesia:
1725 812 2042 884 praerogati-

441 915 566 954 vam
595 902 886 971 quamdam
913 903 1282 957 attribuimus.
1327 901 1554 972 Insuper
1588 917 1806 972 quoque
1832 905 1922 973 pio
1946 919 2041 973 pa-

440 997 706 1061 terneque
728 992 922 1046 afl‘ectu
948 994 1114 1062 pallio
1139 1004 1188 1048 te
1214 995 1482 1048 adornare
1503 993 1866 1060 decrevimus,
1890 995 2040 1049 salva

440 1089 621 1136 tamen
658 1084 980 1139 auctoritate
1005 1093 1099 1139 aut
1129 1085 1442 1155 magisterio
1475 1093 1676 1138 sancta:
1722 1085 2040 1154 metropolis

437 1171 765 1244 Moguntina:
789 1174 1069 1242 Ecclesim,
1107 1177 1258 1230 salvo
1296 1191 1516 1244 quoque
1552 1174 1782 1229 fratrum
1816 1184 2034 1231 tuorum

435 1264 886 1336 cocpiscoporum
915 1276 970 1321 et
1005 1267 1195 1322 ordine
1225 1276 1278 1320 et
1305 1267 1444 1321 loco.
1499 1262 1600 1321 Sed
1647 1275 1799 1321 tuum
1846 1276 1930 1321 est
1979 1277 2037 1321 ut

435 1355 579 1411 sicut
603 1372 704 1411 nos
736 1355 1065 1424 forinsecus,
1092 1359 1165 1412 ita
1195 1367 1245 1412 te
1272 1358 1387 1427 ipse
1415 1357 1651 1412 adornes
1683 1357 2026 1426 intrinsecus,

435 1453 497 1499 ut
521 1446 766 1503 docendo
798 1457 853 1502 et
882 1447 1129 1504 faciendo
1153 1463 1500 1518 quceeunque
1530 1457 1657 1503 sunt
1678 1449 1850 1518 justa,
1891 1465 2037 1519 quee-

432 1547 647 1606 cu‘nque
683 1538 935 1605 honesta,
985 1547 1112 1594 ante
1158 1547 1213 1593 et
1255 1549 1402 1593 retro
1444 1554 1566 1593 esse
1602 1541 1783 1608 possis
1812 1541 2032 1609 conspi-

431 1639 590 1680 cuus.
626 1624 856 1682 Pallium
891 1631 942 1682 in
965 1629 1339 1684 determinatis
1365 1629 1577 1694 diebus,
1614 1631 1680 1683 ad
1712 1645 1865 1684 sacra
1895 1631 2030 1685 mis-

431 1731 619 1772 sarum
648 1720 909 1774 solemnia
938 1721 1261 1775 celebranda
1298 1721 1393 1775 tiLi
1427 1722 1799 1786 concedimus,
1837 1722 1890 1774 in
1937 1737 2034 1774 na-

432 1808 523 1862 tali
554 1808 791 1875 Domini,
825 1811 877 1864 in
905 1810 1043 1865 festo
1069 1810 1124 1865 S.
1153 1811 1411 1882 Stephani
1440 1813 1854 1882 protomartyris
1887 1821 1941 1865 et
1970 1811 2026 1865 S.

428 1897 657 1954 Joannis
677 1902 1042 1972 evangelistze,
1079 1903 1132 1955 in
1171 1903 1460 1972 epipbania
1492 1902 1729 1968 Domini,
1763 1903 1815 1955 in
1850 1902 2033 1971 purifi-

427 1991 663 2055 catione,
699 2001 753 2045 et
782 1994 1157 2062 assumptione
1185 2002 1238 2046 et
1280 1993 1560 2047 nativitate
1592 2002 1794 2048 sancte
1824 1992 2026 2059 Mariae,

403 2067 483 2132 ‘in
515 2095 669 2136 caena
703 2081 938 2149 Domini,
977 2084 1029 2136 in
1060 2082 1115 2137 S.
1149 2083 1410 2149 Subbalo,
1444 2085 1497 2137 in
1535 2084 1621 2138 die
1645 2083 2026 2152 Resurreetio-

429 2171 534 2236 nis,
572 2172 627 2225 in
664 2174 986 2228 ascensione
1013 2173 1250 2240 Domini,
1297 2175 1350 2229 in
1392 2174 1742 2229 Pentecostes
1777 2174 1917 2230 festo
1965 2174 2022 2228 S.

424 2259 654 2318 Joannis
681 2264 956 2334 Paptistze,
990 2267 1041 2319 in
1072 2266 1212 2320 festo
1254 2265 1482 2320 Joannis
1517 2276 1574 2320 ‘ct
1611 2265 1787 2331 Pauli,
1835 2267 2024 2320 inven-

427 2353 574 2409 tione
613 2356 861 2425 corporis
891 2355 946 2410 S.
984 2351 1268 2428 Stephani,
1307 2358 1360 2411 in
1404 2357 1544 2412 festo
1576 2356 1632 2411 S.
1683 2357 1842 2423 Sixti,
1883 2367 1934 2412 et
1964 2358 2021 2412 S.

424 2443 695 2512 Michaeli,
742 2455 796 2501 et
816 2445 1071 2502 Omnium
1112 2447 1461 2514 Sanctorum,
1496 2459 1556 2504 ut
1586 2450 1864 2504 nativitatc
1889 2465 2024 2518 apo-

423 2537 689 2592 stolorum
719 2537 866 2592 Ρριιὶ
895 2549 949 2593 et
973 2538 1146 2607 Pauli,
1193 2549 1247 2595 et
1289 2541 1539 2607 Andreae,
1588 2541 1640 2594 in
1683 2541 2026 2596 dedicatione

422 2629 800 2696 ecclesiarum,
836 2631 888 2684 in
919 2631 1182 2687 faciendis
1227 2632 1532 2686 ordinibus.
1579 2632 1810 2686 Crucem
1857 2633 2022 2685 etiam

421 2727 546 2773 ante
587 2729 638 2774 te
680 2730 736 2774 et
779 2731 902 2776 ante
943 2739 1290 2779 successores
1317 2731 1438 2778 tuos
1468 2723 1716 2793 portandi
1747 2723 2018 2778 licentiam

420 2809 712 2866 donamus.
760 2812 818 2867 In
843 2816 1175 2871 stationibus
1207 2831 1425 2886 quoque
1448 2816 1657 2870 festivis
1694 2831 1859 2884 super
1881 2813 2021 2870 Nac-

401 2917 546 2964 cum
585 2904 774 2973 (idest
813 2923 1037 2975 equum,
1085 2909 1398 2961 solenmitcr
1436 2915 1709 2961 ornatum.
1761 2905 2021 2960 Videntur

395 2994 599 3049 'simile
638 2996 878 3065 diploma
916 2998 1228 3053 Coloniensi
1259 2998 1514 3053 Ecclesia:
1536 2999 1745 3066 datum)
1774 2999 2022 3069 equitan-

420 3085 549 3142 dum
575 3088 942 3156 permittimus
966 3090 1060 3143 tibi
1090 3099 1144 3144 et
1172 3090 1582 3146 successoribus
1614 3092 1743 3146 tuis.
1793 3090 2022 3161 Insuper

420 3178 615 3232 mitras
641 3179 756 3244 tibi,
794 3189 847 3234 et
875 3183 1287 3237 successoribus
1306 3183 1416 3238 tuis
1439 3199 1501 3238 ac
1523 3183 1806 3239 canonicis
1835 3183 2020 3238 excel-

420 3270 765 3338 lentioribus,
835 3275 1043 3329 scilicet
1086 3275 1415 3346 presbyteris
1461 3284 1516 3330 et
1564 3275 1833 3338 diaeonis,
1881 3276 2022 3329 inter

420 3361 717 3417 missarum
738 3365 1003 3420 solemnia
1019 3365 1436 3432 ‘Iniulstraturis,
1460 3367 1812 3422 subdiaconis
1833 3367 1885 3420 in
1905 3382 2021 3420 ma-

414 3454 522 3524 jori
561 3455 788 3512 ecclesia
823 3466 915 3512 tua
951 3466 1004 3513 et
1049 3457 1439 3528 suprascriptis
1478 3458 1864 3514 festivitatibus
1897 3474 2020 3528 por-

419 3546 612 3602 tandas
659 3549 1032 3606 concedimus.
1084 3550 1151 3603 Et
1193 3551 1377 3605 onmia
1435 3567 1558 3620 quae
1610 3551 2016 3621 privilegim'um

417 3639 745 3694 auctoritate
775 3640 869 3694 tibi
900 3650 954 3696 et
993 3647 1102 3696 tua:
1146 3641 1406 3697 Ecclesiae
1445 3659 1476 3696 a
1521 3642 2018 3713 prmdeccssoribus

416 3731 642 3796 nostris,
667 3731 918 3786 videlicet
947 3733 1179 3788 summis
1204 3733 1570 3803 pontificibus,
1599 3734 1820 3804 insuper
1853 3735 2017 3790 etiam

417 3821 532 3876 sive
557 3837 768 3893 regum,
801 3824 916 3878 sive
949 3825 1340 3894 imperatorum
1357 3826 1884 3892 confirmationibus,
1919 3841 2014 3880 seu

417 3915 787 3984 quarumlibet
812 3932 1170 3985 personarum
1202 3917 1592 3971 donationibus
1631 3917 1778 3986 juste
1809 3919 2018 3972 collaue

419 4014 566 4070 sum,
592 4015 780 4061 nostro
803 4023 1020 4077 quoque
1041 4008 1381 4063 auctoritatis
1403 4009 1684 4077 privilegio
1720 4009 2014 4063 conﬁrma-

418 4107 560 4152 mus.
588 4096 877 4154 Praeterea
928 4115 1150 4170 quoque
1200 4100 1492 4154 statuimus
1532 4116 1714 4155 coram
1762 4099 1893 4166 Deo,
1952 4116 2015 4156 ac

416 4190 641 4244 terribili
671 4191 788 4261 ejus
812 4193 1063 4246 examine
1091 4190 1296 4256 futuro,
1321 4200 1374 4245 et
1399 4207 1495 4262 per
1516 4191 1681 4261 hujus
1704 4192 1875 4246 nostri
1899 4193 2012 4262 pri-

415 4282 595 4353 vilegii
625 4291 679 4337 et
700 4284 984 4353 apostolici
1015 4284 1314 4354 (prmcepti)
1341 4284 1536 4339 seriem
1575 4299 1639 4340 ac
1673 4285 2016 4339 constitutio-

417 4387 542 4427 nem
571 4374 872 4442 sancimus,
904 4391 967 4431 ac
993 4375 1050 4429 Β.
1082 4375 1174 4429 Dei
1197 4376 1478 4446 genitricis
1501 4392 1823 4446 semperque
1844 4377 2012 4448 virgi-

417 4465 504 4519 nis
528 4463 728 4531 Mariae,
757 4481 857 4520 nec
876 4482 984 4521 non
1002 4467 1444 4522 beatissimorum
1469 4468 1840 4536 apostolorum
1864 4467 2009 4522 Petri

415 4563 471 4608 et
508 4553 684 4620 Pauli,
723 4567 1038 4611 sanctorum
1079 4558 1243 4613 etiam
1295 4567 1596 4628 martyrum
1643 4557 1905 4628 Stephani
1948 4577 2012 4616 ac

415 4643 565 4699 XiXti
597 4643 785 4718 [Sixti]
811 4656 1243 4718 cmterorumque
1274 4650 1519 4703 omnium
1555 4659 1868 4704 sanctorum
1909 4666 2009 4706 au-

415 4737 687 4802 ctoritate,
721 4738 774 4791 in
805 4754 1039 4807 quorum
1063 4741 1283 4794 nomine
1307 4741 1702 4810 praenominata
1728 4752 1817 4796 tua
1839 4743 2011 4798 eccle-

415 4828 498 4883 sia
527 4827 771 4882 dedicata
801 4837 905 4893 est,
939 4828 1284 4884 decernimus
1327 4839 1490 4900 atque
1532 4832 1870 4887 obtestamur
1899 4842 2006 4888 tam

413 4920 726 4976 apostolica:
765 4921 907 4975 sedis
943 4920 1156 4975 futuros
1187 4923 1470 4976 nontilices
1497 4940 1660 4976 (Illam
1699 4925 1792 4976 ιιιιί
1827 4926 2004 4976 cccle-

2147 449 2422 519 aliquibus
2465 453 2908 520 possessionibus
2954 455 3314 524 convellendi,
3357 457 3730 530 disvestiendi,

2145 542 2469 599 molestandi
2507 542 2592 596 vel
2626 543 2916 599 alienandi.

2891 679 2978 735 XI.

2143 807 2529 887 Monasterium
2562 809 2972 887 t'rrtctuariense
2993 812 3087 866 sub
3114 814 3420 883 apostolicae
3441 817 3580 870 sedis
3603 835 3730 887 pro-

2215 880 2437 956 tectione
2478 882 2762 956 recipitur;
2793 880 3251 956 conﬁrmatur-qna
3267 890 3588 956 permutatio
3603 880 3731 943 iter-

2210 967 2282 1030 ra:
2306 950 2606 1030 cujusdam,
2633 953 2770 1004 inter
2795 953 3051 1030 .al-Jbutem
3091 950 3457 1009 et'Alb'ertum
3493 958 3729 1028 Yppore-

2211 1021 2438 1090 giensem
2464 1023 2765 1090 episcopum
2787 1021 2946 1075 inita.

2730 1159 2912 1232 (Anno
2944 1159 3127 1232 1065.)

2139 1292 2877 1366 [CoccinaLIXESLBuNnrum,
2902 1301 3147 1366 privileg.
3173 1305 3286 1366 etc.
3307 1296 3467 1366 ampl.
3499 1296 3725 1354 Colle“.

2388 1375 2522 1420 tom.
2556 1363 2622 1430 ll,
2642 1380 2776 1442 pag.
2800 1365 2855 1432 2,
2880 1363 2946 1419 ex
2969 1375 3074 1420 vet.
3103 1363 3227 1421 eod.
3276 1363 3473 1441 Vatia]

2203 1512 2531 1561 Anaxasncn
2563 1520 2875 1577 cpiscopus,
2905 1522 3097 1561 servus
3137 1497 3422 1562 servorum
3465 1507 3581 1576 Dei,
3613 1507 3726 1564 AL-

2134 1613 2308 1652 nenro
2348 1598 2646 1652 venerabili
2693 1597 2875 1652 abbati
2918 1596 3132 1653 Sanch
3169 1597 3610 1654 Fructuaricnsis
3635 1617 3730 1655 eeo

2067 1721 2109 1773 B
2136 1690 2333 1754 elesiae,
2361 1689 2588 1759 suisque
2627 1689 3066 1756 successoribus,
3107 1688 3337 1744 salutem
3376 1699 3430 1745 et
3465 1690 3728 1759 apostoli-

2133 1797 2253 1835 cam
2285 1781 2741 1836 benedictionem.

2202 1872 2612 1942 Cognoseentes
2678 1872 2825 1942 quod
2881 1870 3306 1927 Fructuariense
3372 1872 3724 1940 coenobium,

2130 1963 2275 2032 quo]
2325 1972 2707 2042 constructum
2746 1972 2830 2017 est
2868 1979 2898 2017 a
2945 1963 3147 2018 domno
3199 1962 3474 2017 Willelmo
3527 1964 3725 2017 ablate

2131 2053 2477 2110 Divionensis
2516 2054 2775 2120 emnobii,
2815 2055 2930 2122 jam
2977 2054 3107 2108 olim
3154 2070 3185 2108 a
3237 2055 3724 2124 predecessorilus

2129 2147 2354 2212 nostris,
2377 2145 2610 2212 Joanne,
2628 2155 2682 2200 et
2709 2146 3022 2211 Benedicto,
3049 2147 3173 2200 item
3190 2144 3419 2211 Joanne,
3443 2145 3725 2201 Clemente

2129 2247 2291 2307 atque
2316 2237 2496 2292 Leone
2521 2239 2690 2292 totius
2723 2237 2994 2291 libertatis
3017 2245 3071 2290 ct
3095 2237 3405 2292 securitatis
3445 2237 3721 2291 munitum

2127 2337 2230 2394 est,
2264 2338 2317 2382 et
2340 2343 2441 2383 nos
2478 2329 2799 2383 humillimis
2829 2328 3085 2398 precibus
3129 2328 3342 2381 abbatis
3387 2327 3560 2396 ipsius
3601 2343 3722 2380 mo-

2127 2419 2393 2484 nasterii,
2463 2420 2685 2474 nomine
2745 2419 2990 2485 Alberti,
3054 2419 3479 2473 corroboramus
3537 2419 3719 2472 nostri

2123 2513 2287 2564 etiam
2319 2511 2584 2581 privilegii
2614 2511 2890 2575 lirn‘iitatc,
2923 2520 2980 2564 ut
3015 2511 3118 2564 sub
3150 2509 3382 2562 tuitione
3403 2499 3721 2578 apostolica:

2123 2603 2268 2656 sedis
2290 2603 2650 2656 constitutum
2679 2601 2881 2656 nullius
2907 2601 3132 2654 alterius
3159 2600 3410 2654 Ecclesiae
3432 2601 3717 2669 potestati,

2123 2693 2234 2746 ullo
2271 2693 2434 2747 modo
2481 2693 2766 2747 subdatur.
2814 2691 2939 2746 IJco
2980 2691 3102 2756 Dei,
3135 2690 3420 2760 sanctique
3465 2689 3610 2744 Petri
3650 2705 3717 2746 ac

2122 2792 2310 2838 nostra
2340 2784 2666 2839 auctoritate
2709 2783 3004 2837 statuimus
3037 2791 3094 2835 ut
3130 2798 3306 2852 neque
3337 2783 3390 2835 iu
3418 2782 3716 2835 niundanis

2121 2889 2299 2943 neque
2351 2875 2405 2929 in
2453 2875 2842 2929 ecclesiasticis
2893 2874 3079 2938 rebus,
3133 2874 3217 2928 vel
3275 2872 3718 2927 ordinationibus

2121 2966 2513 3032 nullusbomo,
2546 2976 2676 3033 ctc.,
2712 2966 2893 3035 aliqua
2931 2965 3247 3035 gravamina
3277 2965 3360 3018 vel
3401 2963 3718 3034 pra-judicia

2050 3067 2090 3123 ο
2126 3057 2325 3110 audeat
2358 3056 2580 3123 inferre,
2619 3058 2711 3112 scd
2748 3057 2933 3110 omnia
2973 3073 3097 3126 qum
3138 3056 3335 3109 collata
3378 3067 3505 3109 sunt
3537 3054 3714 3108 cidem

2060 3189 2062 3191 μ
2126 3148 2380 3203 emnobio
2421 3157 2476 3202 et
2519 3165 2694 3219 usque
2744 3149 2800 3203 in
2836 3149 2998 3202 linem
3038 3147 3224 3201 saeculi
3267 3146 3619 3209 conferenda,
3659 3145 3715 3199 in

2123 3240 2543 3310 quilmseunque
2581 3241 2748 3294 rebus
2794 3239 3084 3293 mobilibus
3121 3246 3174 3292 et
3209 3237 3618 3302 immobililms,
3657 3237 3714 3289 in

2122 3340 2389 3401 potestate
2436 3341 2491 3386 et
2531 3332 2874 3387 ordinatione
2923 3333 3180 3386 abbatum
3228 3332 3400 3401 ipsius
3446 3331 3549 3384 laci
3594 3330 3714 3385 sine

2123 3425 2357 3494 alicujus
2383 3425 2815 3481 contradictione
2839 3425 3164 3481 consistant.
3204 3424 3372 3495 Igitur
3393 3422 3716 3494 praecipien—

2121 3528 2203 3574 tes
2234 3521 2583 3590 przecipimus
2615 3527 2670 3574 ct
2700 3522 3002 3573 statuentes
3040 3517 3335 3571 statuimus
3363 3531 3428 3568 ex
3473 3513 3712 3567 auctori-

2123 3617 2231 3664 tate
2275 3610 2417 3664 beati
2463 3609 2610 3664 Pctri
2657 3609 2919 3680 principis
2968 3607 3341 3678 apostolorum
3380 3613 3440 3659 ut
3471 3602 3610 3657 nulli
3645 3602 3712 3658 Ii-

2119 3713 2258 3771 ceat,
2292 3712 2396 3760 etc.
2824 3696 2833 3704 ”

2188 3819 2418 3889 Insuper
2439 3819 2604 3873 etiam
2632 3818 3046 3883 confirmamus,
3072 3827 3125 3873 et
3150 3833 3216 3873 ex
3241 3825 3429 3874 nostra
3466 3816 3709 3873 auctori-

2118 3921 2228 3968 tate
2270 3913 2658 3968 constituimus
2694 3921 2751 3965 ut
2785 3912 3160 3982 supradictum
3206 3913 3598 3967 monasterium
3650 3914 3705 3967 in

2119 4018 2382 4080 perpetuo
2427 4017 2611 4064 teneat.
2637 4019 2692 4063 ct
2719 4011 2994 4079 possideat
3017 4010 3135 4064 sine
3165 4011 3398 4080 alicujus
3425 4011 3707 4064 contradi-

2117 4101 2298 4154 ctione
2326 4108 2526 4153 tcrram
2557 4111 2610 4154 et
2638 4100 2878 4154 decimas
2899 4117 3039 4170 quas
3070 4101 3321 4156 Albeltus
3353 4099 3704 4171 Ipporegien-

2118 4191 2194 4246 sis
2234 4191 2524 4260 cpiscopus
2556 4194 2911 4246 commutavit
2933 4208 3058 4247 eum
3087 4193 3304 4246 Alberto
3336 4193 3532 4262 abbate
3565 4208 3704 4261 pra:-

2117 4285 2246 4339 dieti
2293 4287 2640 4352 monasterii,
2681 4287 2824 4341 sicut
2861 4289 2914 4341 in
2963 4289 3210 4342 chartula
3253 4288 3702 4343 connnulatlonis

2116 4379 2447 4444 continetur,
2503 4395 2648 4433 anno
2699 4381 2767 4434 ab
2816 4380 3190 4436 incarnatione
3252 4379 3466 4434 Domini
3525 4381 3701 4434 nostri

2109 4470 2466 4529 Jesu-Cbristi
2489 4474 2653 4541 1065;
2681 4475 2922 4529 secundo
2942 4476 3028 4530 die
3050 4477 3254 4530 mensis
3279 4475 3582 4540 Februarii,
3611 4475 3696 4530 in~

2109 4569 2367 4623 ductione
2413 4569 2608 4639 prima.
2655 4568 2760 4624 Sed
2793 4586 2859 4625 ne
2897 4570 2965 4625 iis
3011 4571 3218 4625 sanctis
3256 4570 3699 4628 ordinationibus

2109 4653 2379 4723 quispiam
2419 4654 2636 4710 invidus
2671 4657 2754 4710 vel
2792 4656 2971 4712 audax
3012 4657 3228 4732 rebellis
3261 4665 3554 4728 praesumat
3599 4657 3698 4710 ob-

2109 4745 2279 4810 viare,
2319 4747 2618 4814 apostolica
2662 4763 2894 4803 censura
2934 4749 3314 4805 interdicimus
3341 4757 3395 4803 et
3435 4749 3694 4820 prohibe-

2109 4853 2233 4892 mus
2262 4840 2364 4892 sub
2409 4841 2576 4894 divini
2600 4841 2786 4910 judieii
2819 4843 3236 4910 obtrectatione,
3265 4853 3429 4914 atque
3465 4846 3696 4898 anatin-

2110 4933 2733 4976 mnlisinim-miunt’nnw
2787 4935 2993 4976 IJr-im-n
3035 4949 3118 4976 nm
