4050 5358
289 217 422 272 HS!)

1018 324 1132 383 XII.

285 429 552 500 Synodim
600 427 668 480 ad
717 440 894 500 omnes
938 423 1208 492 episcopos
1258 421 1322 500 d_e
1372 421 1520 474 rebus
1571 420 1623 472 in
1675 419 1876 488 synodo

822 495 1067 549 Romam:
1103 511 1116 548 I
1159 493 1340 564 gestis.

873 587 1055 655 (Anno
1092 585 1276 656 1063.)

645 680 864 754 [MASS],
903 678 1109 734 Conril.
1145 676 1288 743 XIX,
1333 677 1518 748 1025.]

358 783 682 833 ALEXAND“!
748 774 1072 845 cpiscopus,
1129 787 1323 826 servus
1383 786 1670 827 servorum
1732 770 1872 834 Dei,

278 873 542 927 on'inibus
561 870 832 941 episcopis
863 865 1168 932 catholicis,
1195 875 1501 934 cunctoque
1522 865 1669 919 clero
1698 873 1751 919 et
1778 879 1875 935 po—

282 964 436 1034 pulo,
479 963 708 1018 salutem
753 968 805 1014 et
844 956 1200 1027 apostolicam
1240 955 1694 1022 benedictionem.

357 1054 647 1126 Vigilantia
697 1050 1026 1106 universalis
1078 1048 1336 1103 Ecclesia
1383 1048 1664 1118 rcgiminis
1723 1049 1872 1104 assi-

286 1149 450 1203 duam
512 1146 931 1203 sollicitudinem
990 1144 1247 1197 debentes
1295 1143 1586 1207 omnibus,
1641 1159 1763 1212 qua:
1817 1145 1873 1197 in

281 1241 738 1297 Constantiniana
765 1239 974 1311 synodo
1006 1252 1180 1307 nuper
1224 1237 1492 1292 celebrata
1524 1252 1710 1291 coram
1741 1254 1870 1291 cen-

281 1347 400 1389 tum
443 1333 678 1404 amplius
720 1331 1014 1402 cpiscOpis,
1044 1331 1168 1385 licet
1197 1329 1356 1385 nobis
1396 1329 1684 1384 immeritis
1730 1346 1870 1400 pra:—

283 1428 552 1494 sentibus,
599 1435 728 1482 sunt
777 1424 1039 1480 canonice
1088 1424 1354 1488 instituta,
1391 1423 1544 1476 vobis
1593 1422 1874 1478 uotilicare

281 1536 564 1586 curamus,
596 1519 723 1590 quia
763 1517 828 1571 ad
871 1517 1103 1572 salutem
1135 1525 1372 1570 vestram
1401 1525 1754 1572 exsccntorcs
1778 1532 1872 1572 eo-

282 1631 406 1667 rum
443 1628 542 1668 vos
567 1629 688 1667 esse
717 1621 972 1680 optamus
1001 1619 1053 1664 ct
1082 1609 1381 1680 apostolica
1427 1609 1750 1664 auctoritate
1774 1611 1868 1679 jn-

277 1707 460 1761 bcndo
483 1705 829 1760 mandamus.

927 1815 1083 1854 CM‘IT
1094 1815 1215 1852 τω..

355 1894 406 1947 1.
459 1892 642 1948 Primo
670 1909 907 1964 namque
935 1893 1245 1961 inspectore
1277 1889 1409 1958 Dco,
1436 1889 1578 1945 sicut
1615 1908 1647 1945 a
1679 1901 1872 1945 sancto

277 2001 421 2056 papa
458 1985 660 2052 Leone,
691 1997 746 2040 ct
795 2002 824 2040 a
873 1995 1076 2040 sancta:
1129 1984 1409 2039 memoria:
1459 2000 1596 2054 papa
1647 1983 1872 2040 Nicolao

279 2081 530 2152 primum
551 2088 812 2136 statutum
843 2087 944 2142 est,
990 2092 1116 2148 erga
1148 2074 1490 2132 Simoniacos
1533 2077 1736 2131 nullam
1771 2079 1872 2132 mi~

283 2176 638 2231 sericordiam
672 2176 725 2229 in
777 2174 1040 2245 dignitate
1084 2171 1351 2228 servanda
1394 2169 1700 2227 habendam
1751 2187 1874 2230 esse

282 2269 665 2334 decernimus;
696 2268 787 2321 sed
830 2267 984 2336 juxta
1020 2281 1294 2320 canonum
1332 2265 1665 2330 sanctiones,
1694 2276 1747 2321 et
1773 2267 1868 2321 de—

281 2371 431 2415 creta
465 2370 784 2416 sanctorum
826 2357 1073 2423 Patrum,
1122 2373 1218 2413 eos
1249 2359 1475 2412 omnino
1521 2359 1870 2426 damnamus,

283 2470 350 2510 ac
395 2453 447 2507 in
499 2453 741 2508 Ecclesia
782 2468 889 2506 non
915 2466 1151 2522 praeesse
1200 2452 1502 2522 apostolica
1549 2453 1872 2508 auctoritate

283 2546 583 2602 sancimus.

351 2639 408 2692 2.
465 2639 648 2694 Deliis
675 2649 857 2694 autem
881 2637 978 2709 qui
1019 2654 1127 2694 non
1156 2654 1253 2710 per
1281 2639 1594 2709 pecuniam,
1633 2639 1726 2693 sed
1751 2655 1873 2710 gra—

281 2732 355 2787 tis
390 2743 517 2786 sunt
539 2748 568 2786 a
595 2731 924 2787 Simoniacis
957 2733 1215 2798 ordinati,
1253 2733 1382 2802 quia
1424 2732 1655 2802 quaesita
1696 2733 1811 2801 jam
1843 2750 1873 2788 a

283 2824 448 2894 longo
479 2835 720 2895 tempore
744 2826 951 2881 diutius
977 2825 1234 2880 ventilata
1257 2835 1339 2880 est
1372 2825 1626 2895 qutestio,
1655 2841 1872 2881 omnem

284 2917 491 2972 nodum
514 2918 809 2974 dubietatis
833 2918 1192 2983 absolvimus,
1225 2917 1296 2972 ita
1321 2927 1381 2972 ut
1408 2934 1572 2988 super
1597 2918 1703 2972 hoc
1727 2920 1874 2989 capi-

284 3011 402 3064 tulo
429 3012 697 3066 neminem
720 3012 979 3082 deinceps
1006 3010 1280 3081 ambigere
1303 3009 1701 3079 permittamus.
1733 3009 1871 3077 Quia

285 3103 451 3175 igitur
494 3119 665 3174 usque
687 3105 822 3158 adeo
862 3105 977 3158 haec
1012 3111 1277 3156 venenata
1306 3102 1576 3171 pernicies
1609 3103 1874 3157 hactenus

284 3194 530 3261 inolevit,
581 3204 644 3249 ut
689 3195 776 3250 vix
827 3196 1084 3266 qumlibet
1119 3194 1363 3249 Ecclesia
1413 3179 1600 3248 valeat
1647 3196 1873 3265 reperiri

283 3302 409 3357 qua:
437 3289 542 3344 hoc
590 3289 782 3344 morbo
811 3305 920 3343 non
957 3289 1027 3343 sit
1069 3289 1250 3358 aliqua
1281 3303 1348 3341 ex
1399 3293 1551 3356 parte
1595 3298 1874 3358 corrupta,

282 3398 384 3439 eos
410 3384 503 3454 qui
533 3400 707 3456 usque
753 3386 916 3439 niodo
943 3385 1113 3454 gratis
1141 3392 1269 3438 sunt
1297 3398 1327 3436 a
1370 3379 1699 3437 Simoniacis
1730 3383 1877 3437 ordi-

285 3478 422 3542 nati,
448 3493 558 3532 nou
587 3488 696 3533 tam
735 3480 958 3533 obtentu
980 3478 1207 3549 justitia:
1237 3491 1404 3546 quam
1433 3475 1631 3530 intuitu
1660 3477 1876 3532 miseri-
1912 3545 1916 3548 _

284 3571 509 3638 cordia,
543 3571 596 3625 in
639 3574 877 3643 acceptis
905 3573 1190 3627 ordinibus
1233 3585 1456 3624 manere
1488 3571 1876 3642 permittimus,

286 3667 394 3721 nisi
430 3664 572 3722 forte
610 3667 716 3720 alia
750 3668 910 3737 culpa
939 3682 1005 3721 ex
1028 3667 1137 3720 vita
1163 3679 1358 3719 eorum
1383 3665 1684 3719 secundum
1713 3681 1880 3720 cano-

287 3776 386 3818 nes
408 3761 488 3816 eis
522 3761 772 3816 obsistat.
802 3761 975 3815 Tanta
1004 3761 1203 3830 quippe
1232 3759 1424 3813 talium
1454 3759 1744 3813 multitudo
1774 3771 1878 3828 est,

287 3864 348 3910 ut
374 3855 505 3909 dum
551 3855 788 3925 rigorem
820 3855 1069 3910 canonici
1103 3855 1306 3924 vigoris
1334 3869 1498 3925 super
1525 3872 1621 3911 eos
1667 3875 1883 3915 scrvare

288 3964 400 4002 non
427 3964 748 4018 possumus,
775 3964 1000 4003 necesse
1029 3949 1099 4002 sit
1136 3956 1194 4002 ut
1219 3948 1633 4016 dispensatione
1673 3953 1739 4007 ad
1782 3954 1884 4022 pize

288 4041 779 4095 condescensionis
806 4041 1047 4095 studium
1088 4051 1312 4097 nostros
1366 4041 1580 4097 animos
1629 4044 1695 4096 ad
1742 4061 1883 4114 prte-

289 4149 419 4188 scns
466 4133 814 4189 inclinemns.
848 4132 925 4187 lta
957 4142 1162 4200 tamen,
1211 4142 1267 4187 ut
1308 4133 1634 4189 auctoritate
1667 4147 1886 4191 sancto-

288 4243 412 4282 rum
447 4226 826 4296 apostolorum
856 4226 1001 4280 Petri
1039 4237 1092 4281 et
1135 4226 1290 4280 Pauli
1337 4227 1671 4283 omnimodis
1715 4230 1882 4285 inter-

287 4322 539 4396 dicamus
569 4337 636 4375 ne
671 4321 870 4391 aliquis
909 4336 1294 4376 successorum
1327 4331 1644 4376 nostrorum
1673 4339 1737 4376 ex
1783 4325 1886 4378 hac

1448 207 1808 264 ΕΡΙΞΤΟΙιΑΞ
1849 207 1936 260 ET
1980 206 2396 263 bll’l.0.ll.\'lf.\.

1900 331 1943 384 Α
1972 324 2163 377 cci-dos
2192 324 2271 377 vel
2299 322 2566 378 diaconus
2594 337 2718 392 post
2743 323 3100 380 constitutum
3142 322 3312 376 beatae
3352 335 3564 373 memo-

3431 203 3564 257 1590

1983 417 2078 472 ria:
2115 415 2532 486 praedecessoris
2576 417 2750 471 nostri
2804 413 3138 471 sanctissimi
3169 428 3320 484 papa:
3365 410 3567 468 Leonis

1977 518 2073 563 aut
2122 507 2330 563 Nicolai
2392 507 2458 562 de
2504 510 2753 563 castitate
2801 507 3148 572 clericorum,
3200 501 3562 559 concubinam

1977 601 2194 656 duxerit
2222 602 2422 671 palam,
2453 603 2534 656 vel
2573 602 2794 656 ductam
2828 618 2936 656 non
2980 598 3284 670 reliquerit,
3313 612 3380 652 ex
3412 605 3565 668 parte

1977 694 2369 764 onmipotentis
2400 693 2513 759 Dei,
2557 704 2610 748 et
2635 693 2962 749 auctoritate
3002 691 3380 762 apostolorum
3418 688 3563 744 Petri

1975 797 2029 842 et
2052 787 2206 841 Pauli
2253 786 2619 857 pra'cipimus,
2663 797 2716 841 et
2767 787 2992 840 omnino
3048 783 3448 850 interdicimus,
3505 792 3568 836 ut

1978 895 2085 935 non
2122 888 2307 935 cantet
2337 881 2584 945 missam,
2631 896 2805 950 neque
2845 878 3208 950 evangelium,
3242 892 3420 948 neque
3451 876 3566 946 cpi-

1976 972 2175 1028 stolam
2203 973 2268 1026 ad
2320 973 2544 1027 missam
2593 973 2753 1042 lcgat,
2790 988 2966 1042 neque
3013 972 3066 1026 in
3119 969 3458 1042 presbyterio
3496 968 3565 1022 ad

1975 1065 2158 1120 divina
2195 1065 2368 1120 otlicia
2422 1081 2545 1120 eum
2599 1065 2707 1131 his,
2745 1065 2837 1134 qui
2892 1063 3128 1135 praefatae
3183 1062 3564 1118 constitutioni

1977 1158 2292 1213 obedieutcs
2327 1156 2549 1224 fuerint,
2578 1166 2815 1222 maneat,
2849 1173 3025 1227 neque
3056 1164 3263 1227 partem
3292 1156 3362 1210 ab
3390 1154 3564 1210 cccle-

1977 1253 2057 1305 sia
2089 1251 2370 1321 suscipiat.
2404 1271 2421 1301 ι

2047 1345 2099 1397 4.
2152 1342 2220 1396 Et
2254 1343 2629 1413 prtecipientes
2663 1339 2958 1395 statuimus
2991 1350 3049 1395 ut
3091 1341 3144 1395 hi
3175 1339 3564 1410 prtedictorum

1976 1436 2253 1500 ordinum,
2286 1435 2380 1506 qui
2426 1421 2618 1491 iisdem
2666 1433 3162 1504 prmdeccssoribus
3196 1433 3402 1488 nostris
3431 1433 3564 1487 obe-

1974 1528 2186 1583 dientes
2210 1527 2518 1583 castitatem
2565 1526 2926 1591 servaverint,
2964 1525 3123 1595 juxta
3152 1524 3418 1580 ecclesias
3438 1525 3564 1595 qui-

1975 1621 2079 1676 bus
2118 1620 2353 1675 ordinati
2386 1628 2534 1684 sunt,
2568 1620 2709 1674 sicut
2745 1627 2959 1688 Oportet
2987 1618 3272 1687 religiosos
3311 1616 3562 1682 clericos,

1973 1715 2138 1769 simul
2164 1715 2492 1769 manducent
2516 1721 2570 1767 et
2595 1711 2891 1776 dormiant,
2916 1720 2970 1765 et
2993 1709 3258 1781 quidquid
3279 1710 3358 1764 eis
3384 1711 3454 1765 ab
3473 1725 3566 1766 ec-

1948 1809 2142 1863 clesia
2164 1808 2445 1878 competit,
2485 1804 2854 1861 communiter
2895 1804 3147 1858 habeant.
3198 1801 3266 1857 Et
3309 1811 3566 1874 rogantes

1975 1916 2263 1954 monemus
2321 1909 2382 1953 ut
2442 1899 2511 1953 ad
2574 1897 2934 1968 apostolicam
2990 1911 3339 1951 communem
3397 1895 3565 1948 vitam

1975 2009 2324 2064 summopere
2347 1991 2629 2062 pervenire
2653 1990 2928 2054 studeant,
2973 1997 3247 2060 quatenus
3276 1985 3568 2058 perfectio—

1975 2102 2098 2140 nem
2127 2085 2427 2155 consecuti,
2457 2100 2583 2145 eam
2612 2083 2699 2138 bis
2725 2082 2821 2153 qui
2849 2081 3151 2136 centesimo
3176 2080 3357 2136 fructu
3387 2081 3538 2136 ditan
3564 2113 3570 2122 ι

1976 2190 2066 2238 tur
2095 2182 2147 2235 in
2173 2181 2386 2235 caelesti
2416 2181 2592 2251 patria
2624 2183 2942 2235 mereantur
2968 2173 3190 2229 ascribi.

2046 2275 2097 2328 5.
2156 2273 2226 2328 Ut
2251 2275 2496 2339 decimae,
2545 2272 2799 2344 primitiae
2841 2287 2936 2326 seu
2977 2267 3286 2324 oblationes
3316 2267 3567 2323 vivorum

1975 2377 2026 2420 et
2053 2375 2418 2433 mortuorum,
2452 2365 2752 2420 reddantur
2777 2379 2805 2418 a
2834 2363 3010 2428 laicis,
3039 2361 3168 2417 etin
3207 2360 3568 2431 dispositione

1973 2460 2356 2531 episcoporum
2403 2458 2548 2524 sint;
2575 2472 2713 2528 quas
2742 2456 2838 2527 qui
2870 2455 3130 2522 tenuerit,
3160 2471 3189 2510 a
3232 2462 3436 2508 sancta:
3463 2451 3568 2508 Ec—

1975 2551 2155 2605 ('lcsiac
2181 2560 2463 2622 separetur
2485 2549 2892 2606 communione.

2047 2645 2100 2699 6.
2181 2643 2252 2699 Ut
2279 2661 2377 2714 per
2417 2643 2590 2698 laicos
2635 2642 2788 2697 nullo
2841 2640 3008 2696 modo
3055 2639 3286 2710 quilibet
3333 2636 3570 2693 clericus

1977 2748 2071 2792 aut
2123 2738 2408 2809 presbyter
2457 2737 2702 2792 obtineat
2749 2733 3036 2789 ecclesiam
3087 2748 3188 2787 nec
3248 2731 3417 2802 gratis
3471 2745 3571 2784 nec

1979 2831 2172 2901 pretio.

2051 2923 2100 2976 7.
2157 2920 2265 2977 Nec
2291 2921 2490 2992 aliquis
2513 2919 2800 2991 presbyter
2828 2919 2966 2973 duas
3007 2915 3269 2972 ecclesias
3300 2916 3568 2970 obtineat.

2049 3016 2102 3069 8.
2162 3012 2232 3068 Ut
2262 3031 2359 3084 per
2395 3013 2765 3068 Simoniacam
2801 3010 3053 3066 haeresim
3087 3009 3574 3063 nemo-ordinetur

1933 3101 1945 3115 ¹
1979 3109 2060 3160 vel
2088 3116 2473 3177 promoveatur
2495 3106 2561 3160 ad
2587 3105 2830 3175 quolibet
2847 3103 3089 3158 cilicium
3114 3100 3571 3166 ecclesiasticum,

1983 3215 2157 3270 neque
2187 3199 2432 3254 ccclesiis
2454 3200 2801 3268 prmliciatur.

2012 3295 2016 3299 ’
2050 3295 2102 3346 ε).
2156 3291 2222 3344 Et
2253 3300 2310 3347 ut
2357 3291 2424 3344 de
2465 3289 2940 3360 consanguinitate
2984 3303 3082 3343 sua
3120 3287 3304 3342 nullus
3342 3300 3574 3342 uxorem

1981 3385 2142 3437 ducat
2172 3398 2346 3453 usque
2370 3382 2435 3436 ad
2470 3381 2756 3452 septimam
2789 3380 3216 3451 generationem,
3246 3379 3328 3433 vel
3359 3393 3571 3448 quous-

1981 3492 2088 3545 quc
2113 3476 2390 3546 parentela
2418 3474 2677 3546 mgnosci
2723 3472 2942 3542 poterit.
2976 3471 3133 3538 Quod
3173 3471 3326 3542 prius
3348 3485 3383 3524 a
3409 3469 3576 3525 Nico-

1985 3571 2070 3623 lao
2098 3568 2139 3620 ll
2184 3575 2451 3622 statutum
2483 3566 2605 3621 fuit.

2060 3662 2142 3715 lt).
2199 3657 2263 3714 Et
2295 3669 2352 3714 ut
2379 3659 2552 3714 laicus
2583 3673 2812 3712 uxorem
2859 3656 3023 3712 simul
3057 3655 3264 3709 habens
3291 3663 3347 3708 et
3369 3667 3576 3708 concu-

1987 3755 2190 3819 binam,
2225 3769 2335 3806 non
2370 3751 2739 3806 communicet
2759 3748 3034 3804 Ecclesiae.

2059 3848 2143 3902 ‘ll.
2193 3843 2267 3899 1ft
2311 3845 2494 3899 nullus
2549 3843 2798 3898 habitum
2847 3840 3225 3895 mon'achalem
3283 3839 3572 3910 suscipiat,

1987 3956 2137 4010 spem
2175 3947 2267 3993 aut
2290 3930 2712 4008 promissionem
2746 3935 2955 3989 habens
2992 3942 3052 3986 ut
3086 3933 3256 3987 abbas
3283 3932 3394 3987 ﬁat.

2061 4031 2145 4086 l2.
2208 4028 2279 4084 Ut
2306 4030 2490 4084 nullus
2516 4029 2690 4083 laicus
2717 4029 2786 4082 ad
2807 4026 3105 4097 quemlibet
3143 4026 3371 4096 gradum
3395 4026 3574 4082 eccle-

1988 4124 2267 4178 siasticum
2311 4131 2533 4192 repente
2580 4126 2990 4191 promoventur,
3034 4118 3139 4172 nisi
3186 4118 3359 4186 prius,
3391 4128 3576 4174 muta-

1991 4226 2046 4269 to
2100 4215 2284 4268 habitu
2346 4215 2638 4279 szecul-ari,
2701 4212 2884 4266 divina
2952 4209 3368 4264 consecratione
3432 4210 3576 4267 inter

1988 4308 2218 4363 clericos
2291 4304 2454 4359 fuerit
2503 4305 2910 4374 comprobatus.
2961 4301 3072 4356 Vos
3135 4314 3268 4370 ergo
3338 4301 3454 4357 hanc
3520 4314 3577 4359 et

289 4393 479 4470 nostra
507 4416 871 4486 permissione
907 4416 1149 4486 regulam
1183 4413 1308 4479 sibi,
1340 4415 1424 4468 vel
1461 4415 1624 4470 alieni
1674 4429 1877 4485 sumat,
1914 4419 1957 4473 D
1984 4399 2089 4453 3"“
2145 4405 2461 4453 δῧηθῖοτυῐη
2517 4393 2742 4448 Palmm
2793 4402 2998 4449 Statum
3049 4393 3279 4486 ﬁdeliter
3299 4403 3355 4448 θί
3412 4394 3580 4453 Ch’i'

288 4510 373 4563 vel
419 4509 690 4580 praeﬁgat;
735 4508 864 4579 quia
911 4524 1019 4564 non
1083 4508 1223 4562 hanc
1273 4507 1473 4576 aliquis
1523 4509 1874 4580 antiquorum

290 4602 517 4657 Patrum
553 4603 799 4673 jubendo
839 4611 934 4656 aut
964 4599 1312 4655 concedendo
1363 4603 1750 4673 promulgavit,
1785 4603 1880 4658 sed

292 4696 556 4764 temporis
585 4695 754 4749 nimia
799 4694 1096 4750 necessitas
1134 4693 1497 4766 permittendo
1541 4709 1570 4746 a
1602 4695 1762 4750 nobis
1788 4711 1884 4750 cx-

291 4789 471 4843 torsit.
504 4787 577 4842 De
610 4797 810 4842 extero
839 4796 1023 4842 autem
1056 4786 1351 4842 statuimus
1388 4795 1446 4840 ut
1475 4789 1521 4842 si
1551 4789 1676 4858 quis
1703 4789 1756 4843 in
1788 4804 1886 4860 po-

291 4891 500 4936 sterum
527 4880 599 4934 ab
641 4895 708 4935 eo
735 4895 901 4950 quem
932 4878 1306 4935 Simoniacum
1339 4895 1462 4935 esse
1501 4897 1608 4936 non
1642 4881 1881 4948 dubitat,

290 4993 350 5030 se
379 4972 696 5030 consecrari
733 4973 1064 5042 permiserit,
1115 4983 1169 5029 et
1197 4982 1548 5031 consecrator
1589 4984 1642 5029 et
1685 4992 1884 5033 conse-

290 5077 480 5122 cratus
518 5083 630 5122 non
657 5065 932 5135 disparem
969 5067 1338 5123 damnationis
1375 5067 1704 5123 sententiam
1753 5069 1888 5126 sub-

288 5170 440 5210 eam.
491 5171 551 5210 ut
600 5169 830 5210 uterque
878 5160 1158 5210 depositus
1210 5169 1334 5210 auat
1384 5159 1790 5210 paenitentiam-
1833 5171 1888 5210 et

1977 4491 2154 4545 stiana
2197 4490 2499 4545 reverentia
2538 4487 2849 4553 observate,
2879 4486 2925 4542 si
2955 4484 3124 4541 vultis
3153 4496 3357 4542 sancta:
3384 4486 3577 4550 Eccle-

1979 4584 2075 4637 siae
2102 4581 2362 4635 Romana:
2397 4589 2452 4634 et
2483 4579 2801 4650 apostolica:
2850 4579 2997 4635 sedis
3048 4596 3183 4650 pace
3229 4593 3284 4639 et
3327 4597 3598 4649 comma-

1982 4675 2145 4729 nione
2181 4682 2344 4743 atque
2381 4673 2763 4727 benedictione
2814 4682 2869 4727 et
2915 4674 3262 4733 absolutione
3318 4679 3613 4750 gaude“.

1985 4760 2191 4822 Valete.
3341 4753 3366 4776 ⁴

2567 4896 2788 4938 ADDITIO
2825 4897 2874 4934 (ἶ.
2933 4898 2982 4933 C.

2059 4953 2204 5009 Adde
2241 4967 2303 5004 ex
2335 4948 2826 5008 Dolensi'chrmtico
2866 4967 2882 5004 :
2920 4951 3034 5006 Hoc
3074 4972 3223 5012 anno
3255 4953 3310 5006 in
3335 4947 3501 5010 Rom

1983 5026 2221 5082 concilio
2267 5021 2551 5077 delinitum
2601 5036 2682 5082 est
2711 5025 2780 5078 ab
2828 5024 3146 5082 Alexandro
3178 5026 3256 5088 ll,
3295 5020 3448 5087 quod

1985 5113 2204 5179 §copus
2238 5091 2609 5179 Nannetensis
2648 5091 3190 5179 abbatiHRaimundo
3225 5101 3284 5148 et
3312 5091 3638 5179 moneta

1989 5163 2242 5210 Ῐὶηῗίηιςίθι
2271 5163 2502 5210 nmnobii
2532 5172 2688 5210 III-inc
2743 5166 3075 5210 reclinteurr-t
3120 5172 3384 5210 domitu“!
3447 5163 3604 5210 0‘:

3513 4981 3733 5099 :1“!

3669 5076 3771 5132 xv

3723 5134 3820 5210 ζδῆ
