  <div class='ocr_page' id='page_1' title='image "/cluster/home/n/w/nwhite01/storage/ocr_20150623/146/hvd.32044015471832/656.png"; bbox 0 0 4050 5358; ppageno 0'>
   <div class='ocr_carea' id='block_1_1' title="bbox 151 273 293 329">
    <p class='ocr_par' dir='ltr' id='par_1_1' title="bbox 151 273 293 329">
     <span class='ocr_line' id='line_1_1' title="bbox 151 273 293 329; baseline 0.028 -3"><span class='ocrx_word' id='word_1_1' title='bbox 151 273 293 329; x_wconf 66' lang='lat'><strong>1993</strong></span> 
     </span>
    </p>
   </div>
   <div class='ocr_carea' id='block_1_2' title="bbox 122 474 1732 559">
    <p class='ocr_par' dir='ltr' id='par_1_2' title="bbox 122 474 1732 559">
     <span class='ocr_line' id='line_1_2' title="bbox 122 474 1732 559; baseline 0.014 -32"><span class='ocrx_word' id='word_1_2' title='bbox 122 475 295 530; x_wconf 77' lang='lat' dir='ltr'><strong>&#39;niam</strong></span> <span class='ocrx_word' id='word_1_3' title='bbox 316 474 520 532; x_wconf 79' lang='lat' dir='ltr'><strong>inferre</strong></span> <span class='ocrx_word' id='word_1_4' title='bbox 543 486 864 547; x_wconf 83' lang='lat' dir='ltr'><strong>tentantem,</strong></span> <span class='ocrx_word' id='word_1_5' title='bbox 880 482 1054 540; x_wconf 89' lang='lat' dir='ltr'><strong>donec</strong></span> <span class='ocrx_word' id='word_1_6' title='bbox 1081 487 1369 559; x_wconf 75' lang='lat' dir='ltr'><strong>resipiscat</strong></span> <span class='ocrx_word' id='word_1_7' title='bbox 1392 500 1447 548; x_wconf 90' lang='lat' dir='ltr'><strong>et</strong></span> <span class='ocrx_word' id='word_1_8' title='bbox 1467 491 1732 550; x_wconf 74' lang='lat' dir='ltr'><strong>Romana:</strong></span> 
     </span>
    </p>
   </div>
   <div class='ocr_carea' id='block_1_3' title="bbox 140 568 1731 654">
    <p class='ocr_par' dir='ltr' id='par_1_3' title="bbox 140 568 1731 654">
     <span class='ocr_line' id='line_1_3' title="bbox 140 568 1731 654; baseline 0.013 -34"><span class='ocrx_word' id='word_1_9' title='bbox 140 568 402 624; x_wconf 72' lang='lat' dir='ltr'><strong>Ecclesia:</strong></span> <span class='ocrx_word' id='word_1_10' title='bbox 446 568 765 627; x_wconf 79' lang='lat' dir='ltr'><strong>satisfaciat.</strong></span> <span class='ocrx_word' id='word_1_11' title='bbox 797 572 993 631; x_wconf 85' lang='lat' dir='ltr'><strong>Omnia</strong></span> <span class='ocrx_word' id='word_1_12' title='bbox 1036 586 1240 645; x_wconf 68' lang='lat' dir='ltr'><strong>autem,</strong></span> <span class='ocrx_word' id='word_1_13' title='bbox 1268 597 1391 653; x_wconf 67' lang='lat' dir='ltr'><strong>quae</strong></span> <span class='ocrx_word' id='word_1_14' title='bbox 1443 584 1731 654; x_wconf 70' lang='lat' dir='ltr'><strong>praefatum</strong></span> 
     </span>
    </p>
   </div>
   <div class='ocr_carea' id='block_1_4' title="bbox 135 661 1731 748">
    <p class='ocr_par' dir='ltr' id='par_1_4' title="bbox 135 661 1731 748">
     <span class='ocr_line' id='line_1_4' title="bbox 135 661 1731 748; baseline 0.015 -35"><span class='ocrx_word' id='word_1_15' title='bbox 135 661 535 717; x_wconf 74' lang='lat' dir='ltr'><strong>monasterium</strong></span> <span class='ocrx_word' id='word_1_16' title='bbox 558 679 731 734; x_wconf 90' lang='lat' dir='ltr'><strong>usque</strong></span> <span class='ocrx_word' id='word_1_17' title='bbox 745 666 906 723; x_wconf 89' lang='lat' dir='ltr'><strong>hodie</strong></span> <span class='ocrx_word' id='word_1_18' title='bbox 925 672 1239 739; x_wconf 87' lang='lat' dir='ltr'><strong>possedisse</strong></span> <span class='ocrx_word' id='word_1_19' title='bbox 1268 677 1532 745; x_wconf 88' lang='lat' dir='ltr'><strong>noscitur,</strong></span> <span class='ocrx_word' id='word_1_20' title='bbox 1549 678 1731 748; x_wconf 79' lang='lat' dir='ltr'><strong>ﬁrma,</strong></span> 
     </span>
    </p>
   </div>
   <div class='ocr_carea' id='block_1_5' title="bbox 133 752 1728 842">
    <p class='ocr_par' dir='ltr' id='par_1_5' title="bbox 133 752 1728 842">
     <span class='ocr_line' id='line_1_5' title="bbox 133 752 1728 842; baseline 0.017 -38"><span class='ocrx_word' id='word_1_21' title='bbox 133 752 468 821; x_wconf 80' lang='lat' dir='ltr'><strong>inconcussa</strong></span> <span class='ocrx_word' id='word_1_22' title='bbox 492 756 671 813; x_wconf 90' lang='lat' dir='ltr'><strong>eidem</strong></span> <span class='ocrx_word' id='word_1_23' title='bbox 701 758 822 817; x_wconf 84' lang='lat' dir='ltr'><strong>loco</strong></span> <span class='ocrx_word' id='word_1_24' title='bbox 854 777 1079 819; x_wconf 85' lang='lat' dir='ltr'><strong>manere</strong></span> <span class='ocrx_word' id='word_1_25' title='bbox 1101 766 1221 821; x_wconf 85' lang='lat' dir='ltr'><strong>sine</strong></span> <span class='ocrx_word' id='word_1_26' title='bbox 1248 768 1586 842; x_wconf 81' lang='lat' dir='ltr'><strong>cujusquam</strong></span> <span class='ocrx_word' id='word_1_27' title='bbox 1639 791 1728 830; x_wconf 86' lang='lat' dir='ltr'><strong>re—</strong></span> 
     </span>
    </p>
   </div>
   <div class='ocr_carea' id='block_1_6' title="bbox 131 848 1747 927">
    <p class='ocr_par' dir='ltr' id='par_1_6' title="bbox 131 848 1747 927">
     <span class='ocr_line' id='line_1_6' title="bbox 131 848 1747 927; baseline 0.017 -28"><span class='ocrx_word' id='word_1_28' title='bbox 131 848 468 904; x_wconf 70' lang='lat' dir='ltr'><strong>tractatione</strong></span> <span class='ocrx_word' id='word_1_29' title='bbox 496 850 794 909; x_wconf 81' lang='lat' dir='ltr'><strong>sancimus.</strong></span> <span class='ocrx_word' id='word_1_30' title='bbox 819 854 1057 913; x_wconf 75' lang='lat' dir='ltr'><strong>Consum</strong></span> <span class='ocrx_word' id='word_1_31' title='bbox 1098 875 1229 916; x_wconf 85' lang='lat' dir='ltr'><strong>vero</strong></span> <span class='ocrx_word' id='word_1_32' title='bbox 1263 863 1551 921; x_wconf 81' lang='lat' dir='ltr'><strong>duodecim</strong></span> <span class='ocrx_word' id='word_1_33' title='bbox 1598 870 1747 927; x_wconf 83' lang='lat' dir='ltr'><strong>soli-.</strong></span> 
     </span>
    </p>
   </div>
   <div class='ocr_carea' id='block_1_7' title="bbox 127 939 1732 1029">
    <p class='ocr_par' dir='ltr' id='par_1_7' title="bbox 127 939 1732 1029">
     <span class='ocr_line' id='line_1_7' title="bbox 127 939 1732 1029; baseline 0.017 -36"><span class='ocrx_word' id='word_1_34' title='bbox 127 939 333 1019; x_wconf 88' lang='lat' dir='ltr'><strong>dorum</strong></span> <span class='ocrx_word' id='word_1_35' title='bbox 356 941 424 998; x_wconf 84' lang='lat' dir='ltr'><strong>de.</strong></span> <span class='ocrx_word' id='word_1_36' title='bbox 444 952 661 999; x_wconf 86' lang='lat' dir='ltr'><strong>moneta</strong></span> <span class='ocrx_word' id='word_1_37' title='bbox 690 945 836 1005; x_wconf 87' lang='lat' dir='ltr'><strong>illius</strong></span> <span class='ocrx_word' id='word_1_38' title='bbox 856 949 1047 1018; x_wconf 76' lang='lat' dir='ltr'><strong>patria:</strong></span> <span class='ocrx_word' id='word_1_39' title='bbox 1065 950 1403 1013; x_wconf 82' lang='lat' dir='ltr'><strong>BeatoPetro</strong></span> <span class='ocrx_word' id='word_1_40' title='bbox 1422 974 1519 1029; x_wconf 89' lang='lat' dir='ltr'><strong>per</strong></span> <span class='ocrx_word' id='word_1_41' title='bbox 1536 977 1732 1021; x_wconf 88' lang='lat' dir='ltr'><strong>unum-</strong></span> 
     </span>
    </p>
   </div>
   <div class='ocr_carea' id='block_1_8' title="bbox 125 1018 1731 1114">
    <p class='ocr_par' dir='ltr' id='par_1_8' title="bbox 125 1018 1731 1114">
     <span class='ocr_line' id='line_1_8' title="bbox 125 1018 1731 1114; baseline 0.017 -27"><span class='ocrx_word' id='word_1_42' title='bbox 125 1018 412 1105; x_wconf 83' lang='lat' dir='ltr'><strong>quemque</strong></span> <span class='ocrx_word' id='word_1_43' title='bbox 441 1052 646 1093; x_wconf 83' lang='lat' dir='ltr'><strong>annum</strong></span> <span class='ocrx_word' id='word_1_44' title='bbox 675 1040 828 1097; x_wconf 89' lang='lat' dir='ltr'><strong>reddi</strong></span> <span class='ocrx_word' id='word_1_45' title='bbox 862 1043 1138 1101; x_wconf 81' lang='lat' dir='ltr'><strong>volumus.</strong></span> <span class='ocrx_word' id='word_1_46' title='bbox 1165 1045 1222 1102; x_wconf 90' lang='lat' dir='ltr'><strong>Si</strong></span> <span class='ocrx_word' id='word_1_47' title='bbox 1261 1064 1448 1107; x_wconf 88' lang='lat' dir='ltr'><strong>comes</strong></span> <span class='ocrx_word' id='word_1_48' title='bbox 1470 1051 1731 1114; x_wconf 80' lang='lat' dir='ltr'><strong>Vindoci-</strong></span> 
     </span>
    </p>
   </div>
   <div class='ocr_carea' id='block_1_9' title="bbox 126 1128 1729 1220">
    <p class='ocr_par' dir='ltr' id='par_1_9' title="bbox 126 1128 1729 1220">
     <span class='ocr_line' id='line_1_9' title="bbox 126 1128 1729 1220; baseline 0.017 -39"><span class='ocrx_word' id='word_1_49' title='bbox 126 1128 342 1196; x_wconf 88' lang='lat' dir='ltr'><strong>nensis,</strong></span> <span class='ocrx_word' id='word_1_50' title='bbox 370 1130 455 1185; x_wconf 85' lang='lat' dir='ltr'><strong>vel</strong></span> <span class='ocrx_word' id='word_1_51' title='bbox 472 1130 702 1205; x_wconf 85' lang='lat' dir='ltr'><strong>quilibet</strong></span> <span class='ocrx_word' id='word_1_52' title='bbox 727 1133 794 1189; x_wconf 88' lang='lat' dir='ltr'><strong>de</strong></span> <span class='ocrx_word' id='word_1_53' title='bbox 822 1134 1141 1195; x_wconf 88' lang='lat' dir='ltr'><strong>hominibus</strong></span> <span class='ocrx_word' id='word_1_54' title='bbox 1166 1141 1285 1197; x_wconf 84' lang='lat' dir='ltr'><strong>suis</strong></span> <span class='ocrx_word' id='word_1_55' title='bbox 1300 1144 1565 1204; x_wconf 85' lang='lat' dir='ltr'><strong>adversus</strong></span> <span class='ocrx_word' id='word_1_56' title='bbox 1585 1166 1729 1220; x_wconf 68' lang='lat' dir='ltr'><strong>pra-</strong></span> 
     </span>
    </p>
   </div>
   <div class='ocr_carea' id='block_1_10' title="bbox 124 1221 1729 1301">
    <p class='ocr_par' dir='ltr' id='par_1_10' title="bbox 124 1221 1729 1301">
     <span class='ocr_line' id='line_1_10' title="bbox 124 1221 1729 1301; baseline 0.017 -27"><span class='ocrx_word' id='word_1_57' title='bbox 124 1221 262 1276; x_wconf 87' lang='lat' dir='ltr'><strong>dicti</strong></span> <span class='ocrx_word' id='word_1_58' title='bbox 293 1222 404 1279; x_wconf 91' lang='lat' dir='ltr'><strong>loci</strong></span> <span class='ocrx_word' id='word_1_59' title='bbox 426 1224 676 1280; x_wconf 84' lang='lat' dir='ltr'><strong>abbatem</strong></span> <span class='ocrx_word' id='word_1_60' title='bbox 709 1228 987 1299; x_wconf 82' lang='lat' dir='ltr'><strong>querelam</strong></span> <span class='ocrx_word' id='word_1_61' title='bbox 1018 1230 1293 1300; x_wconf 82' lang='lat' dir='ltr'><strong>habuerit,</strong></span> <span class='ocrx_word' id='word_1_62' title='bbox 1315 1236 1372 1291; x_wconf 92' lang='lat' dir='ltr'><strong>in</strong></span> <span class='ocrx_word' id='word_1_63' title='bbox 1420 1240 1574 1297; x_wconf 87' lang='lat' dir='ltr'><strong>curia</strong></span> <span class='ocrx_word' id='word_1_64' title='bbox 1628 1244 1729 1301; x_wconf 85' lang='lat' dir='ltr'><strong>ab-</strong></span> 
     </span>
    </p>
   </div>
   <div class='ocr_carea' id='block_1_11' title="bbox 128 1313 1727 1397">
    <p class='ocr_par' dir='ltr' id='par_1_11' title="bbox 128 1313 1727 1397">
     <span class='ocr_line' id='line_1_11' title="bbox 128 1313 1727 1397; baseline 0.016 -29"><span class='ocrx_word' id='word_1_65' title='bbox 128 1313 299 1371; x_wconf 80' lang='lat' dir='ltr'><strong>batis.</strong></span> <span class='ocrx_word' id='word_1_66' title='bbox 324 1332 431 1386; x_wconf 90' lang='lat' dir='ltr'><strong>pro</strong></span> <span class='ocrx_word' id='word_1_67' title='bbox 457 1317 722 1386; x_wconf 65' lang='lat' dir='ltr'><strong>dignitate</strong></span> <span class='ocrx_word' id='word_1_68' title='bbox 750 1320 879 1379; x_wconf 80' lang='lat' dir='ltr'><strong>ioci.</strong></span> <span class='ocrx_word' id='word_1_69' title='bbox 899 1324 1123 1394; x_wconf 85' lang='lat' dir='ltr'><strong>querela</strong></span> <span class='ocrx_word' id='word_1_70' title='bbox 1153 1325 1268 1397; x_wconf 85' lang='lat' dir='ltr'><strong>ipsa</strong></span> <span class='ocrx_word' id='word_1_71' title='bbox 1292 1330 1536 1389; x_wconf 80' lang='lat' dir='ltr'><strong>ﬁniatur.</strong></span> <span class='ocrx_word' id='word_1_72' title='bbox 1559 1334 1727 1394; x_wconf 87' lang='lat' dir='ltr'><strong>Dimi-</strong></span> 
     </span>
    </p>
   </div>
   <div class='ocr_carea' id='block_1_12' title="bbox 124 1407 1722 1489">
    <p class='ocr_par' dir='ltr' id='par_1_12' title="bbox 124 1407 1722 1489">
     <span class='ocr_line' id='line_1_12' title="bbox 124 1407 1722 1489; baseline 0.018 -28"><span class='ocrx_word' id='word_1_73' title='bbox 124 1407 215 1465; x_wconf 89' lang='lat' dir='ltr'><strong>dia</strong></span> <span class='ocrx_word' id='word_1_74' title='bbox 267 1418 452 1469; x_wconf 85' lang='lat' dir='ltr'><strong>tamen</strong></span> <span class='ocrx_word' id='word_1_75' title='bbox 494 1426 617 1468; x_wconf 86' lang='lat' dir='ltr'><strong>sors</strong></span> <span class='ocrx_word' id='word_1_76' title='bbox 665 1414 905 1482; x_wconf 79' lang='lat' dir='ltr'><strong>lorfacti,</strong></span> <span class='ocrx_word' id='word_1_77' title='bbox 935 1419 1241 1477; x_wconf 87' lang='lat' dir='ltr'><strong>secundum</strong></span> <span class='ocrx_word' id='word_1_78' title='bbox 1266 1426 1722 1489; x_wconf 77' lang='lat' dir='ltr'><strong>constitutionem</strong></span> 
     </span>
    </p>
   </div>
   <div class='ocr_carea' id='block_1_13' title="bbox 124 1498 1722 1595">
    <p class='ocr_par' dir='ltr' id='par_1_13' title="bbox 124 1498 1722 1595">
     <span class='ocr_line' id='line_1_13' title="bbox 124 1498 1722 1595; baseline 0.016 -41"><span class='ocrx_word' id='word_1_79' title='bbox 124 1498 483 1559; x_wconf 79' lang='lat' dir='ltr'><strong>fundatorum</strong></span> <span class='ocrx_word' id='word_1_80' title='bbox 512 1506 855 1577; x_wconf 79' lang='lat' dir='ltr'><strong>monasterii,</strong></span> <span class='ocrx_word' id='word_1_81' title='bbox 875 1510 1239 1577; x_wconf 85' lang='lat' dir='ltr'><strong>condonetur.</strong></span> <span class='ocrx_word' id='word_1_82' title='bbox 1268 1514 1596 1591; x_wconf 77' lang='lat' dir='ltr'><strong>Quicunque</strong></span> <span class='ocrx_word' id='word_1_83' title='bbox 1616 1522 1722 1595; x_wconf 76' lang='lat' dir='ltr'><strong>igi-</strong></span> 
     </span>
    </p>
   </div>
   <div class='ocr_carea' id='block_1_14' title="bbox 125 1595 1720 1682">
    <p class='ocr_par' dir='ltr' id='par_1_14' title="bbox 125 1595 1720 1682">
     <span class='ocr_line' id='line_1_14' title="bbox 125 1595 1720 1682; baseline 0.017 -37"><span class='ocrx_word' id='word_1_84' title='bbox 125 1600 218 1647; x_wconf 82' lang='lat' dir='ltr'><strong>tur</strong></span> <span class='ocrx_word' id='word_1_85' title='bbox 246 1602 440 1650; x_wconf 89' lang='lat' dir='ltr'><strong>contra</strong></span> <span class='ocrx_word' id='word_1_86' title='bbox 485 1595 650 1668; x_wconf 83' lang='lat' dir='ltr'><strong>hujus</strong></span> <span class='ocrx_word' id='word_1_87' title='bbox 678 1608 883 1661; x_wconf 55' lang='lat' dir='ltr'><strong>nostrae</strong></span> <span class='ocrx_word' id='word_1_88' title='bbox 916 1604 1268 1669; x_wconf 64' lang='lat' dir='ltr'><strong>auctoritatis</strong></span> <span class='ocrx_word' id='word_1_89' title='bbox 1300 1613 1720 1682; x_wconf 61' lang='lat' dir='ltr'><strong>praeceptionem</strong></span> 
     </span>
    </p>
   </div>
   <div class='ocr_carea' id='block_1_15' title="bbox 122 1683 1713 1777">
    <p class='ocr_par' dir='ltr' id='par_1_15' title="bbox 122 1683 1713 1777">
     <span class='ocr_line' id='line_1_15' title="bbox 122 1683 1713 1777; baseline 0.018 -40"><span class='ocrx_word' id='word_1_90' title='bbox 122 1684 364 1745; x_wconf 80' lang='lat' dir='ltr'><strong>scienter</strong></span> <span class='ocrx_word' id='word_1_91' title='bbox 382 1683 595 1757; x_wconf 79' lang='lat' dir='ltr'><strong>fecerit,</strong></span> <span class='ocrx_word' id='word_1_92' title='bbox 614 1690 720 1749; x_wconf 87' lang='lat' dir='ltr'><strong>nisi</strong></span> <span class='ocrx_word' id='word_1_93' title='bbox 734 1708 795 1747; x_wconf 91' lang='lat' dir='ltr'><strong>se</strong></span> <span class='ocrx_word' id='word_1_94' title='bbox 819 1696 1120 1759; x_wconf 76' lang='lat' dir='ltr'><strong>correxerit</strong></span> <span class='ocrx_word' id='word_1_95' title='bbox 1138 1698 1303 1770; x_wconf 74' lang='lat' dir='ltr'><strong>digna</strong></span> <span class='ocrx_word' id='word_1_96' title='bbox 1316 1703 1713 1777; x_wconf 75' lang='lat' dir='ltr'><strong>satisfactione,</strong></span> 
     </span>
    </p>
   </div>
   <div class='ocr_carea' id='block_1_16' title="bbox 122 1766 1790 1869">
    <p class='ocr_par' dir='ltr' id='par_1_16' title="bbox 122 1766 1790 1869">
     <span class='ocr_line' id='line_1_16' title="bbox 122 1766 1790 1869; baseline 0.016 -38"><span class='ocrx_word' id='word_1_97' title='bbox 122 1778 516 1853; x_wconf 76' lang='lat' dir='ltr'><strong>rualedictione</strong></span> <span class='ocrx_word' id='word_1_98' title='bbox 554 1780 653 1839; x_wconf 90' lang='lat' dir='ltr'><strong>Dei</strong></span> <span class='ocrx_word' id='word_1_99' title='bbox 691 1786 1087 1858; x_wconf 64' lang='lat' dir='ltr'><strong>omnipotentis</strong></span> <span class='ocrx_word' id='word_1_100' title='bbox 1142 1766 1351 1861; x_wconf 71' lang='lat' dir='ltr'><strong>Patris,</strong></span> <span class='ocrx_word' id='word_1_101' title='bbox 1377 1804 1432 1851; x_wconf 86' lang='lat' dir='ltr'><strong>et</strong></span> <span class='ocrx_word' id='word_1_102' title='bbox 1486 1797 1631 1869; x_wconf 90' lang='lat' dir='ltr'><strong>Filii,</strong></span> <span class='ocrx_word' id='word_1_103' title='bbox 1658 1766 1716 1858; x_wconf 75' lang='lat' dir='ltr'><strong>et</strong></span> <span class='ocrx_word' id='word_1_104' title='bbox 1746 1766 1790 1821; x_wconf 71' lang='grc' dir='ltr'><strong>Β</strong></span> 
     </span>
    </p>
   </div>
   <div class='ocr_carea' id='block_1_17' title="bbox 122 1868 1713 1961">
    <p class='ocr_par' dir='ltr' id='par_1_17' title="bbox 122 1868 1713 1961">
     <span class='ocr_line' id='line_1_17' title="bbox 122 1868 1713 1961; baseline 0.018 -38"><span class='ocrx_word' id='word_1_105' title='bbox 122 1870 367 1940; x_wconf 80' lang='lat' dir='ltr'><strong>Spiritus</strong></span> <span class='ocrx_word' id='word_1_106' title='bbox 429 1868 615 1929; x_wconf 85' lang='lat' dir='ltr'><strong>sancti</strong></span> <span class='ocrx_word' id='word_1_107' title='bbox 654 1877 965 1946; x_wconf 84' lang='lat' dir='ltr'><strong>damnetur,</strong></span> <span class='ocrx_word' id='word_1_108' title='bbox 993 1882 1382 1955; x_wconf 84' lang='lat' dir='ltr'><strong>confundatur,</strong></span> <span class='ocrx_word' id='word_1_109' title='bbox 1409 1868 1623 1961; x_wconf 83' lang='lat' dir='ltr'><strong>pereat,</strong></span> <span class='ocrx_word' id='word_1_110' title='bbox 1656 1911 1713 1951; x_wconf 89' lang='grc' dir='ltr'><strong>ιιι</strong></span> 
     </span>
    </p>
   </div>
   <div class='ocr_carea' id='block_1_18' title="bbox 117 1963 1710 2045">
    <p class='ocr_par' dir='ltr' id='par_1_18' title="bbox 117 1963 1710 2045">
     <span class='ocr_line' id='line_1_18' title="bbox 117 1963 1710 2045; baseline 0.016 -29"><span class='ocrx_word' id='word_1_111' title='bbox 117 1963 284 2033; x_wconf 83' lang='lat' dir='ltr'><strong>cujus</strong></span> <span class='ocrx_word' id='word_1_112' title='bbox 310 1965 524 2021; x_wconf 90' lang='lat' dir='ltr'><strong>honore</strong></span> <span class='ocrx_word' id='word_1_113' title='bbox 554 1975 609 2022; x_wconf 90' lang='lat' dir='ltr'><strong>et</strong></span> <span class='ocrx_word' id='word_1_114' title='bbox 637 1971 860 2026; x_wconf 86' lang='lat' dir='ltr'><strong>nomine</strong></span> <span class='ocrx_word' id='word_1_115' title='bbox 882 1972 1041 2043; x_wconf 74' lang='lat' dir='ltr'><strong>locus</strong></span> <span class='ocrx_word' id='word_1_116' title='bbox 1071 1975 1188 2045; x_wconf 92' lang='lat' dir='ltr'><strong>ipse</strong></span> <span class='ocrx_word' id='word_1_117' title='bbox 1222 1991 1576 2040; x_wconf 88' lang='lat' dir='ltr'><strong>constructus</strong></span> <span class='ocrx_word' id='word_1_118' title='bbox 1606 1995 1710 2041; x_wconf 92' lang='lat' dir='ltr'><strong>est.</strong></span> 
     </span>
    </p>
   </div>
   <div class='ocr_carea' id='block_1_19' title="bbox 122 2051 1715 2145">
    <p class='ocr_par' dir='ltr' id='par_1_19' title="bbox 122 2051 1715 2145">
     <span class='ocr_line' id='line_1_19' title="bbox 122 2051 1715 2145; baseline 0.016 -36"><span class='ocrx_word' id='word_1_119' title='bbox 122 2051 329 2111; x_wconf 85' lang='lat' dir='ltr'><strong>Deinde</strong></span> <span class='ocrx_word' id='word_1_120' title='bbox 350 2056 599 2115; x_wconf 83' lang='lat' dir='ltr'><strong>incurrat</strong></span> <span class='ocrx_word' id='word_1_121' title='bbox 619 2059 756 2116; x_wconf 90' lang='lat' dir='ltr'><strong>iram</strong></span> <span class='ocrx_word' id='word_1_122' title='bbox 783 2060 881 2117; x_wconf 89' lang='lat' dir='ltr'><strong>Dei</strong></span> <span class='ocrx_word' id='word_1_123' title='bbox 896 2064 1211 2145; x_wconf 71' lang='lat' dir='ltr'><strong>genitricis,</strong></span> <span class='ocrx_word' id='word_1_124' title='bbox 1230 2079 1289 2126; x_wconf 86' lang='lat' dir='ltr'><strong>et</strong></span> <span class='ocrx_word' id='word_1_125' title='bbox 1307 2076 1541 2145; x_wconf 83' lang='lat' dir='ltr'><strong>apostoli</strong></span> <span class='ocrx_word' id='word_1_126' title='bbox 1567 2075 1715 2135; x_wconf 85' lang='lat' dir='ltr'><strong>Petri</strong></span> 
     </span>
    </p>
   </div>
   <div class='ocr_carea' id='block_1_20' title="bbox 117 2142 1717 2227">
    <p class='ocr_par' dir='ltr' id='par_1_20' title="bbox 117 2142 1717 2227">
     <span class='ocr_line' id='line_1_20' title="bbox 117 2142 1717 2227; baseline 0.018 -28"><span class='ocrx_word' id='word_1_127' title='bbox 117 2154 175 2200; x_wconf 87' lang='lat' dir='ltr'><strong>et</strong></span> <span class='ocrx_word' id='word_1_128' title='bbox 221 2149 473 2213; x_wconf 83' lang='lat' dir='ltr'><strong>omnium</strong></span> <span class='ocrx_word' id='word_1_129' title='bbox 526 2142 899 2224; x_wconf 32' lang='lat' dir='ltr'><strong>sanctorum,‘</strong></span> <span class='ocrx_word' id='word_1_130' title='bbox 926 2167 982 2214; x_wconf 87' lang='lat' dir='ltr'><strong>et</strong></span> <span class='ocrx_word' id='word_1_131' title='bbox 1023 2170 1213 2217; x_wconf 78' lang='lat' dir='ltr'><strong>nostra</strong></span> <span class='ocrx_word' id='word_1_132' title='bbox 1267 2142 1593 2226; x_wconf 75' lang='lat' dir='ltr'><strong>auctoritate</strong></span> <span class='ocrx_word' id='word_1_133' title='bbox 1641 2171 1717 2227; x_wconf 89' lang='lat' dir='ltr'><strong>sit</strong></span> 
     </span>
    </p>
   </div>
   <div class='ocr_carea' id='block_1_21' title="bbox 116 2252 1711 2330">
    <p class='ocr_par' dir='ltr' id='par_1_21' title="bbox 116 2252 1711 2330">
     <span class='ocr_line' id='line_1_21' title="bbox 116 2252 1711 2330; baseline 0.016 -37"><span class='ocrx_word' id='word_1_134' title='bbox 116 2252 658 2311; x_wconf 76' lang='lat' dir='ltr'><strong>excommunicatus,</strong></span> <span class='ocrx_word' id='word_1_135' title='bbox 686 2255 749 2301; x_wconf 86' lang='lat' dir='ltr'><strong>ut</strong></span> <span class='ocrx_word' id='word_1_136' title='bbox 791 2264 1073 2320; x_wconf 78' lang='lat' dir='ltr'><strong>nunquam</strong></span> <span class='ocrx_word' id='word_1_137' title='bbox 1116 2269 1343 2325; x_wconf 69' lang='lat' dir='ltr'><strong>regnum</strong></span> <span class='ocrx_word' id='word_1_138' title='bbox 1368 2256 1464 2313; x_wconf 88' lang='lat' dir='ltr'><strong>Dei</strong></span> <span class='ocrx_word' id='word_1_139' title='bbox 1512 2262 1711 2330; x_wconf 76' lang='lat' dir='ltr'><strong>videat,</strong></span> 
     </span>
    </p>
   </div>
   <div class='ocr_carea' id='block_1_22' title="bbox 116 2331 1712 2424">
    <p class='ocr_par' dir='ltr' id='par_1_22' title="bbox 116 2331 1712 2424">
     <span class='ocr_line' id='line_1_22' title="bbox 116 2331 1712 2424; baseline 0.018 -40"><span class='ocrx_word' id='word_1_140' title='bbox 116 2331 216 2386; x_wconf 86' lang='lat' dir='ltr'><strong>sed</strong></span> <span class='ocrx_word' id='word_1_141' title='bbox 246 2348 377 2415; x_wconf 83' lang='lat' dir='ltr'><strong>cum</strong></span> <span class='ocrx_word' id='word_1_142' title='bbox 399 2334 617 2391; x_wconf 83' lang='lat' dir='ltr'><strong>diabolo</strong></span> <span class='ocrx_word' id='word_1_143' title='bbox 642 2348 697 2392; x_wconf 81' lang='lat' dir='ltr'><strong>et</strong></span> <span class='ocrx_word' id='word_1_144' title='bbox 719 2338 858 2395; x_wconf 69' lang='lat' dir='ltr'><strong>Iuda</strong></span> <span class='ocrx_word' id='word_1_145' title='bbox 896 2343 1158 2400; x_wconf 81' lang='lat' dir='ltr'><strong>traditore</strong></span> <span class='ocrx_word' id='word_1_146' title='bbox 1194 2349 1559 2424; x_wconf 75' lang='lat' dir='ltr'><strong>omnibusque</strong></span> <span class='ocrx_word' id='word_1_147' title='bbox 1604 2355 1712 2413; x_wconf 80' lang='lat' dir='ltr'><strong>im-</strong></span> 
     </span>
    </p>
   </div>
   <div class='ocr_carea' id='block_1_23' title="bbox 116 2410 1709 2505">
    <p class='ocr_par' dir='ltr' id='par_1_23' title="bbox 116 2410 1709 2505">
     <span class='ocr_line' id='line_1_23' title="bbox 116 2410 1709 2505; baseline 0.018 -28"><span class='ocrx_word' id='word_1_148' title='bbox 116 2416 227 2491; x_wconf 88' lang='lat' dir='ltr'><strong>piis</strong></span> <span class='ocrx_word' id='word_1_149' title='bbox 278 2410 375 2480; x_wconf 30' lang='lat' dir='ltr'><strong>sit‘</strong></span> <span class='ocrx_word' id='word_1_150' title='bbox 398 2427 693 2486; x_wconf 88' lang='lat' dir='ltr'><strong>damnatus</strong></span> <span class='ocrx_word' id='word_1_151' title='bbox 721 2440 776 2486; x_wconf 88' lang='lat' dir='ltr'><strong>et</strong></span> <span class='ocrx_word' id='word_1_152' title='bbox 814 2433 869 2487; x_wconf 90' lang='lat' dir='ltr'><strong>in</strong></span> <span class='ocrx_word' id='word_1_153' title='bbox 914 2436 1154 2494; x_wconf 82' lang='lat' dir='ltr'><strong>tenebris</strong></span> <span class='ocrx_word' id='word_1_154' title='bbox 1193 2452 1416 2498; x_wconf 86' lang='lat' dir='ltr'><strong>maneat</strong></span> <span class='ocrx_word' id='word_1_155' title='bbox 1434 2456 1489 2503; x_wconf 84' lang='lat' dir='ltr'><strong>et</strong></span> <span class='ocrx_word' id='word_1_156' title='bbox 1517 2449 1709 2505; x_wconf 80' lang='lat' dir='ltr'><strong>umbza</strong></span> 
     </span>
    </p>
   </div>
   <div class='ocr_carea' id='block_1_24' title="bbox 115 2518 1711 2610">
    <p class='ocr_par' dir='ltr' id='par_1_24' title="bbox 115 2518 1711 2610">
     <span class='ocr_line' id='line_1_24' title="bbox 115 2518 1711 2610; baseline 0.018 -40"><span class='ocrx_word' id='word_1_157' title='bbox 115 2526 335 2574; x_wconf 83' lang='lat' dir='ltr'><strong>mortis.</strong></span> <span class='ocrx_word' id='word_1_158' title='bbox 369 2518 476 2587; x_wconf 88' lang='lat' dir='ltr'><strong>Qui</strong></span> <span class='ocrx_word' id='word_1_159' title='bbox 498 2531 679 2578; x_wconf 88' lang='lat' dir='ltr'><strong>autem</strong></span> <span class='ocrx_word' id='word_1_160' title='bbox 693 2537 1048 2589; x_wconf 85' lang='lat' dir='ltr'><strong>conservator</strong></span> <span class='ocrx_word' id='word_1_161' title='bbox 1075 2531 1242 2603; x_wconf 89' lang='lat' dir='ltr'><strong>hujus</strong></span> <span class='ocrx_word' id='word_1_162' title='bbox 1263 2544 1466 2593; x_wconf 64' lang='lat' dir='ltr'><strong>nostra;</strong></span> <span class='ocrx_word' id='word_1_163' title='bbox 1486 2550 1711 2610; x_wconf 87' lang='lat' dir='ltr'><strong>aposto-</strong></span> 
     </span>
    </p>
   </div>
   <div class='ocr_carea' id='block_1_25' title="bbox 112 2608 1714 2700">
    <p class='ocr_par' dir='ltr' id='par_1_25' title="bbox 112 2608 1714 2700">
     <span class='ocr_line' id='line_1_25' title="bbox 112 2608 1714 2700; baseline 0.019 -38"><span class='ocrx_word' id='word_1_164' title='bbox 112 2608 239 2665; x_wconf 64' lang='lat' dir='ltr'><strong>lica:</strong></span> <span class='ocrx_word' id='word_1_165' title='bbox 266 2612 713 2673; x_wconf 81' lang='lat' dir='ltr'><strong>conﬁrmationis</strong></span> <span class='ocrx_word' id='word_1_166' title='bbox 729 2626 785 2673; x_wconf 90' lang='lat' dir='ltr'><strong>et</strong></span> <span class='ocrx_word' id='word_1_167' title='bbox 811 2620 1063 2679; x_wconf 87' lang='lat' dir='ltr'><strong>tuitionis</strong></span> <span class='ocrx_word' id='word_1_168' title='bbox 1090 2625 1384 2694; x_wconf 76' lang='lat' dir='ltr'><strong>exstiterit,</strong></span> <span class='ocrx_word' id='word_1_169' title='bbox 1407 2608 1536 2700; x_wconf 76' lang='lat' dir='ltr'><strong>ipse</strong></span> <span class='ocrx_word' id='word_1_170' title='bbox 1554 2644 1714 2691; x_wconf 84' lang='lat' dir='ltr'><strong>nene-</strong></span> 
     </span>
    </p>
   </div>
   <div class='ocr_carea' id='block_1_26' title="bbox 115 2702 1712 2799">
    <p class='ocr_par' dir='ltr' id='par_1_26' title="bbox 115 2702 1712 2799">
     <span class='ocr_line' id='line_1_26' title="bbox 115 2702 1712 2799; baseline 0.018 -45"><span class='ocrx_word' id='word_1_171' title='bbox 115 2702 336 2759; x_wconf 89' lang='lat' dir='ltr'><strong>dicatur</strong></span> <span class='ocrx_word' id='word_1_172' title='bbox 354 2706 503 2761; x_wconf 90' lang='lat' dir='ltr'><strong>omni</strong></span> <span class='ocrx_word' id='word_1_173' title='bbox 526 2707 924 2779; x_wconf 89' lang='lat' dir='ltr'><strong>benedictione,</strong></span> <span class='ocrx_word' id='word_1_174' title='bbox 947 2722 1001 2767; x_wconf 89' lang='lat' dir='ltr'><strong>et</strong></span> <span class='ocrx_word' id='word_1_175' title='bbox 1016 2723 1225 2784; x_wconf 89' lang='lat' dir='ltr'><strong>partem</strong></span> <span class='ocrx_word' id='word_1_176' title='bbox 1248 2719 1446 2776; x_wconf 77' lang='lat' dir='ltr'><strong>haheat</strong></span> <span class='ocrx_word' id='word_1_177' title='bbox 1461 2725 1517 2778; x_wconf 91' lang='lat' dir='ltr'><strong>in</strong></span> <span class='ocrx_word' id='word_1_178' title='bbox 1543 2742 1712 2799; x_wconf 75' lang='lat' dir='ltr'><strong>regno</strong></span> 
     </span>
    </p>
   </div>
   <div class='ocr_carea' id='block_1_27' title="bbox 119 2791 1713 2876">
    <p class='ocr_par' dir='ltr' id='par_1_27' title="bbox 119 2791 1713 2876">
     <span class='ocr_line' id='line_1_27' title="bbox 119 2791 1713 2876; baseline 0.019 -30"><span class='ocrx_word' id='word_1_179' title='bbox 119 2791 214 2848; x_wconf 88' lang='lat' dir='ltr'><strong>Dei</strong></span> <span class='ocrx_word' id='word_1_180' title='bbox 242 2803 297 2850; x_wconf 79' lang='lat' dir='ltr'><strong>et</strong></span> <span class='ocrx_word' id='word_1_181' title='bbox 325 2798 559 2868; x_wconf 80' lang='lat' dir='ltr'><strong>gaudeat</strong></span> <span class='ocrx_word' id='word_1_182' title='bbox 580 2800 764 2856; x_wconf 67' lang='lat' dir='ltr'><strong>laatitia</strong></span> <span class='ocrx_word' id='word_1_183' title='bbox 795 2805 1125 2874; x_wconf 81' lang='lat' dir='ltr'><strong>sempiterna</strong></span> <span class='ocrx_word' id='word_1_184' title='bbox 1152 2808 1205 2862; x_wconf 92' lang='lat' dir='ltr'><strong>in</strong></span> <span class='ocrx_word' id='word_1_185' title='bbox 1230 2809 1321 2866; x_wconf 88' lang='lat' dir='ltr'><strong>illa</strong></span> <span class='ocrx_word' id='word_1_186' title='bbox 1357 2812 1480 2870; x_wconf 90' lang='lat' dir='ltr'><strong>luce</strong></span> <span class='ocrx_word' id='word_1_187' title='bbox 1516 2826 1571 2872; x_wconf 87' lang='lat' dir='ltr'><strong>et</strong></span> <span class='ocrx_word' id='word_1_188' title='bbox 1598 2791 1713 2876; x_wconf 72' lang='lat' dir='ltr'><strong>cla-</strong></span> 
     </span>
    </p>
   </div>
   <div class='ocr_carea' id='block_1_28' title="bbox 116 2885 1712 2968">
    <p class='ocr_par' dir='ltr' id='par_1_28' title="bbox 116 2885 1712 2968">
     <span class='ocr_line' id='line_1_28' title="bbox 116 2885 1712 2968; baseline 0.019 -30"><span class='ocrx_word' id='word_1_189' title='bbox 116 2885 277 2941; x_wconf 82' lang='lat' dir='ltr'><strong>ritate</strong></span> <span class='ocrx_word' id='word_1_190' title='bbox 299 2889 587 2958; x_wconf 73' lang='lat' dir='ltr'><strong>cmlorum,</strong></span> <span class='ocrx_word' id='word_1_191' title='bbox 619 2892 710 2948; x_wconf 90' lang='lat' dir='ltr'><strong>ubi</strong></span> <span class='ocrx_word' id='word_1_192' title='bbox 741 2904 825 2950; x_wconf 89' lang='lat' dir='ltr'><strong>est</strong></span> <span class='ocrx_word' id='word_1_193' title='bbox 856 2911 1018 2952; x_wconf 90' lang='lat' dir='ltr'><strong>omne</strong></span> <span class='ocrx_word' id='word_1_194' title='bbox 1044 2898 1251 2956; x_wconf 90' lang='lat' dir='ltr'><strong>bonum</strong></span> <span class='ocrx_word' id='word_1_195' title='bbox 1278 2900 1333 2958; x_wconf 90' lang='lat' dir='ltr'><strong>in</strong></span> <span class='ocrx_word' id='word_1_196' title='bbox 1381 2909 1579 2965; x_wconf 66' lang='lat' dir='ltr'><strong>saecula</strong></span> <span class='ocrx_word' id='word_1_197' title='bbox 1609 2926 1712 2968; x_wconf 76' lang='lat' dir='ltr'><strong>Sie-</strong></span> 
     </span>
    </p>
   </div>
   <div class='ocr_carea' id='block_1_29' title="bbox 116 2984 985 3040">
    <p class='ocr_par' dir='ltr' id='par_1_29' title="bbox 116 2984 985 3040">
     <span class='ocr_line' id='line_1_29' title="bbox 116 2984 985 3040; baseline 0.02 -10"><span class='ocrx_word' id='word_1_198' title='bbox 116 2990 395 3035; x_wconf 83' lang='lat' dir='ltr'><strong>cutorum.</strong></span> <span class='ocrx_word' id='word_1_199' title='bbox 414 2984 610 3040; x_wconf 81' lang='lat' dir='ltr'><strong>Amen.</strong></span> <span class='ocrx_word' id='word_1_200' title='bbox 920 2994 925 2999; x_wconf 82' lang='lat'>&#39;</span> <span class='ocrx_word' id='word_1_201' title='bbox 982 2994 985 2995; x_wconf 61' lang='grc'><strong><em>⁷</em></strong></span> 
     </span>
    </p>
   </div>
   <div class='ocr_carea' id='block_1_30' title="bbox 184 3071 1777 3180">
    <p class='ocr_par' dir='ltr' id='par_1_30' title="bbox 184 3071 1777 3180">
     <span class='ocr_line' id='line_1_30' title="bbox 184 3071 1777 3180; baseline 0.018 -54"><span class='ocrx_word' id='word_1_202' title='bbox 184 3071 464 3143; x_wconf 79' lang='lat' dir='ltr'><strong>Scriptum</strong></span> <span class='ocrx_word' id='word_1_203' title='bbox 497 3093 594 3148; x_wconf 87' lang='lat' dir='ltr'><strong>per</strong></span> <span class='ocrx_word' id='word_1_204' title='bbox 616 3095 813 3137; x_wconf 90' lang='lat' dir='ltr'><strong>manus</strong></span> <span class='ocrx_word' id='word_1_205' title='bbox 834 3079 1080 3139; x_wconf 81' lang='lat' dir='ltr'><strong>Rainerii</strong></span> <span class='ocrx_word' id='word_1_206' title='bbox 1109 3085 1382 3145; x_wconf 79' lang='lat' dir='ltr'><strong>scriniarii</strong></span> <span class='ocrx_word' id='word_1_207' title='bbox 1399 3100 1454 3147; x_wconf 89' lang='lat' dir='ltr'><strong>et</strong></span> <span class='ocrx_word' id='word_1_208' title='bbox 1507 3095 1708 3153; x_wconf 85' lang='lat' dir='ltr'><strong>notarii</strong></span> <span class='ocrx_word' id='word_1_209' title='bbox 1735 3122 1777 3180; x_wconf 66' lang='grc' dir='ltr'>ο</span> 
     </span>
    </p>
   </div>
   <div class='ocr_carea' id='block_1_31' title="bbox 112 3165 1353 3242">
    <p class='ocr_par' dir='ltr' id='par_1_31' title="bbox 112 3165 1353 3242">
     <span class='ocr_line' id='line_1_31' title="bbox 112 3165 1353 3242; baseline 0.015 -24"><span class='ocrx_word' id='word_1_210' title='bbox 112 3165 263 3219; x_wconf 85' lang='lat' dir='ltr'><strong>sacri</strong></span> <span class='ocrx_word' id='word_1_211' title='bbox 294 3167 485 3236; x_wconf 86' lang='lat' dir='ltr'><strong>palatii</strong></span> <span class='ocrx_word' id='word_1_212' title='bbox 524 3171 579 3225; x_wconf 91' lang='lat' dir='ltr'><strong>in</strong></span> <span class='ocrx_word' id='word_1_213' title='bbox 594 3184 782 3228; x_wconf 91' lang='lat' dir='ltr'><strong>mense</strong></span> <span class='ocrx_word' id='word_1_214' title='bbox 811 3170 959 3242; x_wconf 76' lang='lat' dir='ltr'><strong>Maii,</strong></span> <span class='ocrx_word' id='word_1_215' title='bbox 990 3175 1285 3236; x_wconf 86' lang='lat' dir='ltr'><strong>indictione</strong></span> <span class='ocrx_word' id='word_1_216' title='bbox 1313 3198 1353 3236; x_wconf 86' lang='grc' dir='ltr'><strong>ι.</strong></span> 
     </span>
    </p>
   </div>
   <div class='ocr_carea' id='block_1_32' title="bbox 181 3254 1711 3337">
    <p class='ocr_par' dir='ltr' id='par_1_32' title="bbox 181 3254 1711 3337">
     <span class='ocr_line' id='line_1_32' title="bbox 181 3254 1711 3337; baseline 0.018 -27"><span class='ocrx_word' id='word_1_217' title='bbox 181 3254 381 3314; x_wconf 89' lang='lat' dir='ltr'><strong>Datum</strong></span> <span class='ocrx_word' id='word_1_218' title='bbox 408 3258 667 3318; x_wconf 87' lang='lat' dir='ltr'><strong>Laterani</strong></span> <span class='ocrx_word' id='word_1_219' title='bbox 689 3281 787 3336; x_wconf 89' lang='lat' dir='ltr'><strong>per</strong></span> <span class='ocrx_word' id='word_1_220' title='bbox 814 3282 1012 3323; x_wconf 90' lang='lat' dir='ltr'><strong>manus</strong></span> <span class='ocrx_word' id='word_1_221' title='bbox 1038 3267 1190 3326; x_wconf 87' lang='lat' dir='ltr'><strong>Petri</strong></span> <span class='ocrx_word' id='word_1_222' title='bbox 1224 3283 1427 3331; x_wconf 64' lang='lat' dir='ltr'><strong>sancta:</strong></span> <span class='ocrx_word' id='word_1_223' title='bbox 1450 3275 1711 3337; x_wconf 69' lang='lat' dir='ltr'><strong>Romanae</strong></span> 
     </span>
    </p>
   </div>
   <div class='ocr_carea' id='block_1_33' title="bbox 112 3347 1708 3433">
    <p class='ocr_par' dir='ltr' id='par_1_33' title="bbox 112 3347 1708 3433">
     <span class='ocr_line' id='line_1_33' title="bbox 112 3347 1708 3433; baseline 0.016 -30"><span class='ocrx_word' id='word_1_224' title='bbox 112 3347 374 3407; x_wconf 72' lang='lat' dir='ltr'><strong>Ecclesia:</strong></span> <span class='ocrx_word' id='word_1_225' title='bbox 419 3354 739 3411; x_wconf 87' lang='lat' dir='ltr'><strong>subdiaconi</strong></span> <span class='ocrx_word' id='word_1_226' title='bbox 769 3368 935 3431; x_wconf 84' lang='lat' dir='ltr'><strong>atque</strong></span> <span class='ocrx_word' id='word_1_227' title='bbox 970 3363 1301 3433; x_wconf 89' lang='lat' dir='ltr'><strong>cancellarii,</strong></span> <span class='ocrx_word' id='word_1_228' title='bbox 1339 3367 1459 3425; x_wconf 84' lang='lat' dir='ltr'><strong>vice</strong></span> <span class='ocrx_word' id='word_1_229' title='bbox 1498 3371 1708 3428; x_wconf 74' lang='lat' dir='ltr'><strong>domini</strong></span> 
     </span>
    </p>
   </div>
   <div class='ocr_carea' id='block_1_34' title="bbox 1317 285 2253 356">
    <p class='ocr_par' dir='ltr' id='par_1_34' title="bbox 1317 285 2253 356">
     <span class='ocr_line' id='line_1_34' title="bbox 1317 285 2253 356; baseline 0.015 -15"><span class='ocrx_word' id='word_1_230' title='bbox 1317 285 1677 344; x_wconf 61' lang='lat' dir='ltr'><strong>EPISTOLJE</strong></span> <span class='ocrx_word' id='word_1_231' title='bbox 1714 287 1801 345; x_wconf 81' lang='grc' dir='ltr'>ΕΤ</span> <span class='ocrx_word' id='word_1_232' title='bbox 1837 290 2253 356; x_wconf 73' lang='lat' dir='ltr'><strong>DIPLOMATA.</strong></span> 
     </span>
    </p>
   </div>
   <div class='ocr_carea' id='block_1_35' title="bbox 143 358 2955 495">
    <p class='ocr_par' dir='ltr' id='par_1_35' title="bbox 143 358 2955 495">
     <span class='ocr_line' id='line_1_35' title="bbox 143 358 2955 495; baseline 0.016 -59"><span class='ocrx_word' id='word_1_233' title='bbox 143 397 425 438; x_wconf 72' lang='lat' dir='ltr'><strong>cessarem</strong></span> <span class='ocrx_word' id='word_1_234' title='bbox 448 382 535 440; x_wconf 86' lang='lat' dir='ltr'><strong>his</strong></span> <span class='ocrx_word' id='word_1_235' title='bbox 554 358 1006 457; x_wconf 64' lang='lat' dir='ltr'><strong>praeceptionibus</strong></span> <span class='ocrx_word' id='word_1_236' title='bbox 1033 390 1420 466; x_wconf 76' lang='lat' dir='ltr'><strong>refragantem,</strong></span> <span class='ocrx_word' id='word_1_237' title='bbox 1445 408 1501 453; x_wconf 86' lang='lat' dir='ltr'><strong>et</strong></span> <span class='ocrx_word' id='word_1_238' title='bbox 1526 400 1735 457; x_wconf 86' lang='lat' dir='ltr'><strong>calum-</strong></span> <span class='ocrx_word' id='word_1_239' title='bbox 1762 406 1806 463; x_wconf 82' lang='lat' dir='ltr'><strong>A</strong></span> <span class='ocrx_word' id='word_1_240' title='bbox 1832 405 2051 475; x_wconf 86' lang='lat' dir='ltr'><strong>pictatis</strong></span> <span class='ocrx_word' id='word_1_241' title='bbox 2079 420 2133 466; x_wconf 89' lang='lat' dir='ltr'><strong>et</strong></span> <span class='ocrx_word' id='word_1_242' title='bbox 2164 412 2454 471; x_wconf 84' lang='lat' dir='ltr'><strong>utilitatem</strong></span> <span class='ocrx_word' id='word_1_243' title='bbox 2482 433 2626 475; x_wconf 74' lang='lat' dir='ltr'><strong>vera:</strong></span> <span class='ocrx_word' id='word_1_244' title='bbox 2653 421 2955 495; x_wconf 80' lang='lat' dir='ltr'><strong>religionis.</strong></span> 
     </span>
    </p>
   </div>
   <div class='ocr_carea' id='block_1_36' title="bbox 3289 321 3463 383">
    <p class='ocr_par' dir='ltr' id='par_1_36' title="bbox 3289 321 3463 383">
     <span class='ocr_line' id='line_1_36' title="bbox 3289 321 3463 383; baseline 0.052 -7"><span class='ocrx_word' id='word_1_245' title='bbox 3289 321 3428 383; x_wconf 67' lang='grc' dir='ltr'><strong>ηπ</strong></span> <span class='ocrx_word' id='word_1_246' title='bbox 3462 334 3463 341; x_wconf 68' lang='grc'><em>“</em></span> 
     </span>
    </p>
   </div>
   <div class='ocr_carea' id='block_1_37' title="bbox 3008 425 3473 502">
    <p class='ocr_par' dir='ltr' id='par_1_37' title="bbox 3008 425 3473 502">
     <span class='ocr_line' id='line_1_37' title="bbox 3008 425 3473 502; baseline 0.032 -19"><span class='ocrx_word' id='word_1_247' title='bbox 3008 425 3077 484; x_wconf 82' lang='lat' dir='ltr'><strong>Et</strong></span> <span class='ocrx_word' id='word_1_248' title='bbox 3115 433 3331 502; x_wconf 87' lang='lat' dir='ltr'><strong>quoties</strong></span> <span class='ocrx_word' id='word_1_249' title='bbox 3368 440 3431 497; x_wconf 73' lang='lat' dir='ltr'><strong>in.</strong></span> <span class='ocrx_word' id='word_1_250' title='bbox 3466 467 3473 473; x_wconf 90' lang='lat'><strong><em>-</em></strong></span> 
     </span>
    </p>
   </div>
   <div class='ocr_carea' id='block_1_38' title="bbox 1832 504 3431 589">
    <p class='ocr_par' dir='ltr' id='par_1_38' title="bbox 1832 504 3431 589">
     <span class='ocr_line' id='line_1_38' title="bbox 1832 504 3431 589; baseline 0.023 -37"><span class='ocrx_word' id='word_1_251' title='bbox 1832 511 1947 554; x_wconf 69' lang='lat' dir='ltr'><strong>sua:</strong></span> <span class='ocrx_word' id='word_1_252' title='bbox 1976 504 2323 564; x_wconf 84' lang='lat' dir='ltr'><strong>necessitatis</strong></span> <span class='ocrx_word' id='word_1_253' title='bbox 2347 512 2651 569; x_wconf 89' lang='lat' dir='ltr'><strong>commodis</strong></span> <span class='ocrx_word' id='word_1_254' title='bbox 2672 522 2925 573; x_wconf 80' lang='lat' dir='ltr'><strong>nostrum</strong></span> <span class='ocrx_word' id='word_1_255' title='bbox 2949 535 3239 582; x_wconf 89' lang='lat' dir='ltr'><strong>assensum</strong></span> <span class='ocrx_word' id='word_1_256' title='bbox 3261 538 3315 585; x_wconf 87' lang='lat' dir='ltr'><strong>et</strong></span> <span class='ocrx_word' id='word_1_257' title='bbox 3342 546 3431 589; x_wconf 84' lang='lat' dir='ltr'><strong>so-</strong></span> 
     </span>
    </p>
   </div>
   <div class='ocr_carea' id='block_1_39' title="bbox 1833 587 3428 681">
    <p class='ocr_par' dir='ltr' id='par_1_39' title="bbox 1833 587 3428 681">
     <span class='ocr_line' id='line_1_39' title="bbox 1833 587 3428 681; baseline 0.023 -39"><span class='ocrx_word' id='word_1_258' title='bbox 1833 587 1986 647; x_wconf 89' lang='lat' dir='ltr'><strong>litum</strong></span> <span class='ocrx_word' id='word_1_259' title='bbox 2031 599 2346 664; x_wconf 73' lang='lat' dir='ltr'><strong>apostolica:</strong></span> <span class='ocrx_word' id='word_1_260' title='bbox 2379 605 2724 664; x_wconf 89' lang='lat' dir='ltr'><strong>auctoritatis</strong></span> <span class='ocrx_word' id='word_1_261' title='bbox 2770 610 3101 671; x_wconf 85' lang='lat' dir='ltr'><strong>studuerunt</strong></span> <span class='ocrx_word' id='word_1_262' title='bbox 3147 587 3428 681; x_wconf 78' lang='lat' dir='ltr'><strong>humiliter</strong></span> 
     </span>
    </p>
   </div>
   <div class='ocr_carea' id='block_1_40' title="bbox 1832 684 3427 775">
    <p class='ocr_par' dir='ltr' id='par_1_40' title="bbox 1832 684 3427 775">
     <span class='ocr_line' id='line_1_40' title="bbox 1832 684 3427 775; baseline 0.023 -39"><span class='ocrx_word' id='word_1_263' title='bbox 1832 684 2109 754; x_wconf 86' lang='lat' dir='ltr'><strong>requirere</strong></span> <span class='ocrx_word' id='word_1_264' title='bbox 2132 692 2471 764; x_wconf 63' lang='lat' dir='ltr'><strong>praesidium,</strong></span> <span class='ocrx_word' id='word_1_265' title='bbox 2510 698 2656 756; x_wconf 90' lang='lat' dir='ltr'><strong>ultro</strong></span> <span class='ocrx_word' id='word_1_266' title='bbox 2679 700 3033 775; x_wconf 74' lang='lat' dir='ltr'><strong>benignitatis</strong></span> <span class='ocrx_word' id='word_1_267' title='bbox 3074 706 3278 769; x_wconf 88' lang='lat' dir='ltr'><strong>intuitu</strong></span> <span class='ocrx_word' id='word_1_268' title='bbox 3322 731 3427 774; x_wconf 80' lang='lat' dir='ltr'><strong>nos</strong></span> 
     </span>
    </p>
   </div>
   <div class='ocr_carea' id='block_1_41' title="bbox 1831 779 3425 869">
    <p class='ocr_par' dir='ltr' id='par_1_41' title="bbox 1831 779 3425 869">
     <span class='ocr_line' id='line_1_41' title="bbox 1831 779 3425 869; baseline 0.022 -40"><span class='ocrx_word' id='word_1_269' title='bbox 1831 779 2081 835; x_wconf 86' lang='lat' dir='ltr'><strong>convenit</strong></span> <span class='ocrx_word' id='word_1_270' title='bbox 2105 782 2399 843; x_wconf 88' lang='lat' dir='ltr'><strong>subvenire</strong></span> <span class='ocrx_word' id='word_1_271' title='bbox 2422 798 2477 844; x_wconf 91' lang='lat' dir='ltr'><strong>et</strong></span> <span class='ocrx_word' id='word_1_272' title='bbox 2503 791 2606 847; x_wconf 87' lang='lat' dir='ltr'><strong>rite</strong></span> <span class='ocrx_word' id='word_1_273' title='bbox 2626 808 2727 864; x_wconf 88' lang='lat' dir='ltr'><strong>pro</strong></span> <span class='ocrx_word' id='word_1_274' title='bbox 2753 811 2951 869; x_wconf 77' lang='lat' dir='ltr'><strong>magna</strong></span> <span class='ocrx_word' id='word_1_275' title='bbox 2972 802 3267 861; x_wconf 85' lang='lat' dir='ltr'><strong>securitate</strong></span> <span class='ocrx_word' id='word_1_276' title='bbox 3287 807 3425 867; x_wconf 83' lang='lat' dir='ltr'><strong>soli-</strong></span> 
     </span>
    </p>
   </div>
   <div class='ocr_carea' id='block_1_42' title="bbox 1829 867 3422 962">
    <p class='ocr_par' dir='ltr' id='par_1_42' title="bbox 1829 867 3422 962">
     <span class='ocr_line' id='line_1_42' title="bbox 1829 867 3422 962; baseline 0.022 -39"><span class='ocrx_word' id='word_1_277' title='bbox 1829 867 1981 936; x_wconf 87' lang='lat' dir='ltr'><strong>dare,</strong></span> <span class='ocrx_word' id='word_1_278' title='bbox 2008 881 2070 928; x_wconf 89' lang='lat' dir='ltr'><strong>ut</strong></span> <span class='ocrx_word' id='word_1_279' title='bbox 2095 889 2163 929; x_wconf 74' lang='lat' dir='ltr'><strong>ex</strong></span> <span class='ocrx_word' id='word_1_280' title='bbox 2191 876 2299 933; x_wconf 88' lang='lat' dir='ltr'><strong>hoc</strong></span> <span class='ocrx_word' id='word_1_281' title='bbox 2325 880 2485 937; x_wconf 85' lang='lat' dir='ltr'><strong>nobis</strong></span> <span class='ocrx_word' id='word_1_282' title='bbox 2512 867 2864 954; x_wconf 85' lang='lat' dir='ltr'><strong>potissimum</strong></span> <span class='ocrx_word' id='word_1_283' title='bbox 2893 894 3181 962; x_wconf 67' lang='lat' dir='ltr'><strong>praemium</strong></span> <span class='ocrx_word' id='word_1_284' title='bbox 3211 913 3242 954; x_wconf 88' lang='lat' dir='ltr'><strong>a</strong></span> <span class='ocrx_word' id='word_1_285' title='bbox 3269 899 3422 958; x_wconf 84' lang='lat' dir='ltr'><strong>Con-</strong></span> 
     </span>
    </p>
   </div>
   <div class='ocr_carea' id='block_1_43' title="bbox 1827 961 3421 1052">
    <p class='ocr_par' dir='ltr' id='par_1_43' title="bbox 1827 961 3421 1052">
     <span class='ocr_line' id='line_1_43' title="bbox 1827 961 3421 1052; baseline 0.023 -36"><span class='ocrx_word' id='word_1_286' title='bbox 1827 961 2003 1019; x_wconf 86' lang='lat' dir='ltr'><strong>ditore</strong></span> <span class='ocrx_word' id='word_1_287' title='bbox 2025 968 2299 1037; x_wconf 88' lang='lat' dir='ltr'><strong>omnium,</strong></span> <span class='ocrx_word' id='word_1_288' title='bbox 2342 971 2475 1041; x_wconf 91' lang='lat' dir='ltr'><strong>Deo,</strong></span> <span class='ocrx_word' id='word_1_289' title='bbox 2501 975 2556 1032; x_wconf 92' lang='lat' dir='ltr'><strong>in</strong></span> <span class='ocrx_word' id='word_1_290' title='bbox 2584 978 2814 1038; x_wconf 87' lang='lat' dir='ltr'><strong>sidereis</strong></span> <span class='ocrx_word' id='word_1_291' title='bbox 2837 985 3059 1043; x_wconf 81' lang='lat' dir='ltr'><strong>arcibus</strong></span> <span class='ocrx_word' id='word_1_292' title='bbox 3096 994 3421 1052; x_wconf 86' lang='lat' dir='ltr'><strong>conscriba-</strong></span> 
     </span>
    </p>
   </div>
   <div class='ocr_carea' id='block_1_44' title="bbox 1824 1054 3422 1148">
    <p class='ocr_par' dir='ltr' id='par_1_44' title="bbox 1824 1054 3422 1148">
     <span class='ocr_line' id='line_1_44' title="bbox 1824 1054 3422 1148; baseline 0.022 -39"><span class='ocrx_word' id='word_1_293' title='bbox 1824 1062 1938 1111; x_wconf 88' lang='lat' dir='ltr'><strong>tur.</strong></span> <span class='ocrx_word' id='word_1_294' title='bbox 1962 1054 2030 1112; x_wconf 86' lang='lat' dir='ltr'><strong>Et</strong></span> <span class='ocrx_word' id='word_1_295' title='bbox 2050 1058 2172 1116; x_wconf 85' lang='lat' dir='ltr'><strong>ideo</strong></span> <span class='ocrx_word' id='word_1_296' title='bbox 2190 1064 2322 1133; x_wconf 84' lang='lat' dir='ltr'><strong>quia</strong></span> <span class='ocrx_word' id='word_1_297' title='bbox 2340 1068 2632 1135; x_wconf 87' lang='lat' dir='ltr'><strong>postulasti</strong></span> <span class='ocrx_word' id='word_1_298' title='bbox 2654 1085 2687 1125; x_wconf 88' lang='lat' dir='ltr'><strong>a</strong></span> <span class='ocrx_word' id='word_1_299' title='bbox 2707 1074 2866 1129; x_wconf 86' lang='lat' dir='ltr'><strong>nobis</strong></span> <span class='ocrx_word' id='word_1_300' title='bbox 2890 1084 2952 1132; x_wconf 89' lang='lat' dir='ltr'><strong>ut</strong></span> <span class='ocrx_word' id='word_1_301' title='bbox 2978 1080 3268 1148; x_wconf 74' lang='lat' dir='ltr'><strong>priefatum</strong></span> <span class='ocrx_word' id='word_1_302' title='bbox 3301 1103 3422 1145; x_wconf 81' lang='lat' dir='ltr'><strong>mo-</strong></span> 
     </span>
    </p>
   </div>
   <div class='ocr_carea' id='block_1_45' title="bbox 1827 1151 3417 1249">
    <p class='ocr_par' dir='ltr' id='par_1_45' title="bbox 1827 1151 3417 1249">
     <span class='ocr_line' id='line_1_45' title="bbox 1827 1151 3417 1249; baseline 0.023 -47"><span class='ocrx_word' id='word_1_303' title='bbox 1827 1151 2129 1210; x_wconf 84' lang='lat' dir='ltr'><strong>nasterium</strong></span> <span class='ocrx_word' id='word_1_304' title='bbox 2172 1160 2486 1228; x_wconf 67' lang='lat' dir='ltr'><strong>apostolica:</strong></span> <span class='ocrx_word' id='word_1_305' title='bbox 2513 1166 2858 1223; x_wconf 84' lang='lat' dir='ltr'><strong>auctoritatis</strong></span> <span class='ocrx_word' id='word_1_306' title='bbox 2878 1171 3020 1227; x_wconf 76' lang='lat' dir='ltr'><strong>serie</strong></span> <span class='ocrx_word' id='word_1_307' title='bbox 3043 1177 3417 1249; x_wconf 88' lang='lat' dir='ltr'><strong>muniremus,</strong></span> 
     </span>
    </p>
   </div>
   <div class='ocr_carea' id='block_1_46' title="bbox 1825 1244 3420 1331">
    <p class='ocr_par' dir='ltr' id='par_1_46' title="bbox 1825 1244 3420 1331">
     <span class='ocr_line' id='line_1_46' title="bbox 1825 1244 3420 1331; baseline 0.022 -36"><span class='ocrx_word' id='word_1_308' title='bbox 1825 1248 1882 1294; x_wconf 90' lang='lat' dir='ltr'><strong>et</strong></span> <span class='ocrx_word' id='word_1_309' title='bbox 1907 1244 2092 1301; x_wconf 80' lang='lat' dir='ltr'><strong>omnia</strong></span> <span class='ocrx_word' id='word_1_310' title='bbox 2115 1247 2243 1318; x_wconf 82' lang='lat' dir='ltr'><strong>ejus</strong></span> <span class='ocrx_word' id='word_1_311' title='bbox 2260 1253 2589 1320; x_wconf 83' lang='lat' dir='ltr'><strong>pertinentia</strong></span> <span class='ocrx_word' id='word_1_312' title='bbox 2612 1259 2842 1327; x_wconf 85' lang='lat' dir='ltr'><strong>perenni</strong></span> <span class='ocrx_word' id='word_1_313' title='bbox 2863 1260 2991 1331; x_wconf 88' lang='lat' dir='ltr'><strong>jure</strong></span> <span class='ocrx_word' id='word_1_314' title='bbox 3018 1265 3218 1324; x_wconf 78' lang='lat' dir='ltr'><strong>ibidem</strong></span> <span class='ocrx_word' id='word_1_315' title='bbox 3242 1271 3420 1330; x_wconf 90' lang='lat' dir='ltr'><strong>invio-</strong></span> 
     </span>
    </p>
   </div>
   <div class='ocr_carea' id='block_1_47' title="bbox 1826 1331 3455 1432">
    <p class='ocr_par' dir='ltr' id='par_1_47' title="bbox 1826 1331 3455 1432">
     <span class='ocr_line' id='line_1_47' title="bbox 1826 1331 3455 1432; baseline 0.024 -46"><span class='ocrx_word' id='word_1_316' title='bbox 1826 1331 2062 1392; x_wconf 89' lang='lat' dir='ltr'><strong>labiliter</strong></span> <span class='ocrx_word' id='word_1_317' title='bbox 2090 1345 2462 1408; x_wconf 84' lang='lat' dir='ltr'><strong>permanendo</strong></span> <span class='ocrx_word' id='word_1_318' title='bbox 2489 1349 2944 1410; x_wconf 82' lang='lat' dir='ltr'><strong>contirmaremus</strong></span> <span class='ocrx_word' id='word_1_319' title='bbox 2965 1365 3022 1412; x_wconf 86' lang='lat' dir='ltr'><strong>et</strong></span> <span class='ocrx_word' id='word_1_320' title='bbox 3040 1360 3250 1432; x_wconf 88' lang='lat' dir='ltr'><strong>absque</strong></span> <span class='ocrx_word' id='word_1_321' title='bbox 3266 1370 3421 1424; x_wconf 90' lang='lat' dir='ltr'><strong>omni</strong></span> <span class='ocrx_word' id='word_1_322' title='bbox 3450 1400 3455 1407; x_wconf 65' lang='grc' dir='ltr'><strong>ι</strong></span> 
     </span>
    </p>
   </div>
   <div class='ocr_carea' id='block_1_48' title="bbox 1818 1424 3419 1517">
    <p class='ocr_par' dir='ltr' id='par_1_48' title="bbox 1818 1424 3419 1517">
     <span class='ocr_line' id='line_1_48' title="bbox 1818 1424 3419 1517; baseline 0.022 -37"><span class='ocrx_word' id='word_1_323' title='bbox 1818 1424 1954 1498; x_wconf 76' lang='lat' dir='ltr'><strong>jugo</strong></span> <span class='ocrx_word' id='word_1_324' title='bbox 1977 1445 2075 1486; x_wconf 88' lang='lat' dir='ltr'><strong>seu</strong></span> <span class='ocrx_word' id='word_1_325' title='bbox 2112 1433 2320 1491; x_wconf 79' lang='lat' dir='ltr'><strong>ditione</strong></span> <span class='ocrx_word' id='word_1_326' title='bbox 2344 1438 2725 1512; x_wconf 80' lang='lat' dir='ltr'><strong>cujuscunque</strong></span> <span class='ocrx_word' id='word_1_327' title='bbox 2749 1459 3030 1516; x_wconf 65' lang='lat' dir='ltr'><strong>personae,</strong></span> <span class='ocrx_word' id='word_1_328' title='bbox 3059 1424 3419 1517; x_wconf 57' lang='lat' dir='ltr'><strong>coristahilire</strong></span> 
     </span>
    </p>
   </div>
   <div class='ocr_carea' id='block_1_49' title="bbox 1822 1522 3449 1615">
    <p class='ocr_par' dir='ltr' id='par_1_49' title="bbox 1822 1522 3449 1615">
     <span class='ocr_line' id='line_1_49' title="bbox 1822 1522 3449 1615; baseline 0.022 -42"><span class='ocrx_word' id='word_1_329' title='bbox 1822 1522 1996 1577; x_wconf 83' lang='lat' dir='ltr'><strong>nostri</strong></span> <span class='ocrx_word' id='word_1_330' title='bbox 2048 1525 2315 1598; x_wconf 76' lang='lat' dir='ltr'><strong>privilegii</strong></span> <span class='ocrx_word' id='word_1_331' title='bbox 2348 1532 2545 1603; x_wconf 77' lang='lat' dir='ltr'><strong>pagina</strong></span> <span class='ocrx_word' id='word_1_332' title='bbox 2580 1536 2946 1607; x_wconf 80' lang='lat' dir='ltr'><strong>studeremus,</strong></span> <span class='ocrx_word' id='word_1_333' title='bbox 2985 1552 3269 1615; x_wconf 81' lang='lat' dir='ltr'><strong>propterea</strong></span> <span class='ocrx_word' id='word_1_334' title='bbox 3307 1551 3449 1608; x_wconf 81' lang='lat' dir='ltr'><strong>tuis.</strong></span> 
     </span>
    </p>
   </div>
   <div class='ocr_carea' id='block_1_50' title="bbox 1822 1609 3451 1710">
    <p class='ocr_par' dir='ltr' id='par_1_50' title="bbox 1822 1609 3451 1710">
     <span class='ocr_line' id='line_1_50' title="bbox 1822 1609 3451 1710; baseline 0.016 -45"><span class='ocrx_word' id='word_1_335' title='bbox 1822 1609 1994 1669; x_wconf 80' lang='lat' dir='ltr'><strong>ﬂexus</strong></span> <span class='ocrx_word' id='word_1_336' title='bbox 2022 1618 2297 1687; x_wconf 83' lang='lat' dir='ltr'><strong>precibus,</strong></span> <span class='ocrx_word' id='word_1_337' title='bbox 2329 1636 2427 1691; x_wconf 91' lang='lat' dir='ltr'><strong>per</strong></span> <span class='ocrx_word' id='word_1_338' title='bbox 2451 1623 2616 1694; x_wconf 83' lang='lat' dir='ltr'><strong>hujus</strong></span> <span class='ocrx_word' id='word_1_339' title='bbox 2646 1637 2850 1686; x_wconf 65' lang='lat' dir='ltr'><strong>nostra</strong></span> <span class='ocrx_word' id='word_1_340' title='bbox 2876 1609 3220 1692; x_wconf 76' lang='lat' dir='ltr'><strong>auctoritatis</strong></span> <span class='ocrx_word' id='word_1_341' title='bbox 3243 1640 3451 1710; x_wconf 76' lang='lat' dir='ltr'><strong>privi-.,</strong></span> 
     </span>
    </p>
   </div>
   <div class='ocr_carea' id='block_1_51' title="bbox 1822 1701 3420 1790">
    <p class='ocr_par' dir='ltr' id='par_1_51' title="bbox 1822 1701 3420 1790">
     <span class='ocr_line' id='line_1_51' title="bbox 1822 1701 3420 1790; baseline 0.021 -34"><span class='ocrx_word' id='word_1_342' title='bbox 1822 1701 2022 1774; x_wconf 80' lang='lat' dir='ltr'><strong>legium</strong></span> <span class='ocrx_word' id='word_1_343' title='bbox 2052 1716 2354 1766; x_wconf 89' lang='lat' dir='ltr'><strong>statuentes</strong></span> <span class='ocrx_word' id='word_1_344' title='bbox 2374 1712 2724 1775; x_wconf 71' lang='lat' dir='ltr'><strong>decernimus</strong></span> <span class='ocrx_word' id='word_1_345' title='bbox 2752 1727 2816 1776; x_wconf 86' lang='lat' dir='ltr'><strong>ut</strong></span> <span class='ocrx_word' id='word_1_346' title='bbox 2842 1733 3038 1779; x_wconf 88' lang='lat' dir='ltr'><strong>cuncta</strong></span> <span class='ocrx_word' id='word_1_347' title='bbox 3072 1726 3193 1783; x_wconf 87' lang='lat' dir='ltr'><strong>loca</strong></span> <span class='ocrx_word' id='word_1_348' title='bbox 3220 1701 3277 1786; x_wconf 68' lang='lat' dir='ltr'><strong>et</strong></span> <span class='ocrx_word' id='word_1_349' title='bbox 3302 1748 3420 1790; x_wconf 86' lang='lat' dir='ltr'><strong>mo-</strong></span> 
     </span>
    </p>
   </div>
   <div class='ocr_carea' id='block_1_52' title="bbox 1816 1797 3420 1898">
    <p class='ocr_par' dir='ltr' id='par_1_52' title="bbox 1816 1797 3420 1898">
     <span class='ocr_line' id='line_1_52' title="bbox 1816 1797 3420 1898; baseline 0.022 -50"><span class='ocrx_word' id='word_1_350' title='bbox 1816 1797 2077 1864; x_wconf 85' lang='lat' dir='ltr'><strong>nasteria,</strong></span> <span class='ocrx_word' id='word_1_351' title='bbox 2099 1800 2170 1855; x_wconf 91' lang='lat' dir='ltr'><strong>ad</strong></span> <span class='ocrx_word' id='word_1_352' title='bbox 2198 1805 2575 1873; x_wconf 86' lang='lat' dir='ltr'><strong>supradictum</strong></span> <span class='ocrx_word' id='word_1_353' title='bbox 2599 1807 2926 1873; x_wconf 87' lang='lat' dir='ltr'><strong>Cluniacum</strong></span> <span class='ocrx_word' id='word_1_354' title='bbox 2952 1821 3266 1879; x_wconf 70' lang='lat' dir='ltr'><strong>cmaobium</strong></span> <span class='ocrx_word' id='word_1_355' title='bbox 3292 1841 3420 1898; x_wconf 88' lang='lat' dir='ltr'><strong>per-</strong></span> 
     </span>
    </p>
   </div>
   <div class='ocr_carea' id='block_1_53' title="bbox 1818 1885 3451 1991">
    <p class='ocr_par' dir='ltr' id='par_1_53' title="bbox 1818 1885 3451 1991">
     <span class='ocr_line' id='line_1_53' title="bbox 1818 1885 3451 1991; baseline 0.025 -52"><span class='ocrx_word' id='word_1_356' title='bbox 1818 1885 2064 1957; x_wconf 78' lang='lat' dir='ltr'><strong>tinentia,</strong></span> <span class='ocrx_word' id='word_1_357' title='bbox 2101 1907 2225 1963; x_wconf 61' lang='lat' dir='ltr'><strong>qua</strong></span> <span class='ocrx_word' id='word_1_358' title='bbox 2262 1895 2332 1951; x_wconf 90' lang='lat' dir='ltr'><strong>ab</strong></span> <span class='ocrx_word' id='word_1_359' title='bbox 2372 1898 2650 1970; x_wconf 83' lang='lat' dir='ltr'><strong>aliquibus</strong></span> <span class='ocrx_word' id='word_1_360' title='bbox 2688 1905 3024 1968; x_wconf 80' lang='lat' dir='ltr'><strong>ﬁdelissimis</strong></span> <span class='ocrx_word' id='word_1_361' title='bbox 3054 1885 3415 1991; x_wconf 66' lang='lat' dir='ltr'><strong>Christianis,</strong></span> <span class='ocrx_word' id='word_1_362' title='bbox 3448 1946 3451 1949; x_wconf 94' lang='grc'>·</span> 
     </span>
    </p>
   </div>
   <div class='ocr_carea' id='block_1_54' title="bbox 1816 1979 3449 2074">
    <p class='ocr_par' dir='ltr' id='par_1_54' title="bbox 1816 1979 3449 2074">
     <span class='ocr_line' id='line_1_54' title="bbox 1816 1979 3449 2074; baseline 0.023 -43"><span class='ocrx_word' id='word_1_363' title='bbox 1816 1979 2058 2051; x_wconf 73' lang='lat' dir='ltr'><strong>regibus,</strong></span> <span class='ocrx_word' id='word_1_364' title='bbox 2088 1985 2379 2057; x_wconf 84' lang='lat' dir='ltr'><strong>episcopis,</strong></span> <span class='ocrx_word' id='word_1_365' title='bbox 2407 1989 2663 2063; x_wconf 85' lang='lat' dir='ltr'><strong>ducibus,</strong></span> <span class='ocrx_word' id='word_1_366' title='bbox 2706 2012 2809 2054; x_wconf 81' lang='lat' dir='ltr'><strong>seu</strong></span> <span class='ocrx_word' id='word_1_367' title='bbox 2854 2002 3199 2074; x_wconf 81' lang='lat' dir='ltr'><strong>principibus</strong></span> <span class='ocrx_word' id='word_1_368' title='bbox 3233 1979 3449 2068; x_wconf 50' lang='lat' dir='ltr'><strong>eidem.</strong></span> 
     </span>
    </p>
   </div>
   <div class='ocr_carea' id='block_1_55' title="bbox 1815 2072 3414 2175">
    <p class='ocr_par' dir='ltr' id='par_1_55' title="bbox 1815 2072 3414 2175">
     <span class='ocr_line' id='line_1_55' title="bbox 1815 2072 3414 2175; baseline 0.023 -49"><span class='ocrx_word' id='word_1_369' title='bbox 1815 2072 1939 2129; x_wconf 89' lang='lat' dir='ltr'><strong>loco</strong></span> <span class='ocrx_word' id='word_1_370' title='bbox 1960 2085 2091 2131; x_wconf 87' lang='lat' dir='ltr'><strong>sunt</strong></span> <span class='ocrx_word' id='word_1_371' title='bbox 2110 2094 2370 2138; x_wconf 84' lang='lat' dir='ltr'><strong>concessa</strong></span> <span class='ocrx_word' id='word_1_372' title='bbox 2391 2093 2447 2139; x_wconf 87' lang='lat' dir='ltr'><strong>et</strong></span> <span class='ocrx_word' id='word_1_373' title='bbox 2466 2086 2537 2143; x_wconf 91' lang='lat' dir='ltr'><strong>ab</strong></span> <span class='ocrx_word' id='word_1_374' title='bbox 2563 2096 3007 2153; x_wconf 76' lang='lat' dir='ltr'><strong>antecessoribus</strong></span> <span class='ocrx_word' id='word_1_375' title='bbox 3030 2072 3140 2159; x_wconf 81' lang='lat' dir='ltr'><strong>tuis</strong></span> <span class='ocrx_word' id='word_1_376' title='bbox 3169 2107 3414 2175; x_wconf 86' lang='lat' dir='ltr'><strong>acquisi-</strong></span> 
     </span>
    </p>
   </div>
   <div class='ocr_carea' id='block_1_56' title="bbox 1817 2166 3415 2259">
    <p class='ocr_par' dir='ltr' id='par_1_56' title="bbox 1817 2166 3415 2259">
     <span class='ocr_line' id='line_1_56' title="bbox 1817 2166 3415 2259; baseline 0.025 -42"><span class='ocrx_word' id='word_1_377' title='bbox 1817 2172 1891 2230; x_wconf 89' lang='lat' dir='ltr'><strong>ta,</strong></span> <span class='ocrx_word' id='word_1_378' title='bbox 1931 2166 2189 2245; x_wconf 16' lang='lat' dir='ltr'><strong>Bernone‘</strong></span> <span class='ocrx_word' id='word_1_379' title='bbox 2203 2173 2471 2244; x_wconf 77' lang='lat' dir='ltr'><strong>videlicet,</strong></span> <span class='ocrx_word' id='word_1_380' title='bbox 2493 2177 3020 2259; x_wconf 44' lang='lat' dir='ltr'><strong>Odonerliymardo,</strong></span> <span class='ocrx_word' id='word_1_381' title='bbox 3049 2203 3105 2249; x_wconf 87' lang='lat' dir='ltr'><strong>et</strong></span> <span class='ocrx_word' id='word_1_382' title='bbox 3128 2166 3304 2254; x_wconf 63' lang='lat' dir='ltr'><strong>beata}</strong></span> <span class='ocrx_word' id='word_1_383' title='bbox 3323 2216 3415 2255; x_wconf 88' lang='lat' dir='ltr'><strong>re-</strong></span> 
     </span>
    </p>
   </div>
   <div class='ocr_carea' id='block_1_57' title="bbox 1817 2259 3412 2349">
    <p class='ocr_par' dir='ltr' id='par_1_57' title="bbox 1817 2259 3412 2349">
     <span class='ocr_line' id='line_1_57' title="bbox 1817 2259 3412 2349; baseline 0.023 -36"><span class='ocrx_word' id='word_1_384' title='bbox 1817 2259 2149 2321; x_wconf 77' lang='lat' dir='ltr'><strong>cordationis</strong></span> <span class='ocrx_word' id='word_1_385' title='bbox 2190 2264 2248 2320; x_wconf 91' lang='lat' dir='ltr'><strong>S.</strong></span> <span class='ocrx_word' id='word_1_386' title='bbox 2289 2266 2524 2340; x_wconf 69' lang='lat' dir='ltr'><strong>Hajolo,</strong></span> <span class='ocrx_word' id='word_1_387' title='bbox 2568 2283 2624 2330; x_wconf 85' lang='lat' dir='ltr'><strong>et</strong></span> <span class='ocrx_word' id='word_1_388' title='bbox 2662 2276 2820 2335; x_wconf 63' lang='lat' dir='ltr'><strong>bona;</strong></span> <span class='ocrx_word' id='word_1_389' title='bbox 2865 2286 3145 2342; x_wconf 67' lang='lat' dir='ltr'><strong>memoriae</strong></span> <span class='ocrx_word' id='word_1_390' title='bbox 3176 2287 3412 2349; x_wconf 86' lang='lat' dir='ltr'><strong>0dilone</strong></span> 
     </span>
    </p>
   </div>
   <div class='ocr_carea' id='block_1_58' title="bbox 1814 2353 3409 2442">
    <p class='ocr_par' dir='ltr' id='par_1_58' title="bbox 1814 2353 3409 2442">
     <span class='ocr_line' id='line_1_58' title="bbox 1814 2353 3409 2442; baseline 0.023 -37"><span class='ocrx_word' id='word_1_391' title='bbox 1814 2353 2215 2420; x_wconf 52' lang='lat' dir='ltr'><strong>praedecessore</strong></span> <span class='ocrx_word' id='word_1_392' title='bbox 2234 2367 2350 2428; x_wconf 91' lang='lat' dir='ltr'><strong>tuo,</strong></span> <span class='ocrx_word' id='word_1_393' title='bbox 2373 2365 2456 2419; x_wconf 90' lang='lat' dir='ltr'><strong>vel</strong></span> <span class='ocrx_word' id='word_1_394' title='bbox 2481 2381 2825 2442; x_wconf 66' lang='lat' dir='ltr'><strong>quaecunque</strong></span> <span class='ocrx_word' id='word_1_395' title='bbox 2840 2375 2914 2429; x_wconf 90' lang='lat' dir='ltr'><strong>ad</strong></span> <span class='ocrx_word' id='word_1_396' title='bbox 2939 2379 3193 2436; x_wconf 82' lang='lat' dir='ltr'><strong>eumdem</strong></span> <span class='ocrx_word' id='word_1_397' title='bbox 3224 2383 3409 2441; x_wconf 88' lang='lat' dir='ltr'><strong>locum</strong></span> 
     </span>
    </p>
   </div>
   <div class='ocr_carea' id='block_1_59' title="bbox 1814 2445 3405 2545">
    <p class='ocr_par' dir='ltr' id='par_1_59' title="bbox 1814 2445 3405 2545">
     <span class='ocr_line' id='line_1_59' title="bbox 1814 2445 3405 2545; baseline 0.023 -47"><span class='ocrx_word' id='word_1_398' title='bbox 1814 2445 2089 2513; x_wconf 81' lang='lat' dir='ltr'><strong>pertinere</strong></span> <span class='ocrx_word' id='word_1_399' title='bbox 2134 2450 2418 2523; x_wconf 89' lang='lat' dir='ltr'><strong>videntur,</strong></span> <span class='ocrx_word' id='word_1_400' title='bbox 2466 2459 2674 2531; x_wconf 86' lang='lat' dir='ltr'><strong>absque</strong></span> <span class='ocrx_word' id='word_1_401' title='bbox 2727 2464 2895 2522; x_wconf 90' lang='lat' dir='ltr'><strong>ullius</strong></span> <span class='ocrx_word' id='word_1_402' title='bbox 2948 2474 3405 2545; x_wconf 85' lang='lat' dir='ltr'><strong>contradictione,</strong></span> 
     </span>
    </p>
   </div>
   <div class='ocr_carea' id='block_1_60' title="bbox 1814 2547 3407 2637">
    <p class='ocr_par' dir='ltr' id='par_1_60' title="bbox 1814 2547 3407 2637">
     <span class='ocr_line' id='line_1_60' title="bbox 1814 2547 3407 2637; baseline 0.021 -44"><span class='ocrx_word' id='word_1_403' title='bbox 1814 2551 1940 2593; x_wconf 80' lang='lat' dir='ltr'><strong>cum</strong></span> <span class='ocrx_word' id='word_1_404' title='bbox 1968 2554 2166 2611; x_wconf 74' lang='lat' dir='ltr'><strong>magna</strong></span> <span class='ocrx_word' id='word_1_405' title='bbox 2191 2547 2485 2606; x_wconf 85' lang='lat' dir='ltr'><strong>securitate</strong></span> <span class='ocrx_word' id='word_1_406' title='bbox 2508 2553 2728 2623; x_wconf 88' lang='lat' dir='ltr'><strong>quietus</strong></span> <span class='ocrx_word' id='word_1_407' title='bbox 2756 2557 2957 2618; x_wconf 87' lang='lat' dir='ltr'><strong>debeas</strong></span> <span class='ocrx_word' id='word_1_408' title='bbox 2992 2566 3274 2632; x_wconf 80' lang='lat' dir='ltr'><strong>possidere</strong></span> <span class='ocrx_word' id='word_1_409' title='bbox 3298 2586 3314 2637; x_wconf 87' lang='lat'><strong>;</strong></span> <span class='ocrx_word' id='word_1_410' title='bbox 3350 2579 3407 2627; x_wconf 84' lang='lat' dir='ltr'><strong>et</strong></span> 
     </span>
    </p>
   </div>
   <div class='ocr_carea' id='block_1_61' title="bbox 1814 2634 3410 2725">
    <p class='ocr_par' dir='ltr' id='par_1_61' title="bbox 1814 2634 3410 2725">
     <span class='ocr_line' id='line_1_61' title="bbox 1814 2634 3410 2725; baseline 0.023 -43"><span class='ocrx_word' id='word_1_411' title='bbox 1814 2643 1912 2697; x_wconf 87' lang='lat' dir='ltr'><strong>per</strong></span> <span class='ocrx_word' id='word_1_412' title='bbox 1939 2638 2020 2696; x_wconf 85' lang='lat' dir='ltr'><strong>te,</strong></span> <span class='ocrx_word' id='word_1_413' title='bbox 2051 2634 2292 2693; x_wconf 87' lang='lat' dir='ltr'><strong>universi</strong></span> <span class='ocrx_word' id='word_1_414' title='bbox 2317 2655 2669 2703; x_wconf 82' lang='lat' dir='ltr'><strong>successores</strong></span> <span class='ocrx_word' id='word_1_415' title='bbox 2694 2649 2774 2703; x_wconf 90' lang='lat' dir='ltr'><strong>tui</strong></span> <span class='ocrx_word' id='word_1_416' title='bbox 2804 2649 2859 2706; x_wconf 92' lang='lat' dir='ltr'><strong>in</strong></span> <span class='ocrx_word' id='word_1_417' title='bbox 2896 2664 3243 2725; x_wconf 80' lang='lat' dir='ltr'><strong>perpetuum.</strong></span> <span class='ocrx_word' id='word_1_418' title='bbox 3275 2634 3410 2718; x_wconf 73' lang='lat' dir='ltr'><strong>Nec-</strong></span> 
     </span>
    </p>
   </div>
   <div class='ocr_carea' id='block_1_62' title="bbox 1812 2725 3435 2811">
    <p class='ocr_par' dir='ltr' id='par_1_62' title="bbox 1812 2725 3435 2811">
     <span class='ocr_line' id='line_1_62' title="bbox 1812 2725 3435 2811; baseline 0.023 -37"><span class='ocrx_word' id='word_1_419' title='bbox 1812 2734 1922 2776; x_wconf 90' lang='lat' dir='ltr'><strong>non</strong></span> <span class='ocrx_word' id='word_1_420' title='bbox 1963 2725 2069 2780; x_wconf 90' lang='lat' dir='ltr'><strong>sub</strong></span> <span class='ocrx_word' id='word_1_421' title='bbox 2101 2726 2270 2785; x_wconf 88' lang='lat' dir='ltr'><strong>divini</strong></span> <span class='ocrx_word' id='word_1_422' title='bbox 2304 2730 2498 2802; x_wconf 87' lang='lat' dir='ltr'><strong>judicii</strong></span> <span class='ocrx_word' id='word_1_423' title='bbox 2535 2740 2975 2809; x_wconf 66' lang='lat' dir='ltr'><strong>promulgatione</strong></span> <span class='ocrx_word' id='word_1_424' title='bbox 3016 2757 3071 2803; x_wconf 90' lang='lat' dir='ltr'><strong>et</strong></span> <span class='ocrx_word' id='word_1_425' title='bbox 3103 2753 3435 2811; x_wconf 71' lang='lat' dir='ltr'><strong>coaﬁrma-‘</strong></span> 
     </span>
    </p>
   </div>
   <div class='ocr_carea' id='block_1_63' title="bbox 1814 2812 3400 2903">
    <p class='ocr_par' dir='ltr' id='par_1_63' title="bbox 1814 2812 3400 2903">
     <span class='ocr_line' id='line_1_63' title="bbox 1814 2812 3400 2903; baseline 0.023 -36"><span class='ocrx_word' id='word_1_426' title='bbox 1814 2812 1977 2882; x_wconf 84' lang='lat' dir='ltr'><strong>tione,</strong></span> <span class='ocrx_word' id='word_1_427' title='bbox 2026 2826 2084 2872; x_wconf 88' lang='lat' dir='ltr'><strong>et</strong></span> <span class='ocrx_word' id='word_1_428' title='bbox 2127 2816 2492 2883; x_wconf 79' lang='lat' dir='ltr'><strong>a&#39;nathematis</strong></span> <span class='ocrx_word' id='word_1_429' title='bbox 2531 2829 2930 2903; x_wconf 62' lang='lat' dir='ltr'><strong>interdictione,</strong></span> <span class='ocrx_word' id='word_1_430' title='bbox 2978 2843 3400 2903; x_wconf 78' lang='lat' dir='ltr'><strong>corroborantes</strong></span> 
     </span>
    </p>
   </div>
   <div class='ocr_carea' id='block_1_64' title="bbox 1811 2906 3409 3002">
    <p class='ocr_par' dir='ltr' id='par_1_64' title="bbox 1811 2906 3409 3002">
     <span class='ocr_line' id='line_1_64' title="bbox 1811 2906 3409 3002; baseline 0.023 -41"><span class='ocrx_word' id='word_1_431' title='bbox 1811 2906 2155 2967; x_wconf 61' lang='lat' dir='ltr'><strong>decrevimus</strong></span> <span class='ocrx_word' id='word_1_432' title='bbox 2174 2921 2237 2969; x_wconf 90' lang='lat' dir='ltr'><strong>ut</strong></span> <span class='ocrx_word' id='word_1_433' title='bbox 2259 2916 2445 2977; x_wconf 84' lang='lat' dir='ltr'><strong>nullus</strong></span> <span class='ocrx_word' id='word_1_434' title='bbox 2465 2921 2779 2995; x_wconf 84' lang='lat' dir='ltr'><strong>episcopus,</strong></span> <span class='ocrx_word' id='word_1_435' title='bbox 2816 2943 2917 2984; x_wconf 89' lang='lat' dir='ltr'><strong>seu</strong></span> <span class='ocrx_word' id='word_1_436' title='bbox 2955 2933 3186 3002; x_wconf 83' lang='lat' dir='ltr'><strong>quilibet</strong></span> <span class='ocrx_word' id='word_1_437' title='bbox 3210 2950 3409 2996; x_wconf 58' lang='lat' dir='ltr'><strong>sacer.</strong></span> 
     </span>
    </p>
   </div>
   <div class='ocr_carea' id='block_1_65' title="bbox 1810 3000 3408 3095">
    <p class='ocr_par' dir='ltr' id='par_1_65' title="bbox 1810 3000 3408 3095">
     <span class='ocr_line' id='line_1_65' title="bbox 1810 3000 3408 3095; baseline 0.021 -41"><span class='ocrx_word' id='word_1_438' title='bbox 1810 3000 2020 3069; x_wconf 84' lang='lat' dir='ltr'><strong>dctum,</strong></span> <span class='ocrx_word' id='word_1_439' title='bbox 2092 3022 2149 3061; x_wconf 89' lang='grc' dir='ltr'><strong>ιιι</strong></span> <span class='ocrx_word' id='word_1_440' title='bbox 2200 3008 2394 3066; x_wconf 89' lang='lat' dir='ltr'><strong>eodem</strong></span> <span class='ocrx_word' id='word_1_441' title='bbox 2445 3015 2730 3085; x_wconf 76' lang='lat' dir='ltr'><strong>emnobio,</strong></span> <span class='ocrx_word' id='word_1_442' title='bbox 2790 3034 2892 3090; x_wconf 90' lang='lat' dir='ltr'><strong>pro</strong></span> <span class='ocrx_word' id='word_1_443' title='bbox 2942 3024 3124 3095; x_wconf 79' lang='lat' dir='ltr'><strong>aliqua</strong></span> <span class='ocrx_word' id='word_1_444' title='bbox 3174 3031 3408 3088; x_wconf 71' lang='lat' dir='ltr'><strong>ordina~</strong></span> 
     </span>
    </p>
   </div>
   <div class='ocr_carea' id='block_1_66' title="bbox 1811 3093 3427 3192">
    <p class='ocr_par' dir='ltr' id='par_1_66' title="bbox 1811 3093 3427 3192">
     <span class='ocr_line' id='line_1_66' title="bbox 1811 3093 3427 3192; baseline 0.022 -45"><span class='ocrx_word' id='word_1_445' title='bbox 1811 3093 1961 3150; x_wconf 74' lang='lat' dir='ltr'><strong>tione</strong></span> <span class='ocrx_word' id='word_1_446' title='bbox 2026 3096 2142 3153; x_wconf 84' lang='lat' dir='ltr'><strong>sive</strong></span> <span class='ocrx_word' id='word_1_447' title='bbox 2185 3104 2601 3161; x_wconf 88' lang='lat' dir='ltr'><strong>consecratione</strong></span> <span class='ocrx_word' id='word_1_448' title='bbox 2640 3110 2907 3179; x_wconf 72' lang='lat' dir='ltr'><strong>ecclesize,</strong></span> <span class='ocrx_word' id='word_1_449' title='bbox 2961 3093 3427 3192; x_wconf 71' lang='lat' dir='ltr'><strong>presbyterorum</strong></span> 
     </span>
    </p>
   </div>
   <div class='ocr_carea' id='block_1_67' title="bbox 1810 3182 3427 3273">
    <p class='ocr_par' dir='ltr' id='par_1_67' title="bbox 1810 3182 3427 3273">
     <span class='ocr_line' id='line_1_67' title="bbox 1810 3182 3427 3273; baseline 0.022 -37"><span class='ocrx_word' id='word_1_450' title='bbox 1810 3182 1896 3238; x_wconf 77' lang='lat' dir='ltr'><strong>vel</strong></span> <span class='ocrx_word' id='word_1_451' title='bbox 1922 3184 2306 3256; x_wconf 85' lang='lat' dir='ltr'><strong>diaconorum,</strong></span> <span class='ocrx_word' id='word_1_452' title='bbox 2333 3191 2631 3250; x_wconf 88' lang='lat' dir='ltr'><strong>missarum</strong></span> <span class='ocrx_word' id='word_1_453' title='bbox 2657 3182 3044 3273; x_wconf 76' lang='lat' dir='ltr'><strong>celebratione,</strong></span> <span class='ocrx_word' id='word_1_454' title='bbox 3076 3182 3184 3265; x_wconf 73' lang='lat' dir='ltr'><strong>nisi</strong></span> <span class='ocrx_word' id='word_1_455' title='bbox 3210 3212 3282 3266; x_wconf 86' lang='lat' dir='ltr'><strong>ab</strong></span> <span class='ocrx_word' id='word_1_456' title='bbox 3305 3216 3427 3271; x_wconf 66' lang='grc' dir='ltr'><strong>ευ..</strong></span> 
     </span>
    </p>
   </div>
   <div class='ocr_carea' id='block_1_68' title="bbox 1810 3273 3429 3378">
    <p class='ocr_par' dir='ltr' id='par_1_68' title="bbox 1810 3273 3429 3378">
     <span class='ocr_line' id='line_1_68' title="bbox 1810 3273 3429 3378; baseline 0.019 -49"><span class='ocrx_word' id='word_1_457' title='bbox 1810 3273 1937 3331; x_wconf 80' lang='lat' dir='ltr'><strong>hate</strong></span> <span class='ocrx_word' id='word_1_458' title='bbox 1958 3276 2209 3346; x_wconf 75' lang='lat' dir='ltr'><strong>ejusdem</strong></span> <span class='ocrx_word' id='word_1_459' title='bbox 2244 3281 2351 3337; x_wconf 88' lang='lat' dir='ltr'><strong>loci</strong></span> <span class='ocrx_word' id='word_1_460' title='bbox 2382 3283 2648 3345; x_wconf 86' lang='lat' dir='ltr'><strong>invitatus</strong></span> <span class='ocrx_word' id='word_1_461' title='bbox 2674 3289 2861 3360; x_wconf 79' lang='lat' dir='ltr'><strong>fuerit,</strong></span> <span class='ocrx_word' id='word_1_462' title='bbox 2892 3300 3082 3355; x_wconf 87' lang='lat' dir='ltr'><strong>venire</strong></span> <span class='ocrx_word' id='word_1_463' title='bbox 3123 3303 3192 3359; x_wconf 89' lang='lat' dir='ltr'><strong>ad</strong></span> <span class='ocrx_word' id='word_1_464' title='bbox 3232 3320 3429 3378; x_wconf 60' lang='grc' dir='ltr'><strong>θεοῦ-ρ</strong></span> 
     </span>
    </p>
   </div>
   <div class='ocr_carea' id='block_1_69' title="bbox 1808 3367 3402 3463">
    <p class='ocr_par' dir='ltr' id='par_1_69' title="bbox 1808 3367 3402 3463">
     <span class='ocr_line' id='line_1_69' title="bbox 1808 3367 3402 3463; baseline 0.021 -41"><span class='ocrx_word' id='word_1_465' title='bbox 1808 3367 1938 3422; x_wconf 89' lang='lat' dir='ltr'><strong>dum</strong></span> <span class='ocrx_word' id='word_1_466' title='bbox 1969 3382 2283 3439; x_wconf 63' lang='lat' dir='ltr'><strong>praesumat.</strong></span> <span class='ocrx_word' id='word_1_467' title='bbox 2310 3374 2416 3430; x_wconf 87' lang='lat' dir='ltr'><strong>Sed</strong></span> <span class='ocrx_word' id='word_1_468' title='bbox 2443 3377 2604 3434; x_wconf 90' lang='lat' dir='ltr'><strong>liceat</strong></span> <span class='ocrx_word' id='word_1_469' title='bbox 2623 3386 2910 3442; x_wconf 88' lang='lat' dir='ltr'><strong>monachis</strong></span> <span class='ocrx_word' id='word_1_470' title='bbox 2947 3390 3120 3460; x_wconf 84' lang='lat' dir='ltr'><strong>ipsius</strong></span> <span class='ocrx_word' id='word_1_471' title='bbox 3141 3367 3402 3463; x_wconf 45' lang='lat' dir='ltr'><strong>loci,vcu-</strong></span> 
     </span>
    </p>
   </div>
   <div class='ocr_carea' id='block_1_70' title="bbox 110 3437 3396 3559">
    <p class='ocr_par' dir='ltr' id='par_1_70' title="bbox 110 3437 3396 3559">
     <span class='ocr_line' id='line_1_70' title="bbox 1970 3437 3396 3463; baseline -0.001 -8"><span class='ocrx_word' id='word_1_472' title='bbox 1970 3437 1985 3439; x_wconf 77' lang='grc'><strong><em>“</em></strong></span> <span class='ocrx_word' id='word_1_473' title='bbox 2764 3437 2907 3442; x_wconf 29' lang='grc' dir='ltr'><strong>“““’ή“⁷</strong></span> <span class='ocrx_word' id='word_1_474' title='bbox 2947 3437 3119 3460; x_wconf 73' lang='grc' dir='ltr'><strong>“Ι’“⁹““““’</strong></span> <span class='ocrx_word' id='word_1_475' title='bbox 3141 3437 3270 3463; x_wconf 54' lang='grc' dir='ltr'><strong>’νυ-τ</strong></span> <span class='ocrx_word' id='word_1_476' title='bbox 3299 3437 3396 3455; x_wconf 71' lang='grc' dir='ltr'><strong>νιν-</strong></span> 
     </span>
     <span class='ocr_line' id='line_1_71' title="bbox 110 3437 3396 3559; baseline 0.016 -65"><span class='ocrx_word' id='word_1_477' title='bbox 110 3437 361 3499; x_wconf 70' lang='grc' dir='ltr'><strong>Ᾱιιιιοιιίς</strong></span> <span class='ocrx_word' id='word_1_478' title='bbox 412 3444 757 3505; x_wconf 64' lang='grc' dir='ltr'><strong>(Ζοιοιιίριιείε</strong></span> <span class='ocrx_word' id='word_1_479' title='bbox 811 3452 1233 3528; x_wconf 86' lang='lat' dir='ltr'><strong>archiepiscopi,</strong></span> <span class='ocrx_word' id='word_1_480' title='bbox 1264 3475 1361 3514; x_wconf 88' lang='lat' dir='ltr'><strong>vm</strong></span> <span class='ocrx_word' id='word_1_481' title='bbox 1403 3458 1530 3518; x_wconf 84' lang='lat' dir='ltr'><strong>Idus</strong></span> <span class='ocrx_word' id='word_1_482' title='bbox 1557 3461 1704 3533; x_wconf 79' lang='lat' dir='ltr'><strong>Maii,</strong></span> <span class='ocrx_word' id='word_1_483' title='bbox 1802 3460 2116 3533; x_wconf 87' lang='lat' dir='ltr'><strong>juscuuque</strong></span> <span class='ocrx_word' id='word_1_484' title='bbox 2145 3465 2418 3523; x_wconf 90' lang='lat' dir='ltr'><strong>voluerint</strong></span> <span class='ocrx_word' id='word_1_485' title='bbox 2444 3471 2808 3533; x_wconf 82' lang='lat' dir='ltr'><strong>ordinationis</strong></span> <span class='ocrx_word' id='word_1_486' title='bbox 2832 3481 3061 3549; x_wconf 77' lang='lat' dir='ltr'><strong>gradum</strong></span> <span class='ocrx_word' id='word_1_487' title='bbox 3094 3488 3396 3559; x_wconf 87' lang='lat' dir='ltr'><strong>suscipere,</strong></span> 
     </span>
     <span class='ocr_line' id='line_1_72' title="bbox 110 3528 2237 3559; baseline 0 0"><span class='ocrx_word' id='word_1_488' title='bbox 110 3547 254 3559; x_wconf 54' lang='lat' dir='ltr'><strong>An..-</strong></span> <span class='ocrx_word' id='word_1_489' title='bbox 290 3548 331 3559; x_wconf 71' lang='grc'><strong>.-</strong></span> <span class='ocrx_word' id='word_1_490' title='bbox 360 3528 550 3559; x_wconf 57' lang='grc' dir='ltr'>..Ι-..Αμε</span> <span class='ocrx_word' id='word_1_491' title='bbox 600 3539 675 3559; x_wconf 34' lang='grc' dir='ltr'><strong>..κ</strong></span> <span class='ocrx_word' id='word_1_492' title='bbox 814 3544 831 3559; x_wconf 81' lang='lat' dir='ltr'><strong>I</strong></span> <span class='ocrx_word' id='word_1_493' title='bbox 868 3544 880 3557; x_wconf 79' lang='grc' dir='ltr'><strong>ο</strong></span> <span class='ocrx_word' id='word_1_494' title='bbox 928 3544 973 3559; x_wconf 68' lang='grc'><strong>11</strong></span> <span class='ocrx_word' id='word_1_495' title='bbox 1253 3551 1270 3559; x_wconf 65' lang='grc' dir='ltr'><strong>ι</strong></span> <span class='ocrx_word' id='word_1_496' title='bbox 1320 3550 1342 3559; x_wconf 67' lang='grc' dir='ltr'>α</span> <span class='ocrx_word' id='word_1_497' title='bbox 1584 3556 1594 3559; x_wconf 86' lang='grc'><strong>-</strong></span> <span class='ocrx_word' id='word_1_498' title='bbox 1847 3554 1860 3559; x_wconf 91' lang='grc'><strong>-</strong></span> <span class='ocrx_word' id='word_1_499' title='bbox 1886 3553 1897 3559; x_wconf 81' lang='grc'><strong>-</strong></span> <span class='ocrx_word' id='word_1_500' title='bbox 2176 3558 2201 3559; x_wconf 61' lang='lat'><strong><em>,,</em></strong></span> <span class='ocrx_word' id='word_1_501' title='bbox 2232 3558 2237 3559; x_wconf 36' lang='grc' dir='ltr'><em>γ</em></span> 
     </span>
    </p>
   </div>
   <div class='ocr_carea' id='block_1_71' title="bbox 109 3528 1707 3619">
    <p class='ocr_par' dir='ltr' id='par_1_71' title="bbox 109 3528 1707 3619">
     <span class='ocr_line' id='line_1_73' title="bbox 109 3528 1707 3619; baseline 0.017 -33"><span class='ocrx_word' id='word_1_502' title='bbox 109 3547 257 3589; x_wconf 87' lang='lat' dir='ltr'><strong>anno</strong></span> <span class='ocrx_word' id='word_1_503' title='bbox 290 3548 331 3590; x_wconf 88' lang='grc' dir='ltr'><strong>ιι</strong></span> <span class='ocrx_word' id='word_1_504' title='bbox 360 3528 552 3593; x_wconf 74' lang='grc' dir='ltr'><strong>’ᾶοηιηί</strong></span> <span class='ocrx_word' id='word_1_505' title='bbox 589 3539 883 3600; x_wconf 79' lang='lat' dir='ltr'><strong>Alexandri</strong></span> <span class='ocrx_word' id='word_1_506' title='bbox 928 3544 973 3599; x_wconf 83' lang='grc' dir='ltr'>ΙΙ</span> <span class='ocrx_word' id='word_1_507' title='bbox 998 3563 1181 3619; x_wconf 63' lang='lat' dir='ltr'><strong>papae,</strong></span> <span class='ocrx_word' id='word_1_508' title='bbox 1218 3551 1289 3607; x_wconf 89' lang='lat' dir='ltr'><strong>ab</strong></span> <span class='ocrx_word' id='word_1_509' title='bbox 1320 3528 1707 3613; x_wconf 82' lang='lat' dir='ltr'><strong>Incarnatione</strong></span> 
     </span>
    </p>
   </div>
   <div class='ocr_carea' id='block_1_72' title="bbox 110 3625 823 3699">
    <p class='ocr_par' dir='ltr' id='par_1_72' title="bbox 110 3625 823 3699">
     <span class='ocr_line' id='line_1_74' title="bbox 110 3625 823 3699; baseline 0.015 -19"><span class='ocrx_word' id='word_1_510' title='bbox 110 3625 331 3683; x_wconf 77' lang='lat' dir='ltr'><strong>Domini</strong></span> <span class='ocrx_word' id='word_1_511' title='bbox 357 3629 516 3699; x_wconf 73' lang='lat'><strong>1063,</strong></span> <span class='ocrx_word' id='word_1_512' title='bbox 554 3633 744 3691; x_wconf 75' lang='lat' dir='ltr'><strong>indici.</strong></span> <span class='ocrx_word' id='word_1_513' title='bbox 782 3652 823 3691; x_wconf 87' lang='grc' dir='ltr'><strong>ι.</strong></span> 
     </span>
    </p>
   </div>
   <div class='ocr_carea' id='block_1_73' title="bbox 833 3751 974 3809">
    <p class='ocr_par' dir='ltr' id='par_1_73' title="bbox 833 3751 974 3809">
     <span class='ocr_line' id='line_1_75' title="bbox 833 3751 974 3809; baseline 0.021 -3"><span class='ocrx_word' id='word_1_514' title='bbox 833 3751 974 3809; x_wconf 76' lang='lat' dir='ltr'><strong>XIV.</strong></span> 
     </span>
    </p>
   </div>
   <div class='ocr_carea' id='block_1_74' title="bbox 108 3804 1702 3919">
    <p class='ocr_par' dir='ltr' id='par_1_74' title="bbox 108 3804 1702 3919">
     <span class='ocr_line' id='line_1_76' title="bbox 108 3804 1702 3919; baseline 0.016 -32"><span class='ocrx_word' id='word_1_515' title='bbox 108 3816 407 3891; x_wconf 63' lang='lat' dir='ltr'><strong>Alexandri</strong></span> <span class='ocrx_word' id='word_1_516' title='bbox 445 3837 511 3893; x_wconf 88' lang='lat' dir='ltr'><strong><em>II</em></strong></span> <span class='ocrx_word' id='word_1_517' title='bbox 540 3804 767 3919; x_wconf 63' lang='lat' dir='ltr'><strong>epistola</strong></span> <span class='ocrx_word' id='word_1_518' title='bbox 793 3804 1176 3919; x_wconf 31' lang='lat' dir='ltr'><strong>adv—Hugonem</strong></span> <span class='ocrx_word' id='word_1_519' title='bbox 1205 3852 1448 3909; x_wconf 81' lang='lat' dir='ltr'><strong>abbatem</strong></span> <span class='ocrx_word' id='word_1_520' title='bbox 1476 3853 1702 3912; x_wconf 78' lang='lat' dir='ltr'><strong>Clunia-</strong></span> 
     </span>
    </p>
   </div>
   <div class='ocr_carea' id='block_1_75' title="bbox 178 3908 1736 4001">
    <p class='ocr_par' dir='ltr' id='par_1_75' title="bbox 178 3908 1736 4001">
     <span class='ocr_line' id='line_1_77' title="bbox 178 3908 1736 4001; baseline 0.016 -42"><span class='ocrx_word' id='word_1_521' title='bbox 178 3924 406 3963; x_wconf 79' lang='lat' dir='ltr'><strong>cmsent.</strong></span> <span class='ocrx_word' id='word_1_522' title='bbox 431 3941 502 3949; x_wconf 91' lang='lat'><strong>——</strong></span> <span class='ocrx_word' id='word_1_523' title='bbox 532 3908 870 3977; x_wconf 62' lang='lat' dir='ltr'><strong>Quod‘lnemo</strong></span> <span class='ocrx_word' id='word_1_524' title='bbox 902 3908 1340 4001; x_wconf 45' lang='lat' dir='ltr'><strong>sineaposlolico</strong></span> <span class='ocrx_word' id='word_1_525' title='bbox 1367 3924 1577 3995; x_wconf 83' lang='lat' dir='ltr'><strong>judicio</strong></span> <span class='ocrx_word' id='word_1_526' title='bbox 1607 3947 1736 4001; x_wconf 39' lang='lat' dir='ltr'><strong>po;</strong></span> 
     </span>
    </p>
   </div>
   <div class='ocr_carea' id='block_1_76' title="bbox 136 3988 1702 4066">
    <p class='ocr_par' dir='ltr' id='par_1_76' title="bbox 136 3988 1702 4066">
     <span class='ocr_line' id='line_1_78' title="bbox 136 3988 1702 4066; baseline 0.018 -37"><span class='ocrx_word' id='word_1_527' title='bbox 136 4001 145 4011; x_wconf 84' lang='lat'><strong>~</strong></span> <span class='ocrx_word' id='word_1_528' title='bbox 180 3988 283 4031; x_wconf 78' lang='lat' dir='ltr'><strong>test</strong></span> <span class='ocrx_word' id='word_1_529' title='bbox 329 3996 783 4066; x_wconf 65' lang='grc' dir='ltr'><strong>ςξιςσονηηιαηιεανο</strong></span> <span class='ocrx_word' id='word_1_530' title='bbox 827 3988 1108 4044; x_wconf 73' lang='lat' dir='ltr'><strong>monachos</strong></span> <span class='ocrx_word' id='word_1_531' title='bbox 1154 3988 1530 4053; x_wconf 69' lang='lat' dir='ltr'><strong>Cluniacenses</strong></span> <span class='ocrx_word' id='word_1_532' title='bbox 1556 4042 1572 4066; x_wconf 89' lang='lat'><strong>,</strong></span> <span class='ocrx_word' id='word_1_533' title='bbox 1607 3988 1702 4057; x_wconf 65' lang='grc' dir='ltr'><strong>ᾖεὲ</strong></span> 
     </span>
    </p>
   </div>
   <div class='ocr_carea' id='block_1_77' title="bbox 136 4148 1103 4225">
    <p class='ocr_par' dir='ltr' id='par_1_77' title="bbox 136 4148 1103 4225">
     <span class='ocr_line' id='line_1_79' title="bbox 136 4148 1103 4225; baseline 0.024 -38"><span class='ocrx_word' id='word_1_534' title='bbox 136 4183 143 4187; x_wconf 82' lang='grc'>,</span> <span class='ocrx_word' id='word_1_535' title='bbox 706 4148 890 4218; x_wconf 69' lang='lat' dir='ltr'><strong>(Anno</strong></span> <span class='ocrx_word' id='word_1_536' title='bbox 917 4151 1103 4225; x_wconf 73' lang='lat'><strong>1065.)</strong></span> 
     </span>
    </p>
   </div>
   <div class='ocr_carea' id='block_1_78' title="bbox 136 4230 1622 4328">
    <p class='ocr_par' dir='ltr' id='par_1_78' title="bbox 136 4230 1622 4328">
     <span class='ocr_line' id='line_1_80' title="bbox 136 4230 1622 4328; baseline 0.017 -43"><span class='ocrx_word' id='word_1_537' title='bbox 136 4288 141 4293; x_wconf 59' lang='grc'><em>,</em></span> <span class='ocrx_word' id='word_1_538' title='bbox 190 4230 412 4304; x_wconf 52' lang='lat' dir='ltr'><strong>[Musa</strong></span> <span class='ocrx_word' id='word_1_539' title='bbox 440 4234 646 4292; x_wconf 63' lang='lat' dir='ltr'><strong>Caecil.</strong></span> <span class='ocrx_word' id='word_1_540' title='bbox 670 4239 815 4309; x_wconf 72' lang='lat' dir='ltr'><strong>XIX,</strong></span> <span class='ocrx_word' id='word_1_541' title='bbox 838 4242 1045 4311; x_wconf 75' lang='lat' dir='ltr'><strong>975,ex</strong></span> <span class='ocrx_word' id='word_1_542' title='bbox 1063 4244 1317 4305; x_wconf 86' lang='lat' dir='ltr'><strong>Bibliotb.</strong></span> <span class='ocrx_word' id='word_1_543' title='bbox 1346 4250 1622 4328; x_wconf 62' lang='lat' dir='ltr'><strong>Cluniae]</strong></span> 
     </span>
    </p>
   </div>
   <div class='ocr_carea' id='block_1_79' title="bbox 176 4349 1700 4437">
    <p class='ocr_par' dir='ltr' id='par_1_79' title="bbox 176 4349 1700 4437">
     <span class='ocr_line' id='line_1_81' title="bbox 176 4349 1700 4437; baseline 0.018 -35"><span class='ocrx_word' id='word_1_544' title='bbox 176 4349 511 4407; x_wconf 60' lang='lat' dir='ltr'><strong>Aurunca</strong></span> <span class='ocrx_word' id='word_1_545' title='bbox 537 4355 848 4428; x_wconf 87' lang='lat' dir='ltr'><strong>episcopus,</strong></span> <span class='ocrx_word' id='word_1_546' title='bbox 873 4374 1066 4418; x_wconf 87' lang='lat' dir='ltr'><strong>servus</strong></span> <span class='ocrx_word' id='word_1_547' title='bbox 1091 4378 1377 4422; x_wconf 88' lang='lat' dir='ltr'><strong>servorum</strong></span> <span class='ocrx_word' id='word_1_548' title='bbox 1407 4367 1525 4437; x_wconf 88' lang='lat' dir='ltr'><strong>Dei,</strong></span> <span class='ocrx_word' id='word_1_549' title='bbox 1561 4373 1700 4429; x_wconf 89' lang='lat' dir='ltr'><strong>dile-</strong></span> 
     </span>
    </p>
   </div>
   <div class='ocr_carea' id='block_1_80' title="bbox 105 4442 1702 4531">
    <p class='ocr_par' dir='ltr' id='par_1_80' title="bbox 105 4442 1702 4531">
     <span class='ocr_line' id='line_1_82' title="bbox 105 4442 1702 4531; baseline 0.019 -38"><span class='ocrx_word' id='word_1_550' title='bbox 105 4442 359 4497; x_wconf 78' lang='lat' dir='ltr'><strong>ctissimo</strong></span> <span class='ocrx_word' id='word_1_551' title='bbox 383 4443 497 4500; x_wconf 79' lang='lat' dir='ltr'><strong>lilio</strong></span> <span class='ocrx_word' id='word_1_552' title='bbox 518 4445 726 4504; x_wconf 72' lang='lat' dir='ltr'><strong>Haec!&quot;</strong></span> <span class='ocrx_word' id='word_1_553' title='bbox 755 4451 934 4508; x_wconf 87' lang='lat' dir='ltr'><strong>abbati</strong></span> <span class='ocrx_word' id='word_1_554' title='bbox 966 4458 1307 4526; x_wconf 79' lang='lat' dir='ltr'><strong>manasterii,</strong></span> <span class='ocrx_word' id='word_1_555' title='bbox 1332 4464 1481 4531; x_wconf 89' lang='lat' dir='ltr'><strong>quod</strong></span> <span class='ocrx_word' id='word_1_556' title='bbox 1501 4464 1702 4523; x_wconf 88' lang='lat' dir='ltr'><strong>dicitur</strong></span> 
     </span>
    </p>
   </div>
   <div class='ocr_carea' id='block_1_81' title="bbox 103 4531 1700 4620">
    <p class='ocr_par' dir='ltr' id='par_1_81' title="bbox 103 4531 1700 4620">
     <span class='ocr_line' id='line_1_83' title="bbox 103 4531 1700 4620; baseline 0.018 -34"><span class='ocrx_word' id='word_1_557' title='bbox 103 4531 457 4603; x_wconf 83' lang='lat' dir='ltr'><strong>Cluniacum,</strong></span> <span class='ocrx_word' id='word_1_558' title='bbox 497 4538 555 4593; x_wconf 92' lang='lat' dir='ltr'><strong>in</strong></span> <span class='ocrx_word' id='word_1_559' title='bbox 583 4540 792 4598; x_wconf 85' lang='lat' dir='ltr'><strong>honore</strong></span> <span class='ocrx_word' id='word_1_560' title='bbox 830 4545 1119 4603; x_wconf 87' lang='lat' dir='ltr'><strong>beatorum</strong></span> <span class='ocrx_word' id='word_1_561' title='bbox 1142 4552 1513 4620; x_wconf 85' lang='lat' dir='ltr'><strong>apostolorum</strong></span> <span class='ocrx_word' id='word_1_562' title='bbox 1554 4556 1700 4616; x_wconf 86' lang='lat' dir='ltr'><strong>Petri</strong></span> 
     </span>
    </p>
   </div>
   <div class='ocr_carea' id='block_1_82' title="bbox 104 4624 1704 4707">
    <p class='ocr_par' dir='ltr' id='par_1_82' title="bbox 104 4624 1704 4707">
     <span class='ocr_line' id='line_1_84' title="bbox 104 4624 1704 4707; baseline 0.019 -29"><span class='ocrx_word' id='word_1_563' title='bbox 104 4633 161 4679; x_wconf 88' lang='lat' dir='ltr'><strong>et</strong></span> <span class='ocrx_word' id='word_1_564' title='bbox 185 4624 339 4681; x_wconf 88' lang='lat' dir='ltr'><strong>Pauli</strong></span> <span class='ocrx_word' id='word_1_565' title='bbox 376 4634 780 4702; x_wconf 82' lang='lat' dir='ltr'><strong>consecratum,</strong></span> <span class='ocrx_word' id='word_1_566' title='bbox 807 4636 865 4691; x_wconf 91' lang='lat' dir='ltr'><strong>in</strong></span> <span class='ocrx_word' id='word_1_567' title='bbox 892 4639 1153 4695; x_wconf 89' lang='lat' dir='ltr'><strong>comitatu</strong></span> <span class='ocrx_word' id='word_1_568' title='bbox 1195 4642 1579 4704; x_wconf 81' lang='lat' dir='ltr'><strong>Matisconensl</strong></span> <span class='ocrx_word' id='word_1_569' title='bbox 1625 4653 1704 4707; x_wconf 92' lang='lat' dir='ltr'><strong>si-</strong></span> 
     </span>
    </p>
   </div>
   <div class='ocr_carea' id='block_1_83' title="bbox 107 4726 1700 4802">
    <p class='ocr_par' dir='ltr' id='par_1_83' title="bbox 107 4726 1700 4802">
     <span class='ocr_line' id='line_1_85' title="bbox 107 4726 1700 4802; baseline 0.019 -32"><span class='ocrx_word' id='word_1_570' title='bbox 107 4726 247 4784; x_wconf 85' lang='lat' dir='ltr'><strong>tum,</strong></span> <span class='ocrx_word' id='word_1_571' title='bbox 279 4727 337 4775; x_wconf 82' lang='lat' dir='ltr'><strong>et</strong></span> <span class='ocrx_word' id='word_1_572' title='bbox 358 4731 533 4790; x_wconf 87' lang='lat' dir='ltr'><strong>perte</strong></span> <span class='ocrx_word' id='word_1_573' title='bbox 559 4726 773 4783; x_wconf 75' lang='lat' dir='ltr'><strong>cunctis</strong></span> <span class='ocrx_word' id='word_1_574' title='bbox 802 4733 1217 4791; x_wconf 86' lang='lat' dir='ltr'><strong>successoribus</strong></span> <span class='ocrx_word' id='word_1_575' title='bbox 1254 4738 1366 4793; x_wconf 91' lang='lat' dir='ltr'><strong>tuis</strong></span> <span class='ocrx_word' id='word_1_576' title='bbox 1410 4740 1700 4802; x_wconf 88' lang='lat' dir='ltr'><strong>abbatibus</strong></span> 
     </span>
    </p>
   </div>
   <div class='ocr_carea' id='block_1_84' title="bbox 1807 3553 3400 3646">
    <p class='ocr_par' dir='ltr' id='par_1_84' title="bbox 1807 3553 3400 3646">
     <span class='ocr_line' id='line_1_86' title="bbox 1807 3553 3400 3646; baseline 0.023 -44"><span class='ocrx_word' id='word_1_577' title='bbox 1807 3553 2120 3627; x_wconf 66' lang='lat' dir='ltr'><strong>ubicunque</strong></span> <span class='ocrx_word' id='word_1_578' title='bbox 2147 3558 2246 3615; x_wconf 90' lang='lat' dir='ltr'><strong>tibi</strong></span> <span class='ocrx_word' id='word_1_579' title='bbox 2274 3560 2495 3634; x_wconf 79' lang='lat' dir='ltr'><strong>tuisque</strong></span> <span class='ocrx_word' id='word_1_580' title='bbox 2537 3572 2952 3630; x_wconf 86' lang='lat' dir='ltr'><strong>successoribus</strong></span> <span class='ocrx_word' id='word_1_581' title='bbox 2979 3576 3267 3646; x_wconf 87' lang='lat' dir='ltr'><strong>placuerit.</strong></span> <span class='ocrx_word' id='word_1_582' title='bbox 3305 3582 3400 3639; x_wconf 90' lang='lat' dir='ltr'><strong>ln-</strong></span> 
     </span>
    </p>
   </div>
   <div class='ocr_carea' id='block_1_85' title="bbox 1806 3646 3402 3747">
    <p class='ocr_par' dir='ltr' id='par_1_85' title="bbox 1806 3646 3402 3747">
     <span class='ocr_line' id='line_1_87' title="bbox 1806 3646 3402 3747; baseline 0.021 -49"><span class='ocrx_word' id='word_1_583' title='bbox 1806 3646 2125 3707; x_wconf 75' lang='lat' dir='ltr'><strong>terdicimus</strong></span> <span class='ocrx_word' id='word_1_584' title='bbox 2150 3660 2335 3709; x_wconf 82' lang='lat' dir='ltr'><strong>autem</strong></span> <span class='ocrx_word' id='word_1_585' title='bbox 2356 3655 2465 3712; x_wconf 86' lang='lat' dir='ltr'><strong>sub</strong></span> <span class='ocrx_word' id='word_1_586' title='bbox 2488 3657 2655 3713; x_wconf 90' lang='lat' dir='ltr'><strong>simili</strong></span> <span class='ocrx_word' id='word_1_587' title='bbox 2686 3663 3050 3725; x_wconf 87' lang='lat' dir='ltr'><strong>anathematis</strong></span> <span class='ocrx_word' id='word_1_588' title='bbox 3083 3674 3402 3747; x_wconf 76' lang='lat' dir='ltr'><strong>promulga-</strong></span> 
     </span>
    </p>
   </div>
   <div class='ocr_carea' id='block_1_86' title="bbox 1808 3737 3400 3838">
    <p class='ocr_par' dir='ltr' id='par_1_86' title="bbox 1808 3737 3400 3838">
     <span class='ocr_line' id='line_1_88' title="bbox 1808 3737 3400 3838; baseline 0.021 -47"><span class='ocrx_word' id='word_1_589' title='bbox 1808 3737 1957 3795; x_wconf 90' lang='lat' dir='ltr'><strong>tione</strong></span> <span class='ocrx_word' id='word_1_590' title='bbox 1983 3750 2045 3796; x_wconf 88' lang='lat' dir='ltr'><strong>ut</strong></span> <span class='ocrx_word' id='word_1_591' title='bbox 2068 3742 2211 3799; x_wconf 85' lang='lat' dir='ltr'><strong>idem</strong></span> <span class='ocrx_word' id='word_1_592' title='bbox 2240 3745 2394 3803; x_wconf 92' lang='lat' dir='ltr'><strong>locus</strong></span> <span class='ocrx_word' id='word_1_593' title='bbox 2415 3749 2521 3805; x_wconf 88' lang='lat' dir='ltr'><strong>sub</strong></span> <span class='ocrx_word' id='word_1_594' title='bbox 2544 3752 2749 3811; x_wconf 87' lang='lat' dir='ltr'><strong>nullius</strong></span> <span class='ocrx_word' id='word_1_595' title='bbox 2771 3758 3152 3834; x_wconf 83' lang='lat' dir='ltr'><strong>cujuscunque</strong></span> <span class='ocrx_word' id='word_1_596' title='bbox 3184 3766 3400 3838; x_wconf 87' lang='lat' dir='ltr'><strong>episco-</strong></span> 
     </span>
    </p>
   </div>
   <div class='ocr_carea' id='block_1_87' title="bbox 1807 3830 3400 3928">
    <p class='ocr_par' dir='ltr' id='par_1_87' title="bbox 1807 3830 3400 3928">
     <span class='ocr_line' id='line_1_89' title="bbox 1807 3830 3400 3928; baseline 0.021 -45"><span class='ocrx_word' id='word_1_597' title='bbox 1807 3830 1883 3898; x_wconf 84' lang='lat' dir='ltr'><strong>pi,</strong></span> <span class='ocrx_word' id='word_1_598' title='bbox 1925 3833 2007 3888; x_wconf 85' lang='lat' dir='ltr'><strong>vel</strong></span> <span class='ocrx_word' id='word_1_599' title='bbox 2052 3838 2376 3904; x_wconf 89' lang='lat' dir='ltr'><strong>sacerdotis,</strong></span> <span class='ocrx_word' id='word_1_600' title='bbox 2403 3842 2742 3914; x_wconf 86' lang='lat' dir='ltr'><strong>deprimatur</strong></span> <span class='ocrx_word' id='word_1_601' title='bbox 2778 3830 3179 3912; x_wconf 82' lang='lat' dir='ltr'><strong>interdictionis</strong></span> <span class='ocrx_word' id='word_1_602' title='bbox 3217 3830 3400 3928; x_wconf 74' lang='lat' dir='ltr'><strong>titulo,</strong></span> 
     </span>
    </p>
   </div>
   <div class='ocr_carea' id='block_1_88' title="bbox 1761 3931 3401 4011">
    <p class='ocr_par' dir='ltr' id='par_1_88' title="bbox 1761 3931 3401 4011">
     <span class='ocr_line' id='line_1_90' title="bbox 1761 3931 3401 4011; baseline 0.021 -35"><span class='ocrx_word' id='word_1_603' title='bbox 1761 3955 1772 3963; x_wconf 63' lang='grc' dir='ltr'><strong>η</strong></span> <span class='ocrx_word' id='word_1_604' title='bbox 1805 3938 1899 3978; x_wconf 92' lang='lat' dir='ltr'><strong>seu</strong></span> <span class='ocrx_word' id='word_1_605' title='bbox 1918 3931 2503 3992; x_wconf 79' lang='lat' dir='ltr'><strong>excommunicationis</strong></span> <span class='ocrx_word' id='word_1_606' title='bbox 2523 3938 2607 3993; x_wconf 82' lang='lat' dir='ltr'><strong>vel</strong></span> <span class='ocrx_word' id='word_1_607' title='bbox 2628 3941 2994 4002; x_wconf 87' lang='lat' dir='ltr'><strong>anathematis</strong></span> <span class='ocrx_word' id='word_1_608' title='bbox 3015 3948 3254 4006; x_wconf 87' lang='lat' dir='ltr'><strong>vinculo.</strong></span> <span class='ocrx_word' id='word_1_609' title='bbox 3280 3952 3401 4011; x_wconf 85' lang='lat' dir='ltr'><strong>Non</strong></span> 
     </span>
    </p>
   </div>
   <div class='ocr_carea' id='block_1_89' title="bbox 1803 4016 3403 4104">
    <p class='ocr_par' dir='ltr' id='par_1_89' title="bbox 1803 4016 3403 4104">
     <span class='ocr_line' id='line_1_91' title="bbox 1803 4016 3403 4104; baseline 0.021 -34"><span class='ocrx_word' id='word_1_610' title='bbox 1803 4016 1949 4072; x_wconf 90' lang='lat' dir='ltr'><strong>cnim</strong></span> <span class='ocrx_word' id='word_1_611' title='bbox 1978 4019 2184 4088; x_wconf 83' lang='lat' dir='ltr'><strong>patitur</strong></span> <span class='ocrx_word' id='word_1_612' title='bbox 2212 4034 2418 4082; x_wconf 78' lang='lat' dir='ltr'><strong>sancta:</strong></span> <span class='ocrx_word' id='word_1_613' title='bbox 2460 4029 2607 4086; x_wconf 88' lang='lat' dir='ltr'><strong>sedis</strong></span> <span class='ocrx_word' id='word_1_614' title='bbox 2649 4036 2965 4104; x_wconf 59' lang='lat' dir='ltr'><strong>apostolicae</strong></span> <span class='ocrx_word' id='word_1_615' title='bbox 3001 4044 3300 4101; x_wconf 86' lang='lat' dir='ltr'><strong>auctoritas</strong></span> <span class='ocrx_word' id='word_1_616' title='bbox 3340 4057 3403 4103; x_wconf 90' lang='lat' dir='ltr'><strong>ut</strong></span> 
     </span>
    </p>
   </div>
   <div class='ocr_carea' id='block_1_90' title="bbox 1805 4108 3497 4204">
    <p class='ocr_par' dir='ltr' id='par_1_90' title="bbox 1805 4108 3497 4204">
     <span class='ocr_line' id='line_1_92' title="bbox 1805 4108 3497 4204; baseline 0.021 -41"><span class='ocrx_word' id='word_1_617' title='bbox 1805 4108 2616 4190; x_wconf 74' lang='lat' dir='ltr'><strong>ulliuscujuscunquepersonze</strong></span> <span class='ocrx_word' id='word_1_618' title='bbox 2638 4126 2968 4199; x_wconf 85' lang='lat' dir='ltr'><strong>obligatione</strong></span> <span class='ocrx_word' id='word_1_619' title='bbox 3012 4136 3402 4204; x_wconf 87' lang='lat' dir='ltr'><strong>proscindatur</strong></span> <span class='ocrx_word' id='word_1_620' title='bbox 3471 4133 3497 4154; x_wconf 66' lang='grc'><em>“</em></span> 
     </span>
    </p>
   </div>
   <div class='ocr_carea' id='block_1_91' title="bbox 1802 4204 3400 4300">
    <p class='ocr_par' dir='ltr' id='par_1_91' title="bbox 1802 4204 3400 4300">
     <span class='ocr_line' id='line_1_93' title="bbox 1802 4204 3400 4300; baseline 0.021 -45"><span class='ocrx_word' id='word_1_621' title='bbox 1802 4216 1834 4255; x_wconf 88' lang='lat' dir='ltr'><strong>a</strong></span> <span class='ocrx_word' id='word_1_622' title='bbox 1863 4218 1921 4257; x_wconf 91' lang='lat' dir='ltr'><strong>se</strong></span> <span class='ocrx_word' id='word_1_623' title='bbox 1945 4204 2167 4261; x_wconf 86' lang='lat' dir='ltr'><strong>cuilibet</strong></span> <span class='ocrx_word' id='word_1_624' title='bbox 2188 4224 2451 4267; x_wconf 90' lang='lat' dir='ltr'><strong>concessa</strong></span> <span class='ocrx_word' id='word_1_625' title='bbox 2481 4213 2724 4274; x_wconf 88' lang='lat' dir='ltr'><strong>liberalis</strong></span> <span class='ocrx_word' id='word_1_626' title='bbox 2748 4220 2995 4292; x_wconf 90' lang='lat' dir='ltr'><strong>libertas;</strong></span> <span class='ocrx_word' id='word_1_627' title='bbox 3023 4241 3203 4298; x_wconf 87' lang='lat' dir='ltr'><strong>neque</strong></span> <span class='ocrx_word' id='word_1_628' title='bbox 3224 4228 3400 4300; x_wconf 90' lang='lat' dir='ltr'><strong>ipsius</strong></span> 
     </span>
    </p>
   </div>
   <div class='ocr_carea' id='block_1_92' title="bbox 1804 4291 3399 4393">
    <p class='ocr_par' dir='ltr' id='par_1_92' title="bbox 1804 4291 3399 4393">
     <span class='ocr_line' id='line_1_94' title="bbox 1804 4291 3399 4393; baseline 0.021 -47"><span class='ocrx_word' id='word_1_629' title='bbox 1804 4292 1907 4349; x_wconf 90' lang='lat' dir='ltr'><strong>loci</strong></span> <span class='ocrx_word' id='word_1_630' title='bbox 1936 4291 2135 4353; x_wconf 84' lang='lat' dir='ltr'><strong>fratres</strong></span> <span class='ocrx_word' id='word_1_631' title='bbox 2162 4300 2477 4374; x_wconf 89' lang='lat' dir='ltr'><strong>ubicunque</strong></span> <span class='ocrx_word' id='word_1_632' title='bbox 2520 4307 2706 4376; x_wconf 89' lang='lat' dir='ltr'><strong>positi,</strong></span> <span class='ocrx_word' id='word_1_633' title='bbox 2743 4291 3128 4388; x_wconf 75' lang='lat' dir='ltr'><strong>cujuscunque</strong></span> <span class='ocrx_word' id='word_1_634' title='bbox 3154 4291 3399 4393; x_wconf 75' lang='lat' dir='ltr'><strong>episcopi</strong></span> 
     </span>
    </p>
   </div>
   <div class='ocr_carea' id='block_1_93' title="bbox 1804 4386 3402 4471">
    <p class='ocr_par' dir='ltr' id='par_1_93' title="bbox 1804 4386 3402 4471">
     <span class='ocr_line' id='line_1_95' title="bbox 1804 4386 3402 4471; baseline 0.02 -33"><span class='ocrx_word' id='word_1_635' title='bbox 1804 4386 2210 4447; x_wconf 88' lang='lat' dir='ltr'><strong>maledictionis</strong></span> <span class='ocrx_word' id='word_1_636' title='bbox 2265 4393 2350 4447; x_wconf 85' lang='lat' dir='ltr'><strong>vel</strong></span> <span class='ocrx_word' id='word_1_637' title='bbox 2394 4392 3000 4464; x_wconf 57' lang='lat' dir='ltr'><strong>&#39;excommunicationis</strong></span> <span class='ocrx_word' id='word_1_638' title='bbox 3032 4386 3277 4469; x_wconf 30' lang='lat' dir='ltr'><strong>vvinculo</strong></span> <span class='ocrx_word' id='word_1_639' title='bbox 3317 4422 3402 4471; x_wconf 83' lang='lat' dir='ltr'><strong>te-</strong></span> 
     </span>
    </p>
   </div>
   <div class='ocr_carea' id='block_1_94' title="bbox 1735 4483 3407 4570">
    <p class='ocr_par' dir='ltr' id='par_1_94' title="bbox 1735 4483 3407 4570">
     <span class='ocr_line' id='line_1_96' title="bbox 1735 4483 3407 4570; baseline 0.022 -42"><span class='ocrx_word' id='word_1_640' title='bbox 1735 4505 1779 4559; x_wconf 76' lang='lat' dir='ltr'><strong>D</strong></span> <span class='ocrx_word' id='word_1_641' title='bbox 1803 4487 2042 4534; x_wconf 88' lang='lat' dir='ltr'><strong>neantur</strong></span> <span class='ocrx_word' id='word_1_642' title='bbox 2068 4483 2299 4539; x_wconf 91' lang='lat' dir='ltr'><strong>astricti.</strong></span> <span class='ocrx_word' id='word_1_643' title='bbox 2328 4484 2681 4547; x_wconf 84' lang='lat' dir='ltr'><strong>Inhonestum</strong></span> <span class='ocrx_word' id='word_1_644' title='bbox 2723 4495 2869 4552; x_wconf 90' lang='lat' dir='ltr'><strong>enim</strong></span> <span class='ocrx_word' id='word_1_645' title='bbox 2910 4500 3069 4560; x_wconf 86' lang='lat' dir='ltr'><strong>nobis</strong></span> <span class='ocrx_word' id='word_1_646' title='bbox 3089 4503 3308 4570; x_wconf 80' lang='lat' dir='ltr'><strong>videtur</strong></span> <span class='ocrx_word' id='word_1_647' title='bbox 3336 4506 3407 4564; x_wconf 26' lang='lat' dir='ltr'><strong>ut‘</strong></span> 
     </span>
    </p>
   </div>
   <div class='ocr_carea' id='block_1_95' title="bbox 1808 4571 3398 4656">
    <p class='ocr_par' dir='ltr' id='par_1_95' title="bbox 1808 4571 3398 4656">
     <span class='ocr_line' id='line_1_97' title="bbox 1808 4571 3398 4656; baseline 0.022 -33"><span class='ocrx_word' id='word_1_648' title='bbox 1808 4571 1926 4625; x_wconf 88' lang='lat' dir='ltr'><strong>sine</strong></span> <span class='ocrx_word' id='word_1_649' title='bbox 1952 4582 2141 4630; x_wconf 89' lang='lat' dir='ltr'><strong>nostro</strong></span> <span class='ocrx_word' id='word_1_650' title='bbox 2160 4575 2371 4645; x_wconf 89' lang='lat' dir='ltr'><strong>judicio</strong></span> <span class='ocrx_word' id='word_1_651' title='bbox 2400 4595 2431 4635; x_wconf 89' lang='lat' dir='ltr'><strong>a</strong></span> <span class='ocrx_word' id='word_1_652' title='bbox 2469 4584 2705 4652; x_wconf 89' lang='lat' dir='ltr'><strong>quodam</strong></span> <span class='ocrx_word' id='word_1_653' title='bbox 2740 4590 3235 4654; x_wconf 84' lang='lat' dir='ltr'><strong>anathematizetur</strong></span> <span class='ocrx_word' id='word_1_654' title='bbox 3268 4616 3398 4656; x_wconf 91' lang='lat' dir='ltr'><strong>san-</strong></span> 
     </span>
    </p>
   </div>
   <div class='ocr_carea' id='block_1_96' title="bbox 1809 4664 3397 4763">
    <p class='ocr_par' dir='ltr' id='par_1_96' title="bbox 1809 4664 3397 4763">
     <span class='ocr_line' id='line_1_98' title="bbox 1809 4664 3397 4763; baseline 0.02 -46"><span class='ocrx_word' id='word_1_655' title='bbox 1809 4671 1908 4719; x_wconf 85' lang='lat' dir='ltr'><strong>ctae</strong></span> <span class='ocrx_word' id='word_1_656' title='bbox 1937 4664 2083 4723; x_wconf 89' lang='lat' dir='ltr'><strong>sedis</strong></span> <span class='ocrx_word' id='word_1_657' title='bbox 2121 4671 2434 4739; x_wconf 67' lang='lat' dir='ltr'><strong>apostolicae</strong></span> <span class='ocrx_word' id='word_1_658' title='bbox 2460 4673 2625 4744; x_wconf 82' lang='lat' dir='ltr'><strong>ﬁlius,</strong></span> <span class='ocrx_word' id='word_1_659' title='bbox 2659 4678 2825 4735; x_wconf 87' lang='lat' dir='ltr'><strong>veluti</strong></span> <span class='ocrx_word' id='word_1_660' title='bbox 2855 4684 3237 4763; x_wconf 88' lang='lat' dir='ltr'><strong>cujuscunque</strong></span> <span class='ocrx_word' id='word_1_661' title='bbox 3266 4693 3397 4749; x_wconf 86' lang='lat' dir='ltr'><strong>sub-</strong></span> 
     </span>
    </p>
   </div>
   <div class='ocr_carea' id='block_1_97' title="bbox 1801 4754 3397 4857">
    <p class='ocr_par' dir='ltr' id='par_1_97' title="bbox 1801 4754 3397 4857">
     <span class='ocr_line' id='line_1_99' title="bbox 1801 4754 3397 4857; baseline 0.019 -49"><span class='ocrx_word' id='word_1_662' title='bbox 1801 4754 1961 4824; x_wconf 70' lang='lat' dir='ltr'><strong>jecta:</strong></span> <span class='ocrx_word' id='word_1_663' title='bbox 1997 4755 2255 4818; x_wconf 78' lang='lat' dir='ltr'><strong>Ecclesiae</strong></span> <span class='ocrx_word' id='word_1_664' title='bbox 2298 4761 2621 4835; x_wconf 84' lang='lat' dir='ltr'><strong>discipulus.</strong></span> <span class='ocrx_word' id='word_1_665' title='bbox 2664 4768 2721 4826; x_wconf 91' lang='lat' dir='ltr'><strong>Si</strong></span> <span class='ocrx_word' id='word_1_666' title='bbox 2768 4789 2885 4845; x_wconf 89' lang='lat' dir='ltr'><strong>qua</strong></span> <span class='ocrx_word' id='word_1_667' title='bbox 2923 4754 3053 4834; x_wconf 84' lang='lat' dir='ltr'><strong>vero</strong></span> <span class='ocrx_word' id='word_1_668' title='bbox 3079 4754 3397 4857; x_wconf 69' lang='lat' dir='ltr'><strong>competens</strong></span> 
     </span>
    </p>
   </div>
   <div class='ocr_carea' id='block_1_98' title="bbox 1808 4848 3400 4938">
    <p class='ocr_par' dir='ltr' id='par_1_98' title="bbox 1808 4848 3400 4938">
     <span class='ocr_line' id='line_1_100' title="bbox 1808 4848 3400 4938; baseline 0.019 -38"><span class='ocrx_word' id='word_1_669' title='bbox 1808 4848 1949 4903; x_wconf 89' lang='lat' dir='ltr'><strong>ratio</strong></span> <span class='ocrx_word' id='word_1_670' title='bbox 1975 4850 2239 4910; x_wconf 90' lang='lat' dir='ltr'><strong>adversus</strong></span> <span class='ocrx_word' id='word_1_671' title='bbox 2260 4869 2356 4911; x_wconf 89' lang='lat' dir='ltr'><strong>eos</strong></span> <span class='ocrx_word' id='word_1_672' title='bbox 2382 4874 2714 4932; x_wconf 84' lang='lat' dir='ltr'><strong>quemquam</strong></span> <span class='ocrx_word' id='word_1_673' title='bbox 2746 4871 3000 4938; x_wconf 88' lang='lat' dir='ltr'><strong>moverit,</strong></span> <span class='ocrx_word' id='word_1_674' title='bbox 3024 4880 3081 4927; x_wconf 88' lang='lat' dir='ltr'><strong>et</strong></span> <span class='ocrx_word' id='word_1_675' title='bbox 3106 4874 3214 4934; x_wconf 85' lang='lat' dir='ltr'><strong>hoc</strong></span> <span class='ocrx_word' id='word_1_676' title='bbox 3242 4866 3400 4933; x_wconf 84' lang='lat' dir='ltr'><strong>aliter</strong></span> 
     </span>
    </p>
   </div>
   <div class='ocr_carea' id='block_1_99' title="bbox 1805 4940 3403 5037">
    <p class='ocr_par' dir='ltr' id='par_1_99' title="bbox 1805 4940 3403 5037">
     <span class='ocr_line' id='line_1_101' title="bbox 1805 4940 3403 5037; baseline 0.018 -45"><span class='ocrx_word' id='word_1_677' title='bbox 1805 4940 2155 4999; x_wconf 85' lang='lat' dir='ltr'><strong>determinari</strong></span> <span class='ocrx_word' id='word_1_678' title='bbox 2187 4947 2516 5017; x_wconf 85' lang='lat' dir='ltr'><strong>nequiverit,</strong></span> <span class='ocrx_word' id='word_1_679' title='bbox 2540 4951 2806 5022; x_wconf 88' lang='lat' dir='ltr'><strong>judicium</strong></span> <span class='ocrx_word' id='word_1_680' title='bbox 2835 4962 3222 5037; x_wconf 88' lang='lat' dir='ltr'><strong>apostolicum,</strong></span> <span class='ocrx_word' id='word_1_681' title='bbox 3250 4965 3403 5037; x_wconf 88' lang='lat' dir='ltr'><strong>quod</strong></span> 
     </span>
    </p>
   </div>
   <div class='ocr_carea' id='block_1_100' title="bbox 1806 5030 3406 5134">
    <p class='ocr_par' dir='ltr' id='par_1_100' title="bbox 1806 5030 3406 5134">
     <span class='ocr_line' id='line_1_102' title="bbox 1806 5030 3406 5134; baseline 0.022 -50"><span class='ocrx_word' id='word_1_682' title='bbox 1806 5030 1939 5086; x_wconf 87' lang='lat' dir='ltr'><strong>nulli</strong></span> <span class='ocrx_word' id='word_1_683' title='bbox 1988 5037 2365 5106; x_wconf 72' lang='lat' dir='ltr'><strong>prmjudicium</strong></span> <span class='ocrx_word' id='word_1_684' title='bbox 2418 5047 2753 5113; x_wconf 74' lang='lat' dir='ltr'><strong>pnetendcre</strong></span> <span class='ocrx_word' id='word_1_685' title='bbox 2800 5030 3027 5122; x_wconf 75' lang='lat' dir='ltr'><strong>patitur,</strong></span> <span class='ocrx_word' id='word_1_686' title='bbox 3075 5030 3251 5134; x_wconf 77' lang='lat' dir='ltr'><strong>supra</strong></span> <span class='ocrx_word' id='word_1_687' title='bbox 3269 5030 3406 5110; x_wconf 51' lang='grc'><strong>’1100</strong></span> 
     </span>
    </p>
   </div>
   <div class='ocr_carea' id='block_1_101' title="bbox 1801 5126 3413 5184">
    <p class='ocr_par' dir='ltr' id='par_1_101' title="bbox 1801 5126 3413 5184">
     <span class='ocr_line' id='line_1_103' title="bbox 1801 5126 3413 5184; baseline 0.004 -6"><span class='ocrx_word' id='word_1_688' title='bbox 1801 5126 2070 5184; x_wconf 77' lang='lat' dir='ltr'><strong>patientcr</strong></span> <span class='ocrx_word' id='word_1_689' title='bbox 2090 5131 2436 5184; x_wconf 64' lang='lat' dir='ltr'><strong>nraestoletur</strong></span> <span class='ocrx_word' id='word_1_690' title='bbox 2459 5143 2513 5184; x_wconf 77' lang='lat' dir='ltr'><strong>et</strong></span> <span class='ocrx_word' id='word_1_691' title='bbox 2537 5136 2816 5184; x_wconf 54' lang='lat' dir='ltr'><strong>humiliter</strong></span> <span class='ocrx_word' id='word_1_692' title='bbox 2837 5126 3169 5184; x_wconf 55' lang='lat' dir='ltr'><strong>matrimi&quot;.-</strong></span> <span class='ocrx_word' id='word_1_693' title='bbox 3213 5150 3413 5184; x_wconf 66' lang='lat' dir='ltr'><strong>honor-</strong></span> 
     </span>
    </p>
   </div>
  </div>
