4050 5358
918 111 934 137 Ι

606 130 748 191 1295

1885 124 2286 191 ALEXAND!“
2316 135 2360 191 II
2386 126 2613 194 PM’AE‘

3760 147 3895 201 1296

605 252 669 305 et
683 240 1021 313 indulgentia
1046 239 1285 311 pietatis.
1328 239 1395 295 Et
1420 239 1466 297 si
1497 238 1696 312 aliquis
1719 243 1972 300 eumdem
2017 245 2198 302 locum
2230 249 2277 307 A
2302 249 2573 304 examinis
2594 247 2761 305 fuerit
2794 250 3063 307 sententia
3084 253 3514 325 promulgatum.
3548 255 3903 329 Quapropter

605 334 1029 406 expetieritsua:
1054 332 1381 390 humilitatis
1405 340 1460 388 et
1480 333 1674 390 salutis
1699 336 1894 407 gratia,
1920 337 2148 394 minime
2168 354 2199 393 a

606 426 767 483 venia
794 434 849 483 et
880 433 1066 496 optata
1112 424 1486 481 misericordia
1530 426 1888 498 excludatur,
1934 430 2034 486 sed
2079 430 2201 486 oleo

608 518 989 580 medicamenti
1020 516 1282 573 salutaris
1325 515 1592 574 fovendus
1626 519 1933 592 benigniter
1979 523 2202 595 colliga-

609 621 720 678 tur,
744 611 874 683 quia
903 619 958 667 et
972 611 1185 682 justum
1214 612 1295 666 sic
1321 618 1408 666 est
1432 620 1496 667 ut
1522 610 1580 667 in
1610 612 1774 668 domo
1795 614 2013 685 pietatis
2042 625 2095 671 ct
2111 615 2203 686 ju-

614 714 697 761 sta
721 705 1037 776 praebeatur
1056 702 1278 759 dilectio
1303 712 1509 760 sanctae
1531 703 1912 773 fraternitatis,
1937 715 1992 762 et
2021 708 2089 763 ad
2112 722 2203 763 ve-

611 798 759 852 niam
783 795 1117 868 confugienti
1144 797 1420 867 peccatori
1446 812 1558 852 non
1578 806 1807 870 negetur
1834 800 2204 855 medicamen-

612 899 730 946 tum
762 888 1117 962 indulgentiaa
1156 897 1212 945 et
1252 889 1468 946 salutis.
1502 888 1584 945 Sit
1618 898 1804 946 autem
1845 891 2101 947 omnibus
2128 891 2202 946 ibi

612 983 1028 1047 advenientibus
1054 998 1224 1039 causa
1253 983 1470 1050 salutis,
1495 983 1585 1038 hic
1612 992 1667 1038 et
1694 983 1750 1038 in
1776 994 2096 1055 perpetuum
2122 985 2205 1039 di-

611 1078 754 1133 vinae
797 1076 1169 1132 miserationis
1196 1083 1249 1130 et
1280 1076 1496 1146 pietatis
1524 1074 1799 1147 refugium
1823 1118 1838 1143 ,
1864 1085 1919 1132 et
1946 1077 2205 1148 apostoli-

612 1186 691 1229 ca:
712 1170 1109 1229 benedictionis
1127 1178 1181 1224 et
1200 1169 1560 1225 absolutionis
1582 1169 1917 1240 praesidium.
1948 1169 2205 1225 Decerni-

614 1282 737 1322 mus
757 1272 1017 1337 praeterea
1047 1270 1101 1317 et
1125 1262 1351 1318 omnino
1392 1261 1781 1328 constituimus
1820 1270 1883 1317 ut
1904 1304 1920 1330 ,
1960 1262 2204 1333 praedici

613 1360 718 1415 loci
742 1358 976 1414 obeunte
1004 1355 1221 1420 abbate,
1253 1369 1364 1409 non
1391 1354 1465 1409 ibi
1506 1353 1647 1410 alius
1672 1353 2051 1425 cujuscunque
2080 1369 2204 1425 per-

616 1467 768 1509 sonte
795 1448 1053 1506 violentia
1080 1449 1450 1504 constituatur
1476 1447 1836 1514 ordinandus,
1866 1447 1959 1502 sed
1991 1447 2060 1501 ab
2086 1448 2204 1518 ipsa

2304 342 2666 397 venerabilem
2705 344 3050 400 sanctitatem
3090 353 3328 402 vestram
3358 344 3602 404 fraterna
3633 351 3907 407 charitate

2302 449 2612 502 monemus,
2659 442 2714 490 et
2760 435 2987 508 insuper
3031 439 3331 510 apostolica
3370 441 3526 498 vobis
3573 445 3906 500 auctoritate

2302 526 2652 598 praecipimus
2698 537 2759 584 ut
2798 531 2965 586 talem
3024 540 3347 604 tantumque
3394 535 3602 603 virum,
3636 544 3903 608 tauquam

2301 627 2549 675 nostram
2583 636 2896 692 personam,
2942 623 3103 696 digna
3133 626 3398 683 studeatis
3416 628 3711 684 devotione
3733 631 3907 686 suscio

2302 726 2452 782 pere,
2476 714 2706 784 ejusque
2741 717 3027 772 sententiis
3048 726 3212 789 atque
3234 719 3477 789 judiciis,
3507 730 3742 794 propter
3758 723 3904 778 beati

2301 801 2453 858 Petri
2476 807 2850 875 apostolorum
2879 809 3144 881 principis
3185 814 3569 882 reverentiam,
3616 816 3907 870 humiliter

2303 895 2541 952 obedire.
2573 896 2835 971 Quisquis
2860 902 3009 957 enim
3037 900 3182 958 fastu
3212 905 3502 975 superbire,
3530 908 3680 979 quod
3723 908 3900 963 absit!

2303 986 2543 1055 inﬂatus,
2600 990 2746 1047 illius
2775 992 2982 1062 judicio
3014 996 3384 1052 contradictor
3438 1000 3524 1054 vel
3576 1000 3905 1056 adv‘ersator

2302 1080 2594 1149 exstiterit,
2625 1092 2803 1154 usque
2827 1086 2896 1141 ad
2915 1086 3135 1158 dignam
3177 1089 3901 1158 satisfactionem,nostram

2304 1172 2388 1227 vel
2423 1171 2685 1231 Romanae
2731 1175 2990 1234 Ecclesiae
3039 1182 3270 1251 gratiam
3300 1198 3410 1238 non
3459 1172 3704 1241 habebit.
3758 1184 3903 1253 Quia

2304 1280 2456 1332 vero,
2494 1283 2620 1322 cum
2649 1269 2716 1324 ad
2745 1286 2844 1326 vos
2879 1270 3178 1328 Girelmum
3201 1275 3476 1345 misimus,
3494 1277 3677 1333 adhuc.
3697 1278 3905 1333 adven-

2305 1363 2423 1413 tum
2467 1359 2678 1428 prael‘ati
2719 1363 2928 1419 domini
2971 1364 3120 1420 Petri
3146 1383 3247 1423 nos
3266 1368 3561 1439 impetrare
3590 1385 3759 1441 posse
3786 1371 3907 1425 nul-

2305 1450 2522 1505 latenus
2575 1467 2943 1524 speraremus,
2992 1459 3249 1515 volutans
3278 1469 3340 1515 ut
3379 1463 3424 1516 si
3455 1462 3587 1533 quid
3627 1463 3774 1533 apud
3804 1478 3907 1517 vos

614 1542 1034 1616 congregatione
1056 1541 1161 1596 loci
1188 1583 1202 1608 ,
1236 1539 1538 1596 secundum
1561 1540 1814 1594 timorem
1847 1539 1942 1595 Dei
1972 1549 2027 1595 et
2050 1540 2208 1597 iusti.-
2238 1617 2277 1627 “
2308 1541 2580 1601 Girelmus
2635 1548 2818 1618 coepit,
2854 1550 2923 1605 ad
2976 1551 3182 1607 domini
3221 1552 3369 1610 Petri
3403 1556 3783 1627 magisterium
3812 1572 3907 1611 ve-

615 1636 881 1691 tationem
904 1633 1247 1707 .legislatoris
1283 1631 1582 1697 Benedicti,
1622 1630 1784 1687 Pater
1811 1632 1908 1702 qui
1936 1632 2040 1687 sibi
2067 1647 2205 1702 prm-
2238 1617 2280 1672 Β
2307 1634 2459 1702 niat,
2532 1645 2588 1692 et
2641 1617 2739 1709 per
2804 1641 2925 1712 ejus
3005 1658 3231 1700 manum
3292 1617 3558 1718 quidquid
3628 1648 3903 1721 agendum

611 1743 734 1791 esse
755 1729 950 1784 debeat
968 1727 1220 1798 eligatur,
1248 1734 1303 1780 et
1322 1725 1391 1780 ad
1411 1739 1538 1780 eum
1557 1723 1945 1791 ordinandum,
1969 1725 2203 1796 quicun-

610 1836 720 1893 que
772 1821 881 1877 illis
929 1819 1198 1891 placuerit
1235 1818 1526 1889 episcopus
1566 1817 1882 1872 advocetur.
1914 1815 2202 1884 Quascun-
2234 1868 2239 1871 .

611 1930 721 1985 que
746 1929 878 1970 vero
908 1921 1082 1969 terras
1103 1927 1252 1966 nunc
1280 1919 1433 1965 tenes
1458 1952 1473 1977 ,
1504 1917 1559 1964 Οῑ
1591 1925 1730 1980 quas
1758 1917 1818 1965 tu
1858 1910 2045 1980 tuique
2070 1925 2199 1966 SUC-

611 2020 860 2062 cessores
892 2004 1179 2075 acquirere
1204 2002 1516 2073 potueritis,
1558 2001 1615 2056 in
1650 2009 1972 2072 perpetuum
2018 2003 2201 2072 possi-

610 2099 817 2157 dendas
845 2097 1197 2155 concedimus
1224 2094 1401 2154 vobis.
1435 2093 1492 2149 Si
1527 2094 1653 2165 quis
1679 2103 1861 2149 autem
1907 2095 2198 2150 temerario

612 2207 752 2253 ausu
781 2233 795 2256 ,
828 2190 975 2262 quod
1009 2188 1126 2245 ﬁeri
1153 2203 1266 2245 non
1295 2187 1573 2244 credimus
1594 2228 1610 2255 ,
1659 2196 1850 2242 contra
1886 2186 2051 2258 hujus
2099 2201 2200 2243 ne-

610 2292 739 2347 stra:
787 2282 1109 2356 apostolica)
1145 2280 1584 2337 confirmationis
1633 2280 1831 2336 seriem
1873 2280 2061 2336 venire
2105 2290 2200 2335 aut

609 2392 772 2449 agere
798 2375 1121 2442 tentavcrit,
1165 2373 1303 2430 sciat
1330 2389 1389 2428 se
1417 2372 1635 2428 Domini
1665 2373 1841 2428 nostri
1865 2370 1995 2428 Jesu
2034 2372 2199 2428 Chri-

609 2471 678 2525 sti
713 2479 769 2525 et
796 2468 1171 2541 apostolorum
1198 2466 1461 2537 principis
1493 2465 1639 2520 Petri
1679 2466 2046 2521 anathematis
2073 2465 2198 2519 vin-

608 2563 735 2617 culo
761 2560 1156 2627 innodandum,
1182 2568 1237 2614 et
1265 2574 1392 2614 cum
1420 2558 1639 2614 diabolo
1662 2558 1890 2629 ejusque
1914 2557 2202 2612 atrocissi-

612 2654 721 2719 mis
759 2653 998 2724 pompis,
1044 2661 1208 2722 atque
1249 2666 1377 2706 eum
1421 2649 1561 2723 Juda
1610 2648 1872 2705 traditore
1900 2648 2117 2704 Domini
2145 2659 2201 2704 et

612 2746 914 2802 Salvatoris
952 2744 1134 2801 nostri
1172 2742 1302 2799 Iesu
1347 2742 1553 2799 Christi
1599 2743 1653 2797 in
1703 2752 1970 2798 aeternum
2014 2742 2196 2814 ignem

609 2838 1095 2903 concremandum,
1124 2836 1397 2906 simulque
1422 2835 1477 2889 in
1505 2834 1842 2906 voraginem,
1868 2842 2197 2890 tartareumo

609 2945 716 2999 que
741 2930 913 2984 chaos
940 2929 1253 2984 demersum
1295 2943 1421 2982 cum
1449 2927 1633 2997 impiis
1658 2927 2042 2997 dejiciendum.
2089 2927 2193 2995 Qui

607 3036 740 3077 vero
769 3029 959 3077 custos
981 3030 1037 3076 et
1058 3021 1380 3076 observator
1413 3020 1585 3075 nostri
1613 3020 1880 3093 privilegii
1907 3021 2198 3087 exstiterit,

608 3113 1007 3173 benedictionis
1060 3114 1294 3185 gratiam
1331 3121 1386 3171 et
1412 3113 1581 3168 vitam
1610 3122 1870 3168 mternam
1905 3128 1936 3167 a
1969 3112 2200 3168 Domino

610 3214 1001 3279 consequatur,
1028 3214 1132 3262 etc.

1338 3319 1455 3376 XV.

607 3416 902 3473 Alexandri
936 3414 1002 3470 ΙΙ
1020 3415 1272 3487 epistola
1306 3414 1377 3469 ad
1422 3414 1842 3487 archiepiscopo:
1893 3412 2103 3487 Gallice.
2128 3445 2201 3454 -ο

647 3525 655 3532 -
682 3487 907 3544 Μαηάιιε
931 3496 989 3541 ut
1009 3485 1172 3541 Petro
1200 3486 1465 3540 Damiano
1491 3485 1721 3541 Ostiensi
1741 3486 2004 3556 episcopo,
2028 3485 2200 3556 legato

649 3614 655 3623 ,
682 3560 821 3613 sedis
851 3557 1178 3628 apostolicw.
1206 3558 1265 3614 in
1315 3556 1559 3612 omnibus
1584 3557 1744 3627 ﬁdem
1782 3556 2010 3611 habeant
2030 3566 2080 3612 et
2108 3556 2201 3612 de-

685 3628 790 3683 bite
811 3629 1079 3685 obediant.

1211 3718 1392 3791 (Anno
1424 3716 1602 3788 1065.)

1009 3808 1226 3885 [Μικκεῃ
1252 3810 1456 3866 Coucil.
1490 3808 1632 3878 XIX,
1658 3808 1810 3884 558.]

681 3905 1010 3961 ALEXANDER
1035 3904 1346 3974 episc0pus,
1375 3918 1567 3957 servus
1601 3917 1887 3957 servorum
1911 3901 2025 3969 Dei,
2059 3902 2201 3958 Gen-

609 3975 764 4054 vlsro
792 3994 1071 4065 Remensi,
1103 3978 1387 4050 chnsmo'
1411 3992 1738 4060 Senonensi,
1783 3993 2200 4053 Banrnoronaao

613 4087 946 4156 Turonensi,
1307 4084 1658 4153 Bituricensi,
1694 4085 1900 4141 T.......
1929 4086 2198 4160 Burdiga-

608 4183 769 4249 lensi,
801 4179 1250 4252 archiepisc0pis,
1283 4179 1514 4235 salutem
1538 4187 1592 4235 et
1622 4179 1980 4250 apostolicam
2030 4180 2198 4235 bene-

607 4273 926 4331 dictionem.

2306 1736 2420 1796 cst,
2450 1728 2565 1785 liat.
2970 1796 2985 1819 Ι

3029 1849 3171 1905 XVI.

2306 1935 2598 2011 Alemandri
2648 1937 2715 1992 11
2756 1941 2983 2011 epistola
3027 1943 3096 1996 ad
3136 1942 3442 1998 Gerrasium
3480 1944 3784 2001 Remeusem
3824 1965 3908 2001 ar-

2375 2008 2879 2080 cjciepiscopumé-
2913 2011 3164 2068 Prohibet
3190 2031 3253 2068 ne
3285 2025 3549 2070 consecret
3575 2016 3905 2071 losselinam

2373 2077 2799 2154 ξιιᾳὲδὶοηὲηδεηι
2844 2085 3143 2154 episCOpum
3186 2086 3252 2140 de
3296 2084 3536 2141 Simonia
3581 2090 3901 2143 conuictum.

2372 2150 3070 2227 B_el_va_censemepiscopum
3117 2158 3333 2227 corrigi,
3376 2167 3427 2210 et
3472 2158 3902 2223 Ambiauensem,

2351 2222 2717 2301 '0b_injuriam_
2739 2222 3041 2301 Corbeiensi
3077 2222 3279 2281 abbati"
3296 2227 3537 2297 illatam,
3578 2229 3651 2285 ad
3680 2222 3907 2301 satisfa-

2376 2294 2601 2349 ctionem
2627 2294 2773 2366 adigi
2795 2298 3058 2367 prwcipit.
3134 2320 3139 2325 ·

2900 2388 3081 2462 (Anno
3110 2388 3295 2463 1063.)

2689 2477 2907 2553 [MANSI,
2937 2480 3142 2538 Concil.
3168 2480 3309 2552 XIX,
3335 2481 3491 2556 956.]

2374 2592 2698 2651 ALEXANDER
2724 2599 3041 2671 episcopus,
3070 2616 3264 2657 servus
3293 2596 3575 2659 servorum
3610 2600 3733 2670 Dei,
3762 2600 3906 2660 Gea-

2299 2701 2456 2743 VASIO
2482 2690 2779 2767 venerabili
2807 2681 3105 2749 Remorum
3128 2695 3559 2767 archiepiscopo,
3583 2696 3827 2753 salutem
3851 2707 3903 2754 et

2299 2781 2651 2850 apostolicam
2681 2783 3136 2841 benedictionem.
3348 2784 3353 2787 Ἴ

2370 2872 2585 2928 Pestem
2620 2873 3009 2945 Simoniaeam,
3037 2893 3159 2949 qua:
3185 2879 3453 2936 hactenus
3482 2881 3682 2937 vestris
3703 2883 3764 2938 in
3785 2898 3902 2954 par

2228 2983 2269 3039 ο
2302 2964 2448 3021 tibus
2489 2967 2647 3038 quasi
2689 2968 2877 3025 timida
2917 2964 3135 3041 serpere
3160 2972 3389 3041 solebat,
3423 2990 3574 3030 nunc
3601 2985 3773 3046 caput
3815 2992 3903 3031 ac-

2307 3059 2558 3130 cepimus
2608 3062 2870 3118 extulisse
2910 3072 2965 3119 et
3005 3063 3154 3135 gregi
3193 3062 3505 3135 Dominico,
3553 3075 3669 3123 tam
3704 3069 3904 3124 timore

2302 3168 2466 3222 quam
2490 3154 2695 3224 pudore
2725 3164 2954 3224 remoto,
2980 3157 3358 3228 gravissimam
3384 3159 3665 3232 jacturam
3696 3161 3905 3218 instan-

2302 3244 2516 3300 tissime
2555 3246 2775 3304 inferre.
2814 3247 2969 3305 Unde
3010 3266 3120 3305 non
3153 3251 3415 3308 mediocri
3455 3269 3697 3310 maerore
3740 3253 3904 3309 allici-

2302 3348 2447 3402 mur,
2482 3336 2682 3409 quippe
2712 3340 2807 3409 qui
2848 3340 3005 3396 nobis
3033 3341 3268 3399 creditos
3295 3351 3349 3398 et
3387 3342 3597 3401 Christi
3636 3348 3903 3418 sanguine

2302 3432 2610 3504 redemptos
2631 3438 2992 3506 quorumdam
3016 3440 3370 3508 perversitate
3391 3440 3574 3511 perire
3593 3441 3901 3498 videamus.

2301 3525 2457 3592 Quod
2486 3536 2658 3584 totum
2701 3546 2832 3586 sane
2860 3522 3286 3604 archiepiscopis
3325 3534 3705 3605 imputamus;
3746 3553 3905 3591 nemo

2301 3619 2447 3674 enim
2472 3619 2818 3676 Simoniacus
2841 3623 3170 3693 emptionem
3206 3625 3387 3692 iniret,
3412 3627 3459 3682 si
3489 3643 3549 3684 se
3580 3644 3906 3685 consecran—

2301 3712 2432 3768 dum
2479 3711 2593 3768 fore
2626 3714 2958 3784 desperaret.
3014 3714 3117 3771 Sed
3166 3718 3294 3788 quia
3334 3720 3738 3792 archiepiscopi
3789 3724 3903 3780 sine

2300 3805 2629 3861 discretione
2670 3818 3016 3879 consecrant,
3058 3810 3215 3864 multi
3244 3810 3538 3868 indiscrete
3577 3815 3905 3887 advcpisoo-

2300 3906 2461 3968 patus
2499 3898 2763 3967 aspirant.
2813 3897 3024 3954 Verum
3065 3917 3191 3956 cum
3240 3910 3458 3973 tempus
3504 3907 3902 3975 acceperimus,

2301 3988 2547 4059 adjutore
2580 3989 2710 4057 Deo,
2757 3998 2811 4045 et
2839 3990 2907 4046 de
2937 3994 3277 4048 consecratis
3312 4002 3367 4049 et
3397 3995 3465 4049 de
3498 3998 3905 4053 consecratori-

2300 4080 2682 4151 bus‘justitias
2722 4080 3113 4152 judicabimus.
3157 4082 3235 4145 Αι,
3258 4100 3389 4140 vero
3428 4086 3618 4142 audito
3643 4096 3744 4143 tuo
3781 4104 3906 4159 erga

2301 4182 2546 4247 sanctam
2575 4173 2892 4247 religionem
2921 4175 3065 4231 bono
3094 4178 3296 4245 studio,
3325 4194 3435 4235 non
3464 4181 3685 4236 modice
3705 4183 3909 4254 gaude-

2301 4281 2458 4333 mus;
2486 4282 2651 4336 quem
2681 4277 2967 4324 strenuum
2988 4271 3253 4325 cultorem
3285 4272 3360 4326 ita
3389 4272 3445 4327 iu
3482 4273 3644 4329 vinea
3682 4272 3906 4331 Domini

677 4365 797 4421 Non
827 4367 1041 4437 ignorat
1065 4373 1252 4422 sancta
1274 4372 1455 4420 vestra
1476 4362 1810 4432 fraternitas,
1835 4364 2197 4433 dilectissimi,
2233 4340 2276 4393 D
2301 4359 2513 4428 operari
2547 4359 2858 4416 audivimus
2896 4370 2956 4416 ut
2988 4364 3137 4418 nulla
3181 4363 3425 4421 Simonis
3442 4382 3690 4439 propago
3724 4368 3784 4423 in
3820 4386 3906 4434 ea,

609 4449 759 4530 quod
780 4473 847 4511 ex
869 4457 1195 4512 auctoritate
1240 4457 1387 4512 sedis
1434 4455 1769 4526 apostolicae,
1799 4455 1887 4511 cui
1921 4470 2026 4511 nos
2055 4455 2200 4510 indi-

610 4541 750 4621 gnos
796 4549 1083 4605 clementia
1127 4548 1312 4604 divina
1355 4547 1628 4620 praefecit,
1656 4549 1828 4604 totius
1873 4548 2201 4604 universalis

611 4637 869 4698 Ecclesiae
910 4640 1179 4712 regendus
1214 4657 1279 4698 ac
1329 4641 1705 4712 disponendus
1733 4641 1892 4697 nobis
1919 4650 2096 4697 status
2124 4641 2202 4695 in-

611 4718 837 4788 cumbit.
867 4732 1139 4799 Quoniam
1188 4733 1354 4805 igitur
1393 4732 1643 4803 pluribus
1687 4730 2057 4788 Ecclesiarum
2098 4752 2198 4791 ne-

611 4825 774 4897 gotiis
802 4825 1075 4896 occupati,
1115 4825 1183 4880 ad
1232 4842 1331 4881 vos
1362 4826 1467 4897 ipsi
1502 4826 1688 4880 venire
1743 4841 1851 4880 non
1883 4842 2201 4896 possumus,

608 4900 772 4972 talem
797 4917 1149 4987 vobisvirum
1181 4917 1456 4973 destinare
1478 4917 1791 4972 curavimus
1815 4932 1926 4987 quo
1942 4918 2203 4974 nimirum

610 5018 733 5080 post
757 5025 858 5064 nos
884 5009 1060 5079 major
1087 5010 1143 5063 in
1187 5007 1437 5080 Romana
1476 5007 1720 5064 Ecclesia
1764 5011 2064 5067 auctoritas
2092 5026 2204 5067 non

612 5102 873 5167 habetur,
931 5100 1153 5156 Petrum
1216 5100 1468 5155 videlicet
1518 5098 1845 5154 Damianum
1895 5098 2202 5157 Ostiensem

612 5194 954 5264 episcopum,
1004 5194 1099 5263 qui
1144 5193 1408 5248 nimirum
1457 5200 1511 5246 et
1549 5201 1737 5246 noster
1791 5200 1877 5247 est
1930 5192 2122 5248 oculus
2149 5200 2203 5247 et

615 5285 928 5354 apostolicae
995 5285 1157 5355 sedis
1209 5283 1492 5339 immobile
1572 5282 2000 5339 ﬁrmamentum.
2067 5281 2205 5340 Huic

2301 4460 2567 4523 quantum
2591 4453 2658 4509 ad
2674 4462 2727 4509 te
2748 4454 2960 4522 attinet,
2991 4458 3238 4514 radicare
3263 4459 3457 4529 possit.
3491 4458 3561 4514 Et
3582 4477 3905 4533 quanquam

2300 4544 2669 4601 admonitione
2707 4563 2815 4602 non
2853 4548 3089 4605 videaris
3120 4534 3300 4625 egere,
3330 4561 3382 4608 te
3414 4562 3600 4609 tamen
3640 4548 3920 4640 admone;

2302 4630 2446 4702 mus,
2477 4646 2641 4707 atque
2665 4640 3012 4711 praecipimus
3038 4651 3098 4697 ut
3117 4642 3449 4701 Josselinum
3482 4644 3908 4705 Suessionensis

2300 4725 2552 4783 Ecclesize
2582 4745 2691 4785 non
2718 4747 3005 4789 consecres
3043 4734 3361 4806 episcopum
3396 4737 3517 4808 qui,
3555 4739 3908 4795 archidiaco-

2306 4828 2495 4876 natum
2535 4819 2843 4903 Simoniaee
2867 4825 3170 4882 obtinuisse
3195 4843 3304 4883 non
3341 4839 3657 4899 contentus,
3689 4834 3910 4903 episco-

2303 4912 2424 4985 pari
2460 4912 2625 4968 etiam
2662 4900 2893 4996 pecunia
2939 4919 3239 4996 contendit.
3278 4918 3667 4981 Belvacensem
3714 4900 3905 4979 autem

2303 5004 2638 5076 episcopum,
2682 4990 2844 5088 quem
2870 5024 2961 5087 res
2978 4990 3387 5087 ecclesiasticas
3417 5023 3473 5069 et
3508 5017 3775 5086 populum
3807 5015 3907 5071 Dei

2303 5096 2559 5152 atrociter
2600 5098 3003 5168 disperdentem
3061 5103 3415 5173 audivimus,
3460 5106 3507 5162 si
3551 5123 3747 5163 verum
3793 5119 3904 5176 est,

2298 5185 2486 5256 jubem
2494 5203 2556 5243 us
2568 5187 2641 5243 ita
2650 5188 2802 5261 virga
2811 5200 3014 5249 sanctae
3034 5196 3378 5252 auctoritatis
3387 5196 3553 5263 ferias
3568 5209 3630 5254 ut
3646 5210 3904 5270 aeterm,

2303 5280 2351 5358 si
2379 5281 2477 5354 qui
2504 5290 2632 5338 sunt
2658 5283 2865 5340 similes
2891 5285 3030 5355 ejus,
3054 5289 3307 5358 exemplo
3331 5290 3694 5358 corrigantur.
3728 5291 3905 5356 Porro
