4050 5358
200 279 342 336 1297

1367 285 1727 346 Εριετοιιιε
1765 292 1852 348 ΕΤ
1882 295 2294 354 DIPLOMATA.

3351 313 3485 370 1298

199 398 256 451 ln
288 397 406 495 dies
435 414 556 453 eam
585 398 929 470 multiplicat.
971 398 1151 467 Quare
1179 408 1476 495 utrumque
1505 404 1572 459 ad
1593 412 1646 459 te
1678 421 1798 460 ma-
1829 409 1870 466 Α
1899 425 2065 482 scopo
2095 412 2370 482 Remensi,
2404 415 2487 469 vel
2515 431 2546 470 a
2577 418 2816 487 quolibet
2841 419 2948 476 alio
2976 437 3139 491 quem
3165 423 3269 479 sibi
3289 411 3488 495 appar-

202 492 384 546 turius
415 508 702 558 eom'oces,
737 509 928 548 eorum
965 494 1304 550 contentioni
1343 494 1508 552 finem
1539 499 1804 554 canonice

197 583 584 653 impositurus.
616 585 768 650 Quod
809 586 855 641 si
885 601 981 656 per
1020 595 1071 640 te
1106 587 1442 656 nequiveris,
1479 604 1593 644 rem
1628 599 1803 645 totam

197 674 267 727 ad
309 676 494 729 sedem
543 678 900 746 apostolicam
953 680 1328 749 tempesuvius
1375 697 1473 752 per
1516 683 1802 752 epistolam

183 809 194 825 .
214 765 433 831 'eferas,
467 777 522 820 ut
565 770 863 838 apostolica
893 772 1220 826 auctoritate
1251 773 1366 828 hzec
1404 776 1683 830 contentio
1715 793 1803 830 so-

185 857 313 936 gaita
342 861 718 930 conquiescat.
760 861 882 918 llaec
919 880 1048 934 agas
1071 873 1126 918 et
1155 864 1278 920 aliis
1299 882 1519 936 quoque
1547 866 1802 922 Ecclesia:

181 925 528 1007 ’ttilitatibus
551 955 833 1009 hortamur
872 957 1159 1024 inservias,
1192 967 1250 1012 ut
1281 958 1485 1014 laboris
1510 959 1586 1013 tui
1619 959 1802 1013 Domi-

195 1059 335 1098 num
363 1043 549 1100 Jesum
589 1048 915 1118 quandoque
964 1049 1168 1104 habeas
1220 1051 1589 1122 largissimum
1645 1052 1801 1106 retri-

195 1137 474 1203 butorem,
517 1148 573 1195 et
619 1151 861 1196 nostram
913 1159 1039 1214 erga
1063 1152 1113 1199 te
1143 1143 1572 1199 benevolentiam
1596 1144 1802 1198 sentias

194 1232 508 1291 certiorem.

917 1326 1056 1379 .‘(l'll

195 1414 499 1488 Alexandri
531 1416 594 1470 11
641 1420 867 1488 cpistola
901 1420 969 1472 ad
1013 1417 1315 1471 loci-"linum
1367 1419 1802 1471 ai'rliitiim'ouum

272 1485 831 1560 RarisienscmE—De
864 1508 922 1543 eo
953 1491 1043 1560 qui
1082 1491 1443 1559 episcopatum
1491 1507 1583 1559 per
1627 1489 1802 1543 Simo-

271 1559 416 1612 uiam
436 1569 487 1612 et
514 1561 857 1614 honiicidium
887 1559 1156 1629 (requisiit.

809 1655 989 1724 (Anno
1022 1654 1205 1722 1063.)

596 1743 815 1816 [M.\.\'Si,
853 1747 1056 1801 Couril.
1085 1745 1229 1812 XIX,
1254 1746 1407 1819 978.]

274 1831 494 1890 Litteris
517 1837 580 1890 ad
605 1838 786 1893 sedem
812 1839 1165 1910 apostolicam
1191 1839 1371 1893 aliatis
1391 1838 1798 1910 comperuimus

197 1933 276 1989 te,
313 1937 625 1999 contempto
659 1942 976 1987 sanctorum
1022 1931 1248 1986 Patrum
1305 1933 1670 1996 anathemate,
1709 1948 1798 1985 ar—

199 2018 642 2078 ehidiaeonatum
675 2041 781 2079 non
814 2027 979 2080 modo
1007 2026 1259 2095 pecunia,
1287 2042 1476 2079 verum
1502 2024 1664 2078 etiam
1694 2023 1796 2077 ho-

198 2112 425 2167 micidio
451 2117 794 2186 acquisiisse,
827 2129 878 2172 et
908 2136 1074 2185 nunc,
1100 2127 1248 2192 tanta
1272 2118 1495 2173 sceleris
1520 2117 1798 2187 contagio-

198 2219 270 2258 ne
295 2208 648 2275 maculatum,
665 2209 1119 2267 Sucssionensem
1142 2211 1517 2282 episcopatum
1534 2227 1630 2282 per
1648 2209 1798 2263 dete-

198 2299 395 2354 stabile
417 2301 739 2360 Simoniacze
762 2305 986 2360 haeresis
1011 2305 1398 2359 commercium
1425 2318 1794 2373 comparasse.

199 2387 358 2446 Elide
384 2397 682 2464 apostolica
711 2399 1036 2454 auctoritate
1069 2398 1163 2452 tibi
1203 2397 1583 2452 interdicimus
1606 2403 1664 2449 ut
1702 2411 1793 2447 or-

197 2483 537 2542 dinationem
561 2491 839 2558 suscipere
865 2508 970 2544 non
997 2507 1321 2560 praisumas,
1344 2489 1518 2543 donec
1547 2497 1671 2542 ante
1697 2502 1796 2540 nos

195 2576 284 2629 vel
314 2578 548 2649 legatum
582 2591 828 2637 nostrum
859 2584 1152 2653 purilicare
1176 2591 1225 2637 te
1252 2598 1415 2652 super
1445 2581 1548 2634 hac
1572 2578 1794 2633 infamia

197 2670 424 2726 studeas

195 2875 498 2933 Alexandri
523 2879 585 2933 Il
611 2883 835 2949 epistola
867 2884 935 2936 ad
961 2883 1551 2951 Widouemepiscopum
1569 2880 1791 2934 Anteia-

273 2966 502 3023 ucnsem.
529 2982 601 2991 -ο
629 2951 784 3006 lubet
832 2964 886 3006 ut
919 2956 1139 3007 desistat
1183 2953 1248 3006 ab
1282 2953 1665 3023 inquietatione
1701 2951 1793 3023 uib-

272 3021 411 3074 batis
435 3032 484 3074 et
521 3026 828 3078 mormstcrii
860 3025 1227 3084 Cnrbeiensis:
1257 3021 1495 3094 aliaquin
1521 3022 1792 3094 suspendit

271 3093 444 3159 ipsum
487 3094 552 3147 ab
598 3097 799 3162 officio,
845 3107 892 3149 et
925 3097 1345 3150 exeam-munirat
1368 3093 1387 3158 ,ί
1416 3096 1580 3148 detrec
1611 3093 1792 3147 abbati

270 3181 448 3218 coram
485 3166 878 3237 archiepiscopo
915 3167 1156 3222 Remeusi
1182 3167 1508 3236 satisfaciat.

607 3327 612 3330 _
805 3260 986 3329 (Anno
1021 3259 1201 3327 1067.)

197 3348 417 3420 [ὶῐλκειῃ
451 3349 656 3405 Caucil.
684 3349 825 3417 XIX,
857 3353 984 3416 975,
1023 3369 1088 3406 ex
1116 3349 1432 3421 apographo
1467 3344 1792 3418 Sirmondi.]

272 3442 618 3506 Arexaxnzzn,
645 3459 836 3498 servus
861 3460 1142 3498 servorum
1177 3442 1293 3507 Dei,
1321 3441 1538 3495 Widoni
1571 3439 1796 3494 Ambia-

197 3535 356 3589 nensi
407 3537 704 3606 episcopo,
758 3537 989 3592 salutem
1047 3545 1101 3590 et
1150 3535 1510 3606 apostolicam
1573 3532 1796 3588 benedi-

195 3628 456 3682 ctionem.

268 3719 534 3778 Miramur
577 3719 972 3776 fraternitatem
1018 3730 1207 3784 tuam,
1267 3719 1529 3790 neglectis
1579 3727 1798 3774 sancto-

196 3829 321 3868 rum
369 3829 641 3869 canonum
690 3815 1152 3882 auctoritatibus,
1213 3813 1518 3883 postposita
1576 3827 1797 3881 quoque

197 3916 401 3962 sanctae
423 3907 739 3976 apostolicae
776 3907 921 3962 sedis
959 3907 1296 3973 reverentia,
1348 3906 1548 3975 injuste
1589 3913 1644 3959 et
1679 3904 1798 3960 sine

195 4001 307 4054 ulla
353 3999 565 4055 ratione
593 4001 987 4055 monasterium
1031 3999 1362 4054 Corbeiense
1408 3998 1714 4068 inquietare
1744 4003 1800 4051 et

195 4094 493 4158 abbatem,
548 4109 578 4146 a
649 4093 1050 4164 praedecessore
1112 4101 1304 4145 nostro
1357 4091 1460 4161 piae
1521 4089 1798 4145 memoriae

197 4185 383 4239 Leone
410 4185 742 4250 ordinatum,
793 4184 1077 4240 temeraria
1121 4183 1796 4254 pra‘sumptioneexcom-

198 4279 548 4345 municasse;
580 4279 772 4333 altaria
815 4294 1056 4348 quoque,
1100 4277 1210 4346 juri
1258 4277 1428 4346 ipsius
1478 4274 1796 4329 monasterii

199 4367 552 4440 pertinentia,
601 4381 789 4425 contra
841 4379 1158 4425 sanctorum
1210 4385 1483 4421 canonum
1524 4367 1792 4431 instituta,

199 4464 344 4526 aliis,
399 4464 544 4518 unde
587 4463 822 4518 maxime
871 4463 1241 4533 indignamur,
1294 4461 1510 4524 collata,
1556 4459 1681 4512 dato
1727 4459 1795 4512 ab

1904 505 2091 558 tunius
2113 506 2424 574 providerit,
2449 508 2705 580 deinceps
2735 512 2978 583 recipiat.
3005 513 3062 568 Si
3084 523 3267 571 autem
3295 532 3489 588 super-

1902 597 1993 652 bia
2041 598 2235 664 elatus,
2267 600 2352 655 his
2384 602 2585 657 nostris
2620 607 3074 676 przeeeptionibus
3102 610 3408 666 obviaveris
3436 619 3490 668 et

1903 706 2068 760 supra
2118 691 2263 746 dicto
2316 697 2648 752 monasterio
2704 698 2960 769 injuriam
3008 703 3243 772 amplius
3287 702 3490 761 inferre

1902 786 2340 854 prrcsumpseris,
2370 788 2512 843 scias
2537 798 2586 844 te
2607 791 2756 846 omni
2785 793 3079 864 episcopali
3109 795 3282 852 ofﬁcio
3314 805 3367 851 ct
3397 811 3489 856 sa-

1903 877 2158 931 cerdotali
2195 878 2463 948 privatum
2504 898 2645 947 esse,
2689 884 2862 940 donec
2910 895 3180 942 tumorem
3223 889 3492 958 superbit:

1901 968 2135 1022 debitam
2165 986 2260 1039 per
2291 972 2652 1028 humilitatem
2680 976 2955 1032 dimiseris
2993 986 3048 1033 et
3087 979 3246 1034 nobis
3276 988 3330 1034 et
3359 996 3492 1034 san-

1902 1071 2001 1116 cta:
2029 1063 2337 1132 apostolica:
2368 1065 2481 1120 sedi
2514 1083 2608 1136 per
2630 1069 2954 1139 condignam
2995 1072 3360 1126 obedientiam
3403 1088 3492 1127 sa-

1903 1153 2152 1211 tisfacere
2176 1156 2472 1213 studueris.
2508 1157 2565 1212 Si
2589 1169 2792 1225 autem,
2819 1163 3118 1218 secundum
3147 1164 3405 1220 duritiam
3438 1174 3492 1220 et

1903 1245 2252 1331 impaenitcns
2282 1265 2377 1304 cor
2404 1260 2580 1318 tuum,
2631 1251 2770 1308 iram
2810 1255 2906 1310 tibi
2949 1258 3260 1326 apostolicae
3306 1258 3488 1324 sedis,

1902 1349 2081 1406 spreta
2112 1340 2215 1395 hac
2239 1352 2425 1397 nostra
2456 1345 2852 1412 admonitione,
2877 1349 3356 1417 thesaurizaveris,
3379 1368 3494 1406 om-

1902 1430 2033 1486 nino
2062 1431 2156 1486 tibi
2183 1446 2591 1492 sacrosanctam
2616 1440 3056 1496 communionem
3088 1442 3488 1510 interdicimus,

1900 1523 2030 1588 nisi,
2069 1540 2195 1580 cum
2223 1527 2275 1580 in
2307 1529 2550 1598 periculo
2579 1532 2775 1587 mortis
2806 1533 2974 1588 fueris
3015 1537 3363 1602 constitutus,
3393 1537 3490 1591 (1ο-
3545 1566 3547 1569 -

1902 1631 2004 1670 nec
2032 1626 2158 1672 ante
2189 1622 2537 1689 praesentiam
2567 1623 2753 1680 fratris
2783 1627 2956 1681 nostri
2984 1626 3268 1683 Remensis
3306 1617 3488 1683 archi—

1902 1709 2168 1781 epiSCOpi,
2195 1712 2354 1782 cujus
2375 1714 2583 1784 judicio
2605 1732 2824 1773 omnem
2857 1720 2997 1774 hanc
3019 1737 3242 1776 causam
3265 1722 3492 1778 commi—

1903 1801 2097 1869 simus,
2128 1820 2292 1875 supra
2330 1807 2477 1863 dicto
2508 1809 2690 1865 abbati
2726 1811 3051 1868 satisfacias.

1902 2035 2194 2118 Alaraudri
2233 2037 2297 2092 11
2326 2041 2554 2118 epislpla
2582 2043 2668 2118 ad
2690 2041 2999 2118 Cercusium
3032 2049 3489 2118 archiepiscopum

1973 2107 2296 2186 Ih’mensem,
2328 2107 2398 2186 de
2418 2112 2668 2186 _Cadaioi
2719 2116 3186 2186 pseudopontiﬁcis
3212 2107 3488 2180 'riuculis,

1970 2188 2020 2231 ct
2045 2179 2111 2232 de
2133 2179 2857 2257 Simoniariscznirpaadis.
2919 2179 2928 2185 ’
3070 2179 3079 2186 ’
3435 2192 3439 2198 ’

2496 2278 2676 2345 (Anno
2715 2279 2901 2348 1063.)

2299 2367 2492 2435 MASS],
2519 2370 2724 2439 Concil.
2774 2372 2925 2440 XIX,
2952 2375 3076 2428 9-55.
3096 2374 3123 2446 Ῑ

1969 2483 2293 2540 Διεχλκινειι
2315 2487 2623 2559 episcopus,
2641 2505 2833 2544 servus
2850 2506 3130 2546 servorum
3147 2489 3262 2558 Dei,
3278 2491 3493 2546 charis-

1859 2575 2039 2630 'simo
2084 2576 2346 2634 confratri
2401 2580 2674 2636 Gsnvasro
2733 2581 2992 2638 Remensi
3054 2584 3487 2655 archiepiscopo,

1898 2670 2127 2724 salutem
2171 2679 2223 2724 et
2263 2674 2619 2742 apostolicam
2655 2673 3110 2730 benedictionem.
3430 2745 3437 2754 ι

1908 2824 1910 2827 _
1975 2761 2114 2818 Visis
2141 2763 2497 2821 lraternitatis
2528 2776 2635 2822 tua:
2681 2767 2876 2823 litteris
2903 2767 3183 2822 evidenter
3225 2767 3492 2823 intellexi-

1898 2871 2021 2910 mus
2047 2872 2168 2911 eam
2196 2858 2357 2912 matri
2382 2875 2514 2926 suae,
2540 2869 2744 2915 sanctae
2769 2859 3031 2916 Romanae
3063 2859 3321 2916 Ecclesia
3338 2903 3352 2926 ,
3379 2861 3491 2933 sin-

1897 2965 2078 3003 ceram
2106 2952 2541 3020 eompassionem
2565 2952 2842 3019 exhibere,
2871 2953 3174 3022 ipsamque,
3189 2953 3236 3008 si
3262 2953 3495 3010 facultas

1895 3040 2138 3108 daretur,
2176 3045 2464 3113 praesentia
2498 3045 2746 3115 corporis
2779 3045 2917 3100 velle
2949 3045 3192 3101 visitare.
3241 3043 3309 3099 Et
3360 3045 3508 3115 quia.

1823 3153 1864 3208 ρ
1899 3134 2320 3190 sollicitudinem
2357 3146 2505 3192 tuam
2529 3139 2595 3192 de
2615 3137 2860 3209 ejusdem
2891 3138 3254 3209 prosperitate
3286 3139 3490 3204 laetari,
3513 3196 3519 3198 ..

1901 3228 2361 3296 quemadmodum
2399 3229 2466 3284 de
2497 3229 2796 3286 infortunio
2828 3231 3164 3298 contristari,
3191 3247 3300 3285 non
3334 3231 3495 3286 dubi-

1902 3329 2100 3387 tamus,
2154 3323 2546 3379 annuntiamus
2598 3323 2722 3391 tibi,
2773 3325 2956 3379 divina
3009 3325 3342 3395 suffragante
3384 3325 3465 3381 clt’

1901 3414 2135 3479 ruentia,
2185 3414 2410 3469 Cadaloi
2458 3416 2978 3486 prrestnnptionem,
3031 3416 3380 3470 extollentem
3433 3431 3504 3470 se»

1900 3505 2162 3560 adversus
2189 3507 2544 3576 apostolicam
2571 3508 2777 3575 sedem,
2811 3515 2960 3562 tanto
3005 3507 3240 3576 amplius
3278 3507 3345 3561 ad
3381 3523 3498 3562 ma~

1894 3596 2068 3666 jorem
2100 3598 2183 3652 sui
2221 3598 2578 3669 ignominiam
2611 3598 2894 3654 devenisse
2928 3606 3136 3668 quanto
3167 3598 3280 3669 ipse
3304 3614 3487 3668 spera-

1899 3701 2051 3746 verat
2076 3692 2287 3747 altioris
2311 3693 2579 3762 superbia‘:
2601 3693 2814 3747 culmen
2844 3692 3176 3748 ascendisse.
3207 3691 3490 3762 Siquidem

1899 3786 2104 3856 proprii
2141 3786 2381 3842 nominis
2416 3787 2799 3858 etymologiam
2848 3787 3127 3840 evidenter
3174 3786 3486 3858 intelligens

1899 3879 1965 3933 ad
1991 3881 2351 3949 reparandum
2384 3881 2693 3951 pecuniam,
2719 3881 2774 3934 in
2813 3879 3118 3950 periculum
3167 3880 3490 3950 eapitis.sui

1899 3990 1928 4026 a
1963 3973 2266 4028 fautoribus
2304 3974 2420 4029 suis
2446 3975 2815 4041 distrilmtam,
2844 3973 3130 4044 cujusdam
3154 3974 3324 4030 turris
3351 3989 3492 4045 prce-

1899 4065 2041 4122 sidio
2064 4067 2436 4138 gemebundus
2461 4077 2730 4123 servatur.

1970 4158 2124 4215 Unde
2148 4178 2246 4230 per
2269 4161 2700 4216 misericordiam
2726 4159 2819 4214 Dei
2845 4177 3132 4230 speramus
3155 4161 3304 4216 nullo
3329 4162 3489 4217 modo

1897 4268 2062 4322 posse
2091 4255 2340 4318 evadere,
2365 4253 2538 4308 donec
2565 4253 2830 4324 quidquid
2866 4261 3052 4306 contra
3093 4261 3344 4307 sanctum
3387 4253 3490 4308 Pe-

1899 4354 2044 4399 trum
2087 4345 2325 4415 nequitia
2378 4362 2474 4399 sua
2523 4345 2892 4416 prmsumpsit,
2952 4343 3279 4399 satisfecerit
3323 4344 3486 4417 digna

1899 4438 2296 4493 emendatione.
2329 4437 2483 4505 Quod
2524 4439 2686 4509 igitur
2728 4437 3053 4491 Simoniacae
3081 4438 3352 4494 haereseos
3391 4456 3488 4510 pc-

197 4555 442 4624 cjusdem
487 4556 805 4610 monasterii
834 4556 1030 4610 abbate
1074 4553 1270 4624 pretio,
1321 4567 1430 4605 non
1471 4550 1790 4615 reddidisse,

1902 4541 2060 4598 stem,
2089 4548 2213 4602 qiue
2236 4532 2289 4584 in
2323 4533 2570 4601 partibus
2607 4530 2713 4586 illis
2744 4531 2888 4586 vires
2924 4530 3103 4585 adhuc
3135 4532 3341 4586 obtinet
3367 4532 3488 4602 ejus

199 4647 271 4702 ita.
304 4648 558 4702 videlicet
588 4657 646 4701 ut
674 4649 727 4701 in
759 4649 845 4703 his
875 4647 1147 4718 praedictis
1179 4645 1436 4700 omnibus
1476 4643 1750 4714 privilegia
1776 4685 1791 4709 ,

199 4741 270 4796 ab
293 4742 738 4795 antecessoribus
765 4741 971 4794 nostris
995 4739 1255 4795 canonica
1287 4745 1339 4791 et
1369 4736 1668 4808 apostolica
1697 4751 1795 4789 au-

198 4834 453 4888 ctoritate
497 4834 818 4888 confirmata
844 4877 858 4897 ,
891 4850 988 4902 pro
1021 4832 1192 4886 nihilo
1221 4830 1448 4886 duceres
1491 4838 1545 4883 et
1593 4836 1795 4884 sancta}

203 4925 499 4981 universali
528 4923 784 4980 Ecclesia:
826 4924 1030 4978 nullius
1068 4923 1388 4978 obedientia:
1434 4919 1791 4975 reverentiam

201 5019 508 5073 exhiberes.
549 5015 702 5072 Unde
727 5032 1015 5070 monemus
1046 5023 1099 5069 et
1127 5015 1426 5086 apostolica
1469 5013 1797 5069 auctoritate

199 5111 425 5165 omnino
469 5110 822 5181 praecipimus
853 5119 911 5163 ut
937 5109 1006 5162 ab
1029 5108 1334 5163 istiusmodi
1360 5106 1797 5177 praesumptioni-

1900 4625 2046 4691 dolo,
2076 4626 2210 4679 velle
2237 4625 2446 4697 insequi
2473 4624 2812 4696 significasti,
2837 4641 2942 4677 non
2973 4640 3164 4694 parum
3189 4625 3489 4681 devotionis

1903 4727 2006 4772 tua'
2037 4718 2222 4774 studio
2251 4717 2678 4791 congaudemus.
2705 4715 2763 4770 lu
2787 4734 2896 4788 quo
2923 4717 3185 4772 nimirum
3210 4717 3343 4770 adeo
3367 4734 3492 4786 spc-

1854 4815 1858 4817 ’
1901 4811 2094 4866 eialem
2135 4811 2478 4867 dilectionem
2510 4825 2540 4862 a
2575 4809 2728 4865 nobis
2761 4819 2815 4864 ct
2848 4809 2970 4865 filiis
2999 4805 3204 4867 sancta:
3232 4807 3496 4864 Romana:

1902 4906 2160 4963 Ecclesiae
2187 4904 2562 4978 promeruisti,
2597 4912 2705 4959 uta
2728 4902 3026 4968 nonnullis,
3059 4913 3114 4960 te
3142 4901 3269 4960 odio
3296 4899 3503 4952 haben-

1899 5001 2066 5067 tibus,
2097 4999 2288 5056 odium
2324 4999 2483 5052 nobis
2516 4997 2857 5054 evidentibus
2890 4995 3114 5054 indiciis
3137 4989 3380 5052 exhiberi
3412 4991 3510 5043 de.—

1899 5095 2153 5152 claretur.
2187 5093 2367 5163 Super
2410 5091 2862 5148 Aurelianensem
2906 5087 3178 5162 denique,
3204 5081 3298 5153 qui
3314 5078 3539 5168 Simo:

1941 5188 2055 5216 :.\.-.n
2105 5189 2480 5216 Ληξηηηηησιιπη
2540 5183 2848 5216 Λιὶσῖτι-ιῖμοη
2897 5187 2946 5216 ΩΙ
3010 5182 3151 5216 ἰπῒινιη

1899 5188 2055 5216 I\:a\nn
2105 5189 2480 5216 Ληξηηηηησιιπη
2540 5183 2848 5216 Λιὶσῖτι-ιῖμοη
2897 5187 2946 5216 ΩΙ
3010 5185 3151 5216 Ιπῒινιη
