4050 5358
539 114 724 174 .1399

1769 155 1776 160 κ
1863 102 2257 162 ALEXAND!“
2285 101 2329 157 II
2361 99 2564 156 PAPAS

3683 57 3867 142 'tsoo

587 228 934 296 innodatum,
957 227 1214 281 omnibus
1239 227 1416 282 modis
1445 241 1664 296 operam
1695 226 1826 280 dare
1862 225 2103 286 studeas,
2123 229 2182 276 ut
2209 221 2255 276 A
2281 218 2479 272 aﬂ'eetu
2511 213 2838 276 annuimus,
2872 197 3266 265 confirmamus
3306 213 3366 260 et
3397 202 3782 262 conﬁrmando
3815 205 3868 255 in

583 323 653 377 dc
684 321 898 376 abbatia
935 335 1100 391 quam
1145 320 1348 390 injuste
1379 321 1574 374 retinet
1613 319 1892 390 ejiciatur,
1936 326 1991 375 et
2037 318 2174 372 alter

585 415 749 486 digne
776 423 832 470 et
860 414 1123 469 canonice
1150 413 1532 468 substituatur.

658 505 867 562 Caetera
918 522 1048 562 vero
1095 521 1217 577 qua:
1259 505 1314 560 in
1356 505 1551 560 litteris
1589 505 1696 560 tuis
1732 505 2079 561 continentur
2107 502 2174 556 ad

586 613 832 668 praesens
851 599 1188 665 distulimus,
1204 596 1504 668 praesertim
1529 614 1652 653 cum
1679 599 1730 651 in
1757 597 2043 668 praesentia
2073 587 2174 660 tui,

587 707 756 761 quam
788 692 1172 747 desideramus
1197 691 1410 754 videre,
1440 690 1492 745 id
1535 689 1730 746 melius
1754 689 1872 744 ﬁeri
1901 688 2177 742 existima-

586 801 742 850 mus;
805 800 915 840 non
967 785 1114 840 enim
1161 784 1318 854 panis
1365 784 1777 853 securi,neque
1805 781 1968 836 arbor
2003 780 2178 836 cultro

589 876 799 933 succidi
831 878 986 932 solet.
1020 876 1092 932 De
1123 892 1288 931 causa
1342 885 1523 930 autem
1580 874 1835 930 Amelrici
1889 874 2086 928 iterum
2125 883 2180 927 ct

591 969 793 1024 iterum
847 979 899 1025 te
951 970 1312 1026 admonemus
1351 977 1411 1023 ut
1457 969 1602 1039 quod
1638 968 1691 1022 in
1727 967 1932 1036 apertis
1985 967 2179 1021 litteris

593 1061 800 1118 nostris
835 1063 1172 1129 continetur,
1202 1063 1351 1117 omni
1392 1061 1574 1118 studio
1619 1060 1880 1130 omnique
1916 1059 2181 1114 sollicitu-

592 1159 720 1216 dine
750 1176 1002 1232 peragas.

1329 1252 1449 1307 XX.

593 1343 897 1400 Alexander
922 1344 989 1416 ΙΙ
1018 1363 1155 1416 papa
1196 1345 1493 1415 Lanfrnnei‘
1526 1344 1740 1416 abbatis
1781 1353 2181 1416 monasterium,

672 1435 691 1470 ι
740 1417 877 1488 quod
899 1414 1122 1472 (ἰαάὸωὶ
1145 1414 1494 1482 construitur,
1537 1437 1556 1469 ι
1585 1415 1836 1470 tuendum
1871 1414 2116 1483 suscipit.

1189 1508 1370 1576 (Anno
1409 1509 1592 1578 1065.)

739 1598 990 1672 [Manum
1010 1642 1026 1666 ,
1058 1600 1254 1656 Annal.
1289 1599 1419 1654 0rd.
1455 1598 1517 1656 S.
1547 1599 1859 1667 Betted..l\',
1889 1599 2042 1670 645.]

669 1690 1005 1746 Charissime
1035 1692 1106 1746 tili
1149 1691 1453 1748 Lanl‘rance
1497 1693 1686 1760 abbas,
1714 1693 1842 1764 quia
1889 1693 1942 1746 in
1973 1701 2182 1747 tantam

596 1793 651 1839 te
677 1785 983 1841 excrevisse
1005 1786 1322 1858 religionem
1345 1787 1755 1857 cognoscimus,
1773 1795 1835 1840 ut
1864 1802 1970 1840 non
2004 1787 2183 1840 solum

597 1873 668 1928 de
690 1874 908 1945 propria
953 1875 1126 1931 salute
1161 1876 1442 1932 studiosus
1471 1877 1754 1942 existet-es,
1787 1893 1976 1932 verum
2019 1876 2182 1931 etiam

600 1981 954 2023 communem
1003 1969 1170 2023 vitam
1226 1970 1550 2040 eligentibus
1603 1970 1996 2026 monasterium
2055 1985 2186 2025 con-

601 2066 846 2114 strueres
881 2075 946 2114 ac
987 2058 1222 2116 fortnam
1266 2062 1546 2133 religionis
1577 2063 1911 2132 providet-es,
1947 2063 2187 2117 inclinati

600 2151 857 2220 precibus
920 2154 1062 2219 tuis,
1114 2155 1508 2210 monasterium
1551 2163 1710 2210 tuum.
1764 2156 1910 2226 quod
1961 2155 2188 2211 Cadomi

602 2244 944 2299 construitur
967 2245 1069 2300 sub
1100 2247 1264 2301 tutela
1295 2254 1349 2301 et
1369 2246 1685 2302 defensione
1711 2247 2024 2318 apostolica:
2045 2248 2190 2304 sedis

603 2336 923 2406 recipimus,
948 2346 1002 2393 et
1042 2353 1204 2393 omne
1229 2339 1323 2409 jus
1365 2339 1539 2411 ipsius
1576 2341 1894 2396 monasterii
1930 2341 1998 2395 ad
2036 2341 2189 2396 sobi-

605 2428 866 2485 citudinis
886 2437 994 2486 tua:
1021 2438 1352 2502 tuorumque
1391 2448 1776 2489 successorum
1813 2433 2053 2489 studium
2094 2434 2190 2488 dc-

605 2521 885 2578 cernimus
917 2523 1213 2595 pertinere.

1336 2603 1476 2658 XXI.

607 2693 912 2766 Afegeander
937 2712 1076 2765 papa
1113 2695 1178 2749 II
1204 2697 1486 2766 conﬁrmat
1507 2698 1816 2751 donationes
1845 2705 1892 2750 ct
1916 2696 2196 2766 pririiegm

681 2764 1081 2822 Conventriensi
1118 2764 1354 2822 coenobio
1396 2768 1461 2822 ab
1506 2767 1779 2822 Edwardo
1824 2764 1938 2839 rege
1986 2764 2196 2820 conces-

687 2851 775 2890 δα.

1212 2908 1399 2980 (Anno
1422 2909 1555 2964 1063
1565 2909 1615 2981 εδ).

613 2996 1026 3068 [Cocqusuaes,
1076 3001 1364 3073 bullarmn,
1407 3002 1647 3073 privileg.
1691 3010 1830 3066 ctc.,
1875 3019 2202 3057 summorum

841 3073 1154 3141 pontificum
1193 3072 1432 3143 amp/iss.
1466 3072 1744 3140 Collectio,
1789 3073 1862 3142 II,
1894 3073 1973 3143 4.)

685 3183 1016 3241 Αιεχωυειι
1058 3187 1381 3259 episcopus,
1419 3203 1614 3245 servus
1650 3204 1936 3244 servorum
1973 3187 2092 3249 Dei,
2117 3187 2203 3243 di-

615 3274 759 3331 lecto
792 3276 907 3330 tilio.
933 3276 1208 3334 Euwmao
1233 3279 1346 3351 regi
1369 3279 1693 3352 Anglorum,
1727 3279 1958 3336 salutem
1987 3287 2040 3333 et
2075 3292 2207 3348 apo-

619 3367 871 3424 stolicam
909 3369 1364 3426 benedictionem.

577 3545 580 3547 _
691 3459 1033 3532 Scriptorum
1096 3473 1408 3520 vestrorum
1462 3465 1714 3536 eloquia,
1770 3464 2207 3520 incolumitatem

619 3563 866 3611 vestram
930 3557 1327 3629 signiﬁcantia,
1392 3557 1502 3613 laeti
1543 3557 1926 3628 suscepimus.
1994 3557 2210 3613 Gratias

623 3649 807 3720 itaque
832 3650 1193 3721 omnipotenti
1225 3650 1338 3706 Deo
1368 3650 1678 3717 retulimus,
1711 3649 1806 3721 qui
1841 3649 2022 3705 cordis
2044 3649 2210 3704 vestri

624 3741 994 3798 sinceritatem
1016 3743 1084 3797 ad
1107 3743 1294 3798 omnia
1319 3743 1473 3797 utilia
1495 3751 1697 3798 sanctae
1733 3743 1926 3798 matris
1955 3741 2213 3798 Ecclesia:

625 3835 961 3906 compungit.
1021 3834 1290 3901 Proinde,
1343 3835 1504 3905 juxta
1566 3837 1770 3906 scripta
1828 3845 2032 3901 vestra,
2089 3851 2209 3889 mo-

625 3926 870 3982 nasterio
896 3925 1112 3983 Sancta:
1137 3925 1324 3982 Mariae
1346 3927 1413 3983 de
1436 3927 1772 3983 Conventria
1807 3927 1901 3983 ubi
1927 3943 2210 3983 servorum

627 4015 725 4072 Dei
769 4019 1068 4075 constituta
1120 4028 1206 4076 est
1259 4020 1610 4092 congregatio
1663 4036 1695 4076 a
1743 4021 2050 4077 reverendae
2095 4037 2212 4076 me-

629 4110 820 4167 moria:
859 4110 1131 4180 Leol'rico,
1167 4112 1308 4168 duce
1358 4129 1532 4184 nuper
1573 4113 1872 4181 exstincto,
1900 4113 2213 4184 hujusmodi

628 4204 911 4276 privilegia
941 4204 1228 4275 praesentis
1252 4206 1596 4262 auctoritatis
1619 4214 1821 4263 nostra:
1842 4207 2212 4278 indulgemus,

629 4296 984 4351 concedimus
1005 4305 1169 4368 atque
1197 4298 1614 4366 conﬁrmamus,
1643 4307 1948 4355 statuentes
2001 4307 2062 4353 ut
2097 4298 2216 4369 ipse

632 4387 984 4460 Iocus,regiis
1002 4391 1291 4461 praeceptis
1303 4398 1357 4445 et
1367 4391 1668 4463 privilegiis
1686 4391 2002 4462 apostolicis
2024 4391 2214 4458 fultus,

631 4497 731 4551 per
787 4480 971 4536 omnia
1020 4489 1268 4551 tempora
1319 4483 1437 4539 sine
1492 4484 1780 4540 vexatione
1839 4484 2221 4554 cujuscunque

635 4572 936 4627 dioecesani
979 4573 1252 4644 episcopi,
1298 4583 1394 4629 aut
1427 4575 1663 4645 alicujus
1717 4575 2025 4645 judiciariae
2065 4585 2221 4647 pote-

636 4665 824 4732 statis,
852 4665 1232 4738 cujuscunque
1274 4667 1484 4724 ordinis
1539 4668 1625 4723 vel
1686 4668 1966 4737 dignitatis
2017 4667 2116 4734 sit,
2171 4673 2226 4721 et

639 4773 874 4828 semper,
919 4758 1063 4814 sicut
1109 4768 1375 4832 praeoptat
1407 4768 1462 4815 et
1488 4760 1691 4830 expetit
1711 4761 2085 4816 benevolentia
2131 4769 2224 4814 tua

638 4850 863 4921 regalis,
898 4850 1088 4907 futuro
1131 4859 1377 4922 tempore
1414 4860 1750 4922 permaneat.
1796 4852 2018 4909 Fratres
2059 4853 2227 4925 igitur

640 4941 891 5012 ejusdem
934 4944 1041 4999 loci
1083 4943 1312 4999 idoneos
1352 4960 1419 4998 ex
1470 4961 1548 5011 se,
1573 4945 1658 4999 vel
1699 4960 1766 5000 ex
1803 4961 1911 5014 qua
1955 4944 2229 5000 voluerint

643 5036 1085 5107 congregatione,
1110 5036 1334 5091 abbates
1357 5036 1471 5092 sive
1495 5037 1733 5092 decanos
1761 5037 1864 5091 sibi
1893 5053 1988 5108 per
2015 5052 2230 5092 succes-

646 5125 832 5183 siones
881 5129 1116 5202 eligendi
1165 5129 1402 5183 habeant
1446 5137 1790 5198 potestatem;
1836 5137 1890 5183 et
1931 5145 1999 5185 ne
2054 5130 2227 5200 impe—

647 5218 869 5274 diantur
928 5221 1256 5276 auctoritate
1311 5221 1608 5291 apostolica
1657 5220 2032 5290 prohibemus.
2090 5219 2237 5275 Prm-

649 5320 796 5358 ιρι-ρει
845 5314 1107 5358 nnirlmiitl
1148 5313 1222 5358 illi
1267 5313 1390 5358 Innn
1426 5314 1795 5358 cntutnlernnt.
1843 5313 1924 5358 vel
1979 5313 2233 5358 pullatum

2274 307 2598 381 perpetuum
2636 314 2784 361 stare
2825 300 3190 357 decrevimus.
3221 297 3289 352 Et
3321 290 3652 354 infractores
3683 309 3868 349 eorum

2275 411 2474 456 aeterna
2507 396 2890 453 maledictione
2918 394 3272 449 damnamus.

2345 493 2480 548 Acta
2543 506 2690 545 anno
2755 487 3055 543 Dominica:
3113 482 3514 539 Incarnationis
3579 480 3878 536 utiliesir'no

2279 586 2402 660 [teg.
2440 581 2803 655 scxagcsrmo]
2818 581 3255 658 {[uadragcsmio
3284 577 3462 633 tertio.

2990 691 3159 747 XXII.

2280 793 2578 849 Alexandri
2613 789 2679 845 II
2721 786 2948 860 cpistola
2984 785 3054 840 ad
3097 781 3404 860 Cercusium
3450 781 3760 860 [leniens-em
3798 796 3884 829 ar-

2352 865 2736 934 chiepiscopum
2751 849 3509 934 ejusdemquesufraganelos.
3549 881 3622 890 ———
3648 849 3883 927 Extant-—

2354 920 2731 989 muriicationis
2753 920 3070 985 sententiam
3098 929 3152 980 in
3178 920 3530 995 chinaldam
3567 920 3888 995 monasterii

2360 1006 2546 1059 Sancti
2570 1003 2814 1059 Μαιανάὶ
2843 1003 3138 1055 invasorem
3167 1015 3198 1049 (ι
3223 990 3384 1048 Petro
3427 992 3689 1047 Damiani
3715 990 3888 1043 latam

2353 1078 2666 1144 con/irruat,
2741 1088 2960 1143 eamque
3033 1067 3357 1124 cxseculioni
3441 1064 3694 1118 utaudari
3752 1076 3890 1129 pnt-

2356 1149 2506 1217 cipit.
2861 1205 2869 1211 _

2875 1211 3061 1284 (Anno
3101 1209 3286 1278 106-5.)

2689 1305 2909 1380 [Μεικδι9
2935 1303 3138 1364 Concit.
3170 1299 3315 1369 XIX,
3338 1295 3494 1372 938.]

2362 1402 2424 1458 Si
2441 1402 2587 1474 quod
2611 1399 2772 1456 oilicii
2815 1397 2984 1454 vestri
3029 1405 3115 1452 est
3159 1389 3621 1463 cxsequercmiui,
3650 1404 3762 1442 non
3799 1387 3898 1440 ab-

2286 1498 2489 1562 batem,
2513 1494 2606 1549 sed
2638 1491 2950 1548 malelicum
2997 1486 3381 1560 chinaldum,
3412 1501 3442 1538 a
3465 1481 3628 1536 Petro
3652 1478 3898 1535 Ostiensi

2219 1606 2262 1661 Β
2288 1589 2546 1659 episcopo
2566 1595 2620 1642 et
2643 1603 2673 1642 a
2699 1585 2856 1640 vobis
2885 1583 2941 1638 in
2983 1574 3244 1638 conciliis
3261 1577 3411 1648 justa
3452 1575 3691 1638 ratione,
3711 1581 3776 1627 ut
3807 1588 3902 1626 no-

2287 1681 2372 1736 bis
2397 1681 2626 1734 relatum
2683 1687 2789 1744 est,
2820 1675 3268 1738 eondenmatum,
3299 1669 3368 1737 ab
3407 1667 3526 1740 ipso
3556 1666 3749 1721 Sancti
3796 1663 3901 1717 Mc.—

2285 1772 2459 1839 dardi,
2485 1771 2630 1842 quod
2657 1768 2967 1824 Simoniace
3009 1765 3228 1828 invasit,
3259 1755 3512 1818 cmnobio
3546 1759 3775 1828 penitus
3804 1757 3901 1810 cli-
3980 1765 3990 1776 ‘

2287 1863 2589 1920 minaretis.
2621 1861 2800 1930 Quod,
2829 1860 2879 1917 si
2912 1875 3080 1916 causa
3105 1853 3438 1928 cupiditatis.
3467 1860 3774 1908 autamurc
3817 1841 3902 1904 vel

2286 1959 2482 2013 timore
2513 1956 2748 2026 alicujus
2780 1943 3331 2028 potentis‘personaa,
3353 1947 3575 2018 explere
3607 1943 3900 2000 renuistis.

2293 2047 2410 2104 Ιιιιξο
2437 2047 2619 2104 omnia
2649 2046 2742 2101 Dei
2773 2042 3166 2116 omnipotentis
3210 2039 3392 2095 timori
3433 2046 3822 2109 przeposutstts
3850 2044 3904 2116 et

2291 2141 2504 2195 nullum
2557 2138 2823 2210 dispersis
2887 2135 3176 2192 monachis
3239 2131 3498 2210 solatium
3549 2115 3903 2200 regrediendi

2291 2232 2622 2304 praebuistis.
2671 2229 3016 2300 Quapmpter
3060 2225 3308 2297 ejusdem
3383 2221 3634 2276 Rainaldi
3691 2219 3906 2274 malitia

2295 2326 2470 2397 magis
2519 2323 2916 2394 multiplicatur
2963 2331 3017 2375 ct
3063 2318 3280 2375 crescit.
3337 2313 3464 2370 Ilzec
3511 2328 3641 2368 vero
3695 2312 3907 2366 idcirco

2296 2417 2558 2474 mandare
2583 2415 2921 2480 curavimus,
2954 2411 3086 2483 quia
3108 2427 3173 2465 ex
3197 2408 3388 2463 iisdem
3413 2405 3681 2475 dispersis
3709 2417 3908 2456 mona-

2297 2511 2417 2566 chis
2454 2510 2675 2581 quidam
2712 2509 2780 2564 ad
2815 2523 2916 2562 nos
2963 2512 3232 2560 venerunt
3271 2503 3462 2557 flentes
3502 2506 3557 2553 et
3603 2497 3910 2566 ejulantes,

2298 2605 2386 2660 alii
2413 2605 2622 2658 litteras
2642 2603 2960 2658 direxerunt
2985 2595 3385 2660 lamentabiles,
3406 2592 3679 2664 justitiam
3718 2591 3900 2646 sancti

2299 2697 2470 2760 Petri.
2501 2708 2858 2765 nostramque.
2902 2691 3331 2749 consolationem
3372 2703 3471 2758 pro
3497 2687 3592 2742 tali
3633 2684 3906 2754 injusti'tia

2302 2791 2672 2861 requirentes.
2699 2787 2854 2844 Unde
2884 2785 3184 2857 supradicti
3219 2783 3363 2838 Petri
3406 2792 3765 2850 vestramque
3812 2796 3908 2832 no-

2305 2895 2418 2939 stra
2446 2882 2770 2939 auctoritate
2793 2881 3221 2936 corroboramus
3246 2876 3600 2937 sententiam,
3623 2872 3908 2926 eumdem—

2230 2971 2272 3027 C
2307 2992 2415 3047 que
2444 2975 2772 3031 Rainaldum
2818 2973 2872 3028 ei
2899 2979 3299 3027 consentaueos
3320 2968 3441 3039 ejus
3468 2966 3908 3022 anathematiza-

2309 3086 2455 3137 IIIIS,
2487 3070 2776 3140 ipsumque
2825 3064 3160 3127 coenobium,
3210 3061 3450 3133 quandiu
3503 3061 3557 3114 in
3589 3076 3658 3113 eo
3689 3075 3906 3113 manse-

2281 3163 2400 3229 'rit,
2455 3162 2853 3228 interdicimus,
2885 3168 2940 3214 et
2983 3168 3044 3212 ut
3103 3157 3244 3211 idem
3291 3154 3502 3208 faciatis
3547 3152 3711 3206 vobis
3759 3167 3909 3205 man-

2308 3257 2528 3314 damus.

3012 3341 3202 3398 XXIII.

2311 3444 2605 3500 Alexandri
2639 3441 2697 3495 11
2738 3438 2965 3511 cpistola
3011 3439 3080 3492 ad
3121 3436 3430 3511 Gervasium
3484 3432 3800 3511 Remensent
3831 3447 3911 3511 ar-

2381 3501 2790 3585 chiepiscopum:
2814 3541 2886 3550 -—
2917 3509 3224 3585 Dcuamoto
3265 3504 3614 3585 Carnutensis
3660 3501 3915 3585 Ecclesia:

2383 3575 2685 3642 Si'm'oniac'o
2724 3584 2962 3637 invasore
2995 3579 3244 3635 Gervasio
3296 3588 3346 3630 et
3388 3576 3496 3645 regi
3525 3575 3741 3644 gratias
3764 3576 3914 3642 agit;

2372 3657 2803 3711 Aurelianensem
2826 3652 3010 3706 cadent
3047 3650 3110 3703 de
3135 3666 3296 3702 causa
3330 3646 3561 3700 amoreri
3589 3645 3748 3714 petit.

2913 3743 3092 3814 (Auno
3136 3740 3314 3809 100i.)

2704 3833 2920 3908 [Massa
2947 3832 3154 3889 Concil.
3193 3829 3337 3897 XIX,
3361 3827 3518 3899 959.]

2384 3929 2709 3984 wannsn
2744 3925 3062 3996 episcopus,
3087 3939 3280 3978 servus
3305 3910 3594 3976 servorum
3627 3917 3749 3980 Dei.
3793 3919 3916 3972 clu-

2315 4024 2536 4081 rissimo
2566 4019 2719 4075 fratri
2741 4019 3013 4075 Genusno
3041 4015 3298 4071 Remensi
3343 4013 3787 4083 archiepiscopo,
3837 4027 3917 4065 sa—

2315 4119 2484 4173 lutem
2508 4123 2564 4169 et
2592 4112 2952 4184 apostolicam
2978 4109 3434 4165 benedictionem.

2387 4207 2608 4264 Debitas
2650 4203 2982 4260 fraternitati
3026 4212 3134 4257 tum
3155 4209 3338 4274 grates
3367 4196 3726 4268 rependimus
3754 4195 3919 4268 quod,

2249 4333 2294 4388 Ι)
2319 4304 2371 4359 in
2394 4299 2659 4370 cjectionc
2680 4295 2814 4350 Hi...
2831 4312 2868 4350 a
2885 4293 3042 4350 nobis
3068 4290 3332 4356 damnati,
3357 4287 3504 4360 quod
3523 4286 3921 4340 Carnotensem

2321 4391 2622 4450 Ecclesiam
2657 4387 2969 4442 Simoniace
3007 4386 3302 4448 invaserat,
3337 4391 3387 4436 te
3435 4387 3753 4451 promptum
3779 4377 3923 4432 solli-

2321 4487 2598 4554 citumque
2624 4479 2931 4545 ostendisti,
2957 4477 3234 4549 quodque,
3266 4484 3325 4530 ut
3347 4475 3482 4528 alter
3507 4473 3713 4544 dignus
3735 4481 3788 4525 et
3812 4471 3920 4526 ido—

2323 4591 2460 4630 neus
2484 4572 2658 4628 cidem
2708 4571 2967 4628 Ecclesia:
3018 4568 3281 4624 canonice
3326 4566 3761 4621 substitueretur
3801 4564 3920 4617 cha—

2322 4665 2543 4720 rissimo
2582 4664 2693 4718 ﬁlio
2717 4672 2925 4730 nostro,
2958 4662 3228 4731 Philippo,
3267 4658 3609 4711 Francorum
3631 4656 3770 4726 regi,
3799 4671 3923 4709 con-

2327 4759 2512 4815 silium
2541 4755 2760 4812 dedisti.
2785 4755 2888 4811 Cui
2921 4755 3179 4808 nimirum
3209 4750 3435 4820 suisque
3471 4747 3833 4818 optimatibus
3873 4755 3924 4798 ut

2330 4851 2524 4923 dignas
2549 4866 2715 4919 super
2743 4850 2848 4904 hoc
2883 4856 3065 4919 grates
3095 4843 3360 4916 rependas
3401 4841 3758 4914 prudentiam
3783 4847 3921 4891 tuam

2331 4941 2648 4995 invitamus.
2711 4937 2931 4994 Noverit.
2974 4937 3138 4992 etiam
3191 4933 3508 4989 fraternitas
3540 4941 3632 4986 tua
3675 4947 3776 4985 nos
3807 4944 3924 4983 con-

2331 5034 2557 5089 fratrem
2583 5041 2835 5088 nostrum
2893 5029 3268 5085 Senuncnscm
3316 5025 3793 5094 archiepiscopum
3837 5022 3924 5074 ad-

2336 5127 2617 5187 monuisse
2662 5133 2934 5196 quatenus
2979 5119 3391 5176 Aurelianensis
3415 5117 3677 5173 Ecclesiae
3706 5116 3922 5170 invaso-

2341 5238 2458 5275 rem
2491 5216 2867 5289 (IIadericuml
2922 5225 3108 5270 nostra
3154 5212 3451 5283 apostolica
3475 5210 3804 5264 auctoritate
3837 5222 3921 5260 ex-

2341 5311 2728 5358 mmmunicm-
2760 5310 2942 5358 Claret
2982 5309 3126 5358 enim
3176 5306 3354 5358 insum
3389 5303 3700 5358 Simoniace
3722 5299 3921 5358 episco-
