4050 5358
305 273 439 331 1301

1463 276 1819 334 εριετοιπε
1859 278 1946 333 ET
1984 260 2396 336 DIPLOMATA:

3357 261 3360 266 ’
3413 267 3457 332 ⁵4
3465 265 3570 331 δάε».

301 397 452 444 trum
476 386 783 444 Ostiensem
830 383 1168 457 episcopum,
1202 403 1233 443 a
1280 404 1392 458 quo
1415 391 1605 446 eadem
1648 390 1894 464 synodus
1922 393 1966 448 Α
1991 399 2100 447 tate
2116 402 2375 463 perpetua
2397 392 2502 462 ips:
2528 391 2862 447 monasterio
2880 399 3084 457 vestro,
3103 391 3401 446 secundum
3427 398 3569 461 prai-

303 482 580 536 celebrata
606 489 708 547 est,
741 481 1020 551 decepisse
1076 481 1251 551 Super
1281 485 1397 538 haec
1422 485 1607 551 etiam,
1639 487 1707 540 ad
1759 502 1892 555 aug-

304 582 551 627 mentum
609 573 902 628 criminum
966 589 1222 640 suorum,
1281 575 1491 630 litteras
1557 579 1894 647 apostolatus

306 663 503 728 nostri,
528 663 729 732 quibus
757 665 823 718 ad
872 665 987 719 haec
1012 666 1374 721 examinanda
1427 670 1746 736 vocabatur,
1775 684 1894 722 om-

307 757 441 811 nino
481 756 757 812 refutavit.
815 757 1156 826 Quapropter
1198 761 1522 815 charitatem
1561 770 1709 819 tuam
1766 778 1896 832 apo-

306 849 503 904 stolica
531 851 851 905 auctoritate
881 850 1242 907 admonemus
1265 861 1327 907 ut
1348 853 1572 922 praefato
1595 854 1895 910 Senonensi

304 940 724 1011 archiepiscopo
742 942 796 996 in
809 941 1158 996 damnatione
1172 942 1582 1000 Aurelianensis
1602 946 1894 1026 invaseris,

308 1040 623 1102 contempto
654 1033 851 1114 timore
883 1041 939 1088 et
980 1034 1153 1104 gratia
1193 1035 1462 1101 omnium,
1489 1043 1541 1091 te
1587 1037 1798 1093 socium
1843 1046 1897 1092 et

307 1125 618 1196 adjutorem
640 1128 926 1182 adhibeas.

1003 1237 1192 1295 XXIV.

308 1330 660 1402 Piirilegium
692 1331 985 1384 Alexandri
1027 1331 1090 1384 11
1118 1349 1268 1402 papa’
1319 1350 1395 1386 )ro
1425 1337 1743 1388 monasterio
1775 1334 1896 1390 Sal-

583 1403 779 1456 uatoris
807 1411 855 1456 et
884 1401 941 1456 S.
989 1402 1254 1456 Bonifatii
1297 1351 1598 1456 i'uldensis.

583 1403 779 1458 uatoris
807 1411 855 1456 et
884 1401 941 1456 S.
989 1401 1254 1472 Bonifatii
1297 1401 1598 1458 Fuldensis.

905 1494 1086 1562 (Anno
1118 1495 1298 1564 1064.)

317 1597 323 1604 ‘
385 1586 648 1658 [DRONKi-l,
681 1585 859 1641 Codex.
900 1587 1275 1656 diplomaticus
1313 1587 1641 1660 Fuld.,pag.
1677 1590 1825 1662 570.]

381 1679 420 1750 1-
450 1678 515 1732 Α.
552 1679 862 1749 episcopus,
898 1695 1088 1734 servus
1116 1695 1399 1734 servorum
1435 1679 1551 1745 Dei,
1591 1681 1894 1735 \‘i’wenvro

1993 483 2344 538 deccssorum
2376 493 2692 539 nostrorum
2743 485 3044 555 privilegia,
3085 483 3475 538 conﬁrmamus
3519 493 3574 536 et

1995 577 2434 630 cormboramus.
2468 575 2822 631 Decernimus
2857 577 3021 630 etiam
3044 591 3112 629 ne
3140 575 3302 630 alicui
3327 590 3574 644 persona:

1994 683 2206 738 magna:
2256 669 2340 731 vel
2370 684 2549 738 parvae
2583 669 2742 723 liceat
2780 668 3018 738 aliquam
3074 667 3182 721 vim
3225 667 3310 721 vel
3351 676 3574 723 contra-

1996 760 2229 814 versiam
2261 759 2458 815 inferre
2482 760 2656 815 eidem
2685 761 3021 815 monasterio
3052 760 3105 813 in
3138 759 3300 814 rebus
3323 774 3385 814 ac
3417 757 3575 812 fami-

1996 851 2083 907 liis
2107 853 2244 922 cjus,
2273 861 2326 907 et
2357 868 2424 907 ne
2451 852 2650 907 femina
2677 869 2918 922 unquam
2977 853 3104 906 illuc
3131 851 3338 922 ingredi
3368 867 3576 920 pracsu—

1995 953 2112 998 mat
2157 953 2348 998 nostra
2394 945 2691 1014 apostolica
2739 945 3113 998 interdicimus
3155 932 3498 1006 auctoritate,
3523 953 3577 996 et

1998 1051 2065 1089 ne
2112 1035 2236 1104 quis
2265 1052 2506 1105 unquam
2553 1036 2809 1105 placitum
2841 1037 2913 1089 ibi
2952 1036 3146 1090 habeat
3173 1036 3258 1089 vel
3288 1035 3341 1089 in
3365 1034 3576 1089 cmtcris

1996 1126 2123 1194 ejus
2137 1127 2269 1182 locis
2308 1143 2409 1182 nec
2447 1143 2636 1182 servos
2673 1144 2772 1183 nec
2793 1129 3020 1183 colonos
3045 1127 3111 1182 ad
3155 1127 3376 1198 aliquod
3411 1126 3577 1181 servi-

1998 1221 2136 1274 tium
2185 1220 2544 1290 constringat,
2575 1219 2687 1274 nisi
2707 1221 2795 1274 cui
2831 1220 2997 1274 abbas
3026 1220 3091 1274 ad
3136 1220 3421 1274 utilitatem
3465 1235 3577 1274 suze

1999 1311 2338 1367 necessitatis
2386 1327 2671 1366 assensum
2727 1311 3038 1382 przebucrit.
3071 1305 3316 1382 Eligéndi
3353 1327 3578 1381 quoque.

1998 1404 2247 1458 abbatem
2280 1403 2404 1468 sibi,
2437 1403 2656 1473 quando
2695 1419 2834 1474 opus
2882 1403 3064 1469 fuerit,
3092 1401 3292 1457 fratres
3339 1403 3480 1456 inter
3520 1421 3579 1456 se

1998 1503 2322 1564 potestatem
2345 1496 2582 1550 habeant
2601 1496 2906 1550 secundum
2934 1496 3179 1566 regulam
3202 1495 3374 1551 sancti
3408 1494 3579 1549 Bene-

1997 1588 2147 1651 dicti,
2179 1587 2296 1642 sine
2325 1587 2490 1642 ullius
2518 1587 2946 1642 contradictione
2972 1603 3236 1657 personat.

2068 1680 2337 1733 Caeterum
2389 1696 2518 1734 vero
2550 1680 2651 1734 hoc
2703 1679 3067 1734 deliberantes
3119 1680 3460 1736 decernimus
3500 1687 3576 1743 ut,

311 1772 406 1840 pio
430 1780 485 1826 et
505 1771 760 1841 religioso
789 1771 971 1826 abbati
993 1773 1319 1826 venerabilis
1359 1774 1677 1827 monasterii
1711 1775 1896 1828 Salva—
1933 1751 1971 1804 Β
1997 1770 2256 1840 congruis
2285 1771 2641 1840 temporibus,
2675 1780 2877 1826 nostrae
2925 1772 3278 1826 sollicitudini
3321 1772 3581 1828 ecclesia»

315 1864 454 1918 toris
485 1862 699 1928 Domini
735 1864 910 1918 nostri
929 1863 1056 1917 Jesu
1081 1863 1284 1918 Christi
1315 1874 1369 1918 et
1396 1863 1580 1918 Sancti
1609 1864 1894 1932 Bonifacii,

313 1956 464 2024 quod
511 1955 676 2009 situm
711 1965 795 2011 est
831 1956 886 2010 in
921 1958 1039 2010 loco
1064 1957 1157 2026 qui
1181 1965 1410 2011 vocatur
1439 1955 1718 2011 Boebonia
1742 1959 1898 2027 juxta

317 2047 492 2116 ripazn
527 2046 765 2102 fluminis
794 2048 939 2117 quod
970 2057 1199 2102 vocatur
1222 2048 1412 2115 Fulda,
1440 2057 1494 2102 et
1526 2065 1622 2118 per
1647 2058 1699 2102 te
1723 2049 1898 2106 eidem

316 2139 629 2193 venerabili
647 2141 980 2195 monasterio
1017 2141 1231 2211 tuisque
1260 2140 1671 2196 successoribus
1702 2142 1754 2194 in
1779 2158 1892 2212 per~

318 2240 570 2301 petuum.

389 2324 654 2378 Convenit
683 2325 984 2393 apostolico
1015 2325 1371 2380 moderamini
1389 2324 1475 2395 pia
1497 2325 1758 2396 religione
1787 2327 1904 2396 pol-

319 2415 558 2470 lentibus
601 2415 865 2470 benevola
901 2417 1282 2486 compassione
1328 2433 1651 2472 succurrere
1699 2426 1756 2472 et
1801 2434 1900 2488 po-

321 2508 601 2563 scentibus
644 2507 792 2578 justo
821 2517 875 2560 et
911 2509 1164 2578 religiose
1193 2509 1359 2563 alacri
1401 2509 1689 2564 devotione
1724 2526 1906 2564 assen-

321 2616 444 2654 sum
488 2599 772 2668 impertiri.
805 2599 884 2654 Ex
912 2601 1015 2656 hoc
1042 2601 1188 2655 enim
1218 2602 1355 2655 lucri
1387 2602 1732 2671 potissimum
1767 2619 1906 2673 prae-

321 2691 496 2745 mium
530 2709 559 2746 a
606 2693 886 2746 conditore
915 2693 1181 2760 omnium,
1208 2692 1337 2758 Deo,
1379 2693 1758 2763 proculdubio
1782 2712 1906 2766 pro-

326 2799 621 2850 meremur,
647 2785 694 2838 si
730 2785 1061 2839 venerabilia
1084 2787 1201 2839 loca
1233 2795 1538 2857 opportune
1567 2788 1811 2842 ordinata
1839 2790 1904 2842 ad

327 2875 607 2930 meliorem
641 2875 844 2930 fuerint
886 2877 1005 2930 sine
1033 2877 1200 2931 dubio
1230 2886 1433 2931 statum
1474 2879 1752 2947 perducta.
1801 2878 1905 2949 lgi—

328 2975 436 3034 tur,
487 2968 614 3038 quia
669 2969 988 3038 postulastis
1022 2985 1052 3023 a
1099 2969 1278 3034 nobis,
1334 2970 1676 3025 decrevimus
1724 2981 1906 3024 nostra

326 3061 622 3132 apostolica
654 3061 1012 3131 praeceptione
1040 3060 1396 3115 reconcederc
1434 3077 1499 3115 ac
1526 3063 1909 3118 recontirmare

327 3119 714 3224 perpetualitcr
742 3153 898 3208 vobis
944 3154 1251 3223 vestrisque
1278 3153 1688 3208 successoribus
1709 3156 1905 3224 przedi-
1937 3119 1976 3175 α

327 3255 476 3300 ctum
519 3246 914 3300 monasterium
971 3243 1270 3301 Salvatoris
1313 3244 1529 3299 Domini
1581 3247 1752 3300 nostri
1781 3246 1907 3302 Jesu

327 3337 534 3391 Christi
561 3347 613 3390 ct
632 3335 817 3391 Sancti
841 3335 1124 3403 Bonifacii,
1155 3336 1318 3391 situm
1339 3337 1392 3390 in
1423 3337 1541 3392 loco
1566 3339 1658 3406 qui
1691 3349 1913 3393 vocatur

329 3428 605 3484 Bochonia
641 3429 796 3499 juxta
822 3429 994 3498 ripam
1031 3428 1271 3484 ﬂuminis
1307 3429 1452 3498 quod
1487 3429 1687 3484 dicitur
1719 3430 1908 3496 Fulda,

329 3537 456 3575 cum
497 3521 751 3576 omnibus
784 3521 946 3575 rebus
976 3520 1274 3574 mobilibus
1317 3529 1370 3574 et
1413 3521 1784 3578 immobilibus
1808 3523 1910 3578 sibi

332 3614 748 3682 pertinentibus,
779 3628 918 3683 quas
946 3629 1094 3668 nunc
1138 3613 1320 3670 habet.
1371 3619 1425 3666 et
1471 3614 1523 3667 in
1557 3613 1762 3680 futuro,
1803 3615 1913 3670 Deo

332 3704 646 3771 auxiliante,
678 3705 914 3759 habebit.
962 3704 1328 3760 Concedimns
1365 3706 1527 3759 etiam
1555 3715 1716 3775 atque
1737 3709 1912 3762 dona—

333 3812 458 3851 mus
486 3797 664 3860 vobis,
692 3796 1016 3852 cbarissime
1062 3813 1124 3852 ac
1159 3797 1514 3852 dilectissime
1561 3798 1655 3867 fili,
1689 3801 1912 3854 vestris-

334 3903 440 3957 que
470 3889 881 3943 successoribus
910 3888 1199 3943 abbatibus
1236 3889 1288 3942 in
1323 3900 1642 3959 perpetuum
1676 3908 1774 3961 pro
1805 3909 1917 3952 ma-

335 3995 442 4051 gno
465 3989 655 4036 nostro
692 3997 880 4036 amore
923 3981 1200 4051 nimiaque
1240 3982 1549 4047 dilectione,
1581 4000 1745 4053 quam
1771 3985 1914 4040 circa

333 4089 434 4127 vos
461 4073 726 4128 habemus
755 4082 809 4127 et
829 4074 1030 4128 habere
1055 4074 1310 4144 deinceps
1341 4076 1610 4145 cupimus,
1644 4087 1918 4132 monaste-

336 4165 480 4218 rium
520 4164 708 4219 Sancti
750 4165 977 4220 Andrea:
999 4167 1255 4235 apostoli,
1284 4168 1429 4236 quod
1459 4177 1685 4222 vocatur
1714 4168 1916 4224 Exaiu-

336 4255 472 4323 lum,
513 4258 678 4311 situm
715 4256 902 4312 Ronue
923 4258 1077 4327 juxta
1099 4259 1381 4312 ecclesiam
1412 4257 1626 4314 Sanctae
1646 4260 1738 4314 Dei
1764 4263 1918 4332 geni-

338 4349 491 4403 tricis
528 4348 712 4404 M‘ariae
744 4365 956 4418 semper
983 4349 1242 4419 Virginis,
1269 4365 1391 4419 quae
1410 4358 1639 4405 vocatur
1667 4352 1746 4407 Ad
1771 4352 1917 4407 Prte-

339 4457 489 4511 scpe,
520 4457 645 4496 cum
678 4440 936 4495 omnibus
979 4441 1381 4509 mansionibus,
1424 4443 1735 4511 caminatis,
1772 4445 1920 4499 cellis

338 4533 586 4598 vinariis,
613 4541 668 4586 et
697 4532 952 4602 coquina,
981 4548 1108 4587 cum
1139 4532 1334 4598 vincis,
1357 4533 1552 4600 hortis,
1583 4535 1921 4606 diversisque

340 4625 630 4695 generibus
666 4639 978 4694 pomorum,
1019 4640 1150 4679 cum
1170 4632 1324 4678 curtc
1345 4632 1398 4679 et
1425 4634 1588 4694 puteo
1613 4635 1666 4680 et
1695 4627 1920 4682 introitu

339 4731 438 4785 per
465 4724 679 4786 portam
704 4714 968 4783 majorem
992 4731 1021 4770 a
1051 4716 1137 4770 via
1169 4716 1404 4786 publica,
1432 4724 1485 4770 et
1513 4733 1636 4772 cum
1667 4719 1922 4775 omnibus

341 4807 408 4860 ad
431 4807 571 4862 idem
593 4807 988 4861 monasterium
1013 4807 1335 4877 generaliter
1365 4808 1781 4878 pertinentibus,
1811 4818 1921 4864 tam

341 4900 486 4954 intra
521 4915 688 4970 quam
722 4907 876 4954 extra
905 4899 1094 4953 urbem
1128 4899 1276 4965 sitis,
1300 4915 1422 4970 quae
1445 4901 1491 4954 ei
1512 4901 1662 4970 juste
1688 4919 1751 4957 ac
1779 4913 1923 4958 recte

341 4992 613 5060 pertinere
643 4990 1063 5061 dignoscuntur.
1097 4989 1457 5047 Prohibemus
1504 5002 1685 5049 autem
1707 5011 1924 5052 omnem

340 5085 634 5154 cujuslibet
656 5081 913 5137 Ecclesia
929 5083 1263 5138 sacerdotem
1281 5084 1335 5139 in
1362 5085 1503 5138 idem
1527 5095 1770 5142 vestrum
1800 5087 1927 5140 Ful-

344 5178 506 5202 .IA—nn
542 5175 940 5202 nsA-—.nl\‘l\-:Iim
969 5175 1264 5202 li..ﬁn"':‘ll\‘
1307 5176 1558 5202 .‘:‘:r\nnvn
1589 5179 1785 5202 LnL.-...-
1845 5180 1925 5202 -..χι

2000 1864 2148 1916 stimc
2185 1863 2467 1916 intimctnr
2507 1864 2743 1934 qualiter
2791 1863 2981 1934 religio
3019 1864 3320 1918 monastiea
3346 1863 3584 1934 regulari

1999 1955 2184 2008 habitu
2213 1955 2498 2023 dirigatur,
2523 1955 2924 2025 concordiaque
2947 1956 3290 2010 convenienti
3319 1955 3579 2010 ccclesia~

1999 2048 2136 2102 stico
2181 2047 2361 2101 studio
2407 2048 2765 2116 mancipetur,
2811 2064 2878 2101 nc
2905 2046 3062 2114 forte,
3105 2048 3250 2116 quod
3275 2047 3446 2101 absit!
3479 2048 3582 2100 sub

2000 2139 2165 2209 hujus
2197 2138 2461 2209 privilegii
2506 2140 2764 2205 obtentu,
2801 2140 3017 2193 animus
3059 2155 3388 2209 gressusque
3433 2141 3585 2192 recti-

2001 2232 2206 2287 tudinis
2236 2241 2430 2286 vcstra:
2465 2248 2494 2285 a
2523 2248 2714 2286 norma
2741 2232 2968 2300 justitite
3009 2232 3190 2301 aliquo
3218 2232 3377 2285 modo
3410 2240 3583 2284 retur-

2005 2333 2255 2395 queatur.
2287 2323 2651 2378 Concedimus
2685 2325 2849 2377 etiam
2887 2324 3004 2388 tibi,
3035 2338 3195 2392 quem
3229 2323 3363 2376 bene
3398 2323 3584 2376 crudi-

2005 2426 2121 2471 tum
2161 2424 2215 2470 et
2252 2417 2388 2470 bene
2416 2415 2758 2485 eloquentem
2793 2415 2970 2468 virum
3007 2430 3129 2468 esse
3168 2416 3439 2480 novimus,
3465 2414 3588 2468 dul-

2005 2510 2226 2564 cissime
2247 2508 2344 2573 ﬁli,
2383 2507 2679 2578 praedicare
2715 2507 2940 2563 verbum
2971 2505 3064 2560 Dei
3091 2497 3412 2560 auctoritate
3459 2521 3588 2560 san-

2007 2603 2079 2656 eti
2121 2600 2268 2654 Petri
2313 2600 2544 2669 apostoli
2588 2599 2678 2652 Dei
2739 2608 2793 2653 et
2834 2607 3015 2653 nostra
3041 2598 3160 2668 ejus
3199 2599 3408 2662 vicarii,
3447 2607 3500 2651 et
3531 2608 3589 2650 ut

2007 2704 2116 2749 tam
2144 2708 2243 2748 vos
2283 2708 2448 2763 quam
2478 2707 2827 2748 successores
2867 2691 3034 2745 vestri
3056 2699 3180 2744 ante
3202 2691 3338 2743 alios
3367 2691 3590 2744 abbate's

2010 2786 2194 2841 Galliae
2221 2802 2318 2841 seu
2348 2785 2655 2840 Germania:
2696 2784 2992 2854 primatum
3035 2782 3090 2836 in
3134 2783 3282 2836 omni
3316 2783 3436 2837 loco
3458 2798 3590 2837 con-

2011 2888 2282 2949 ventuque
2324 2885 2514 2932 nostra
2561 2876 2860 2946 apostolica
2907 2875 3231 2930 auctoritate
3276 2875 3588 2931 obtineatis.

2013 2970 2183 3026 Usum
2211 2985 2431 3040 quoque
2459 2969 2766 3024 dalmatica:
2784 2963 2838 3021 ct
2877 2967 3250 3021 sandaliorum
3294 2967 3348 3020 in
3392 2966 3589 3020 missa-

2013 3080 2136 3117 rum
2159 3061 2441 3116 solemniis
2469 3060 2687 3116 licentia
2699 3067 2898 3114 nostra:
2920 3058 3232 3128 apostolicae
3253 3057 3593 3111 auctoritatis

2011 3154 2362 3210 concedimus
2403 3161 2512 3206 tam
2545 3151 2702 3206 vobis
2727 3166 2892 3220 quam
2925 3149 3336 3204 successoribus
3370 3148 3588 3211 vestris,

2012 3247 2311 3302 secundum
2346 3245 2494 3314 quod
2541 3244 2596 3296 in
2645 3242 2940 3312 privilegiis
2987 3241 3448 3310 praedecessorum
3491 3256 3591 3292 no-

2013 3349 2254 3394 strorum
2284 3337 2532 3391 habetur.
2578 3335 2764 3388 Abbas
2790 3349 2918 3388 vero
2941 3333 3160 3386 nonnisi
3185 3348 3214 3386 a
3241 3340 3430 3386 nostra
3462 3347 3593 3401 apo—

2014 3430 2204 3487 stolica
2228 3428 2354 3484 sede
2382 3425 2756 3493 benedicatur,
2790 3440 2822 3479 a
2859 3439 2976 3494 qua,
2995 3423 3241 3478 benedici
3259 3423 3441 3489 debet,
3467 3431 3520 3476 et
3548 3423 3596 3476 si

2016 3524 2068 3578 in
2096 3521 2280 3591 aliquo
2309 3518 2539 3573 crimine
2576 3525 2869 3572 accusatus
2898 3514 3080 3579 fuerit,
3105 3514 3171 3568 de
3195 3513 3385 3568 eadem
3406 3522 3596 3568 nostra

2017 3613 2312 3686 apostolica
2366 3610 2494 3666 sede
2545 3618 2755 3664 tantum
2794 3607 3061 3678 judicium
3114 3612 3408 3675 exspectet.
3461 3605 3596 3660 illud

2015 3709 2178 3763 etiam
2218 3703 2542 3777 generaliter
2593 3701 2900 3758 addendum
2938 3699 3161 3769 dignum
3205 3697 3462 3753 duximus
3515 3705 3594 3760 ut,

2015 3798 2277 3870 quidquid
2328 3796 2652 3852 auctoritate
2680 3801 3086 3848 antecessorum
3109 3789 3475 3860 quorumlibet
3496 3805 3596 3843 no-

2018 3904 2279 3956 strorum,
2305 3905 2490 3961 regum
2509 3896 2562 3943 et
2585 3888 2997 3956 imperatorum,
3011 3882 3114 3952 ipsi
3138 3890 3322 3942 vestro
3342 3879 3599 3951 Fuldensj

2021 3984 2356 4040 monasterio
2396 3988 2610 4037 constat
2637 3978 2810 4034 fuisse
2834 3991 3176 4039 concessum,
3211 3975 3282 4029 sit
3301 3975 3466 4028 etiam
3500 3990 3600 4031 uo.-

2021 4088 2134 4132 stra
2158 4075 2457 4146 apostolica
2479 4072 2804 4130 auctoritate
2831 4085 2926 4139 per
2950 4069 3051 4122 hoc
3089 4076 3337 4120 nostrum
3380 4065 3599 4135 privile:

2021 4170 2167 4242 gium
2197 4167 2579 4222 conﬁrmatum
2623 4171 2786 4232 atque
2813 4161 3248 4223 corroboratum,
3300 4165 3604 4214 statuentes

2022 4259 2320 4330 apostolica
2367 4271 2620 4319 censura,
2653 4254 2757 4309 sub
2802 4251 2970 4308 divini
3005 4249 3194 4320 judieii
3218 4247 3602 4316 obtestatione,

2023 4367 2091 4407 ne
2115 4351 2238 4420 quis
2262 4363 2501 4417 unquam
2527 4355 2843 4402 nostrorum
2876 4357 3257 4399 successorum
3289 4339 3604 4410 pontiﬁcum

2028 4442 2424 4506 Romanorum,
2461 4454 2678 4508 regum,
2723 4437 2946 4499 ducum,
2997 4433 3394 4497 marcbionum,
3436 4431 3609 4486 comi-

2026 4543 2160 4597 tum,
2193 4541 2245 4587 et
2290 4540 2550 4601 praeterea
2600 4528 3157 4598 archiepiscoporum,
3204 4525 3606 4594 episcoporum,

2022 4635 2116 4681 aut
2155 4624 2448 4694 cujuslibet
2480 4621 2763 4693 dignitatis
2811 4619 2895 4672 vel
2943 4615 3276 4672 conditionis
3322 4615 3613 4670 hominum

2024 4726 2213 4772 contra
2243 4717 2344 4770 hoc
2382 4724 2630 4768 nostrum
2673 4711 3018 4782 privilegium
3063 4708 3363 4779 quidquam
3413 4707 3617 4762 audeat

2026 4817 2308 4864 attentare.
2356 4805 2511 4873 Quod
2541 4805 2587 4859 si
2611 4805 2734 4875 quis
2781 4801 3214 4874 praesumpserit,
3251 4796 3389 4852 sciat
3435 4811 3494 4850 se
3521 4815 3628 4854 no-

2027 4904 2125 4958 stri
2171 4898 2533 4957 anathematis
2578 4897 2797 4952 vinculo
2838 4906 3016 4962 usque
3043 4892 3112 4946 ad
3163 4891 3379 4959 dignam
3409 4887 3640 4948 satisfa-

2033 4998 2270 5053 ctionem
2304 4991 2670 5047 insolubiliter
2701 4990 3050 5044 innodatum.
3081 4981 3196 5048 Qui
3217 4985 3396 5032 autem
3426 4977 3523 5043 pio
3553 4981 3656 5042 in-

2036 5092 2177 5147 tuitu
2199 5103 2258 5143 se
2277 5083 2618 5148 custodierit,
2659 5090 2714 5136 et
2739 5097 2808 5136 ne
2833 5081 2889 5134 in
2937 5071 3139 5138 aliquo
3173 5066 3506 5130 infringatur
3537 5084 3573 5124 a
3612 5095 3676 5134 se

2155 5176 2406 5202 _,,----.....:.
2479 5172 2870 5202 tuumnnotnnto
2923 5160 3178 5202 arniirnn
3211 5165 3264 5202 pl
3299 5162 3681 5202 trecentorum

2269 5176 2406 5202 -.κισ-ξι
2479 5172 2870 5202 ιιηοιηλξηοῖηηῖο
