4050 5358
538 340 677 399 1503

1848 339 2230 396 ΑιΕιΑΝυῆι
2257 341 2299 395 ιι
2328 340 2531 395 ΡΑΡΑΞ
2606 348 2611 353 ’

3674 336 3812 395 {3M

535 469 684 511 anno
728 453 801 510 ab
843 452 1226 516 hwmtione
1276 451 1496 511 Domini
1538 451 1717 510 nostri
1759 450 1890 507 Jesu
1926 451 2134 507 Christi
2162 454 2208 511 Α
2233 452 2368 517 A20,
2401 450 2548 507 filius
2597 450 2860 514 rtamerii,
2896 457 2951 505 et
2995 445 3350 518 Ennin'garda
3396 446 3506 502 ﬁlia
3544 449 3813 518 praeiibati
3846 440 3849 447 ’

535 548 831 609 millesimo
856 549 1198 621 sexagesimo
1226 557 1447 621 quarto,
1469 548 1769 607 indictione
1796 564 1875 604 Ill.

1248 661 1418 717 XXV.

532 752 838 809 Alexander
871 751 939 806 II
980 767 1122 825 pupq
1155 754 1393 825 concedit
1424 751 1757 825 privilegium
1800 753 2123 807 monasterio

1085 822 1272 880 Sancti
1304 822 1572 880 Miuiatis.

1124 917 1307 987 (Anno
1350 915 1534 986 1065.)

534 1006 733 1079 [1.1113,
773 1004 1033 1063 Ecclesia:
1072 1005 1405 1062 Florentinis
1442 1004 1820 1079 Monumenta,
1863 1016 1996 1064 tom.
2045 1007 2118 1075 ll,

1146 1091 1267 1151 pag.
1301 1078 1487 1151 ll85.]

601 1187 930 1246 Acesinen
949 1189 1471 1261 episcopus,servus
1499 1206 1784 1247 servorum
1816 1189 1932 1256 Dei,
1952 1188 2123 1245 Ossa-

532 1295 605 1338 το
626 1280 948 1337 monasterii
991 1279 1182 1336 Sancti
1211 1279 1450 1336 Miniatis
1487 1281 1693 1347 abbati,
1725 1282 1954 1352 suisque
1988 1295 2120 1337 suc-

532 1373 869 1441 cessoribus,
896 1374 951 1428 in
981 1379 1329 1445 perpetuum.

600 1465 818 1525 Nostras
843 1465 1162 1524 intentionis
1200 1476 1332 1524 tunc
1356 1468 1494 1525 bene
1520 1466 1814 1539 implemus
1859 1465 2119 1531 cilicium,

531 1572 659 1614 cum
678 1558 827 1631 juste
852 1560 1162 1631 petentibus
1190 1559 1350 1617 facile
1378 1561 1688 1632 praebemus
1711 1560 1978 1616 auditum.
1998 1558 2122 1614 Ideo

529 1651 679 1706 enim
728 1651 1031 1724 apostolica
1058 1653 1237 1718 sedes,
1286 1652 1397 1719 cui,
1430 1652 1542 1709 Deo
1580 1651 1839 1725 propitio,
1865 1651 2123 1722 praeside-

2221 544 2456 612 Azonis;
2488 552 2545 600 et
2572 542 2942 609 Raimbertus,
2966 541 3110 597 filius
3132 537 3368 607 Addolﬁ,
3403 548 3459 596 et
3487 550 3667 597 mater
3692 559 3811 609 sua,

2220 646 2277 694 et
2306 635 2597 703 Rodulfus,
2622 635 2719 706 qui
2740 634 3044 692 Feuscolus
3074 641 3328 699 vocatur,
3360 631 3610 690 Gerardii
3638 635 3809 701 ﬁlius;

2195 771 2199 775 -
2222 739 2281 786 et
2305 728 2657 795 Theodicius,
2680 728 2826 785 illius
2856 727 3120 793 Rainerii,
3143 734 3207 784 et-
3217 740 3358 782 uxor
3380 734 3439 782 et
3462 726 3563 783 ﬁlii
3583 743 3776 783 eorum
3795 748 3810 795 ;

2221 821 2513 879 ecclesiam
2542 836 2765 892 quoque
2792 819 2978 876 Sancti
3002 819 3169 887 Petri,
3205 820 3365 890 juxta
3389 816 3562 875 lmam
3587 818 3812 875 ﬂuvium

2221 915 2480 986 positam,
2501 929 2627 971 cum
2649 914 2906 970 omnibus
2925 913 3271 985 pertinentiis
3297 911 3436 968 suis.
3465 909 3597 968 Haec
3620 921 3678 967 et
3705 928 3814 967 om-

2223 1007 2316 1062 nia
2344 1022 2467 1078 qure
2487 1020 2654 1077 supra
2675 1006 2822 1063 dicta
2858 1005 3006 1061 beati
3035 1002 3272 1061 Miniatis
3292 1001 3552 1077 martyris
3582 1006 3813 1061 ecclesia

2221 1114 2321 1170 per
2346 1099 2566 1156 diversa
2591 1107 2839 1170 tempora
2863 1114 2894 1154 a
2919 1098 3189 1169 principio
3217 1098 3305 1154 sui
3324 1098 3475 1168 juste
3502 1098 3713 1169 recepit
3735 1098 3813 1152 vel

2223 1191 2534 1262 acquisivit,
2562 1200 2658 1247 aut
2683 1200 2970 1262 receptura
3020 1191 3103 1246 vel
3132 1190 3475 1261 acquisitura
3508 1196 3600 1246 est
3649 1191 3704 1245 in
3732 1190 3814 1245 fu-

2226 1292 2430 1351 turum,
2463 1285 2876 1352 constituimus,
2921 1284 3203 1340 sancimus
3242 1292 3407 1355 atque
3427 1282 3816 1339 inviolabiliter

2223 1375 2402 1431 eidem
2425 1374 2670 1450 ecclesia:
2721 1375 2985 1430 duratura
3017 1374 3349 1441 stabilimus,
3398 1375 3475 1430 ita
3521 1382 3585 1429 ut
3633 1375 3814 1429 nullus

2224 1483 2343 1534 rex,
2378 1467 2562 1522 nullus
2597 1468 2729 1533 dux,
2755 1468 2939 1522 nullus
2961 1466 3439 1532 marchio,nullus
3476 1466 3810 1531 vicecomes,

2224 1559 2490 1615 eastaldio
2520 1560 2603 1615 vel
2632 1560 2877 1625 curialis,
2906 1560 3053 1614 nulla
3074 1560 3297 1630 prmlata
3326 1560 3411 1614 vel
3433 1560 3674 1629 privata,
3700 1575 3813 1612 ma—

2223 1668 2331 1719 gna
2361 1652 2476 1707 sive
2502 1667 2670 1722 parva
2717 1667 2972 1723 persona,
2997 1660 3048 1706 te
3101 1650 3497 1723 praefatumque
3534 1660 3810 1707 monaste-

531 1758 680 1811 rnus,
707 1743 1101 1801 inﬁrmissima:
1138 1752 1305 1815 petra:
1345 1744 1524 1815 posita
1548 1751 1636 1799 est
1661 1743 1904 1814 specula,
1936 1751 1999 1796 ut
2022 1758 2124 1796 un-
2158 1806 2196 1815 κ
2226 1744 2370 1799 rium
2402 1744 2457 1798 in
2483 1743 2644 1799 bonis
2672 1744 2789 1799 suis
2822 1744 3089 1809 minuere,
3116 1759 3343 1809 vexare,
3362 1743 3697 1814 inquietare,
3722 1750 3812 1797 aut

528 1834 697 1906 dique
752 1850 899 1906 puro
947 1835 1150 1890 mentis
1202 1835 1396 1905 spiritu
1446 1834 1918 1904 circumspiciens,
1948 1842 2003 1887 et
2028 1849 2124 1903 per

528 1926 687 1982 devia
731 1927 1066 1998 gradientes,
1111 1927 1368 1997 aequitate
1413 1925 1617 1998 judice,
1670 1924 1929 1996 corrigat,
1965 1932 2020 1979 et
2053 1923 2122 1979 ad

524 2018 728 2075 salutis
770 2027 992 2090 portum
1024 2020 1373 2076 tendentibus
1396 2020 1655 2075 ducatum
1683 2017 1931 2089 diligenti
1967 2016 2121 2073 solli-

528 2109 771 2165 citudine
824 2111 1101 2183 porrigat;
1155 2120 1306 2175 tanto
1348 2111 1619 2184 siquidem
1649 2110 1934 2167 ebaritatis
1982 2127 2121 2181 prte-

528 2210 685 2275 cepta
713 2205 909 2263 melius
936 2204 1257 2276 implemus,
1307 2215 1515 2277 quanto
1548 2204 1850 2261 studiosius
1888 2203 1999 2261 Deo
2039 2204 2122 2260 fa-

526 2296 864 2351 mnlantibus
905 2298 1094 2353 auxilii
1125 2284 1350 2353 manum
1398 2298 1704 2369 praebemus
1733 2316 1753 2351 τ
1781 2296 2110 2353 necessitati-

522 2386 631 2443 bus
672 2388 871 2459 quippe
898 2397 1213 2445 sanctorum
1241 2403 1371 2444 vere
1406 2386 1914 2454 communicamus,
1951 2387 1998 2444 si
2019 2403 2117 2442 eo-

522 2494 652 2535 rum
685 2479 1062 2539 sacratissima
1115 2496 1347 2551 corpora
1401 2479 1837 2537 custodientilzus
1886 2487 1941 2534 et
1961 2479 2118 2549 adju-

524 2571 655 2627 torii
697 2571 1008 2631 subsidium
1045 2580 1101 2627 et
1133 2572 1473 2629 defensionis
1524 2569 1843 2642 praesidium
1895 2568 2112 2626 damus.

527 2661 624 2720 Sic
669 2664 907 2736 denique
955 2664 1262 2720 sacrarium
1310 2663 1679 2721 exauditionis
1708 2661 1868 2718 nobis
1914 2661 2114 2733 aperiri

524 2772 838 2827 speramus,
867 2756 914 2813 si
956 2757 1012 2811 in
1040 2757 1290 2813 oratione
1312 2756 1555 2827 quotidie
1583 2762 1995 2827 perseverantes
2025 2753 2114 2824 pia

523 2850 818 2907 devotione
863 2850 1210 2921 adjuvamus.
1244 2847 1605 2920 Quapropter,
1641 2847 1719 2902 tili
1768 2845 2117 2911 ebarissime,

522 2963 559 3003 ο
594 2946 922 3004 venerabilis
943 2946 1135 3013 abbas,
1160 2955 1210 3004 te
1230 2944 1682 3017 praelibatumque
1715 2943 2111 2999 monasterium

522 3040 738 3111 prrefati
760 3039 1020 3108 martyris
1042 3038 1302 3103 Miniatis,
1334 3051 1673 3107 suorumque
1710 3042 1918 3106 septem
1948 3034 2113 3091 comi-

2225 1835 2506 1891 molestias
2546 1834 2749 1891 inferre
2796 1836 3087 1892 temeraria
3114 1836 3538 1907 praesumptione
3595 1835 3808 1899 audeat,

2204 1926 2375 1987 salva
2427 1933 2609 1982 tamen
2651 1926 2952 1983 Florentini
2994 1927 3235 1999 episcopi
3276 1928 3607 1993 reverentia,
3657 1927 3810 1997 cujus

2217 2020 2332 2091 juri
2352 2020 2527 2076 eidem
2550 2023 2947 2077 monasterium
2977 2022 3225 2091 legaliter
3249 2022 3560 2091 subjicitur.
3603 2020 3662 2074 Si
3690 2021 3810 2090 quis

2222 2120 2408 2169 autem
2444 2113 2625 2169 sciens
2672 2114 2815 2169 hanc
2859 2122 3107 2169 nostram
3141 2113 3499 2184 apostolicam
3535 2112 3805 2168 constitu-

2222 2207 2427 2263 tionem
2455 2214 2749 2263 contumax
2777 2205 3065 2278 infregerit
3084 2214 3139 2262 et
3157 2206 3477 2262 admonitus
3489 2219 3606 2259 non
3628 2218 3809 2259 emen-

2220 2300 2449 2368 daverit,
2498 2300 2866 2355 anathematis
2910 2300 3097 2370 jaculo
3154 2297 3445 2354 confossus
3496 2313 3630 2353 cum
3674 2295 3812 2351 Juda

2219 2394 2483 2450 traditore
2511 2403 2715 2464 pereat.
2741 2393 2798 2449 Si
2830 2394 2955 2464 quis
2986 2402 3169 2448 autem
3192 2391 3425 2447 devotus
3451 2398 3809 2446 conservator

2204 2486 2508 2553 exstiterit,
2543 2486 2767 2542 Christo
2792 2487 2950 2553 duce,
3001 2501 3066 2541 ac
3095 2484 3459 2540 intercedente
3497 2482 3688 2548 Petro,
3714 2498 3807 2537 an-

2217 2576 2385 2647 tiquae
2434 2579 2822 2649 promissionis
2849 2585 2904 2632 et
2945 2592 3099 2633 novae
3150 2575 3544 2647 redemptionis
3575 2573 3805 2645 patriam

2218 2669 2339 2725 sine
2373 2668 2482 2724 ﬁne
2507 2668 2806 2739 possideat.
2838 2666 3049 2723 Caetera
3079 2667 3311 2723 desunta

2904 2803 3001 2858 XX
3010 2803 3109 2858 Vl.

2216 2892 2541 2950 Constitutio
2578 2894 2878 2966 Alexandri
2900 2892 3144 2966 papazAII
3187 2909 3282 2964 pro
3318 2892 3646 2947 monasterio
3671 2887 3815 2946 Sun--

2704 2967 2779 3020 cti
2822 2964 2980 3020 Petri
3034 2964 3306 3020 Perusini.

2641 3058 2821 3131 (Anno
2844 3059 3001 3125 l065,
3030 3057 3234 3129 Aprilis
3260 3056 3379 3129 a7.)

524 3143 669 3201 tum,
710 3136 768 3190 in
813 3134 995 3206 specie
1039 3133 1375 3204 septiformis
1419 3133 1607 3205 gratiae
1648 3130 1824 3187 sancti
1871 3130 2108 3201 Spiritus

2217 3169 2558 3225 LMARGARlSl,
2590 3152 2801 3207 Bnllar.
2832 3152 3041 3217 Casin.,
3073 3161 3206 3206 tom.
3232 3148 3302 3215 ll,
3326 3165 3451 3220 pag.
3477 3147 3570 3211 98,
3617 3162 3685 3202 ex
3712 3162 3801 3201 ar-

522 3231 792 3302 sanguine
820 3238 1232 3296 consecratum,
1260 3244 1327 3285 ac
1369 3229 1560 3297 eodem
1598 3226 1955 3299 praefulgente
1993 3239 2119 3301 octo

525 3324 927 3382 beatitudinum
951 3324 1310 3380 similitudine
1346 3324 1687 3390 decoratum,
1725 3322 1971 3380 inclinati
1993 3339 2114 3394 pre-

520 3416 685 3473 cibus
710 3416 823 3473 tuis
849 3416 905 3472 in
927 3417 1153 3472 tutelam
1177 3418 1494 3488 apostolica;
1514 3416 1852 3474 defensionis
1877 3416 2125 3488 suscipi-.

522 3528 673 3581 mus,
719 3521 906 3584 atque,
932 3512 1061 3583 quia
1109 3512 1167 3568 in
1204 3513 1463 3584 pradicto
1509 3512 1713 3585 insigni
1755 3513 2114 3580 monasterio,

520 3608 637 3664 site
662 3608 719 3664 in
747 3616 936 3664 monte
961 3606 1302 3673 Florentino,
1339 3622 1451 3663 non
1496 3607 1658 3679 longe
1697 3607 1767 3663 ab
1809 3607 1945 3664 urbe
1969 3622 2112 3679 prte-

522 3705 822 3762 mis'sorum
843 3711 979 3761 octo-
1009 3704 1297 3759 beatorum
1328 3711 1634 3776 martyrum
1661 3718 2000 3775 suorumque
2024 3703 2111 3758 in-

522 3813 948 3854 numerosorum
995 3797 1273 3852 sociorum
1301 3812 1535 3869 corpora
1569 3797 1941 3869 requiescunt,
1978 3798 2112 3853 illud

524 3894 837 3968 apostolica:
871 3896 1215 3953 auctoritatis
1274 3897 1461 3970 vigore
1493 3897 1851 3965 roboramus,
1899 3897 2112 3968 sibique

523 3991 922 4047 confirmamus
950 3991 1135 4047 omnia
1182 4005 1522 4062 quacunque
1571 3992 1834 4063 possidet,
1881 4000 1937 4047 et
1988 4009 2111 4064 qua:

524 4101 683 4160 reges
717 4095 779 4142 et
801 4086 1189 4157 imperatores,
1216 4093 1271 4140 et
1299 4083 1718 4152 Hildebrandus,
1763 4084 2107 4154 Lambertus,

520 4181 709 4249 Attho,
729 4190 861 4249 etc.,
891 4180 1189 4249 Gerardus,
1219 4180 1519 4237 Florentini
1556 4181 1835 4253 praasules,
1862 4182 2109 4238 contule-

522 4286 672 4346 runt,
721 4277 1046 4334 nominatim
1103 4275 1341 4333 Montem
1388 4275 1573 4351 Regis,
1618 4276 1673 4332 in
1706 4293 1818 4349 quo
1851 4280 2110 4350 praedicto

517 4374 761 4432 Miniatis
780 4374 1041 4448 martyris
1064 4374 1295 4432 ecclesia
1322 4374 1503 4448 posita
1529 4383 1633 4442 est,
1660 4392 1785 4431 cum
1813 4378 1964 4433 omni
1992 4394 2114 4449 per—

521 4469 750 4525 tinentia
784 4470 1029 4541 ejusdem
1050 4469 1243 4537 curtis,
1273 4476 1328 4525 et
1370 4485 1623 4540 campum
1655 4468 1855 4537 Martii,
1879 4479 1933 4525 et
1955 4469 2108 4528 Bisa-

2642 3245 2788 3299 cbiv.
2821 3243 2877 3299 S.
2909 3244 3056 3299 Petri
3071 3237 3372 3314 Perusini.]

2289 3362 2615 3416 Al.Ej-.A.\‘DER
2645 3362 2957 3434 episcopus,
2981 3378 3172 3419 servus
3188 3376 3469 3418 servorum
3501 3357 3625 3424 Dei,
3654 3371 3807 3425 renc-

2217 3455 2377 3510 rabili
2406 3456 2738 3512 monasterio
2753 3455 2896 3512 beati
2909 3455 3057 3511 Petri
3077 3454 3332 3526 apostoli,
3355 3453 3462 3509 sito
3484 3461 3665 3518 extra,
3696 3450 3805 3504 imo

2215 3556 2270 3605 et
2322 3548 2478 3618 juxta
2528 3548 2802 3604 civitatem
2838 3537 3143 3615 Perusiam,
3187 3547 3240 3601 in
3292 3548 3414 3602 loco
3454 3547 3559 3616 'qui
3606 3544 3802 3599 dicitur

2215 3639 2534 3712 Caprarius,
2583 3650 2638 3697 et
2659 3658 2756 3713 per
2789 3642 2923 3698 illud
2973 3640 3251 3696 [hrneam
3309 3638 3516 3703 abbati,
3568 3637 3799 3708 ejusque

2216 3735 2629 3790 successoribus
2656 3735 2854 3791 ibidem
2888 3735 3013 3805 jure
3034 3742 3091 3790 et
3110 3732 3431 3804 regulariter
3473 3744 3799 3801 promoven-

2212 3825 2299 3883 dis
2324 3827 2381 3882 in
2403 3836 2746 3898 perpetuum.
2950 3872 2955 3881 .
3762 3892 3765 3897 _

2281 3918 2421 3974 Cum
2451 3919 2777 3974 universalis
2806 3926 2997 3975 sancta
3025 3926 3201 3974 mater
3252 3914 3495 3971 Ecclesia
3528 3930 3629 3984 per
3681 3911 3792 3983 glo-

2210 4010 2391 4067 riosos
2436 4011 2808 4083 apostolorum
2866 4011 3163 4081 principes,
3204 4008 3424 4064 Petrum
3477 4005 3687 4062 scilicet
3713 4001 3793 4073 pi-

2211 4113 2482 4160 scatorem
2528 4104 2835 4171 hominum,
2867 4119 2930 4160 ac
2950 4103 3179 4158 Paulum
3210 4102 3490 4158 doctorem
3532 4098 3801 4170 gentium,

2209 4213 2322 4269 prie
2358 4196 2570 4254 steteris
2609 4198 3057 4267 cooperatoribus
3099 4195 3339 4252 maxime
3376 4193 3449 4247 sit
3469 4192 3793 4254 coadunala,

2209 4291 2458 4346 instituta
2480 4299 2534 4345 et
2552 4290 2743 4359 ditata,
2776 4290 3032 4346 convenit
3084 4290 3166 4345 eis
3218 4284 3532 4344 conﬁrmari
3581 4293 3637 4339 et
3655 4281 3791 4338 deti-

2209 4384 2327 4439 neri
2353 4384 2570 4450 omnia,
2600 4400 2724 4455 qua:
2751 4399 2866 4440 sua:
2910 4382 3135 4438 ditionis
3194 4397 3259 4437 ac
3311 4377 3598 4451 potestatis
3639 4390 3789 4445 repe~

2210 4478 2429 4533 riuntur
2449 4477 2727 4549 specialia.
2782 4473 3126 4547 Quapropter
3172 4474 3240 4530 ad
3286 4473 3452 4543 hujus
3498 4466 3786 4541 snpradicti

520 4561 667 4616 rium
697 4576 729 4615 a
753 4559 977 4616 ﬂumine
1004 4560 1155 4615 Arno
1182 4575 1359 4631 usque
1392 4561 1461 4617 ad
1499 4561 1646 4616 viam
1675 4562 1971 4633 publicam,
1997 4572 2110 4620 sta-
2141 4537 2186 4593 Β
2214 4570 2534 4626 monasterii
2569 4570 2835 4625 honorem
2861 4584 3077 4638 semper
3102 4566 3412 4638 augendum
3434 4572 3490 4620 et
3512 4576 3786 4633 nunquam

518 4651 703 4709 biliter
745 4668 871 4708 cum
921 4652 1179 4708 omnibus
1226 4652 1486 4720 castellis,
1530 4652 1697 4723 agris,
1728 4653 1925 4720 vineis,
1955 4655 2109 4711 silvis

521 4754 687 4817 atque
742 4743 966 4801 familiis
994 4761 1025 4800 a
1054 4745 1367 4816 praalibatis-
1390 4745 1612 4818 regibus
1655 4746 1770 4802 sive
1820 4746 2113 4818 imperato—

521 4834 675 4892 ribus
696 4843 860 4907 atque
888 4836 1213 4907 praesulibus
1235 4835 1465 4903 collatis,
1496 4836 1796 4893 inviolabili
1825 4840 2107 4895 sanctione

521 4927 897 4994 concedimus,
945 4934 1001 4982 et
1033 4941 1298 4982 concessa
1338 4926 1394 4981 in
1430 4942 1575 4998 saepe
1598 4927 1748 4983 dicto
1769 4932 2105 4986 monasterio

520 5019 591 5076 ad
629 5019 1030 5077 monachorum
1083 5019 1474 5091 hospitumque
1502 5035 1667 5075 usum
1697 5020 1753 5075 in
1781 5030 2105 5092 perpetuum

519 5128 880 5156 mrmanmtra
906 5112 1251 5158 mandamus-

2212 4663 2571 4719 minuendum
2599 4663 2976 4730 concedimus,
3002 4677 3101 4733 per
3133 4660 3239 4716 hoc
3263 4658 3577 4729 apostolica:
3600 4654 3782 4712 defen-

2209 4756 2382 4812 sionis
2406 4756 2775 4828 privilegium,
2806 4765 2869 4818 ut
2907 4765 3091 4831 teneat
3128 4764 3184 4811 et
3210 4754 3407 4810 habeat
3459 4751 3681 4823 pacifice
3732 4757 3785 4802 et

2207 4849 2388 4919 quiete
2410 4850 2556 4920 quod
2581 4850 2844 4905 hactenus
2874 4849 3049 4904 tenuit
3090 4857 3146 4905 et
3168 4846 3379 4912 habuit,
3410 4854 3465 4900 et
3484 4858 3625 4899 nunc
3645 4847 3805 4921 wnet.

2207 4951 2261 4997 et
2289 4943 2470 5010 habet,
2524 4943 2734 5000 scilicet
2778 4942 2945 4999 cellas
2992 4958 3123 4998 suas
3173 4949 3230 4997 et
3276 4940 3558 5003 ecclesias,
3610 4945 3781 4992 certes
3836 4964 3841 4969 -

2207 5050 2339 5091 suas
2373 5051 2437 5090 ac
2488 5035 2697 5107 plebes.
2744 5035 2946 5091 fundos
2983 5035 3148 5091 etiam
3198 5041 3254 5089 et
3298 5032 3533 5099 casales,
3578 5029 3777 5099 plebem

2207 5130 2410 5162 οηῖιῖηιὶο
2461 5127 2639 5162 ενιπηοῖ
2682 5128 2989 5162 Γιιηοοσιηίῖἶ
3083 5135 3133 5162 ΔΩ
3189 5125 3374 5162 cont“;
3425 5122 3658 5162 Rnnhini
3719 5133 3778 5162 {In
