4050 5358
287 153 427 210 ιδυδ

1441 156 1804 225 ΕΡὶΞτΟιλΕ
1844 158 1932 221 ΕΤ
1970 160 2387 222 DIPLOMATA.

3426 174 3558 232 I506

282 269 498 340 nepotis
524 267 791 326 Bernonis
843 269 911 328 de
938 266 1120 328 Monte
1155 269 1345 344 Nigro.
1392 274 1708 345 Apostolica
1733 278 1947 348 quo-;_A
1974 294 2256 337 servorum
2307 282 2406 339 Dei
2463 286 2773 345 secessibus
2831 288 2943 344 ulla
2985 289 3204 347 occasio
3254 292 3561 362 praebeatur

282 378 389 431 que
416 362 744 418 auctoritate
789 364 887 418 tibi
917 364 1344 423 corroboramus
1376 369 1525 439 quod
1553 369 1608 424 in
1649 370 1870 441 privile-

281 454 371 523 gio
400 454 822 524 przedecessoris
866 457 1043 511 nostri
1100 456 1281 514 beatas
1308 462 1591 518 memoria:
1656 460 1868 519 Nicolai

280 546 609 613 continetur,
673 547 925 603 videlicet
971 549 1027 603 in
1073 550 1337 606 comitatu
1389 551 1660 611 Perusino
1724 555 1869 610 bona

278 638 528 707 quaedam
546 638 794 694 ecclesiae
815 650 1136 696 sanctorum
1163 642 1517 713 Apollinaris,
1557 645 1745 712 Blasii,
1771 663 1869 703 nec

278 742 390 783 non
435 736 489 784 et
542 727 821 796 Montani,
872 732 1023 802 quod
1061 733 1308 789 ecclesiae
1357 734 1607 792 Farfensi
1656 736 1870 794 Sancta:

274 818 462 878 Mariae
486 821 634 878 dedit
654 821 811 895 Hugo
830 822 1071 880 Alberici
1097 824 1266 893 ﬁlius,
1296 842 1422 882 cum
1462 830 1581 895 suis
1614 830 1870 901 adjacen-

274 913 388 981 tiis,
416 914 681 986 quidquid
709 916 801 984 sit,
830 932 929 973 seu
955 919 1265 985 castellum,
1298 935 1395 975 seu
1418 921 1578 990 villre,
1611 922 1726 995 sive
1761 940 1871 983 ser-

272 1005 348 1073 vi,
375 1006 489 1062 sive
509 1008 742 1072 ancilla.
786 1025 889 1066 seu
908 1018 1053 1065 terra
1081 1011 1228 1067 culta
1256 1013 1340 1066 vel
1377 1013 1602 1081 inculta,
1636 1030 1732 1071 seu
1768 1024 1866 1087 p‘o—

272 1106 393 1153 stea
416 1098 681 1170 quidquid
712 1102 970 1157 omnibus
991 1104 1383 1175 suprascriptis
1420 1106 1669 1163 ecclesiis
1689 1108 1758 1162 ab
1789 1109 1871 1179 ip-

272 1188 353 1245 sis
375 1192 661 1248 monachis
685 1194 1042 1265 acquisitum,
1061 1197 1141 1251 uti
1158 1198 1264 1253 hoc
1290 1199 1612 1269 praedictum
1640 1200 1867 1268 bonum,

270 1290 335 1337 ut
374 1284 801 1354 praelibavimus,
836 1288 1008 1344 abbas
1052 1288 1331 1349 Farfensis
1369 1294 1740 1363 praedecessor
1765 1294 1869 1354 Be-

269 1375 448 1439 rizoni
473 1378 657 1433 abbati
694 1381 921 1451 suisque
945 1384 1387 1453 successoribus,
1429 1386 1535 1443 sub
1579 1404 1750 1444 censu
1771 1390 1869 1446 de-

268 1467 449 1536 ﬁnito,
476 1470 710 1542 singulis
733 1474 895 1529 annis
920 1475 1305 1545 persolvendo,
1328 1477 1618 1536 duodecim
1665 1482 1873 1537 scilicet

265 1561 574 1639 solidorum
615 1574 851 1635 moneta:
874 1562 1186 1647 Papiensis,
1228 1572 1480 1627 contulit.
1531 1572 1872 1647 Insuperque

1972 373 2328 442 popularibus
2351 379 2742 449 conventibus;
2773 387 2828 436 et
2851 381 3213 453 simpliciores
3233 399 3299 442 ex
3321 385 3424 441 hoc
3440 388 3562 441 an’i—

1940 480 2092 520 -mos
2118 465 2460 541 plerumque,
2501 473 2651 543 quod
2699 474 2864 539 absit,
2894 474 2952 530 in
2976 475 3296 532 scandalum
3356 479 3558 547 trahat,

1970 554 2310 628 frequentior
2358 580 2577 636 quoque
2613 566 2904 621 mulierum
2954 568 3233 626 introitus.
3266 570 3424 639 Quod
3486 571 3557 639 si,

1969 648 2235 708 invitante
2274 656 2360 711 vel
2391 668 2665 714 annuente
2686 660 2904 728 abbate,
2920 662 3209 733 episcopus
3230 665 3429 720 missas
3456 680 3560 735 pu-

1971 743 2144 801 blicas
2174 746 2374 803 ibidem
2411 749 2588 807 facere
2627 753 2880 821 voluerit,
2911 755 2997 811 his
3021 763 3233 811 tantum
3284 758 3478 813 diebus
3503 759 3560 813 id

1970 846 2117 908 agat,
2170 840 2378 897 scilicet
2418 845 2662 900 secunda
2700 846 2836 902 feria
2890 846 3116 906 Pascha:
3146 892 3161 918 ,
3189 857 3244 906 et
3273 851 3564 909 beatorum

1971 928 2117 986 Petri
2151 941 2206 988 et
2243 934 2395 990 Pauli
2419 937 2707 1005 natalitiis,
2745 941 2837 995 sed
2880 943 3058 999 nullas
3108 942 3233 1000 inde
3259 944 3565 999 oblationes

1972 1024 2267 1096 tollatipse
2296 1037 2390 1084 aut
2421 1030 2619 1102 aliquis
2641 1033 2967 1091 clericorum
3000 1036 3143 1109 ejus,
3176 1037 3369 1093 ‘invito
3390 1037 3563 1094 abba-

1972 1124 2025 1171 te
2059 1134 2123 1174 ac
2170 1118 2459 1178 fratribus.

2047 1211 2355 1274 Statuimus
2386 1234 2606 1290 quoque
2628 1229 2707 1289 ut,
2743 1222 2979 1279 obeunte
3013 1224 3208 1280 abbate
3241 1223 3566 1280 monasterii

1974 1303 2166 1374 ipsius,
2204 1324 2305 1363 nec
2331 1310 2621 1382 episcopus
2654 1329 2755 1370 nec
2798 1314 2996 1385 aliquis
3049 1316 3375 1374 clericorum
3419 1317 3561 1387 ejus,

1975 1396 2030 1453 in
2071 1398 2468 1459 distribuendis
2516 1405 2976 1477 providendisque
3019 1409 3321 1485 acquisitis,
3371 1402 3564 1479 acqui—

1976 1492 2226 1548 rendisve
2262 1493 2507 1565 ejusdem
2543 1499 2866 1554 monasterii
2916 1499 3104 1567 rebus,
3134 1501 3291 1556 nulla
3311 1517 3370 1557 se
3397 1516 3564 1556 occa-

1977 1584 2132 1640 sione
2159 1588 2543 1657 permisceant.
2574 1590 2841 1647 Abhatem
2887 1608 3019 1648 vero
3063 1593 3237 1649 eidem
3282 1588 3564 1649 monaste-

265 1653 666 1713 eonﬁrmamus
694 1658 869 1714 eidem
896 1662 1236 1718 monasterio
1271 1663 1327 1719 in
1362 1676 1690 1737 perpetuum
1720 1686 1870 1724 mas—
1905 1663 1946 1717 Β
1974 1677 2057 1731 rio
2082 1693 2193 1733 non
2236 1680 2426 1749 alium,
2468 1683 2564 1739 sed
2604 1700 2769 1755 quem
2824 1686 3052 1758 dignum
3102 1686 3350 1742 moribus
3401 1694 3585 1756 atque”

264 1760 363 1802 sas
398 1753 516 1803 tres
568 1749 624 1803 in
652 1751 918 1807 comitatu
964 1753 1235 1810 Perusino
1276 1759 1507 1827 positas,
1553 1776 1720 1816 unam
1749 1779 1872 1833 qum

264 1847 501 1893 vocatur
546 1839 776 1910 Pusulo,
828 1844 1062 1901 alteram
1128 1846 1396 1918 Filoneio,
1454 1860 1507 1906 et
1541 1853 1705 1908 aliam
1749 1870 1872 1924 qua:

264 1940 621 2003 nuncupatur
651 1933 918 2003 Casulini,
970 1955 1096 1993 cum
1129 1940 1401 2010 ecclesiis,
1437 1944 1604 2010 casis,
1649 1946 1827 2000 vineis
1852 1989 1866 2013 ,

264 2025 499 2094 campis,
522 2026 723 2099 hortis,
753 2030 1032 2087 montibus
1088 2033 1253 2089 cultis
1299 2042 1354 2089 et
1396 2035 1636 2103 incultis,
1686 2039 1868 2093 omni-

262 2116 482 2194 busque
541 2120 656 2176 suis
733 2124 1099 2192 pertinentiis.
1177 2125 1574 2184 Monasterium
1647 2145 1872 2201 quoque

266 2205 457 2265 Sancti
485 2211 673 2284 Angeli
710 2216 762 2269 in
799 2217 1065 2272 comitatu
1104 2217 1333 2287 Arisati,
1366 2221 1422 2275 in
1452 2222 1574 2277 loco
1596 2223 1691 2292 qui
1731 2224 1872 2283 dici-

267 2307 360 2356 tur
398 2301 671 2373 Tolliano,
712 2316 768 2363 et
819 2306 1127 2377 Limisano,
1167 2328 1294 2367 cum
1343 2314 1496 2369 cellis
1560 2323 1615 2369 et
1645 2317 1871 2387 capellis

266 2394 392 2450 suis
414 2405 469 2451 et
490 2413 615 2453 cum
635 2401 892 2457 omnibus
906 2402 1012 2457 sibi
1030 2404 1454 2473 pertinentibus,
1470 2422 1681 2462 necnon
1705 2409 1836 2480 quid
1852 2441 1869 2451 -

261 2486 397 2557 quid
423 2487 677 2561 deinceps
706 2492 993 2562 praefatum
1027 2494 1216 2551 Sancti
1263 2494 1407 2552 Petri
1444 2501 1868 2569 monasterium,

261 2580 464 2651 quovis
514 2583 680 2638 modo
706 2584 906 2641 divinis
954 2587 1039 2642 vel
1083 2587 1342 2645 humanis
1371 2590 1584 2662 legibus
1631 2592 1868 2664 cognito,

262 2672 552 2743 acquirere
580 2677 821 2746 potuerit
870 2677 1034 2750 hujus
1060 2681 1236 2736 nostri
1258 2683 1547 2752 apostolici
1600 2684 1872 2757 privilegii

265 2773 464 2821 tenore
491 2766 905 2839 conﬁrmamus.
955 2769 1257 2827 Licentiam
1290 2790 1511 2846 quoque
1552 2775 1748 2831 damus
1774 2776 1870 2832 tibi

262 2858 331 2912 de
365 2858 626 2916 omnibus
659 2862 769 2917 tuis
797 2863 1034 2930 clericis,
1068 2873 1179 2919 tam
1207 2865 1260 2919 in
1318 2868 1654 2922 rnonastcrio
1676 2869 1873 2940 degen-

264 2949 435 3016 tibus,
472 2968 752 3024 quamque
781 2955 949 3010 etiam
986 2954 1123 3012 foris
1174 2956 1229 3010 in
1265 2959 1710 3028 possessionibus
1759 2962 1870 3018 tuis

264 3042 648 3111 manentibus,
678 3062 709 3100 a
736 3062 1069 3119 quocunque
1089 3049 1334 3106 volueris
1364 3049 1562 3107 idoneo
1601 3061 1657 3108 et
1699 3069 1869 3109 cano—

265 3132 389 3187 nicc
408 3133 588 3190 locato
606 3137 865 3209 episcOpo
891 3155 987 3194 eos
1000 3141 1310 3208 ordinandi,
1331 3150 1386 3197 et
1409 3143 1649 3199 chrisma
1671 3146 1725 3200 in
1753 3147 1869 3203 suis

264 3224 518 3295 plebibus
547 3230 828 3300 accipere;
894 3232 941 3286 si
970 3240 1154 3287 tamen
1190 3233 1260 3289 ab
1308 3236 1591 3306 episcopo,
1620 3238 1676 3291 in
1708 3239 1869 3308 cujus

264 3325 492 3381 dioecesi
510 3327 803 3398 praefatum
832 3332 1233 3387 monasterium
1271 3333 1436 3387 situm
1458 3340 1564 3397 est,
1591 3346 1694 3387 nec
1720 3332 1870 3388 ordi-

264 3418 538 3487 nationes,
563 3438 665 3478 nec
701 3422 945 3479 chrisma
998 3425 1244 3494 potueris
1293 3425 1559 3481 canonice
1616 3433 1672 3479 et
1699 3425 1870 3496 gratis

267 3510 541 3577 obtinere,
571 3523 667 3570 aut
707 3516 1022 3585 impetrare.
1047 3524 1101 3570 et
1134 3517 1201 3571 de
1238 3516 1490 3572 ecclesiis
1543 3531 1871 3572 consecran-

268 3603 355 3661 dis
376 3607 571 3661 eodem
594 3608 778 3663 modo.
815 3609 882 3662 Et
911 3607 1096 3663 nullus
1125 3610 1416 3679 episcopus
1464 3609 1531 3664 ad
1576 3608 1718 3664 idem
1750 3594 1871 3689 mo:-

268 3700 574 3755 nasterium
625 3701 987 3771 pertinentem
1044 3702 1547 3767 cxcomninnicare,
1596 3710 1691 3756 aut
1715 3701 1871 3783 dam}

270 3805 405 3846 nare
438 3792 655 3861 audeat,
704 3792 750 3848 si
797 3792 856 3847 in
914 3808 1085 3849 causa
1129 3809 1230 3849 sua
1280 3802 1532 3849 nostrum
1574 3809 1639 3848 ac
1668 3803 1872 3850 sanctae.

271 3884 588 3953 apostolica:
601 3884 749 3942 sedis
772 3885 1141 3955 patrocinium
1184 3895 1239 3941 et
1256 3901 1487 3942 examen
1510 3885 1737 3959 ﬂagitat.
1766 3876 1873 3967 Ro-

271 3977 422 4031 mani
449 3986 635 4033 autem
660 3978 937 4050 pontiﬁcis
963 3980 1170 4034 donum
1210 3979 1444 4035 abbatize
1488 3988 1544 4035 et
1585 3981 1758 4037 abbas
1784 3982 1869 4052 ip-

272 4083 331 4124 se
364 4077 421 4125 et
442 4071 786 4126 consecratio
809 4072 1021 4127 abbatis
1072 4073 1143 4128 sit
1173 4071 1226 4127 in
1254 4081 1599 4144 perpetuum.
1652 4072 1868 4129 Etenim

272 4170 485 4218 remota
540 4165 915 4232 excusatione,
965 4164 1074 4222 nisi
1130 4166 1396 4222 canonica
1428 4209 1443 4232 ,
1494 4167 1562 4221 ad
1598 4167 1868 4239 synodum

273 4255 714 4327 quandocunque
755 4273 788 4312 a
830 4273 1048 4312 summo
1090 4258 1350 4327 pontiﬁce
1398 4268 1629 4314 vocatus
1678 4258 1864 4329 fuerit,

273 4347 476 4402 veniat.
504 4347 678 4404 Porro
703 4348 1030 4417 oblationes,
1063 4349 1239 4405 eidem
1287 4350 1625 4405 monasterio
1655 4352 1867 4409 collatae
1898 4382 1943 4438 Β

274 4438 359 4493 vel
396 4439 757 4508 conferendae,
790 4450 905 4497 tam
936 4458 1037 4514 pro
1074 4441 1216 4496 vivis
1239 4458 1407 4513 quam
1446 4458 1547 4513 pro
1566 4443 1864 4513 defunctis,

276 4546 308 4585 a
350 4532 499 4588 nullo
535 4533 922 4605 episcoporum
966 4534 1354 4606 pervadantur,
1409 4535 1502 4590 sed
1543 4551 1609 4591 ex
1652 4537 1867 4609 integro

276 4626 565 4694 proﬁciant
592 4627 913 4682 monasterii
935 4627 1290 4693 utilitatibus,
1322 4644 1387 4683 ac
1416 4626 1649 4684 fratrum
1679 4646 1871 4687 neces-

280 4717 550 4774 sitatibus.
575 4717 809 4774 Decimae
836 4728 1019 4775 autem
1043 4719 1287 4789 ejusdem
1318 4721 1636 4777 monasterii
1667 4722 1723 4777 in
1748 4739 1872 4779 sus-

281 4810 525 4881 ceptione
569 4810 849 4882 hospitum
879 4820 933 4868 et
971 4811 1381 4882 peregrinorum
1428 4813 1496 4867 ad
1546 4822 1758 4884 portam
1795 4814 1875 4888 ip—

281 4902 399 4958 sius
425 4905 751 4960 monasterii
792 4905 1166 4961 conferantur.
1220 4903 1514 4961 Servitium
1552 4922 1773 4980 quoque
1818 4896 1875 4964 et

280 4990 428 5066 quod
481 4997 779 5070 vulgariter
819 4999 1011 5055 dicunt
1046 4995 1331 5064 Foderum,
1374 5012 1477 5053 nec
1529 5001 1866 5072 imperatori,

283 5104 384 5145 nec
408 5091 540 5161 regi,
567 5105 672 5146 nec
692 5091 1015 5157 marchioni,
1046 5106 1145 5145 nec
1173 5090 1337 5149 alicui
1390 5090 1684 5152 hominum
1712 5098 1870 5154 liccat

283 5197 349 5237 ex
371 5185 555 5241 eodem
580 5186 934 5253 monasterio,
957 5191 1053 5239 aut
1077 5199 1141 5240 ex
1167 5183 1496 5257 pertinentia
1522 5186 1644 5258 ejus
1678 5192 1862 5264 requi-

282 5290 404 5330 rere
429 5279 534 5334 nisi
560 5275 666 5333 soli
683 5279 992 5358 apostolicae
1017 5276 1127 5332 sedi
1153 5288 1375 5336 nostrae.
1410 5274 1645 5351 Insuper
1689 5285 1853 5342 etibi-

1956 1778 2159 1839 .aptum
2203 1774 2507 1844 disciplinae
2547 1778 2887 1845 monasticze,
2942 1779 3222 1834 communi
3253 1774 3563 1843 consensu,

1971 1867 2323 1937 congregatio
2348 1875 2463 1923 tota
2498 1869 2833 1939 poposcerit,
2862 1870 2908 1926 si
2954 1886 3020 1927 ex
3065 1887 3127 1927 se
3163 1870 3568 1938 habuerit;ch

1972 1955 2020 2011 si
2044 1956 2114 2011 ah
2129 1958 2234 2012 alia
2272 1962 2699 2033 congregatione
2735 1962 2843 2018 sibi
2871 1963 3117 2035 elegerit,
3142 1964 3353 2035 absque
3373 1963 3563 2033 aliqua

1970 2050 2287 2118 venalitate,
2316 2069 2347 2107 a
2379 2052 2629 2110 Romano
2650 2055 2906 2125 pontiﬁce
2938 2056 3393 2133 conservandum.

2042 2141 2396 2202 Decernimus
2437 2146 2601 2201 etiam
2650 2156 2710 2202 ut
2753 2163 2945 2203 omnes
3002 2148 3179 2203 eidem
3229 2146 3568 2203 monasterio

1971 2234 2178 2291 charta:
2204 2234 2497 2295 contrariae
2539 2247 2595 2295 et
2618 2240 2848 2307 nociva,
2894 2239 3121 2296 omnino
3148 2254 3338 2295 vacua:
3370 2247 3425 2294 et
3441 2239 3565 2293 ina—

1972 2342 2071 2384 nes
2096 2329 2353 2386 existant.
2378 2330 2649 2389 Praeterea
2673 2334 2973 2404 apostolica
3002 2340 3193 2389 nostra
3236 2330 3569 2389 auctoritate

1956 2422 2360 2480 constituimus
2398 2425 2961 2482 etconﬁrmamus'ut
2990 2426 3175 2481 nullus
3230 2426 3567 2495 imperator,

1971 2528 2101 2581 rex,
2131 2516 2441 2588 episcopus,
2470 2518 2601 2587 dux,
2656 2519 2924 2585 marchio,
2976 2533 3184 2585 comes,
3224 2516 3566 2583 vicecomes,

1972 2606 2258 2675 castaldio,
2289 2617 2385 2665 aut
2419 2610 2603 2682 aliqua
2636 2612 2892 2682 quaelibet
2916 2626 3113 2683 magna
3145 2602 3422 2681 parvaque
3442 2624 3569 2680 per-

1973 2713 2132 2761 sona.
2165 2701 2487 2771 praedictum
2509 2704 2760 2760 abbatem
2814 2720 3057 2776 suosque
3092 2710 3443 2764 suecessores
3472 2712 3568 2763 ca-

1972 2793 2171 2849 nonice
2190 2794 2461 2851 intrantes
2490 2797 2558 2852 de
2579 2797 2693 2868 jam
2711 2798 2857 2854 dicto
2875 2799 3234 2867 monasterio,
3257 2800 3341 2855 vel
3361 2800 3430 2855 de
3445 2815 3568 2856 om-

1973 2883 2137 2943 nibus
2163 2887 2281 2943 suis
2303 2888 2468 2945 rebus
2495 2897 2550 2945 et
2582 2891 3026 2961 proprietatibus,
3052 2892 3349 2950 mobilibus
3381 2902 3437 2949 et
3458 2886 3566 2951 ini-

1974 2988 2271 3044 mobilihus
2300 3005 2365 3046 ac
2395 3005 2517 3046 sese
2557 2991 2905 3048 moventibus
2944 2976 3262 3061 molestare,
3322 2991 3567 3049 devesti-

1973 3095 2033 3134 re
2083 3089 2178 3135 aut
2198 3082 2505 3153 inquietare
2528 3085 2744 3139 audeat.
2785 3082 2843 3139 Si
2870 3085 2995 3155 quis
3020 3099 3154 3157 ergo
3175 3093 3366 3141 contra
3403 3086 3573 3157 hujus

1969 3174 2148 3228 nostri
2174 3175 2461 3245 apostolici
2512 3176 2780 3247 privilegii
2823 3173 3166 3232 'decrctalem
3202 3180 3457 3249 paginam
3484 3186 3568 3234 te-

1969 3282 2118 3322 mere
2145 3254 2305 3339 agere
2329 3270 2622 3324 tentaverit
2649 3269 2735 3325 vel
2765 3270 3198 3341 praesumpserit,
3241 3271 3571 3328 anetoritate

1968 3367 2249 3416 sanctteet
2289 3361 2582 3417 individua:
2632 3361 2942 3428 Trinitatis,
3004 3368 3060 3417 et
3095 3361 3382 3418 beatorum
3435 3379 3570 3434 apo-

1962 3452 2238 3508 stolorum
2267 3453 2418 3510 Petri
2436 3462 2491 3510 et
2516 3454 2694 3518 Pauli,
2718 3462 2772 3509 et
2807 3462 3018 3522 nostra,
3072 3465 3353 3526 perpetuae
3392 3456 3566 3513 male-

1952 3545 2228 3603 tdictionis
2261 3547 2594 3604 anathemati
2617 3564 2674 3604 se
2702 3548 2988 3618 su‘hjaccre
3019 3548 3252 3614 noverit,
3277 3548 3452 3603 donec
3486 3564 3572 3605 re-

1958 3639 2239 3710 sipiscens
2267 3640 2623 3709 satisfecerit;
2662 3641 2889 3712 insuper
2924 3642 3335 3712 compositurus
3369 3641 3570 3697 cxistat

1958 3733 2259 3790 duodecim
2286 3734 2456 3792 libras
2478 3735 2597 3791 auri
2621 3753 2636 3803 ;
2662 3736 3008 3792 medietatem
3059 3741 3250 3790 nostro
3284 3750 3442 3791 sacro
3470 3737 3571 3813 pa-

1960 3827 2124 3896 ‘latio,
2152 3828 2499 3885 medietatem
2525 3828 2630 3901 ipsi
2660 3828 3017 3885 monasterio.
3052 3825 3158 3895 Qui
3180 3843 3311 3883 vero
3336 3829 3425 3899 pio
3451 3832 3571 3915 stti-

1970 3921 2063 3977 dio
2086 3923 2230 3979 hanc
2259 3923 2550 3979 observare
2602 3923 2853 3987 voluerit,
2886 3931 2940 3977 et
2965 3920 3250 3992 praefatum
3285 3918 3568 3978 monaste-

1956 4016 2119 4072 .rium
2144 4017 2200 4072 in
2228 4015 2378 4072 nulla
2407 4032 2508 4072 sua
2532 4016 2768 4087 justitia,
2797 4016 2884 4071 vel
2914 4016 3081 4071 rebus
3111 4016 3229 4071 suis
3273 4008 3565 4073 fraudave-

1962 4110 2063 4176 rit,
2098 4110 2213 4166 sive
2237 4109 2333 4180 qui
2362 4109 2413 4163 ei
2436 4109 2796 4165 reverentiam
2819 4108 3050 4175 habens,
3077 4123 3179 4178 pro
3201 4107 3331 4173 Deo,
3352 4108 3420 4163 de
3447 4109 3579 4166 suis.

1966 4204 2176 4274 aliquid
2202 4203 2516 4269 contulerit,
2540 4202 2941 4258 benedictionis
2988 4202 3222 4273 gratiam
3263 4217 3294 4256 a
3331 4200 3577 4256 Domino

1972 4296 2084 4353 Deo
2107 4304 2498 4367 consequatur,
2527 4304 2582 4351 et
2610 4311 2706 4366 per
2740 4294 3075 4366 clavigerum
3100 4291 3398 4365 principem
3414 4295 3573 4363 cmli,

1963 4390 2165 4461 januas
2185 4390 2345 4462 regni
2371 4390 2610 4447 caelestis
2645 4388 2917 4444 introduci
2959 4396 3255 4443 mereatur.
3530 4398 3535 4405 ·

2047 4482 2322 4554 Scriptum
2350 4498 2450 4553 per
2473 4498 2700 4537 manum
2721 4479 3044 4539 Guinizonis
3077 4480 3280 4536 notarii
3311 4481 3454 4535 sacri
3476 4496 3574 4551 pa-

1973 4575 2120 4644 latii,
2153 4583 2465 4646 sanctasque
2499 4573 2763 4631 Romanae
2795 4572 3153 4642 Ecclesiae,in
3184 4588 3373 4629 mense
3402 4573 3569 4644 Apri-

1976 4672 2065 4738 lis,
2092 4678 2149 4726 et
2175 4669 2476 4726 indictione
2495 4671 2682 4726 tertia.

2050 4766 2247 4821 Datum
2291 4761 2549 4818 Laterani
2570 4766 2652 4818 ‘xv
2702 4761 2823 4819 Kal.
2872 4758 3023 4828 Maii,
3058 4775 3156 4832 per
3197 4773 3396 4814 manus
3422 4756 3579 4812 Petri

1974 4867 2190 4923 sancta!
2220 4855 2491 4912 Romana:
2542 4854 2804 4914 Ecclesia:
2844 4848 3283 4915 bibliOthecarii,
3327 4862 3477 4903 anno
3525 4856 3581 4937 iv

1980 4953 2179 5023 damni
2206 4946 2496 5006 Alexandri
2536 4952 2695 5025 papa:
2715 4948 2781 5005 II.

2682 5081 2901 5143 XXVII.

2008 5186 2293 5268 Alexandri
2335 5196 2487 5258 papa:
2525 5182 2596 5239 II
3016 5194 3116 5246 pro
3157 5168 3597 5241 abbatia‘Saucti

2812 5341 2945 5358 .nn”
2989 5339 3003 5358 \
