4050 5358
496 303 634 360 1507

1766 314 2166 372 ALEXAND!“
2200 316 2247 372 ιι
2281 315 2487 375 rapa»:
2546 306 2551 313 ’

3620 306 3759 375 ίὸῧε

493 428 550 479 et
582 417 662 476 eis
690 422 947 481 omnibus
966 424 1061 496 qui
1088 432 1218 483 tunc
1249 432 1379 484 sunt
1394 434 1450 483 et
1475 429 1692 491 venturi
1720 439 1849 486 sunt
1870 429 2076 489 futuris
2103 435 2150 491 Α
2175 432 2559 501 [indictorum
2592 431 2831 500 decreta,
2862 438 2992 488 sunt
3011 430 3313 498 constituti,
3342 431 3547 503 aliquid
3577 431 3632 486 in
3655 432 3758 503 piis

495 514 856 585 temporibus.

564 605 839 673 Quoniam
885 610 1053 680 justis
1081 612 1435 681 petitionibus
1469 630 1757 671 assensum
1800 631 1903 672 nos
1937 630 2076 685 prae-

495 699 646 766 bere,
670 708 724 757 et
748 700 1004 758 Ecclesiae
1033 714 1234 761 sanctae
1260 707 1545 777 vigilanter
1561 709 1887 766 utilitatibus
1906 725 2071 780 opor-

492 800 573 846 tet
590 793 878 862 inservire,
903 794 1013 852 Deo
1038 808 1230 854 nostro
1270 800 1389 855 sine
1418 784 1584 856 dubio
1612 817 1710 871 per
1748 802 1855 860 hoc
1892 818 2076 872 spera-

496 900 621 942 mus
634 901 736 943 nos
751 887 985 956 placere,
1013 890 1060 947 si
1075 907 1161 947 res
1175 899 1229 946 et
1241 893 1639 950 ecclesiasticas
1652 895 2072 950 constitutiones

492 994 521 1031 a
556 979 761 1035 sanctis
805 979 1059 1038 Patribus
1106 984 1183 1041 ita
1212 993 1273 1039 ut
1319 987 1629 1043 constitutae
1655 995 1783 1043 sunt
1808 1003 2071 1059 cogamus

490 1086 839 1142 permanere,
870 1083 925 1130 et
968 1091 1037 1131 ne
1064 1076 1320 1149 deinceps
1350 1079 1420 1134 ab
1448 1079 1651 1149 iniquis
1695 1080 1918 1151 impune
1942 1096 2068 1136 cor-

454 1224 459 1231 ,
491 1173 839 1236 rumpantur,
886 1177 1077 1226 nostra
1109 1172 1454 1228 'auctoritate
1496 1173 1875 1229 corroborare.
1920 1172 2069 1241 Qua-

488 1266 714 1327 propter
738 1269 929 1316 notum
953 1259 1186 1318 facimus
1210 1265 1570 1334 praesentibus
1594 1274 1649 1321 et
1669 1265 1867 1322 futuris
1892 1267 2072 1321 omni—

488 1347 643 1425 bus,
674 1351 923 1410 videlicet
978 1355 1199 1426 regibus
1243 1364 1299 1413 et
1350 1357 1617 1427 ducibus,
1654 1358 1991 1430 principibus
2019 1369 2073 1415 et

486 1441 944 1512 dominatoribus,
957 1463 1053 1503 seu
1073 1450 1285 1506 cunctis
1304 1451 1615 1522 apostolicae
1634 1449 1780 1507 sedis
1798 1451 2067 1518 ﬁdelibus,

488 1536 636 1604 quod
688 1540 1016 1596 venerabilis
1088 1541 1258 1598 abbas
1316 1542 1640 1611 Rainerius,
1696 1553 1753 1599 et
1815 1546 2071 1601 monachi

456 1688 457 1693 η
488 1633 814 1689 monasterii
833 1633 978 1691 beati
1002 1632 1247 1707 Dionysii
1273 1638 1551 1709 martyris,
1582 1636 1676 1695 ubi
1704 1638 1824 1707 ipse
1847 1646 2071 1694 sanctus

488 1719 547 1775 in
588 1738 819 1795 corpore
840 1726 1092 1797 quiescit,
1122 1736 1369 1785 nostram
1402 1731 1750 1801 praesentiam
1782 1730 2066 1796 adierunt,

2176 525 2473 597 privilegiis
2520 542 2553 581 a
2580 527 2740 583 nobis
2784 526 3199 583 corroboratum
3237 525 3433 581 audeat
3478 534 3758 585 utcunque

2173 625 2436 686 repetere.
2470 615 2823 688 Praecipimus
2842 632 3061 688 quoque
3084 631 3152 671 ne
3172 616 3297 687 quis
3324 631 3514 670 eorum
3543 620 3759 686 episco-

2174 726 2371 780 porum
2402 727 2433 767 a
2462 711 2664 782 quibus
2693 711 2799 766 ista
2823 710 3102 781 postulare
3126 708 3416 774 voluerint,
3443 707 3525 761 eis
3549 707 3755 773 oleum,

2172 803 2441 869 chrisma,
2494 803 2731 868 tabulas,
2789 800 3225 866 benedictiones,
3268 797 3755 862 consecrationes,

2173 895 2417 961 ordines,
2448 895 2565 951 suis
2592 894 2933 965 temporibus
2987 893 3184 964 (prout
3204 893 3320 962 ipse
3345 888 3515 945 abbas
3549 890 3637 943 vel
3662 903 3758 958 pa-

2170 998 2283 1045 tres
2314 991 2399 1044 vcl
2443 1004 2636 1045 eorum
2695 1003 3044 1044 successores
3084 983 3429 1056 expetierint)
3458 990 3761 1054 prtesumat

2170 1080 2463 1150 denegare.
2498 1088 2552 1135 et
2580 1094 2648 1134 ne
2676 1080 2800 1150 quis
2821 1079 3109 1149 episcopus
3135 1076 3429 1130 Parisiacai
3456 1073 3604 1129 sedis
3640 1073 3759 1126 hinc

2170 1170 2252 1226 eis
2287 1171 2537 1243 deneget,
2575 1173 2661 1226 vel
2709 1171 2876 1226 alium
2908 1171 3004 1240 qui
3045 1170 3128 1224 eis
3179 1166 3477 1224 contulerit
3524 1181 3628 1236 pro
3655 1166 3762 1219 hoc

2171 1267 2515 1337 interpellare
2527 1276 2717 1334 tentet,
2730 1267 2956 1323 omnino
2975 1266 3358 1321 interdicentes
3378 1279 3443 1334 pr
3481 1263 3760 1317 bibemus.

2169 1356 2286 1414 Hoc
2333 1360 2557 1430 insuper
2592 1360 2757 1415 etiam
2799 1359 3076 1429 jubemus,
3117 1366 3197 1423 ut,
3234 1372 3333 1427 pro
3366 1356 3553 1411 causis
3595 1363 3653 1408 et
3679 1369 3766 1409 re-

2173 1451 2397 1521 sponsis
2451 1451 2696 1506 ecclesize
2742 1465 2890 1517 suae,
2934 1457 3178 1505 nostram
3233 1456 3395 1518 atque
3440 1453 3763 1502 nostrorum

2172 1558 2557 1598 successorum
2583 1542 2918 1598 audientiam
2953 1542 3181 1597 licenter
3212 1540 3450 1594 habeant
3485 1537 3766 1608 appellare

2170 1644 2227 1690 et
2277 1636 2456 1703 adire,
2500 1637 2793 1706 uultusque
2835 1651 2932 1691 eos
2972 1635 3190 1706 interim
3237 1640 3631 1696 condemnare,
3678 1633 3767 1685 vel

2175 1743 2267 1783 res
2297 1745 2487 1783 eorum
2515 1729 2769 1783 invadere
2803 1738 3049 1784 conetur.
3078 1725 3236 1792 Quod
3271 1740 3303 1780 a
3332 1725 3538 1781 nostris
3571 1724 3767 1794 utique

440 1864 445 1867 ι
487 1816 808 1886 suppliciter
837 1820 1174 1889 postulantes
1196 1831 1469 1893 quatenus
1514 1823 1791 1894 privilegia
1814 1863 1832 1889 ,
1885 1823 2062 1878 eidem
2097 1813 2140 1868 Β
2164 1821 2657 1890 praedecessoribus
2685 1821 2763 1876 eis
2790 1828 2914 1875 ante
2936 1820 3292 1875 constitutum
3320 1825 3423 1873 est.

488 1912 825 1968 monasterio
876 1930 909 1968 a
938 1914 1141 1970 domno
1168 1914 1493 1987 Dagoberto,
1536 1915 1875 1973 Francorum
1923 1933 2067 1989 rege,

490 2000 669 2071 ipsius
701 2005 807 2062 loci
847 2004 1132 2064 fundatore
1159 2023 1443 2076 concessa,
1464 2010 1559 2065 sed
1584 2018 1641 2065 et
1670 2010 1948 2077 Clodovei,
1974 2011 2070 2066 ﬁlii

489 2095 665 2166 ipsuis
714 2098 1036 2172 Dagoberti,
1068 2118 1369 2174 regumque
1394 2104 1561 2161 simul
1593 2120 1793 2161 eorum
1824 2106 2069 2162 onmium

416 2194 425 2207 '
493 2187 904 2248 immunitatum
949 2195 1420 2264 conﬁrmationes,
1457 2198 1774 2268 quicunque
1813 2214 1969 2255 suam
1995 2201 2071 2255 illi

456 2283 825 2341 ,monasterio
880 2284 1024 2341 beati
1070 2284 1317 2358 Dionysii
1381 2286 1639 2361 martyris
1692 2291 2071 2346 auctoritatem

486 2375 904 2447 promulgantes
926 2379 1321 2447 pratstiterunt,
1345 2381 1443 2436 sed
1470 2390 1524 2436 et
1550 2381 1893 2453 privilegium
1925 2385 2072 2453 quod

456 2464 616 2522 .fecit
657 2469 913 2526 dominus
954 2478 1010 2527 et
1047 2473 1375 2529 venerabilis
1409 2472 1747 2531 Landericus
1784 2474 2074 2532 Parisiacae

487 2559 642 2616 urbis
689 2561 999 2635 episcopus,
1039 2581 1315 2625 una~cum
1343 2582 1619 2623 consensu
1644 2583 2071 2625 suorumlcano-

486 2650 739 2709 nieorum
763 2657 1076 2727 pariterque
1105 2658 1346 2730 regionis
1394 2658 1543 2715 illius
1569 2660 1975 2731 episcoporum,
2005 2662 2073 2718 de

448 2810 451 2815 ἱ
486 2742 736 2801 libertate
764 2755 820 2803 et
864 2748 1160 2806 emissione
1185 2751 1512 2807 clericorum
1539 2752 1595 2807 in
1645 2754 1765 2809 suis
1784 2753 2071 2809 ordinibus

462 2838 765 2907 _omnibus,
815 2842 963 2911 quod
992 2842 1242 2899 videlicet
1267 2860 1459 2900 omnes
1506 2845 1807 2901 secundum
1833 2854 2007 2901 metas
2039 2862 2071 2901 a

487 2943 547 2984 se
568 2930 841 2989 discretas
869 2933 927 2987 in
960 2934 1375 3006 circumscripto
1398 2937 1647 2993 ecclesiis
1682 2936 2068 3003 deservientes,

487 3038 517 3077 a
547 3037 646 3077 sua
668 3032 721 3078 et
746 3026 992 3081 omnium
1021 3043 1246 3083 suorum
1273 3044 1653 3085 successorum
1683 3038 1948 3099 potestate
1974 3032 2072 3085 ab—

487 3114 671 3181 solvit,
722 3125 775 3171 et
822 3118 1004 3173 abbati
1038 3127 1094 3175 et
1137 3119 1399 3177 fratribus
1440 3121 1728 3179 monachis
1770 3122 2069 3193 supradicti

490 3208 810 3265 monasterii
836 3211 1131 3280 regendum
1176 3221 1232 3269 et
1274 3213 1676 3284 disponendum
1703 3216 2065 3285 contradidit,

488 3313 917 3373 sanctorumque
979 3306 1445 3376 praedecessorum
1502 3318 1822 3367 nostrorum
1868 3309 2071 3367 Roma-

490 3407 691 3448 norum
763 3396 1106 3467 pontiﬁcum,
1145 3397 1458 3468 Zachariae,
1506 3400 1798 3473 Stephani,
1847 3402 2069 3473 Leonis,

488 3482 753 3555 Adriani,
809 3487 1019 3545 Nicolai
1090 3500 1255 3563 atque
1302 3493 1477 3549 beatae
1542 3495 1823 3551 memoria:
1860 3495 2071 3551 domini

468 3575 691 3653 Leonis
715 3581 1125 3654 privilegiorum
1169 3585 1385 3641 decreta
1403 3627 1419 3653 ,
1472 3594 1660 3642 sancta
1687 3594 1743 3642 et
1770 3588 2073 3657 apostolica

491 3673 816 3730 auctoritate
841 3676 1184 3745 conﬁrmata,
1216 3694 1316 3733 nec
1345 3694 1455 3734 non
1484 3680 1829 3753 privilegium
1859 3680 2073 3749 episco-

492 3780 688 3837 porum
719 3767 865 3824 illius
895 3770 1084 3839 patria:
1110 3770 1179 3826 de
1221 3770 1465 3840 praedicti
1491 3771 1595 3828 loci
1625 3772 2075 3828 corroboratione

493 3860 830 3928 temporibus
861 3860 1045 3916 Caroli
1085 3863 1230 3933 regis
1268 3862 1503 3930 factum,
1559 3880 1661 3920 nos
1702 3864 1922 3920 demum
1957 3881 2075 3920 ma-

495 3965 628 4004 num
668 3963 1029 4022 imponentes,
1056 3963 1240 4010 nostra
1272 3956 1435 4010 etiam
1464 3957 1787 4011 auctoritate
1815 3958 2072 4029 dignare-

492 4058 619 4098 mns
657 4044 935 4100 roborare.

561 4163 915 4222 Providentes
940 4182 1070 4241 ergo
1098 4168 1275 4225 ciuem
1302 4168 1578 4238 Ecclesiae,
1606 4181 1661 4227 et
1684 4172 1750 4227 ad
1774 4173 2078 4228 munimen—

493 4267 610 4314 tum
640 4260 850 4329 prtelati
878 4260 951 4316 ibi
992 4262 1226 4329 abbatis,
1263 4272 1427 4334 atque
1463 4263 1695 4321 fratrum
1724 4265 2074 4335 pnescntium

492 4358 548 4405 ct
574 4350 905 4422 futurorum,
928 4355 1025 4425 qui
1056 4355 1110 4410 in
1138 4354 1258 4426 ipso
1284 4357 1575 4412 venerabili
1602 4357 1937 4414 monasterio
1965 4357 2075 4414 Deo

493 4444 727 4499 militare
774 4446 959 4502 vident
1001 4465 1026 4502 r
1061 4448 1191 4503 utile
1234 4447 1351 4504 fore
1385 4450 1710 4506 auctoritate
1758 4450 1902 4506 beati
1930 4450 2074 4506 Petri

2248 1941 2404 2008 Quod
2435 1943 2481 1997 si
2513 1942 2804 2013 quisquam
2829 1941 3207 2011 cujuscunque
3236 1937 3511 2008 potentiae,
3538 1938 3625 1991 vel
3647 1953 3766 2007 pcr—

2175 2049 2311 2089 sona
2354 2035 2732 2105 cujuscunque
2776 2034 2985 2091 ordinis
3029 2033 3113 2086 vel
3160 2030 3365 2097 aetatis,
3404 2030 3505 2085 hoc
3556 2039 3766 2085 nostr-.2

2178 2133 2600 2196 nostrorumque
2674 2126 3135 2197 praedecessorum
3216 2122 3553 2178 auctoritatis
3641 2122 3762 2192 pri-

2175 2218 2431 2290 vilegium
2473 2218 2861 2290 quoqnomodo
2891 2233 3059 2273 ausus
3091 2215 3253 2270 fuerit
3295 2214 3519 2281 violare,
3558 2214 3763 2283 sempi-

2177 2320 2333 2366 terno
2384 2311 2671 2366 damnetur
2722 2311 3100 2373 anathemate,
3156 2308 3353 2377 ligatus
3387 2305 3549 2361 beato
3597 2304 3764 2360 Petro

2176 2402 2445 2473 nobisque
2492 2417 2523 2457 a
2551 2400 2663 2459 Deo
2710 2417 2971 2457 concessa
3008 2410 3304 2470 potestate;
3345 2380 3762 2453 conservatores

2176 2504 2357 2551 autem
2392 2502 2651 2565 perpetua
2684 2492 2938 2547 fruantur
2962 2491 3355 2547 benedictione.
3746 2480 3751 2484 ’

2247 2607 2447 2664 Datum
2496 2605 2752 2663 Laterani
2795 2606 3038 2664 secundo
3090 2603 3273 2661 Nonas
3322 2604 3467 2673 Maii,
3493 2620 3592 2675 per
3642 2620 3763 2659 ma-

2174 2718 2307 2758 num
2367 2702 2515 2758 Petri
2572 2710 2775 2757 sancta:
2822 2699 3082 2756 Romanae
3131 2698 3389 2755 Ecclesia:
3436 2697 3759 2754 subdiaconi

2175 2804 2340 2867 atque
2373 2792 2793 2861 bibliothecarii,
2811 2810 2955 2849 anno
2976 2802 3173 2864 quarto
3200 2791 3549 2863 pontilicatus
3569 2790 3759 2845 domui

2174 2888 2466 2944 Alexandri
2501 2887 2723 2943 secundi
2763 2902 2935 2957 papae,
2978 2884 3271 2941 indictione
3317 2891 3530 2955 quarta.
3571 2881 3761 2951 Hildc7

2173 2980 2439 3048 brandus,
2490 2988 2692 3035 sancta:
2743 2977 3005 3033 Romana:
3025 2975 3282 3032 Ecclesia}
3316 2975 3758 3045 archidiaconus,

2174 3056 2471 3128 consensit.
2489 3070 2823 3137 Dcsiderius,
2836 3069 3131 3125 cardinalis
3154 3067 3340 3124 Sancti
3354 3067 3569 3123 Petriet
3587 3068 3762 3123 abbas

2097 3173 2139 3230 ε
2175 3162 2358 3220 Sancti
2389 3162 2686 3229 Benedicti,
2712 3178 2865 3219 cons.
2894 3161 3206 3218 Bonifacius
3230 3159 3558 3215 Albanensis
3580 3160 3757 3230 episc.

2174 3272 2328 3312 cons.
2377 3255 2615 3312 Joannes
2663 3254 2982 3311 Portuensis
3021 3254 3192 3325 episc.
3232 3268 3384 3308 cons.
3415 3249 3610 3308 Petrus
3656 3251 3764 3306 Da-

2174 3348 2392 3403 mianus
2430 3346 2705 3405 Hostiens.
2739 3348 2909 3419 episc.
2935 3363 3089 3404 cons.
3123 3344 3435 3401 Mainardus
3466 3345 3531 3399 de
3558 3343 3765 3400 Sancta

2176 3438 2370 3495 Ruﬁna
2418 3441 2587 3511 episc.
2621 3455 2777 3498 cons.
2816 3439 3099 3495 Hubaldus
3146 3438 3331 3494 Sabiu.
3392 3438 3563 3509 episc.
3598 3453 3761 3493 cons.

2174 3529 2410 3587 Joannes
2428 3531 2822 3588 Tusculanens.
2852 3532 3023 3603 episc.
3047 3546 3203 3587 cons.
3235 3528 3473 3585 Joannes
3520 3527 3767 3583 Thibur-

2174 3622 2303 3678 time
2368 3624 2538 3695 episc.
2603 3640 2757 3687 cons.
2820 3622 3099 3679 llubcrtus
3159 3621 3523 3677 Ariminensis
3585 3622 3762 3691 episc.

2174 3731 2329 3771 cons.
2360 3715 2630 3772 Andull‘us
2683 3716 3157 3772 Feretraneusium
3193 3715 3359 3784 episc.
3393 3730 3545 3769 cons.
3589 3711 3764 3769 Guvi—

2175 3809 2388 3866 nieldus
2418 3809 2775 3881 Sinogalieus.
2806 3808 2972 3878 episc.
2996 3823 3147 3863 cons.
3187 3805 3498 3862 Clotharius
3520 3804 3768 3861 Acsima-

2176 3902 2426 3957 nensium
2438 3901 2603 3972 episc.
2620 3917 2770 3957 cons.
2786 3898 3106 3956 Benedictus
3118 3896 3581 3954 Fossabruncnsis
3591 3897 3763 3966 episc.

2176 4010 2330 4050 cons.
2352 3994 2561 4063 Aginus
2582 3992 3038 4049 Asisinatensium
3061 3992 3229 4062 cpisc.
3256 4006 3408 4046 cons.
3441 3989 3765 4059 Dominicus

2177 4086 2619 4142 Balbinoliscium
2682 4085 2851 4157 episc.
2906 4099 3059 4139 cons.
3120 4081 3358 4137 Joannes
3417 4080 3764 4136 Piscencium

2176 4179 2343 4248 cpisc.
2376 4194 2530 4233 cons.
2562 4177 2854 4234 liainerius
2900 4174 3381 4232 Foriancnsecium
3421 4173 3569 4244 cpisc
3604 4189 3762 4254 cons.

2176 4269 2495 4325 Dominicus
2508 4268 3053 4325 Pensauriensecium
3068 4267 3235 4337 episc.
3255 4282 3407 4322 cons.
3435 4265 3765 4322 Gisilbertus

2179 4363 2574 4419 Tuscanccium
2626 4362 2795 4433 cpisc.
2848 4375 3000 4416 cons.
3043 4358 3280 4415 Joannes
3331 4358 3765 4429 Balneoregcnse

2179 4456 2415 4512 civitatis
2472 4456 2640 4527 episc.
2694 4469 2849 4509 cons.
2909 4450 3235 4523 Jeronymus
3285 4450 3764 4522 Frequatinecium

494 4538 723 4605 apostoli
785 4540 978 4610 (cujus
1021 4556 1124 4596 nos
1152 4541 1409 4596 immeriti
1449 4542 1640 4598 vicarii
1671 4543 1993 4614 existimas)
2022 4552 2077 4598 ct
2108 4531 2152 4585 ι)
2178 4550 2345 4620 cpisc.
2379 4564 2533 4604 cons.
2561 4547 2754 4603 Petrus
2776 4544 3230 4601 Castellanecium
3254 4543 3422 4615 episc.
3454 4559 3610 4621 cons.
3649 4544 3764 4599 Ati-

494 4638 699 4685 nostrze
746 4631 1260 4705 privilegio'paginte
1294 4634 1676 4703 praedictorum
1725 4651 1939 4707 regum,
1975 4650 2074 4690 seu

491 4721 955 4793 prtedccessorum
985 4735 1299 4780 nostrorum
1337 4735 1392 4781 et
1418 4727 1660 4797 ejusdem
1684 4728 1874 4798 patria:
1906 4743 2073 4782 vene-

490 4814 748 4870 rabilium
793 4817 1174 4887 episcoporum
1222 4819 1438 4875 decreta
1489 4821 1848 4888 roboramus,
1881 4837 2071 4892 regum

491 4906 742 4961 onmium
781 4908 1100 4977 potentiam,
1127 4908 1244 4966 sive
1277 4925 1658 4967 successorum
1699 4921 2013 4968 nostrorum
2041 4927 2072 4967 a

495 4997 717 5056 Christo
794 5001 1054 5057 creditam
1122 5003 1507 5061 auctoritatem
1556 5006 1924 5069 obtestantes,
2006 5023 2074 5063 ne

493 5092 676 5147 locum
714 5095 888 5149 sancti
916 5094 1158 5169 Dionysii
1189 5096 1397 5154 Christi
1427 5100 1704 5171 martyris,
1741 5100 1857 5156 suis
1887 5107 2076 5156 aucto-

494 5183 751 5240 ritatibus
793 5194 848 5241 et
895 5187 1189 5244 arivilcuiis
1215 5189 1534 5244 roboratum
1559 5233 1574 5244 .
1627 5192 1710 5244 vel
1743 5207 1839 5244 ner
1868 5207 1948 5244 se.
1990 5193 2074 5244 vel

2182 4641 2365 4698 nolfus
2408 4639 2858 4711 Gatensisuepisc.
2887 4654 3040 4693 cons.
3086 4636 3759 4694 AdelbertusMarimcns.

2179 4734 2346 4805 episc.
2378 4749 2531 4788 cons.
2551 4731 2788 4788 Joannes
2809 4730 3127 4786 Subtrensis
3151 4729 3319 4801 cpisc.
3350 4746 3504 4785 cons.
3536 4729 3765 4785 Mainar—
3844 4796 3853 4805 ο

2179 4827 2283 4882 dus
2309 4823 2600 4880 Urbinens.
2631 4823 2798 4895 episc.
2832 4839 2987 4878 cons.
3020 4820 3327 4876 Bernardus
3363 4819 3764 4891 Populonensis

2179 4917 2347 4988 episc.
2384 4933 2535 4972 cons.
2571 4914 2682 4971 Leo
2702 4914 3053 4970 Pistoriensis
3086 4913 3253 4985 episc.
3285 4929 3442 4968 cons.
3491 4912 3765 4969 Lanfran—

2180 5024 2280 5063 cus
2307 5007 2546 5063 Elusina:
2568 5004 2807 5063 civitatis
2828 5006 2997 5077 cpisc.
3023 5021 3176 5061 cons.
3207 5003 3383 5059 Vuido
3418 5004 3761 5061 Pisanecium

2181 5100 2349 5171 cpisc.
2382 5116 2533 5155 cons.
2562 5097 2804 5154 Joannes
2832 5098 3192 5153 Biternccium
3241 5096 3411 5167 episc.
3433 5112 3587 5152 cons.
3619 5096 3760 5152 Cor.-

2182 5192 2726 5242 stantinnsAi-ctinns
2756 5193 2924 5242 cpisc.
2957 5207 3108 5242 cons.
3141 5188 3457 5242 Dominicus
3483 5187 3735 5240 Grande"
