4050 5358
397 281 540 337 1300

1542 278 1905 338 ΕΡ15’ῙΟῘ..Ε
1950 278 2033 333 ΕΤ
2070 275 2489 332 DIPLOBIATA.

3561 273 3701 334 I3”)

395 395 812 451 tissiodorensis
837 395 1004 462 episc.
1035 412 1189 451 cons.
1216 395 1544 452 Goscelinus
1573 396 1992 466 Burdegalensis
2023 397 2068 452 Λ
2095 404 2294 451 nostrae
2313 392 2570 448 Ecclesiae
2595 389 2954 445 militantibus
2980 388 3264 457 Iidcliaquc
3287 387 3504 442 servitia
3537 388 3694 440 exhi‘

394 490 562 560 i-pisc.
597 504 751 544 eous.
789 487 1097 543 “'illclmus
1122 488 1451 559 I-anolismze
1471 504 1638 559 episc.
1663 489 1953 545 consentit.

1075 579 1312 636 XXVIII.

386 678 427 729 Α
445 675 692 730 Ιρπηιιιιινί
731 672 794 727 II
815 674 1040 743 epistola
1089 674 1160 728 ad
1187 673 1496 729 Cercusium
1538 674 1839 729 Remenscm
1905 691 1994 728 ar-

467 746 876 813 chiepiscopum.
897 775 970 785 -—-
999 744 1288 815 Privilegia
1311 746 1832 801 monasterio'Sancti
1867 746 1995 800 Dio-

469 818 606 887 nysii
629 835 659 869 α
685 817 1158 886 praedecessorum:
1194 827 1378 872 contra
1407 817 1769 872 Parisiensem
1791 819 1991 887 episco-

467 905 592 956 pum
625 904 871 942 concessa
895 889 1195 957 couﬁrmat.

995 980 1176 1038 (Anno
1205 979 1386 1050 1065.)

792 1071 1006 1144 [Μλκςοῃ
1043 1073 1250 1130 Conril.
1281 1073 1396 1127 XIX
1419 1117 1430 1138 ,
1465 1073 1618 1147 957.]

473 1166 816 1231 Armaxnun,
845 1184 1036 1223 servus
1067 1185 1348 1223 servorum
1379 1167 1495 1234 Dei,
1526 1169 1851 1223 charissimo
1885 1167 1992 1223 fra-

400 1262 466 1316 tri
497 1259 766 1314 Genvasro
795 1258 1050 1316 Rcmensi
1071 1262 1501 1332 archiepiscopo,
1527 1263 1755 1317 salutem
1779 1274 1832 1316 et
1857 1278 1990 1332 apo-

399 1354 650 1410 stolicam
691 1353 1147 1408 benedictionem.

473 1447 758 1502 Devotioni
786 1455 893 1501 tua:
942 1457 1133 1501 notum
1187 1447 1300 1502 fieri
1340 1448 1594 1501 volumus
1630 1448 1775 1518 (piod
1823 1449 1993 1502 abbas

397 1541 715 1598 monasterii
759 1538 944 1595 Sancti
979 1540 1218 1612 Dionysii
1254 1542 1509 1612 martyris
1558 1542 1699 1612 apud
1744 1551 1991 1596 nostram

396 1635 730 1689 audientiam
778 1649 943 1704 super
987 1634 1245 1704 episcopo
1297 1632 1594 1690 Parisiensi
1644 1633 1811 1688 semel
1833 1645 1886 1689 et
1908 1653 1993 1691 se-

397 1727 579 1782 eundo
607 1725 780 1782 .fuerit
817 1735 1070 1796 questus,
1121 1727 1374 1782 videlicet
1416 1727 1568 1797 quod
1619 1728 1756 1797 ipse,
1801 1737 1991 1783 contra

393 1821 487 1891 jus
545 1820 954 1891 privilegiorum
985 1862 998 1885 ,
1047 1835 1079 1875 a
1156 1820 1360 1876 sanctis
1417 1829 1474 1874 et
1517 1821 1834 1890 apostolicis
1911 1824 1993 1876 vi-

398 1916 475 1970 ris
527 1914 820 1970 salubriter
891 1914 1066 1969 eidem
1128 1915 1464 1968 monasterio
1514 1914 1796 1969 multoties
1857 1931 1993 1971 con-

397 2024 638 2070 cessum,
691 2016 992 2077 contraque
1054 2006 1394 2063 Francorum
1443 2022 1631 2079 regum
1693 2017 1748 2062 et
1778 2009 1994 2078 cpisco-

397 2117 593 2170 porum
632 2100 806 2170 ipsius
853 2101 1044 2170 patria;
1088 2101 1529 2164 constitutiones,
1573 2100 1879 2172 subripere,
1921 2102 1996 2158 si-

398 2194 564 2266 bique
592 2194 869 2248 vindicare
893 2195 1006 2263 jam
1047 2195 1177 2249 dicti
1226 2196 1543 2250 monasterii
1572 2205 1894 2266 potestatem
1914 2206 1970 2250 at

399 2287 708 2342 teutaverit.
761 2286 842 2340 Ad
887 2303 1011 2357 quae
1046 2288 1306 2342 nimirum
1345 2277 1658 2344 'dirimenda
1696 2290 1763 2344 ad
1811 2291 1993 2344 sedem

399 2380 758 2450 apostolicam
817 2389 1096 2450 utcunque
1155 2382 1342 2436 venire
1391 2382 1763 2448 invitavimus,
1817 2392 1876 2438 ut
1921 2383 1992 2437 ibi

336 2512 344 2521 .
399 2475 745 2552 congregatis
770 2475 1127 2530 ecclesiarum
1161 2475 1437 2545 judicibus
1474 2476 1639 2545 hujus
1661 2494 1884 2532 causam
1933 2477 1997 2531 ti—

401 2562 524 2640 tigii
576 2567 838 2634 canonice
882 2568 1396 2624 dcterminaremus.
1449 2568 1546 2626 IIis
1576 2571 1740 2642 igitur
1771 2572 1823 2626 in
1870 2588 1998 2626 san-

400 2670 490 2718 cto
519 2661 752 2717 concilio
793 2662 1222 2732 reprtesentatis,
1267 2671 1391 2732 post
1430 2663 1648 2733 longam
1694 2665 1996 2720 discussio-

363 2817 366 2819 _
401 2771 554 2818 nem.
579 2763 702 2829 post
742 2754 924 2813 varias
956 2759 1240 2829 utriusque
1266 2755 1438 2828 partis
1463 2757 1855 2832 (ippositicaes,
1885 2760 1998 2816 cla:

365 2907 370 2910 _
403 2853 515 2906 ruit
532 2851 800 2920 justitiam
830 2851 1056 2922 praefato
1085 2853 1419 2908 monasterio
1445 2852 1646 2916 favere,
1681 2868 1779 2908 nec
1796 2863 1876 2908 tot
1900 2862 2000 2910 aut

403 2953 684 3001 tantorum
698 2947 1014 3016 pontificum
1031 2948 1296 3002 auetorita
1305 2956 1355 3002 te
1365 2948 1572 3016 absque
1585 2947 1860 3002 horrendo
1872 2965 1998 3002 ana-

403 3039 646 3095 themate
668 3040 902 3110 aliquem
930 3056 1090 3109 posse
1125 3041 1366 3096 obviare.
1394 3038 1550 3094 Unde
1580 3041 1810 3096 consilio
1832 3043 1998 3096 totius

406 3133 582 3188 sancti
629 3141 962 3198 conventus,
1005 3149 1130 3202 qua:
1179 3133 1436 3190 asanctis
1501 3133 1996 3203 prabdecessoribus
2024 3140 2065 3196 C

371 3277 376 3280 _
407 3227 614 3282 nostris
643 3238 833 3286 sancte
869 3240 1000 3286 sunt
1022 3230 1295 3293 instituta,
1325 3227 1666 3282 firmavimus
1692 3234 1854 3297 atque
1875 3243 1998 3282 cor-

407 3322 811 3379 roboravimus.
866 3325 1128 3396 Rogando
1176 3320 1799 3393 itaque_fraternitatem
1846 3331 1995 3377 tuam

409 3417 770 3474 admonemus
795 3428 1089 3490 quatenus,
1114 3419 1160 3474 si
1189 3418 1449 3472 invitatus
1489 3413 1659 3470 fueris
1697 3415 1768 3469 ab
1805 3415 1998 3470 abbate

407 3511 491 3568 vel
519 3511 785 3570 fratribus
808 3515 1054 3586 ejusdem
1083 3511 1427 3578 monasterii,
1460 3511 1700 3566 chrisma
1731 3520 1786 3564 et
1815 3511 1995 3564 oleum

408 3611 464 3660 et
496 3614 694 3663 czctcra
719 3623 843 3677 qum
877 3607 958 3662 eis
983 3623 1050 3661 ex
1086 3604 1381 3674 episcopali
1408 3602 1584 3658 ollicio
1622 3602 1878 3656 videnlur
1898 3619 1996 3658 ne-

409 3701 670 3767 cessaria,
693 3701 904 3756 tribuas
925 3717 989 3756 ac
1035 3707 1159 3754 tuos
1187 3697 1562 3770 suﬂragancos
1592 3697 1832 3755 tribuere
1861 3713 1998 3768 prac-

409 3794 600 3864 cipias.

1106 3886 1296 3941 XXIX.

465 3979 626 4033 Bulla
657 3980 954 4034 Alexandri
978 3997 1130 4050 papa:
1162 3979 1225 4033 ΙΙ
1255 3980 1324 4033 ad
1349 3978 1548 4033 clerum
1584 3977 1945 4034 I'elitrcuscm.

783 4072 965 4143 (Anno
991 4073 1156 4138 1065,
1190 4090 1248 4127 ιιι
1280 4072 1405 4128 Idus
1427 4071 1622 4139 Junii.)

412 4162 804 4236 [Μιττλιιειιῃ
841 4165 1040 4221 Annal.
1087 4164 1393 4220 Camaldul.
1416 4174 1552 4236 tom.
1597 4163 1668 4228 II,
1711 4181 1830 4235 pag.
1870 4164 1996 4229 20L

479 4253 545 4291 ex
576 4237 918 4307 autographo
939 4236 1193 4291 tabularii
1219 4237 1465 4292 ecclesia:
1493 4235 1832 4307 Velitrensis,
1857 4236 1999 4304 apud

481 4304 850 4362 Alexandrum
885 4307 1135 4376 Borgiam
1175 4307 1648 4376 archiepiscOpum
1681 4304 1998 4360 Firmanum

483 4379 538 4432 in
561 4378 800 4434 Historia
833 4375 1146 4442 Velitrcnsi,
1183 4393 1305 4449 pag.
1335 4375 1484 4447 185.]

2095 485 2372 549 bentibus,
2389 483 2776 541 ecclesiasticis
2803 483 2965 536 rebus
2981 481 3332 535 collocemus.
3353 478 3685 548 Quapropter

2097 579 2431 634 ﬁdelissimis
2471 578 2710 632 Servitiis
2753 575 2952 630 vestris
2998 589 3272 644 expressis
3319 589 3348 624 a
3387 570 3547 625 Petro
3591 569 3698 624 Ita-

2095 672 2265 726 miani
2297 679 2488 726 nostro
2535 670 2861 740 coepiscopo
2891 684 2955 721 ex
2996 674 3184 720 nostro
3214 663 3360 719 dono
3394 663 3698 718 confirma—

2092 766 2274 818 vinms
2302 765 2478 826 vobis,
2510 772 2569 816 ut
2600 763 2782 816 nullus
2811 779 2876 815 ex
2917 760 3073 813 vobis
3097 757 3378 829 quodlibet
3410 755 3696 810 servitium

2094 867 2257 927 atque
2292 855 2574 925 angariant
2611 854 2844 917 faciatis,
2884 852 3131 906 foderunt
3174 860 3354 904 autem
3389 865 3497 902 non
3530 848 3697 909 detis,

2094 951 2308 1004 hostem
2349 964 2476 1001 vero
2504 948 2726 1002 minium
2754 946 2986 1011 faciatis,
3018 961 3191 1014 neque.
3217 944 3479 1007 bandum,
3518 958 3701 1012 neque

2095 1045 2258 1098 ullam
2294 1042 2644 1097 donationem
2681 1049 2774 1094 aut
2816 1055 3038 1110 quoquo
3075 1037 3237 1091 modo
3270 1036 3694 1105 promissionem

2092 1137 2264 1202 dctis;
2301 1136 2478 1190 solum
2505 1133 2828 1204 episcopalis
2861 1132 3200 1194 redditnum,
3235 1129 3442 1183 scilicet
3477 1129 3694 1182 tertiam

2094 1237 2301 1299 partem
2346 1227 2640 1281 oblationis
2676 1226 2844 1279 trium
2881 1225 3175 1278 missarum
3229 1229 3283 1276 et
3329 1231 3525 1292 quarta
3567 1238 3694 1292 pars

2093 1320 2454 1382 decimarum,
2484 1335 2512 1372 a
2537 1318 2789 1389 przcsenti
2826 1321 2983 1370 tertia
3022 1314 3318 1369 indictione
3354 1314 3693 1369 successori-

2094 1414 2196 1468 bus
2223 1413 2423 1468 vestris
2447 1411 2500 1466 in
2534 1419 2877 1481 perpetuum,
2905 1417 3206 1463 statuentes
3243 1406 3542 1476 apostolica
3565 1422 3694 1461 cen-

2094 1522 2254 1568 sura,
2301 1504 2404 1559 sub
2446 1503 2615 1559 divini
2644 1501 2834 1572 judicii
2880 1499 3338 1554 obtestationibus
3373 1507 3426 1553 et
3465 1498 3693 1552 anathe-

2095 1599 2256 1652 matis
2281 1596 2604 1660 interdictis,
2634 1603 2694 1649 ut
2723 1595 2933 1648 nullum
2965 1609 3130 1664 quam
3166 1601 3440 1658 nostrum,
3469 1600 3692 1646 nostro-

2094 1706 2216 1744 rum
2260 1705 2643 1745 successorum
2702 1686 3059 1758 pontiﬁcum,
3106 1685 3192 1739 vel
3241 1685 3346 1738 alia
3401 1684 3696 1754 cujuslibet

2098 1799 2294 1853 magna
2325 1799 2601 1854 mrvaquc
2624 1798 2858 1852 persona
2879 1780 3258 1848 cujuscunque
3294 1778 3484 1832 ordine
3509 1777 3580 1831 sit
3610 1777 3695 1830 vel

2096 1876 2378 1948 dignitate,
2422 1886 2613 1931 contra
2658 1876 2762 1929 hoc
2802 1882 3049 1928 nostrum
3078 1871 3435 1942 apostolicum
3477 1869 3696 1939 privile—

2097 1970 2243 2040 gium
2276 1969 2515 2040 aliquam
2557 1966 2758 2022 inferre
2795 1965 3150 2030 calumniam,
3176 1965 3220 2019 si
3257 1964 3381 2034 quis
3417 1962 3562 2032 quod
3583 1977 3696 2016 non

2097 2071 2374 2133 optamus,
2399 2062 2694 2116 temerario
2719 2078 2856 2115 ausu
2882 2059 3066 2113 venire
3089 2057 3380 2112 tentaverit
3404 2064 3458 2111 et
3481 2057 3553 2111 ita
3581 2071 3697 2125 pcr-

2097 2158 2258 2214 ﬁcere
2273 2173 2380 2210 non
2404 2155 2695 2218 dimiserit,
2727 2155 2863 2208 sciat
2887 2170 2965 2216 se,
2995 2152 3100 2206 nisi
3133 2151 3447 2220 resipuerit,
3473 2149 3699 2203 anathe—

2098 2252 2258 2305 matis
2285 2250 2502 2304 vinculo
2537 2265 2658 2304 esse
2693 2248 3036 2312 innodatum,
3070 2254 3124 2300 et
3157 2245 3380 2314 insuper
3418 2241 3695 2312 composi-

2098 2352 2255 2399 turus
2287 2343 2484 2399 cxistat
2513 2342 2632 2396 auri
2667 2341 2857 2411 optimi
2893 2339 3100 2394 solidos
3133 2335 3552 2407 quinquaginta,
3579 2351 3694 2398 mc-

2095 2437 2352 2492 dictatcm
2377 2433 2515 2490 sacri
2540 2432 2724 2504 palatii
2749 2439 2803 2487 et
2826 2430 3171 2485 medietatem
3193 2426 3348 2480 vobis
3371 2425 3696 2493 creterisque

2097 2529 2510 2586 successoribus
2524 2527 2664 2594 (sic).
2681 2525 2783 2592 Qui
2797 2539 2924 2578 vero
2936 2521 3234 2592 piointuitu
3247 2527 3433 2576 custos
3445 2525 3494 2574 et
3508 2516 3697 2574 obser-

2096 2631 2256 2676 vator
2284 2619 2446 2689 hujus
2479 2617 2649 2671 nostri
2686 2615 2952 2690 privilegii
2989 2613 3279 2678 exstiterit,
3304 2608 3697 2666 benedictionis

2098 2714 2325 2789 gratiam
2352 2712 2504 2784 justo
2535 2713 2718 2783 judice
2752 2710 2865 2765 Deo
2890 2719 3083 2764 nostro
3109 2704 3372 2775 consequi
3399 2711 3692 2759 mereatur.

2172 2809 2446 2878 Scriptum
2485 2823 2582 2877 per
2618 2822 2812 2860 manus
2855 2802 3116 2872 Stephani
3158 2798 3355 2855 notarii
3394 2794 3695 2868 regionarii

2097 2912 2152 2958 et
2164 2901 2445 2973 .sc1'iniarii
2468 2908 2669 2956 sancta:
2689 2897 2952 2952 Romana!
2968 2893 3244 2958 Ecclesizc,
3264 2892 3316 2946 in
3336 2886 3696 2945 menstunio

2098 3005 2153 3051 et
2172 2995 2468 3050 indictione
2501 2992 2872 3062 suprascripta
2903 2989 3084 3055 tertia,
3144 3050 3162 3057 _

2169 3087 2398 3142 Joannis
2418 3084 2738 3140 Portuensis
2757 3082 3047 3153 episcopus
3068 3075 3391 3146 subscripsi.

2171 3180 2286 3250 Ego
2307 3177 2709 3233 Ilildehraudus
2739 3174 3165 3231 archidiaconus
3202 3166 3524 3237 subscripsi.

2169 3271 2316 3327 Bene
2345 3272 2540 3326 valete.

2170 3365 2364 3420 Datum
2386 3364 2574 3418 Romae
2598 3379 2655 3416 ιιι
2679 3361 2806 3416 Idus
2825 3359 2974 3415 Junii
2994 3375 3090 3429 per
3107 3372 3305 3411 manus
3325 3353 3471 3409 Petri
3495 3358 3699 3407 sancta

2101 3456 2362 3512 Romamn
2383 3455 2639 3511 Ecclesia:
2653 3450 3078 3514 bibliothecarii,
3105 3465 3250 3503 anno
3276 3465 3327 3501 Iv
3347 3444 3700 3516 pontificatus

2098 3549 2287 3605 domui
2310 3547 2602 3603 Alexandri
2627 3562 2780 3618 papa:
2812 3543 3058 3608 secundi,
3088 3539 3386 3595 indictione
3409 3537 3600 3592 tertia.

2812 3634 2982 3689 XXX.

2129 3735 2424 3792 Alexandri
2449 3733 2512 3788 Η
2544 3731 2879 3804 privilegium
2902 3745 2997 3799 pro
3037 3726 3360 3781 monasterio
3391 3723 3662 3777 Derveuu.

2703 3819 3093 3895 (Anno_1065.)

2383 3896 2635 3973 [Mantua
2663 3885 3112 3956 Annal.‘Bened.,
3135 3889 3225 3953 IV,
3253 3885 3407 3957 665.]

2171 3995 2498 4049 Αιειιιικοειι
2522 3990 2834 4060 episc0pus,
2859 4002 3053 4041 servus
3078 3997 3363 4065 servorum
3390 3978 3505 4044 Dei,
3525 3975 3701 4045 coepi-

2069 4151 2072 4154 ,
2102 4087 2282 4156 scopis
2307 4084 2570 4139 Rlcnsmo
2600 4080 2928 4143 Senonensi,
2955 4077 3162 4133 Hecoxr
3194 4072 3550 4136 Trecassino,
3592 4069 3700 4123 Ito-

2101 4192 2239 4231 ceno
2277 4170 2686 4243 Catalaunensi,
2726 4168 2958 4223 salutem
2990 4175 3043 4221 et
3073 4163 3431 4236 apostolicam
3474 4160 3698 4216 benedi-

2100 4271 2358 4326 ctioncm.

2173 4361 2440 4428 Quoniam
2470 4355 2689 4428 quidem
2711 4354 2958 4408 onmium
2983 4351 3351 4407 Ecclesiarum
3380 4346 3703 4402 sollicitudi~

483 4470 808 4527 Amnmm
838 4473 1146 4543 cpiscopus,
1186 4442 1383 4526 έθξγυε
1417 4442 1700 4525 sci-mrum
1723 4469 1842 4536 Dei,
1864 4470 1999 4525 due-
2036 4494 2080 4546 ι)
2105 4473 2228 4511 nem
2259 4453 2416 4509 nobis
2448 4449 2724 4507 commisit
2765 4447 3008 4520 dignatio
3042 4447 3253 4508 divina,
3286 4442 3612 4508 instantius,
3644 4449 3705 4496 ut

416 4563 673 4618 ctissimis
706 4565 760 4617 in
789 4563 1012 4619 Christo
1032 4561 1161 4617 Jesu
1189 4561 1334 4624 ﬁliis,
1372 4560 1511 4616 Τιτο
1527 4560 2000 4633 archipresbytero

417 4655 744 4710 venerabilis
765 4655 1011 4711 ecclesiae
1034 4654 1208 4709 sancti
1233 4652 1439 4708 Christi
1479 4653 1736 4723 martyris
1752 4651 2001 4706 Clemen-

417 4743 510 4810 tis,
533 4763 652 4816 quac
691 4749 910 4816 ponitur
937 4747 990 4801 in
1012 4747 1330 4818 episeopatu
1378 4744 1714 4801 Veletrensis
1747 4745 2002 4814 civitatis,

421 4855 514 4892 ceu
553 4840 848 4912 Gregorius
872 4840 1307 4913 archipresbyter
1334 4839 1578 4894 ecclesia:
1601 4836 1786 4893 Sancti
1814 4838 2005 4908 Angeli

421 4928 475 4982 in
499 4931 738 4995 castello,
761 4946 861 4985 nec
888 4947 994 4985 non
1026 4931 1344 4989 Dominicus
1363 4929 1799 5001 archipresbyter
1821 4928 2009 4987 Sancti

426 5019 650 5078 Joannis
684 5024 750 5080 de
771 5023 975 5095 Plagis‘,
1017 5023 1294 5098 simulque
1337 5023 1775 5094 archipresbyter
1815 5021 2011 5080 Petrus

426 5112 609 5170 Sancti
662 5116 908 5181 Martini,
970 5125 1132 5186 atque
1184 5120 1430 5178 Joannes
1481 5118 1655 5174 sancti
1705 5115 2010 5188 Antonini,

403 5205 692 5265 'Adrianus
747 5209 1014 5280 presbyter
1071 5204 1265 5273 Sancti
1328 5208 1649 5276 Laurentii,
1699 5219 1751 5264 et
1781 5207 2014 5272 Joannis

428 5299 698 5330 ηωοιὶσυδηκ
733 5300 908 5330 animal:
943 5300 1176 5330 α-ιιίνθοιι-
1201 5311 1242 5330 ⁸-
1282 5311 1450 5330 Α⁴ιΙΙΙΛ
1488 5303 1795 5330 οι,...ι.η....η
1830 5308 1982 5330 η-Αιιξ

2108 4548 2301 4613 nostis,
2324 4559 2621 4616 procurare
2656 4542 2816 4597 debet
2849 4539 3093 4610 provisio
3126 4546 3310 4592 nostra
3345 4551 3410 4590 ne
3442 4535 3572 4605 quid
3603 4534 3669 4588 de
3691 4561 3706 4574 ο

2108 4640 2351 4697 trimenti
2391 4653 2484 4692 seu
2535 4630 3205 4707 inquietudinisquzelibet
3230 4645 3420 4683 earum
3460 4627 3706 4682 incurrat

2111 4743 2297 4790 nostra
2321 4730 2423 4787 sub
2469 4728 2737 4784 custodia.
2786 4725 2942 4781 Unde
2973 4725 3087 4794 jam
3134 4720 3295 4778 annis
3339 4719 3707 4773 anterioribus

2113 4823 2438 4882 fraternitati
2464 4832 2663 4878 vestrm
2701 4819 3026 4890 praecepisse
3048 4813 3399 4871 meminimus
3421 4827 3586 4880 super
3617 4813 3711 4866 ad-

2063 4963 2076 4969 -
2115 4919 2289 4976 versis
2310 4916 2566 4973 Ecclesiae
2585 4915 2906 4976 Dervensis,
2921 4926 3042 4980 quae
3066 4910 3170 4964 sibi
3193 4903 3504 4960 inferuntur
3527 4921 3557 4957 a
3573 4921 3717 4960 non—

2114 5012 2278 5069 nullis
2319 5011 2504 5066 minus
2539 5008 2714 5064 Deum
2753 5002 3095 5065 timentibus,
3133 4994 3457 5054 auctoritate
3500 5006 3726 5065 aposto-

2114 5108 2218 5164 lica
2252 5103 2635 5175 pra:cipientcs
2668 5099 2828 5155 vobis
2867 5103 2931 5152 ut
2963 5109 3028 5147 ex
3063 5095 3293 5148 adverso
3331 5089 3733 5144 ascenderetis.

2116 5214 2169 5260 et
2192 5217 2414 5256 murum
2446 5217 2551 5270 pro
2579 5197 2903 5257 defensione
2936 5190 3181 5259 ejusdem
3207 5181 3465 5239 Ecclesia:
3489 5200 3737 5256 οιψυιιυ-

2118 5298 2244 5330 mna
2297 5295 2452 5330 num!
2491 5291 2810 5330 ..ιςη-..ηιιιίιι
2843 5286 3134 5330 ,Ιίιίσῖιιιιιρι-
3166 5275 3408 5330 exsecuti
3442 5280 3615 5330 estis:
3643 5296 3726 5330 γυ-
