4050 5358
404 269 533 355 σξη

1672 288 2070 346 ALEXANDRI
2107 292 2150 347 ll
2179 293 2380 350 PAF-AS

3531 301 3674 357 l5l2

404 385 628 441 fundere
652 396 871 489 quierat
904 391 1131 457 auribus
1166 396 1389 455 nostris.
1427 396 1494 452 Et
1519 402 1780 470 quoniam
1820 406 1986 460 abba-
2013 410 2061 466 Α
2085 410 2292 465 ρωιεδιί
2357 412 2485 467 sede
2536 422 2856 470 sanctorum
2919 415 3197 472 consortio
3266 415 3494 472 feliciter
3551 419 3672 489 glo-

401 487 510 533 tem
554 480 801 538 ecclesiae
845 484 1018 555 ipsius
1060 488 1239 544 virum
1276 492 1494 549 virtutis
1541 495 1794 554 novimus
1836 516 1981 566 esse,

401 571 666 644 nobisque
677 574 791 644 jam
815 578 1024 648 pridem
1048 580 1359 640 devinctum
1382 585 1639 646 familiari
1671 592 1981 661 dilectione,

400 679 561 731 quem
585 667 953 736 praedecessor
988 683 1173 730 noster
1206 678 1364 735 bonae
1389 685 1667 740 memoriae
1702 685 1819 742 Leo
1846 704 1983 759 papa

400 766 552 813 tanto
581 776 694 815 sua:
719 762 1002 821 charitatis
1028 768 1250 839 dignum
1275 773 1429 829 duxit
1459 792 1645 834 amore
1668 788 1725 835 ut
1746 796 1872 836 eum
1896 782 1982 838 sui

400 850 660 919 nominis,
697 853 826 909 dicti
857 855 1148 928 Brunonis,
1174 864 1321 932 quod
1345 874 1470 922 ante
1484 871 1900 938 apostolicatum
1924 875 1981 930 in

396 939 722 1011 baptismate
745 949 970 1007 sortitus
1008 951 1206 1023 fuerat,
1254 957 1485 1016 donaret
1528 946 1765 1032 honore,
1819 967 1979 1021 nolu—

396 1046 520 1088 mus
548 1048 901 1107 quemquam
950 1042 1054 1097 sibi
1096 1040 1320 1117 suisque
1358 1049 1411 1104 in
1461 1051 1646 1122 aliquo
1689 1057 1980 1113 molestum

393 1140 537 1181 esse.
576 1125 732 1195 Quod
765 1131 813 1187 si
845 1132 940 1188 ﬁat
985 1152 1016 1191 a
1055 1133 1496 1215 quibuscunque,
1540 1148 1892 1204 concedimus
1929 1150 1981 1206 ei

393 1219 694 1286 apostolica
721 1227 1064 1297 auctoritate,
1089 1239 1144 1285 et
1168 1235 1424 1293 omnibus
1445 1241 1858 1297 successoribus
1885 1257 1980 1297 ec-

392 1307 574 1365 clesiae
621 1310 797 1383 ipsius
847 1332 1206 1392 quoscunque
1242 1324 1586 1398 insurgentes
1628 1339 1817 1387 contra
1858 1349 1976 1388 eam

338 1466 347 1471 ἢ
393 1399 647 1474 frangere
668 1408 1030 1469 anathematis
1056 1414 1263 1473 ultione
1311 1426 1370 1474 ut
1389 1436 1512 1476 cum
1526 1423 1982 1497 securioriqaiete

391 1491 505 1549 Deo
533 1496 751 1554 valeant
776 1499 1000 1560 liberius
1020 1522 1234 1565 vacare.

469 1589 672 1649 Valete.

1092 1737 1280 1795 XXXI.

503 1824 664 1880 Bulla
686 1826 975 1883 Alexandri
1007 1830 1072 1884 11
1092 1851 1186 1902 pro
1212 1839 1528 1892 monasterio
1548 1837 1865 1893 Callonensi.

985 1926 1165 1997 (Anno
1208 1930 1388 2001 1066.)

395 2027 564 2101 [σαιι.
605 2031 827 2103 Christ,
846 2044 984 2092 tom.
1020 2037 1105 2107 Vl,
1138 2057 1259 2113 pag.
1285 2042 1412 2111 275,
1437 2060 1502 2099 ex
1533 2046 1708 2100 chart.
1739 2045 1976 2119 Gellon._|

464 2121 791 2187 ALEXANDER
808 2128 1113 2201 cpiscopus,
1137 2147 1329 2189 servus
1350 2150 1631 2190 servorum
1651 2135 1766 2204 Dei,
1791 2136 1976 2193 Perna

393 2215 577 2272 abbati
612 2223 930 2278 monasterii
974 2222 1338 2293 Gellonensis,
1382 2229 1609 2300 suisque
1639 2232 1977 2288 successori-

390 2307 515 2376 bus,
566 2315 865 2370 secundum
910 2319 1155 2389 regulam
1206 2321 1381 2376 sancti
1433 2321 1746 2392 Benedicti,
1801 2324 1976 2381 intra-

391 2402 552 2458 turis.

462 2493 600 2561 Quia
633 2497 814 2556 divina
850 2502 1137 2561 clementia
1172 2522 1273 2563 nos
1307 2507 1690 2564 universaliter
1724 2525 1839 2566 suae
1875 2509 1980 2566 Ec-

390 2587 570 2642 clesiae
609 2605 845 2659 praeesse
899 2594 1104 2663 voluit,
1158 2598 1416 2655 omnibus
1462 2599 1665 2671 ubique
1708 2608 1979 2658 terrarum

389 2683 720 2740 constructis
772 2680 1019 2744 ecclesiis
1061 2692 1348 2747 consulere
1397 2692 1699 2764 auxrliique
1751 2711 1977 2750 manum

389 2771 668 2842 porrigere
686 2788 753 2829 ex
777 2776 951 2846 ipsius
987 2788 1190 2837 sanctae
1220 2784 1532 2852 apostolicze
1550 2784 1698 2841 sedis
1722 2785 1978 2841 conside-

390 2863 605 2920 ratione
652 2860 936 2947 debemus,
961 2880 1234 2940 quatenus
1268 2872 1639 2930 Ecclesiarum
1682 2873 1777 2930 Dei
1815 2875 1980 2930 mini-

387 2956 487 3010 stri
504 2964 705 3013 nostrm
726 2961 1037 3029 apostolica:
1062 2967 1404 3024 auctoritatis
1424 2969 1620 3023 robore
1654 2968 1772 3024 fulti
1815 2976 1979 3039 atque

389 3050 607 3116 muniti,
645 3053 893 3110 securius
943 3062 999 3109 et
1039 3056 1287 3114 devotius
1327 3060 1688 3130 omnipotenti
1726 3060 1839 3116 Deo
1863 3075 1979 3117 ser-

387 3141 524 3205 vire,
564 3142 777 3214 sibique
797 3145 1007 3202 debitas
1027 3163 1218 3218 preces
1248 3158 1303 3205 et
1331 3151 1520 3206 laudes
1540 3159 1742 3222 queant
1769 3151 1978 3222 pcrsol-
2004 3138 2045 3194 (ἶ

386 3249 543 3288 vere;
575 3232 730 3292 Unde
769 3239 897 3308 quia
929 3241 1288 3299 charissimus
1323 3241 1601 3298 confrater
1636 3253 1821 3299 noster
1862 3242 1975 3297 Ro-

387 3336 617 3398 stagnus
641 3371 657 3397 ,
695 3328 1016 3389 Lutevensis
1050 3335 1339 3406 episcopus
1365 3379 1379 3403 ,
1420 3336 1745 3408 signiﬁcavit
1775 3345 1977 3392 sancta:

387 3419 700 3488 apostolica:
751 3421 865 3477 sedi
914 3424 1163 3495 quaedam
1208 3426 1512 3481 munimina
1544 3425 1975 3498 privilegiorum,

388 3506 730 3566 Gellonensis
764 3506 1110 3583 monasterii,
1142 3514 1235 3570 ubi
1263 3530 1465 3587 corpus
1498 3517 1673 3572 sancti
1704 3515 1975 3572 Guillclmi

388 3603 698 3673 requiescit,
735 3604 860 3678 igne
893 3624 1017 3666 esse
1060 3621 1406 3682 consumpta,
1455 3627 1555 3668 nos
1606 3610 1780 3682 ipsius
1808 3611 1976 3681 justis

386 3693 740 3772 petitionibus
763 3697 1030 3767 inclinati,
1058 3700 1209 3756 idem
1248 3704 1641 3758 monasterium
1677 3702 1780 3758 sub
1807 3703 1975 3760 tutela

385 3795 440 3842 et
457 3788 774 3846 defensione
804 3801 1006 3849 sanctae
1028 3795 1339 3865 apostolicae
1363 3797 1507 3852 sedis
1529 3798 1901 3868 suscepimus,-
1922 3807 1977 3855 et

385 3880 571 3935 omnia
592 3897 715 3951 qua:
731 3880 874 3952 juris
900 3883 1072 3953 ipsius
1099 3903 1331 3957 qumque
1352 3905 1382 3942 a
1403 3888 1626 3959 triginta
1644 3890 1803 3945 annis
1826 3900 1974 3946 retro

384 3971 608 4042 paciﬁce
638 3973 831 4039 tenuit,
860 3976 954 4028 sed
989 3985 1044 4030 ct
1068 3978 1251 4032 omnia
1279 3993 1401 4049 qua:
1431 3978 1484 4033 in
1522 3978 1708 4035 futuro
1728 3988 1976 4053 tempore

384 4064 583 4121 ibidem
611 4076 740 4122 sunt
768 4067 1099 4125 conferenda
1133 4070 1187 4125 in
1212 4071 1630 4142 quibuscunque
1652 4074 1819 4130 rebus
1849 4090 1974 4130 mo-

383 4155 581 4213 bilibus
622 4166 676 4213 et
715 4158 1085 4217 immobilibus
1113 4162 1376 4234 privilegii
1409 4164 1581 4219 nostri
1613 4162 1809 4236 pagina
1838 4181 1976 4221 con-

382 4248 669 4308 ﬁrmamus
717 4262 883 4324 atque
924 4256 1370 4314 corroboramus.
1430 4255 1743 4315 Statuentes
1792 4258 1976 4329 itaque

382 4345 680 4412 apostolica
710 4361 966 4413 censura,
991 4358 1046 4403 et
1067 4350 1169 4406 sub
1195 4351 1365 4406 divini
1390 4351 1581 4423 judicii
1608 4351 1974 4409 obtestatione

382 4432 785 4504 interdicentes,
815 4442 1095 4497 sancimus
1117 4450 1176 4498 ut
1199 4443 1383 4499 nullus
1413 4461 1531 4511 rex,
1556 4446 1687 4513 dux,
1725 4446 1974 4503 marchio

381 4544 598 4597 comes,
635 4531 967 4603 vicecomes,
1006 4536 1099 4592 sed
1145 4553 1323 4610 neque
1355 4540 1833 4611 archiepiscopus,
1876 4549 1972 4597 aut

378 4624 693 4697 cpiscopus,
716 4645 813 4685 seu
845 4630 1080 4702 alicujus
1105 4632 1385 4705 dignitatis
1407 4650 1643 4705 persona
1670 4636 1758 4691 vel
1780 4637 1971 4693 condi-

383 4722 567 4791 tionis,
614 4726 680 4781 de
737 4728 824 4785 his
876 4731 1152 4798 omnibus,
1194 4748 1316 4803 qua:
1356 4732 1582 4805 praefato
1629 4736 1968 4791 monasterio

346 4818 351 4823 ’
380 4822 637 4889 praesenti
662 4824 859 4895 pagina
884 4826 1294 4895 conﬁrmamus,
1319 4828 1556 4899 auferre,
1581 4831 1840 4899 alienare,
1869 4846 1968 4887 seu

380 4915 685 4974 diminuere
705 4929 1017 5003 praesumat.
1050 4921 1207 4991 Quod
1227 4924 1271 4980 si
1301 4926 1500 4997 aliquis
1516 4928 1809 4983 temerario
1825 4944 1966 4983 ausu

382 5010 545 5080 hujus
568 5022 768 5070 nostra:
800 5017 1100 5075 sanctionis
1123 5028 1501 5077 auctoritatem
1526 5020 1818 5094 infringere
1843 5030 1966 5077 ten-

378 5109 592 5177 taverit,
618 5118 672 5166 et
706 5110 1018 5169 admonitus
1052 5115 1366 5193 supradicto
1406 5118 1703 5173 venerabili
1728 5126 1850 5173 loco
1880 5118 1968 5173 di,

377 5216 480 5266 gne
508 5220 619 5258 non
649 5205 997 5266 satisfecerit.
1045 5208 1183 5264 sciat
1221 5224 1282 5265 se
1323 5226 1499 5266 usoue
1534 5211 1600 5264 ad
1640 5211 1968 5266 condignam

2084 502 2274 557 rietur.

2070 580 2073 587 γ
2154 597 2348 652 Datum
2384 596 2570 653 Roma:
2612 614 2688 654 vti
2726 597 2851 655 ldus
2891 597 3088 667 Martii,
3134 615 3230 671 per
3277 616 3472 657 manus
3521 599 3671 654 Pcti

2082 700 2287 749 sanctae
2333 691 2592 749 Romana:
2619 692 2878 749 Ecclesiae
2911 695 3227 751 subdiaconi
3274 706 3437 766 atque
3472 697 3673 751 biblio»
3749 705 3767 714 ’

2029 826 2037 832 .
2084 786 2309 841 tbecarii
2335 828 2351 853 ,
2426 804 2572 842 anno
2627 805 2660 843 v
2706 788 3058 859 pontiﬁcatus
3120 791 3308 847 domni
3375 792 3668 848 Alexandii

2061 896 2233 952 “papae
2266 881 2331 950 ll,
2355 883 2651 940 indictione
2682 901 2755 940 tv.

2765 980 2981 1036 XXXII.

2078 1073 2479 1133 Alexander]!
2503 1077 2882 1150 monasterium
2995 1077 3270 1132 Michaelis
3294 1076 3673 1150 Siegburgeusc

2406 1146 2696 1201 munimine
2732 1147 3023 1217 apostolico
3046 1150 3347 1220 conﬁrmat.

2505 1307 2508 1310 ,
2671 1242 2851 1315 (Anno
2893 1243 3075 1316 1066.)

2083 1321 2459 1395 ἱννωιτνιἘιΝ,
2509 1319 2667 1395 Novo
2699 1321 2949 1377 Subsidia
2987 1325 3362 1395 diﬁc-malim,
3401 1335 3535 1380 tom.
3579 1322 3672 1391 IV,

2504 1409 2556 1463 p.
2611 1394 2672 1447 Η
2699 1436 2714 1460 ,
2756 1410 2822 1448 ex
2861 1394 3245 1467 autographo.]

2153 1493 2479 1547 ALnxmnea
2507 1491 2819 1563 cpiscopus,
2856 1508 3048 1550 servus
3082 1504 3369 1549 servarum
3409 1494 3524 1561 Dei,
3563 1495 3677 1549 Ax-

2082 1602 2204 1642 nom
2229 1595 2431 1642 sancta:
2446 1584 2793 1643 Coloniensis
2810 1586 3068 1644 Ecclesia:
3080 1582 3376 1645 venerabili
3400 1590 3677 1661 archiepi-

2083 1699 2270 1754 sc0po,
2299 1683 2353 1738 in
2374 1682 2597 1739 Christo
2619 1682 2748 1741 Jesu
2774 1684 2931 1741 fratri
2956 1688 3304 1744 charissimo.

2012 1777 2054 1830 Β
2151 1777 2307 1845 Quod
2331 1796 2361 1833 a
2385 1779 2561 1847 nobis,
2587 1779 2698 1836 Deo
2722 1782 2913 1838 dilecte
2941 1781 3127 1851 frater,
3152 1786 3380 1855 expetis,
3405 1801 3468 1841 ex
3493 1784 3677 1840 officio

2076 1884 2331 1946 suscepto
2370 1883 2425 1931 et
2465 1877 2788 1933 auctoritate
2836 1879 3135 1949 apostolica
3185 1881 3457 1935 universis
3503 1881 3675 1936 dele—

2076 1986 2202 2026 mus
2224 1971 2489 2039 ecclesiis,
2515 1972 2765 2030 videlicet
2792 1983 2849 2030 ut
2871 1991 2997 2031 cum
3021 1975 3222 2047 aliquis
3250 1976 3488 2032 ﬁdelium
3514 1977 3567 2031 in
3591 1976 3676 2031 vi-

2077 2079 2178 2118 nea
2225 2063 2444 2120 Domini
2476 2064 2714 2123 Sabaoth
2763 2069 3020 2125 laborans
3048 2070 3377 2143 propagines
3410 2071 3530 2141 ejus
3571 2087 3673 2126 ex—

2077 2161 2336 2228 tenderit,
2377 2177 2478 2218 nos
2529 2178 2650 2219 eam
2702 2166 2961 2236 sepiendo
3007 2168 3221 2222 munire
3278 2167 3562 2233 convenit,
3604 2184 3676 2223 ne

2077 2252 2162 2306 vel
2194 2269 2227 2308 a
2265 2254 2717 2338 praztereuntibus
2745 2258 3118 2324 conculcetur,
3155 2258 3239 2313 vel
3275 2274 3306 2314 a
3348 2258 3675 2314 latrunculis

2040 2362 2045 2373 τ
2076 2345 2133 2401 in
2171 2347 2387 2403 labores
2417 2348 2626 2405 alienos
2651 2350 2810 2405 detur
2832 2351 3032 2408 aditus.
3070 2351 3254 2419 Quare
3278 2353 3431 2422 mihi,
3467 2355 3521 2409 in
3557 2353 3676 2410 Deo

2076 2442 2271 2498 dilecte
2326 2441 2532 2511 frater,
2584 2452 2765 2500 tecum
2831 2434 3101 2518 agendum
3151 2459 3235 2504 est
3288 2450 3447 2521 ltlnge
3491 2451 3671 2517 aliter,

2077 2534 2278 2605 quippe
2315 2536 2459 2607 apud
2488 2536 2667 2590 virum
2695 2536 3037 2609 religiosum,
3063 2547 3112 2593 ct
3143 2555 3331 2594 revera
3355 2548 3466 2594 tam
3497 2543 3677 2612 operi-

2037 2652 2047 2657 ·
2078 2629 2184 2686 bus
2230 2644 2398 2700 quam
2452 2630 2677 2686 nomine
2723 2630 3073 2701 episcopum,
3104 2631 3307 2702 quique
3338 2644 3464 2686 cum
3497 2631 3672 2689 ﬁdelis

2040 2748 2047 2749 ν
2079 2743 2269 2782 servus
2290 2734 2345 2781 et
2382 2726 2623 2796 prudens
2649 2726 2782 2782 totis
2815 2726 3081 2781 anhelans
3101 2725 3409 2781 visceribus
3433 2724 3672 2797 propria:

2077 2820 2318 2878 deservis
2345 2820 2629 2888 Ecclesiae;
2661 2821 2727 2876 de
2755 2820 2936 2875 medio
2966 2819 3214 2874 laborum
3247 2820 3476 2874 matrem
3515 2813 3673 2875 labo-

2077 2923 2287 2968 rantem
2316 2913 2613 2984 respiciens
2650 2913 2771 2983 pios
2792 2913 2841 2968 ei
2880 2912 3148 2982 subponis
3181 2912 3463 2978 humeros,
3494 2928 3563 2967 ne
3583 2912 3669 2966 la-

2076 3005 2196 3060 bori
2232 3006 2615 3073 succumbens,
2643 3022 2769 3061 cum
2796 3021 2894 3075 per
2923 3005 3093 3059 multa
3119 3004 3339 3059 incedas
3364 3004 3667 3070 obstacula,

2077 3098 2316 3153 declines
2341 3113 2372 3152 a
2391 3098 2479 3152 via
2508 3097 2677 3170 regia,
2701 3105 2865 3169 atque
2886 3097 2993 3152 hoc
3020 3104 3127 3163 est,
3158 3096 3306 3166 quod
3341 3111 3444 3151 nos
3471 3105 3670 3166 printer

2080 3205 2373 3245 commune
2388 3206 2622 3261 pensum
2654 3190 2709 3245 in
2731 3202 2947 3245 omnem
2974 3189 3312 3245 voluntatem
3341 3197 3491 3244 tuam
3514 3189 3650 3244 exci-

2078 3292 2183 3348 tas,
2220 3284 2435 3339 etiamsi
2459 3284 2527 3339 ab
2549 3283 2848 3353 apostolica
2882 3282 3009 3337 sede
3029 3283 3265 3353 petisses
3290 3282 3495 3353 aliquid
3522 3279 3666 3336 ditii-

2077 3376 2371 3431 cillimum:
2400 3376 2601 3446 quieris
2622 3375 2805 3447 igitur,
2831 3374 2887 3429 in
2910 3374 3021 3430 Deo
3043 3373 3237 3430 dilecte
3259 3373 3447 3441 frater,
3475 3383 3669 3445 quate-

2077 3468 2503 3523 nuscmnobium
2526 3469 2923 3524 monachorum
2946 3468 3095 3538 quod
3118 3467 3174 3521 in
3200 3468 3465 3522 honorem
3488 3467 3666 3521 sancti

2078 3559 2377 3627 Michaelis,
2405 3561 2714 3633 archangeli
2740 3562 2797 3616 in
2824 3560 3008 3615 Monte
3032 3560 3136 3630 pia:
3159 3560 3465 3615 devotionis
3492 3559 3666 3613 rediti-

2075 3670 2202 3710 care
2248 3656 2466 3711 laboras
2515 3655 2716 3721 studio,
2766 3669 2867 3709 nos
2924 3653 3228 3707 munimine
3277 3651 3667 3707 conﬁrmemas

2076 3748 2408 3818 apostolico;
2438 3748 2527 3803 cui
2567 3748 2714 3818 justo
2750 3744 3107 3816 postulationi
3135 3754 3244 3799 tuae
3294 3754 3405 3799 tam
3450 3743 3667 3799 facilem

2076 3858 2240 3904 quam
2296 3842 2539 3897 debitum
2596 3841 2902 3910 praebemus
2960 3853 3271 3893 assensum.
3341 3836 3529 3907 Itaque
3598 3852 3667 3891 ex

2076 3944 2229 4003 parte
2260 3933 2474 3989 Domini
2496 3932 2667 3989 nostri
2690 3931 2819 3986 Jesu
2852 3930 3058 3985 Christi
3078 3938 3133 3985 et
3153 3942 3355 3985 sancta:
3381 3928 3477 3983 Dei
3507 3929 3666 4000 geni-

2074 4026 2230 4082 tricis
2284 4026 2486 4082 Marize.
2542 4033 2974 4093 sanctorumque
3025 4022 3404 4094 apostolorum
3430 4021 3579 4077 Petri
3610 4031 3668 4077 et

2075 4119 2252 4185 Pauli,
2277 4122 2634 4189 omniumque
2676 4129 2996 4174 sanctorum
3036 4118 3336 4172 electorum
3376 4115 3669 4171 conﬁrma-

2077 4228 2200 4268 mus
2242 4222 2296 4267 et
2340 4212 2764 4267 corroboramus
2829 4208 3172 4274 cmnobium,
3228 4223 3324 4265 seu
3385 4207 3665 4269 abhatiam

2076 4304 2450 4376 supradictam
2495 4303 2550 4357 in
2582 4312 2905 4374 perpetuum
2924 4346 2938 4370 ,
2965 4301 3176 4357 scilicet
3196 4316 3265 4356 ne
3293 4316 3399 4371 qua
3429 4315 3664 4370 persona

2076 4414 2273 4467 magna
2315 4397 2398 4451 vel
2424 4412 2612 4467 parva,
2639 4411 2748 4469 non
2775 4394 2974 4464 aliquis
3011 4408 3394 4450 successorum
3417 4402 3661 4459 tuorum,

2077 4507 2184 4545 non
2237 4506 2332 4545 rex
2384 4499 2479 4544 aut
2523 4503 2729 4555 comes,
2784 4488 3011 4553 nullus,
3058 4487 3281 4558 inquam
3316 4529 3331 4554 ,
3372 4487 3662 4542 hominum

2075 4600 2139 4639 cx
2187 4599 2250 4639 ea
2292 4582 2590 4653 quidquam
2635 4579 2703 4635 ad
2744 4580 3170 4634 destructionem
3200 4578 3347 4634 illius
3401 4578 3508 4633 loci
3562 4578 3660 4635 de-

2075 4675 2255 4731 moliri
2304 4674 2522 4740 audeat,
2571 4688 2763 4728 verum
2798 4671 3057 4726 omnibus
3109 4670 3240 4725 inibi
3291 4670 3493 4740 injuste
3544 4672 3659 4725 col-—

2073 4770 2198 4825 latis
2241 4776 2404 4839 atque
2456 4764 2804 4822 conferendis
2847 4780 2955 4835 pax
3010 4762 3081 4819 sit
3128 4778 3454 4832 permanens
3490 4772 3544 4818 ct
3576 4765 3655 4818 in-

2071 4861 2356 4918 convulsa.
2393 4858 2530 4916 lllud
2574 4872 2795 4929 quoque
2844 4855 3170 4912 auctoritate
3215 4855 3507 4911 statuimus
3532 4872 3661 4926 apo-

2070 4955 2265 5010 stolica
2308 4961 2580 5025 quatenus
2626 4949 2802 5022 prima
2839 4942 2964 5014 ista,
2994 4964 3118 5020 quae
3138 4948 3304 5004 modo
3331 4949 3654 5015 instituitur,

2072 5047 2217 5119 apud
2256 5046 2556 5101 monachos
2582 5045 2757 5116 ipsius
2801 5043 2907 5098 loci
2942 5049 3260 5113 permaneat
3295 5041 3653 5107 consuetudo,

2073 5141 2251 5210 sitque
2276 5139 2384 5194 illis
2428 5139 2597 5193 libera
2626 5137 2694 5193 de
2729 5136 2925 5192 abbate
2948 5134 3143 5202 elatio;
3194 5133 3309 5189 sive
3335 5133 3403 5189 de
3452 5143 3653 5189 semct-

2074 5231 2206 5266 incic
2238 5231 2291 5266 in
2325 5231 2445 5266 incn
2472 5230 2725 5266 nmnnliin
2788 5244 2883 5266 con
2916 5227 3104 5266 “filius:
3148 5225 3229 5266 ale
3272 5226 3449 5266 vicum
3493 5224 3649 5266 1⁵111³-ιῖ
