4050 5358
382 317 535 373 1513¹

1547 299 1908 357 EPlSTOLtE
1947 297 2034 353 ET
2069 293 2486 370 DIPLOMAIA.

3516 278 3659 348 f3”

378 433 587 490 l.-cerit.
630 429 736 497 Qui
762 440 892 485 vero
918 423 1322 496 pia'devotione
1360 421 1682 477 observator
1703 433 1827 491 esse
1852 426 1964 472 stu-
1990 419 2035 473 Α
2060 429 2159 483 per
2184 426 2382 467 manus
2423 407 2688 476 Rainerii,
2729 405 3001 464 scriniarii
3029 413 3086 460 et
3125 406 3326 462 notarii
3357 405 3563 477 palatii,
3597 408 3655 462 in

374 528 575 592 «luerit,
631 522 886 596 precibus
936 518 1308 589 apostolorum
1368 514 1680 585 principum
1715 511 1862 567 Petri
1910 518 1965 565 et
2063 519 2253 559 mense
2276 502 2445 571 Julio,
2477 501 2775 557 indictione
2798 508 3015 571 quarta.

376 620 531 675 Pauli
563 625 915 688 peccatorum
943 626 1172 669 suorum
1197 610 1444 664 omnium
1491 609 1563 663 ab
1599 603 1965 675 omnipotenti

378 712 491 768 Sco
541 716 915 778 consequatur
952 705 1191 771 veniam,
1242 712 1299 759 et
1340 711 1560 758 aeternas
1609 697 1964 767 beatitudinis

378 811 656 862 mereatur
671 801 925 874 gloriam.
1631 810 1635 813 ·

447 894 649 952 Datum
693 892 971 959 Laterani,
1004 890 1084 946 Id.
1133 888 1282 955 Maii,
1310 902 1410 960 per
1435 902 1635 944 manus
1655 885 1801 943 Petri
1830 901 1964 942 san-

377 1000 482 1046 ctae
511 988 776 1045 Romanae
807 986 1067 1044 Ecclesia:
1094 983 1418 1043 subdiaconi
1442 994 1607 1053 atque
1630 979 1965 1046 cancellarii,

377 1082 496 1139 vice
515 1081 705 1138 domui
757 1079 1013 1155 Almonis
1042 1076 1407 1150 ,Coloniensis
1442 1073 1861 1145 .archiepiscopi
1913 1082 1969 1131 et

381 1184 585 1231 sanctas
603 1172 1085 1245 sedisjapostolicae
1105 1167 1593 1234 archicancellarii,
1617 1181 1808 1223 annov
1828 1182 1969 1238 pon-

381 1266 621 1325 tiﬁcatus
646 1265 837 1322 domui
863 1262 1161 1322 Alexandri
1189 1260 1237 1316 ll
1264 1276 1438 1333 papae,
1464 1260 1762 1317 indictione
1784 1276 1856 1316 tv.

1051 1373 1293 1433 XXXIII.

383 1475 596 1534 Sanctia
633 1473 842 1535 Prisce
885 1472 1205 1618 monastirii‘
1237 1471 1457 1527 donatio
1495 1468 1967 1526 Vindocinensibus

1118 1562 1181 1601 ac
1210 1562 1263 1600 α.

1118 1562 1263 1601 acw.

972 1670 1156 1744 (Anno
1195 1665 1380 1737 mss.)

385 1750 636 1836 [ﬂamma
663 1759 862 1819 Annal.
894 1757 1092 1840 Βεηειιἶ
1109 1800 1124 1823 ,
1155 1754 1252 1839 IV,
1277 1754 1410 1898 355,
1439 1768 1505 1809 ex
1530 1751 1737 1808 archiv.
1764 1749 1969 1805 Vindo-

414 1865 421 1869 -
1046 1844 1276 1884 cmensn

414 1865 421 1869 '
1046 1844 1276 1884 cmensn.

418 1937 784 1987 .ALEXANDEB
852 1925 1173 1996 episcopus,
1235 1935 1429 1979 servus
1487 1916 1773 1975 servorum
1840 1916 1968 1983 Dei,

384 2020 590 2078 Onatco
615 2019 973 2075 dilectissimo
994 2017 1108 2071 ﬁlio
1131 2012 1519 2070 Vindocinensi
1542 2010 1745 2077 abbati,
1772 2018 1829 2065 et
1849 2017 1975 2079 post

384 2132 509 2171 eum
539 2113 756 2170 cunctis
784 2109 1200 2168 successoribus
1230 2107 1349 2177 ejus
1374 2105 1430 2160 in
1460 2112 1806 2175 perpetuum.

454 2212 720 2268 Convenit
772 2206 1073 2280 apostolico
1125 2202 1488 2260 moderamini
1540 2200 1704 2272 justis
1750 2198 1973 2271 petitio-

387 2305 549 2361 nibus
576 2318 864 2359 assensum
888 2301 1131 2371 praebere
1158 2306 1212 2352 et
1239 2296 1342 2368 piis
1363 2292 1831 2351 admonitionibus
1856 2307 1975 2346 ma-

388 2414 518 2452 num
545 2396 735 2451 auxilii
770 2394 1068 2466 porrigere.
1100 2390 1275 2455 Unde,
1305 2388 1628 2444 charissime
1657 2386 1733 2441 ﬁli
1778 2383 1976 2439 Odrice

386 2486 1008 2544 abhas'Vindocinensis
1045 2481 1388 2548 monasterii,
1430 2480 1692 2553 quoniam
1720 2478 1879 2549 petis,
1914 2485 1978 2532 ut

386 2581 846 2646 convenientiam,
884 2593 1051 2649 quam
1094 2592 1219 2632 cum
1262 2573 1591 2629 charissimo
1626 2572 1739 2628 ﬁlio
1781 2578 1975 2626 nostro

386 2672 755 2743 Heldiprando
814 2670 1201 2726 archidiacono
1267 2675 1432 2737 atque
1494 2665 1731 2722 εαξηοῦἰὶ
1788 2662 1976 2720 Sancti

384 2766 542 2822 Pauli
570 2780 859 2821 (economo
883 2764 951 2818 de
972 2761 1202 2817 ecclesia
1234 2759 1448 2815 Sanctae
1485 2758 1687 2814 Prisca
1721 2773 1845 2830 qua:
1869 2758 1975 2814 sita

386 2868 471 2914 est
491 2859 546 2913 in
572 2866 759 2913 monte
781 2856 1073 2919 Aventino,
1097 2854 1297 2920 fecisti,
1330 2853 1629 2923 apostolica
1652 2850 1976 2907 auctoritate

388 2952 529 3006 conﬁ
565 2966 798 3006 menius.
829 2947 1101 3003 Convenit
1131 2945 1276 3009 enim
1316 2945 1576 3016 praefatus
1614 2945 1759 3001 ﬁlius
1790 2952 1978 2999 noster

387 3042 808 3114 Heldipt‘andus,
834 3100 837 3103 Α
863 3039 1159 3109 Sanctique
1206 3037 1362 3091 Pauli
1406 3037 1727 3095 monasterii
1774 3046 1972 3102 rector,

388 3136 484 3191 tibi
516 3138 732 3206 tuisque
761 3131 1176 3190 successoribus
1208 3129 1627 3193 Vindocinensis
1654 3132 1974 3187 monasterii
2002 3172 2043 3229 ϐ

388 3229 696 3293 abbatibus,
721 3226 1036 3297 prmdictam
1070 3223 1284 3279 Sanctae
1302 3221 1505 3278 Prisca:
1531 3224 1817 3279 ecclesiam
1846 3240 1972 3279 cum

389 3322 646 3375 omnibus
675 3320 791 3375 suis
836 3316 1180 3389 pertinentiis
1225 3320 1280 3370 in
1310 3324 1636 3386 perpetuum
1677 3316 1862 3387 largiri
1906 3317 1973 3371 ad

389 3413 674 3478 utendum,
704 3410 1017 3474 fruendum,
1037 3406 1539 3478 possidendumque
1565 3405 1827 3477 dignitate
1853 3421 1977 3461 car-

389 3504 578 3569 dinali,
615 3518 681 3558 eo
721 3501 972 3556 videlicet
997 3508 1188 3555 tenore
1215 3506 1278 3553 ut
1310 3498 1385 3553 ita
1430 3496 1715 3568 praefatum
1765 3497 1978 3555 Sancta:

388 3596 588 3652 Priscae
607 3594 1001 3649 monasterium
1030 3592 1285 3647 ordinare
1308 3605 1375 3645 ac
1411 3590 1700 3662 disponere
1732 3594 1973 3661 studeas,

390 3696 450 3742 ut
473 3703 687 3757 semper
730 3686 802 3740 ibi
834 3685 901 3740 ad
946 3683 1291 3739 serviendum
1337 3681 1449 3737 Deo
1487 3683 1795 3751 duodecim,
1834 3702 1979 3740 nun-

391 3796 557 3850 quam
595 3786 778 3835 autem
824 3777 1008 3831 minus
1046 3783 1190 3841 octo,
1233 3775 1488 3829 monachi
1523 3777 1846 3846 regulariter
1880 3794 1978 3833 va-

390 3872 538 3928 leant
563 3869 896 3927 conversari.
925 3867 1125 3924 Pensio
1148 3882 1279 3923 vero
1307 3875 1362 3921 et
1385 3875 1580 3923 caetera
1606 3869 1810 3935 omnia,
1835 3870 1978 3926 sicut

370 3962 447 4018 'in
481 3965 692 4029 charta,
719 3978 884 4033 quam
927 3961 1083 4016 vobis
1125 3960 1416 4029 praedictus
1459 3959 1857 4031 Heldiprandus
1887 3978 1979 4017 ar-

390 4044 746 4111 chidiaconus
766 4070 830 4109 ac
852 4051 1038 4107 Sancti
1058 4051 1212 4106 Pauli
1234 4059 1414 4106 rector
1433 4066 1560 4107 cum
1581 4053 1976 4109 monachorum

394 4144 581 4201 Sancti
612 4146 767 4200 Pauli
804 4144 1043 4216 generali
1076 4143 1316 4213 capitulo
1360 4159 1636 4200 consensu
1676 4144 1898 4200 tradidit
1923 4154 1979 4200 et

393 4239 645 4303 firmavit,
671 4238 1001 4303 continetur,
1029 4236 1428 4306 pcrsolventur.
1455 4234 1599 4307 Ergo
1620 4244 1978 4308 utrarumque

391 4331 747 4385 ecclesiarum
778 4330 1063 4383 utilitatem
1094 4328 1150 4381 in
1180 4328 1284 4382 hoc
1313 4328 1531 4399 negotio
1560 4329 1974 4398 perpendentes,

392 4424 676 4479 beatorum
697 4422 845 4476 Petri
870 4430 925 4476 et
944 4420 1100 4475 Pauli
1125 4419 1431 4490 principum
1468 4421 1844 4490 apostolorum
1872 4436 1989 4475 au-i

391 4515 640 4591 ctoritatc
672 4514 956 4584 praefatum
981 4511 1196 4568 Sancta:
1221 4511 1422 4568 Prisca:
1443 4513 1859 4580 monasterium,
1889 4528 1976 4568 se-

391 4608 629 4661 cundum
685 4605 1002 4675 prmJictum
1048 4613 1326 4670 tenorem,
1379 4618 1506 4657 cum
1559 4604 1816 4658 omnibus
1856 4605 1971 4659 suis

371 4698 593 4767 ‘ubique
643 4696 985 4766 pertinentiis
1036 4692 1458 4762 cenﬁrmamus,
1505 4696 1682 4751 sancti
1736 4695 1972 4767 Spiritus

385 4789 445 4859 ju
468 4790 593 4843 licio
620 4789 975 4862 decernentes
1003 4796 1063 4842 ut
1095 4788 1279 4842 nullus
1310 4803 1553 4856 unquam
1599 4786 1785 4843 Sancti
1817 4788 1969 4842 Pauli

390 4883 577 4947 abbas,
608 4882 759 4950 prior
787 4881 868 4933 vel
896 4881 1219 4945 monachus,
1247 4879 1502 4948 nullaque
1534 4894 1762 4949 prorsus
1799 4879 1974 4934 cccle-

389 4975 612 5028 siastica
648 4972 993 5027 saecularisve
1031 4986 1265 5040 persona
1311 4969 1605 5046 infringere
1644 4971 1728 5025 vel
1758 4972 1975 5027 auferre

389 5065 485 5120 tibi
510 5065 595 5118 vel
624 5064 732 5117 tuis
772 5062 1184 5119 successoribus
1224 5062 1514 5119 abbatibus
1555 5062 1977 5120 Vindocinensis

587 5154 702 5174 .-ᾈὲἓ
733 5169 905 5174 -..---.‹
950 5162 1025 5174 κ-ι
1087 5154 1128 5174 n
1188 5158 1238 5174 .I

2133 595 2328 651 Datum
2360 592 2634 661 Laterani,
2658 592 2777 648 Kal.
2804 592 2956 661 Julii,
2984 608 3081 664 per
3109 606 3309 648 manus
3330 589 3498 657 Petri,
3527 604 3658 645 san-

2064 697 2166 743 cta:
2190 686 2452 743 Romana:
2478 686 2738 743 Ecclesiae
2764 685 3087 742 subdiaconi
3117 694 3282 756 atque
3317 684 3654 749 cancellarii,

2061 782 2181 836 vice
2204 780 2415 836 domini
2433 779 2683 836 Annonis
2703 778 3049 834 Coloniensis
3069 777 3488 849 archiepiscOpi,
3510 793 3656 831 anno

2064 874 2260 944 quinto
2288 872 2635 943 pontiﬁcatus
2670 871 2859 929 domui
2889 870 3187 928 Alexandri
3210 886 3365 943 papa:
3405 869 3655 935 secuud,

2063 964 2365 1023 indictione
2387 973 2604 1037 quarta.

2741 1064 2985 1121 XXXIV.

2064 1160 2369 1217 Alexander
2407 1159 2473 1216 ΙΙ
2515 1159 2772 1216 Εεειεείω
2808 1158 3172 1215 Cremonensis
3221 1156 3573 1229 possessiones
3605 1162 3658 1209 et

2625 1232 2755 1301 jura
2785 1233 3084 1301 conﬁrmat.

2664 1323 2845 1394 (Auno
2884 1323 3068 1395 1066.)

2351 1416 2642 1490 Nonum,
2673 1415 2842 1469 Italia
2871 1432 3049 1481 sacra,
3079 1413 3145 1467 Ν
3164 1456 3177 1481 ,
3219 1411 3375 1486 597.]

2136 1511 2465 1567 Αιειλκυειι
2492 1515 2804 1583 episcopus,
2829 1528 3021 1567 servus
3047 1526 3331 1565 servorum
3362 1507 3478 1574 Dei,
3507 1506 3655 1561 Cha-

2067 1602 2290 1658 rissimo
2324 1603 2479 1657 fratri
2524 1603 2777 1658 HUBALDO
2820 1601 3179 1657 Cremonensi
3205 1601 3482 1670 episcopo,
3513 1599 3659 1654 suis—

2068 1714 2175 1769 que
2204 1697 2636 1754 suceessoribus.
2732 1736 2737 1739 ι

2002 1813 2046 1868 Β
2140 1792 2409 1851 Pastorali
2439 1792 2805 1849 sollicitudine
2826 1806 2954 1863 erga
2984 1788 3216 1846 salutem
3245 1786 3656 1843 Dominicarum

2074 1887 2259 1941 ovium
2300 1902 2398 1941 seu
2438 1887 2840 1956 reparationem
2879 1885 3151 1938 bonorum
3192 1879 3547 1936 ecclesiarum
3570 1880 3656 1932 vi:

2074 1979 2371 2049 gilantibus
2412 1986 2566 2033 tanto
2607 1977 2917 2048 promptius
2959 1974 3274 2046 apostolicae
3319 1969 3659 2028 auctoritatis

2072 2071 2413 2141 protectionc
2451 2072 2716 2125 debemus
2754 2068 3041 2139 providere
3073 2074 3285 2136 quanto
3323 2078 3420 2119 eos
3446 2071 3559 2117 tam
3593 2076 3659 2116 ea

2073 2177 2196 2232 qua:
2223 2161 2349 2216 Jcsu
2378 2160 2584 2217 Christi
2609 2169 2847 2227 constat,
2871 2174 3037 2230 quam
3059 2173 3182 2228 qua:
3205 2173 3303 2212 sua
3329 2163 3477 2223 sunt,
3505 2170 3658 2226 qua:-

2072 2270 2214 2310 rerc.
2244 2252 2418 2319 Unde,
2441 2253 2765 2310 eharissime
2795 2251 2983 2318 frater,
3005 2252 3136 2323 quia
3162 2250 3480 2320 religionem
3509 2256 3659 2303 tuam

2073 2362 2268 2401 eorum
2310 2347 2487 2418 magis
2526 2347 2848 2416 pontiﬁcum
2894 2344 3129 2399 formam
3174 2344 3270 2414 qui
3316 2343 3524 2398 laboris
3571 2341 3658 2396 sui

2072 2437 2353 2509 diligentia
2382 2454 2651 2509 pauperes
2672 2437 2932 2492 ecclesias
2956 2436 3061 2491 sibi
3088 2435 3415 2490 commissas
3439 2434 3656 2500 ditaret,

2074 2531 2262 2584 studes
2301 2544 2398 2600 per
2428 2529 2614 2583 omnia
2655 2528 2859 2582 imitari
2888 2541 3052 2599 quam
3093 2540 3190 2582 eos
3233 2524 3329 2596 qui
3367 2523 3576 2581 deliciis
3604 2531 3661 2577 et

2074 2623 2432 2678 saecularibus
2467 2620 2680 2692 pompis
2716 2618 3116 2674 ecclesiasticas
3155 2617 3376 2673 divitias
3404 2617 3463 2671 in
3494 2615 3659 2670 mise-

2074 2716 2303 2771 rabilem
2352 2715 2605 2786 redigunt
2636 2720 3034 2785 paupertatem,
3070 2710 3235 2780 justaa
3274 2707 3522 2780 petitioni
3551 2715 3660 2761 tum

2075 2828 2362 2868 assensum
2392 2812 2717 2882 praebemus,
2742 2819 2797 2864 et
2816 2822 3089 2862 memores
3112 2807 3455 2860 inconcussas
3481 2803 3658 2858 ﬁdeli-

2077 2909 2205 2963 tatis
2226 2917 2335 2963 ture
2375 2922 2503 2978 erga
2547 2905 2901 2977 apostolicam
2945 2903 3149 2969 sedem,
3188 2916 3252 2956 ea
3289 2914 3411 2970 quae
3439 2909 3545 2953 tute
3570 2912 3661 2952 ec-

2075 3003 2255 3060 clesia:
2276 3003 2567 3074 suutjuste
2588 3002 2805 3067 collata,
2829 3016 2926 3055 seu
2952 2998 3009 3052 in
3034 2997 3280 3052 futurum
3308 2993 3658 3061 conferenda,

2075 3113 2306 3169 quaeque
2328 3098 2383 3151 in
2406 3102 2674 3167 praecepto
2695 3092 3007 3151 charissimi
3028 3091 3125 3145 ﬁlii
3150 3088 3323 3145 nostri
3353 3086 3497 3159 regis
3517 3083 3663 3140 Hen-

2077 3196 2177 3250 rici
2197 3194 2547 3248 continentur
2578 3190 2681 3245 sub
2705 3190 2872 3244 tutela
2901 3195 3103 3242 sauctm
3125 3184 3385 3243 Romanae
3408 3183 3664 3239 Ecclesia:

2077 3284 2433 3356 snscipimus,
2472 3291 2528 3338 et
2571 3299 2667 3353 per
2701 3281 2866 3351 hujus
2904 3280 3077 3335 nostri
3106 3276 3372 3348 privilegii
3405 3275 3661 3348 paginam

2077 3379 2467 3433 conﬁrmamus
2501 3375 2599 3430 tibi
2623 3374 2840 3443 tuisque
2881 3371 3298 3427 successoribus
3325 3367 3658 3440 quidquid...

2076 3470 2297 3536 telonei,
2322 3478 2485 3538 atque
2513 3466 2786 3537 portatici,
2815 3480 2912 3519 seu
2940 3463 3176 3534 ripatici,
3208 3463 3275 3516 de
3302 3459 3661 3515 Cremonensi

2078 3562 2297 3617 civitate
2329 3561 2395 3615 ad
2422 3560 2696 3630 publicam
2728 3556 3067 3611 functionem
3090 3553 3371 3624 pertinuit,
3399 3568 3565 3623 quam
3593 3551 3661 3606 de

2077 3655 2212 3733 ipsis
2253 3654 2565 3709 civitatibus
2613 3651 2927 3717 comitatus,
2973 3663 3139 3718 quam
3183 3647 3250 3702 de
3289 3654 3442 3716 parte
3491 3644 3661 3699 curtis
3721 3663 3725 3667 ·

2079 3747 2331 3818 δρχμίιω,
2372 3762 2473 3802 nec
2516 3761 2623 3801 non
2660 3761 2826 3815 ripas,
2859 3751 2914 3797 ct
2951 3757 3237 3812 piscartas,
3269 3756 3301 3795 a
3346 3736 3661 3809 Vulpariolo

2076 3857 2253 3913 usque
2298 3840 2353 3896 in
2410 3848 2574 3910 caput
2611 3838 2836 3905 Adduas,
2882 3852 3008 3892 cum
3051 3834 3375 3889 molendinis
3425 3842 3478 3887 et
3534 3838 3661 3887 cum

2078 3935 2515 4004 uniuscujusque
2555 3932 2712 3988 navis
2736 3932 2894 3986 solita
2930 3945 3119 3996 censu,
3167 3928 3312 3982 sicut
3350 3926 3662 3981 continetur

2075 4028 2133 4083 in
2165 4034 2434 4098 praecepto
2456 4034 2510 4080 ct
2542 4025 2764 4080 novitiis
2786 4024 2917 4089 tuis,
2943 4038 3039 4077 seu
3063 4032 3188 4076 eum
3210 4036 3308 4093 per
3333 4019 3660 4075 solutionem

2077 4120 2324 4175 omnium
2349 4118 2567 4172 navium
2596 4132 2763 4173 causa
2785 4114 3075 4186 navigandi
3100 4112 3428 4168 Cremonam
3455 4113 3663 4167 adeun-

2076 4214 2236 4279 tium,
2275 4220 2386 4266 tam
2428 4211 2811 4265 Venettcorum
2850 4223 3018 4278 qtiam
3054 4222 3376 4261 cancrorum
3415 4208 3660 4272 navium,

2077 4314 2131 4358 et
2176 4320 2301 4359 cum
2347 4311 2539 4358 curata
2579 4303 2830 4367 omnium
2874 4302 3218 4374 negotiorum
3261 4315 3385 4370 quae
3428 4299 3567 4353 ﬁunt
3606 4301 3662 4353 in

2078 4397 2334 4466 prtedicta
2372 4395 2526 4463 ripa;
2566 4393 2961 4449 districtionem
2998 4407 3128 4447 vero
3155 4390 3412 4459 civitatis,
3437 4390 3578 4445 infra
3609 4399 3665 4445 et

2077 4499 2250 4556 extra,
2288 4504 2383 4559 per
2403 4488 2646 4559 quinque
2675 4486 3061 4541 milliariorum
3084 4485 3258 4555 spatia
3281 4502 3295 4551 ;
3323 4485 3495 4539 altare
3523 4500 3665 4554 quo-

2076 4600 2183 4654 que
2213 4582 2395 4637 Sancti
2429 4580 2692 4653 llymerii,
2740 4580 3082 4646 canonicam,
3114 4587 3325 4648 portas,
3362 4579 3661 4646 multones,

2077 4692 2269 4746 equos,
2302 4684 2530 4742 tractus,
2559 4691 2745 4745 opera,
2769 4675 3073 4740 districtus,
3101 4675 3421 4745 legationes,
3452 4674 3662 4739 hostes,

2078 4786 2325 4833 tnunera,
2353 4776 2590 4837 sotrum,
2613 4778 2667 4823 et
2693 4777 2889 4823 caetera
2913 4784 3037 4836 qua:
3066 4770 3120 4822 in
3146 4766 3372 4838 praefato
3395 4775 3665 4836 praecepto

2076 4865 2456 4927 continentur;
2500 4873 2713 4918 curtem
2749 4876 2989 4931 quoque,
3035 4877 3158 4935 quae
3196 4859 3494 4913 Bat'ianum
3531 4862 3669 4915 dici-

2077 4966 2188 5023 tur,
2230 4954 2485 5020 Maleum,
2536 4956 2806 5021 Crottam,
2851 4956 3279 5015 Moneodanum,
3320 4949 3674 5018 Nualtellam,

2080 5050 2477 5106 Monterionem
2502 5064 2629 5106 cum
2663 5051 2881 5116 castris,
2905 5056 2961 5104 et
2984 5053 3133 5107 villis
3161 5056 3469 5110 eorumque
3509 5044 3681 5115 perti-

2079 5143 2309 5174 ηηηοεὲιιο
2342 5146 2590 5174 θηρὶ-ιιι...
2617 5145 2680 5174 ΑΛ
2704 5141 3059 5174 ῺΛητηηοηρι-ι.
3090 5154 3215 5174 ..ι-ιιι
3243 5136 3393 5174 nmni
3424 5149 3525 5174 mm
3556 5138 3692 5174 inin-
