4050 5358
343 298 483 384 me
500 297 511 311 ’
1620 298 2016 376 ᾸΙᾸΞΧΑΝΒΒΙ
2043 317 2087 375 n
2115 316 2317 377 parm
3491 318 3649 381 1316‘

342 441 579 497 statione
608 448 670 495 ut
690 411 875 496 nullus
920 436 1251 508 imperator,
1293 450 1421 502 rex,
1466 433 1607 500 dux,
1651 436 1929 505 marcbio,
1963 443 2008 497 Α
2034 440 2339 504 evomebat,
2380 437 2557 493 sancti
2605 436 2705 492 zeli
2741 437 2908 493 vestri
2948 437 3066 494 zelo
3104 428 3420 509 perfossum
3464 448 3633 512 atque

339 549 549 600 comes,
579 532 907 598 vicecomcs,
932 545 1109 601 neque
1141 529 1252 584 ulla
1281 544 1477 599 magna
1505 543 1784 600 parvaque
1809 546 1935 601 per-
2034 531 2323 599 praecisum
2355 544 2414 585 se
2434 530 2665 586 virtutis
2678 539 2874 588 vestrae
2896 531 3132 602 pugione
3168 532 3431 602 suspirat.
3462 531 3632 587 Plane

342 642 498 693 sona,
529 626 596 682 de
631 626 719 681 his
742 624 1019 689 omnibus,
1055 638 1180 693 qum
1212 630 1377 692 supra
1416 622 1694 693 leguntur;
1720 637 1932 693 pmsu—
2034 621 2130 690 qui
2155 620 2623 691 serpentidudum
2650 623 2704 677 in
2733 623 2989 693 paradiso
3015 623 3390 680 damnationis
3411 633 3632 681 aeterna?

341 726 458 773 mat
490 717 676 789 aliquo
698 717 846 773 malo
867 717 1051 772 studio
1078 714 1317 782 auferre,
1342 729 1439 769 seu
1464 722 1520 769 te
1544 722 1784 786 tuosque
1807 730 1936 771 suc-

341 824 596 865 cessores
626 810 951 879 inquietare.
984 805 1140 875 Quod
1166 805 1213 862 si
1252 806 1453 878 aliquis
1472 815 1765 862 temerario
1794 822 1934 863 ausu

342 910 539 957 contra
589 901 756 972 hujus
805 900 981 956 nostri
1033 898 1304 971 privilegii
1347 900 1725 954 auctoritatem
1775 914 1935 971 agere

341 995 789 1067 praesumpserit,
820 1003 874 1049 et
913 1001 1039 1064 post
1087 992 1338 1047 notitiam
1392 992 1557 1062 hujus
1594 992 1935 1047 auctoritatis
1966 1012 1969 1015 ·

342 1088 637 1143 emendare
662 1085 1075 1157 contempserit,
1114 1085 1439 1139 auctoritate
1481 1084 1765 1139 beatorum
1798 1100 1933 1156 apo-

345 1184 612 1237 stolorum
637 1180 782 1236 Petri
806 1188 865 1235 et
890 1178 1045 1234 Pauli
1074 1178 1429 1248 omniumque
1453 1187 1767 1233 sanctomm
1800 1178 1936 1233 sciat

344 1291 404 1331 se
452 1290 632 1346 usque
687 1275 757 1331 ad
804 1275 1026 1347 dignam
1079 1271 1514 1327 satisfactionem
1560 1271 1935 1327 excommuni-

345 1377 529 1424 catum
564 1375 619 1423 et
652 1380 689 1423 a‘
717 1382 887 1439 regno
920 1366 1016 1421 Dei
1060 1364 1322 1419 alienum.
1354 1363 1425 1418 At
1444 1378 1576 1419 vero
1614 1364 1708 1435 qui
1746 1372 1934 1420 custos

343 1472 400 1519 et
425 1464 744 1519 observator
763 1460 1052 1525 exstiterit,
1083 1474 1113 1513 a
1141 1456 1663 1512 misericordissimo
1700 1456 1935 1511 Domino

344 1555 739 1626 omnipotente,
784 1551 1019 1608 Domino
1058 1558 1244 1606 nestro
1278 1547 1409 1605 Jesu
1449 1547 1692 1617 Christo,
1736 1564 1933 1605 conse-

342 1658 550 1725 quatur
569 1656 831 1703 aeternam
854 1634 1045 1699 vitam.

419 1740 615 1796 Datum
642 1738 918 1803 Laterani,
944 1752 1006 1791 m
1042 1730 1267 1790 Kalend.
1298 1732 1587 1801 Novemb,
1616 1749 1713 1805 per
1737 1749 1934 1790 manus

347 1840 552 1885 sam-tie
584 1828 845 1883 Romana:
878 1825 1137 1882 Ecclesia:
1166 1823 1509 1891 subdiaconi,
1542 1804 1933 1881 acibibliothe-
1965 1804 2010 1859 Β

346 1921 504 1988 caiii,
539 1936 684 1975 anno
717 1936 791 1975 vit
815 1916 1011 1990 pontif.
1045 1916 1107 1971 D.
1153 1916 1446 1971 Alexandri
1479 1930 1630 1988 papa:
1650 1914 1716 1984 ll,
1744 1917 1815 1972 ab
1838 1915 1933 1972 ln—

347 2013 667 2095 carnatione
697 2026 830 2067 vero
850 2009 1067 2065 Domini
1089 2008 1247 2076 1066,
1272 2009 1457 2065 indict.
1491 2025 1543 2065 ν.

1028 2099 1251 2156 XXXV.

350 2182 654 2255 Alexander
691 2194 759 2252 11
800 2197 1110 2252 monasterii
1146 2193 1473 2250 Gellenensis
1512 2204 1677 2249 totam
1718 2180 1945 2250 ordina-b

414 2272 613 2325 tionem
659 2278 709 2324 et
758 2269 1160 2339 dispositionem
1212 2266 1392 2321 abbati
1440 2275 1491 2322 et
1540 2268 1937 2339 congregationi

390 2388 397 2395 .
421 2340 712 2397 Anieneissi
737 2341 947 2396 asserit.

946 2430 1127 2503 (Anno
1166 2428 1352 2501 1066.)

656 2522 885 2597 [MabilL
908 2521 1106 2581 Annal.
1134 2521 1331 2579 Bened.
1358 2520 1448 2590 IV,
1476 2520 1630 2594 679.]

421 2618 715 2673 Anienensi
727 2618 789 2671 in
803 2615 1131 2687 Septimania
1148 2616 1467 2687 monasterio
1480 2614 1578 2687 hoc
1594 2630 1734 2669 anno
1755 2611 1939 2687 (1066)

353 2698 577 2762 praeerat
611 2684 1070 2762 E_tn_m_eno'abbas,
1093 2697 1266 2762 antea
1281 2684 1627 2762 (ξειιοηεηδὶε
1632 2684 1939 2762 monachus,

354 2753 477 2816 dein
500 2759 718 2815 ccenobii
744 2755 929 2813 Sancti
954 2757 1103 2812 Petri
1138 2756 1202 2811 de
1227 2754 1402 2823 Salre,
1425 2765 1563 2827 quod
1585 2753 1792 2810 Gelloni
1817 2755 1963 2809 sub-‘

353 2841 495 2899 erat,
530 2832 585 2885 in
620 2847 757 2901 pago
796 2828 1148 2883 Nemausensi
1176 2829 1343 2901 prior,
1372 2843 1434 2901 ac
1455 2828 1665 2901 demunt
1694 2827 1947 2901 ante_cir-

356 2897 489 2958 riter
520 2897 918 2957 annos—Pontio
955 2897 1184 2955 Anianar
1214 2899 1396 2955 abbati
1433 2898 1768 2969 subrogatus.
1808 2897 1943 2966 Ejus

358 2985 585 3045 tempore
610 2971 963 3045 Cellonenses,
1006 2971 1095 3045 qui
1126 2970 1190 3024 ab
1233 2969 1433 3039 origine
1469 2968 1696 3045 Aniame
1720 2968 1944 3045 subjecti

356 3039 1026 3117 juefant,gAnianensiui_n_i
1046 3040 1236 3117 juguin
1284 3047 1524 3117 excutere
1568 3039 1940 3117 moliebantur,

356 3057 590 3117 jaerant,
633 3057 1011 3097 Amanensmm
1046 3057 1236 3164 quum
1284 3057 1524 3095 excutere
1568 3057 1940 3118 mouebantur,

354 3126 406 3171 et
479 3115 701 3185 roprios,
743 3109 1052 3166 inconsultis
1148 3111 1506 3174 nianensibus,
1551 3109 1943 3193 sibiproﬁeere

357 3132 593 3240 abfates.
629 3183 695 3238 Id
727 3200 831 3238 non
854 3199 1042 3240 passus
1070 3180 1341 3240 Emmeno.
1373 3188 1585 3234 tametsi
1610 3180 1738 3235 olim
1760 3179 1939 3237 bello-

458 3170 593 3241 ates.
629 3170 700 3238 Id
727 3200 831 3238 non
854 3199 1042 3254 passus
1070 3180 1341 3247 Emmeno,
1373 3170 1585 3254 tametsi
1610 3170 1740 3254 olim
1760 3170 1939 3254 Gello-
1968 3170 2010 3228 C

359 3259 533 3311 nensis
557 3249 863 3319 monachus,
888 3254 983 3306 hoc
1006 3252 1069 3306 de
1091 3268 1144 3305 re
1165 3252 1518 3323 expostulavit
1539 3251 1687 3323 apud
1708 3249 1942 3305 Alexan-

358 3324 515 3381 drum
538 3342 754 3411 papam.
789 3325 872 3411 Ad
900 3324 1014 3393 ejus
1037 3321 1276 3411 querelas
1306 3322 1461 3406 breve.
1483 3321 1832 3406 apostolicum
1858 3338 1943 3405 νς·
1984 3376 1993 3381 ,

358 3393 573 3467 scripsit
612 3393 939 3459 Alexander,
974 3393 1235 3466 vetuitque
1267 3409 1333 3467 ne
1370 3393 1547 3464 quivis
1583 3394 1856 3463 episcopus
1887 3394 1946 3447 in

359 3464 477 3524 loco
508 3467 807 3522 Gellonensi
848 3467 1092 3529 abbatem
1136 3464 1435 3520 benedicere
1472 3475 1787 3534 pnesuutat;
1831 3472 1947 3519 sta-

363 3549 515 3607 tuens
558 3548 613 3593 ut
651 3547 761 3592 tota
799 3538 1067 3595 ordinatio
1108 3544 1157 3590 et
1198 3536 1480 3607 dispositio
1517 3535 1665 3590 illius
1706 3534 1854 3590 cella:
1890 3534 1947 3588 in

361 3606 523 3664 manu
551 3609 758 3663 abbatis
788 3616 838 3662 et
867 3606 1286 3679 congregationis
1315 3606 1633 3661 Anianensis
1665 3607 1943 3661 consistat.

433 3702 629 3756 Datum
660 3700 945 3757 Lateranis
976 3716 1048 3754 vu
1086 3698 1213 3754 ldus
1240 3696 1564 3754 Novembris
1595 3715 1692 3770 per
1719 3714 1948 3756 manum

363 3795 509 3851 Petri
534 3792 591 3850 S.
622 3790 686 3847 Β.
712 3790 774 3848 Ε.
807 3791 1130 3851 subdiaconi
1161 3799 1325 3861 atque
1351 3791 1768 3857 bibliothecarii,
1801 3806 1947 3846 anno

363 3890 433 3944 ab
455 3885 834 3943 lncarnatione
869 3882 1085 3940 Domini
1110 3881 1269 3950 1066,
1305 3899 1451 3938 anno
1491 3899 1709 3955 quoque
1730 3882 1950 3955 pontiﬁ-

364 3990 522 4036 catus
557 3977 848 4033 Alexandri
873 3992 1027 4048 papze
1057 3975 1286 4031 secundi
1313 3992 1387 4043 tv,
1410 3976 1705 4031 indictione
1727 3992 1802 4031 tv.

447 4069 639 4125 Verum
662 4069 744 4141 his
764 4068 958 4123 litteris
977 4084 1307 4141 nequaquam
1329 4068 1571 4141 deterriti
1595 4064 1948 4141 Cellonenses,

369 4143 617 4212 proprios
648 4140 747 4194 sibi
780 4141 994 4212 abbates
1023 4138 1341 4212 n‘iliilosecus
1380 4139 1697 4212 gsriverunt.
1737 4138 1857 4212 Qua
1886 4139 1951 4194 de

371 4207 426 4267 re
446 4207 683 4283 querelas
709 4211 851 4281 apud
884 4210 1193 4283 Gregorium
1227 4207 1336 4264 VII
1369 4209 1622 4264 Emmeno
1648 4210 1878 4265 iteravit.

1039 4320 1279 4378 XXXVI.
1384 4334 1385 4337 ‘

782 4346 785 4351 ·
896 4332 899 4335 ’
1039 4322 1086 4377 Χ
1140 4321 1185 4377 Χ
1240 4322 1279 4378 l.
1384 4334 1385 4337 ‘

388 4436 403 4445 ε
458 4415 753 4472 Alexandri
778 4414 842 4469 II
867 4321 1412 4487 epistolaid‘i'lerum
1441 4414 1858 4471 Cremonensem.

890 4530 893 4531 ν
962 4508 1142 4579 (Anno
1181 4507 1365 4577 l066.)

373 4600 693 4674 [Bonizonis
720 4599 839 4655 L‘ib.
871 4601 960 4654 ad.
991 4614 1139 4674 am,
1159 4601 1311 4674 apud
1336 4598 1549 4674 Ocresia
1594 4598 1787 4655 Rerum
1818 4599 1951 4655 Boi-

804 4687 988 4726 carum
1023 4670 1248 4742 Scriptq
1271 4670 1336 4739 ll,
1368 4670 1520 4743 808.]

444 4762 1030 4829 Atsxmnenﬂaervus
1079 4780 1363 4821 servorum
1409 4762 1530 4831 Dei,
1564 4762 1955 4820 Cremonensis

375 4854 634 4915 Ecclesiae
648 4854 1163 4926 religiosisclericis,
1183 4865 1239 4911 et
1255 4856 1395 4912 lideli
1404 4856 1504 4912 bus
1526 4855 1703 4921 laicis,
1724 4855 1955 4911 salutem

373 4958 428 5021 et
456 4946 810 5018 apostolicam
840 4947 1290 5005 benedictionem.

446 5039 761 5111 lnspiratori
785 5040 1034 5099 omnium
1052 5040 1321 5099 bonorum
1349 5039 1461 5096 Deo
1494 5049 1549 5096 et
1577 5040 1737 5097 bona:
1761 5040 1958 5096 volun-

376 5132 505 5174 tatis
541 5132 747 5174 nuptm-i
784 5133 980 5174 “imm
1015 5131 1306 5174 ιιρΐριυίτηιια
1341 5132 1557 5174 σνειίὶοι
1596 5131 1688 5174 ηιιί
1722 5145 1824 5174 ναι
1855 5130 1956 5174 ad.

2029 713 2299 784 judicium
2338 714 2549 781 intulit,
2591 714 2709 785 ipse
2734 729 2835 770 vos
2872 716 3139 771 adversus
3175 716 3499 772 modernam
3530 733 3633 773 occ

2034 806 2165 861 culti
2189 806 2448 862 draconis
2476 807 2736 862 astutiam
2782 807 3115 863 unanimiter
3142 806 3411 863 incitavit.
3448 808 3630 875 Quam

2034 898 2106 953 ob
2139 913 2255 954 rem
2297 898 2505 954 sanctis
2546 899 2837 955 conatibus
2870 901 3103 955 vestris-
3118 908 3177 955 et
3208 900 3378 971 hujus
3422 911 3632 957 sanctae

2035 991 2182 1046 sedis
2210 991 2524 1061 apostolicae
2546 991 2770 1045 accedat
2795 992 2969 1063 vigor,
2998 992 3105 1047 hoc
3141 993 3325 1063 ipsum
3355 993 3500 1063 apud
3528 1009 3633 1050 vos

2033 1096 2130 1151 per
2148 1083 2331 1137 omnia
2358 1082 2708 1138 decernimus
2731 1082 3133 1137 observandum
3159 1085 3310 1155 quod
3341 1099 3373 1140 a
3419 1088 3661 1141 sanais'

2033 1174 2525 1244 praedecessor-ibus
2548 1174 2755 1231 nostris
2783 1182 2837 1230 et
2856 1190 2886 1229 a
2908 1177 3125 1232 cunctis
3148 1191 3287 1247 pene
3310 1188 3630 1234 sanctorum

2034 1283 2307 1323 canonum
2351 1266 2731 1324 conditoribus
2773 1283 2885 1322 non
2919 1268 3249 1340 ambigimus
3290 1268 3630 1337 institutum,

2032 1360 2284 1415 videlicet
2303 1367 2364 1414 ut
2383 1368 2497 1416 tam
2523 1359 2844 1427 subdiaconi
2866 1375 3032 1431 quam
3055 1360 3274 1417 diaconi
3305 1363 3404 1418 sed
3425 1373 3479 1419 et
3506 1379 3633 1435 per-

2035 1454 2275 1509 maxime
2303 1453 2635 1521 sacerdotes,
2660 1454 2756 1524 qui
2782 1454 3108 1511 mulieribus
3127 1456 3336 1513 carnali
3357 1471 3659 1527 comma».

2034 1545 2122 1601 cio
2151 1545 2527 1600 admiscentur
2560 1553 2616 1600 et
2652 1543 2970 1601 Simoniaca
2995 1546 3158 1602 sorde
3183 1548 3377 1617 polluti
3404 1558 3553 1615 sunt,
3578 1557 3636 1604 et

2035 1637 2423 1693 ecclesiasticis
2470 1646 2693 1692 careant
2715 1637 2997 1694 beneficiis
3022 1646 3078 1697 et
3120 1648 3386 1710 perceptae
3410 1641 3634 1710 priven-

2036 1745 2126 1792 tur
2153 1729 2330 1785 cilicio
2354 1729 2659 1801 dignitatis.
2691 1727 2983 1801 Indignum
3024 1739 3111 1786 est
3143 1731 3293 1787 enim
3335 1742 3396 1788 ut
3428 1734 3526 1804 qui
3548 1733 3659 1789 vel-

2038 1842 2133 1896 per
2159 1825 2610 1881 incontinentiam
2631 1826 2837 1891 carnis,
2858 1826 2946 1881 vel
2982 1842 3080 1897 per
3119 1829 3514 1884 commercium
3540 1845 3635 1884 sa-

2038 1919 2253 1991 crilegae
2278 1919 2586 1976 venalitatis
2612 1920 2853 1989 suscepti
2875 1921 3085 1977 ordinis
3104 1922 3355 1992 privatur
3395 1923 3631 1991 honore,

2037 2012 2410 2068 ecclesiastica
2456 2013 2701 2083 potiatur
2722 2014 2953 2069 ulterius
2980 2013 3259 2072 facultate.

2109 2107 2348 2165 Caeteros
2371 2119 2554 2164 autem
2579 2109 2829 2176 clericos,
2854 2108 2952 2179 qui
2984 2110 3238 2166 videlicet
3278 2109 3635 2167 inferioribus

2038 2201 2323 2272 potiuntur
2351 2200 2563 2267 olﬁciis,
2590 2202 2639 2256 si
2667 2201 2934 2271 legalibus
2957 2202 3378 2275 conjugiissuut
3406 2204 3635 2275 obligati

2041 2293 2098 2347 in
2120 2292 2242 2348 suis
2263 2292 2523 2364 gradibus
2544 2307 2767 2349 manere
2786 2293 3163 2364 praecipimus,
3187 2298 3244 2351 e1
3264 2294 3635 2365 competentia

2038 2385 2395 2440 ecclesiastici
2436 2392 2689 2455 sumptus
2716 2383 2985 2443 beneficia
3034 2401 3145 2441 non
3189 2402 3475 2459 negamus.
3521 2384 3639 2443 Sed

2039 2478 2174 2549 quia
2224 2477 2489 2533 nonnulla
2545 2486 2745 2549 praeter
2800 2478 2939 2537 imo.
2968 2493 3099 2549 quas
3144 2480 3303 2536 vobis
3355 2490 3486 2536 sunt
3534 2481 3637 2536 ad—

2046 2570 2271 2625 modum
2336 2569 2689 2637 necessaria,
2745 2578 2807 2625 ut
2867 2587 2915 2626 σα
2982 2580 3171 2629 nostra
3237 2573 3637 2645 respondeatur

2042 2652 2365 2719 auctoritate
2416 2663 2673 2719 consultu
2725 2664 3014 2720 hortamur
3065 2673 3129 2720 ut
3177 2666 3455 2738 synodale.
3488 2682 3630 2722 coa-

2041 2755 2253 2821 cilium,
2282 2754 2429 2826 quod
2461 2764 2687 2810 auctore
2733 2754 2847 2811 Deo
2896 2765 3020 2827 post
3062 2757 3371 2826 proximum
3417 2757 3633 2815 Pascha

2043 2847 2366 2903 celebraturi
2399 2862 2612 2914 sumus,
2665 2847 2960 2918 prudentes
2986 2864 3054 2904 ex
3098 2849 3256 2904 vobis
3279 2851 3427 2907 viros
3447 2852 3636 2908 venire

2044 2958 2151 2997 non
2175 2941 2353 3012 pigeat
2379 2942 2476 3011 qui
2502 2941 2661 2997 nobis
2690 2941 2955 3012 quidquid
2999 2943 3327 3015 exigendum
3375 2953 3479 3010 est,
3533 2961 3635 3001 ve-

2017 3034 2283 3103 strisque
2306 3033 2633 3090 utilitatibus
2654 3034 3046 3093 conferendum
3069 3051 3179 3091 non
3201 3052 3296 3107 per
3308 3037 3515 3107 judicia
3542 3039 3636 3094 lit-

2043 3135 2308 3192 terarum,
2339 3126 2433 3182 sed
2460 3142 2560 3197 per
2586 3126 2725 3182 viva:
2768 3127 2919 3183 vocis
2960 3127 3197 3183 oiiicium
3238 3139 3487 3201 patenter
3534 3148 3634 3187 ex-

2042 3228 2265 3292 ponant.
2297 3218 2434 3275 liuic
2485 3220 2632 3275 enim
2680 3220 2842 3287 bello,
2865 3222 3013 3292 quod
3041 3224 3158 3279 zelo
3203 3224 3373 3279 divini
3400 3224 3636 3283 fervoris

2042 3314 2176 3370 estis
2197 3313 2462 3385 aggressi,
2485 3328 2598 3369 non
2629 3314 2870 3385 segniter
2890 3315 2985 3369 sed
3004 3317 3155 3371 omni
3177 3318 3395 3375 virtutis
3420 3319 3638 3376 instan-

2045 3410 2118 3466 tia
2142 3409 2387 3464 Romana
2436 3409 2595 3466 sedes
2637 3410 2899 3476 accurrit,
2924 3411 3211 3467 brachium
3241 3414 3494 3486 porrigit,
3515 3416 3637 3488 cly-

2043 3488 2207 3573 peum
2234 3500 2570 3557 defensionis
2598 3503 2823 3573 opponit
2853 3512 2908 3559 et
2926 3519 3043 3571 vos,
3072 3514 3132 3559 ut
3161 3507 3336 3579 magis
3364 3522 3429 3563 ac
3459 3510 3637 3582 magis

2045 3596 2192 3651 circa
2208 3595 2453 3650 membra
2475 3594 2677 3651 diaboli
2697 3611 2807 3651 non
2830 3598 3102 3653 enerviter
3125 3598 3227 3671 (ita
3245 3601 3430 3674 codex)
3460 3601 3640 3658 insur-

2047 3708 2171 3764 gere
2202 3690 2466 3755 debeatis,
2494 3691 2761 3746 accendit.
2780 3689 2953 3763 lgitur
3000 3695 3356 3765 unusqnique
3389 3704 3638 3753 vestrum

2047 3786 2244 3843 divinat
2277 3786 2498 3842 virtutis
2534 3802 2798 3842 mucrone
2821 3790 3149 3859 praecinctus
3189 3791 3375 3846 dicat:
3404 3791 3463 3847 Si
3508 3796 3637 3852 uuis
3716 3814 3721 3817 ί

2047 3891 2134 3938 cst
2197 3880 2413 3935 Domini
2453 3881 2647 3954 jungat
2681 3897 2741 3936 se
2775 3896 3014 3950 mecum,
3040 3885 3231 3954 sicque
3269 3900 3396 3941 cum
3451 3885 3639 3960 Moyse

2049 3976 2210 4047 quasi
2229 3976 2296 4030 de
2319 3982 2475 4045 porta
2506 3974 2560 4028 in
2576 3980 2793 4045 portam
2824 3984 3132 4031 castrorum
3165 3986 3427 4049 tanquam
3471 3978 3639 4035 fervi-

2050 4069 2154 4124 dus
2184 4066 2413 4123 bellator
2441 4068 2496 4121 in
2522 4068 2818 4140 sacrilegos
2834 4068 3102 4134 irruat,ut
3130 4068 3457 4127 Simoniaca
3480 4089 3641 4129 vena-

2051 4162 2221 4217 litatis
2247 4169 2303 4216 et
2329 4159 2599 4216 clericalis
2626 4160 2875 4216 adulterii
2901 4161 3120 4232 januas,
3144 4177 3242 4234 per
3278 4179 3417 4234 quas
3447 4165 3641 4222 diabo-

2051 4254 2142 4310 lus
2171 4255 2227 4309 in
2258 4262 2498 4309 vestram
2521 4251 2700 4309 fuerat
2721 4253 3001 4326 ingressus
3029 4253 3330 4312 Ecclesiam
3366 4259 3524 4314 caesis
3546 4275 3640 4315 ca-

2052 4347 2346 4402 daveribus
2368 4346 2604 4402 claudat.
2637 4343 3014 4417 Omnipotens,
3031 4346 3373 4404 dilectissimi
3403 4350 3521 4418 lilii,
3540 4368 3639 4408 sua

2054 4456 2152 4496 vos
2180 4440 2404 4494 dextera
2438 4438 2725 4494 bcnedicat
2746 4448 2799 4494 et
2814 4455 2912 4511 per
2932 4436 3169 4495 cilicium
3216 4441 3360 4497 beati
3409 4443 3641 4515 apostoli

1984 4538 2031 4595 Ι)
2056 4533 2141 4589 sui
2159 4530 2304 4587 Petri
2320 4530 2544 4601 januam
2574 4531 2729 4587 vobis
2744 4534 2989 4588 caelestis
3013 4532 3162 4608 regni
3196 4535 3418 4605 aperiat.
3443 4536 3637 4591 Amen.

2714 4636 2980 4697 XXXVII.

2058 4732 2352 4789 Alexandri
2380 4729 2445 4785 11
2470 4732 2696 4803 epistola
2720 4734 2791 4788 ad
2812 4733 3120 4791 Cercusium
3140 4714 3443 4794 Remensem
3466 4739 3644 4793 archi—

2128 4806 2449 4891 episcopum.
2467 4832 2553 4891 :-
2570 4803 2927 4891 ‘Compatitur
2950 4807 3142 4891 afﬂicto
3168 4811 3335 4891 statui
3382 4808 3645 4891 Ecclesiae

2130 4872 2431 4935 Bernensis;
2460 4872 2775 4946 illatamque
2809 4872 3063 4947 injuriam
3096 4879 3330 4951 legitime
3369 4881 3646 4935 uindices»

2130 4946 2257 5001 dant
2290 4945 2595 5016 pollicetur.

2655 5038 2835 5110 (Anno
2868 5039 3050 5113 1066.)

2442 5127 2635 5172 [Humi
2697 5130 2885 5170 ῙῖηηρὸΙ
2946 5132 3062 5170 YIY
3135 5134 3285 5170 ακοῖ
