4050 5358
211 228 353 293 1817

1364 217 1730 279 EPISTOLE
1768 218 1856 279 ET
1895 214 2311 278 DII’LOMATA.

3346 215 3507 281 I318,

210 366 349 417 mus,
373 357 492 405 tum
526 344 655 416 quia
686 341 928 399 Ecclesia
952 349 1045 397 tua
1072 339 1377 410 antiquitus
1401 340 1542 395 inter
1560 348 1786 397 caeteras
1815 340 1861 397 Δ
1886 336 2158 391 mensium
2184 329 2601 405 diligentissimo
2622 329 3020 402 archipraasuli,
3050 339 3214 403 atque
3239 330 3293 386 in
3318 329 3482 389 Chri-

209 441 586 505 occidentales,
611 437 722 493 Deo
749 435 1008 507 propitio,
1039 434 1215 489 nitore
1265 432 1568 503 prudentia:
1618 442 1784 501 atque

209 533 483 605 religionis
521 528 882 601 resplenduit,
905 541 971 582 ae
997 541 1095 596 per
1130 525 1513 595 apostolicam,
1543 524 1633 580 cui
1672 522 1784 579 Deo

213 636 425 684 auctore
460 624 588 680 licet
620 620 827 693 indigni
874 619 1238 683 deservimus,
1267 617 1475 684 sedem,
1534 616 1786 688 magnifi-

210 727 324 775 cata
358 716 602 783 emicuit,
631 730 757 771 cum
787 713 1000 778 eadem,
1028 726 1060 766 a
1097 711 1378 781 prioribus
1424 709 1680 765 Patribus
1728 716 1788 765 et

209 809 698 881 pmdecessoribus
718 821 828 861 non
852 805 1194 874 discrepans,
1225 802 1280 858 in
1301 803 1425 859 sinu
1446 816 1550 858 suo
1574 810 1629 857 te
1654 801 1786 856 reti-

208 916 330 956 nere
360 911 413 956 et
432 900 720 957 charitatis
747 897 1037 954 dulcedine
1064 894 1251 951 fovere
1295 894 1591 950 desiderat.
1649 892 1786 961 Quae

209 993 454 1063 querela,
478 992 581 1047 etsi
630 993 772 1047 inter
810 991 1013 1049 damna
1058 988 1317 1044 Ecclesia:
1350 1003 1476 1059 quae
1514 986 1781 1054 referunt,

209 1085 342 1140 inter
362 1085 581 1139 dolores
607 1093 661 1138 et
697 1082 931 1155 gemitus
956 1082 1141 1137 cordis
1169 1082 1247 1136 tui
1302 1096 1445 1152 quos
1492 1081 1787 1152 depingere

208 1177 552 1244 contendunt,
602 1177 796 1232 saltem
839 1174 967 1248 {al.,
1024 1174 1283 1247 salutem}
1326 1174 1565 1244 pectoris
1606 1175 1686 1229 tui
1728 1182 1785 1231 et

209 1269 513 1329 ﬁdelitatem
529 1285 701 1340 quam
724 1277 928 1327 nostra:
946 1266 1207 1323 Romana:
1226 1268 1473 1334 adhibes,
1488 1276 1545 1321 et
1562 1268 1781 1323 unicam

208 1372 259 1418 et
292 1363 563 1419 sinceram
598 1343 951 1416 dilectionem
973 1374 1142 1429 quam
1171 1367 1279 1413 tua:
1315 1356 1571 1413 Remenst
1597 1372 1784 1414 servas

209 1453 477 1521 Ecclesia),
499 1454 634 1510 satis
661 1453 870 1508 urbane
890 1460 947 1507 et
966 1451 1197 1507 honeste
1215 1450 1664 1516 monstraverint,
1678 1464 1784 1505 nos

207 1555 380 1604 tamen
436 1556 714 1617 utcunque
761 1552 999 1616 arguunt
1057 1543 1188 1614 quia
1222 1542 1497 1599 vindicem
1541 1543 1783 1614 gladium

207 1656 362 1699 manu
398 1640 715 1712 apostolicae
747 1636 972 1693 ultionis
1008 1636 1063 1692 in
1096 1636 1443 1692 adversarios
1496 1643 1624 1691 tuos
1662 1636 1780 1706 jam

1884 438 1972 484 sto
1999 427 2356 485 dilectissimo
2402 421 2581 493 fratri,
2629 424 2862 480 salutem
2900 432 2956 479 et
2987 424 3344 496 apostolicam
3389 426 3485 480 be-

1884 520 2273 578 nedictionem.

1962 613 2107 668 Visis
2127 611 2486 669 fraternitatis
2507 618 2616 667 tua:
2634 610 2851 679 litteris,
2874 610 3324 682 coepiscopon
3344 628 3484 681 quo-

1883 724 1991 780 que
2019 716 2261 774 tuorum,
2291 722 2394 763 nec
2410 722 2523 762 non
2546 714 2600 762 et
2626 704 2951 761 clericorum
2977 705 3248 761 flebilibus
3278 704 3483 761 auditis

1883 802 2161 873 querelis,
2205 797 2538 856 sensibiliter
2578 798 2945 857 intelleximus
3000 815 3167 869 quam
3222 798 3484 854 maximis

1883 894 2129 949 cladibus
2151 902 2206 950 et
2234 890 2515 957 aerumnis,
2544 898 2740 962 prmter
2769 890 3012 970 sol-itum,
3041 889 3326 948 Remensis
3366 889 3483 963 glo-

1883 986 2190 1045 riosissima
2235 985 2576 1057 opprimatur
2607 982 2866 1049 Ecclesia,
2899 994 3214 1057 quantoque
3258 994 3351 1041 tua
3388 1002 3479 1040 re-

1883 1080 2080 1152 ligiosa
2127 1078 2346 1135 dilectio
2393 1076 2666 1132 immerito
2717 1087 2965 1133 versetur
3007 1078 3081 1152 [f.
3114 1078 3367 1152 vexetur]
3396 1080 3481 1134 in-

1884 1174 2196 1230 commodo.
2252 1173 2596 1241 Quapropter
2643 1186 2771 1226 vera
2826 1172 3005 1227 allecti
3052 1173 3479 1244 eompassione,

1884 1274 2003 1322 tum
2029 1283 2092 1322 ex
2124 1266 2231 1321 loci
2270 1267 2359 1321 cui
2389 1267 2646 1323 immeriti
2671 1266 3047 1339 prmsidemus,
3082 1266 3314 1321 sollicita
3342 1282 3480 1322 can-
3506 1322 3511 1329 ι

1884 1360 2238 1427 sidcratione,
2263 1368 2379 1415 tum
2405 1361 2568 1417 etiam
2595 1376 2664 1416 ex
2694 1370 2801 1416 tua:
2840 1360 3139 1430 prudentiae
3172 1374 3480 1417 necessuu—

1883 1451 2030 1518 dine,
2060 1470 2226 1524 quam
2252 1453 2343 1524 pio
2368 1454 2647 1525 diligimus
2668 1454 2869 1509 sinceri
2889 1454 3070 1509 cordis
3095 1469 3303 1524 amore,
3327 1456 3481 1527 gravi
3510 1526 3515 1529 _

1883 1545 2087 1613 gemitu
2125 1545 2452 1601 detrimento
2500 1555 2611 1603 tum.
2651 1546 3009 1602 condolemus
3054 1545 3328 1613 Ecclesize,
3379 1563 3482 1603 nec

1885 1652 1994 1691 non
2039 1636 2261 1693 fastidio
2301 1647 2417 1704 tuo,
2458 1638 2805 1707 charissime,
2833 1638 3023 1709 procul
3060 1639 3227 1695 dubio
3255 1654 3481 1710 compa-

208 1731 350 1807 [for.,
379 1749 497 1788 non
519 1730 658 1804 jam]
678 1731 1055 1803 porreximus;
1082 1729 1355 1800 siquidem
1372 1728 1585 1799 antiqui
1604 1728 1777 1785 hostis
1813 1714 1856 1769 Β
1882 1728 2052 1783 timur
2080 1731 2370 1802 prmcipue.
2409 1728 2612 1786 Auxilii
2653 1746 2873 1802 quoque
2912 1731 3215 1797 dexteram,
3243 1744 3427 1802 quam'
3447 1747 3479 1786 a

205 1828 416 1895 invidia,
443 1827 843 1884 Antichristum
867 1842 964 1897 per
1006 1824 1312 1895 iniquitatis
1367 1823 1782 1893 conceptionem

206 1937 420 1977 suorum
456 1921 731 1976 viscerum
768 1933 997 1990 egerens
1021 1918 1088 1972 de
1117 1918 1353 1981 sentina,
1394 1916 1562 1971 tantis
1594 1930 1662 1971 eo
1698 1915 1784 1969 in-

208 2023 420 2086 gruente
475 2013 783 2068 Romanam
833 2010 1137 2068 Ecclesiam
1177 2025 1275 2081 per
1318 2007 1779 2080 quinquennium,

208 2122 343 2163 nunc
377 2106 578 2164 callida
634 2104 1080 2177 tergiversatione
1105 2144 1122 2171 ,
1178 2117 1331 2158 nunc
1382 2102 1568 2157 hostili
1623 2101 1782 2156 inva-

207 2199 349 2255 sione
381 2198 656 2268 oppressit
695 2196 973 2268 periculis,
1021 2204 1082 2251 ut
1126 2195 1385 2251 intestina
1430 2202 1639 2251 nostra
1659 2209 1785 2265 spe-

207 2291 350 2347 cialis
394 2290 660 2346 Ecclesia:
711 2288 932 2361 negotia
990 2288 1081 2343 vix
1136 2303 1428 2359 possemus
1477 2287 1742 2342 ventilare
1765 2330 1781 2356 ,

205 2383 393 2438 nedum
452 2382 757 2454 longinqua
814 2381 882 2436 ad
941 2381 1162 2451 plenum
1225 2380 1514 2436 extricare.
1579 2379 1784 2437 Verum

205 2483 319 2546 post
371 2474 597 2546 longam
661 2481 1041 2544 tempestatem
1101 2483 1157 2528 et
1210 2473 1430 2529 crebras
1491 2473 1781 2543 procellas,

206 2581 424 2632 sereno,
458 2566 611 2621 nube
656 2565 906 2637 expulsa,
955 2564 1066 2620 Deo
1106 2564 1367 2635 iubente,
1410 2565 1655 2632 reddito,
1695 2565 1783 2621 fo-

207 2658 448 2714 rensibus
502 2657 618 2728 jam
657 2671 948 2714 occurrere
987 2657 1254 2724 valemus,
1304 2658 1456 2729 quia,
1504 2658 1617 2714 Deo
1652 2674 1782 2731 pro-

162 2748 358 2821 ,pitio,
414 2750 563 2807 unde
616 2750 696 2805 ire
736 2750 1035 2807 debeamus
1086 2750 1229 2806 viam
1288 2751 1556 2807 videmus.
1608 2750 1780 2822 ({Ivo,

204 2855 251 2911 p.
290 2842 373 2909 14,
400 2857 448 2899 c.
478 2843 600 2913 4i.)
631 2841 750 2898 Non
776 2851 959 2898 tamen
994 2842 1166 2913 juste,
1189 2852 1252 2898 ut
1285 2853 1467 2899 vestra
1502 2844 1782 2915 diligentia

203 2935 361 3000 novit,
385 2943 569 3005 potest
596 2934 712 2990 fieri
740 2943 798 2990 ut
820 2934 975 3006 prius
1010 2934 1137 3005 quis
1178 2951 1211 2990 a
1245 2951 1528 3006 quoquam
1559 2936 1783 3005 prmlato

204 3027 702 3083 excommunicetur
755 3043 923 3097 quam
973 3028 1142 3082 missa
1201 3027 1459 3099 synodica
1521 3030 1784 3083 canonice

206 3118 269 3174 ad
317 3120 760 3190 respondendum
817 3130 1062 3175 vocetur.
1127 3118 1242 3190 Age
1294 3120 1493 3186 modo,
1536 3119 1782 3175 debitum

203 3215 439 3267 timentes
469 3210 722 3267 ordinem
751 3218 805 3267 et
843 3208 1175 3265 adversariis
1202 3198 1310 3264 tuis
1337 3210 1647 3265 voeatorias
1694 3210 1783 3265 lit-

204 3306 340 3356 teras
373 3302 697 3374 dirigemus,
726 3311 781 3357 et
823 3300 919 3357 tibi
960 3310 1176 3372 tuaeque
1224 3300 1479 3358 Ecclesia:
1512 3302 1785 3373 justitiam

205 3394 421 3467 exsequi
438 3394 639 3466 procul
661 3394 830 3449 dubio
854 3393 1196 3463 pollicemur.
1227 3392 1589 3464 Quapropter,
1628 3395 1782 3466 quia,

207 3491 265 3557 ut,
308 3486 493 3555 aiunt,
542 3502 829 3557 nunquam
880 3485 1273 3555 consequimur
1310 3486 1632 3553 victoriam,
1678 3488 1786 3545 nisi

204 3575 348 3645 prius
372 3578 649 3648 praecedat
675 3593 887 3650 pugna;
944 3586 1003 3632 ut
1030 3585 1158 3643 tuae,
1188 3578 1333 3633 sicut
1374 3580 1788 3638 amantissimus

206 3681 433 3739 sponsus
446 3680 501 3726 et
514 3671 772 3742 egregius
800 3677 1087 3739 patronus,
1113 3668 1374 3726 Ecclesiae
1388 3671 1629 3728 viriliter
1654 3674 1786 3729 sub-

208 3754 402 3827 venias,
430 3770 487 3818 et
510 3761 776 3818 Romana:
804 3778 899 3833 per
932 3762 1152 3817 beatum
1172 3762 1418 3830 Petrum,
1436 3765 1585 3820 velut
1610 3766 1790 3822 bonus

206 3849 363 3920 filius,
393 3862 623 3911 strenue
657 3855 967 3926 adiuvando
1006 3855 1253 3922 obedias,
1281 3863 1337 3913 et
1362 3856 1535 3914 vinem
1570 3856 1789 3914 Domini

208 3940 504 4003 indefessus
531 3947 899 4003 collaborator
924 3956 1212 4004 centenum
1256 3947 1497 4005 fructum
1545 3959 1790 4024 tempore

206 4037 487 4101 messionis
532 4040 805 4109 recipias,
854 4040 923 4096 ad
980 4040 1271 4112 synodum,
1319 4041 1432 4098 Deo
1476 4055 1790 4113 annuente,

206 4127 390 4196 quinto
441 4131 662 4187 decimo
724 4132 813 4187 die
861 4140 988 4203 post
1039 4133 1353 4203 proximum
1402 4133 1617 4193 Pascha
1663 4153 1790 4195 cum

207 4222 502 4287 praesentia:
540 4232 652 4280 tute
673 4223 962 4282 dilectione
992 4226 1394 4293 celebrandam,
1441 4230 1791 4286 sanctitatem

1883 1830 2073 1876 nostra
2101 1829 2384 1893 tantopere
2408 1824 2689 1893 postulare
2717 1822 2975 1880 studuisti
3005 1823 3304 1894 apostolica
3332 1824 3479 1888 sede,
3506 1822 3511 1827 ’

1881 1912 2096 1984 integro
2138 1915 2333 1970 aliectu
2367 1915 2606 1985 prompti
2643 1931 2859 1983 sumus,
2899 1931 3000 1986 pro
3039 1916 3249 1971 viribus
3276 1916 3484 1971 nostris

1881 2021 2094 2077 proque
2119 2008 2385 2078 temporis
2426 2008 2709 2078 qualitate,
2756 2007 3067 2064 necessitati
3106 2018 3214 2064 tua:
3249 2007 3486 2080 benigne

1881 2098 2197 2171 impendere
2244 2111 2408 2174 atque
2454 2103 2769 2173 apostolicae
2822 2101 3168 2159 auctoritatis
3229 2102 3480 2174 clypeum

1883 2193 2141 2249 omnibus
2169 2190 2455 2249 Rcmensis
2484 2193 2741 2251 Ecclesia:
2770 2195 3098 2251 adversariis
3122 2195 3353 2250 libenter
3377 2209 3480 2264 op-

1884 2299 2105 2354 ponere.
2153 2283 2259 2340 Sed
2292 2288 2584 2356 prtenuntii
2621 2288 2699 2342 tui
2734 2286 3106 2354 festinatione,
3148 2287 3242 2359 qui
3283 2302 3344 2341 se
3385 2299 3478 2343 as-

1885 2376 2098 2432 serebat
2135 2378 2373 2449 collegas
2415 2377 2568 2435 nullo
2611 2380 2775 2435 modo
2808 2395 2972 2452 posse
3012 2380 3339 2452 relinquere,
3375 2387 3481 2436 tute

1886 2484 2066 2524 causa:
2108 2470 2337 2538 habiles,
2384 2480 2569 2544 utpote
2594 2473 2648 2529 in
2695 2482 2973 2529 momento
3005 2483 3334 2544 temporum,
3372 2488 3481 2529 mt-

1886 2561 2034 2615 nime
2073 2569 2224 2629 tunc,
2257 2564 2577 2620 absentibus
2612 2565 2778 2620 etiam
2812 2566 3020 2621 nostris
3067 2563 3331 2619 fratribus
3359 2579 3483 2619 car-

1885 2652 2178 2720 dinalibus,
2212 2656 2450 2725 reperire
2496 2656 2773 2713 valuimus
2812 2656 3127 2713 consilium.
3159 2655 3266 2728 Ipsi
3292 2665 3478 2712 autem

1886 2754 2010 2814 post
2038 2746 2342 2816 paululum,
2368 2755 2475 2804 tuae
2512 2748 2801 2821 legationis
2831 2749 3236 2805 communicata
3270 2750 3482 2820 suppli-
3510 2744 3513 2747 ’

1886 2837 2121 2904 catione,
2158 2847 2214 2894 et
2260 2849 2446 2909 aptum
2494 2842 2786 2897 consilium
2827 2841 3071 2898 invenire
3104 2851 3159 2897 et
3198 2842 3483 2897 inventum

1887 2946 1997 2985 una
2041 2948 2168 2987 eum
2213 2933 2411 3004 legato,
2442 2950 2604 3005 quem
2646 2951 2678 2990 a
2724 2935 2893 2990 latere
2928 2944 3122 2990 nostro
3158 2934 3481 3006 poposcisti,

1887 3025 2184 3081 auxiliante
2224 3024 2357 3093 Deo,
2397 3042 2563 3098 quam
2600 3028 2764 3085 citius
2802 3028 3124 3100 poterimus,
3166 3029 3513 3084 curabimus

1886 3117 2135 3185 partibus
2154 3119 2353 3174 vestris
2381 3119 2636 3191 dirigere.
2658 3120 2879 3176 Interim
2910 3137 3039 3177 vero
3064 3121 3208 3177 hanc
3238 3130 3485 3178 nostram

1886 3209 2302 3278 responsionem
2336 3212 2694 3282 sull‘raganeis
2723 3211 2834 3269 tuis
2865 3213 3158 3283 episcopis,
3190 3213 3283 3284 qui
3330 3213 3488 3269 simio

1885 3298 2010 3355 liter
2048 3308 2301 3361 nostrum
2324 3314 2423 3371 per
2447 3302 2656 3358 litteras
2698 3304 3127 3374 imploraverunt
3161 3305 3485 3377 suﬂ’ragium

1886 3407 2002 3447 sua:
2026 3392 2185 3447 matri
2226 3391 2482 3449 Ecclesiae
2521 3392 2798 3463 Remensi,
2842 3395 3096 3451 intimare
3123 3412 3190 3452 ne
3220 3397 3485 3470 negligas,

1887 3484 2200 3554 apostolicze
2222 3486 2387 3553 sedis,
2418 3485 2523 3541 nisi
2556 3496 2731 3543 morte
2765 3487 3031 3545 fuerimus
3056 3491 3337 3560 praeventi,
3366 3504 3486 3547 cer-

1886 3577 2099 3634 tissime
2126 3580 2488 3649 prmstolando
2512 3581 2770 3651 legatum.

2555 3696 2798 3754 XXXIX.

1887 3786 2183 3861 Alemandri
2224 3786 2290 3842 II
2322 3789 2549 3861 epistola
2589 3790 2658 3844 ad
2696 3790 3011 3846 Cervasium
3049 3792 3354 3849 Remensem
3396 3810 3490 3850 ar-

1959 3859 2366 3931 chiepiswpum.
2388 3892 2462 3901 ———
2491 3860 2667 3917 Monet
2698 3864 2889 3918 iterum
2918 3873 2977 3917 ut
3002 3865 3228 3920 duorum
3264 3866 3488 3921 clerico-

1922 3986 1929 3991 ,
1958 3946 2081 3985 rum
2105 3930 2442 3987 Rememium
2469 3950 2688 3991 causam
2720 3935 2984 3989 terminet.

2440 4024 2622 4095 (Anno
2644 4024 2931 4097 tom-67.)

2318 4116 2535 4189 [Manen
2568 4118 2774 4174 Coucil.
2807 4119 2950 4187 XIX,
2979 4120 3060 4191 9.]

1961 4210 2284 4265 Amenanus
2320 4211 2632 4280 episcopus,
2662 4227 2859 4267 servus
2882 4222 3170 4268 Serrorum
3199 4212 3316 4277 Dei,
3344 4211 3490 4268 Gen-

115 4635 120 4643 .
210 4590 297 4643 size
322 4592 718 4660 subdiaconus,
740 4602 796 4649 et
834 4603 1023 4651 noster
1049 4595 1411 4651 cancellarius
1428 4638 1443 4663 ,
1471 4613 1636 4669 quem
1687 4614 1789 4669 pro

207 4318 350 4368 tuam
386 4315 578 4371 venire
605 4315 1005 4384 desideramus,
1030 4333 1097 4373 ae
1128 4326 1318 4375 sancto
1359 4322 1653 4377 conventui
1701 4321 1791 4377 in-

210 4392 399 4461 teriore
424 4408 728 4478 apostolica
753 4409 1078 4465 auctoritate
1106 4409 1422 4467 invitamus.
1451 4412 1534 4468 Ad
1572 4414 1690 4469 haec
1741 4416 1788 4471 si
1822 4452 1867 4507 Β

210 4496 429 4555 dilectus
461 4499 613 4556 ﬁlius
646 4509 831 4556 noster
854 4500 1050 4559 Petrus
1076 4510 1280 4559 sanctae
1311 4503 1575 4561 Romanae
1602 4504 1789 4563 Eccle—

1892 4315 2048 4355 VASIO
2091 4300 2387 4356 venerabili
2409 4300 2673 4357 eonfratri
2715 4301 3011 4361 Remorum
3053 4305 3509 4377 archiepiscopo,

1897 4392 2127 4446 salutem
2162 4401 2219 4447 et
2252 4392 2613 4463 apostolicam
2644 4395 3097 4452 benedictionem.
3465 4409 3468 4412 ’

1959 4482 2228 4539 Miramur
2273 4485 2611 4555 diligentiam
2655 4495 2839 4554 tuam,
2888 4489 3249 4546 dilectissime
3299 4488 3491 4560 frater,

1891 4577 2273 4633 auctoritatem
2307 4585 2555 4635 nostram
2594 4581 2670 4635 ita
2713 4578 3103 4652 parvipendere
3163 4592 3225 4639 ut
3270 4598 3335 4639 ea
3364 4600 3495 4655 quae

1891 4670 2098 4726 crebris
2131 4671 2487 4728 orationibus
2525 4674 2739 4733 nostris
2776 4674 2937 4745 digne
2975 4676 3290 4732 admoneris
3329 4685 3499 4746 atque

214 4784 300 4841 ρει-
332 4790 429 4832 vos
448 4777 753 4845 transierit,
778 4780 850 4837 im
882 4796 1014 4851 erga
1056 4796 1183 4838 eum
1226 4799 1285 4840 se
1339 4791 1432 4838 tua
1476 4782 1792 4842 τηιθωίης
1891 4763 2105 4833 rogaris
2142 4764 2373 4819 minime
2410 4763 2651 4824 videaris
2684 4767 2963 4837 perlicere.
3002 4768 3061 4823 Si
3102 4769 3249 4825 enim
3294 4766 3507 4835 aliquis

217 4862 401 4925 Imm,
427 4878 490 4925 ω
507 4872 972 4939 quemadmodum
1000 4888 1104 4930 nos
1131 4876 1322 4948 diligat
1346 4876 1788 4944 aﬂuat-Quod
1892 4856 1950 4910 in
1976 4857 2055 4911 tui
2082 4856 2273 4913 auxilii
2306 4854 2496 4912 favore
2529 4860 2800 4925 conﬁsus,
2839 4874 2872 4916 a
2909 4862 3159 4931 partibus
3193 4857 3407 4948 nostris
3436 4862 3521 4919 ad

219 4964 390 5017 autem
433 4961 600 5018 citius
642 4963 890 5033 apicibus
931 4965 1041 5021 tuis
1086 4983 1201 5026 non
1236 4945 1646 5039 respondimus,
1682 4986 1786 5027 non

1898 4956 1954 5003 te
1974 4949 2227 5006 veniendi
2254 4948 2538 5005 fastidium
2582 4955 2847 5025 arriperet
2874 4954 3011 5010 etin
3042 4945 3377 5011 confidentia
3411 4962 3541 5012 sua

1900 5049 2162 5115 deceptus
2188 5041 2347 5098 nihil
2392 5042 2710 5114 proliceret,
2738 5047 3015 5101 credimus
3060 5042 3212 5120 quod
3273 5037 3577 5107 Charitas

1898 5144 1998 5194 tua
2032 5154 2140 5193 non
2165 5150 2361 5209 parum
2391 5134 2630 5198 doleret.
2662 5139 2736 5197 Ut
2769 5139 2915 5195 enim
2939 5140 3009 5195 de
3031 5133 3306 5212 patientia
3335 5142 3578 5202 nostra

2482 5244 2599 5262 ΙΙ..-
2624 5231 2820 5262 αλκ-δέει
2861 5233 3245 5260 ιιΑΑοξκΑε-...ση
3276 5223 3531 5260 ῡΔθΜΙυ-νδ

212 4684 482 4751 responsis
503 4685 897 4742 ecclesiasticis
932 4697 1144 4743 vestras
1181 4689 1248 4744 ad
1276 4696 1461 4759 partes
1511 4690 1787 4759 misimus,

219 5050 387 5121 nobis,
415 5054 511 5110 sed
574 5055 656 5113 tui
712 5056 872 5128 legati
920 5058 1105 5117 nimias
1150 5064 1379 5136 deputes
1432 5060 1801 5121 festinationi.

859 5169 1145 5235 XXXVIII.

1898 5234 2118 5264 ί-οΛιιὲιηι
2152 5241 2399 5262 Canna-vana
2406 5243 2430 5262 ο
