4050 5358
497 217 632 271 1M9

491 346 605 404 qua
642 324 855 384 Christi
875 320 1117 378 Ecclesia
1142 316 1405 374 aediﬁcata
1438 324 1543 379 est,
1586 312 1863 383 singulare
1896 318 1967 363 stt
1995 323 2082 362 re-
2114 311 2159 366 Λ

492 403 706 493 tugium
751 414 1135 474 tribulantibus
1178 410 1567 472 constitutum,
1616 415 1677 460 ut
1720 403 1816 475 qui
1862 403 1928 457 ad
1962 416 2083 456 eam

498 513 819 584 conluginnt
863 523 1078 577 semper
1125 504 1339 560 soleant
1381 498 1623 555 invenire
1655 496 1933 561 solatium,
1979 501 2085 548 ιιιι-
2122 500 2127 503 “

496 603 799 681 juscemodi
824 612 1064 672 tempore
1100 606 1292 655 nostro
1320 591 1575 650 evacuari
1603 590 1866 645 Romanae
1904 584 2088 642 Emic-

499 704 598 757 sia:
632 693 970 769 privilegium
1007 687 1404 748 dissimulando
1444 684 1587 741 ferre
1615 698 1725 739 non
1768 692 2085 751 possumus.

500 792 843 861 Quapropter
871 784 1266 839 fraternitatem
1304 787 1454 834 tuam
1486 776 1572 832 bis
1604 773 1809 829 nostris
1835 770 2091 827 atlatibns

501 885 788 955 diligenter
812 877 1202 940 admonemus,
1248 880 1410 942 atque
1447 868 1802 924 admonentes
1847 862 2065 936 praecipi

503 953 688 1044 pimus
721 979 780 1026 ut
821 970 893 1026 ita
926 977 977 1024 te
1009 983 1156 1023 nunc
1185 965 1239 1019 in
1277 979 1445 1020 causa
1471 960 1722 1043 Manasse
1755 968 1809 1014 et
1833 953 2091 1016 Amalrici

505 1063 763 1121 Ecclesiae
788 1073 894 1116 tua:
921 1061 1244 1116 clericorum
1268 1056 1420 1129 pium
1448 1054 1662 1120 reddas,
1694 1053 1768 1108 ita
1795 1053 2093 1123 benignum

505 1155 766 1211 exntlieas
796 1171 906 1225 quo
948 1153 1177 1209 ulterius
1222 1165 1384 1205 aures
1414 1155 1615 1203 nostra:
1649 1146 1774 1201 inde
1816 1145 2094 1216 querelam

507 1262 617 1303 non
647 1248 889 1314 audiant,
920 1254 1190 1318 quatenus
1229 1243 1372 1297 sicut
1406 1241 1461 1296 in
1501 1254 1611 1295 uno
1635 1237 1847 1308 ccepisti
1880 1245 2094 1292 restau-

507 1336 798 1405 rationem,
829 1340 903 1394 ita
921 1339 1070 1408 justa
1102 1333 1449 1391 exsecutione
1478 1330 1728 1403 perficias
1754 1329 1809 1383 in
1838 1341 2093 1399 utroque,

507 1433 636 1502 quia
668 1448 776 1487 non
810 1430 1210 1503 incipientibus,
1249 1427 1341 1483 sed
1373 1424 1845 1497 perseverantibus
1870 1420 2097 1493 promit-

508 1516 643 1578 titur
684 1524 986 1594 prcemium.
1040 1521 1098 1575 Si
1144 1528 1326 1575 autem
1371 1520 1427 1573 in
1475 1526 1576 1573 hac
1620 1532 1679 1571 re
1704 1517 1869 1572 verba
1910 1523 2096 1572 nostra

511 1616 607 1676 tibi
643 1617 781 1672 lctia
829 1616 1061 1682 fuerint,
1110 1612 1349 1669 amicitia
1400 1612 1540 1666 inter
1588 1625 1691 1665 nos
1734 1609 1937 1665 durare
1984 1624 2095 1663 non

507 1702 705 1781 poterit

554 1896 561 1903 .
1198 1880 1201 1881 ί
1245 1817 1360 1873 XL.

509 1933 803 1989 Aexandri
852 1930 920 1991 11
966 1932 1192 2005 epistola
1218 1931 1291 1986 ad
1332 1930 1642 2005 Cercusium
1676 1926 2103 2005 Remensem_ar-

580 1999 1081 2076 cltiepiscopum.'-—
1107 2002 1379 2076 Hortatur
1415 2010 1473 2076 ut
1516 2002 1573 2055 in
1615 2016 1777 2076 causa
1821 1999 2103 2053 abbatissa:

577 2093 606 2129 e
627 2071 968 2129 Laudunensi
1004 2073 1324 2128 monasterio
1362 2073 1558 2142 injuste
1583 2071 1764 2141 ejecta:
1788 2086 2103 2140 cognoscen-

574 2148 668 2213 da,
707 2146 976 2200 Elinaudo
1010 2144 1354 2199 Lauduneusi
1385 2141 1648 2213 episcopo,
1672 2141 1833 2211 juxta
1874 2151 2105 2195 tenorem

584 2218 973 2273 commissionis
997 2215 1324 2287 apostolicw,
1355 2215 1579 2268 consilio
1600 2213 1841 2266 assistat.

1061 2328 1241 2397 (Anno
1273 2325 1548 2396 l06l-67.)

908 2441 1127 2521 [Massa
1155 2440 1361 2499 Concil.
1388 2439 1533 2510 XIX,
1566 2437 1720 2496 955.1

562 2577 916 2655 Auxuma
943 2579 1252 2649 episcopus,
1291 2592 1484 2633 servus
1524 2591 1806 2631 servorum
1834 2573 1952 2641 Dei,
1976 2575 2110 2630 cha-

516 2671 738 2727 rissima
764 2670 917 2726 fratri
941 2670 1213 2726 Gsnvssio
1234 2668 1491 2725 Remensi
1519 2668 1948 2738 archiepiscopo,
1965 2668 2112 2722 salu-

519 2770 628 2835 tem
659 2772 713 2818 et
740 2748 1094 2833 apostolicam
1127 2762 1583 2819 benedictionem.

591 2854 954 2911 Proclamatio
996 2856 1175 2911 delata
1226 2863 1311 2910 est
1356 2862 1559 2910 sancta:
1607 2852 1918 2923 apostolicae
1963 2851 2110 2919 sedi,

518 2948 668 3023 quod
720 2948 999 3003 abbatissa
1057 2946 1479 3013 Laudunensis,
1538 2944 1857 3000 monasterii
1907 2945 2116 3000 scilicet

523 3038 712 3093 Sancti
753 3038 1001 3106 Joannis,
1049 3040 1168 3095 sine
1200 3039 1463 3095 canonica
1506 3038 1782 3093 audientia
1819 3045 1874 3092 et
1908 3037 2115 3108 judicio
2141 3022 2183 3079 (ἶ

522 3130 767 3202 episcopi
813 3132 898 3187 sui
952 3148 984 3188 a
1025 3133 1289 3204 regimine
1329 3148 1429 3188 suo
1464 3132 1732 3202 ejiciatur.
1774 3129 1931 3198 Quod
1958 3130 2122 3186 nimi-

524 3238 651 3301 rum
696 3224 826 3295 quia
865 3225 1145 3281 canonicis
1187 3225 1627 3280 institutionibus
1659 3224 1882 3279 omnino
1909 3224 2124 3280 videtur

525 3330 651 3371 esse
676 3318 1033 3383 contrarium,
1073 3316 1460 3373 admonuimus
1500 3314 1830 3371 confratrem
1873 3324 2122 3371 nostrum

525 3398 854 3466 Eliuandum
878 3409 1297 3466 Laudunensem
1317 3409 1631 3479 episcopum
1656 3417 1716 3463 ut
1734 3409 1876 3463 hanc
1898 3424 2124 3463 causam

527 3502 815 3574 diligenter
854 3504 1112 3558 discutiat
1151 3512 1319 3573 atque
1347 3503 1610 3557 canonice
1637 3501 1901 3569 deﬁniat;
1938 3504 2016 3559 ita
2046 3510 2127 3556 ta-

529 3611 675 3661 men,
703 3603 765 3650 ut
793 3596 981 3650 eadem
1012 3596 1308 3662 abbatissa,
1348 3596 1666 3666 pritsquam
1707 3594 1980 3649 discussio
2010 3595 2123 3662 ﬁat,

530 3688 783 3757 regimini
814 3703 933 3753 suo,
972 3688 1115 3743 sicut
1149 3685 1291 3742 sacri
1324 3702 1563 3742 canones
1594 3688 1934 3757 praecipiunt,
1964 3689 2127 3743 resti-

530 3788 740 3834 tuatur.
770 3778 1069 3834 lnvitamus
1100 3780 1266 3849 igitur
1297 3779 1691 3835 fraternitatem
1720 3789 1890 3847 tuam,
1916 3789 1977 3834 ut
2011 3796 2130 3835 ma-

534 3886 667 3924 num
699 3869 954 3942 adjutorii
998 3872 1075 3927 tui
1116 3874 1183 3927 ad
1221 3873 1337 3927 haec
1368 3872 1714 3941 exsequenda
1755 3871 1859 3927 sibi
1901 3872 2126 3941 tribuat,

532 3974 610 4033 et,
635 3973 697 4020 ut
725 3965 831 4020 hoc
853 3966 1127 4036 negotium
1142 3966 1298 4036 juxta
1329 3973 1572 4019 tenorem
1595 3965 1900 4020 litterarum
1922 3975 2133 4021 nostra-

534 4072 659 4111 rum
697 4072 836 4129 quas
869 4058 969 4113 tibi
996 4058 1272 4124 misimus,
1303 4057 1715 4124 determinetur,
1747 4066 1801 4112 te
1826 4058 2129 4128 adjutorem

534 4158 1037 4221 et-cuoperatorem
1070 4152 1350 4206 adhibeas.
1381 4149 1536 4216 Quod
1562 4150 1781 4221 quidem
1812 4149 2130 4206 sollicitudi-

536 4244 626 4308 nis
663 4244 926 4311 studium,
962 4244 1177 4300 etiamsi
1206 4244 1543 4315 apostolatus
1564 4244 1735 4300 nostri
1767 4244 1965 4299 litteris
1992 4258 2131 4313 pra:-

539 4337 781 4392 monitus
830 4352 943 4392 non
996 4352 1149 4393 esses
1174 4380 1189 4403 ,
1239 4345 1513 4407 oporteret
1557 4346 1737 4392 tamen
1788 4336 2128 4393 devotionem

541 4437 691 4497 tuam
733 4428 1075 4498 impendere,
1120 4430 1409 4499 ipsumque
1453 4429 1870 4484 Laudunensem
1917 4428 2130 4498 episco-

541 4536 693 4591 pum,
723 4520 851 4591 quia
873 4522 1241 4591 parocliianus
1268 4530 1393 4575 tuus
1412 4529 1513 4587 est,
1549 4521 1615 4575 ad
1644 4522 1748 4576 hoc
1768 4521 2133 4592 peragendum

526 4605 792 4681 incitare.
824 4609 945 4666 Non
978 4613 1189 4668 dubitet
1230 4613 1395 4684 igitur
1431 4613 1718 4683 prudentia
1757 4623 1847 4668 tua
1892 4614 2038 4670 hunc
2064 4614 2137 4668 la-

549 4705 730 4764 borem
756 4704 1000 4775 arripere
1029 4721 1196 4776 seque
1216 4722 1315 4777 pro
1340 4707 1502 4762 domo
1528 4705 1694 4761 Israel
1723 4722 1941 4762 murum
1964 4722 2134 4780 oppo-

544 4810 694 4853 nere.
726 4794 793 4850 Et
812 4796 943 4866 quia
968 4795 1133 4852 ofﬁcii
1160 4797 1239 4852 tui
1262 4805 1347 4852 est
1371 4814 1561 4868 pacem
1587 4798 1832 4869 diligere,
1859 4798 2002 4854 sicut
2018 4800 2133 4869 jam

545 4897 599 4942 te
618 4888 819 4958 saepius
842 4890 1250 4956 admonuimus,
1264 4890 1461 4946 iterum
1488 4891 1848 4945 admonemus
1874 4899 1935 4944 ut
1951 4905 2139 4961 pacem

544 4992 675 5043 cum
694 4979 1023 5043 charissimo
1046 4991 1236 5037 nostro
1258 4982 1397 5037 duce
1430 4979 1722 5037 Godefrido
1748 4981 1968 5037 studeas
1991 4996 2142 5037 com-

546 5082 768 5136 ponere.
792 5070 1167 5127 Periculosum
1184 5081 1269 5128 est
1296 5070 1447 5129 enim
1489 5070 1785 5127 Ecclesiam
1817 5081 1967 5127 tuam
1988 5079 2142 5126 tanto

550 5158 866 5239 (fiscrimine
885 5162 1098 5235 fatigari
1126 5165 1178 5220 ei
1198 5164 1357 5220 nobis
1378 5163 1724 5234 importabile
1743 5173 1823 5220 tot
1846 5163 2149 5220 accusatio—

552 5250 714 5325 nibus
742 5252 970 5323 pulsari.
1046 5282 1051 5285 ι

1738 190 2136 253 ALEXAND“!
2169 190 2210 243 ll
2234 188 2439 243 PAPE

3653 144 3785 203 ηπ

2256 304 2469 373 ejusque
2554 315 2799 363 uxorem,
2868 299 3079 370 utrique
3156 295 3559 361 diiudicandum
3635 312 3777 350 com-

2256 374 2443 427 mittit.
3154 420 3157 425 _

2737 461 2918 534 (Anno
2941 459 3223 529 lout-07.)

2579 554 2802 630 [Μλκει.
2831 552 3037 609 Concil.
3064 551 3211 621 XIX,
3235 549 3393 624 959.}

2259 652 2589 705 ALEXANDER
2620 648 2931 719 episcopus,
2966 660 3163 701 servus
3182 659 3469 700 servorum
3496 642 3620 711 Dei,
3650 645 3785 699 clla-

2188 743 2413 799 rissinto
2436 740 2591 797 fratri
2641 741 2912 797 Gsnvssro
2946 738 3204 795 Remensi
3229 737 3642 809 archiepiscopo
3665 753 3786 791 om-

2190 836 2464 906 nibusque
2509 833 2869 907 suifraganeis
2912 832 3049 897 suis,
3094 845 3309 887 necnon
3349 829 3658 887 Senonenst
3694 846 3788 885 ar—

2192 928 2541 998 chiepiscopo
2564 927 2792 996 suisque
2821 922 3204 996 sull‘raganeis,
3226 922 3456 978 salutem
3479 931 3537 978 et
3564 930 3789 988 aposto-

2191 1021 2353 1079 licam
2379 1019 2835 1075 benedictionem.

2263 1110 2457 1167 Mulier
2504 1111 2649 1176 ista,
2696 1108 3046 1181 praesentium
3113 1107 3417 1163 litterarum
3474 1108 3789 1180 portatrix,

2194 1205 2567 1275 apostolorum
2596 1203 2788 1258 limina
2828 1202 3040 1270 adiens,
3094 1208 3396 1272 conquesta
3422 1210 3507 1259 est
3550 1202 3701 1274 quod
3739 1204 3793 1259 ei

2196 1313 2382 1354 comes
2402 1297 2724 1367 Radulphus
2749 1296 2935 1352 omnia
2963 1294 3108 1351 bona
3145 1310 3245 1348 sua
3278 1294 3585 1361 abstulerit,
3611 1309 3796 1367 eaque

2198 1392 2445 1459 dimissa,
2494 1391 2727 1447 crimine
2778 1388 3162 1445 fornicationis
3224 1385 3494 1444 fallaciter
3551 1391 3792 1462 objecto,

2197 1484 2429 1541 alteram
2462 1484 2664 1540 ducere
2690 1482 2851 1550 velit;
2898 1479 3050 1552 quod
3075 1495 3240 1550 quam
3269 1481 3342 1535 sit
3368 1482 3568 1539 divinis
3601 1491 3661 1540 et
3680 1483 3795 1541 ltu-

2200 1578 2380 1633 manis
2401 1576 2613 1647 legibus
2636 1574 2975 1631 contrarium
3001 1571 3318 1629 fraternitas
3341 1582 3525 1631 vestra
3558 1591 3801 1649 perpen-

2132 1667 2175 1722 B
2201 1671 2314 1725 dat.
2348 1667 2693 1740 Quapropter
2721 1668 2939 1724 studeat
2988 1667 3179 1738 religio
3228 1676 3413 1723 vestra
3450 1668 3635 1740 ipsum
3671 1685 3803 1726 con-

2201 1762 2415 1826 venire;
2445 1771 2499 1816 et
2523 1762 2569 1816 si
2610 1777 2777 1817 causa
2808 1760 2934 1816 talis
2960 1768 3046 1816 est
3084 1766 3147 1814 ut
3172 1759 3277 1815 ista
3310 1760 3530 1830 asserit,
3568 1763 3802 1819 redditis

2202 1854 2438 1925 propriis
2468 1854 2653 1922 bonis,
2687 1866 2749 1908 ut
2773 1853 2890 1923 ipsa
2911 1853 2982 1908 ab
3005 1853 3199 1908 eodem
3217 1853 3514 1923 recipiatur
3540 1856 3799 1928 satagite.

2202 1946 2360 2014 Quod
2391 1947 2437 2001 si
2472 1947 2588 2017 ipse
2635 1946 2835 2001 rationi
2892 1946 3242 2016 acquiescere
3291 1950 3654 2016 recusaverit,
3699 1963 3805 2004 vos

2204 2055 2371 2109 super
2412 2054 2539 2094 eum
2594 2040 2921 2096 canonicum
2979 2039 3276 2094 deliberate
3323 2040 3592 2111 judicium
3651 2042 3806 2113 quod

2205 2148 2329 2198 nos.
2384 2142 2679 2203 sequentes
2730 2140 3050 2189 sanctorum
3108 2130 3335 2189 Patrum
3387 2134 3781 2189 auctoritatem

2204 2225 2299 2280 ubi
2364 2225 2691 2279 sententiam
2760 2232 3002 2280 vestram
3059 2225 3431 2293 audierimus,
3500 2224 3808 2280 conﬁrma-

2210 2318 2391 2372 bhnus

2920 2403 3084 2465 XLII.

2209 2498 2502 2553 Alexandri
2527 2497 2592 2551 II
2622 2498 2848 2569 epistola
2888 2498 2958 2551 ad
2992 2496 3303 2569 Cercusium
3351 2498 3811 2569 archiepiscopum

2276 2570 2599 2625 Remensem.
2623 2568 2694 2608 έ-
2721 2568 2790 2623 Ut
2810 2585 3000 2638 corpus
3023 2570 3196 2623 sancti
3248 2568 3426 2622 Hermi
3442 2610 3458 2635 ,
3489 2568 3555 2622 ab
3581 2569 3812 2624 ecclesia

2281 2658 2382 2694 sua
2416 2640 2646 2694 indebita
2672 2656 2765 2709 per
2794 2638 3268 2694 Catalaunensium
3302 2641 3602 2709 episcopum
3627 2648 3814 2694 trans-

2282 2712 2475 2777 latum,
2518 2711 2588 2765 ad
2631 2710 2902 2780 prapriam
2926 2709 3201 2763 ecclesiam
3240 2709 3652 2765 comminatione
3682 2727 3811 2765 cen-

2282 2798 2532 2836 surarum
2553 2781 3041 2835 ecclesiasticarum
3068 2781 3350 2850 referatur.

2755 2873 2937 2943 (Anno
2964 2871 3253 2943 1061-67.)

2590 2964 2807 3037 ﬂium,
2840 2964 3045 3021 Concit.
3083 2964 3228 3031 XIX,
3264 2963 3416 3039 960.]

2293 3070 2618 3113 ausaausa
2644 3060 2956 3129 episcopus,
2988 3073 3179 3114 servus
3207 3073 3490 3113 servorum
3519 3056 3638 3125 Dei,
3661 3056 3814 3113 ch-

2223 3167 2377 3207 VASIO
2404 3150 2660 3206 Remensi
2709 3151 2986 3221 episcopo,
3016 3150 3280 3206 confratri
3325 3150 3707 3217 dilectissimo,
3732 3165 3820 3205 sa-

2174 3242 2182 3250 ’
2224 3245 2392 3299 intem
2420 3252 2476 3300 et
2501 3243 2862 3314 apostolicam
2892 3243 3348 3299 benedictionem.

2296 3335 2568 3403 Quoniam
2598 3337 2667 3392 ad
2698 3335 3065 3391 universalem
3113 3336 3317 3402 sedem,
3342 3335 3429 3391 cui
3456 3334 3642 3391 divina
3679 3348 3817 3404 pro-

2226 3429 2463 3485 videntia
2491 3430 2871 3500 prtesidemus,
2903 3428 3271 3504 lacrymabilis
3297 3437 3351 3482 et
3376 3428 3620 3483 inaudita
3646 3426 3820 3483 eccle-

2227 3522 2322 3578 sia;
2346 3520 2534 3577 Sancti
2560 3520 2742 3577 Menni
2764 3521 3109 3592 querimonia
3149 3529 3234 3575 est
3263 3520 3449 3587 allata,
3474 3518 3819 3576 sanctissimi

2228 3614 2437 3670 scilicet
2476 3614 2600 3685 ejus
2645 3614 2894 3685 corporis
2939 3613 3189 3671 absentia
3244 3614 3510 3682 desolata,
3556 3611 3818 3669 domibus

2227 3721 2448 3779 quoque
2460 3715 2515 3763 et
2531 3706 2744 3763 caeteris
2767 3706 3025 3761 omnibus
3057 3704 3218 3761 bonis
3242 3704 3405 3776 impie
3424 3713 3479 3760 et
3513 3704 3638 3760 sine
3662 3718 3819 3760 more

2229 3801 2522 3867 denudata,
2560 3799 2833 3871 lacrymas
2872 3812 2975 3854 nos
2999 3806 3053 3852 et
3080 3796 3383 3852 Romanam
3414 3795 3645 3853 fundere
3672 3796 3821 3869 cogit

2230 3891 2549 3949 Ecclesiam.
2581 3890 2737 3946 Unde
2764 3880 3095 3946 fraternitati
3108 3896 3218 3945 tua:
3236 3888 3477 3959 rogando
3497 3889 3818 3945 curavimus

2229 3985 2494 4040 mandare
2542 3992 2605 4040 ut
2647 3998 2851 4054 corpus
2915 3981 3251 4037 sanctissimi
3280 3980 3409 4048 viri,
3444 3981 3514 4035 ab
3556 3980 3817 4052 episcopo

2228 4076 2709 4132 Catalaunensium
2744 4091 2775 4130 a
2805 4074 3026 4147 propria
3050 4074 3179 4130 sede
3203 4074 3546 4144 deportatum
3567 4082 3644 4139 et,
3672 4073 3817 4144 quod

2233 4168 2643 4242 lacrymabilius
2669 4176 2774 4236 est,
2806 4168 3049 4224 cruentis
3078 4175 3415 4223 armatorum
3442 4167 3680 4221 militum
3703 4181 3819 4221 ma-

2231 4263 2413 4328 nibus,
2443 4262 2590 4317 velut
2618 4261 2673 4316 in
2688 4268 2897 4333 partem
2922 4259 3134 4330 praedm,
3161 4259 3479 4326 discissum,
3509 4258 3576 4314 ad
3598 4258 3820 4330 propria

2234 4355 2411 4410 redire
2439 4362 2650 4410 remota
2676 4353 2825 4409 omni
2850 4353 3225 4408 excusationis
3251 4352 3603 4406 simulatione
3627 4350 3816 4407 facias.

2236 4446 2588 4501 Eversionem
2612 4460 2833 4516 quoque
2866 4445 3156 4501 domorum
3179 4452 3234 4498 et
3278 4443 3644 4514 direptionem
3669 4453 3824 4499 caete-

2236 4554 2423 4594 rorum
2454 4539 2748 4606 bonorum,
2787 4537 2931 4593 sicut
2953 4537 3162 4607 justum
3185 4544 3271 4591 est
3294 4544 3349 4590 et
3374 4535 3614 4591 oﬂicium
3645 4535 3821 4607 magi-

2236 4631 2388 4686 sterii
2411 4629 2491 4685 tui
2518 4630 2695 4696 decet,
2721 4637 2784 4685 ut
2805 4630 3095 4685 emendare
3114 4628 3409 4698 compellas
3428 4643 3495 4681 ex
3514 4636 3674 4698 parte
3693 4628 3822 4682 bea-

2239 4731 2420 4778 torum
2445 4722 2819 4792 apostolorum
2850 4720 2994 4777 Petri
3023 4730 3078 4778 et
3104 4720 3258 4775 Pauli
3283 4720 3650 4790 pracipiendo
3677 4735 3830 4773 man-

2238 4816 2453 4871 damus.
2487 4812 2646 4881 Quod
2692 4814 2741 4870 si
2791 4813 3076 4870 sententia:
3122 4821 3347 4878 nostrae,
3383 4812 3498 4867 imo
3526 4820 3641 4867 tua:
3665 4811 3829 4880 insta:

2238 4905 2637 4973 deliberationi,
2682 4919 2875 4977 parere
2924 4904 3161 4960 noluerit
3184 4946 3200 4971 ,
3258 4904 3412 4973 virga
3470 4902 3828 4974 magistratus

2238 4999 2349 5063 tui,
2413 5014 2480 5053 ex
2551 4998 2877 5053 auctoritate
2942 4997 3117 5053 sancti
3186 4995 3366 5062 Petri,
3444 4993 3831 5052 ardentissime

2238 5088 2489 5146 feriatur.

2595 5271 2677 5327 De
2695 5177 3182 5343 ορὶεεορξῗὲυῐέἲκε
3192 5270 3466 5341 depositis.
