4050 5358
279 124 412 183 εδει

1432 116 1795 196 EPISTOLzE
1833 139 1923 197 er
1954 142 2367 201 omnem“.

3409 151 3553 229 1333

276 238 442 293 nibus
461 239 726 307 accusati,
750 240 907 308 alter,
935 243 1082 313 quod
1128 246 1484 303 ecclesiarum
1530 251 1863 308 ecelesiasti-
1892 259 1937 315 Α
1962 269 2177 309 summa
2215 264 2273 311 et
2322 256 2647 327 principalis
2679 265 2798 313 erat
2841 259 2982 315 inter
3007 260 3325 332 episcopum
3359 274 3412 321 et
3450 267 3552 322 ab-

277 345 470 385 corum
493 330 746 386 ordinum
772 335 1238 393 consecrationem
1269 337 1578 397 Simoniace
1597 352 1654 398 et
1697 343 1865 399 inter-

274 422 527 477 veniente
547 424 776 492 pecunia
798 423 1015 494 fecerit;
1037 428 1193 497 alter,
1213 432 1360 501 quod
1381 432 1617 489 ofﬁcium
1641 436 1711 490 ab
1732 451 1863 507 apo-

274 511 471 567 stolico
491 512 594 567 sibi
622 513 970 571 interdictum
996 523 1428 592 praesumpserit,
1454 525 1709 594 convicti,
1733 537 1865 584 sunt

275 602 522 674 synodali
540 602 749 673 judicio
777 605 1032 676 depositi.

272 784 566 857 Menandri
602 784 670 838 11
702 788 929 857 epistola
977 791 1048 846 ad
1093 790 1399 855 Genesium
1432 796 1735 855 Remensem
1770 818 1862 855 ar-

340 855 743 926 chiepiscopum.
772 859 1240 918 ~Blaudiuensis
1278 874 1328 918 et
1374 865 1596 922 alterius
1639 872 1860 926 coenobii

338 925 624 1050 ξηῖαδονεε,
658 926 761 982 nisi
798 932 995 984 rationi
1024 935 1379 1005 acquiescant,
1413 941 1861 996 excornmunicari

341 1011 399 1050 ru
434 1005 504 1050 et.

331 1005 504 1064 Jubel.

821 1090 1003 1162 (Anno
1032 1090 1318 1168 1064.67.)

673 1178 867 1252 [MANSI
902 1182 1107 1239 Concil.
1134 1185 1276 1255 XIX,
1299 1188 1453 1261 955.]

346 1270 674 1326 Aerumnae
701 1273 1013 1345 episcopus,
1045 1290 1238 1334 servus
1265 1293 1550 1337 servorum
1577 1280 1693 1349 Dei,
1716 1284 1863 1339 Gen-

271 1375 428 1416 usno
458 1358 715 1418 Remensi
761 1366 1194 1438 archiepiscopo,
1238 1371 1469 1427 salutem
1505 1380 1561 1427 et
1599 1376 1867 1445 apostoli-

269 1467 396 1506 cam
421 1453 875 1511 benedictionem.

341 1541 493 1599 Licet
532 1543 955 1603 Carnotensium
996 1566 1253 1621 causam,
1297 1564 1488 1611 contra
1529 1568 1857 1629 prmceptum

1968 343 2178 413 batem,
2206 349 2469 405 canonice
2509 348 2566 403 in
2606 350 2839 405 concilio
2880 351 3186 409 discussam
3249 356 3394 414 scias
3446 371 3553 417 nos

1967 436 2184 504 penitus
2206 440 2552 507 terminasse,
2582 442 2945 513 eumdemque
2972 444 3288 516 episcopum
3318 450 3474 506 nobis
3495 462 3555 506 et

1964 537 2170 585 sancta:
2198 528 2461 589 Romam
2486 542 2541 588 et
2568 535 2881 604 apostolica:
2910 536 3045 603 sedi,
3068 537 3156 593 cui
3178 538 3289 594 Deo
3325 552 3551 599 auctore

1962 620 2340 689 praesidemus,
2370 637 2557 680 coram
2588 622 2850 693 fratribus
2880 636 2936 683 et
2968 630 3304 701 coepiscopis
3344 636 3550 695 nostris

1960 709 2296 769 satisfecisse
2348 714 2406 769 in
2458 717 2689 787 synodo,
2740 719 3027 791 ipsumque
3054 736 3155 791 pro
3184 723 3548 785 inobedientia

1960 818 2060 858 sua
2092 819 2423 874 suspensum
2460 805 2630 864 fuisse
2661 809 2731 865 ab
2756 809 2954 866 olllcio.
2984 811 3195 869 Caetera
3241 824 3445 885 autem,
3481 818 3550 873 de

1959 894 2162 964 quibus
2184 896 2365 972 .abbas
2411 900 2788 970 conqueritur,
2842 904 3169 962 mandamus
3218 905 3548 965 fraternitati

1961 993 2070 1041 tute
2091 995 2152 1041 ut
2174 988 2386 1056 audias,
2410 998 2486 1057 et,
2534 994 2836 1050 secundum
2869 998 3016 1067 quod
3039 998 3140 1054 tibi
3160 999 3375 1071 justum
3394 1003 3548 1060 vide-

1960 1076 2127 1144 bitur,
2178 1078 2427 1137 definias.
2470 1080 2725 1140 Cbrisma
2800 1102 2929 1143 vero
2979 1099 3034 1145 et
3075 1092 3446 1151 ordinationes
3499 1096 3548 1152 si

1960 1170 2251 1240 episcopus
2306 1173 2501 1243 spiritu
2546 1178 2815 1245 superbiae
2865 1181 3085 1239 inflatus
3129 1185 3262 1242 dare
3288 1188 3549 1256 noluerit,

1963 1270 2153 1317 nostra
2205 1263 2424 1321 licentia
2504 1267 2731 1337 prmfato
2794 1275 3133 1330 monasterio
3185 1280 3453 1357 concedas
3493 1290 3549 1336 et

1963 1351 2018 1406 in
2069 1355 2327 1411 omnibus
2387 1359 2619 1429 negotiis
2684 1362 2949 1417 auxilium
3018 1372 3129 1421 tua:
3193 1352 3546 1438 protectionis

1962 1443 2241 1502 exhibeas.

267 1642 473 1690 sanctae
506 1637 818 1706 apostolica
857 1640 1003 1696 sedis
1028 1649 1083 1698 et
1113 1644 1355 1713 primm,
1383 1621 1722 1705 recﬁt'udinis'
1749 1660 1855 1708 tum
1894 1622 1933 1675 ll
1958 1621 2253 1713 Menandri
2294 1626 2357 1682 II
2397 1630 2622 1713 epistola
2661 1636 2732 1689 ad
2773 1635 3080 1694 Gerrastum
3120 1622 3425 1699 Remeusent
3455 1664 3548 1701 ar-

268 1724 469 1792 zelum,
496 1729 989 1798 reprehensibiliter
1022 1734 1323 1805 neglexisse
1346 1740 1611 1807 proberis,
1648 1749 1851 1809 tamen,

265 1817 399 1887 quia
427 1820 627 1875 messis
657 1822 827 1877 multa
869 1831 924 1879 et
958 1826 1194 1896 operarii
1224 1830 1420 1899 pauci,
1450 1832 1516 1886 ad
1551 1832 1852 1889 deﬁnienda

264 1911 638 1968 ecclesiastica
669 1916 884 1986 negotia
913 1932 1037 1988 qua:
1071 1919 1230 1976 nobis
1260 1920 1578 1979 deferuntur
1619 1927 1855 1995 pruden-

265 2002 402 2057 tiam
452 2012 602 2059 tuam
643 2006 801 2061 nobis
840 2010 1265 2079 coeperatrieem
1317 2028 1439 2070 esse
1485 2017 1849 2086 exposcimus.

267 2091 627 2150 Prmsentium
652 2096 838 2168 itaque
866 2100 1148 2169 portitoris
1170 2101 1545 2175 lacrymabiles
1571 2109 1853 2178 querimo-

268 2183 391 2239 nias
433 2186 736 2255 audientes,
787 2191 1254 2261 compassionem,
1296 2204 1356 2250 ut
1378 2198 1652 2266 oportuit,
1698 2200 1853 2255 exhi—

267 2274 509 2332 buimus.
539 2277 848 2349 Deploravit
864 2283 1011 2339 enim
1033 2296 1094 2339 se
1113 2284 1321 2341 honore
1342 2290 1574 2359 propriae
1602 2292 1850 2361 abbatizn,

267 2365 441 2421 altero
465 2366 773 2426 Simoniace
793 2372 1111 2445 subrogato,
1132 2376 1423 2446 privatum,
1452 2395 1620 2452 seque
1646 2385 1850 2441 nullam

269 2456 396 2513 inde
440 2459 709 2529 justitiam
760 2466 1023 2536 consequi
1075 2469 1339 2537 potuisse.
1400 2470 1634 2531 Litteras
1686 2478 1851 2536 etiam

266 2546 649 2608 Blandinensis
693 2556 930 2610 emnobii
987 2557 1147 2615 nobis
1198 2561 1379 2617 attulit
1431 2567 1578 2635 quod
1629 2569 1850 2638 quidam

268 2639 587 2698 Everelmus
622 2648 1016 2704 monasterium
1054 2650 1187 2707 illud
1225 2652 1532 2714 Simoniace
1570 2659 1849 2731 invaserit,

269 2732 553 2805 ipsiusque
572 2735 713 2791 bona
738 2738 925 2809 ejectis
949 2745 1230 2802 monachis
1254 2747 1321 2802 ad
1351 2750 1581 2807 nihilum
1624 2755 1850 2828 redege-

268 2823 358 2890 rit,
387 2826 665 2898 vitamque
699 2843 858 2886 suam
888 2833 1169 2891 adulteriis
1206 2839 1483 2911 variisque
1505 2823 1848 2914 criminibus,

267 2914 410 2971 ultra
439 2917 733 2976 humanam
761 2927 1231 2996 consuetudinem,
1266 2931 1539 3001 polluerit.
1581 2935 1856 2995 Admone-

268 3022 392 3063 mus
430 3009 613 3081 itaque
655 3014 976 3073 charitatem
1020 3025 1170 3076 tuam
1204 3029 1263 3077 ut
1300 3031 1594 3097 utrumque
1636 3028 1855 3086 invaso-

268 3113 383 3153 rem
420 3102 736 3173 convenias,
761 3115 834 3173 et,
865 3108 913 3163 si
950 3124 1040 3165 res
1068 3110 1141 3167 ita
1167 3122 1271 3181 est,
1304 3115 1444 3172 hanc
1469 3123 1863 3192 prtesumptio-~

269 3204 393 3247 nem
446 3192 501 3248 in
542 3197 789 3265 partibus
837 3199 944 3256 illis
991 3201 1222 3259 ulterius
1265 3206 1402 3263 locis
1454 3212 1865 3272 venerabilibus

268 3281 463 3339 obesse
508 3299 617 3342 non
669 3292 972 3359 permittas.
1025 3293 1182 3363 Quod
1228 3298 1276 3353 si
1317 3300 1528 3371 praefati
1570 3303 1853 3364 invasores

266 3376 544 3437 canonicze
568 3379 768 3436 rationi
798 3385 1146 3455 acquiescere
1172 3395 1618 3463 contempserint,
1646 3406 1704 3452 et
1725 3399 1852 3470 qui-

268 3463 369 3519 bus
400 3467 671 3526 debentur
702 3473 819 3544 ipsa
854 3481 1186 3537 monasteria
1227 3482 1502 3542 dimittere
1545 3463 1859 3559 noluerint,

268 3566 451 3614 nostra
483 3576 580 3617 eos
599 3567 896 3634 apostolica
924 3573 1249 3629 auctoritate
1274 3578 1497 3635 studeas
1520 3582 1645 3636 cuni
1672 3584 1852 3639 omni-

269 3649 371 3705 bus
391 3650 699 3712 fautoribus
726 3659 845 3715 suis
873 3666 1363 3724 excommunicare.

974 3753 1114 3810 XLV

269 3831 557 3915 Menandri
596 3838 664 3892 II
708 3843 933 3915 epistola
971 3847 1043 3901 ad
1073 3848 1380 3906 Cercusium
1418 3854 1719 3914 Remensem
1758 3877 1857 3915 αι’-η

336 3906 746 3988 εΙιξερὶεοορωηξ
788 3944 860 3988 —_—
904 3914 1014 3971 Cur
1048 3906 1847 3987 πιοηαεεεήιιηι-δδῖὗᾶξῆξςίᾶὺ

306 3985 576 4050 -ερὶδεορυ
602 3985 873 4040 exemerit.

808 4076 989 4145 (Anno
1016 4080 1302 4157 1064-67.)

662 4164 856 4238 [Mnsn
889 4169 1093 4228 Concil.
1124 4174 1266 4244 XlX,
1291 4177 1455 4252 957.]

342 4250 665 4311 Atsxmnsn
694 4260 1004 4332 episcopus,
1030 4281 1221 4323 servus
1262 4284 1544 4328 servorum
1579 4273 1695 4342 Dei,
1734 4275 1847 4333 fra-

269 4342 335 4395 tri
354 4341 648 4415 Gsnvssxo,
679 4352 908 4408 salutem
927 4366 981 4410 et
1009 4359 1364 4439 apostolicam
1390 4341 1843 4426 benedictionem.
1869 4377 1885 4449 ς

336 4432 622 4510 Privilegia
645 4434 881 4500 coenobii
923 4436 1297 4518 Corbeiensis,
1320 4454 1390 4508 ab
1409 4462 1850 4520 antecessoribus

268 4528 471 4585 nostris
516 4531 765 4588 instituta
825 4540 1147 4609 antiquitus,
1194 4546 1406 4601 noverit
1455 4564 1556 4604 nos
1592 4557 1684 4607 tua
1716 4554 1851 4611 dile-

267 4620 376 4675 ctio
404 4622 759 4681 cenfirmasse
789 4637 863 4695 et,
896 4640 953 4685 ut
985 4633 1039 4687 in
1065 4645 1382 4704 perpetuum
1421 4649 1540 4695 rata
1584 4643 1712 4711 sint,
1745 4662 1845 4701 au-

268 4713 516 4769 ctoritate
549 4726 864 4775 sanctomm
913 4720 1056 4779 Petri
1078 4732 1132 4780 et
1163 4724 1316 4784 Pauli
1350 4731 1659 4790 roborasse.
1690 4736 1846 4804 Quod

2028 1696 2435 1785 chiepisronum.
2464 1733 2533 1784 .—
2564 1702 2737 1785 Jlonet
2780 1715 2837 1761 ut
2874 1696 3295 1785 controversiam
3319 1732 3437 1785 qum
3468 1727 3547 1771 est

2028 1776 2169 1850 inter
2191 1769 2409 1857 clericos
2450 1772 2585 1856 citra
2636 1776 3222 1857 a/fectum_co_mnonat.
3265 1769 3545 1857 Si'gniﬁcat

2025 1838 2303 1928 countibus
2329 1856 2439 1928 esse
2463 1838 2756 1928 scriptum,
2787 1858 2843 1900 ut
2873 1838 3128 1928 Ecclesia:
3161 1852 3303 1909 liesaz
3328 1838 3548 1928 satisfa-

2026 1906 2191 1975 ciant,
2218 1909 2296 1964 vel
2319 1911 2390 1965 ad
2416 1906 2673 1982 synodum
2696 1906 2935 1985 feturam
2970 1920 3153 1979 Romae
3178 1906 3537 1996 conmarcuit}.

2555 2004 2739 2073 (Anno
2767 2007 2949 2080 1067.)
3190 2056 3193 2061 μ

2342 2091 2554 2165 [Μιαει
2588 2096 2797 2154 Concil.
2824 2099 2967 2170 XIX,
2996 2102 3159 2176 955.]

1946 2192 1955 2197 '
2022 2180 2342 2238 ALEXANDER
2373 2186 2680 2258 episcopus,
2713 2206 2903 2248 servus
2937 2206 3218 2252 servoxuui
3256 2197 3370 2265 Dei,
3401 2200 3549 2257 ϐιιμ

1953 2286 2110 2326 νλειο
2134 2271 2391 2332 Remensi
2412 2278 2844 2352 archiepiscopo,
2879 2282 3033 2340 fratri
3062 2287 3415 2358 cbarissimo,
3451 2309 3545 2349 sa-

1956 2362 2123 2418 lutem
2154 2374 2209 2420 et
2240 2369 2599 2437 apostolicam
2631 2372 3084 2432 benedictionem.

2027 2452 2084 2509 Si
2109 2458 2447 2515 sacerdotale
2476 2462 2621 2531 quod
2646 2464 3097 2526 administramus
3124 2469 3360 2529 officium
3386 2490 3547 2531 mean

1951 2546 2031 2601 tis
2052 2547 2361 2619 integritate
2383 2567 2698 2623 pensemus,
2724 2557 2803 2613 sic
2827 2574 3068 2616 eoscum
3087 2562 3213 2619 filiis
3234 2574 3440 2624 nostris
3462 2568 3547 2623 in-

1953 2638 2186 2698 dividuae
2224 2642 2507 2701 charitatis
2548 2646 2708 2704 debet
2753 2651 2909 2707 unire
2944 2654 3238 2710 concordia
3278 2666 3358 2722 ut,
3396 2657 3545 2713 sicut

1953 2739 2136 2800 patres
2182 2734 2239 2789 in
2283 2735 2523 2803 nomine,
2561 2740 2636 2793 ita
2677 2740 2874 2797 affectu
2920 2744 3213 2813 probemur
3254 2747 3309 2802 in
3354 2763 3538 2818 opere.

1956 2820 2190 2896 Ideoque
2224 2825 2603 2884 desideramus
2642 2838 2704 2886 ut
2745 2848 2888 2903 quos
2924 2835 3214 2894 diversitas
3243 2840 3545 2896 voluntatis

1956 2915 2026 2969 ab
2072 2917 2333 2973 alterutra
2376 2918 2667 2995 dilectione
2713 2921 2842 2980 facit
2885 2940 3010 2982 esse
3055 2928 3293 2997 divisos,
3334 2946 3431 2987 eos
3473 2933 3546 2988 ad

1955 3007 2306 3063 concordiam
2334 3010 2623 3068 redeuntes
2654 3014 2893 3073 cbaritas
2927 3015 3094 3074 faciat
3129 3034 3251 3077 esse
3278 3021 3334 3077 in
3369 3026 3543 3096 gratia

1957 3097 2159 3153 unitos.
2190 3097 2423 3156 Litteras
2458 3102 2641 3175 itaque
2676 3107 2984 3164 sanctitatis
3012 3118 3206 3167 vestrae
3232 3114 3537 3186 suscipien-

1954 3195 2036 3243 tes
2055 3188 2215 3244 solita
2245 3190 2522 3263 diligentia
2551 3194 2875 3266 relegimus;
2902 3198 2955 3253 in
2990 3201 3190 3270 quibus
3215 3206 3533 3263 contineba-

1955 3287 2042 3335 t-ur
2080 3284 2453 3339 controversia
2489 3301 2612 3356 quze
2649 3286 2791 3365 inter
2826 3304 2925 3345 vos
2963 3298 3019 3346 et
3054 3292 3283 3350 clericos
3322 3306 3540 3354 vestros

1952 3370 2023 3427 M.
2048 3381 2104 3428 et
2120 3372 2184 3429 A.
2206 3374 2528 3447 (Manassen:
2542 3384 2595 3432 et
2609 3377 2959 3452 Amalricum)
2980 3384 3233 3452 vertitur;
3249 3394 3304 3440 et
3320 3387 3539 3457 damna,

1952 3480 2075 3539 qua:
2103 3464 2173 3521 Μ.
2201 3475 2256 3521 et
2278 3465 2344 3522 Β.
2376 3468 2621 3548 comites,
2654 3469 2913 3528 Ecclesia:
2950 3484 3146 3531 vestrae
3178 3486 3344 3549 atque
3363 3496 3539 3537 cano-

1954 3556 2092 3612 nicis
2130 3555 2392 3614 inferunt.
2428 3556 2582 3616 Unde
2618 3560 2735 3631 ipse
2760 3563 3045 3634 professus
3073 3582 3133 3623 es
3156 3576 3208 3624 te
3239 3579 3363 3626 ante
3391 3572 3540 3643 lega-
3566 3616 3569 3619 .

1950 3654 2040 3702 tos
2079 3657 2300 3705 nostros
2334 3658 2429 3705 aut
2450 3650 2837 3710 satisfaciendo
2871 3658 3163 3730 corrigere,
3200 3671 3296 3718 aut
3329 3664 3545 3734 plcnis-,

1950 3740 2088 3796 sime
2120 3756 2372 3813 purgare.
2405 3741 2747 3816 Quapropter
2775 3747 3121 3806 dilectionem
3150 3761 3299 3809 tuam
3329 3756 3541 3817 intente,

1951 3832 2236 3889 hortamur
2253 3842 2313 3889 ut
2331 3836 2681 3909 antelegatos
2702 3847 2923 3897 nostros
2954 3840 3015 3896 P.
3040 3852 3242 3901 sancta:
3271 3844 3533 3904 Romana:

1951 3923 2206 3982 Ecclesia:
2217 3926 2683 3986 bibliotliecarium
2692 3972 2706 3997 ,
2719 3931 2956 4004 atque‘V.
2970 3937 3298 3995 cardinalem
3314 3942 3542 4011 presby‘

1947 4024 2147 4085 terum,
2173 4018 2221 4074 si
2247 4018 2355 4089 ipsi
2386 4020 2579 4076 adesse
2612 4025 2907 4091 potuerint,
2949 4032 3296 4102 congregatis
3336 4033 3537 4101 sutl‘ra-s

1948 4110 2136 4179 ganeis
2164 4110 2293 4176 tuis,
2336 4111 2581 4166 admisso
2610 4113 2774 4168 etiam
2812 4115 3180 4187 Laudunensi,
3209 4123 3299 4178 cui
3321 4123 3534 4180 instans

1949 4201 2227 4272 negotium
2273 4203 2767 4273 commiscramus,
2810 4209 3087 4281 episcopo,
3139 4214 3211 4268 ita
3259 4216 3535 4285 aquitatis

1951 4291 2103 4348 lance
2132 4293 2450 4349 terminetur
2477 4301 2537 4349 ut
2564 4305 2754 4352 neutra
2779 4307 2993 4372 parsgde
3012 4302 3274 4374 iniustitia
3302 4308 3541 4381 amplius

1954 4392 2228 4439 causetur.
2254 4383 2335 4439 illi
2365 4393 2571 4452 tamen,
2595 4386 2724 4456 quia
2751 4390 2818 4445 ad
2840 4391 3143 4466 beatissimi
3172 4395 3318 4465 Petri
3350 4413 3543 4467 sacra--_

1954 4472 2226 4529 tissimum
2269 4490 2470 4546 corpus
2507 4486 2795 4546 venerunt,
2816 4550 2819 4554 >
2841 4479 2898 4534 in
2925 4496 3036 4551 quo
3064 4485 3233 4557 totius
3268 4485 3538 4545 Christia-

1952 4563 2139 4619 nitatis
2171 4575 2256 4621 est
2293 4565 2567 4637 singulare
2605 4565 2897 4639 refugium,
2926 4572 3029 4628 sibi
3069 4577 3307 4632 sentiant
3345 4579 3543 4638 adesse

1952 4654 2262 4723 praesidium
2297 4672 2406 4726 quo
2430 4672 2526 4727 per
2554 4675 2656 4715 nos
2679 4674 2790 4716 non
2811 4663 3105 4722 videamini
3147 4667 3282 4743 moti
3314 4668 3395 4743 ad.
3425 4669 3544 4747 ira-

1952 4746 2206 4801 cundiam
2231 4788 2249 4814 ,
2293 4749 2422 4818 quia
2469 4752 2516 4806 si
2558 4752 2936 4833 proximorum
2980 4756 3400 4833 necessitatibus
3446 4761 3563 4833 be.‘

263 4808 470 4861 nostra:
490 4808 792 4866 sanctionis
824 4813 1062 4869 edictum
1093 4826 1144 4872 te
1195 4835 1414 4893 quoque
1442 4823 1732 4884 observare
1756 4847 1853 4886 vo-

260 4898 446 4956 lumus
494 4907 549 4954 et
578 4916 678 4970 per
704 4905 898 4971 omnia
926 4908 1204 4967 observari
1238 4913 1408 4971 facias
1449 4915 1538 4985 pia
1589 4920 1853 4977 sollicitu-

258 4990 388 5047 dine
414 5006 854 5051 commonemus.
896 4996 1156 5053 Miramur
1199 5015 1386 5063 autem
1416 5012 1523 5061 tua:
1550 5011 1852 5078 prudentia:

260 5084 429 5139 videri
459 5085 720 5156 praedicta
747 5088 1020 5160 privilegia
1048 5089 1335 5157 dissentiri
1362 5097 1735 5174 ecclesiastico
1761 5122 1853 5162 ca-

255 5175 412 5241 noni,
453 5192 581 5232 cum
614 5190 822 5238 constet
865 5181 1006 5255 apud
1036 5188 1082 5260 te
1118 5188 1263 5250 alias
1310 5174 1436 5244 esse
1458 5188 1603 5261 leges
1656 5194 1847 5255 Eccle-

197 5326 211 5341 ,
253 5267 460 5322 siarum
502 5283 633 5338 quas
677 5282 800 5328 sunt
824 5272 1110 5346 generales,
1162 5297 1226 5343 et
1270 5279 1416 5338 alias
1456 5268 1701 5358 esse
1727 5306 1850 5358 qua:

1952 4836 2114 4909 nigna
2143 4846 2321 4894 mente
2343 4845 2730 4913 compatimur,
2761 4845 2968 4924 nostris
2995 4851 3191 4917 procul
3215 4847 3381 4905 dubio
3409 4836 3585 4931 peck

1950 4928 2191 4986 tionibus
2224 4931 2547 4990 clementem
2579 4934 2872 5011 Dominum
2914 4942 3247 5011 reperimus.
3285 4935 3364 4991 ita
3398 4928 3595 5026 ergo;

1950 5017 2117 5077 frater
2136 5023 2472 5090 beatissime
2490 5028 2649 5084 stude
2664 5034 2981 5116 ’quatenus,
3001 5028 3151 5091 dum
3178 5029 3246 5086 ad
3269 5017 3618 5116 εἴηοάυὶηξ

1951 5114 2021 5169 ad
2060 5130 2224 5187 quam
2264 5130 2368 5192 pro
2402 5115 2681 5187 adjutorio
2718 5129 2924 5174 sanctae
2972 5115 3251 5183 Ecclesia:
3304 5114 3625 5201 invitatu;

1951 5220 2036 5274 es,
2070 5205 2182 5264 Deo
2210 5209 2529 5276 auxiliante,
2571 5207 2811 5287 veneris,
2851 5209 2924 5265 de
2964 5207 3064 5267 liis
3129 5209 3428 5286 expeditus,
3492 5235 3631 5301 so"
3712 5276 3721 5289 λ

1953 5298 2235 5356 lummodo
2261 5301 2330 5358 ad
2355 5299 2716 5358 ecclesiastici
2739 5300 2947 5358 negotii
2972 5316 3159 5358 vaec;
3181 5301 3512 5358 concilium-
3558 5339 3581 5358 ι
3615 5298 3633 5358 ὲ
