4050 5358
532 306 672 364 1525

1804 303 1983 361 ALEX
1993 303 2200 360 ANDRI
2229 303 2271 358 Il
2299 299 2501 358 PAPE

3650 299 3786 356 1524

528 418 811 478 auxilium.
845 416 1153 474 Comitlbus
1182 425 1362 473 autem
1406 418 1533 485 illis,
1571 417 1665 489 qui
1699 417 1956 477 Ecclesia:
1981 429 2106 488 tuae,
2139 424 2184 479 Α
2210 420 2383 474 sancti
2410 417 2621 488 Angeli,
2661 415 2741 471 sic
2783 430 2885 486 pro
2930 413 3191 471 natalitiis
3234 428 3453 486 quoque
3493 412 3782 472 duodecim

524 513 886 570 adversantur
918 511 1115 567 iterum
1151 510 1496 581 scripsimus,
1529 518 1588 565 ut
1625 522 1720 566 aut
1750 521 1874 568 ante
1900 513 2107 585 legatos
2207 511 2600 581 apostolorum,
2646 507 2812 564 natali
2856 507 3030 564 sancti
3059 506 3329 579 Gregorii,
3373 514 3429 561 et
3465 516 3784 565 sanctorum

520 611 741 660 nostros
782 602 924 658 mala
958 617 1081 673 qua:
1127 600 1389 657 Ecclesia:
1419 610 1526 657 tuae
1553 602 1854 659 intulerunt
1886 604 2106 660 satisfa-
2209 601 2382 673 Sergii
2411 610 2467 656 et
2491 600 2711 668 Bacchi,
2739 609 2796 655 et
2827 598 3120 656 festivitate
3143 596 3402 654 Omnium
3430 596 3783 669 Sanctorum,

518 697 725 752 cientes
749 695 910 766 digne
932 694 1272 749 emendando
1293 693 1588 765 corrigant,
1612 702 1705 750 aut
1728 695 1797 751 ad
1822 695 2102 765 praefatam

517 787 789 859 synodum
821 786 972 841 omni
997 786 1307 856 posthabita
1339 786 1630 842 occasione
1658 787 1726 841 ad
1763 788 2102 856 responden-

515 879 647 937 dum
688 878 757 934 de
800 878 1030 949 objectis
1073 878 1313 933 veniant.
1366 877 1467 933 Ubi
1514 877 1569 961 si.
1601 878 1829 934 rebelles
1864 878 2099 948 fuerint,

515 970 663 1041 quod
687 968 899 1040 justum
926 970 1106 1026 visum
1151 969 1314 1025 fuerit
1351 970 1736 1035 decernemus,
1777 977 1833 1025 et
1863 970 2101 1028 ofﬁcium

513 1068 765 1117 nostrum
793 1060 1090 1132 adimplere
1121 1076 1232 1116 non
1258 1061 1593 1116 omittemus.
1626 1059 1888 1119 Praefatos
1916 1071 2099 1120 autem

512 1152 718 1224 legatos
762 1160 959 1209 vestra:
1001 1152 1320 1223 benignitati
1367 1152 1565 1208 iterum
1612 1152 2096 1223 commendamus;

513 1259 653 1314 quos
689 1252 873 1299 tamen
901 1259 933 1299 a
974 1241 1314 1300 fraternitate
1340 1251 1437 1299 tua
1472 1244 1698 1300 honeste
1732 1244 1957 1302 tractari
1985 1261 2098 1302 non

513 1338 849 1395 dubitamus.

1203 1405 1409 1463 XLVII.

544 1478 841 1534 Alexandri
892 1475 959 1533 II
1000 1477 1226 1560 epistola
1279 1478 1349 1532 ad
1396 1478 1615 1532 Petrum
1652 1478 2057 1535 Antibarensem

1137 1565 1457 1619 episcopum.

1101 1618 1280 1692 (Anno
1313 1618 1493 1687 1067.)

542 1710 768 1786 [BARON.
786 1710 985 1767 Annal.
1017 1710 1086 1767 ad
1115 1727 1245 1766 ann.
1277 1710 1435 1777 l062,
1471 1720 1605 1766 tom.
1637 1708 1727 1777 XI,
1753 1726 1875 1783 pag.
1903 1712 2054 1788 34%.]

2202 703 2367 766 atque
2400 695 2565 750 natali
2608 703 2720 761 tuo,
2756 703 2812 751 et
2844 694 3060 765 quoties
3096 691 3494 749 ordinationem
3526 693 3616 749 vel
3648 710 3787 751 con-

2203 786 2563 843 secrationem
2587 786 2942 843 ecclesiarum
2965 785 3324 841 celebramus.
3361 782 3659 841 Hortamur
3680 787 3785 843 ita-

2203 894 2309 950 que
2333 879 2654 935 charitatem
2694 888 2867 946 tuam,
2894 886 2955 934 ut
2993 893 3176 933 mores
3197 878 3323 935 vita:
3349 887 3456 934 tua:
3490 886 3646 934 tanto
3681 879 3784 936 ho-

2201 970 2321 1025 nori
2367 972 2693 1026 conveniant
2731 979 3023 1042 quaternis,
3067 978 3293 1025 auctore
3341 968 3473 1037 Deo,
3516 972 3787 1042 exemplis

2197 1063 2488 1134 verbisque
2534 1063 2713 1133 possis
2757 1076 2878 1118 esse
2916 1060 3265 1132 conspicuus.
3312 1059 3435 1116 Vita
3477 1061 3644 1134 igitur
3686 1074 3782 1121 tua

2198 1153 2324 1211 filiis
2353 1156 2462 1211 tuis
2489 1156 2561 1210 sit
2593 1154 2798 1227 regula,
2829 1163 2888 1210 ut
2914 1153 2961 1210 si
2998 1169 3121 1226 qua:
3149 1152 3411 1210 fortitudo
3451 1155 3507 1210 in
3537 1156 3645 1212 illis
3684 1158 3785 1213 de-

2197 1248 2571 1319 prehenditur,
2607 1248 2660 1303 in
2700 1263 2765 1303 ca
2787 1248 3070 1323 dirigatur.
3114 1246 3223 1304 Cor
3247 1264 3377 1320 ergo
3403 1256 3559 1303 tuum
3600 1264 3786 1320 neque

2196 1355 2475 1411 prospera,
2508 1355 2631 1411 qua)
2660 1340 3016 1411 corporaliter
3052 1339 3142 1395 hic
3180 1340 3550 1408 blandiuntur,
3598 1342 3783 1396 extol-

2193 1434 2329 1502 lant,
2376 1449 2552 1504 neque
2593 1434 2820 1490 adversa
2859 1432 3149 1504 adjiciant;
3200 1433 3297 1489 sed
3334 1432 3599 1505 quidquid
3642 1434 3782 1490 illud

2194 1525 2378 1591 fuerit,
2407 1525 2624 1581 virtutis
2652 1525 2890 1597 puritate
2914 1526 3187 1581 devincat.

2261 1616 2479 1672 Nullum
2510 1617 2650 1687 apud
2680 1624 2731 1672 te
2765 1616 2945 1672 locum
2975 1618 3077 1684 ira,
3119 1616 3328 1683 odium,
3368 1616 3580 1672 nullum
3617 1615 3779 1673 furor

2193 1709 2521 1766 indiscretus
2548 1709 2804 1765 inveniat.
2836 1707 3020 1765 Sacrae
3038 1709 3432 1765 benedictionis
3454 1718 3581 1779 tute,
3604 1710 3777 1782 justi-

580 1802 926 1871 ΑιειΑΝυειι,
957 1816 1149 1859 servus
1178 1817 1465 1858 servorum
1500 1803 1615 1870 Dei,
1646 1804 1831 1861 Perna
1869 1821 2097 1862 venera-
2127 1803 2170 1858 Β
2194 1814 2302 1871 que
2328 1798 2518 1869 judicii
2547 1814 2686 1869 opus
2720 1794 2869 1853 nulla
2904 1800 3211 1856 venalitatis
3247 1799 3575 1856 interventio
3621 1816 3781 1857 com-

506 1892 603 1947 bili
643 1893 1055 1965 archiepiscopo
1120 1892 1445 1951 Diocliensis
1498 1903 1662 1967 atque
1709 1897 2091 1955 Antibarcnsis

508 1984 784 2051 Ecclesiae,
813 1986 1043 2057 salutem
1065 1994 1382 2057 perpetuam
1413 1987 1469 2041 in
1492 1986 1734 2045 Christo.

579 2076 637 2137 Si
665 2086 914 2147 pastores
935 2079 1120 2133 ovium
1148 2079 1263 2135 sole
1295 2079 1527 2150 geluque
1552 2096 1652 2151 pro
1683 2081 1861 2154 gregis
1885 2083 1970 2139 sui
1992 2099 2089 2139 cu-

504 2169 682 2225 stodia
696 2170 784 2225 die
813 2185 878 2226 ac
904 2177 1065 2226 nocte
1088 2170 1282 2225 intenti
1309 2178 1457 2239 sunt,
1473 2180 1547 2239 et,
1566 2188 1635 2228 ne
1661 2189 1767 2245 qua
1790 2190 1856 2229 ex
1885 2175 1965 2231 eis
1994 2184 2089 2231 aut

510 2262 746 2316 errando
764 2270 950 2333 pereat
971 2270 1067 2317 aut
1091 2260 1283 2318 ferinis
1304 2262 1517 2319 laniata
1552 2266 1829 2322 morsibus
1849 2267 2083 2335 deficiat,

500 2352 675 2409 oculis
723 2368 939 2425 semper
980 2353 1333 2425 vigilantibus
1376 2356 1826 2427 circumspectat,
1880 2370 2086 2430 quanto

501 2445 701 2502 sudore
727 2453 1041 2517 quantaque
1068 2461 1202 2502 cura
1221 2445 1487 2502 debemus
1514 2463 1637 2504 esse
1670 2451 1959 2522 pervigiles
1983 2468 2085 2509 nos

499 2539 592 2608 qui
618 2548 866 2609 pastores
903 2539 1210 2594 animarum
1249 2555 1373 2596 esse
1413 2538 1688 2596 dicimur?
1723 2542 2083 2602 Attendamus

498 2630 666 2701 igitur
692 2639 755 2686 ut
781 2639 1099 2701 susceptum
1130 2630 1367 2687 cilicium
1407 2632 1667 2688 exhibere
1724 2650 1853 2706 erga
1890 2645 2081 2692 casto-

497 2721 643 2777 diam
680 2721 1088 2778 Dominicarum
1116 2723 1301 2779 ovium
1330 2738 1440 2779 non
1470 2739 1771 2793 cessemus,
1803 2742 1871 2782 ne
1900 2728 1957 2782 in
1994 2729 2082 2784 die

495 2814 665 2869 divini
706 2813 975 2870 examinis
1015 2830 1114 2886 pro
1150 2814 1359 2871 desidia
1400 2824 1588 2872 nostra
1629 2825 1756 2872 ante
1801 2834 2081 2876 summum

497 2905 779 2962 Pastorem
832 2906 1172 2979 negligentiae
1217 2922 1319 2963 nos
1369 2916 1555 2963 reatus
1597 2909 1895 2978 excruciet,
1933 2913 2081 2968 unde

496 2998 658 3054 modo
692 2998 915 3055 honoris
946 3000 1247 3055 reverentia
1291 2999 1432 3055 inter
1471 3008 1699 3056 caeteros
1731 3003 2079 3061 sublimiores

490 3090 824 3159 judicamur.
876 3089 1066 3163 Igitur,
1107 3085 1460 3148 dilectissime
1501 3090 1691 3161 frater,
1723 3096 2077 3165 petitionibus

2193 1890 2446 1946 maculet.
2482 1889 2564 1945 Sit
2607 1891 2662 1945 in
2711 1898 2763 1945 te
2797 1899 2851 1946 et
2889 1891 3020 1946 boni
3047 1892 3286 1962 pastoris
3313 1892 3565 1959 dulcedo,
3602 1893 3678 1949 sit
3719 1902 3779 1949 et

2185 1981 2388 2052 judicis
2413 1997 2601 2037 severa
2621 1982 2913 2049 districtio,
2935 1999 3108 2039 unum
3124 1984 3330 2040 scilicet
3344 1984 3495 2055 quod
3508 1985 3778 2041 innocen-

2190 2082 2273 2129 ter
2301 2074 2542 2130 viventes
2573 2073 2773 2143 foveat,
2804 2075 2950 2131 aliud
2972 2077 3121 2148 quod
3150 2076 3424 2148 inquietos
3444 2093 3475 2131 a
3501 2078 3777 2148 pravitate

2188 2176 2518 2236 compescat.
2545 2166 2952 2224 Misericordem
2976 2176 3048 2235 te,
3074 2177 3301 2239 prout...
3325 2169 3587 2240 patiatur,
3627 2186 3774 2241 pau—

2186 2258 2408 2328 peribus
2450 2258 2667 2327 exhibe,
2719 2260 2997 2330 oppressis
3042 2258 3288 2317 defensio
3323 2269 3416 2316 tua
3455 2261 3773 2329 subveniat,

2185 2348 2620 2418 opprimentibus
2665 2351 2910 2406 modesta
2960 2352 3102 2407 ratio
3145 2352 3502 2408 contradicat.
3547 2350 3774 2408 Nullius

2185 2438 2380 2495 faciem
2415 2448 2608 2496 contra
2643 2442 2913 2512 justitiam
2959 2443 3215 2514 accipias.
3261 2442 3483 2499 Nullum
3512 2461 3771 2516 quaeren-

2185 2540 2294 2587 tem
2323 2532 2471 2604 justa
2492 2534 2782 2604 despicias,
2819 2535 3065 2592 custodia
3095 2536 3152 2591 in
3188 2544 3245 2592 te
3281 2536 3557 2608 aequitatis
3588 2538 3769 2592 extol-

2181 2621 2279 2690 lat,
2310 2631 2370 2678 ut
2392 2640 2495 2681 nec
2515 2625 2666 2681 dives
2694 2626 2933 2696 potentia
2967 2643 3066 2684 sua
3098 2626 3301 2699 aliquid
3321 2628 3467 2699 apud
3486 2645 3589 2685 vos
3609 2639 3767 2687 extra

2181 2716 2327 2770 viam
2345 2717 2573 2773 suadeat
2589 2717 2816 2774 rationis
2830 2718 3044 2786 ardore,
3063 2734 3164 2775 nec
3184 2736 3483 2791 pauperum
3503 2721 3572 2777 de
3586 2737 3648 2778 se
3659 2739 3764 2779 sua

2183 2804 2348 2863 faciat
2367 2806 2649 2864 humilitas
2661 2810 2975 2882 desperare,
2988 2819 3279 2883 quatenus,
3297 2811 3410 2868 Deo
3437 2814 3761 2882 miserante,

2181 2900 2305 2956 talis
2342 2901 2521 2972 possis
2564 2901 2799 2959 existere
2827 2902 3044 2975 qualem
3092 2920 3250 2961 sacra
3292 2905 3455 2962 lectio
3488 2909 3760 2980 praecipit,

2180 2993 2406 3050 dicens:
2443 2993 2661 3064 Oportet
2716 2996 3053 3067 episcopum'
3074 2998 3588 3068 irreprelteusibilem
3624 3019 3757 3057 esse.

2182 3082 2287 3140 Sed
2309 3085 2395 3141 his
2426 3086 2682 3144 omnibus
2711 3088 2791 3143 uti
2813 3089 3105 3157 salubriter
3122 3090 3328 3161 poteris
3352 3091 3401 3146 si
3427 3092 3759 3149 cbaritatem

494 3181 604 3237 tuis
636 3180 804 3252 justis
840 3191 1164 3252 annuentes,
1210 3182 1509 3254 apostolica
1536 3187 1861 3243 auctoritate
1883 3188 2075 3244 decer-

2183 3175 2497 3247 magistram
2539 3178 2827 3248 habueris,
2872 3195 3039 3251 quam
3084 3180 3179 3252 qui
3216 3191 3435 3239 secutus
3481 3182 3681 3253 fuerit,
3725 3203 3759 3243 a

492 3273 679 3329 nimus
723 3281 785 3328 ut
824 3289 920 3344 per
963 3274 1128 3346 bujus
1171 3275 1435 3347 privilegii
1482 3277 1657 3332 nostri
1692 3279 1945 3350 paginam
1995 3281 2077 3338 sic

492 3356 899 3421 sanctissimam
939 3364 1297 3425 Diocliensem
1338 3368 1628 3424 ecclesiam
1657 3385 1783 3425 cum
1817 3372 2076 3430 omnibus

489 3457 851 3527 pertinentiis,
883 3458 1302 3516 Antibarensem
1343 3460 1633 3517 ecclesiam
1660 3478 1788 3519 cum
1817 3466 2075 3524 omnibus

490 3550 606 3605 suis
630 3551 993 3621 pertinentiis,
1032 3550 1401 3609 Eiaterensem
1434 3555 1720 3610 ecclesiam
1748 3571 1874 3612 cum
1896 3561 2075 3614 omni-

491 3641 595 3697 bus
617 3643 734 3699 suis
763 3643 1128 3714 pertinentiis,
1160 3643 1570 3702 Palechiensem
1618 3649 1900 3705 ecclesiam
1944 3667 2072 3707 cum

489 3728 745 3790 Omnibus
804 3735 921 3791 suis
960 3735 1323 3806 pertinentiis,
1363 3737 1743 3795 Snatinensem
1782 3741 2071 3798 ecclesiam

488 3834 615 3878 cum
645 3825 900 3881 omnibus
930 3826 1046 3882 suis
1081 3827 1445 3897 pertinentiis,
1481 3827 1862 3887 Scodriensem
1892 3834 2069 3889 eccle-

489 3914 626 3969 siam
653 3931 779 3971 cum
795 3917 1051 3972 omnibus
1078 3917 1194 3973 suis
1212 3919 2069 3988 pertinentiis,Dinnastinensem

487 4005 773 4061 ecclesiam
791 4022 915 4062 cum
940 4008 1195 4064 omnibus
1224 4010 1338 4065 suis
1369 4011 1733 4080 pertinentiis,
1753 4012 2069 4071 Polatinen—

487 4111 605 4151 sem
630 4097 918 4154 ecclesiam
948 4113 1075 4155 cum
1109 4100 1368 4155 omnibus
1391 4101 1508 4156 suis
1537 4103 1904 4171 pertinentiis,
1941 4105 2068 4162 Ser-

484 4190 733 4245 biensem
752 4189 1040 4245 ecclesiam
1069 4207 1195 4246 cum
1236 4191 1352 4248 suis
1376 4193 1740 4263 pertinentiis,
1770 4194 2070 4253 Bolonien-

484 4297 599 4337 sem
630 4282 918 4339 ecclesiam
959 4298 1086 4339 cum
1125 4282 1243 4341 suis
1280 4285 1643 4356 pertinentiis,
1676 4286 2067 4347 Tihuniensem

481 4373 768 4430 ecclesiam
793 4391 917 4430 cum
941 4375 1057 4431 suis
1079 4375 1443 4446 pertinentiis,
1468 4380 1802 4435 monasteria
1822 4396 2063 4452 quoque,

482 4473 595 4520 tam
657 4465 976 4522 Latinorum
1016 4483 1182 4538 quam
1228 4467 1563 4534 Graecorum,
1614 4471 1728 4526 sive
1773 4471 2060 4529 Slavorum

2178 3277 2329 3324 recto
2371 3267 2666 3340 aliquando
2697 3270 2916 3327 tramite
2964 3287 3076 3328 non
3121 3274 3345 3329 recedit.
3390 3273 3552 3344 Ecce,
3586 3276 3759 3334 frater

2176 3360 2521 3429 charissime,
2562 3362 2705 3417 inter
2746 3363 2918 3419 multa
2965 3364 3071 3420 alia
3122 3362 3226 3422 ista
3270 3375 3402 3423 sunt
3438 3369 3753 3438 sacerdotii,

2175 3451 2280 3508 ista
2311 3460 2439 3509 sunt
2460 3453 2609 3523 pallii
2631 3464 2977 3523 ornamenta,
3001 3472 3124 3534 quae
3150 3457 3200 3512 si
3220 3458 3464 3515 studiose
3493 3460 3758 3517 observa-

2173 3545 2336 3611 veris,
2368 3545 2515 3615 quod
2538 3544 2676 3603 foris
2703 3547 2979 3619 accepisse
3002 3549 3305 3606 ostenderis
3330 3550 3479 3610 intus
3499 3552 3752 3610 habebis.

2171 3634 2321 3705 Crux
2353 3636 2521 3692 etiam
2556 3645 2685 3693 ante
2712 3646 2787 3707 te,
2820 3639 2964 3696 sicut
2994 3649 3121 3698 ante
3149 3642 3583 3714 praedecessores
3628 3654 3756 3702 tuos

2171 3742 2268 3797 per
2306 3726 2632 3785 Dalmatiam
2658 3739 2714 3786 et
2739 3730 3073 3801 Slavoniam,
3123 3734 3323 3806 ubique
3364 3744 3611 3805 geratur.
3645 3738 3752 3793 Ar-

2170 3818 2634 3891 chiepiscopatum
2655 3838 2875 3895 quoque
2904 3823 3162 3881 Ecclesia:
3184 3834 3310 3894 tuae,
3331 3827 3488 3897 juxta
3512 3828 3752 3885 formam

2170 3918 2485 3965 sanctorum
2530 3913 2995 3983 pratdecessorum
3045 3926 3385 3986 nostrorum,
3433 3935 3467 3974 a
3512 3935 3748 3991 quorum

2168 4002 2494 4059 auctoritate
2517 4020 2627 4060 non
2654 4005 2821 4063 debes
2849 4007 3126 4076 aberrare,
3150 4010 3504 4067 concedimus
3533 4021 3591 4068 et
3618 4029 3761 4069 cond

2166 4094 2471 4150 firmamus.
2507 4094 2710 4153 Sancta
2751 4097 2991 4156 Trinitas
3040 4102 3214 4172 gratia
3248 4118 3362 4159 sum
3390 4107 3749 4175 protectionis

2168 4184 2565 4243 fraternitatem
2607 4196 2759 4245 tuam
2786 4191 3089 4248 circumdet
3126 4202 3289 4265 atque
3312 4195 3367 4251 in
3406 4197 3627 4256 timoris
3661 4200 3746 4256 sui

2166 4293 2264 4334 vos
2285 4278 2432 4334 viam
2461 4279 2679 4352 dirigat,
2713 4290 2775 4338 ut
2806 4291 2934 4353 post
2955 4284 3122 4355 hujus
3151 4286 3277 4343 vitae.
3316 4290 3746 4348 amaritudinem

2165 4369 2232 4424 ad
2261 4378 2519 4425 aeternam
2548 4372 2729 4441 possis
2758 4374 2924 4430 simul
2950 4375 3291 4434 dulcedinem
3325 4384 3637 4452 pervenire.

2234 4460 2377 4516 Bene
2406 4461 2598 4518 valete.

482 4572 663 4623 cures,
691 4566 752 4612 ut
786 4558 929 4614 scias
967 4559 1159 4626 ethtec
1186 4559 1369 4615 omnia
1403 4576 1570 4616 unam
1610 4560 1909 4619 Ecclesiam
1939 4579 2061 4621 esse

2228 4551 2476 4638 Subjacet
2501 4555 2583 4609 Itis
2617 4556 2875 4638 sigillum,
2914 4575 3095 4638 nempe
3130 4562 3361 4638 circulus
3401 4568 3739 4638 quadriﬁdas

479 4656 643 4717 teque
684 4649 939 4705 omnibus
972 4649 1246 4720 praedictis
1283 4651 1422 4707 locis
1466 4653 1763 4724 episcopali
1793 4655 2059 4727 regimine

479 4754 734 4809 prazesse.

546 4829 778 4887 Pallium
806 4841 987 4888 autem
1009 4831 1335 4889 ﬁaternitati
1367 4843 1472 4891 tuae
1497 4851 1564 4892 ex
1590 4851 1741 4893 more
1762 4837 1831 4894 ad
1852 4839 2053 4897 missa-

478 4940 603 4980 rum
633 4926 897 4982 solemnia
931 4926 1274 4994 celebranda,
1307 4928 1451 4983 sicut
1476 4930 1916 4987 antecessoribus
1944 4932 2053 4990 tuis

476 5031 802 5075 concessum
821 5025 927 5080 est.
957 5018 1328 5085 concedimus,
1357 5018 1608 5076 videlicet
1638 5020 1696 5076 in
1730 5022 1899 5078 natali
1941 5023 2051 5072 llo-

2156 4624 2225 4713 i‘n'
2249 4624 2475 4713 formam
2540 4624 2717 4713 crucis
2770 4644 2889 4711 cum
2943 4624 3152 4713 nomine
3177 4624 3739 4713 _ejusde_r_ri_pontiﬁcis

2156 4692 2451 4777 Alemandri
2471 4712 2623 4768 papa
2649 4696 2717 4751 ΙΙ
2720 4739 2737 4767 ,
2765 4701 3113 4756 circumcirca
3136 4692 3398 4773 ejsismodi
3428 4692 3741 4765 hebetastis;

2158 4774 2517 4835 scriptionem.

2261 4856 2302 4927 -ι-
2323 4873 2629 4914 ειλιτλγιτ
2659 4876 2729 4915 iu:
2770 4876 2905 4917 usus
2936 4877 2988 4917 in
3015 4878 3253 4920 vmrurs
3281 4882 3494 4924 animi
3523 4886 3631 4927 sur.

2157 4946 2616 5074 “:osgigillum
2639 4952 2743 5007 ista
2762 4952 3047 5025 subjicitur
3071 4957 3389 5030 subscriptio
3414 4971 3536 5031 post
3555 4973 3737 5019 notam

2262 5036 2326 5074 no
2426 5036 2445 5073 :

2260 5036 2404 5089 ports
2426 5036 2445 5073 :
