4050 5358
322 227 461 292 ms

990 336 1222 404 XLVIII.

316 436 609 493 Alexandri
634 452 786 508 papa!
824 435 889 492 11
1279 454 1377 510 pro
1402 437 1622 492 ecclesia
1652 436 1709 492 S.
1746 435 1891 490 Petri

957 508 1246 564 Insulam.

917 600 1098 672 (Anno
1126 599 1309 670 l067.)

313 690 614 762 [Buzsuxn
645 690 1127 758 Gallo-Flaudria,
1155 701 1309 762 parte
1331 708 1370 758 ι,
1403 691 1501 746 lib.
1550 708 1611 758 ιι,
1651 705 1705 761 p.
1742 686 1895 759 δια]

380 782 708 837 Accusas:
736 783 1045 854 episcopus,
1080 798 1275 839 servus
1300 798 1586 838 servorum
1624 781 1742 847 Dei,
1765 780 1898 835 ΒΑι-

311 889 471 928 animo
514 874 887 931 illustrissimo
927 874 1280 939 Flandronsis
1315 856 1557 943 comitis,
1580 876 1811 932 salutem
1842 884 1896 929 et

310 966 666 1035 apostolicam
698 967 1152 1022 benedictionem.

375 1057 515 1124 Quia
549 1073 614 1112 ex
640 1059 966 1114 auctoritate
987 1058 1303 1129 apostolicae
1336 1057 1503 1125 sedis,
1525 1056 1639 1126 cui,
1665 1057 1791 1113 licet
1812 1057 1897 1112 in-

308 1148 479 1219 digni,
508 1148 619 1203 Deo
640 1158 884 1215 auctore,
925 1149 1308 1221 praesidemus,
1338 1150 1500 1206 nobis
1544 1149 1798 1205 imminet
1835 1158 1895 1203 ut

307 1241 687 1311 cujuscunque
728 1242 897 1312 justis
940 1242 1297 1313 petitionibus
1348 1242 1544 1297 merito
1599 1242 1896 1297 debeamus

308 1347 571 1399 annuere,
589 1334 756 1404 petita
786 1349 919 1389 vero
949 1333 1295 1405 postmodum
1326 1332 1659 1390 ﬁrmissimis
1680 1342 1897 1403 aposto-

307 1424 428 1478 licte
472 1426 817 1482 auctoritatis
863 1425 1307 1482 roborationibus
1340 1425 1704 1492 conﬁrmare;
1750 1425 1896 1495 quod

306 1516 378 1568 ab
400 1517 709 1586 apostolatu
736 1524 930 1572 nostro
961 1516 1282 1587 suppliciter
1310 1516 1515 1586 satagis
1538 1524 1741 1585 petere,
1765 1514 1896 1569 cha-

306 1608 484 1663 ritatis
510 1609 675 1663 etiam
700 1618 807 1664 tua:
838 1618 1091 1680 respectu
1118 1608 1365 1664 inclinati
1379 1606 1762 1663 liberalissime
1784 1621 1895 1660 non

305 1700 666 1771 dedignamur
697 1701 1013 1759 concedere.
1054 1699 1208 1756 Unde
1234 1701 1351 1755 htec
1376 1699 1561 1755 omnia
1586 1699 1677 1754 illa
1704 1713 1828 1769 quae
1861 1713 1894 1753 a
1928 1714 1969 1767 η

306 1792 573 1847 Balduino
600 1792 981 1849 Noviomensis
1014 1791 1272 1847 Ecclesiae
1296 1791 1555 1862 episcopo
1583 1789 1777 1846 Islensi
1801 1805 1893 1845 ec-

303 1885 507 1951 clesiae,
532 1902 699 1957 quam
724 1886 840 1957 ipse
865 1886 920 1941 in
949 1886 1156 1941 honore
1180 1884 1325 1940 beati
1354 1882 1497 1938 Petri
1520 1884 1891 1955 apostolorum

306 1977 571 2049 principis
614 1993 645 2033 a
688 1976 1043 2033 fundamento
1084 1975 1463 2042 construxisti,
1499 1975 1775 2046 religionis
1806 1989 1893 2029 re-

306 2079 493 2140 spectu
530 2071 782 2138 remissa,
813 2069 929 2126 sive
957 2084 1221 2125 concessa
1263 2076 1413 2135 sunt,
1455 2076 1535 2134 ut,
1565 2067 1620 2122 in
1646 2067 1767 2137 ejus
1804 2066 1885 2121 lit.

304 2163 437 2218 teris
461 2163 531 2218 ab
566 2178 633 2218 eo
665 2163 825 2218 nobis
855 2162 1044 2218 missis
1080 2161 1414 2226 continetur,
1452 2160 1753 2230 apostolica
1793 2174 1892 2213 au-

305 2255 553 2309 ctoritate
595 2256 1009 2321 conﬁrmamus,
1057 2268 1155 2324 per
1197 2251 1363 2323 hujus
1406 2261 1607 2308 nostra:
1649 2250 1893 2307 conscri-

305 2349 504 2417 ptionis
530 2350 784 2422 paginam
808 2349 1195 2405 inviolabiliter
1225 2348 1669 2413 corroboramus,
1713 2347 1786 2403 ita
1832 2356 1893 2402 ut

306 2456 408 2497 nec
457 2441 716 2512 prmlatus
764 2442 1078 2512 episcopus,
1124 2457 1226 2497 nec
1259 2441 1460 2511 aliquis
1495 2456 1721 2497 suorum
1766 2455 1891 2496 suc-

307 2547 611 2600 cessorum,
663 2549 771 2588 non
814 2534 980 2590 etiam
1021 2543 1081 2590 tu
1115 2533 1262 2604 ipse,
1310 2533 1395 2588 vel
1431 2533 1633 2604 aliquis
1669 2540 1888 2588 tuorum

304 2634 671 2695 posterorum,
736 2640 839 2681 nec
891 2626 999 2681 uﬁa
1033 2625 1267 2696 alicujus
1308 2624 1639 2681 conditionis
1693 2636 1891 2695 magna

305 2718 392 2771 vel
435 2733 602 2788 parva
644 2733 878 2788 persona
908 2719 1201 2789 praelibatze
1239 2717 1485 2773 ecclesia:
1520 2716 1588 2772 de
1635 2716 1724 2772 bis
1770 2731 1892 2787 quae

307 2808 470 2864 modo
493 2809 598 2865 sibi
629 2818 759 2864 sunt
799 2824 831 2865 a
873 2818 945 2876 te,
984 2809 1066 2864 vel
1108 2810 1179 2865 ab
1220 2808 1344 2865 aliis
1382 2824 1666 2875 concessa,
1698 2824 1794 2864 seu
1835 2809 1890 2863 in

306 2908 589 2971 posterum
619 2901 988 2969 concedenda,
1016 2902 1259 2972 aliquam
1284 2902 1576 2957 temerario
1596 2911 1894 2972 praesumat

307 3008 443 3048 ausu
482 2992 683 3050 inferre
708 2993 1041 3060 molestiam,
1081 3001 1177 3049 aut
1199 3009 1585 3064 quamcunque
1610 2994 1887 3065 injuriam.

312 3084 369 3139 Si
400 3100 566 3153 vero,
598 3086 746 3157 quod
775 3087 939 3143 absit!
969 3095 1157 3142 contra
1190 3086 1355 3156 hujus
1376 3096 1578 3142 nostrae
1599 3086 1891 3143 institutia-
1918 3071 1959 3128 (ἶ

309 3177 395 3232 nis
429 3185 781 3249 praeceptum,
814 3178 1015 3250 aliquis
1064 3177 1149 3234 vir
1195 3178 1504 3246 tentaverit,
1549 3188 1603 3234 et
1631 3179 1751 3234 loco
1795 3179 1889 3234 illo

307 3285 533 3325 suarum
581 3286 766 3325 rerum
805 3270 1168 3337 invasionem,
1202 3270 1605 3337 aliena'ionem,
1649 3286 1745 3326 seu
1785 3286 1887 3342 op-

305 3361 641 3430 pressionem
671 3362 872 3418 inferre
900 3362 1121 3417 molitus
1150 3360 1334 3427 fuerit,
1352 3362 1669 3438 .apostolica
1698 3362 1887 3418 consi-

306 3452 586 3508 deratione
610 3456 871 3510 addentes
897 3455 1245 3525 przecipimns
1282 3462 1343 3509 ut
1364 3454 1441 3508 illi
1464 3454 1664 3525 quibus
1690 3454 1887 3525 injuria

308 3543 453 3598 illata
476 3544 639 3600 fuerit
667 3547 900 3601 liberum
930 3546 1168 3601 habeant
1186 3546 1369 3601 locum
1393 3547 1704 3615 apostolicm
1743 3546 1889 3602 sedis

307 3634 612 3705 appellandi
651 3637 944 3709 refugium.
1006 3636 1270 3708 Quisquis
1299 3636 1465 3708 igitur
1489 3637 1654 3708 hujus
1688 3647 1889 3693 nostra:

306 3726 661 3784 institutionis
676 3730 996 3785 temerarius
1018 3728 1249 3803 violator
1260 3727 1445 3795 fuerit,
1458 3728 1738 3785 beatorum
1757 3746 1889 3801 apa-

305 3820 572 3877 stolorum
614 3820 759 3877 Petri
788 3831 844 3877 et
861 3820 1037 3889 Pauli,
1073 3821 1181 3876 nisi
1216 3836 1314 3891 per
1334 3820 1529 3891 dignos
1558 3820 1888 3892 poenitentiae

306 3910 516 3968 fructus
533 3913 847 3984 resipuerit,
873 3914 1102 3985 gratiam
1127 3912 1357 3968 amittat.
1383 3911 1489 3983 Qui
1510 3928 1640 3969 vero
1660 3914 1888 3971 devotus

304 4006 625 4060 observator
657 4005 943 4072 exstiterit,
971 4005 1190 4062 Christo
1222 4006 1382 4071 duce,
1421 4015 1477 4061 et
1527 4006 1686 4062 beato
1723 4006 1887 4063 Petro

305 4097 694 4164 intercedente,
717 4098 955 4168 antiqua:
983 4097 1366 4168 promissionis
1403 4105 1459 4153 et
1491 4112 1645 4153 nova:
1668 4099 1853 4155 redem
1870 4129 1884 4141 ~

305 4190 507 4260 ptionis
528 4189 760 4261 patriam
789 4190 908 4245 sine
929 4190 1034 4245 ﬁne
1064 4189 1359 4260 possideat.

317 4307 325 4314 -
375 4282 573 4338 Datum
608 4280 796 4338 Roma:
822 4282 1072 4353 jussione
1102 4280 1312 4353 prmfati
1339 4282 1527 4337 domui
1569 4297 1721 4353 papa:
1758 4282 1882 4336 Ale—

1471 226 1833 295 EPISTOLE
1872 235 1960 291 ET
1998 232 2388 292 DIPLOMATA
2399 275 2414 290 .

1923 348 1968 403 Α
1993 358 2049 405 et
2082 345 2420 419 longinquis,
2464 341 2638 397 multo
2682 335 2859 406 magis
2895 329 3214 387 domesticis
3251 336 3308 382 et
3351 325 3579 419 propin-

3437 209 3579 269 {536

1992 440 2138 512 quis.
2166 418 2306 509 Ipsis
2340 436 2542 506 quippe
2563 428 2805 487 secundo
2841 423 3012 497 gradu
3034 432 3159 494 post
3184 420 3354 475 Deum
3380 418 3572 512 admo-

1992 509 2166 587 venda
2230 536 2316 584 est
2362 523 2652 582 invisibilis
2695 519 2956 583 Charitas,
3010 524 3072 570 ut
3120 529 3215 584 per
3258 526 3384 577 eos,
3431 509 3576 564 velut
3672 576 3675 579 Α

1991 622 2247 695 quaedam
2277 618 2513 675 visibilis
2535 616 2752 671 ﬂamma
2772 654 2787 681 ,
2824 608 3090 682 gradatim
3133 605 3203 661 ad
3252 602 3574 659 rcmotiorcs

1992 732 2243 790 quosque
2278 716 2572 771 discurrat.
2598 711 2710 767 Piis
2728 723 2859 780 ergo
2881 707 3018 762 locis
3041 713 3095 760 et
3108 703 3289 759 divina
3316 698 3576 790 religione

1993 787 2397 866 venerabilibus
2445 805 2643 861 debitae
2703 797 3098 857 consolationis
3142 802 3199 849 et
3241 787 3576 848 defensionis

1992 900 2300 973 porrecturi
2335 913 2556 962 manus,
2596 896 2748 950 illum
2786 890 3000 948 caeteris
3036 884 3433 960 prtefercndum
3463 895 3574 936 non

1993 993 2325 1064 ambigimus
2377 1005 2540 1061 quem
2584 985 2904 1042 monastica:
2949 995 3154 1037 norma:
3201 982 3419 1033 constat
3454 987 3579 1029 esse

1994 1084 2293 1157 princlpale
2324 1079 2670 1153 gymnasium
2703 1084 2759 1131 et
2811 1083 3015 1131 sanctae
3052 1070 3313 1125 Romana:
3345 1075 3400 1121 et
3438 1081 3576 1136 apo-

1995 1176 2202 1233 stoliae
2224 1174 2339 1230 sedi
2366 1172 2711 1243 contiguum,
2740 1182 2903 1238 quem
2926 1165 3078 1221 cives
3101 1160 3357 1226 Romani,
3385 1158 3577 1214 Patres

1994 1268 2249 1324 videlicet
2301 1264 2523 1329 eximii,
2579 1260 2923 1326 Benedictus,
2969 1255 3192 1311 Maurus
3230 1261 3286 1309 ct
3324 1250 3577 1306 Placidus

1996 1372 2121 1418 cum
2146 1358 2426 1415 nonnullis
2455 1355 2580 1412 aliis
2607 1352 2930 1416 fundarunt,
2962 1361 3233 1420 quemque
3263 1360 3295 1399 a
3324 1343 3577 1414 gentibus

1995 1454 2335 1509 destructum
2367 1447 2602 1505 Romani
2629 1443 2917 1518 pontiﬁces
2936 1438 3298 1495 nihilominus
3335 1450 3436 1491 sua
3473 1450 3575 1489 au-

1996 1544 2248 1601 ctoritate
2268 1546 2668 1605 restruxerunt,
2689 1545 2743 1593 et
2763 1532 3062 1608 privilegiis
3090 1529 3404 1601 apostolica:
3429 1526 3577 1581 sedis

1996 1636 2195 1692 merito
2232 1633 2443 1691 cteterls
2485 1630 2753 1687 emnobiis
2792 1625 3149 1698 praetulerunt
3182 1630 3347 1691 atque
3384 1626 3576 1675 contra

1995 1727 2366 1799 quorumlibet
2437 1730 2727 1794 suspectas
2789 1716 3023 1789 injurias
3098 1712 3391 1770 efﬁcaciter
3447 1724 3573 1764 mu—

1997 1820 2234 1874 nierunt.
2297 1814 2545 1885 Quorum
2617 1827 2718 1870 nos
2784 1824 2956 1867 sacrae
3017 1804 3362 1863 auctoritatis
3435 1803 3579 1857 sicut

1995 1920 2239 1982 tempore
2276 1917 2330 1965 et
2358 1910 2480 1964 loco
2522 1904 2895 1970 succedimus,
2942 1901 3023 1958 sic
3055 1914 3247 1956 eorum
3292 1895 3576 1964 exemplo,

1994 2007 2055 2054 ut
2090 2006 2324 2070 oportet,
2373 1995 2680 2062 innitimur,
2717 2000 2772 2048 et
2821 2007 2920 2062 per
2953 1989 3120 2060 hujus
3156 1995 3362 2045 nostra:
3388 1986 3577 2041 decre—

1995 2092 2120 2147 talis
2163 2089 2375 2161 paginte
2418 2096 2662 2143 tenorem
2704 2084 2803 2139 tibi
2841 2125 2857 2149 ,
2906 2079 3260 2138 dilectissime
3310 2079 3385 2134 ﬁli
3435 2076 3574 2132 abba

1994 2181 2269 2247 Desideri,
2314 2178 2698 2243 concedimus,
2741 2174 3042 2232 secundum
3090 2170 3370 2243 privilegia
3418 2175 3574 2223 ante-

1992 2288 2275 2329 cessorum
2317 2279 2634 2327 nostrorum
2678 2275 2843 2338 atque
2888 2262 3342 2321 consuetudinem
3392 2258 3575 2314 moni-

1995 2373 2309 2421 mentorum
2369 2361 2498 2418 almi
2550 2360 2733 2416 Patris
2781 2356 3090 2423 Benedicti,
3152 2355 3319 2410 situm
3389 2360 3597 2407 monte.

1991 2457 2188 2512 Castro
2226 2454 2483 2520 Casslno,
2510 2460 2876 2522 cunctamque
2906 2448 3080 2520 ipsius
3123 2444 3442 2502 monasterii
3477 2444 3575 2507 aha

1992 2549 2195 2604 batiam
2220 2547 2274 2602 in
2298 2546 2511 2617 integro
2537 2560 2664 2601 cum
2703 2542 2854 2599 cellis
2891 2541 3028 2607 suis,
3052 2538 3311 2604 castellis,
3334 2536 3573 2608 praediis,

1992 2650 2050 2697 et
2078 2641 2226 2696 omni
2254 2654 2354 2696 sua
2396 2637 2722 2710 pertinentia
2760 2645 2826 2691 ex
2864 2634 2970 2689 hac
3011 2640 3200 2688 nostra
3252 2630 3575 2685 auctoritate

1993 2733 2422 2797 conﬁrmamus,
2494 2732 2603 2785 tam
2660 2727 2718 2783 in
2779 2725 2981 2782 ﬁnibus
3042 2723 3571 2783 Beneventanorum,

1993 2824 2294 2895 Apulorum
2341 2830 2393 2877 et
2436 2820 2820 2885 Calabrorum,
2849 2833 3016 2889 quam
3064 2816 3231 2871 etiam
3279 2814 3335 2868 in
3374 2813 3576 2869 ﬁnibus

1994 2916 2300 2972 Marsorum
2343 2923 2398 2971 et
2444 2914 2499 2969 in
2556 2911 2851 2979 marchiis,
2902 2910 3017 2965 sive
3058 2909 3370 2977 ubicunque
3419 2906 3577 2976 longe

1995 3019 2049 3065 et
2097 3024 2266 3081 prope
2308 3008 2573 3063 hactenus
2608 3006 2735 3077 jure
2783 3003 2887 3060 sibi
2928 3003 3165 3074 pertinet
3207 3000 3434 3072 aliquid,
3461 2998 3577 3054 sive

1992 3102 2257 3173 quidquid
2281 3101 2539 3170 deinceps
2563 3099 2742 3154 ubivis
2756 3098 2905 3168 juste
2930 3094 3266 3168 acquisierit.

2063 3192 2146 3249 Ad
2192 3193 2309 3248 haec
2361 3190 2634 3263 justitiam
2686 3190 2773 3245 vel
2831 3188 3053 3259 aliquod
3100 3185 3376 3247 debitum,
3431 3182 3576 3252 quod

1992 3282 2248 3341 oﬂicialcs
2282 3283 2459 3339 nostri
2496 3282 2639 3337 sacri
2673 3279 2860 3351 palatii
2902 3278 3119 3348 exigent
3167 3290 3198 3329 a
3240 3273 3476 3328 navibus
3504 3271 3571 3324 a.l

1991 3375 2298 3431 Romanum
2359 3381 2578 3446 portum
2635 3360 3089 3441 applicantibus,
3116 3366 3284 3421 vestri
3337 3362 3574 3419 caenoltii

1990 3465 2115 3520 navi
2160 3462 2442 3535 peculiarii
2471 3469 2752 3534 gratanter
2779 3460 3111 3515 relaxamus.
3147 3454 3320 3510 Usum
3351 3466 3573 3523 quoque

1990 3557 2363 3613 sandaliorum
2397 3564 2453 3610 ct
2498 3553 2827 3617 dalmatica:,
2862 3548 3113 3621 quamvis
3153 3546 3278 3617 jure
3323 3543 3575 3605 cardina-

1988 3651 2134 3705 latus
2182 3648 2262 3703 tui
2313 3648 2382 3703 ab
2426 3646 2728 3717 apostolica
2768 3643 2893 3699 sedc
2946 3638 3291 3713 perceperis,
3335 3652 3366 3691 a
3411 3635 3573 3691 nobis

1988 3751 2172 3797 tamen
2210 3740 2311 3795 tibi
2350 3748 2405 3795 et
2441 3740 2563 3795 loco
2599 3738 2877 3807 deinceps,
2915 3734 2970 3789 in
3009 3730 3402 3804 principalibus
3443 3736 3569 3782 tan-

1988 3844 2106 3890 tum
2163 3833 2353 3899 festis,
2408 3832 2476 3887 ad
2543 3827 3013 3886 hoinoriﬁcentiam
3079 3834 3191 3879 tam
3246 3820 3574 3877 venerabilis

1988 3925 2229 3983 coenobii
2258 3935 2314 3981 et
2350 3925 2422 3980 ob
2458 3923 2803 3979 dilectionem
2834 3929 3006 3988 tuam,
3034 3915 3404 3974 concedimus.
3434 3912 3576 3967 Pna-

1976 4027 2134 4084 terca
2174 4017 2602 4073 corroboramus
2623 4014 2723 4070 tibi
2768 4013 2987 4084 tuisque
3031 4008 3467 4072 successoribus,
3517 4005 3573 4059 in

1987 4110 2140 4166 omni
2170 4116 2439 4166 conventu
2463 4107 2851 4179 episcoporum
2880 4114 2935 4160 et
2977 4102 3288 4174 principum
3320 4096 3571 4167 superio«

1987 4214 2104 4257 rem
2153 4201 2412 4256 omnibus
2455 4199 2746 4254 abbatibus
2784 4196 2994 4262 sedere,
3038 4201 3093 4249 et
3131 4194 3187 4247 in
3234 4190 3484 4247 conciliis
3519 4196 3574 4241 et

1985 4293 2208 4362 judiciis
2233 4292 2472 4363 priorem
2518 4290 2603 4345 sui
2634 4288 2844 4344 ordinis
2878 4285 3191 4342 hominibus
3221 4282 3569 4342 sententiam,

306 4375 496 4430 xandri
524 4374 702 4445 ll,per
722 4390 944 4429 manum
972 4373 1254 4429 Rembaldi
1278 4374 1596 4430 subdiaconi
1616 4390 1762 4429 anno
1780 4372 1884 4429 Do—
1919 4422 1964 4478 Β
1991 4398 2092 4453 pro
2134 4382 2440 4437 reverentia
2475 4380 2614 4436 tanti
2645 4379 2752 4436 loci
2779 4379 2875 4448 qui
2919 4377 3158 4449 primum
3203 4383 3257 4430 et
3291 4387 3568 4430 summum

307 4467 521 4521 minicae
538 4465 940 4522 lncarnationis
961 4466 1120 4533 1066,
1134 4482 1189 4521 v1
1212 4463 1338 4521 ldus
1355 4465 1577 4536 Aprilis,
1591 4466 1887 4523 indictione

1990 4474 2307 4530 monastica:
2342 4473 2712 4545 legislaturem
2767 4471 2952 4526 vivum
3010 4477 3066 4524 et
3112 4476 3390 4523 mortuum
3438 4464 3573 4520 reti-

306 4559 516 4627 quinta,
549 4573 694 4613 anno
731 4557 1078 4629 pontiﬁcatus
1099 4558 1390 4614 Alexandri
1413 4574 1567 4630 papa:
1587 4568 1760 4615 sexto.
1988 4583 2117 4623 nere
2142 4566 2465 4639 promeruit,
2495 4565 2701 4636 quique
2726 4563 2901 4634 ipsius
2922 4561 3318 4633 legislationem
3344 4558 3573 4630 scripto,

993 4649 1180 4705 XLIX.
1985 4661 2153 4715 verbo
2180 4668 2235 4715 et
2273 4659 2523 4729 exemplo
2559 4656 2860 4713 caenobiale
2900 4653 3241 4726 propositum
3272 4653 3581 4719 appetendo

321 4739 617 4795 Alexandri
644 4757 795 4811 papte
820 4739 886 4794 II
911 4741 1058 4795 bulla
1082 4758 1178 4811 pro
1207 4743 1526 4798 monasterio
1558 4742 1855 4799 Casinensi.
1985 4752 2043 4808 in
2075 4762 2190 4809 toto
2241 4751 2451 4808 mundo
2499 4749 2613 4805 sole
2641 4746 2845 4805 clarius
2880 4744 3113 4802 vibravit
3142 4745 3266 4815 (ι’).
3307 4740 3592 4804 Defuncto

316 4882 371 4936 ῖ,,,
553 4918 585 4936 η
680 4924 691 4936 _
773 4923 785 4936 ,
824 4922 858 4936 η
894 4831 1074 4936 (θηξῖθ
1109 4831 1296 4936 1067')
1986 4854 2170 4901 autem
2186 4841 2683 4911 abbate,exseipsa
2706 4834 3623 4911 congregatiosccundumsanms

304 4922 526 4994 [Terr],
546 4918 727 4979 Storia
749 4922 893 4978 della
920 4923 1079 4979 badia
1102 4923 1308 4991 Casin.,
1338 4934 1470 4979 tom.
1499 4925 1542 4994 Ι,
1571 4942 1694 4999 pag.
1725 4929 1879 5002 422.]
1987 4939 2284 4995 consilium
2349 4934 2660 5005 sapientum
2714 4939 2768 4986 et
2834 4930 3118 4988 seniorum
3184 4927 3422 4981 fratrum
3506 4929 3627 4995 sibi

372 5014 695 5073 ALBXANDBR
727 5014 1038 5087 episcopus,
1064 5031 1253 5073 servus
1271 5031 1555 5074 servorum
1579 5018 1696 5088 Dei,
1724 5021 1880 5078 Dcsx-
1988 5033 2242 5088 abbatem
2271 5026 2457 5100 eligat,
2482 5033 2538 5080 et
2555 5023 2875 5095 apostolica:
2898 5019 3045 5077 sedis
3069 5015 3315 5090 pontiﬁci
3349 5013 3645 5090 ﬁrma“.

298 5120 459 5160 nsato
491 5106 690 5160 dilecto
721 5104 852 5160 ﬁlio.
888 5106 1071 5160 abbati
1100 5106 1423 5160 venerabilis
1467 5112 1704 5160 cmnohii
1748 5116 1876 5160 ulmi

1990 5125 2118 5160 dum
2146 5131 2198 5158 ne
2221 5117 2655 5158 nnncnnrandnm
2686 5115 2973 5156 nvhilmal?
3003 5127 3105 5156 nev
3135 5110 3291 5156 aliter
3420 5112 3555 5154 ah
3569 5127 3666 5154 Msa
