  <div class='ocr_page' id='page_1' title='image "/cluster/home/n/w/nwhite01/storage/ocr_20150623/146/hvd.32044015471832/674.png"; bbox 0 0 4050 5358; ppageno 0'>
   <div class='ocr_carea' id='block_1_1' title="bbox 323 294 460 351">
    <p class='ocr_par' dir='ltr' id='par_1_1' title="bbox 323 294 460 351">
     <span class='ocr_line' id='line_1_1' title="bbox 323 294 460 351; baseline 0.015 -2"><span class='ocrx_word' id='word_1_1' title='bbox 323 294 346 349; x_wconf 65' lang='grc'><strong>1</strong></span> <span class='ocrx_word' id='word_1_2' title='bbox 357 294 460 351; x_wconf 69' lang='grc'><strong>529</strong></span> 
     </span>
    </p>
   </div>
   <div class='ocr_carea' id='block_1_2' title="bbox 319 498 1899 574">
    <p class='ocr_par' dir='ltr' id='par_1_2' title="bbox 319 498 1899 574">
     <span class='ocr_line' id='line_1_2' title="bbox 319 498 1899 574; baseline 0.001 -20"><span class='ocrx_word' id='word_1_3' title='bbox 319 507 373 556; x_wconf 90' lang='lat' dir='ltr'><strong>et</strong></span> <span class='ocrx_word' id='word_1_4' title='bbox 400 499 561 555; x_wconf 81' lang='lat' dir='ltr'><strong>liceat</strong></span> <span class='ocrx_word' id='word_1_5' title='bbox 595 498 802 555; x_wconf 82' lang='lat' dir='ltr'>eisdem</span> <span class='ocrx_word' id='word_1_6' title='bbox 839 500 1115 574; x_wconf 83' lang='lat' dir='ltr'><strong>subjectos</strong></span> <span class='ocrx_word' id='word_1_7' title='bbox 1156 501 1505 558; x_wconf 81' lang='lat' dir='ltr'><strong>monasteriis</strong></span> <span class='ocrx_word' id='word_1_8' title='bbox 1540 515 1729 557; x_wconf 89' lang='lat' dir='ltr'><strong>eorum</strong></span> <span class='ocrx_word' id='word_1_9' title='bbox 1749 501 1899 573; x_wconf 87' lang='lat' dir='ltr'><strong>judi-</strong></span> 
     </span>
    </p>
   </div>
   <div class='ocr_carea' id='block_1_3' title="bbox 319 593 1902 666">
    <p class='ocr_par' dir='ltr' id='par_1_3' title="bbox 319 593 1902 666">
     <span class='ocr_line' id='line_1_3' title="bbox 319 593 1902 666; baseline 0 -16"><span class='ocrx_word' id='word_1_10' title='bbox 319 609 465 661; x_wconf 88' lang='lat' dir='ltr'><strong>care,</strong></span> <span class='ocrx_word' id='word_1_11' title='bbox 490 602 606 649; x_wconf 88' lang='lat' dir='ltr'><strong>tam</strong></span> <span class='ocrx_word' id='word_1_12' title='bbox 650 593 956 650; x_wconf 86' lang='lat' dir='ltr'><strong>monachos</strong></span> <span class='ocrx_word' id='word_1_13' title='bbox 976 610 1143 666; x_wconf 88' lang='lat' dir='ltr'><strong>quam</strong></span> <span class='ocrx_word' id='word_1_14' title='bbox 1175 603 1229 650; x_wconf 92' lang='lat' dir='ltr'><strong>et</strong></span> <span class='ocrx_word' id='word_1_15' title='bbox 1257 594 1705 651; x_wconf 87' lang='lat' dir='ltr'><strong>sanetimoniales</strong></span> <span class='ocrx_word' id='word_1_16' title='bbox 1745 594 1902 650; x_wconf 87' lang='lat' dir='ltr'><strong>femi-</strong></span> 
     </span>
    </p>
   </div>
   <div class='ocr_carea' id='block_1_4' title="bbox 319 687 1903 759">
    <p class='ocr_par' dir='ltr' id='par_1_4' title="bbox 319 687 1903 759">
     <span class='ocr_line' id='line_1_4' title="bbox 319 687 1903 759; baseline 0.003 -19"><span class='ocrx_word' id='word_1_17' title='bbox 319 701 440 753; x_wconf 87' lang='lat' dir='ltr'><strong>nas,</strong></span> <span class='ocrx_word' id='word_1_18' title='bbox 487 687 696 758; x_wconf 87' lang='lat' dir='ltr'><strong>absque</strong></span> <span class='ocrx_word' id='word_1_19' title='bbox 743 688 1113 758; x_wconf 77' lang='lat' dir='ltr'><strong>prohibitione</strong></span> <span class='ocrx_word' id='word_1_20' title='bbox 1151 697 1204 743; x_wconf 93' lang='lat' dir='ltr'><strong>et</strong></span> <span class='ocrx_word' id='word_1_21' title='bbox 1244 688 1674 745; x_wconf 68' lang='lat' dir='ltr'><strong>contradictione</strong></span> <span class='ocrx_word' id='word_1_22' title='bbox 1718 688 1903 759; x_wconf 88' lang='lat' dir='ltr'><strong>cujus-</strong></span> 
     </span>
    </p>
   </div>
   <div class='ocr_carea' id='block_1_5' title="bbox 319 778 1902 849">
    <p class='ocr_par' dir='ltr' id='par_1_5' title="bbox 319 778 1902 849">
     <span class='ocr_line' id='line_1_5' title="bbox 319 778 1902 849; baseline 0.004 -18"><span class='ocrx_word' id='word_1_23' title='bbox 319 778 447 833; x_wconf 83' lang='lat' dir='ltr'><strong>libet</strong></span> <span class='ocrx_word' id='word_1_24' title='bbox 468 778 746 836; x_wconf 87' lang='lat' dir='ltr'><strong>sacularis</strong></span> <span class='ocrx_word' id='word_1_25' title='bbox 770 780 1075 849; x_wconf 85' lang='lat' dir='ltr'><strong>potestatis,</strong></span> <span class='ocrx_word' id='word_1_26' title='bbox 1098 795 1195 835; x_wconf 92' lang='lat' dir='ltr'><strong>seu</strong></span> <span class='ocrx_word' id='word_1_27' title='bbox 1234 780 1635 837; x_wconf 82' lang='lat' dir='ltr'><strong>ecclesiastica.</strong></span> <span class='ocrx_word' id='word_1_28' title='bbox 1654 780 1737 836; x_wconf 81' lang='lat' dir='ltr'><strong>Ad</strong></span> <span class='ocrx_word' id='word_1_29' title='bbox 1787 780 1902 837; x_wconf 79' lang='lat' dir='ltr'><strong>hac</strong></span> 
     </span>
    </p>
   </div>
   <div class='ocr_carea' id='block_1_6' title="bbox 317 870 1899 939">
    <p class='ocr_par' dir='ltr' id='par_1_6' title="bbox 317 870 1899 939">
     <span class='ocr_line' id='line_1_6' title="bbox 317 870 1899 939; baseline 0.004 -15"><span class='ocrx_word' id='word_1_30' title='bbox 317 870 479 927; x_wconf 88' lang='lat' dir='ltr'><strong>liceat</strong></span> <span class='ocrx_word' id='word_1_31' title='bbox 498 871 656 927; x_wconf 81' lang='lat' dir='ltr'><strong>vobis</strong></span> <span class='ocrx_word' id='word_1_32' title='bbox 679 887 897 928; x_wconf 89' lang='lat' dir='ltr'><strong>sacrum</strong></span> <span class='ocrx_word' id='word_1_33' title='bbox 918 873 983 928; x_wconf 90' lang='lat' dir='ltr'><strong>ch</strong></span> <span class='ocrx_word' id='word_1_34' title='bbox 991 872 1158 929; x_wconf 88' lang='lat' dir='ltr'><strong>risma</strong></span> <span class='ocrx_word' id='word_1_35' title='bbox 1174 882 1228 930; x_wconf 90' lang='lat' dir='ltr'><strong>et</strong></span> <span class='ocrx_word' id='word_1_36' title='bbox 1247 873 1646 931; x_wconf 87' lang='lat' dir='ltr'><strong>ecclesiasticos</strong></span> <span class='ocrx_word' id='word_1_37' title='bbox 1661 873 1899 939; x_wconf 88' lang='lat' dir='ltr'><strong>ordines,</strong></span> 
     </span>
    </p>
   </div>
   <div class='ocr_carea' id='block_1_7' title="bbox 317 959 1903 1035">
    <p class='ocr_par' dir='ltr' id='par_1_7' title="bbox 317 959 1903 1035">
     <span class='ocr_line' id='line_1_7' title="bbox 317 959 1903 1035; baseline 0.003 -21"><span class='ocrx_word' id='word_1_38' title='bbox 317 968 373 1014; x_wconf 92' lang='lat' dir='ltr'><strong>et</strong></span> <span class='ocrx_word' id='word_1_39' title='bbox 403 959 658 1017; x_wconf 85' lang='lat' dir='ltr'><strong>altarium</strong></span> <span class='ocrx_word' id='word_1_40' title='bbox 689 961 1133 1019; x_wconf 79' lang='lat' dir='ltr'><strong>consecrationcs</strong></span> <span class='ocrx_word' id='word_1_41' title='bbox 1156 962 1226 1018; x_wconf 93' lang='lat' dir='ltr'><strong>ab</strong></span> <span class='ocrx_word' id='word_1_42' title='bbox 1247 962 1507 1035; x_wconf 91' lang='lat' dir='ltr'><strong>episcopo</strong></span> <span class='ocrx_word' id='word_1_43' title='bbox 1527 963 1772 1034; x_wconf 86' lang='lat' dir='ltr'><strong>quolibet</strong></span> <span class='ocrx_word' id='word_1_44' title='bbox 1810 978 1903 1018; x_wconf 90' lang='lat' dir='ltr'><strong>ea-</strong></span> 
     </span>
    </p>
   </div>
   <div class='ocr_carea' id='block_1_8' title="bbox 318 1051 1899 1127">
    <p class='ocr_par' dir='ltr' id='par_1_8' title="bbox 318 1051 1899 1127">
     <span class='ocr_line' id='line_1_8' title="bbox 318 1051 1899 1127; baseline 0.003 -21"><span class='ocrx_word' id='word_1_45' title='bbox 318 1051 516 1108; x_wconf 89' lang='lat' dir='ltr'><strong>nonice</strong></span> <span class='ocrx_word' id='word_1_46' title='bbox 532 1061 786 1123; x_wconf 90' lang='lat' dir='ltr'><strong>promoto</strong></span> <span class='ocrx_word' id='word_1_47' title='bbox 798 1053 1063 1124; x_wconf 88' lang='lat' dir='ltr'><strong>accipere,</strong></span> <span class='ocrx_word' id='word_1_48' title='bbox 1085 1063 1140 1110; x_wconf 92' lang='lat' dir='ltr'><strong>et</strong></span> <span class='ocrx_word' id='word_1_49' title='bbox 1159 1054 1675 1111; x_wconf 89' lang='lat' dir='ltr'><strong>christianissimum</strong></span> <span class='ocrx_word' id='word_1_50' title='bbox 1698 1053 1818 1127; x_wconf 81' lang='lat' dir='ltr'><strong>(sic)</strong></span> <span class='ocrx_word' id='word_1_51' title='bbox 1847 1054 1899 1110; x_wconf 90' lang='lat' dir='ltr'><strong>in</strong></span> 
     </span>
    </p>
   </div>
   <div class='ocr_carea' id='block_1_9' title="bbox 317 1144 1903 1217">
    <p class='ocr_par' dir='ltr' id='par_1_9' title="bbox 317 1144 1903 1217">
     <span class='ocr_line' id='line_1_9' title="bbox 317 1144 1903 1217; baseline 0.001 -19"><span class='ocrx_word' id='word_1_52' title='bbox 317 1144 565 1199; x_wconf 87' lang='lat' dir='ltr'><strong>ecclesiis</strong></span> <span class='ocrx_word' id='word_1_53' title='bbox 590 1145 789 1202; x_wconf 79' lang='lat' dir='ltr'><strong>vestris</strong></span> <span class='ocrx_word' id='word_1_54' title='bbox 813 1160 970 1217; x_wconf 82' lang='lat' dir='ltr'><strong>agere</strong></span> <span class='ocrx_word' id='word_1_55' title='bbox 999 1161 1097 1217; x_wconf 82' lang='lat' dir='ltr'><strong>per</strong></span> <span class='ocrx_word' id='word_1_56' title='bbox 1129 1146 1358 1203; x_wconf 86' lang='lat' dir='ltr'><strong>clericos</strong></span> <span class='ocrx_word' id='word_1_57' title='bbox 1387 1155 1621 1212; x_wconf 88' lang='lat' dir='ltr'><strong>vestros,</strong></span> <span class='ocrx_word' id='word_1_58' title='bbox 1660 1154 1714 1201; x_wconf 89' lang='lat' dir='ltr'><strong>et</strong></span> <span class='ocrx_word' id='word_1_59' title='bbox 1753 1146 1903 1217; x_wconf 81' lang='lat' dir='ltr'><strong>hym-</strong></span> 
     </span>
    </p>
   </div>
   <div class='ocr_carea' id='block_1_10' title="bbox 317 1234 1902 1305">
    <p class='ocr_par' dir='ltr' id='par_1_10' title="bbox 317 1234 1902 1305">
     <span class='ocr_line' id='line_1_10' title="bbox 317 1234 1902 1305; baseline 0.002 -18"><span class='ocrx_word' id='word_1_60' title='bbox 317 1250 451 1288; x_wconf 87' lang='lat' dir='ltr'><strong>num</strong></span> <span class='ocrx_word' id='word_1_61' title='bbox 473 1234 778 1305; x_wconf 88' lang='lat' dir='ltr'><strong>angelicum</strong></span> <span class='ocrx_word' id='word_1_62' title='bbox 808 1250 905 1305; x_wconf 88' lang='lat' dir='ltr'><strong>per</strong></span> <span class='ocrx_word' id='word_1_63' title='bbox 947 1235 1064 1291; x_wconf 90' lang='lat' dir='ltr'><strong>dies</strong></span> <span class='ocrx_word' id='word_1_64' title='bbox 1110 1234 1426 1290; x_wconf 90' lang='lat' dir='ltr'><strong>Dominicos</strong></span> <span class='ocrx_word' id='word_1_65' title='bbox 1476 1246 1530 1290; x_wconf 91' lang='lat' dir='ltr'><strong>et</strong></span> <span class='ocrx_word' id='word_1_66' title='bbox 1585 1234 1902 1290; x_wconf 80' lang='lat' dir='ltr'><strong>festivitates</strong></span> 
     </span>
    </p>
   </div>
   <div class='ocr_carea' id='block_1_11' title="bbox 316 1327 1902 1398">
    <p class='ocr_par' dir='ltr' id='par_1_11' title="bbox 316 1327 1902 1398">
     <span class='ocr_line' id='line_1_11' title="bbox 316 1327 1902 1398; baseline -0.001 -15"><span class='ocrx_word' id='word_1_67' title='bbox 316 1328 388 1383; x_wconf 87' lang='lat' dir='ltr'><strong>ad</strong></span> <span class='ocrx_word' id='word_1_68' title='bbox 422 1327 714 1384; x_wconf 88' lang='lat' dir='ltr'><strong>missarum</strong></span> <span class='ocrx_word' id='word_1_69' title='bbox 742 1328 1006 1384; x_wconf 85' lang='lat' dir='ltr'><strong>solemnia</strong></span> <span class='ocrx_word' id='word_1_70' title='bbox 1032 1328 1135 1384; x_wconf 89' lang='lat' dir='ltr'><strong>rite</strong></span> <span class='ocrx_word' id='word_1_71' title='bbox 1162 1329 1474 1394; x_wconf 87' lang='lat' dir='ltr'><strong>decantare,</strong></span> <span class='ocrx_word' id='word_1_72' title='bbox 1497 1337 1551 1384; x_wconf 92' lang='lat' dir='ltr'><strong>et</strong></span> <span class='ocrx_word' id='word_1_73' title='bbox 1575 1328 1755 1384; x_wconf 90' lang='lat' dir='ltr'><strong>nullus</strong></span> <span class='ocrx_word' id='word_1_74' title='bbox 1788 1327 1902 1398; x_wconf 92' lang='lat' dir='ltr'><strong>epi-</strong></span> 
     </span>
    </p>
   </div>
   <div class='ocr_carea' id='block_1_12' title="bbox 317 1421 1899 1491">
    <p class='ocr_par' dir='ltr' id='par_1_12' title="bbox 317 1421 1899 1491">
     <span class='ocr_line' id='line_1_12' title="bbox 317 1421 1899 1491; baseline 0 -16"><span class='ocrx_word' id='word_1_75' title='bbox 317 1436 521 1491; x_wconf 86' lang='lat' dir='ltr'><strong>scopus</strong></span> <span class='ocrx_word' id='word_1_76' title='bbox 559 1428 859 1491; x_wconf 82' lang='lat' dir='ltr'><strong>prasumat</strong></span> <span class='ocrx_word' id='word_1_77' title='bbox 899 1421 954 1475; x_wconf 92' lang='lat' dir='ltr'><strong>in</strong></span> <span class='ocrx_word' id='word_1_78' title='bbox 990 1421 1253 1490; x_wconf 90' lang='lat' dir='ltr'><strong>jamdicto</strong></span> <span class='ocrx_word' id='word_1_79' title='bbox 1303 1422 1659 1488; x_wconf 90' lang='lat' dir='ltr'><strong>monasterio,</strong></span> <span class='ocrx_word' id='word_1_80' title='bbox 1707 1421 1792 1475; x_wconf 90' lang='lat' dir='ltr'><strong>vel</strong></span> <span class='ocrx_word' id='word_1_81' title='bbox 1845 1421 1899 1476; x_wconf 88' lang='lat' dir='ltr'><strong>in</strong></span> 
     </span>
    </p>
   </div>
   <div class='ocr_carea' id='block_1_13' title="bbox 314 1511 1899 1582">
    <p class='ocr_par' dir='ltr' id='par_1_13' title="bbox 314 1511 1899 1582">
     <span class='ocr_line' id='line_1_13' title="bbox 314 1511 1899 1582; baseline -0.003 -10"><span class='ocrx_word' id='word_1_82' title='bbox 314 1512 564 1572; x_wconf 80' lang='lat' dir='ltr'><strong>ccclesiis</strong></span> <span class='ocrx_word' id='word_1_83' title='bbox 596 1511 700 1567; x_wconf 83' lang='lat' dir='ltr'><strong>sibi</strong></span> <span class='ocrx_word' id='word_1_84' title='bbox 734 1512 994 1582; x_wconf 85' lang='lat' dir='ltr'><strong>subjectis</strong></span> <span class='ocrx_word' id='word_1_85' title='bbox 1037 1514 1372 1572; x_wconf 78' lang='lat' dir='ltr'><strong>sacerdotem</strong></span> <span class='ocrx_word' id='word_1_86' title='bbox 1403 1513 1899 1581; x_wconf 81' lang='lat' dir='ltr'><strong>excommunicare,</strong></span> 
     </span>
    </p>
   </div>
   <div class='ocr_carea' id='block_1_14' title="bbox 314 1602 1901 1678">
    <p class='ocr_par' dir='ltr' id='par_1_14' title="bbox 314 1602 1901 1678">
     <span class='ocr_line' id='line_1_14' title="bbox 314 1602 1901 1678; baseline -0.001 -16"><span class='ocrx_word' id='word_1_87' title='bbox 314 1608 404 1662; x_wconf 80' lang='lat' dir='ltr'><strong>vel</strong></span> <span class='ocrx_word' id='word_1_88' title='bbox 432 1607 498 1662; x_wconf 88' lang='lat' dir='ltr'><strong>ad</strong></span> <span class='ocrx_word' id='word_1_89' title='bbox 526 1602 792 1678; x_wconf 72' lang='lat' dir='ltr'><strong>synodum</strong></span> <span class='ocrx_word' id='word_1_90' title='bbox 815 1618 1136 1676; x_wconf 82' lang='lat' dir='ltr'><strong>provocare,</strong></span> <span class='ocrx_word' id='word_1_91' title='bbox 1165 1617 1262 1663; x_wconf 89' lang='lat' dir='ltr'><strong>aut</strong></span> <span class='ocrx_word' id='word_1_92' title='bbox 1281 1607 1506 1664; x_wconf 90' lang='lat' dir='ltr'><strong>abbates</strong></span> <span class='ocrx_word' id='word_1_93' title='bbox 1525 1614 1580 1663; x_wconf 91' lang='lat' dir='ltr'><strong>et</strong></span> <span class='ocrx_word' id='word_1_94' title='bbox 1600 1605 1901 1663; x_wconf 87' lang='lat' dir='ltr'><strong>monachos</strong></span> 
     </span>
    </p>
   </div>
   <div class='ocr_carea' id='block_1_15' title="bbox 314 1700 1037 1756">
    <p class='ocr_par' dir='ltr' id='par_1_15' title="bbox 314 1700 1037 1756">
     <span class='ocr_line' id='line_1_15' title="bbox 314 1700 1037 1756; baseline 0 -1"><span class='ocrx_word' id='word_1_95' title='bbox 314 1700 635 1755; x_wconf 86' lang='lat' dir='ltr'><strong>earumdem</strong></span> <span class='ocrx_word' id='word_1_96' title='bbox 657 1700 1037 1756; x_wconf 88' lang='lat' dir='ltr'><strong>ecclesiarum.</strong></span> 
     </span>
    </p>
   </div>
   <div class='ocr_carea' id='block_1_16' title="bbox 388 1774 1978 1862">
    <p class='ocr_par' dir='ltr' id='par_1_16' title="bbox 388 1774 1978 1862">
     <span class='ocr_line' id='line_1_16' title="bbox 388 1774 1978 1862; baseline 0 -18"><span class='ocrx_word' id='word_1_97' title='bbox 388 1789 563 1847; x_wconf 89' lang='lat' dir='ltr'><strong>Porro</strong></span> <span class='ocrx_word' id='word_1_98' title='bbox 601 1791 881 1861; x_wconf 88' lang='lat' dir='ltr'><strong>cupientes</strong></span> <span class='ocrx_word' id='word_1_99' title='bbox 924 1791 1212 1849; x_wconf 88' lang='lat' dir='ltr'><strong>consulere</strong></span> <span class='ocrx_word' id='word_1_100' title='bbox 1263 1791 1581 1849; x_wconf 85' lang='lat' dir='ltr'><strong>monastica</strong></span> <span class='ocrx_word' id='word_1_101' title='bbox 1628 1789 1900 1862; x_wconf 79' lang='lat' dir='ltr'><strong>religioni,</strong></span> <span class='ocrx_word' id='word_1_102' title='bbox 1936 1774 1978 1830; x_wconf 78' lang='grc' dir='ltr'><strong>Β</strong></span> 
     </span>
    </p>
   </div>
   <div class='ocr_carea' id='block_1_17' title="bbox 315 1883 1899 1956">
    <p class='ocr_par' dir='ltr' id='par_1_17' title="bbox 315 1883 1899 1956">
     <span class='ocr_line' id='line_1_17' title="bbox 315 1883 1899 1956; baseline -0.001 -17"><span class='ocrx_word' id='word_1_103' title='bbox 315 1899 443 1953; x_wconf 82' lang='lat' dir='ltr'><strong>qua</strong></span> <span class='ocrx_word' id='word_1_104' title='bbox 491 1885 729 1954; x_wconf 86' lang='lat' dir='ltr'><strong>peccatis</strong></span> <span class='ocrx_word' id='word_1_105' title='bbox 777 1884 1117 1956; x_wconf 69' lang='lat' dir='ltr'><strong>exigentibus</strong></span> <span class='ocrx_word' id='word_1_106' title='bbox 1156 1883 1363 1955; x_wconf 89' lang='lat' dir='ltr'><strong>passim</strong></span> <span class='ocrx_word' id='word_1_107' title='bbox 1416 1883 1774 1955; x_wconf 89' lang='lat' dir='ltr'><strong>depravatur,</strong></span> <span class='ocrx_word' id='word_1_108' title='bbox 1811 1890 1899 1949; x_wconf 89' lang='lat' dir='ltr'><strong>te,</strong></span> 
     </span>
    </p>
   </div>
   <div class='ocr_carea' id='block_1_18' title="bbox 315 1972 1904 2043">
    <p class='ocr_par' dir='ltr' id='par_1_18' title="bbox 315 1972 1904 2043">
     <span class='ocr_line' id='line_1_18' title="bbox 315 1972 1904 2043; baseline -0.002 -12"><span class='ocrx_word' id='word_1_109' title='bbox 315 1976 699 2031; x_wconf 86' lang='lat' dir='ltr'><strong>tantummodo</strong></span> <span class='ocrx_word' id='word_1_110' title='bbox 724 1976 919 2031; x_wconf 90' lang='lat' dir='ltr'><strong>diebus</strong></span> <span class='ocrx_word' id='word_1_111' title='bbox 958 1975 1084 2032; x_wconf 82' lang='lat' dir='ltr'><strong>vita</strong></span> <span class='ocrx_word' id='word_1_112' title='bbox 1124 1984 1251 2043; x_wconf 83' lang='lat' dir='ltr'><strong>tua,</strong></span> <span class='ocrx_word' id='word_1_113' title='bbox 1298 1975 1567 2033; x_wconf 89' lang='lat' dir='ltr'><strong>vicarium</strong></span> <span class='ocrx_word' id='word_1_114' title='bbox 1622 1973 1780 2030; x_wconf 91' lang='lat' dir='ltr'><strong>nobis</strong></span> <span class='ocrx_word' id='word_1_115' title='bbox 1835 1972 1904 2028; x_wconf 90' lang='lat' dir='ltr'><strong>ad</strong></span> 
     </span>
    </p>
   </div>
   <div class='ocr_carea' id='block_1_19' title="bbox 314 2053 1907 2136">
    <p class='ocr_par' dir='ltr' id='par_1_19' title="bbox 314 2053 1907 2136">
     <span class='ocr_line' id='line_1_19' title="bbox 314 2053 1907 2136; baseline -0.001 -12"><span class='ocrx_word' id='word_1_116' title='bbox 314 2069 716 2125; x_wconf 81' lang='lat' dir='ltr'><strong>correctionem</strong></span> <span class='ocrx_word' id='word_1_117' title='bbox 737 2069 986 2126; x_wconf 91' lang='lat' dir='ltr'><strong>omnium</strong></span> <span class='ocrx_word' id='word_1_118' title='bbox 1019 2053 1503 2136; x_wconf 89' lang='lat' dir='ltr'><strong>monasteriorum,</strong></span> <span class='ocrx_word' id='word_1_119' title='bbox 1535 2076 1590 2124; x_wconf 93' lang='lat' dir='ltr'><strong>et</strong></span> <span class='ocrx_word' id='word_1_120' title='bbox 1614 2067 1907 2123; x_wconf 69' lang='lat' dir='ltr'><strong>monacha—</strong></span> 
     </span>
    </p>
   </div>
   <div class='ocr_carea' id='block_1_20' title="bbox 315 2157 1905 2231">
    <p class='ocr_par' dir='ltr' id='par_1_20' title="bbox 315 2157 1905 2231">
     <span class='ocr_line' id='line_1_20' title="bbox 315 2157 1905 2231; baseline -0.003 -14"><span class='ocrx_word' id='word_1_121' title='bbox 315 2178 466 2229; x_wconf 90' lang='lat' dir='ltr'><strong>rum,</strong></span> <span class='ocrx_word' id='word_1_122' title='bbox 501 2177 599 2217; x_wconf 89' lang='lat' dir='ltr'><strong>seu</strong></span> <span class='ocrx_word' id='word_1_123' title='bbox 631 2162 1029 2219; x_wconf 87' lang='lat' dir='ltr'><strong>monacharum</strong></span> <span class='ocrx_word' id='word_1_124' title='bbox 1057 2161 1126 2217; x_wconf 88' lang='lat' dir='ltr'><strong>ab</strong></span> <span class='ocrx_word' id='word_1_125' title='bbox 1148 2160 1270 2231; x_wconf 89' lang='lat' dir='ltr'><strong>ipso</strong></span> <span class='ocrx_word' id='word_1_126' title='bbox 1301 2160 1467 2216; x_wconf 82' lang='lat' dir='ltr'><strong>fluvio</strong></span> <span class='ocrx_word' id='word_1_127' title='bbox 1490 2159 1733 2215; x_wconf 90' lang='lat' dir='ltr'><strong>Piscaria</strong></span> <span class='ocrx_word' id='word_1_128' title='bbox 1764 2157 1905 2215; x_wconf 91' lang='lat' dir='ltr'><strong>sicut</strong></span> 
     </span>
    </p>
   </div>
   <div class='ocr_carea' id='block_1_21' title="bbox 315 2251 1902 2323">
    <p class='ocr_par' dir='ltr' id='par_1_21' title="bbox 315 2251 1902 2323">
     <span class='ocr_line' id='line_1_21' title="bbox 315 2251 1902 2323; baseline -0.001 -16"><span class='ocrx_word' id='word_1_129' title='bbox 315 2252 498 2308; x_wconf 85' lang='lat' dir='ltr'><strong>inﬂuit</strong></span> <span class='ocrx_word' id='word_1_130' title='bbox 562 2253 621 2309; x_wconf 91' lang='lat' dir='ltr'><strong>in</strong></span> <span class='ocrx_word' id='word_1_131' title='bbox 679 2269 851 2321; x_wconf 88' lang='lat' dir='ltr'><strong>mare,</strong></span> <span class='ocrx_word' id='word_1_132' title='bbox 907 2253 1115 2309; x_wconf 86' lang='lat' dir='ltr'><strong>scilicet</strong></span> <span class='ocrx_word' id='word_1_133' title='bbox 1164 2268 1262 2323; x_wconf 92' lang='lat' dir='ltr'><strong>per</strong></span> <span class='ocrx_word' id='word_1_134' title='bbox 1307 2260 1479 2308; x_wconf 89' lang='lat' dir='ltr'><strong>totam</strong></span> <span class='ocrx_word' id='word_1_135' title='bbox 1527 2251 1902 2323; x_wconf 88' lang='lat' dir='ltr'><strong>Campaniam,</strong></span> 
     </span>
    </p>
   </div>
   <div class='ocr_carea' id='block_1_22' title="bbox 312 2343 1904 2417">
    <p class='ocr_par' dir='ltr' id='par_1_22' title="bbox 312 2343 1904 2417">
     <span class='ocr_line' id='line_1_22' title="bbox 312 2343 1904 2417; baseline -0.002 -17"><span class='ocrx_word' id='word_1_136' title='bbox 312 2344 690 2417; x_wconf 86' lang='lat' dir='ltr'><strong>principatum</strong></span> <span class='ocrx_word' id='word_1_137' title='bbox 733 2360 953 2417; x_wconf 88' lang='lat' dir='ltr'><strong>quoque</strong></span> <span class='ocrx_word' id='word_1_138' title='bbox 1001 2354 1056 2403; x_wconf 87' lang='lat' dir='ltr'><strong>et</strong></span> <span class='ocrx_word' id='word_1_139' title='bbox 1104 2344 1353 2416; x_wconf 85' lang='lat' dir='ltr'><strong>Apuliam</strong></span> <span class='ocrx_word' id='word_1_140' title='bbox 1392 2353 1556 2416; x_wconf 84' lang='lat' dir='ltr'><strong>atque</strong></span> <span class='ocrx_word' id='word_1_141' title='bbox 1597 2343 1904 2400; x_wconf 82' lang='lat' dir='ltr'><strong>Calabriam</strong></span> 
     </span>
    </p>
   </div>
   <div class='ocr_carea' id='block_1_23' title="bbox 314 2435 1904 2508">
    <p class='ocr_par' dir='ltr' id='par_1_23' title="bbox 314 2435 1904 2508">
     <span class='ocr_line' id='line_1_23' title="bbox 314 2435 1904 2508; baseline -0.001 -16"><span class='ocrx_word' id='word_1_142' title='bbox 314 2452 605 2494; x_wconf 86' lang='lat' dir='ltr'><strong>assumere</strong></span> <span class='ocrx_word' id='word_1_143' title='bbox 628 2437 1081 2505; x_wconf 86' lang='lat' dir='ltr'><strong>deerevimus,ita</strong></span> <span class='ocrx_word' id='word_1_144' title='bbox 1103 2445 1165 2493; x_wconf 90' lang='lat' dir='ltr'><strong>ut</strong></span> <span class='ocrx_word' id='word_1_145' title='bbox 1186 2438 1483 2508; x_wconf 86' lang='lat' dir='ltr'><strong>capitulum</strong></span> <span class='ocrx_word' id='word_1_146' title='bbox 1506 2437 1558 2490; x_wconf 93' lang='lat' dir='ltr'><strong>in</strong></span> <span class='ocrx_word' id='word_1_147' title='bbox 1576 2435 1657 2491; x_wconf 90' lang='lat' dir='ltr'><strong>eis</strong></span> <span class='ocrx_word' id='word_1_148' title='bbox 1680 2435 1904 2501; x_wconf 90' lang='lat' dir='ltr'><strong>habeas,</strong></span> 
     </span>
    </p>
   </div>
   <div class='ocr_carea' id='block_1_24' title="bbox 312 2526 1909 2609">
    <p class='ocr_par' dir='ltr' id='par_1_24' title="bbox 312 2526 1909 2609">
     <span class='ocr_line' id='line_1_24' title="bbox 312 2526 1909 2609; baseline -0.001 -24"><span class='ocrx_word' id='word_1_149' title='bbox 312 2536 377 2585; x_wconf 87' lang='lat' dir='ltr'><strong>et</strong></span> <span class='ocrx_word' id='word_1_150' title='bbox 402 2528 521 2603; x_wconf 88' lang='lat' dir='ltr'><strong>vice</strong></span> <span class='ocrx_word' id='word_1_151' title='bbox 539 2538 728 2586; x_wconf 87' lang='lat' dir='ltr'><strong>nostra</strong></span> <span class='ocrx_word' id='word_1_152' title='bbox 750 2528 1186 2599; x_wconf 88' lang='lat' dir='ltr'><strong>indisciplinatos</strong></span> <span class='ocrx_word' id='word_1_153' title='bbox 1200 2544 1325 2585; x_wconf 90' lang='lat' dir='ltr'><strong>eum</strong></span> <span class='ocrx_word' id='word_1_154' title='bbox 1349 2528 1622 2600; x_wconf 88' lang='lat' dir='ltr'><strong>adjutorio</strong></span> <span class='ocrx_word' id='word_1_155' title='bbox 1632 2526 1909 2609; x_wconf 81' lang='lat' dir='ltr'><strong>episcopo—</strong></span> 
     </span>
    </p>
   </div>
   <div class='ocr_carea' id='block_1_25' title="bbox 313 2618 1909 2693">
    <p class='ocr_par' dir='ltr' id='par_1_25' title="bbox 313 2618 1909 2693">
     <span class='ocr_line' id='line_1_25' title="bbox 313 2618 1909 2693; baseline -0.006 -12"><span class='ocrx_word' id='word_1_156' title='bbox 313 2637 467 2689; x_wconf 82' lang='lat' dir='ltr'><strong>rum,</strong></span> <span class='ocrx_word' id='word_1_157' title='bbox 490 2622 557 2678; x_wconf 85' lang='lat' dir='ltr'><strong>ad</strong></span> <span class='ocrx_word' id='word_1_158' title='bbox 580 2636 721 2693; x_wconf 79' lang='lat' dir='ltr'><strong>quos</strong></span> <span class='ocrx_word' id='word_1_159' title='bbox 744 2622 1079 2679; x_wconf 88' lang='lat' dir='ltr'><strong>monasteria</strong></span> <span class='ocrx_word' id='word_1_160' title='bbox 1104 2621 1224 2692; x_wconf 91' lang='lat' dir='ltr'><strong>ipsa</strong></span> <span class='ocrx_word' id='word_1_161' title='bbox 1249 2620 1541 2692; x_wconf 85' lang='lat' dir='ltr'><strong>pertinent,</strong></span> <span class='ocrx_word' id='word_1_162' title='bbox 1576 2618 1909 2689; x_wconf 86' lang='lat' dir='ltr'><strong>eorrigas,et</strong></span> 
     </span>
    </p>
   </div>
   <div class='ocr_carea' id='block_1_26' title="bbox 315 2710 1905 2786">
    <p class='ocr_par' dir='ltr' id='par_1_26' title="bbox 315 2710 1905 2786">
     <span class='ocr_line' id='line_1_26' title="bbox 315 2710 1905 2786; baseline -0.003 -17"><span class='ocrx_word' id='word_1_163' title='bbox 315 2730 445 2786; x_wconf 85' lang='lat' dir='ltr'><strong>qua</strong></span> <span class='ocrx_word' id='word_1_164' title='bbox 467 2723 595 2771; x_wconf 89' lang='lat' dir='ltr'><strong>sunt</strong></span> <span class='ocrx_word' id='word_1_165' title='bbox 618 2714 974 2780; x_wconf 90' lang='lat' dir='ltr'><strong>emendanda,</strong></span> <span class='ocrx_word' id='word_1_166' title='bbox 1001 2714 1050 2771; x_wconf 91' lang='lat' dir='ltr'><strong>si</strong></span> <span class='ocrx_word' id='word_1_167' title='bbox 1073 2715 1339 2786; x_wconf 88' lang='lat' dir='ltr'><strong>potueris,</strong></span> <span class='ocrx_word' id='word_1_168' title='bbox 1378 2713 1681 2770; x_wconf 87' lang='lat' dir='ltr'><strong>secundum</strong></span> <span class='ocrx_word' id='word_1_169' title='bbox 1733 2710 1905 2767; x_wconf 88' lang='lat' dir='ltr'><strong>Deum</strong></span> 
     </span>
    </p>
   </div>
   <div class='ocr_carea' id='block_1_27' title="bbox 315 2802 1907 2877">
    <p class='ocr_par' dir='ltr' id='par_1_27' title="bbox 315 2802 1907 2877">
     <span class='ocr_line' id='line_1_27' title="bbox 315 2802 1907 2877; baseline -0.004 -15"><span class='ocrx_word' id='word_1_170' title='bbox 315 2806 599 2876; x_wconf 87' lang='lat' dir='ltr'><strong>emendes,</strong></span> <span class='ocrx_word' id='word_1_171' title='bbox 624 2816 718 2862; x_wconf 91' lang='lat' dir='ltr'><strong>aut</strong></span> <span class='ocrx_word' id='word_1_172' title='bbox 739 2806 1051 2877; x_wconf 84' lang='lat' dir='ltr'><strong>apostolica</strong></span> <span class='ocrx_word' id='word_1_173' title='bbox 1075 2807 1222 2864; x_wconf 88' lang='lat' dir='ltr'><strong>sedis</strong></span> <span class='ocrx_word' id='word_1_174' title='bbox 1244 2805 1489 2877; x_wconf 84' lang='lat' dir='ltr'><strong>pontifici</strong></span> <span class='ocrx_word' id='word_1_175' title='bbox 1519 2803 1818 2870; x_wconf 89' lang='lat' dir='ltr'><strong>renunties,</strong></span> <span class='ocrx_word' id='word_1_176' title='bbox 1838 2802 1907 2857; x_wconf 84' lang='lat' dir='ltr'><strong>ad</strong></span> 
     </span>
    </p>
   </div>
   <div class='ocr_carea' id='block_1_28' title="bbox 316 2895 1908 2971">
    <p class='ocr_par' dir='ltr' id='par_1_28' title="bbox 316 2895 1908 2971">
     <span class='ocr_line' id='line_1_28' title="bbox 316 2895 1908 2971; baseline -0.003 -17"><span class='ocrx_word' id='word_1_177' title='bbox 316 2909 640 2971; x_wconf 82' lang='lat' dir='ltr'><strong>perpetuam</strong></span> <span class='ocrx_word' id='word_1_178' title='bbox 669 2900 867 2955; x_wconf 86' lang='lat' dir='ltr'><strong>anima</strong></span> <span class='ocrx_word' id='word_1_179' title='bbox 900 2908 1103 2956; x_wconf 86' lang='lat' dir='ltr'><strong>nostra</strong></span> <span class='ocrx_word' id='word_1_180' title='bbox 1135 2899 1462 2965; x_wconf 88' lang='lat' dir='ltr'><strong>mercedem,</strong></span> <span class='ocrx_word' id='word_1_181' title='bbox 1491 2907 1546 2954; x_wconf 95' lang='lat' dir='ltr'><strong>et</strong></span> <span class='ocrx_word' id='word_1_182' title='bbox 1593 2895 1908 2953; x_wconf 86' lang='lat' dir='ltr'><strong>monastica</strong></span> 
     </span>
    </p>
   </div>
   <div class='ocr_carea' id='block_1_29' title="bbox 318 2986 1909 3063">
    <p class='ocr_par' dir='ltr' id='par_1_29' title="bbox 318 2986 1909 3063">
     <span class='ocr_line' id='line_1_29' title="bbox 318 2986 1909 3063; baseline -0.003 -16"><span class='ocrx_word' id='word_1_183' title='bbox 318 2992 604 3063; x_wconf 83' lang='lat' dir='ltr'><strong>religionis</strong></span> <span class='ocrx_word' id='word_1_184' title='bbox 632 2992 1067 3048; x_wconf 88' lang='lat' dir='ltr'><strong>emendationem</strong></span> <span class='ocrx_word' id='word_1_185' title='bbox 1091 3000 1146 3047; x_wconf 91' lang='lat' dir='ltr'><strong>et</strong></span> <span class='ocrx_word' id='word_1_186' title='bbox 1179 2989 1670 3061; x_wconf 83' lang='lat' dir='ltr'><strong>conservationem.</strong></span> <span class='ocrx_word' id='word_1_187' title='bbox 1698 2986 1909 3043; x_wconf 88' lang='lat' dir='ltr'><strong>Pariter</strong></span> 
     </span>
    </p>
   </div>
   <div class='ocr_carea' id='block_1_30' title="bbox 319 3081 1908 3155">
    <p class='ocr_par' dir='ltr' id='par_1_30' title="bbox 319 3081 1908 3155">
     <span class='ocr_line' id='line_1_30' title="bbox 319 3081 1908 3155; baseline -0.004 -16"><span class='ocrx_word' id='word_1_188' title='bbox 319 3098 543 3155; x_wconf 88' lang='lat' dir='ltr'><strong>quoque</strong></span> <span class='ocrx_word' id='word_1_189' title='bbox 575 3081 1050 3141; x_wconf 83' lang='lat' dir='ltr'><strong>honorificentiam</strong></span> <span class='ocrx_word' id='word_1_190' title='bbox 1071 3082 1775 3154; x_wconf 94' lang='lat' dir='ltr'><strong>et</strong></span> <span class='ocrx_word' id='word_1_191' title='bbox 1811 3094 1908 3149; x_wconf 87' lang='lat' dir='ltr'><strong>per</strong></span> 
     </span>
    </p>
   </div>
   <div class='ocr_carea' id='block_1_31' title="bbox 322 3173 1903 3248">
    <p class='ocr_par' dir='ltr' id='par_1_31' title="bbox 322 3173 1903 3248">
     <span class='ocr_line' id='line_1_31' title="bbox 322 3173 1903 3248; baseline -0.005 -15"><span class='ocrx_word' id='word_1_192' title='bbox 322 3187 375 3233; x_wconf 90' lang='lat' dir='ltr'><strong>te</strong></span> <span class='ocrx_word' id='word_1_193' title='bbox 398 3175 719 3248; x_wconf 86' lang='lat' dir='ltr'><strong>religiosum</strong></span> <span class='ocrx_word' id='word_1_194' title='bbox 741 3185 797 3232; x_wconf 91' lang='lat' dir='ltr'><strong>et</strong></span> <span class='ocrx_word' id='word_1_195' title='bbox 822 3175 1309 3246; x_wconf 90' lang='lat' dir='ltr'><strong>prudentissimum</strong></span> <span class='ocrx_word' id='word_1_196' title='bbox 1340 3173 1483 3230; x_wconf 89' lang='lat' dir='ltr'><strong>illius</strong></span> <span class='ocrx_word' id='word_1_197' title='bbox 1507 3186 1903 3229; x_wconf 88' lang='lat' dir='ltr'><strong>successorem.</strong></span> 
     </span>
    </p>
   </div>
   <div class='ocr_carea' id='block_1_32' title="bbox 324 3259 1908 3339">
    <p class='ocr_par' dir='ltr' id='par_1_32' title="bbox 324 3259 1908 3339">
     <span class='ocr_line' id='line_1_32' title="bbox 324 3259 1908 3339; baseline -0.004 -17"><span class='ocrx_word' id='word_1_198' title='bbox 324 3268 385 3323; x_wconf 90' lang='lat' dir='ltr'><strong>Si</strong></span> <span class='ocrx_word' id='word_1_199' title='bbox 405 3267 534 3339; x_wconf 87' lang='lat' dir='ltr'><strong>quis</strong></span> <span class='ocrx_word' id='word_1_200' title='bbox 556 3283 708 3335; x_wconf 85' lang='lat' dir='ltr'><strong>vero,</strong></span> <span class='ocrx_word' id='word_1_201' title='bbox 731 3267 881 3339; x_wconf 90' lang='lat' dir='ltr'><strong>quod</strong></span> <span class='ocrx_word' id='word_1_202' title='bbox 912 3282 1025 3322; x_wconf 89' lang='lat' dir='ltr'><strong>non</strong></span> <span class='ocrx_word' id='word_1_203' title='bbox 1055 3274 1329 3337; x_wconf 89' lang='lat' dir='ltr'><strong>optamus,</strong></span> <span class='ocrx_word' id='word_1_204' title='bbox 1360 3264 1526 3335; x_wconf 85' lang='lat' dir='ltr'><strong>hujus</strong></span> <span class='ocrx_word' id='word_1_205' title='bbox 1546 3262 1722 3319; x_wconf 89' lang='lat' dir='ltr'><strong>nostri</strong></span> <span class='ocrx_word' id='word_1_206' title='bbox 1740 3259 1908 3332; x_wconf 89' lang='lat' dir='ltr'><strong>privi-</strong></span> 
     </span>
    </p>
   </div>
   <div class='ocr_carea' id='block_1_33' title="bbox 322 3355 1908 3431">
    <p class='ocr_par' dir='ltr' id='par_1_33' title="bbox 322 3355 1908 3431">
     <span class='ocr_line' id='line_1_33' title="bbox 322 3355 1908 3431; baseline -0.003 -17"><span class='ocrx_word' id='word_1_207' title='bbox 322 3360 454 3431; x_wconf 83' lang='lat' dir='ltr'><strong>legii</strong></span> <span class='ocrx_word' id='word_1_208' title='bbox 479 3360 807 3417; x_wconf 88' lang='lat' dir='ltr'><strong>decretalem</strong></span> <span class='ocrx_word' id='word_1_209' title='bbox 839 3359 1094 3431; x_wconf 82' lang='lat' dir='ltr'><strong>paginam</strong></span> <span class='ocrx_word' id='word_1_210' title='bbox 1116 3358 1409 3415; x_wconf 89' lang='lat' dir='ltr'><strong>temerario</strong></span> <span class='ocrx_word' id='word_1_211' title='bbox 1442 3372 1582 3413; x_wconf 91' lang='lat' dir='ltr'><strong>ausu</strong></span> <span class='ocrx_word' id='word_1_212' title='bbox 1622 3356 1678 3412; x_wconf 91' lang='lat' dir='ltr'><strong>in</strong></span> <span class='ocrx_word' id='word_1_213' title='bbox 1724 3355 1908 3425; x_wconf 89' lang='lat' dir='ltr'><strong>aliquo</strong></span> 
     </span>
    </p>
   </div>
   <div class='ocr_carea' id='block_1_34' title="bbox 324 3446 1909 3524">
    <p class='ocr_par' dir='ltr' id='par_1_34' title="bbox 324 3446 1909 3524">
     <span class='ocr_line' id='line_1_34' title="bbox 324 3446 1909 3524; baseline -0.005 -16"><span class='ocrx_word' id='word_1_214' title='bbox 324 3451 624 3524; x_wconf 73' lang='lat' dir='ltr'><strong>infringere</strong></span> <span class='ocrx_word' id='word_1_215' title='bbox 652 3452 961 3519; x_wconf 89' lang='lat' dir='ltr'><strong>tentaverit,</strong></span> <span class='ocrx_word' id='word_1_216' title='bbox 1002 3459 1222 3507; x_wconf 89' lang='lat' dir='ltr'><strong>aterna</strong></span> <span class='ocrx_word' id='word_1_217' title='bbox 1261 3448 1658 3506; x_wconf 89' lang='lat' dir='ltr'><strong>maledictionis</strong></span> <span class='ocrx_word' id='word_1_218' title='bbox 1690 3446 1909 3502; x_wconf 88' lang='lat' dir='ltr'><strong>innoda-</strong></span> 
     </span>
    </p>
   </div>
   <div class='ocr_carea' id='block_1_35' title="bbox 322 3538 1910 3615">
    <p class='ocr_par' dir='ltr' id='par_1_35' title="bbox 322 3538 1910 3615">
     <span class='ocr_line' id='line_1_35' title="bbox 322 3538 1910 3615; baseline -0.006 -14"><span class='ocrx_word' id='word_1_219' title='bbox 322 3554 446 3601; x_wconf 89' lang='lat' dir='ltr'><strong>tum</strong></span> <span class='ocrx_word' id='word_1_220' title='bbox 471 3544 707 3602; x_wconf 86' lang='lat' dir='ltr'><strong>vinculis</strong></span> <span class='ocrx_word' id='word_1_221' title='bbox 728 3560 788 3601; x_wconf 91' lang='lat' dir='ltr'><strong>se</strong></span> <span class='ocrx_word' id='word_1_222' title='bbox 817 3544 1048 3611; x_wconf 86' lang='lat' dir='ltr'><strong>noverit,</strong></span> <span class='ocrx_word' id='word_1_223' title='bbox 1076 3551 1130 3599; x_wconf 91' lang='lat' dir='ltr'><strong>et</strong></span> <span class='ocrx_word' id='word_1_224' title='bbox 1168 3551 1427 3615; x_wconf 87' lang='lat' dir='ltr'><strong>perpetua</strong></span> <span class='ocrx_word' id='word_1_225' title='bbox 1450 3539 1717 3611; x_wconf 90' lang='lat' dir='ltr'><strong>supplicia</strong></span> <span class='ocrx_word' id='word_1_226' title='bbox 1744 3538 1910 3594; x_wconf 88' lang='lat' dir='ltr'><strong>luitu-</strong></span> 
     </span>
    </p>
   </div>
   <div class='ocr_carea' id='block_1_36' title="bbox 324 3629 1910 3708">
    <p class='ocr_par' dir='ltr' id='par_1_36' title="bbox 324 3629 1910 3708">
     <span class='ocr_line' id='line_1_36' title="bbox 324 3629 1910 3708; baseline -0.006 -15"><span class='ocrx_word' id='word_1_227' title='bbox 324 3654 453 3694; x_wconf 88' lang='lat' dir='ltr'><strong>rum</strong></span> <span class='ocrx_word' id='word_1_228' title='bbox 482 3655 611 3694; x_wconf 90' lang='lat' dir='ltr'><strong>cum</strong></span> <span class='ocrx_word' id='word_1_229' title='bbox 643 3637 860 3694; x_wconf 87' lang='lat' dir='ltr'><strong>diabolo</strong></span> <span class='ocrx_word' id='word_1_230' title='bbox 889 3647 943 3692; x_wconf 94' lang='lat' dir='ltr'><strong>et</strong></span> <span class='ocrx_word' id='word_1_231' title='bbox 970 3635 1176 3708; x_wconf 80' lang='lat' dir='ltr'><strong>angelis</strong></span> <span class='ocrx_word' id='word_1_232' title='bbox 1222 3634 1363 3706; x_wconf 86' lang='lat' dir='ltr'><strong>ejus,</strong></span> <span class='ocrx_word' id='word_1_233' title='bbox 1413 3633 1521 3689; x_wconf 89' lang='lat' dir='ltr'><strong>nisi</strong></span> <span class='ocrx_word' id='word_1_234' title='bbox 1575 3631 1716 3688; x_wconf 91' lang='lat' dir='ltr'><strong>forte</strong></span> <span class='ocrx_word' id='word_1_235' title='bbox 1756 3629 1910 3702; x_wconf 92' lang='lat' dir='ltr'><strong>prius</strong></span> 
     </span>
    </p>
   </div>
   <div class='ocr_carea' id='block_1_37' title="bbox 325 3722 1912 3801">
    <p class='ocr_par' dir='ltr' id='par_1_37' title="bbox 325 3722 1912 3801">
     <span class='ocr_line' id='line_1_37' title="bbox 325 3722 1912 3801; baseline -0.003 -16"><span class='ocrx_word' id='word_1_236' title='bbox 325 3731 658 3801; x_wconf 87' lang='lat' dir='ltr'><strong>resipiscens</strong></span> <span class='ocrx_word' id='word_1_237' title='bbox 677 3728 1022 3786; x_wconf 79' lang='lat' dir='ltr'><strong>satisfecerit.</strong></span> <span class='ocrx_word' id='word_1_238' title='bbox 1052 3727 1124 3782; x_wconf 84' lang='lat' dir='ltr'><strong>At</strong></span> <span class='ocrx_word' id='word_1_239' title='bbox 1145 3727 1241 3798; x_wconf 89' lang='lat' dir='ltr'><strong>qui</strong></span> <span class='ocrx_word' id='word_1_240' title='bbox 1259 3725 1476 3797; x_wconf 89' lang='lat' dir='ltr'><strong>pietatis</strong></span> <span class='ocrx_word' id='word_1_241' title='bbox 1505 3723 1707 3781; x_wconf 90' lang='lat' dir='ltr'><strong>intuitu</strong></span> <span class='ocrx_word' id='word_1_242' title='bbox 1739 3722 1912 3793; x_wconf 84' lang='lat' dir='ltr'><strong>ipsius</strong></span> 
     </span>
    </p>
   </div>
   <div class='ocr_carea' id='block_1_38' title="bbox 310 3816 1911 3894">
    <p class='ocr_par' dir='ltr' id='par_1_38' title="bbox 310 3816 1911 3894">
     <span class='ocr_line' id='line_1_38' title="bbox 310 3816 1911 3894; baseline -0.005 -16"><span class='ocrx_word' id='word_1_243' title='bbox 310 3822 598 3894; x_wconf 83' lang='lat' dir='ltr'><strong>privilegii</strong></span> <span class='ocrx_word' id='word_1_244' title='bbox 646 3824 877 3879; x_wconf 88' lang='lat' dir='ltr'><strong>devotus</strong></span> <span class='ocrx_word' id='word_1_245' title='bbox 916 3820 1233 3876; x_wconf 83' lang='lat' dir='ltr'><strong>observator</strong></span> <span class='ocrx_word' id='word_1_246' title='bbox 1270 3816 1558 3883; x_wconf 81' lang='lat' dir='ltr'><strong>exstiterit,</strong></span> <span class='ocrx_word' id='word_1_247' title='bbox 1603 3817 1911 3872; x_wconf 89' lang='lat' dir='ltr'><strong>interventu</strong></span> 
     </span>
    </p>
   </div>
   <div class='ocr_carea' id='block_1_39' title="bbox 327 3908 1912 3982">
    <p class='ocr_par' dir='ltr' id='par_1_39' title="bbox 327 3908 1912 3982">
     <span class='ocr_line' id='line_1_39' title="bbox 327 3908 1912 3982; baseline -0.005 -11"><span class='ocrx_word' id='word_1_248' title='bbox 327 3915 461 3971; x_wconf 87' lang='lat' dir='ltr'><strong>almi</strong></span> <span class='ocrx_word' id='word_1_249' title='bbox 482 3914 661 3970; x_wconf 87' lang='lat' dir='ltr'><strong>Patris</strong></span> <span class='ocrx_word' id='word_1_250' title='bbox 703 3912 979 3969; x_wconf 88' lang='lat' dir='ltr'><strong>Benedicti</strong></span> <span class='ocrx_word' id='word_1_251' title='bbox 1004 3953 1019 3979; x_wconf 94' lang='lat'><strong>,</strong></span> <span class='ocrx_word' id='word_1_252' title='bbox 1063 3910 1539 3982; x_wconf 88' lang='lat' dir='ltr'><strong>perfectorumque</strong></span> <span class='ocrx_word' id='word_1_253' title='bbox 1592 3908 1912 3980; x_wconf 87' lang='lat' dir='ltr'><strong>sequacium</strong></span> 
     </span>
    </p>
   </div>
   <div class='ocr_carea' id='block_1_40' title="bbox 328 4000 1911 4077">
    <p class='ocr_par' dir='ltr' id='par_1_40' title="bbox 328 4000 1911 4077">
     <span class='ocr_line' id='line_1_40' title="bbox 328 4000 1911 4077; baseline -0.004 -15"><span class='ocrx_word' id='word_1_254' title='bbox 328 4007 613 4064; x_wconf 88' lang='lat' dir='ltr'><strong>sociorum</strong></span> <span class='ocrx_word' id='word_1_255' title='bbox 665 4006 787 4077; x_wconf 87' lang='lat' dir='ltr'><strong>ejus</strong></span> <span class='ocrx_word' id='word_1_256' title='bbox 817 4004 1165 4076; x_wconf 84' lang='lat' dir='ltr'><strong>sempiterna</strong></span> <span class='ocrx_word' id='word_1_257' title='bbox 1221 4000 1585 4059; x_wconf 88' lang='lat' dir='ltr'><strong>benedictioni</strong></span> <span class='ocrx_word' id='word_1_258' title='bbox 1618 4001 1911 4074; x_wconf 84' lang='lat' dir='ltr'><strong>particeps,</strong></span> 
     </span>
    </p>
   </div>
   <div class='ocr_carea' id='block_1_41' title="bbox 327 4093 1491 4169">
    <p class='ocr_par' dir='ltr' id='par_1_41' title="bbox 327 4093 1491 4169">
     <span class='ocr_line' id='line_1_41' title="bbox 327 4093 1491 4169; baseline -0.004 -16"><span class='ocrx_word' id='word_1_259' title='bbox 327 4109 385 4153; x_wconf 93' lang='lat' dir='ltr'><strong>ct</strong></span> <span class='ocrx_word' id='word_1_260' title='bbox 418 4097 659 4169; x_wconf 82' lang='lat' dir='ltr'><strong>paradisi</strong></span> <span class='ocrx_word' id='word_1_261' title='bbox 688 4097 881 4153; x_wconf 89' lang='lat' dir='ltr'><strong>beatus</strong></span> <span class='ocrx_word' id='word_1_262' title='bbox 898 4110 1186 4165; x_wconf 88' lang='lat' dir='ltr'><strong>possessor</strong></span> <span class='ocrx_word' id='word_1_263' title='bbox 1205 4093 1491 4150; x_wconf 75' lang='lat' dir='ltr'><strong>efﬁciatur.</strong></span> 
     </span>
    </p>
   </div>
   <div class='ocr_carea' id='block_1_42' title="bbox 406 4185 1914 4262">
    <p class='ocr_par' dir='ltr' id='par_1_42' title="bbox 406 4185 1914 4262">
     <span class='ocr_line' id='line_1_42' title="bbox 406 4185 1914 4262; baseline -0.007 -14"><span class='ocrx_word' id='word_1_264' title='bbox 406 4191 684 4262; x_wconf 86' lang='lat' dir='ltr'><strong>Scriptum</strong></span> <span class='ocrx_word' id='word_1_265' title='bbox 715 4205 814 4261; x_wconf 88' lang='lat' dir='ltr'><strong>per</strong></span> <span class='ocrx_word' id='word_1_266' title='bbox 847 4203 1046 4244; x_wconf 86' lang='lat' dir='ltr'><strong>manus</strong></span> <span class='ocrx_word' id='word_1_267' title='bbox 1072 4186 1377 4253; x_wconf 88' lang='lat' dir='ltr'><strong>Octaviani,</strong></span> <span class='ocrx_word' id='word_1_268' title='bbox 1402 4185 1676 4242; x_wconf 89' lang='lat' dir='ltr'><strong>scriniarii</strong></span> <span class='ocrx_word' id='word_1_269' title='bbox 1714 4191 1768 4240; x_wconf 89' lang='lat' dir='ltr'><strong>et</strong></span> <span class='ocrx_word' id='word_1_270' title='bbox 1815 4196 1914 4238; x_wconf 83' lang='lat' dir='ltr'><strong>no—</strong></span> 
     </span>
    </p>
   </div>
   <div class='ocr_carea' id='block_1_43' title="bbox 333 4278 1913 4354">
    <p class='ocr_par' dir='ltr' id='par_1_43' title="bbox 333 4278 1913 4354">
     <span class='ocr_line' id='line_1_43' title="bbox 333 4278 1913 4354; baseline -0.007 -17"><span class='ocrx_word' id='word_1_271' title='bbox 333 4283 462 4338; x_wconf 77' lang='lat' dir='ltr'><strong>tat-ii</strong></span> <span class='ocrx_word' id='word_1_272' title='bbox 509 4283 650 4349; x_wconf 86' lang='lat' dir='ltr'><strong>sacri</strong></span> <span class='ocrx_word' id='word_1_273' title='bbox 695 4281 902 4354; x_wconf 91' lang='lat' dir='ltr'><strong>palatii.</strong></span> <span class='ocrx_word' id='word_1_274' title='bbox 933 4280 1251 4335; x_wconf 71' lang='lat' dir='ltr'><strong>EXALTAVI‘I&#39;</strong></span> <span class='ocrx_word' id='word_1_275' title='bbox 1291 4295 1363 4335; x_wconf 76' lang='lat' dir='ltr'><strong>ne</strong></span> <span class='ocrx_word' id='word_1_276' title='bbox 1400 4278 1546 4333; x_wconf 69' lang='lat' dir='ltr'><strong>Deus</strong></span> <span class='ocrx_word' id='word_1_277' title='bbox 1580 4292 1633 4331; x_wconf 79' lang='lat' dir='ltr'><strong>ut</strong></span> <span class='ocrx_word' id='word_1_278' title='bbox 1675 4289 1913 4331; x_wconf 79' lang='lat' dir='ltr'><strong>vmru&#39;re</strong></span> 
     </span>
    </p>
   </div>
   <div class='ocr_carea' id='block_1_44' title="bbox 330 4370 1914 4435">
    <p class='ocr_par' dir='ltr' id='par_1_44' title="bbox 330 4370 1914 4435">
     <span class='ocr_line' id='line_1_44' title="bbox 330 4370 1914 4435; baseline -0.008 -3"><span class='ocrx_word' id='word_1_279' title='bbox 330 4392 547 4433; x_wconf 71' lang='lat' dir='ltr'><strong>naacnu</strong></span> <span class='ocrx_word' id='word_1_280' title='bbox 608 4391 714 4431; x_wconf 81' lang='lat' dir='ltr'><strong>SUI.</strong></span> <span class='ocrx_word' id='word_1_281' title='bbox 783 4373 1007 4429; x_wconf 67' lang='lat' dir='ltr'><strong>Maenas</strong></span> <span class='ocrx_word' id='word_1_282' title='bbox 1059 4370 1302 4428; x_wconf 76' lang='lat' dir='ltr'><strong>DOIIINUS</strong></span> <span class='ocrx_word' id='word_1_283' title='bbox 1353 4385 1578 4435; x_wconf 69' lang='lat' dir='ltr'><strong>nos&#39;rsa,</strong></span> <span class='ocrx_word' id='word_1_284' title='bbox 1612 4383 1683 4422; x_wconf 74' lang='grc' dir='ltr'><strong>ετ</strong></span> <span class='ocrx_word' id='word_1_285' title='bbox 1739 4380 1914 4422; x_wconf 60' lang='lat' dir='ltr'><strong>nscas</strong></span> 
     </span>
    </p>
   </div>
   <div class='ocr_carea' id='block_1_45' title="bbox 331 4483 707 4525">
    <p class='ocr_par' dir='ltr' id='par_1_45' title="bbox 331 4483 707 4525">
     <span class='ocr_line' id='line_1_45' title="bbox 331 4483 707 4525; baseline -0.005 -1"><span class='ocrx_word' id='word_1_286' title='bbox 331 4485 532 4525; x_wconf 68' lang='grc' dir='ltr'><strong>νιιιτυδ</strong></span> <span class='ocrx_word' id='word_1_287' title='bbox 566 4484 620 4523; x_wconf 73' lang='lat' dir='ltr'><strong>El</strong></span> <span class='ocrx_word' id='word_1_288' title='bbox 627 4483 707 4523; x_wconf 80' lang='lat' dir='ltr'><strong>US.</strong></span> 
     </span>
    </p>
   </div>
   <div class='ocr_carea' id='block_1_46' title="bbox 406 4550 1917 4630">
    <p class='ocr_par' dir='ltr' id='par_1_46' title="bbox 406 4550 1917 4630">
     <span class='ocr_line' id='line_1_46' title="bbox 406 4550 1917 4630; baseline -0.009 -13"><span class='ocrx_word' id='word_1_289' title='bbox 406 4561 551 4618; x_wconf 90' lang='lat' dir='ltr'><strong>Bene</strong></span> <span class='ocrx_word' id='word_1_290' title='bbox 573 4560 765 4615; x_wconf 84' lang='lat' dir='ltr'><strong>valete.</strong></span> <span class='ocrx_word' id='word_1_291' title='bbox 792 4558 907 4630; x_wconf 81' lang='lat' dir='ltr'><strong>Ego</strong></span> <span class='ocrx_word' id='word_1_292' title='bbox 936 4554 1251 4612; x_wconf 81' lang='lat' dir='ltr'><strong>Bonifacius</strong></span> <span class='ocrx_word' id='word_1_293' title='bbox 1275 4551 1600 4608; x_wconf 83' lang='lat' dir='ltr'><strong>Albanensis</strong></span> <span class='ocrx_word' id='word_1_294' title='bbox 1626 4550 1917 4621; x_wconf 88' lang='lat' dir='ltr'><strong>episcopus</strong></span> 
     </span>
    </p>
   </div>
   <div class='ocr_carea' id='block_1_47' title="bbox 335 4640 1914 4724">
    <p class='ocr_par' dir='ltr' id='par_1_47' title="bbox 335 4640 1914 4724">
     <span class='ocr_line' id='line_1_47' title="bbox 335 4640 1914 4724; baseline -0.01 -13"><span class='ocrx_word' id='word_1_295' title='bbox 335 4653 658 4724; x_wconf 78' lang='lat' dir='ltr'><strong>subscripsi.</strong></span> <span class='ocrx_word' id='word_1_296' title='bbox 676 4651 791 4724; x_wconf 86' lang='lat' dir='ltr'><strong>Ego</strong></span> <span class='ocrx_word' id='word_1_297' title='bbox 806 4651 1002 4707; x_wconf 88' lang='lat' dir='ltr'><strong>Petrus</strong></span> <span class='ocrx_word' id='word_1_298' title='bbox 1024 4656 1279 4721; x_wconf 87' lang='lat' dir='ltr'><strong>peccator</strong></span> <span class='ocrx_word' id='word_1_299' title='bbox 1308 4643 1578 4703; x_wconf 88' lang='lat' dir='ltr'><strong>Ostiensis</strong></span> <span class='ocrx_word' id='word_1_300' title='bbox 1602 4642 1773 4714; x_wconf 92' lang='lat' dir='ltr'><strong>episc.</strong></span> <span class='ocrx_word' id='word_1_301' title='bbox 1814 4640 1914 4696; x_wconf 89' lang='lat' dir='ltr'><strong>SS.</strong></span> 
     </span>
    </p>
   </div>
   <div class='ocr_carea' id='block_1_48' title="bbox 334 4734 1918 4818">
    <p class='ocr_par' dir='ltr' id='par_1_48' title="bbox 334 4734 1918 4818">
     <span class='ocr_line' id='line_1_48' title="bbox 334 4734 1918 4818; baseline -0.008 -18"><span class='ocrx_word' id='word_1_302' title='bbox 334 4744 837 4818; x_wconf 84' lang='lat' dir='ltr'><strong>Ego_lldeprandus</strong></span> <span class='ocrx_word' id='word_1_303' title='bbox 894 4752 1097 4798; x_wconf 89' lang='lat' dir='ltr'><strong>sancta</strong></span> <span class='ocrx_word' id='word_1_304' title='bbox 1138 4739 1399 4795; x_wconf 83' lang='lat' dir='ltr'><strong>Romana</strong></span> <span class='ocrx_word' id='word_1_305' title='bbox 1437 4735 1694 4792; x_wconf 84' lang='lat' dir='ltr'><strong>Ecclesia</strong></span> <span class='ocrx_word' id='word_1_306' title='bbox 1739 4734 1918 4805; x_wconf 90' lang='lat' dir='ltr'><strong>quali-</strong></span> 
     </span>
    </p>
   </div>
   <div class='ocr_carea' id='block_1_49' title="bbox 337 4826 1919 4908">
    <p class='ocr_par' dir='ltr' id='par_1_49' title="bbox 337 4826 1919 4908">
     <span class='ocr_line' id='line_1_49' title="bbox 337 4826 1919 4908; baseline -0.008 -14"><span class='ocrx_word' id='word_1_307' title='bbox 337 4853 555 4908; x_wconf 86' lang='lat' dir='ltr'><strong>cunque</strong></span> <span class='ocrx_word' id='word_1_308' title='bbox 580 4837 995 4892; x_wconf 89' lang='lat' dir='ltr'><strong>archidiaconus</strong></span> <span class='ocrx_word' id='word_1_309' title='bbox 1022 4832 1123 4888; x_wconf 91' lang='lat' dir='ltr'><strong>SS.</strong></span> <span class='ocrx_word' id='word_1_310' title='bbox 1148 4832 1260 4903; x_wconf 85' lang='lat' dir='ltr'><strong>Ego</strong></span> <span class='ocrx_word' id='word_1_311' title='bbox 1283 4829 1563 4885; x_wconf 87' lang='lat' dir='ltr'><strong>Hubaldus</strong></span> <span class='ocrx_word' id='word_1_312' title='bbox 1602 4826 1919 4883; x_wconf 87' lang='lat' dir='ltr'><strong>Sabinensis</strong></span> 
     </span>
    </p>
   </div>
   <div class='ocr_carea' id='block_1_50' title="bbox 336 4918 1918 5000">
    <p class='ocr_par' dir='ltr' id='par_1_50' title="bbox 336 4918 1918 5000">
     <span class='ocr_line' id='line_1_50' title="bbox 336 4918 1918 5000; baseline -0.007 -15"><span class='ocrx_word' id='word_1_313' title='bbox 336 4929 577 5000; x_wconf 86' lang='lat' dir='ltr'><strong>episcop.</strong></span> <span class='ocrx_word' id='word_1_314' title='bbox 606 4928 707 4984; x_wconf 91' lang='lat' dir='ltr'><strong>SS.</strong></span> <span class='ocrx_word' id='word_1_315' title='bbox 743 4927 1052 4998; x_wconf 89' lang='lat' dir='ltr'><strong>Stephanus</strong></span> <span class='ocrx_word' id='word_1_316' title='bbox 1093 4932 1319 4980; x_wconf 88' lang='lat' dir='ltr'><strong>vocatus</strong></span> <span class='ocrx_word' id='word_1_317' title='bbox 1356 4921 1648 4979; x_wconf 86' lang='lat' dir='ltr'><strong>cardinalis</strong></span> <span class='ocrx_word' id='word_1_318' title='bbox 1674 4919 1775 4975; x_wconf 89' lang='lat' dir='ltr'><strong>SS.</strong></span> <span class='ocrx_word' id='word_1_319' title='bbox 1805 4918 1918 4990; x_wconf 87' lang='lat' dir='ltr'><strong>Ego</strong></span> 
     </span>
    </p>
   </div>
   <div class='ocr_carea' id='block_1_51' title="bbox 337 5011 1919 5091">
    <p class='ocr_par' dir='ltr' id='par_1_51' title="bbox 337 5011 1919 5091">
     <span class='ocr_line' id='line_1_51' title="bbox 337 5011 1919 5091; baseline -0.004 -17"><span class='ocrx_word' id='word_1_320' title='bbox 337 5020 579 5077; x_wconf 80' lang='lat' dir='ltr'><strong>Joannes</strong></span> <span class='ocrx_word' id='word_1_321' title='bbox 601 5021 699 5091; x_wconf 83' lang='lat' dir='ltr'><strong>qui</strong></span> <span class='ocrx_word' id='word_1_322' title='bbox 721 5028 774 5074; x_wconf 89' lang='lat' dir='ltr'><strong>et</strong></span> <span class='ocrx_word' id='word_1_323' title='bbox 815 5021 1059 5075; x_wconf 88' lang='lat' dir='ltr'><strong>minutus</strong></span> <span class='ocrx_word' id='word_1_324' title='bbox 1098 5016 1393 5073; x_wconf 89' lang='lat' dir='ltr'><strong>cardinalis</strong></span> <span class='ocrx_word' id='word_1_325' title='bbox 1419 5013 1486 5069; x_wconf 90' lang='lat' dir='ltr'><strong>de</strong></span> <span class='ocrx_word' id='word_1_326' title='bbox 1515 5014 1674 5069; x_wconf 90' lang='lat' dir='ltr'><strong>titulo</strong></span> <span class='ocrx_word' id='word_1_327' title='bbox 1706 5011 1919 5069; x_wconf 80' lang='lat' dir='ltr'><strong>Sancta</strong></span> 
     </span>
    </p>
   </div>
   <div class='ocr_carea' id='block_1_52' title="bbox 338 5106 1915 5181">
    <p class='ocr_par' dir='ltr' id='par_1_52' title="bbox 338 5106 1915 5181">
     <span class='ocr_line' id='line_1_52' title="bbox 338 5106 1915 5181; baseline -0.005 -14"><span class='ocrx_word' id='word_1_328' title='bbox 338 5112 525 5169; x_wconf 76' lang='lat' dir='ltr'><strong>Maria</strong></span> <span class='ocrx_word' id='word_1_329' title='bbox 544 5124 698 5169; x_wconf 90' lang='lat' dir='ltr'><strong>trans</strong></span> <span class='ocrx_word' id='word_1_330' title='bbox 719 5111 956 5168; x_wconf 90' lang='lat' dir='ltr'><strong>Tiberim</strong></span> <span class='ocrx_word' id='word_1_331' title='bbox 997 5109 1099 5166; x_wconf 90' lang='lat' dir='ltr'><strong>SS.</strong></span> <span class='ocrx_word' id='word_1_332' title='bbox 1136 5108 1250 5181; x_wconf 83' lang='lat' dir='ltr'><strong>Ego</strong></span> <span class='ocrx_word' id='word_1_333' title='bbox 1280 5108 1581 5176; x_wconf 88' lang='lat' dir='ltr'><strong>Leopcrtus</strong></span> <span class='ocrx_word' id='word_1_334' title='bbox 1623 5106 1915 5164; x_wconf 84' lang='lat' dir='ltr'><strong>Pranesti-</strong></span> 
     </span>
    </p>
   </div>
   <div class='ocr_carea' id='block_1_53' title="bbox 341 5204 957 5240">
    <p class='ocr_par' dir='ltr' id='par_1_53' title="bbox 341 5204 957 5240">
     <span class='ocr_line' id='line_1_53' title="bbox 341 5204 957 5240; baseline 0 0"><span class='ocrx_word' id='word_1_335' title='bbox 341 5220 447 5240; x_wconf 74' lang='lat' dir='ltr'><strong>nuc</strong></span> <span class='ocrx_word' id='word_1_336' title='bbox 472 5207 618 5240; x_wconf 57' lang='lat' dir='ltr'><strong>Anien</strong></span> <span class='ocrx_word' id='word_1_337' title='bbox 664 5204 957 5240; x_wconf 63' lang='lat' dir='ltr'><strong>entheos-ine:</strong></span> 
     </span>
    </p>
   </div>
   <div class='ocr_carea' id='block_1_54' title="bbox 1478 299 2415 359">
    <p class='ocr_par' dir='ltr' id='par_1_54' title="bbox 1478 299 2415 359">
     <span class='ocr_line' id='line_1_54' title="bbox 1478 299 2415 359; baseline 0.001 -4"><span class='ocrx_word' id='word_1_338' title='bbox 1478 299 1836 357; x_wconf 64' lang='lat' dir='ltr'><strong>EPISTOLxE</strong></span> <span class='ocrx_word' id='word_1_339' title='bbox 1875 299 1963 357; x_wconf 87' lang='lat' dir='ltr'><strong>ET</strong></span> <span class='ocrx_word' id='word_1_340' title='bbox 2004 301 2415 359; x_wconf 72' lang='lat' dir='ltr'><strong>DlPLOMATA.</strong></span> 
     </span>
    </p>
   </div>
   <div class='ocr_carea' id='block_1_55' title="bbox 320 409 1974 485">
    <p class='ocr_par' dir='ltr' id='par_1_55' title="bbox 320 409 1974 485">
     <span class='ocr_line' id='line_1_55' title="bbox 320 409 1974 485; baseline 0.003 -20"><span class='ocrx_word' id='word_1_341' title='bbox 320 410 449 465; x_wconf 90' lang='lat' dir='ltr'><strong>dum</strong></span> <span class='ocrx_word' id='word_1_342' title='bbox 472 409 677 478; x_wconf 84' lang='lat' dir='ltr'><strong>absque</strong></span> <span class='ocrx_word' id='word_1_343' title='bbox 701 409 1078 467; x_wconf 89' lang='lat' dir='ltr'><strong>interdictione</strong></span> <span class='ocrx_word' id='word_1_344' title='bbox 1103 410 1466 481; x_wconf 90' lang='lat' dir='ltr'><strong>quorumlibet</strong></span> <span class='ocrx_word' id='word_1_345' title='bbox 1492 413 1895 485; x_wconf 73' lang='lat' dir='ltr'><strong>episcoporum,</strong></span> <span class='ocrx_word' id='word_1_346' title='bbox 1928 414 1974 470; x_wconf 79' lang='grc' dir='ltr'>Α</span> 
     </span>
    </p>
   </div>
   <div class='ocr_carea' id='block_1_56' title="bbox 3445 301 3582 357">
    <p class='ocr_par' dir='ltr' id='par_1_56' title="bbox 3445 301 3582 357">
     <span class='ocr_line' id='line_1_56' title="bbox 3445 301 3582 357; baseline 0.015 -2"><span class='ocrx_word' id='word_1_347' title='bbox 3445 301 3582 357; x_wconf 68' lang='grc'><strong>1530</strong></span> 
     </span>
    </p>
   </div>
   <div class='ocr_carea' id='block_1_57' title="bbox 2755 410 2816 466">
    <p class='ocr_par' dir='ltr' id='par_1_57' title="bbox 2755 410 2816 466">
     <span class='ocr_line' id='line_1_57' title="bbox 2755 410 2816 466; baseline -0.016 0"><span class='ocrx_word' id='word_1_348' title='bbox 2755 410 2816 466; x_wconf 93' lang='lat' dir='ltr'><strong>L.</strong></span> 
     </span>
    </p>
   </div>
   <div class='ocr_carea' id='block_1_58' title="bbox 2000 500 3689 562">
    <p class='ocr_par' dir='ltr' id='par_1_58' title="bbox 2000 500 3689 562">
     <span class='ocr_line' id='line_1_58' title="bbox 2000 500 3689 562; baseline 0 -4"><span class='ocrx_word' id='word_1_349' title='bbox 2000 505 2303 562; x_wconf 57' lang='lat' dir='ltr'><strong>Alexanicr</strong></span> <span class='ocrx_word' id='word_1_350' title='bbox 2352 502 2417 557; x_wconf 84' lang='lat' dir='ltr'><strong><em>II</em></strong></span> <span class='ocrx_word' id='word_1_351' title='bbox 2466 501 2861 559; x_wconf 75' lang='lat' dir='ltr'><strong>Parmenonem</strong></span> <span class='ocrx_word' id='word_1_352' title='bbox 2903 500 2960 558; x_wconf 92' lang='lat' dir='ltr'><strong>S.</strong></span> <span class='ocrx_word' id='word_1_353' title='bbox 3007 500 3159 557; x_wconf 74' lang='lat' dir='ltr'><strong>Petri</strong></span> <span class='ocrx_word' id='word_1_354' title='bbox 3209 501 3582 559; x_wconf 80' lang='lat' dir='ltr'><strong>Florentinum</strong></span> <span class='ocrx_word' id='word_1_355' title='bbox 3674 545 3689 552; x_wconf 85' lang='lat'><strong>-</strong></span> 
     </span>
    </p>
   </div>
   <div class='ocr_carea' id='block_1_59' title="bbox 2638 575 2940 645">
    <p class='ocr_par' dir='ltr' id='par_1_59' title="bbox 2638 575 2940 645">
     <span class='ocr_line' id='line_1_59' title="bbox 2638 575 2940 645; baseline 0 -18"><span class='ocrx_word' id='word_1_356' title='bbox 2638 575 2940 645; x_wconf 79' lang='lat' dir='ltr'><strong>conﬁrmat.</strong></span> 
     </span>
    </p>
   </div>
   <div class='ocr_carea' id='block_1_60' title="bbox 2587 687 2981 760">
    <p class='ocr_par' dir='ltr' id='par_1_60' title="bbox 2587 687 2981 760">
     <span class='ocr_line' id='line_1_60' title="bbox 2587 687 2981 760; baseline 0.005 -18"><span class='ocrx_word' id='word_1_357' title='bbox 2587 687 2769 760; x_wconf 87' lang='lat' dir='ltr'><strong>(Anno</strong></span> <span class='ocrx_word' id='word_1_358' title='bbox 2799 687 2981 759; x_wconf 78' lang='grc'><strong>1067.)</strong></span> 
     </span>
    </p>
   </div>
   <div class='ocr_carea' id='block_1_61' title="bbox 2303 775 3275 852">
    <p class='ocr_par' dir='ltr' id='par_1_61' title="bbox 2303 775 3275 852">
     <span class='ocr_line' id='line_1_61' title="bbox 2303 775 3275 852; baseline 0.001 -19"><span class='ocrx_word' id='word_1_359' title='bbox 2303 775 2324 850; x_wconf 68' lang='grc' dir='ltr'>ι</span> <span class='ocrx_word' id='word_1_360' title='bbox 2348 776 2610 846; x_wconf 71' lang='grc' dir='ltr'><strong>Ποιιειιι,</strong></span> <span class='ocrx_word' id='word_1_361' title='bbox 2638 778 2807 835; x_wconf 81' lang='lat' dir='ltr'><strong>Italia</strong></span> <span class='ocrx_word' id='word_1_362' title='bbox 2827 797 3004 847; x_wconf 81' lang='lat' dir='ltr'><strong>sacra,</strong></span> <span class='ocrx_word' id='word_1_363' title='bbox 3029 778 3117 847; x_wconf 79' lang='lat' dir='ltr'><strong>lli,</strong></span> <span class='ocrx_word' id='word_1_364' title='bbox 3159 778 3275 852; x_wconf 80' lang='lat'><strong>76.]</strong></span> 
     </span>
    </p>
   </div>
   <div class='ocr_carea' id='block_1_62' title="bbox 2073 854 3580 943">
    <p class='ocr_par' dir='ltr' id='par_1_62' title="bbox 2073 854 3580 943">
     <span class='ocr_line' id='line_1_62' title="bbox 2073 854 3580 943; baseline 0.003 -19"><span class='ocrx_word' id='word_1_365' title='bbox 2073 871 2402 925; x_wconf 73' lang='lat' dir='ltr'><strong>ALEXANDER</strong></span> <span class='ocrx_word' id='word_1_366' title='bbox 2462 854 2784 943; x_wconf 78' lang='lat' dir='ltr'><strong>episcopus,</strong></span> <span class='ocrx_word' id='word_1_367' title='bbox 2862 888 3057 929; x_wconf 85' lang='lat' dir='ltr'><strong>servus</strong></span> <span class='ocrx_word' id='word_1_368' title='bbox 3106 887 3396 931; x_wconf 85' lang='lat' dir='ltr'><strong>servorum</strong></span> <span class='ocrx_word' id='word_1_369' title='bbox 3450 870 3580 941; x_wconf 87' lang='lat' dir='ltr'><strong>Dei,</strong></span> 
     </span>
    </p>
   </div>
   <div class='ocr_carea' id='block_1_63' title="bbox 2003 962 3580 1036">
    <p class='ocr_par' dir='ltr' id='par_1_63' title="bbox 2003 962 3580 1036">
     <span class='ocr_line' id='line_1_63' title="bbox 2003 962 3580 1036; baseline 0.003 -20"><span class='ocrx_word' id='word_1_370' title='bbox 2003 962 2330 1020; x_wconf 83' lang='lat' dir='ltr'><strong>charissima</strong></span> <span class='ocrx_word' id='word_1_371' title='bbox 2355 963 2511 1020; x_wconf 79' lang='lat' dir='ltr'><strong>fratri</strong></span> <span class='ocrx_word' id='word_1_372' title='bbox 2551 962 2733 1020; x_wconf 77' lang='lat' dir='ltr'><strong>Psrao</strong></span> <span class='ocrx_word' id='word_1_373' title='bbox 2763 963 3081 1021; x_wconf 85' lang='lat' dir='ltr'><strong>Florentino</strong></span> <span class='ocrx_word' id='word_1_374' title='bbox 3110 965 3393 1036; x_wconf 88' lang='lat' dir='ltr'><strong>episcopo,</strong></span> <span class='ocrx_word' id='word_1_375' title='bbox 3433 965 3580 1021; x_wconf 88' lang='lat' dir='ltr'><strong>suis—</strong></span> 
     </span>
    </p>
   </div>
   <div class='ocr_carea' id='block_1_64' title="bbox 2002 1057 2511 1126">
    <p class='ocr_par' dir='ltr' id='par_1_64' title="bbox 2002 1057 2511 1126">
     <span class='ocr_line' id='line_1_64' title="bbox 2002 1057 2511 1126; baseline 0.002 -14"><span class='ocrx_word' id='word_1_376' title='bbox 2002 1070 2109 1126; x_wconf 89' lang='lat' dir='ltr'><strong>que</strong></span> <span class='ocrx_word' id='word_1_377' title='bbox 2127 1057 2511 1115; x_wconf 90' lang='lat' dir='ltr'><strong>successoribu</strong></span> 
     </span>
    </p>
   </div>
   <div class='ocr_carea' id='block_1_65' title="bbox 2071 1150 3585 1225">
    <p class='ocr_par' dir='ltr' id='par_1_65' title="bbox 2071 1150 3585 1225">
     <span class='ocr_line' id='line_1_65' title="bbox 2071 1150 3585 1225; baseline 0 -18"><span class='ocrx_word' id='word_1_378' title='bbox 2071 1150 2166 1208; x_wconf 88' lang='lat' dir='ltr'><strong>Pia</strong></span> <span class='ocrx_word' id='word_1_379' title='bbox 2189 1153 2485 1225; x_wconf 84' lang='lat' dir='ltr'><strong>postulatio</strong></span> <span class='ocrx_word' id='word_1_380' title='bbox 2499 1152 2797 1210; x_wconf 87' lang='lat' dir='ltr'><strong>voluntatis</strong></span> <span class='ocrx_word' id='word_1_381' title='bbox 2818 1153 3015 1210; x_wconf 72' lang='lat' dir='ltr'><strong>aﬂ’ectu</strong></span> <span class='ocrx_word' id='word_1_382' title='bbox 3040 1153 3199 1209; x_wconf 86' lang='lat' dir='ltr'><strong>debet</strong></span> <span class='ocrx_word' id='word_1_383' title='bbox 3222 1163 3585 1225; x_wconf 81' lang='lat' dir='ltr'><strong>prosequente</strong></span> 
     </span>
    </p>
   </div>
   <div class='ocr_carea' id='block_1_66' title="bbox 2002 1244 3586 1316">
    <p class='ocr_par' dir='ltr' id='par_1_66' title="bbox 2002 1244 3586 1316">
     <span class='ocr_line' id='line_1_66' title="bbox 2002 1244 3586 1316; baseline 0 -17"><span class='ocrx_word' id='word_1_384' title='bbox 2002 1244 2284 1315; x_wconf 90' lang='lat' dir='ltr'><strong>compleri,</strong></span> <span class='ocrx_word' id='word_1_385' title='bbox 2307 1254 2580 1316; x_wconf 87' lang='lat' dir='ltr'><strong>quatenus</strong></span> <span class='ocrx_word' id='word_1_386' title='bbox 2606 1254 2660 1301; x_wconf 91' lang='lat' dir='ltr'><strong>et</strong></span> <span class='ocrx_word' id='word_1_387' title='bbox 2687 1245 2937 1301; x_wconf 90' lang='lat' dir='ltr'><strong>devotius</strong></span> <span class='ocrx_word' id='word_1_388' title='bbox 2957 1254 3013 1301; x_wconf 89' lang='lat' dir='ltr'><strong>et</strong></span> <span class='ocrx_word' id='word_1_389' title='bbox 3037 1244 3309 1302; x_wconf 83' lang='lat' dir='ltr'><strong>sincerius</strong></span> <span class='ocrx_word' id='word_1_390' title='bbox 3339 1244 3586 1300; x_wconf 85' lang='lat' dir='ltr'><strong>laudabi-</strong></span> 
     </span>
    </p>
   </div>
   <div class='ocr_carea' id='block_1_67' title="bbox 2002 1336 3584 1425">
    <p class='ocr_par' dir='ltr' id='par_1_67' title="bbox 2002 1336 3584 1425">
     <span class='ocr_line' id='line_1_67' title="bbox 2002 1336 3584 1425; baseline 0.002 -32"><span class='ocrx_word' id='word_1_391' title='bbox 2002 1336 2127 1393; x_wconf 87' lang='lat' dir='ltr'><strong>liter</strong></span> <span class='ocrx_word' id='word_1_392' title='bbox 2154 1338 2483 1407; x_wconf 87' lang='lat' dir='ltr'><strong>innotescat,</strong></span> <span class='ocrx_word' id='word_1_393' title='bbox 2505 1348 2560 1425; x_wconf 74' lang='lat' dir='ltr'><strong>et</strong></span> <span class='ocrx_word' id='word_1_394' title='bbox 2579 1339 2789 1396; x_wconf 87' lang='lat' dir='ltr'><strong>utilitas</strong></span> <span class='ocrx_word' id='word_1_395' title='bbox 2810 1339 3082 1411; x_wconf 88' lang='lat' dir='ltr'><strong>postulata</strong></span> <span class='ocrx_word' id='word_1_396' title='bbox 3094 1340 3247 1396; x_wconf 86' lang='lat' dir='ltr'><strong>vires</strong></span> <span class='ocrx_word' id='word_1_397' title='bbox 3270 1340 3584 1396; x_wconf 86' lang='lat' dir='ltr'><strong>indubitan—</strong></span> 
     </span>
    </p>
   </div>
   <div class='ocr_carea' id='block_1_68' title="bbox 2003 1432 3587 1505">
    <p class='ocr_par' dir='ltr' id='par_1_68' title="bbox 2003 1432 3587 1505">
     <span class='ocr_line' id='line_1_68' title="bbox 2003 1432 3587 1505; baseline 0.001 -18"><span class='ocrx_word' id='word_1_398' title='bbox 2003 1440 2087 1487; x_wconf 90' lang='lat' dir='ltr'><strong>ter</strong></span> <span class='ocrx_word' id='word_1_399' title='bbox 2112 1441 2378 1489; x_wconf 87' lang='lat' dir='ltr'><strong>assumat.</strong></span> <span class='ocrx_word' id='word_1_400' title='bbox 2406 1432 2473 1490; x_wconf 86' lang='lat' dir='ltr'><strong>Et</strong></span> <span class='ocrx_word' id='word_1_401' title='bbox 2491 1434 2622 1505; x_wconf 90' lang='lat' dir='ltr'><strong>quia</strong></span> <span class='ocrx_word' id='word_1_402' title='bbox 2652 1433 2967 1491; x_wconf 87' lang='lat' dir='ltr'><strong>fraternitas</strong></span> <span class='ocrx_word' id='word_1_403' title='bbox 2987 1443 3081 1491; x_wconf 89' lang='lat' dir='ltr'><strong>tua</strong></span> <span class='ocrx_word' id='word_1_404' title='bbox 3124 1435 3419 1492; x_wconf 88' lang='lat' dir='ltr'><strong>insinuavit</strong></span> <span class='ocrx_word' id='word_1_405' title='bbox 3458 1452 3587 1491; x_wconf 88' lang='lat' dir='ltr'><strong>sau-</strong></span> 
     </span>
    </p>
   </div>
   <div class='ocr_carea' id='block_1_69' title="bbox 2003 1526 3585 1602">
    <p class='ocr_par' dir='ltr' id='par_1_69' title="bbox 2003 1526 3585 1602">
     <span class='ocr_line' id='line_1_69' title="bbox 2003 1526 3585 1602; baseline 0.001 -23"><span class='ocrx_word' id='word_1_406' title='bbox 2003 1533 2104 1580; x_wconf 84' lang='lat' dir='ltr'><strong>cta</strong></span> <span class='ocrx_word' id='word_1_407' title='bbox 2127 1526 2442 1596; x_wconf 86' lang='lat' dir='ltr'><strong>apostolica</strong></span> <span class='ocrx_word' id='word_1_408' title='bbox 2470 1526 2585 1583; x_wconf 89' lang='lat' dir='ltr'><strong>sedi</strong></span> <span class='ocrx_word' id='word_1_409' title='bbox 2607 1542 2686 1593; x_wconf 91' lang='lat' dir='ltr'><strong>se,</strong></span> <span class='ocrx_word' id='word_1_410' title='bbox 2720 1526 2789 1582; x_wconf 91' lang='lat' dir='ltr'><strong>ad</strong></span> <span class='ocrx_word' id='word_1_411' title='bbox 2808 1540 3156 1581; x_wconf 90' lang='lat' dir='ltr'><strong>communem</strong></span> <span class='ocrx_word' id='word_1_412' title='bbox 3192 1526 3585 1602; x_wconf 84' lang='lat' dir='ltr'><strong>sanctimonia-</strong></span> 
     </span>
    </p>
   </div>
   <div class='ocr_carea' id='block_1_70' title="bbox 2003 1616 3585 1687">
    <p class='ocr_par' dir='ltr' id='par_1_70' title="bbox 2003 1616 3585 1687">
     <span class='ocr_line' id='line_1_70' title="bbox 2003 1616 3585 1687; baseline 0.002 -17"><span class='ocrx_word' id='word_1_413' title='bbox 2003 1616 2138 1672; x_wconf 92' lang='lat' dir='ltr'><strong>lium</strong></span> <span class='ocrx_word' id='word_1_414' title='bbox 2162 1633 2346 1687; x_wconf 89' lang='lat' dir='ltr'><strong>usum,</strong></span> <span class='ocrx_word' id='word_1_415' title='bbox 2377 1619 2433 1673; x_wconf 91' lang='lat' dir='ltr'><strong>in</strong></span> <span class='ocrx_word' id='word_1_416' title='bbox 2471 1618 2703 1676; x_wconf 89' lang='lat' dir='ltr'><strong>ecclesia</strong></span> <span class='ocrx_word' id='word_1_417' title='bbox 2726 1616 2913 1674; x_wconf 89' lang='lat' dir='ltr'><strong>Sancti</strong></span> <span class='ocrx_word' id='word_1_418' title='bbox 2939 1616 3109 1686; x_wconf 91' lang='lat' dir='ltr'><strong>Petri,</strong></span> <span class='ocrx_word' id='word_1_419' title='bbox 3139 1619 3243 1673; x_wconf 88' lang='lat' dir='ltr'><strong>sita</strong></span> <span class='ocrx_word' id='word_1_420' title='bbox 3294 1617 3350 1672; x_wconf 90' lang='lat' dir='ltr'><strong>in</strong></span> <span class='ocrx_word' id='word_1_421' title='bbox 3381 1619 3585 1673; x_wconf 89' lang='lat' dir='ltr'><strong>subur-</strong></span> 
     </span>
    </p>
   </div>
   <div class='ocr_carea' id='block_1_71' title="bbox 2005 1710 3585 1781">
    <p class='ocr_par' dir='ltr' id='par_1_71' title="bbox 2005 1710 3585 1781">
     <span class='ocr_line' id='line_1_71' title="bbox 2005 1710 3585 1781; baseline 0.001 -15"><span class='ocrx_word' id='word_1_422' title='bbox 2005 1710 2100 1767; x_wconf 90' lang='lat' dir='ltr'><strong>bio</strong></span> <span class='ocrx_word' id='word_1_423' title='bbox 2127 1710 2454 1771; x_wconf 87' lang='lat' dir='ltr'><strong>Florentina</strong></span> <span class='ocrx_word' id='word_1_424' title='bbox 2488 1712 2746 1781; x_wconf 88' lang='lat' dir='ltr'><strong>civitatis,</strong></span> <span class='ocrx_word' id='word_1_425' title='bbox 2780 1713 3176 1769; x_wconf 88' lang='lat' dir='ltr'><strong>monasterium</strong></span> <span class='ocrx_word' id='word_1_426' title='bbox 3214 1712 3585 1778; x_wconf 88' lang='lat' dir='ltr'><strong>constituisse,</strong></span> 
     </span>
    </p>
   </div>
   <div class='ocr_carea' id='block_1_72' title="bbox 2003 1807 3588 1880">
    <p class='ocr_par' dir='ltr' id='par_1_72' title="bbox 2003 1807 3588 1880">
     <span class='ocr_line' id='line_1_72' title="bbox 2003 1807 3588 1880; baseline 0 -19"><span class='ocrx_word' id='word_1_427' title='bbox 2003 1817 2057 1862; x_wconf 90' lang='lat' dir='ltr'><strong>et</strong></span> <span class='ocrx_word' id='word_1_428' title='bbox 2094 1807 2421 1878; x_wconf 84' lang='lat' dir='ltr'><strong>pradiorum</strong></span> <span class='ocrx_word' id='word_1_429' title='bbox 2443 1817 2555 1864; x_wconf 91' lang='lat' dir='ltr'><strong>tam</strong></span> <span class='ocrx_word' id='word_1_430' title='bbox 2587 1824 2619 1864; x_wconf 91' lang='lat' dir='ltr'><strong>a</strong></span> <span class='ocrx_word' id='word_1_431' title='bbox 2654 1818 2707 1864; x_wconf 88' lang='lat' dir='ltr'><strong>te</strong></span> <span class='ocrx_word' id='word_1_432' title='bbox 2737 1824 2903 1880; x_wconf 90' lang='lat' dir='ltr'><strong>quam</strong></span> <span class='ocrx_word' id='word_1_433' title='bbox 2939 1807 3104 1864; x_wconf 89' lang='lat' dir='ltr'><strong>etiam</strong></span> <span class='ocrx_word' id='word_1_434' title='bbox 3138 1822 3169 1862; x_wconf 92' lang='lat' dir='ltr'><strong>a</strong></span> <span class='ocrx_word' id='word_1_435' title='bbox 3198 1808 3435 1879; x_wconf 90' lang='lat' dir='ltr'><strong>quadam</strong></span> <span class='ocrx_word' id='word_1_436' title='bbox 3461 1807 3588 1862; x_wconf 85' lang='lat' dir='ltr'><strong>reli-</strong></span> 
     </span>
    </p>
   </div>
   <div class='ocr_carea' id='block_1_73' title="bbox 2005 1906 3591 1980">
    <p class='ocr_par' dir='ltr' id='par_1_73' title="bbox 2005 1906 3591 1980">
     <span class='ocr_line' id='line_1_73' title="bbox 2005 1906 3591 1980; baseline 0 -19"><span class='ocrx_word' id='word_1_437' title='bbox 2005 1907 2162 1980; x_wconf 81' lang='lat' dir='ltr'><strong>giosa</strong></span> <span class='ocrx_word' id='word_1_438' title='bbox 2193 1906 2416 1975; x_wconf 90' lang='lat' dir='ltr'><strong>femina,</strong></span> <span class='ocrx_word' id='word_1_439' title='bbox 2454 1907 2678 1963; x_wconf 92' lang='lat' dir='ltr'><strong>nomine</strong></span> <span class='ocrx_word' id='word_1_440' title='bbox 2706 1907 2878 1976; x_wconf 87' lang='lat' dir='ltr'><strong>Gisia,</strong></span> <span class='ocrx_word' id='word_1_441' title='bbox 2919 1907 3183 1963; x_wconf 88' lang='lat' dir='ltr'><strong>nonnulla</strong></span> <span class='ocrx_word' id='word_1_442' title='bbox 3213 1906 3477 1964; x_wconf 88' lang='lat' dir='ltr'><strong>beneficia</strong></span> <span class='ocrx_word' id='word_1_443' title='bbox 3517 1908 3591 1962; x_wconf 85' lang='lat' dir='ltr'><strong>ei-</strong></span> 
     </span>
    </p>
   </div>
   <div class='ocr_carea' id='block_1_74' title="bbox 1994 2002 3590 2071">
    <p class='ocr_par' dir='ltr' id='par_1_74' title="bbox 1994 2002 3590 2071">
     <span class='ocr_line' id='line_1_74' title="bbox 1994 2002 3590 2071; baseline -0.003 -10"><span class='ocrx_word' id='word_1_444' title='bbox 1994 2004 2129 2061; x_wconf 87' lang='lat' dir='ltr'><strong>dem</strong></span> <span class='ocrx_word' id='word_1_445' title='bbox 2151 2003 2397 2059; x_wconf 90' lang='lat' dir='ltr'><strong>ecclesia</strong></span> <span class='ocrx_word' id='word_1_446' title='bbox 2424 2002 2620 2059; x_wconf 88' lang='lat' dir='ltr'><strong>collata</strong></span> <span class='ocrx_word' id='word_1_447' title='bbox 2643 2017 2787 2071; x_wconf 90' lang='lat' dir='ltr'><strong>esse,</strong></span> <span class='ocrx_word' id='word_1_448' title='bbox 2808 2018 2918 2058; x_wconf 90' lang='lat' dir='ltr'><strong>non</strong></span> <span class='ocrx_word' id='word_1_449' title='bbox 2940 2004 3119 2060; x_wconf 91' lang='lat' dir='ltr'><strong>solum</strong></span> <span class='ocrx_word' id='word_1_450' title='bbox 3149 2002 3455 2058; x_wconf 72' lang='lat' dir='ltr'><strong>devotionis</strong></span> <span class='ocrx_word' id='word_1_451' title='bbox 3477 2010 3590 2057; x_wconf 81' lang='lat' dir='ltr'><strong>tua</strong></span> 
     </span>
    </p>
   </div>
   <div class='ocr_carea' id='block_1_75' title="bbox 2006 2094 3587 2166">
    <p class='ocr_par' dir='ltr' id='par_1_75' title="bbox 2006 2094 3587 2166">
     <span class='ocr_line' id='line_1_75' title="bbox 2006 2094 3587 2166; baseline -0.004 -11"><span class='ocrx_word' id='word_1_452' title='bbox 2006 2097 2248 2155; x_wconf 91' lang='lat' dir='ltr'><strong>studium</strong></span> <span class='ocrx_word' id='word_1_453' title='bbox 2271 2096 2583 2166; x_wconf 88' lang='lat' dir='ltr'><strong>laudamus,</strong></span> <span class='ocrx_word' id='word_1_454' title='bbox 2608 2097 2702 2154; x_wconf 91' lang='lat' dir='ltr'><strong>sed</strong></span> <span class='ocrx_word' id='word_1_455' title='bbox 2727 2096 3087 2152; x_wconf 90' lang='lat' dir='ltr'><strong>ordinationis</strong></span> <span class='ocrx_word' id='word_1_456' title='bbox 3110 2104 3216 2153; x_wconf 85' lang='lat' dir='ltr'><strong>tua</strong></span> <span class='ocrx_word' id='word_1_457' title='bbox 3238 2094 3587 2152; x_wconf 86' lang='lat' dir='ltr'><strong>constitutio-</strong></span> 
     </span>
    </p>
   </div>
   <div class='ocr_carea' id='block_1_76' title="bbox 2006 2189 3586 2262">
    <p class='ocr_par' dir='ltr' id='par_1_76' title="bbox 2006 2189 3586 2262">
     <span class='ocr_line' id='line_1_76' title="bbox 2006 2189 3586 2262; baseline -0.002 -17"><span class='ocrx_word' id='word_1_458' title='bbox 2006 2205 2152 2257; x_wconf 89' lang='lat' dir='ltr'><strong>nem,</strong></span> <span class='ocrx_word' id='word_1_459' title='bbox 2177 2205 2342 2261; x_wconf 90' lang='lat' dir='ltr'><strong>quam</strong></span> <span class='ocrx_word' id='word_1_460' title='bbox 2384 2190 2606 2245; x_wconf 90' lang='lat' dir='ltr'><strong>interim</strong></span> <span class='ocrx_word' id='word_1_461' title='bbox 2627 2205 2725 2262; x_wconf 91' lang='lat' dir='ltr'><strong>per</strong></span> <span class='ocrx_word' id='word_1_462' title='bbox 2765 2190 3080 2246; x_wconf 90' lang='lat' dir='ltr'><strong>donationis</strong></span> <span class='ocrx_word' id='word_1_463' title='bbox 3116 2190 3370 2262; x_wconf 89' lang='lat' dir='ltr'><strong>paginam</strong></span> <span class='ocrx_word' id='word_1_464' title='bbox 3411 2189 3586 2245; x_wconf 88' lang='lat' dir='ltr'><strong>eidem</strong></span> 
     </span>
    </p>
   </div>
   <div class='ocr_carea' id='block_1_77' title="bbox 2003 2279 3589 2352">
    <p class='ocr_par' dir='ltr' id='par_1_77' title="bbox 2003 2279 3589 2352">
     <span class='ocr_line' id='line_1_77' title="bbox 2003 2279 3589 2352; baseline -0.001 -16"><span class='ocrx_word' id='word_1_465' title='bbox 2003 2280 2248 2338; x_wconf 90' lang='lat' dir='ltr'><strong>ecclesia</strong></span> <span class='ocrx_word' id='word_1_466' title='bbox 2291 2279 2502 2349; x_wconf 91' lang='lat' dir='ltr'><strong>fecisti,</strong></span> <span class='ocrx_word' id='word_1_467' title='bbox 2552 2281 2895 2337; x_wconf 89' lang='lat' dir='ltr'><strong>auctoritatis</strong></span> <span class='ocrx_word' id='word_1_468' title='bbox 2944 2281 3258 2352; x_wconf 86' lang='lat' dir='ltr'><strong>apostolica</strong></span> <span class='ocrx_word' id='word_1_469' title='bbox 3305 2279 3589 2352; x_wconf 84' lang='lat' dir='ltr'><strong>privilegio</strong></span> 
     </span>
    </p>
   </div>
   <div class='ocr_carea' id='block_1_78' title="bbox 2005 2372 3593 2446">
    <p class='ocr_par' dir='ltr' id='par_1_78' title="bbox 2005 2372 3593 2446">
     <span class='ocr_line' id='line_1_78' title="bbox 2005 2372 3593 2446; baseline -0.001 -17"><span class='ocrx_word' id='word_1_470' title='bbox 2005 2373 2399 2430; x_wconf 83' lang='lat' dir='ltr'><strong>confirmamus</strong></span> <span class='ocrx_word' id='word_1_471' title='bbox 2440 2383 2603 2445; x_wconf 89' lang='lat' dir='ltr'><strong>atque</strong></span> <span class='ocrx_word' id='word_1_472' title='bbox 2643 2374 2699 2429; x_wconf 91' lang='lat' dir='ltr'><strong>in</strong></span> <span class='ocrx_word' id='word_1_473' title='bbox 2733 2383 3057 2446; x_wconf 88' lang='lat' dir='ltr'><strong>perpetuum</strong></span> <span class='ocrx_word' id='word_1_474' title='bbox 3098 2384 3282 2430; x_wconf 91' lang='lat' dir='ltr'><strong>ratum</strong></span> <span class='ocrx_word' id='word_1_475' title='bbox 3339 2372 3593 2429; x_wconf 76' lang='lat' dir='ltr'><strong>firment-</strong></span> 
     </span>
    </p>
   </div>
   <div class='ocr_carea' id='block_1_79' title="bbox 2004 2466 3587 2541">
    <p class='ocr_par' dir='ltr' id='par_1_79' title="bbox 2004 2466 3587 2541">
     <span class='ocr_line' id='line_1_79' title="bbox 2004 2466 3587 2541; baseline -0.001 -18"><span class='ocrx_word' id='word_1_476' title='bbox 2004 2484 2113 2539; x_wconf 89' lang='lat' dir='ltr'><strong>que</strong></span> <span class='ocrx_word' id='word_1_477' title='bbox 2158 2466 2277 2524; x_wconf 90' lang='lat' dir='ltr'><strong>fore</strong></span> <span class='ocrx_word' id='word_1_478' title='bbox 2316 2469 2764 2537; x_wconf 87' lang='lat' dir='ltr'><strong>corroboramus,</strong></span> <span class='ocrx_word' id='word_1_479' title='bbox 2798 2478 2853 2525; x_wconf 91' lang='lat' dir='ltr'><strong>et</strong></span> <span class='ocrx_word' id='word_1_480' title='bbox 2889 2468 3004 2539; x_wconf 91' lang='lat' dir='ltr'><strong>jam</strong></span> <span class='ocrx_word' id='word_1_481' title='bbox 3030 2467 3271 2541; x_wconf 85' lang='lat' dir='ltr'><strong>prafata</strong></span> <span class='ocrx_word' id='word_1_482' title='bbox 3320 2468 3587 2541; x_wconf 85' lang='lat' dir='ltr'><strong>ecclesia,</strong></span> 
     </span>
    </p>
   </div>
   <div class='ocr_carea' id='block_1_80' title="bbox 2005 2546 3590 2635">
    <p class='ocr_par' dir='ltr' id='par_1_80' title="bbox 2005 2546 3590 2635">
     <span class='ocr_line' id='line_1_80' title="bbox 2005 2546 3590 2635; baseline -0.002 -18"><span class='ocrx_word' id='word_1_483' title='bbox 2005 2569 2121 2617; x_wconf 90' lang='lat' dir='ltr'><strong>tum</strong></span> <span class='ocrx_word' id='word_1_484' title='bbox 2143 2578 2208 2618; x_wconf 90' lang='lat' dir='ltr'><strong>ea</strong></span> <span class='ocrx_word' id='word_1_485' title='bbox 2229 2579 2353 2634; x_wconf 88' lang='lat' dir='ltr'><strong>qua</strong></span> <span class='ocrx_word' id='word_1_486' title='bbox 2396 2577 2547 2619; x_wconf 89' lang='lat' dir='ltr'><strong>nunc</strong></span> <span class='ocrx_word' id='word_1_487' title='bbox 2580 2563 2729 2635; x_wconf 92' lang='lat' dir='ltr'><strong>juste</strong></span> <span class='ocrx_word' id='word_1_488' title='bbox 2755 2572 2925 2630; x_wconf 89' lang='lat' dir='ltr'><strong>tenet,</strong></span> <span class='ocrx_word' id='word_1_489' title='bbox 2967 2546 3199 2634; x_wconf 83' lang='lat' dir='ltr'><strong>quaque</strong></span> <span class='ocrx_word' id='word_1_490' title='bbox 3233 2578 3263 2617; x_wconf 90' lang='lat' dir='ltr'><strong>a</strong></span> <span class='ocrx_word' id='word_1_491' title='bbox 3294 2561 3590 2633; x_wconf 87' lang='lat' dir='ltr'><strong>pranomi-</strong></span> 
     </span>
    </p>
   </div>
   <div class='ocr_carea' id='block_1_81' title="bbox 2007 2655 3592 2729">
    <p class='ocr_par' dir='ltr' id='par_1_81' title="bbox 2007 2655 3592 2729">
     <span class='ocr_line' id='line_1_81' title="bbox 2007 2655 3592 2729; baseline -0.001 -18"><span class='ocrx_word' id='word_1_492' title='bbox 2007 2664 2135 2712; x_wconf 89' lang='lat' dir='ltr'><strong>nata</strong></span> <span class='ocrx_word' id='word_1_493' title='bbox 2157 2666 2409 2712; x_wconf 90' lang='lat' dir='ltr'><strong>matrona</strong></span> <span class='ocrx_word' id='word_1_494' title='bbox 2445 2656 2640 2713; x_wconf 91' lang='lat' dir='ltr'><strong>collata</strong></span> <span class='ocrx_word' id='word_1_495' title='bbox 2664 2665 2811 2721; x_wconf 88' lang='lat' dir='ltr'><strong>sunt,</strong></span> <span class='ocrx_word' id='word_1_496' title='bbox 2835 2672 3002 2729; x_wconf 86' lang='lat' dir='ltr'><strong>quam</strong></span> <span class='ocrx_word' id='word_1_497' title='bbox 3028 2672 3150 2727; x_wconf 85' lang='lat' dir='ltr'><strong>qua</strong></span> <span class='ocrx_word' id='word_1_498' title='bbox 3178 2656 3248 2712; x_wconf 89' lang='lat' dir='ltr'><strong>ab</strong></span> <span class='ocrx_word' id='word_1_499' title='bbox 3275 2655 3463 2711; x_wconf 91' lang='lat' dir='ltr'><strong>eadem</strong></span> <span class='ocrx_word' id='word_1_500' title='bbox 3494 2670 3592 2711; x_wconf 91' lang='lat' dir='ltr'><strong>seu</strong></span> 
     </span>
    </p>
   </div>
   <div class='ocr_carea' id='block_1_82' title="bbox 2014 2748 3588 2822">
    <p class='ocr_par' dir='ltr' id='par_1_82' title="bbox 2014 2748 3588 2822">
     <span class='ocr_line' id='line_1_82' title="bbox 2014 2748 3588 2822; baseline -0.002 -17"><span class='ocrx_word' id='word_1_501' title='bbox 2014 2750 2225 2807; x_wconf 87' lang='lat' dir='ltr'><strong>cateris</strong></span> <span class='ocrx_word' id='word_1_502' title='bbox 2247 2750 2302 2805; x_wconf 92' lang='lat' dir='ltr'><strong>in</strong></span> <span class='ocrx_word' id='word_1_503' title='bbox 2329 2749 2576 2806; x_wconf 89' lang='lat' dir='ltr'><strong>futurum</strong></span> <span class='ocrx_word' id='word_1_504' title='bbox 2603 2751 2751 2822; x_wconf 88' lang='lat' dir='ltr'><strong>juste</strong></span> <span class='ocrx_word' id='word_1_505' title='bbox 2791 2748 3119 2806; x_wconf 90' lang='lat' dir='ltr'><strong>conferenda</strong></span> <span class='ocrx_word' id='word_1_506' title='bbox 3154 2758 3284 2806; x_wconf 91' lang='lat' dir='ltr'><strong>sunt</strong></span> <span class='ocrx_word' id='word_1_507' title='bbox 3318 2748 3588 2805; x_wconf 88' lang='lat' dir='ltr'><strong>fidelibus.</strong></span> 
     </span>
    </p>
   </div>
   <div class='ocr_carea' id='block_1_83' title="bbox 2009 2838 3595 2913">
    <p class='ocr_par' dir='ltr' id='par_1_83' title="bbox 2009 2838 3595 2913">
     <span class='ocr_line' id='line_1_83' title="bbox 2009 2838 3595 2913; baseline -0.001 -18"><span class='ocrx_word' id='word_1_508' title='bbox 2009 2838 2125 2895; x_wconf 86' lang='lat' dir='ltr'><strong>Sub</strong></span> <span class='ocrx_word' id='word_1_509' title='bbox 2153 2840 2324 2896; x_wconf 90' lang='lat' dir='ltr'><strong>divini</strong></span> <span class='ocrx_word' id='word_1_510' title='bbox 2373 2840 2540 2912; x_wconf 86' lang='lat' dir='ltr'><strong>igitur</strong></span> <span class='ocrx_word' id='word_1_511' title='bbox 2565 2840 2768 2913; x_wconf 90' lang='lat' dir='ltr'><strong>judicis</strong></span> <span class='ocrx_word' id='word_1_512' title='bbox 2812 2841 3175 2897; x_wconf 85' lang='lat' dir='ltr'><strong>obtestatione</strong></span> <span class='ocrx_word' id='word_1_513' title='bbox 3205 2838 3498 2896; x_wconf 88' lang='lat' dir='ltr'><strong>statuimus</strong></span> <span class='ocrx_word' id='word_1_514' title='bbox 3534 2848 3595 2894; x_wconf 88' lang='lat' dir='ltr'><strong>ut</strong></span> 
     </span>
    </p>
   </div>
   <div class='ocr_carea' id='block_1_84' title="bbox 2008 2932 3589 3003">
    <p class='ocr_par' dir='ltr' id='par_1_84' title="bbox 2008 2932 3589 3003">
     <span class='ocr_line' id='line_1_84' title="bbox 2008 2932 3589 3003; baseline 0 -17"><span class='ocrx_word' id='word_1_515' title='bbox 2008 2947 2184 3002; x_wconf 89' lang='lat' dir='ltr'><strong>neque</strong></span> <span class='ocrx_word' id='word_1_516' title='bbox 2204 2946 2321 2999; x_wconf 85' lang='lat' dir='ltr'><strong>rex,</strong></span> <span class='ocrx_word' id='word_1_517' title='bbox 2351 2947 2529 3003; x_wconf 90' lang='lat' dir='ltr'><strong>neque</strong></span> <span class='ocrx_word' id='word_1_518' title='bbox 2562 2932 2694 2999; x_wconf 84' lang='lat' dir='ltr'><strong>dux,</strong></span> <span class='ocrx_word' id='word_1_519' title='bbox 2733 2932 2998 2999; x_wconf 89' lang='lat' dir='ltr'><strong>marchio,</strong></span> <span class='ocrx_word' id='word_1_520' title='bbox 3021 2946 3227 2999; x_wconf 91' lang='lat' dir='ltr'><strong>comes,</strong></span> <span class='ocrx_word' id='word_1_521' title='bbox 3263 2932 3589 2998; x_wconf 87' lang='lat' dir='ltr'><strong>viceeomes,</strong></span> 
     </span>
    </p>
   </div>
   <div class='ocr_carea' id='block_1_85' title="bbox 2009 3029 3595 3103">
    <p class='ocr_par' dir='ltr' id='par_1_85' title="bbox 2009 3029 3595 3103">
     <span class='ocr_line' id='line_1_85' title="bbox 2009 3029 3595 3103; baseline -0.002 -17"><span class='ocrx_word' id='word_1_522' title='bbox 2009 3031 2105 3087; x_wconf 92' lang='lat' dir='ltr'><strong>sed</strong></span> <span class='ocrx_word' id='word_1_523' title='bbox 2138 3046 2315 3103; x_wconf 88' lang='lat' dir='ltr'><strong>neque</strong></span> <span class='ocrx_word' id='word_1_524' title='bbox 2345 3031 2658 3103; x_wconf 90' lang='lat' dir='ltr'><strong>episcopus,</strong></span> <span class='ocrx_word' id='word_1_525' title='bbox 2684 3040 2778 3087; x_wconf 90' lang='lat' dir='ltr'><strong>aut</strong></span> <span class='ocrx_word' id='word_1_526' title='bbox 2818 3031 3000 3102; x_wconf 88' lang='lat' dir='ltr'><strong>aliqua</strong></span> <span class='ocrx_word' id='word_1_527' title='bbox 3028 3029 3289 3102; x_wconf 82' lang='lat' dir='ltr'><strong>praditus</strong></span> <span class='ocrx_word' id='word_1_528' title='bbox 3311 3029 3595 3101; x_wconf 87' lang='lat' dir='ltr'><strong>dignitate,</strong></span> 
     </span>
    </p>
   </div>
   <div class='ocr_carea' id='block_1_86' title="bbox 1933 3119 3599 3201">
    <p class='ocr_par' dir='ltr' id='par_1_86' title="bbox 1933 3119 3599 3201">
     <span class='ocr_line' id='line_1_86' title="bbox 1933 3119 3599 3201; baseline -0.004 -21"><span class='ocrx_word' id='word_1_529' title='bbox 1933 3138 1975 3195; x_wconf 73' lang='grc' dir='ltr'>ο</span> <span class='ocrx_word' id='word_1_530' title='bbox 2006 3133 2283 3195; x_wconf 90' lang='lat' dir='ltr'><strong>postremo</strong></span> <span class='ocrx_word' id='word_1_531' title='bbox 2303 3122 2451 3177; x_wconf 90' lang='lat' dir='ltr'><strong>nulla</strong></span> <span class='ocrx_word' id='word_1_532' title='bbox 2469 3138 2663 3194; x_wconf 82' lang='lat' dir='ltr'><strong>magna</strong></span> <span class='ocrx_word' id='word_1_533' title='bbox 2699 3137 2976 3194; x_wconf 90' lang='lat' dir='ltr'><strong>parvaque</strong></span> <span class='ocrx_word' id='word_1_534' title='bbox 2989 3136 3227 3192; x_wconf 87' lang='lat' dir='ltr'><strong>persona</strong></span> <span class='ocrx_word' id='word_1_535' title='bbox 3248 3119 3351 3177; x_wconf 89' lang='lat' dir='ltr'><strong>sub</strong></span> <span class='ocrx_word' id='word_1_536' title='bbox 3370 3119 3599 3201; x_wconf 86' lang='lat' dir='ltr'><strong>cujusli_</strong></span> 
     </span>
    </p>
   </div>
   <div class='ocr_carea' id='block_1_87' title="bbox 2009 3214 3598 3286">
    <p class='ocr_par' dir='ltr' id='par_1_87' title="bbox 2009 3214 3598 3286">
     <span class='ocr_line' id='line_1_87' title="bbox 2009 3214 3598 3286; baseline -0.001 -13"><span class='ocrx_word' id='word_1_537' title='bbox 2009 3217 2097 3273; x_wconf 90' lang='lat' dir='ltr'><strong>bet</strong></span> <span class='ocrx_word' id='word_1_538' title='bbox 2119 3232 2299 3273; x_wconf 88' lang='lat' dir='ltr'><strong>causa</strong></span> <span class='ocrx_word' id='word_1_539' title='bbox 2322 3226 2376 3273; x_wconf 93' lang='lat' dir='ltr'><strong>et</strong></span> <span class='ocrx_word' id='word_1_540' title='bbox 2396 3215 2707 3272; x_wconf 89' lang='lat' dir='ltr'><strong>occasionis</strong></span> <span class='ocrx_word' id='word_1_541' title='bbox 2733 3216 2912 3286; x_wconf 91' lang='lat' dir='ltr'><strong>specie</strong></span> <span class='ocrx_word' id='word_1_542' title='bbox 2946 3214 3113 3286; x_wconf 92' lang='lat' dir='ltr'><strong>hujus</strong></span> <span class='ocrx_word' id='word_1_543' title='bbox 3144 3223 3346 3271; x_wconf 90' lang='lat' dir='ltr'><strong>nostra</strong></span> <span class='ocrx_word' id='word_1_544' title='bbox 3375 3224 3598 3286; x_wconf 89' lang='lat' dir='ltr'><strong>aposto-</strong></span> 
     </span>
    </p>
   </div>
   <div class='ocr_carea' id='block_1_88' title="bbox 2009 3308 3599 3381">
    <p class='ocr_par' dir='ltr' id='par_1_88' title="bbox 2009 3308 3599 3381">
     <span class='ocr_line' id='line_1_88' title="bbox 2009 3308 3599 3381; baseline -0.003 -13"><span class='ocrx_word' id='word_1_545' title='bbox 2009 3314 2128 3371; x_wconf 89' lang='lat' dir='ltr'><strong>lica</strong></span> <span class='ocrx_word' id='word_1_546' title='bbox 2151 3313 2454 3370; x_wconf 91' lang='lat' dir='ltr'><strong>sanctionis</strong></span> <span class='ocrx_word' id='word_1_547' title='bbox 2480 3312 2759 3368; x_wconf 90' lang='lat' dir='ltr'><strong>decretum</strong></span> <span class='ocrx_word' id='word_1_548' title='bbox 2786 3308 3104 3381; x_wconf 85' lang='lat' dir='ltr'><strong>infringere,</strong></span> <span class='ocrx_word' id='word_1_549' title='bbox 3133 3325 3231 3366; x_wconf 91' lang='lat' dir='ltr'><strong>seu</strong></span> <span class='ocrx_word' id='word_1_550' title='bbox 3261 3324 3325 3365; x_wconf 90' lang='lat' dir='ltr'><strong>ea</strong></span> <span class='ocrx_word' id='word_1_551' title='bbox 3340 3326 3463 3380; x_wconf 78' lang='lat' dir='ltr'><strong>qua</strong></span> <span class='ocrx_word' id='word_1_552' title='bbox 3479 3310 3599 3379; x_wconf 85' lang='lat' dir='ltr'><strong>jam</strong></span> 
     </span>
    </p>
   </div>
   <div class='ocr_carea' id='block_1_89' title="bbox 2006 3402 3604 3482">
    <p class='ocr_par' dir='ltr' id='par_1_89' title="bbox 2006 3402 3604 3482">
     <span class='ocr_line' id='line_1_89' title="bbox 2006 3402 3604 3482; baseline -0.004 -16"><span class='ocrx_word' id='word_1_553' title='bbox 2006 3411 2154 3482; x_wconf 90' lang='lat' dir='ltr'><strong>juste</strong></span> <span class='ocrx_word' id='word_1_554' title='bbox 2195 3410 2389 3467; x_wconf 91' lang='lat' dir='ltr'><strong>collata</strong></span> <span class='ocrx_word' id='word_1_555' title='bbox 2428 3417 2577 3475; x_wconf 91' lang='lat' dir='ltr'><strong>sunt,</strong></span> <span class='ocrx_word' id='word_1_556' title='bbox 2601 3420 2833 3478; x_wconf 86' lang='lat' dir='ltr'><strong>quaque</strong></span> <span class='ocrx_word' id='word_1_557' title='bbox 2873 3406 2930 3460; x_wconf 93' lang='lat' dir='ltr'><strong>in</strong></span> <span class='ocrx_word' id='word_1_558' title='bbox 2983 3402 3233 3460; x_wconf 91' lang='lat' dir='ltr'><strong>futurum</strong></span> <span class='ocrx_word' id='word_1_559' title='bbox 3276 3413 3405 3459; x_wconf 89' lang='lat' dir='ltr'><strong>sunt</strong></span> <span class='ocrx_word' id='word_1_560' title='bbox 3450 3403 3604 3474; x_wconf 89' lang='lat' dir='ltr'><strong>juste</strong></span> 
     </span>
    </p>
   </div>
   <div class='ocr_carea' id='block_1_90' title="bbox 2011 3497 3598 3572">
    <p class='ocr_par' dir='ltr' id='par_1_90' title="bbox 2011 3497 3598 3572">
     <span class='ocr_line' id='line_1_90' title="bbox 2011 3497 3598 3572; baseline -0.006 -11"><span class='ocrx_word' id='word_1_561' title='bbox 2011 3504 2362 3571; x_wconf 89' lang='lat' dir='ltr'><strong>conferenda,</strong></span> <span class='ocrx_word' id='word_1_562' title='bbox 2400 3502 2587 3572; x_wconf 89' lang='lat' dir='ltr'><strong>aliquo</strong></span> <span class='ocrx_word' id='word_1_563' title='bbox 2612 3499 2776 3555; x_wconf 91' lang='lat' dir='ltr'><strong>modo</strong></span> <span class='ocrx_word' id='word_1_564' title='bbox 2808 3514 2874 3555; x_wconf 91' lang='lat' dir='ltr'><strong>ac</strong></span> <span class='ocrx_word' id='word_1_565' title='bbox 2909 3498 3091 3556; x_wconf 91' lang='lat' dir='ltr'><strong>studio</strong></span> <span class='ocrx_word' id='word_1_566' title='bbox 3119 3497 3368 3553; x_wconf 91' lang='lat' dir='ltr'><strong>minuere</strong></span> <span class='ocrx_word' id='word_1_567' title='bbox 3391 3499 3477 3553; x_wconf 89' lang='lat' dir='ltr'><strong>vel</strong></span> <span class='ocrx_word' id='word_1_568' title='bbox 3498 3514 3598 3553; x_wconf 87' lang='lat' dir='ltr'><strong>au—</strong></span> 
     </span>
    </p>
   </div>
   <div class='ocr_carea' id='block_1_91' title="bbox 2013 3587 3603 3668">
    <p class='ocr_par' dir='ltr' id='par_1_91' title="bbox 2013 3587 3603 3668">
     <span class='ocr_line' id='line_1_91' title="bbox 2013 3587 3603 3668; baseline -0.005 -16"><span class='ocrx_word' id='word_1_569' title='bbox 2013 3596 2155 3653; x_wconf 91' lang='lat' dir='ltr'><strong>ferre</strong></span> <span class='ocrx_word' id='word_1_570' title='bbox 2177 3601 2493 3668; x_wconf 71' lang='lat' dir='ltr'><strong>praesumat.</strong></span> <span class='ocrx_word' id='word_1_571' title='bbox 2510 3590 2669 3660; x_wconf 85' lang='lat' dir='ltr'><strong>Quod</strong></span> <span class='ocrx_word' id='word_1_572' title='bbox 2689 3590 2736 3647; x_wconf 89' lang='lat' dir='ltr'><strong>si</strong></span> <span class='ocrx_word' id='word_1_573' title='bbox 2765 3589 2964 3662; x_wconf 89' lang='lat' dir='ltr'><strong>aliquis</strong></span> <span class='ocrx_word' id='word_1_574' title='bbox 2985 3587 3280 3645; x_wconf 88' lang='lat' dir='ltr'><strong>temerario</strong></span> <span class='ocrx_word' id='word_1_575' title='bbox 3296 3602 3435 3643; x_wconf 91' lang='lat' dir='ltr'><strong>ausu</strong></span> <span class='ocrx_word' id='word_1_576' title='bbox 3456 3588 3603 3644; x_wconf 73' lang='lat' dir='ltr'><strong>hanc</strong></span> 
     </span>
    </p>
   </div>
   <div class='ocr_carea' id='block_1_92' title="bbox 2013 3680 3598 3756">
    <p class='ocr_par' dir='ltr' id='par_1_92' title="bbox 2013 3680 3598 3756">
     <span class='ocr_line' id='line_1_92' title="bbox 2013 3680 3598 3756; baseline -0.008 -8"><span class='ocrx_word' id='word_1_577' title='bbox 2013 3686 2448 3748; x_wconf 84' lang='lat' dir='ltr'><strong>conﬁrmationis</strong></span> <span class='ocrx_word' id='word_1_578' title='bbox 2484 3694 2687 3742; x_wconf 85' lang='lat' dir='ltr'><strong>nostra</strong></span> <span class='ocrx_word' id='word_1_579' title='bbox 2716 3682 2971 3756; x_wconf 83' lang='lat' dir='ltr'><strong>paginam</strong></span> <span class='ocrx_word' id='word_1_580' title='bbox 2996 3680 3204 3737; x_wconf 89' lang='lat' dir='ltr'><strong>violare</strong></span> <span class='ocrx_word' id='word_1_581' title='bbox 3227 3694 3598 3753; x_wconf 84' lang='lat' dir='ltr'><strong>prasumpse-</strong></span> 
     </span>
    </p>
   </div>
   <div class='ocr_carea' id='block_1_93' title="bbox 2013 3773 3600 3849">
    <p class='ocr_par' dir='ltr' id='par_1_93' title="bbox 2013 3773 3600 3849">
     <span class='ocr_line' id='line_1_93' title="bbox 2013 3773 3600 3849; baseline -0.008 -10"><span class='ocrx_word' id='word_1_582' title='bbox 2013 3784 2107 3849; x_wconf 89' lang='lat' dir='ltr'><strong>rit,</strong></span> <span class='ocrx_word' id='word_1_583' title='bbox 2137 3789 2191 3839; x_wconf 92' lang='lat' dir='ltr'><strong>et</strong></span> <span class='ocrx_word' id='word_1_584' title='bbox 2211 3779 2523 3837; x_wconf 90' lang='lat' dir='ltr'><strong>admonitus</strong></span> <span class='ocrx_word' id='word_1_585' title='bbox 2545 3794 2575 3833; x_wconf 91' lang='lat' dir='ltr'><strong>a</strong></span> <span class='ocrx_word' id='word_1_586' title='bbox 2612 3785 2662 3833; x_wconf 89' lang='lat' dir='ltr'><strong>te</strong></span> <span class='ocrx_word' id='word_1_587' title='bbox 2684 3792 2782 3833; x_wconf 90' lang='lat' dir='ltr'><strong>seu</strong></span> <span class='ocrx_word' id='word_1_588' title='bbox 2804 3792 2835 3831; x_wconf 90' lang='lat' dir='ltr'><strong>a</strong></span> <span class='ocrx_word' id='word_1_589' title='bbox 2849 3774 3261 3832; x_wconf 87' lang='lat' dir='ltr'><strong>successoribus</strong></span> <span class='ocrx_word' id='word_1_590' title='bbox 3282 3773 3392 3829; x_wconf 91' lang='lat' dir='ltr'><strong>tuis</strong></span> <span class='ocrx_word' id='word_1_591' title='bbox 3412 3788 3600 3827; x_wconf 89' lang='lat' dir='ltr'><strong>emen-</strong></span> 
     </span>
    </p>
   </div>
   <div class='ocr_carea' id='block_1_94' title="bbox 2014 3866 3598 3947">
    <p class='ocr_par' dir='ltr' id='par_1_94' title="bbox 2014 3866 3598 3947">
     <span class='ocr_line' id='line_1_94' title="bbox 2014 3866 3598 3947; baseline -0.01 -12"><span class='ocrx_word' id='word_1_592' title='bbox 2014 3879 2145 3935; x_wconf 91' lang='lat' dir='ltr'><strong>dare</strong></span> <span class='ocrx_word' id='word_1_593' title='bbox 2179 3873 2590 3947; x_wconf 85' lang='lat' dir='ltr'><strong>contempserit,</strong></span> <span class='ocrx_word' id='word_1_594' title='bbox 2633 3870 2958 3928; x_wconf 84' lang='lat' dir='ltr'><strong>auctoritate</strong></span> <span class='ocrx_word' id='word_1_595' title='bbox 2995 3869 3281 3925; x_wconf 90' lang='lat' dir='ltr'><strong>beatorum</strong></span> <span class='ocrx_word' id='word_1_596' title='bbox 3321 3866 3598 3938; x_wconf 90' lang='lat' dir='ltr'><strong>apostolo-</strong></span> 
     </span>
    </p>
   </div>
   <div class='ocr_carea' id='block_1_95' title="bbox 2016 3962 3603 4031">
    <p class='ocr_par' dir='ltr' id='par_1_95' title="bbox 2016 3962 3603 4031">
     <span class='ocr_line' id='line_1_95' title="bbox 2016 3962 3603 4031; baseline -0.011 0"><span class='ocrx_word' id='word_1_597' title='bbox 2016 3990 2142 4031; x_wconf 91' lang='lat' dir='ltr'><strong>rum</strong></span> <span class='ocrx_word' id='word_1_598' title='bbox 2189 3970 2336 4028; x_wconf 92' lang='lat' dir='ltr'><strong>Petri</strong></span> <span class='ocrx_word' id='word_1_599' title='bbox 2368 3978 2422 4025; x_wconf 92' lang='lat' dir='ltr'><strong>et</strong></span> <span class='ocrx_word' id='word_1_600' title='bbox 2470 3966 2625 4023; x_wconf 90' lang='lat' dir='ltr'><strong>Pauli</strong></span> <span class='ocrx_word' id='word_1_601' title='bbox 2677 3965 2816 4022; x_wconf 88' lang='lat' dir='ltr'><strong>sciat</strong></span> <span class='ocrx_word' id='word_1_602' title='bbox 2861 3980 2920 4021; x_wconf 91' lang='lat' dir='ltr'><strong>se</strong></span> <span class='ocrx_word' id='word_1_603' title='bbox 2968 3962 3499 4019; x_wconf 82' lang='lat' dir='ltr'><strong>exeommunicatum</strong></span> <span class='ocrx_word' id='word_1_604' title='bbox 3548 3968 3603 4015; x_wconf 91' lang='lat' dir='ltr'><strong>et</strong></span> 
     </span>
    </p>
   </div>
   <div class='ocr_carea' id='block_1_96' title="bbox 2018 4063 3677 4149">
    <p class='ocr_par' dir='ltr' id='par_1_96' title="bbox 2018 4063 3677 4149">
     <span class='ocr_line' id='line_1_96' title="bbox 2018 4063 3677 4149; baseline -0.013 -15"><span class='ocrx_word' id='word_1_605' title='bbox 2018 4093 2180 4149; x_wconf 68' lang='lat' dir='ltr'><strong>pana</strong></span> <span class='ocrx_word' id='word_1_606' title='bbox 2217 4083 2437 4131; x_wconf 88' lang='lat' dir='ltr'><strong>centum</strong></span> <span class='ocrx_word' id='word_1_607' title='bbox 2487 4070 2754 4125; x_wconf 87' lang='lat' dir='ltr'><strong>librarum</strong></span> <span class='ocrx_word' id='word_1_608' title='bbox 2779 4066 2901 4122; x_wconf 87' lang='lat' dir='ltr'><strong>auri</strong></span> <span class='ocrx_word' id='word_1_609' title='bbox 2939 4063 3344 4129; x_wconf 87' lang='lat' dir='ltr'><strong>mulctandum;</strong></span> <span class='ocrx_word' id='word_1_610' title='bbox 3389 4073 3444 4117; x_wconf 87' lang='lat' dir='ltr'><strong>at</strong></span> <span class='ocrx_word' id='word_1_611' title='bbox 3471 4077 3603 4116; x_wconf 88' lang='lat' dir='ltr'><strong>vero</strong></span> <span class='ocrx_word' id='word_1_612' title='bbox 3652 4104 3677 4111; x_wconf 78' lang='lat'><strong>-</strong></span> 
     </span>
    </p>
   </div>
   <div class='ocr_carea' id='block_1_97' title="bbox 2019 4156 3603 4239">
    <p class='ocr_par' dir='ltr' id='par_1_97' title="bbox 2019 4156 3603 4239">
     <span class='ocr_line' id='line_1_97' title="bbox 2019 4156 3603 4239; baseline -0.009 -15"><span class='ocrx_word' id='word_1_613' title='bbox 2019 4168 2113 4239; x_wconf 90' lang='lat' dir='ltr'><strong>qui</strong></span> <span class='ocrx_word' id='word_1_614' title='bbox 2130 4168 2449 4224; x_wconf 64' lang='lat' dir='ltr'><strong>observater</strong></span> <span class='ocrx_word' id='word_1_615' title='bbox 2466 4161 2757 4227; x_wconf 81' lang='lat' dir='ltr'><strong>exstiterit,</strong></span> <span class='ocrx_word' id='word_1_616' title='bbox 2793 4159 3071 4229; x_wconf 90' lang='lat' dir='ltr'><strong>repleatur</strong></span> <span class='ocrx_word' id='word_1_617' title='bbox 3100 4156 3436 4213; x_wconf 88' lang='lat' dir='ltr'><strong>abundantia</strong></span> <span class='ocrx_word' id='word_1_618' title='bbox 3470 4171 3603 4227; x_wconf 89' lang='lat' dir='ltr'><strong>apo-</strong></span> 
     </span>
    </p>
   </div>
   <div class='ocr_carea' id='block_1_98' title="bbox 2018 4256 2659 4319">
    <p class='ocr_par' dir='ltr' id='par_1_98' title="bbox 2018 4256 2659 4319">
     <span class='ocr_line' id='line_1_98' title="bbox 2018 4256 2659 4319; baseline -0.012 -1"><span class='ocrx_word' id='word_1_619' title='bbox 2018 4263 2226 4319; x_wconf 84' lang='lat' dir='ltr'><strong>stolica</strong></span> <span class='ocrx_word' id='word_1_620' title='bbox 2246 4256 2659 4316; x_wconf 73' lang='lat' dir='ltr'><strong>benedictionis.</strong></span> 
     </span>
    </p>
   </div>
   <div class='ocr_carea' id='block_1_99' title="bbox 2090 4339 3601 4415">
    <p class='ocr_par' dir='ltr' id='par_1_99' title="bbox 2090 4339 3601 4415">
     <span class='ocr_line' id='line_1_99' title="bbox 2090 4339 3601 4415; baseline -0.009 -8"><span class='ocrx_word' id='word_1_621' title='bbox 2090 4353 2286 4409; x_wconf 87' lang='lat' dir='ltr'><strong>Datum</strong></span> <span class='ocrx_word' id='word_1_622' title='bbox 2320 4348 2594 4415; x_wconf 88' lang='lat' dir='ltr'><strong>Laterani,</strong></span> <span class='ocrx_word' id='word_1_623' title='bbox 2627 4363 2682 4401; x_wconf 76' lang='lat' dir='ltr'><strong>xi</strong></span> <span class='ocrx_word' id='word_1_624' title='bbox 2722 4345 2840 4401; x_wconf 85' lang='lat' dir='ltr'><strong>Kal.</strong></span> <span class='ocrx_word' id='word_1_625' title='bbox 2864 4342 3033 4410; x_wconf 86' lang='lat' dir='ltr'><strong>Junii,</strong></span> <span class='ocrx_word' id='word_1_626' title='bbox 3056 4359 3153 4414; x_wconf 93' lang='lat' dir='ltr'><strong>per</strong></span> <span class='ocrx_word' id='word_1_627' title='bbox 3182 4356 3407 4397; x_wconf 89' lang='lat' dir='ltr'><strong>manum</strong></span> <span class='ocrx_word' id='word_1_628' title='bbox 3432 4339 3601 4405; x_wconf 86' lang='lat' dir='ltr'><strong>Petri,</strong></span> 
     </span>
    </p>
   </div>
   <div class='ocr_carea' id='block_1_100' title="bbox 2019 4432 3603 4501">
    <p class='ocr_par' dir='ltr' id='par_1_100' title="bbox 2019 4432 3603 4501">
     <span class='ocr_line' id='line_1_100' title="bbox 2019 4432 3603 4501; baseline -0.011 0"><span class='ocrx_word' id='word_1_629' title='bbox 2019 4455 2223 4501; x_wconf 84' lang='lat' dir='ltr'><strong>sancta</strong></span> <span class='ocrx_word' id='word_1_630' title='bbox 2243 4441 2504 4499; x_wconf 85' lang='lat' dir='ltr'><strong>Romana</strong></span> <span class='ocrx_word' id='word_1_631' title='bbox 2520 4438 2777 4495; x_wconf 87' lang='lat' dir='ltr'><strong>Ecclesia</strong></span> <span class='ocrx_word' id='word_1_632' title='bbox 2794 4432 3112 4492; x_wconf 38' lang='lat' dir='ltr'><strong>subd‘iaconi</strong></span> <span class='ocrx_word' id='word_1_633' title='bbox 3123 4444 3175 4490; x_wconf 92' lang='lat' dir='ltr'><strong>et</strong></span> <span class='ocrx_word' id='word_1_634' title='bbox 3188 4432 3603 4498; x_wconf 86' lang='lat' dir='ltr'><strong>bibliothecarii,</strong></span> 
     </span>
    </p>
   </div>
   <div class='ocr_carea' id='block_1_101' title="bbox 2023 4524 3606 4605">
    <p class='ocr_par' dir='ltr' id='par_1_101' title="bbox 2023 4524 3606 4605">
     <span class='ocr_line' id='line_1_101' title="bbox 2023 4524 3606 4605; baseline -0.011 -12"><span class='ocrx_word' id='word_1_635' title='bbox 2023 4553 2172 4593; x_wconf 91' lang='lat' dir='ltr'><strong>anno</strong></span> <span class='ocrx_word' id='word_1_636' title='bbox 2193 4544 2349 4591; x_wconf 79' lang='lat' dir='ltr'><strong>sexto</strong></span> <span class='ocrx_word' id='word_1_637' title='bbox 2368 4530 2741 4605; x_wconf 84' lang='lat' dir='ltr'><strong>pontiﬁcatus,</strong></span> <span class='ocrx_word' id='word_1_638' title='bbox 2763 4526 2971 4583; x_wconf 88' lang='lat' dir='ltr'><strong>domini</strong></span> <span class='ocrx_word' id='word_1_639' title='bbox 3010 4524 3304 4581; x_wconf 75' lang='lat' dir='ltr'><strong>Alexandri</strong></span> <span class='ocrx_word' id='word_1_640' title='bbox 3335 4539 3489 4595; x_wconf 81' lang='lat' dir='ltr'><strong>papa</strong></span> <span class='ocrx_word' id='word_1_641' title='bbox 3516 4540 3606 4579; x_wconf 75' lang='lat' dir='ltr'><strong>se-</strong></span> 
     </span>
    </p>
   </div>
   <div class='ocr_carea' id='block_1_102' title="bbox 2024 4616 3606 4697">
    <p class='ocr_par' dir='ltr' id='par_1_102' title="bbox 2024 4616 3606 4697">
     <span class='ocr_line' id='line_1_102' title="bbox 2024 4616 3606 4697; baseline -0.009 -11"><span class='ocrx_word' id='word_1_642' title='bbox 2024 4630 2211 4697; x_wconf 90' lang='lat' dir='ltr'><strong>cundi,</strong></span> <span class='ocrx_word' id='word_1_643' title='bbox 2245 4628 2314 4683; x_wconf 90' lang='lat' dir='ltr'><strong>ab</strong></span> <span class='ocrx_word' id='word_1_644' title='bbox 2343 4623 2723 4683; x_wconf 87' lang='lat' dir='ltr'><strong>lncarnatione</strong></span> <span class='ocrx_word' id='word_1_645' title='bbox 2750 4636 2881 4676; x_wconf 91' lang='lat' dir='ltr'><strong>vero</strong></span> <span class='ocrx_word' id='word_1_646' title='bbox 2903 4618 3121 4674; x_wconf 88' lang='lat' dir='ltr'><strong>Domini</strong></span> <span class='ocrx_word' id='word_1_647' title='bbox 3144 4617 3302 4685; x_wconf 73' lang='grc'>1067,</span> <span class='ocrx_word' id='word_1_648' title='bbox 3332 4616 3520 4673; x_wconf 88' lang='lat' dir='ltr'><strong>indict.</strong></span> <span class='ocrx_word' id='word_1_649' title='bbox 3552 4632 3606 4671; x_wconf 90' lang='lat' dir='ltr'><strong>v.</strong></span> 
     </span>
    </p>
   </div>
   <div class='ocr_carea' id='block_1_103' title="bbox 2772 4734 2857 4790">
    <p class='ocr_par' dir='ltr' id='par_1_103' title="bbox 2772 4734 2857 4790">
     <span class='ocr_line' id='line_1_103' title="bbox 2772 4734 2857 4790; baseline 0.012 -1"><span class='ocrx_word' id='word_1_650' title='bbox 2772 4734 2857 4790; x_wconf 85' lang='lat' dir='ltr'><strong>LI.</strong></span> 
     </span>
    </p>
   </div>
   <div class='ocr_carea' id='block_1_104' title="bbox 2025 4828 3622 4915">
    <p class='ocr_par' dir='ltr' id='par_1_104' title="bbox 2025 4828 3622 4915">
     <span class='ocr_line' id='line_1_104' title="bbox 2025 4828 3622 4915; baseline -0.014 -9"><span class='ocrx_word' id='word_1_651' title='bbox 2025 4836 2321 4906; x_wconf 67' lang='lat' dir='ltr'><strong>Alexandri</strong></span> <span class='ocrx_word' id='word_1_652' title='bbox 2354 4843 2420 4899; x_wconf 86' lang='grc' dir='ltr'><em>ΙΙ</em></span> <span class='ocrx_word' id='word_1_653' title='bbox 2446 4840 2934 4915; x_wconf 44' lang='grc' dir='ltr'><strong>ρήυῆιερὶαηξρτο.</strong></span> <span class='ocrx_word' id='word_1_654' title='bbox 2962 4834 3285 4915; x_wconf 47' lang='lat' dir='ltr'><strong>monasterio</strong></span> <span class='ocrx_word' id='word_1_655' title='bbox 3316 4828 3435 4912; x_wconf 80' lang='lat' dir='ltr'><strong>_SS.</strong></span> <span class='ocrx_word' id='word_1_656' title='bbox 3488 4832 3622 4889; x_wconf 84' lang='lat' dir='ltr'><strong>Dio-</strong></span> 
     </span>
    </p>
   </div>
   <div class='ocr_carea' id='block_1_105' title="bbox 2240 4905 3377 4987">
    <p class='ocr_par' dir='ltr' id='par_1_105' title="bbox 2240 4905 3377 4987">
     <span class='ocr_line' id='line_1_105' title="bbox 2240 4905 3377 4987; baseline -0.017 -16"><span class='ocrx_word' id='word_1_657' title='bbox 2240 4918 2402 4987; x_wconf 79' lang='lat' dir='ltr'><strong>nysii,</strong></span> <span class='ocrx_word' id='word_1_658' title='bbox 2433 4905 2715 4968; x_wconf 57' lang='lat' dir='ltr'><strong>Rustici&#39;et</strong></span> <span class='ocrx_word' id='word_1_659' title='bbox 2753 4905 3049 4963; x_wconf 77' lang='lat' dir='ltr'><strong>Eleutherii</strong></span> <span class='ocrx_word' id='word_1_660' title='bbox 3087 4905 3377 4961; x_wconf 64' lang='lat' dir='ltr'><strong>Bernensis.</strong></span> 
     </span>
    </p>
   </div>
   <div class='ocr_carea' id='block_1_106' title="bbox 2629 4994 3020 5079">
    <p class='ocr_par' dir='ltr' id='par_1_106' title="bbox 2629 4994 3020 5079">
     <span class='ocr_line' id='line_1_106' title="bbox 2629 4994 3020 5079; baseline -0.031 -20"><span class='ocrx_word' id='word_1_661' title='bbox 2629 5006 2811 5079; x_wconf 77' lang='lat' dir='ltr'><strong>(Anno</strong></span> <span class='ocrx_word' id='word_1_662' title='bbox 2835 4994 3020 5065; x_wconf 72' lang='lat'><strong>1067.)</strong></span> 
     </span>
    </p>
   </div>
   <div class='ocr_carea' id='block_1_107' title="bbox 2278 5076 3369 5174">
    <p class='ocr_par' dir='ltr' id='par_1_107' title="bbox 2278 5076 3369 5174">
     <span class='ocr_line' id='line_1_107' title="bbox 2278 5076 3369 5174; baseline -0.025 -16"><span class='ocrx_word' id='word_1_663' title='bbox 2278 5100 2572 5174; x_wconf 57' lang='lat' dir='ltr'><strong>[MAMO&#39;L</strong></span> <span class='ocrx_word' id='word_1_664' title='bbox 2597 5076 2878 5163; x_wconf 70' lang='lat' dir='ltr'><strong>Metropol.</strong></span> <span class='ocrx_word' id='word_1_665' title='bbox 2908 5086 3067 5142; x_wconf 79' lang='lat' dir='ltr'><strong>Rom.</strong></span> <span class='ocrx_word' id='word_1_666' title='bbox 3103 5084 3190 5151; x_wconf 76' lang='grc' dir='ltr'><strong>ιι,</strong></span> <span class='ocrx_word' id='word_1_667' title='bbox 3216 5076 3369 5174; x_wconf 55' lang='grc' dir='ltr'><strong>με.)</strong></span> 
     </span>
    </p>
   </div>
   <div class='ocr_carea' id='block_1_108' title="bbox 2113 5169 3646 5240">
    <p class='ocr_par' dir='ltr' id='par_1_108' title="bbox 2113 5169 3646 5240">
     <span class='ocr_line' id='line_1_108' title="bbox 2113 5169 3646 5240; baseline 0.001 0"><span class='ocrx_word' id='word_1_668' title='bbox 2113 5201 2168 5240; x_wconf 75' lang='grc' dir='ltr'><strong>Α.</strong></span> <span class='ocrx_word' id='word_1_669' title='bbox 2184 5169 2431 5240; x_wconf 52' lang='lat' dir='ltr'><strong>vva-vvan</strong></span> <span class='ocrx_word' id='word_1_670' title='bbox 2453 5191 2770 5240; x_wconf 77' lang='lat' dir='ltr'><strong>enisennus.</strong></span> <span class='ocrx_word' id='word_1_671' title='bbox 2806 5194 2999 5238; x_wconf 87' lang='lat' dir='ltr'><strong>servus</strong></span> <span class='ocrx_word' id='word_1_672' title='bbox 3030 5186 3322 5235; x_wconf 87' lang='lat' dir='ltr'><strong>servorum</strong></span> <span class='ocrx_word' id='word_1_673' title='bbox 3343 5169 3471 5240; x_wconf 82' lang='lat' dir='ltr'><strong>Dei,</strong></span> <span class='ocrx_word' id='word_1_674' title='bbox 3498 5193 3646 5240; x_wconf 53' lang='lat' dir='ltr'><strong>Dm“</strong></span> 
     </span>
    </p>
   </div>
  </div>
