4050 5358
460 375 592 434 1331

1724 373 2117 430 ALEXAND!“
2152 371 2199 428 II
2231 369 2434 427 PAPIE

3569 363 3592 416 1
3603 362 3707 419 559

461 502 722 555 assumat.
752 491 985 548 Proinde
1011 491 1166 562 juxta
1188 493 1503 563 petitionem
1543 492 1836 549 confratris
1864 492 2037 549 nostri
2067 492 2111 548 Α
2138 490 2349 554 dotum,
2368 488 2615 558 judicum
2656 503 2720 542 ac
2776 482 3124 541 saecularium
3161 493 3519 551 personat-un.
3566 477 3710 533 hanc

463 586 729 653 Gervasii,
759 585 1085 642 venerabilis
1113 585 1404 641 Remensis
1431 585 1845 655 archiepiscopi,
1869 587 2039 642 eccle-

464 678 560 733 siae
580 677 859 733 beatorum
876 686 1175 750 martyrum
1189 676 1450 750 Dionysii,
1467 677 1675 734 Rustici
1685 687 1738 733 et
1758 677 2037 746 Eleuterii,

464 784 587 840 qua:
608 785 638 823 a
668 767 895 839 praefato
923 769 1184 825 Gervasio
1210 770 1622 841 archiepiscopo
1646 778 1702 825 et
1720 769 1964 824 adiﬁciis
1985 779 2040 825 et

465 859 856 916 muniﬁcentiis
902 870 1223 932 recuperata
1259 860 1370 932 (cui
1414 863 1469 916 in
1511 860 1773 916 canonica
1807 876 2038 931 congre-

467 950 689 1021 gatione
720 952 824 1006 sub
848 952 1035 1023 regula
1068 951 1214 1007 beati
1247 952 1539 1024 Augustini
1571 967 1804 1023 praeesse
1841 951 2038 1023 digno-

382 1102 394 1117 κ
468 1041 661 1113 sceris)
692 1042 1008 1112 hujusmodi
1044 1043 1384 1114 privdegium
1410 1043 1662 1113 praesenti
1697 1042 2040 1098 auctoritatis

385 1148 393 1157 “
468 1140 673 1187 nostra}
699 1132 919 1187 decreto
954 1132 1320 1204 indulgemus,
1342 1132 1717 1198 concedimus,
1757 1140 1921 1202 atque
1944 1130 2040 1185 ﬁr-

471 1239 707 1290 mamus,
755 1226 1055 1281 statuentes
1091 1225 1300 1280 nullum
1335 1240 1548 1296 regum,
1589 1224 1909 1294 nullumque
1940 1239 2041 1277 an-

473 1314 725 1379 tistitum,
748 1314 957 1368 nullum
990 1328 1317 1385 quacunque
1346 1313 1632 1385 praeditum
1656 1313 1938 1385 dignitate,
1960 1314 2044 1368 vel

472 1420 805 1476 quemquam
830 1405 998 1462 alium
1022 1405 1089 1459 de
1116 1406 1200 1461 his
1236 1421 1359 1475 qua:
1375 1406 1553 1460 eidem
1578 1405 1822 1461 ecclesiae
1844 1421 1875 1459 a
1910 1419 2047 1474 prai-

470 1499 587 1555 fato
623 1494 887 1551 Gervasio
933 1496 1343 1566 archiepiscopo
1384 1496 1469 1551 vel
1513 1496 1583 1552 ab
1617 1495 1740 1552 aliis
1795 1494 2045 1551 ﬁdelibus

468 1591 587 1659 jam
624 1589 827 1650 donata
848 1597 977 1644 sunt
1009 1596 1065 1644 et
1085 1588 1140 1643 in
1167 1587 1413 1644 futurum
1440 1587 1646 1653 fuerint
1680 1590 1903 1656 collata,
1943 1590 2047 1644 sub

472 1680 767 1750 cujuslibet
798 1695 1001 1746 causae,
1023 1681 1439 1750 occasionisque
1481 1681 1662 1750 specie
1684 1681 1929 1736 minuere
1962 1680 2047 1735 vel

476 1770 715 1837 auferre,
744 1771 863 1826 suis
897 1770 1090 1826 usibus
1121 1770 1395 1840 applicare
1440 1771 1527 1828 vel
1570 1772 1693 1827 aliis
1726 1772 1832 1842 piis
1867 1770 2049 1827 causis

2140 589 2341 636 nostra:
2382 578 2792 635 constitutionis
2833 576 3085 647 paginam
3139 585 3465 644 agnoscens,
3516 583 3710 623 contra

2138 687 2260 726 eam
2302 671 2486 726 venire
2534 668 2843 734 tentaverit,
2876 663 3195 736 potestatis,
3248 660 3585 730 honorisque
3626 676 3712 714 Slll

2138 763 2403 834 dignitate
2426 771 2626 828 careat,
2663 774 2926 828 reumque
2954 772 3013 813 se
3042 753 3226 811 divino
3250 753 3458 823 judicio
3477 751 3716 805 existere

2139 854 2207 909 de
2226 862 2650 924 perpetrata.....
2687 856 3004 922 cognoscat,
3029 855 3086 903 et
3125 846 3231 901 nisi
3252 859 3318 900 ea
3343 858 3466 914 quae
3507 843 3578 897 ab
3621 839 3717 895 illo

2140 946 2282 1001 male
2313 945 2494 1001 ablata
2526 951 2658 1000 sunt
2701 940 3021 1006 restituerit,
3067 936 3154 993 vel
3195 937 3357 1008 digna
3393 934 3718 1006 poenitentia

2140 1036 2329 1093 illicita
2368 1034 2672 1101 deterserit,
2718 1051 2750 1088 a
2791 1029 3168 1090 sacratissimo
3214 1041 3443 1097 corpore
3490 1034 3547 1080 et
3589 1041 3722 1081 san-

2141 1131 2305 1202 guine
2335 1129 2429 1184 Dei
2459 1124 2839 1196 Redemptoris
2873 1121 3047 1179 nostri
3094 1118 3222 1175 Jesu
3252 1117 3457 1173 Christi
3504 1115 3724 1171 alienus

2143 1222 2258 1290 ﬁat,
2290 1230 2453 1292 atque
2488 1219 2543 1274 in
2567 1225 2774 1273 azterno
2808 1214 3059 1275 examine
3080 1210 3343 1267 districta
3371 1207 3569 1263 ultioni
3593 1206 3726 1262 sub-

2139 1314 2347 1385 jaceat;
2379 1311 2593 1368 cunctis
2620 1315 2803 1364 autem
2836 1306 3014 1361 eidem
3050 1304 3171 1359 loco
3210 1301 3338 1372 jura
3372 1298 3727 1355 servantibus

2143 1407 2216 1463 sit
2235 1420 2341 1475 pax
2368 1401 2580 1457 Domini
2608 1398 2784 1455 nostri
2820 1395 2948 1453 Jesu
2979 1394 3185 1451 Christi
3224 1401 3498 1463 quatenus
3541 1399 3598 1445 et
3635 1390 3729 1445 hie

2145 1496 2384 1550 fructum
2413 1492 2572 1547 bona:
2611 1487 2843 1544 actionis
2872 1485 3118 1556 recipiat,
3153 1492 3209 1539 et
3228 1483 3370 1553 apud
3408 1481 3727 1536 districtum

2141 1581 2381 1656 judieem
2423 1580 2647 1652 praemia
2675 1585 2891 1634 aeternae
2932 1576 3085 1647 pacis
3130 1573 3388 1629 inveniat.
3448 1571 3727 1642 Scriptura

2148 1692 2244 1747 per
2277 1691 2475 1730 manus
2499 1669 2801 1737 Octaviani,
2834 1668 3023 1725 scrinii
3052 1675 3107 1724 et
3140 1664 3337 1721 notarii
3372 1673 3578 1721 sanctae
3619 1661 3727 1715 Ro-

2151 1783 2327 1823 mana:
2345 1766 2491 1823 sedis
2512 1761 2824 1835 apostolica:
3293 1750 3301 1757 ’

476 1878 574 1933 pro
596 1877 711 1917 sua:
742 1861 966 1927 malitia}.
991 1862 1342 1924 excusatione
1379 1862 1695 1929 concedere,
1719 1840 1813 1918 sed
1849 1870 2044 1918 cuncta
2081 1840 2123 1894 Β
2219 1858 2415 1914 Datum
2454 1855 2726 1927 Lugduni,
2769 1851 2939 1908 Nonis
2970 1849 3120 1918 Julii,
3161 1849 3514 1922 pontificatus
3554 1847 3739 1904 nostri

474 1969 598 2024 (ιιιω
641 1954 822 2013 oblata
877 1962 1026 2021 sunt,
1058 1953 1143 2008 vel
1201 1952 1383 2011 oil‘erri
1415 1953 1724 2025 contigerit,
1762 1948 1873 2008 t‘am
1915 1969 1948 2009 a
1992 1963 2047 2009 te

475 2060 640 2114 quam
672 2045 740 2099 ab
773 2045 852 2099 eis
886 2045 978 2114 qui
1031 2044 1087 2098 in
1138 2052 1234 2105 tuo
1275 2042 1451 2099 oiiicio
1488 2044 1720 2114 locoque
1763 2058 2046 2099 successe—

479 2137 607 2201 rint,
641 2152 675 2197 a
700 2144 941 2207 tempore
978 2135 1231 2206 prmscnti
1269 2135 1472 2191 illibata
1521 2142 1576 2193 et
1612 2135 1729 2190 sine
1774 2135 2050 2209 inquietu-

475 2228 606 2288 dine
653 2228 840 2308 aliqua
900 2228 1201 2297 possidere,
1250 2242 1442 2290 eorum
1480 2233 1662 2280 tamen
1714 2226 1904 2284 usibus
1951 2241 2050 2296 pro

478 2334 718 2388 quorum,
777 2319 1175 2380 sustentatione
1231 2318 1735 2392 gubernationeque
1789 2331 2050 2375 concessa

480 2420 609 2477 sunt
636 2411 813 2477 modis
847 2412 1102 2469 omnibus
1127 2402 1433 2483 profutura.

552 2501 683 2557 item
706 2504 1091 2560 constituimus
1110 2512 1191 2569 ut,
1225 2504 1458 2559 obeunte
1482 2511 1556 2569 te,
1586 2502 1669 2557 vel
1696 2510 1818 2573 post
1839 2509 1910 2569 te,
1948 2502 2051 2558 ali—

482 2609 593 2664 quo
616 2595 862 2665 ejusdem
895 2596 1138 2653 ecclesia:
1159 2595 1473 2667 praeposito,
1502 2610 1611 2650 non
1656 2594 1797 2649 alius
1820 2593 1895 2648 ibi
1917 2609 2053 2664 qua-

482 2702 700 2758 cunque
748 2687 1085 2758 obreptionis
1133 2687 1333 2743 astutia
1385 2685 1687 2752 ordinetur,
1722 2685 1829 2740 nisi
1890 2700 2052 2755 quem

486 2777 770 2847 Bernensis
799 2777 1244 2847 archiepiscopus
1284 2791 1411 2832 cum
1434 2775 1586 2831 omni
1642 2790 1869 2830 assensu
1901 2774 2052 2844 ejus—

483 2869 606 2923 dem
641 2869 883 2939 ecclesiae
906 2868 1296 2934 canonicorum
1341 2866 1640 2923 secundum
1675 2864 1770 2920 Dei
1801 2864 2053 2944 timorem

484 2962 708 3032 elegerit
730 2977 795 3029 ac
827 2961 1121 3031 providerit
1158 2959 1544 3025 ordinandum.
1582 2956 1698 3013 Hoc
1723 2972 1941 3027 quoque
1971 2972 2058 3011 ca-

487 3052 659 3132 pituio
681 3052 932 3133 praesenti
956 3051 1368 3128 subjungimus;
1390 3050 1656 3118 utiocum
1690 3047 1930 3104 avaritiae
1965 3062 2051 3101 se»

488 3142 793 3207 cludamus,
829 3143 1012 3198 nullus
1030 3142 1096 3197 de
1146 3141 1383 3211 regibus,
1408 3140 1619 3205 ,nulius
1647 3139 1715 3195 de
1758 3138 2054 3203 sacerdoti-

487 3232 611 3295 bus,
636 3230 719 3287 vel
744 3230 1055 3301 quicunque
1078 3231 1220 3292 alius
1240 3246 1336 3301 per
1360 3246 1425 3287 se
1460 3230 1911 3304 suppositamquc
1938 3245 2055 3300 per-

490 3336 704 3388 sonam,
733 3321 800 3375 de
846 3320 1187 3377 ordinatione
1217 3319 1460 3390 ejusdem
1500 3320 1778 3392 praepositi
1817 3306 1900 3376 vel
1940 3320 2058 3391 qui-

493 3402 811 3487 buscunque
834 3414 1016 3471 causis
1038 3414 1105 3487 ad
1138 3413 1423 3483 ecclesiam
1447 3393 1616 3483 ipsam
1643 3414 2054 3484 pertinentibus,

492 3505 689 3561 audeat
716 3500 769 3561 in
794 3521 930 3562 auro
964 3507 1047 3561 vel
1083 3506 1137 3561 in
1166 3505 1270 3560 alia
1295 3505 1535 3583 qualibet
1575 3504 1847 3560 commodi
1878 3504 2060 3577 specie

493 3596 813 3667 quidquam,
841 3613 1017 3668 neque
1046 3598 1185 3653 idem
1208 3596 1532 3668 praepositus
1556 3595 1916 3652 ordinationis
1946 3612 2060 3651 sua:

494 3705 661 3744 causa
704 3689 835 3744 dare
883 3680 1197 3759 prazsumat,
1246 3704 1312 3742 ne
1352 3689 1454 3744 hac
1490 3688 1777 3751 occasione
1824 3703 1889 3744 ea
1938 3702 2062 3757 qua:

496 3780 744 3835 iidelibus
776 3780 880 3850 piis
899 3769 1042 3837 “locis
1072 3779 1393 3847 offeruntur,
1417 3787 1513 3833 aut
1553 3777 1670 3849 jam
1691 3778 1871 3834 oblata
1911 3787 2059 3843 sunt,

495 3879 909 3926 consumantur.

566 3960 631 4017 Et
664 3961 923 4030 quoniam
953 3962 1138 4017 multae
1171 3961 1491 4017 occasiones
1514 3962 1568 4017 in
1596 3962 1911 4033 deceptione
1938 3961 2065 4016 reli-

496 4052 772 4119 giosarum
802 4065 1157 4121 personarum
1178 4069 1208 4106 a
1230 4053 1412 4123 pravis
1437 4040 1749 4108 hominibus
1770 4052 2066 4124 exquirun-

500 4153 607 4209 tur,
631 4142 983 4213 praepositum
1013 4143 1283 4215 praedicta:
1317 4143 1562 4199 ecclesia:
1588 4143 1738 4198 nullo
1775 4144 1938 4197 modo
1964 4144 2067 4213 pri-

497 4230 738 4303 vandum
770 4231 1260 4303 deponendamque
1292 4246 1414 4288 esse
1446 4247 1755 4298 censemus,
1792 4232 1897 4287 nisi
1946 4249 2068 4303 spe-

498 4323 705 4379 cialiter
740 4339 907 4380 causa
942 4324 1189 4381 criminis
1231 4325 1496 4396 exigente.
1530 4321 1684 4378 Unde
1722 4338 1946 4379 necesse
1986 4332 2071 4379 est

498 4427 578 4481 ut,
607 4417 784 4487 siqua
803 4427 994 4473 contra
1013 4434 1138 4473 eum
1162 4416 1479 4488 bujusmodi
1501 4416 1721 4487 querela
1750 4416 2067 4481 surrexerit,

2150 1967 2296 2008 anno
2318 1956 2631 2022 quarto.....

2881 2053 2990 2111 LII.

2152 2153 2502 2226 Privilegt’um
2524 2149 2591 2205 D.
2616 2147 3086 2226 Αιςεαηάρςί-Ραρω
3116 2143 3179 2226 1
3204 2161 3298 2215 pro
3324 2142 3647 2197 monasterio
3674 2138 3733 2196 S.

2680 2217 2734 2273 Ν
2738 2219 2890 2273 icasit'
2909 2217 3200 2272 Bernensis.

2731 2311 2913 2383 (Anno
2959 2307 3144 2377 i067.)

2152 2410 2370 2485 [Vnum
2397 2406 2646 2462 Archiae:
2695 2406 2840 2457 adm.
2889 2401 2955 2455 de
2976 2400 3031 2456 la
3062 2399 3185 2454 villa
3205 2398 3270 2453 de
3294 2397 3491 2463 Reims,
3517 2404 3653 2451 tom.
3692 2394 3737 2459 ι,

2269 2488 2273 2492 ’
2824 2510 2878 2565 p.
2909 2491 3063 2565 2i'5.]

2221 2595 2548 2650 uastant-3n
2576 2588 2866 2659 episcopus
2886 2628 2902 2651 ,
2942 2596 3135 2640 servus
3168 2596 3451 2638 servorum
3483 2579 3610 2644 Dei,
3638 2578 3740 2633 ab-

2152 2689 2266 2744 bati
2308 2681 2625 2741 monasterii
2665 2678 2850 2734 Sancti
2884 2675 3087 2733 Nicasii
3126 2673 3414 2744 martyris,
3448 2672 3562 2726 sive
3587 2669 3741 2724 Beati

2154 2777 2418 2851 Agricolae
2440 2775 2494 2828 in
2505 2770 2760 2826 Remensi
2789 2767 3065 2826 territorio
3092 2766 3214 2831 siti,
3239 2765 3437 2821 dilecto
3463 2762 3574 2817 lilio
3598 2761 3744 2817 suis.

2155 2887 2262 2942 que
2293 2864 2705 2925 successoribus
2732 2862 2786 2915 in
2812 2858 3154 2931 perpetuum.

2224 2961 2317 3015 Pia
2333 2955 2629 3030 postulatio
2649 2951 2949 3008 voluntatis
2970 2949 3163 3005 eil‘ectu
3189 2947 3347 3002 debet
3368 2954 3745 3017 prosequente

2157 3051 2449 3123 compleri,
2475 3055 2746 3119 quatenus
2783 3052 2838 3099 et
2874 3040 3180 3099 devotionis
3226 3039 3511 3095 sinceritas
3556 3036 3746 3091 lauda-

2159 3146 2342 3203 biliter
2386 3142 2683 3204 enitescat,
2727 3144 2782 3193 et
2817 3136 3025 3191 utilitas
3058 3133 3331 3204 postulata
3363 3130 3507 3185 vires
3530 3128 3749 3184 indubi-

2160 3246 2336 3296 tanter
2363 3238 2627 3291 assumat.
2664 3228 2899 3284 Proinde
2921 3227 3079 3297 juxta
3108 3211 3424 3296 petitionem
3453 3218 3749 3278 confratris

2156 3330 2331 3388 nostri
2355 3323 2602 3383 Gervasii
2641 3318 2969 3386 venerabilis
2994 3316 3283 3372 Bernensis
3308 3312 3705 3383 archiepiscOpi
3731 3352 3748 3374 ,

2156 3417 2489 3480 monasterio
2534 3414 2677 3471 beati
2721 3410 3014 3468 Nicasii....
3068 3409 3183 3464 sive
3228 3405 3411 3462 Sancti
3440 3401 3749 3475 Agricola,

2156 3514 2304 3587 quod
2344 3510 2472 3567 olim
2501 3524 2533 3563 a
2561 3506 2755 3562 Jovino
2785 3502 3040 3574 praefecto
3068 3498 3392 3555 aedificatum
3417 3539 3432 3563 ,
3468 3511 3618 3550 nunc
3647 3509 3752 3587 au-

2159 3585 2265 3661 tem
2297 3619 2328 3659 a
2366 3599 2624 3673 praedicto
2663 3594 2922 3657 Gervasio
2956 3601 3042 3649 est
3066 3598 3476 3660 recuperatum,
3513 3586 3601 3642 cui
3647 3585 3754 3640 sub

2158 3697 2344 3770 regula
2392 3692 2533 3749 beati
2589 3685 2865 3743 Benedicti
2911 3698 3144 3755 praeesse
3176 3679 3532 3753 dignosceris,
3560 3676 3754 3770 hujus-

2163 3767 2312 3847 modi
2362 3781 2707 3858 privilegium
2749 3776 3008 3848 praesenti
3049 3771 3393 3830 auctoritatis
3422 3778 3628 3825 nostra:
3654 3767 3752 3822 dc-

2163 3888 2311 3935 creto
2341 3876 2706 3945 indulgemus,
2736 3868 3089 3926 concedimus
3117 3875 3280 3936 atque
3307 3864 3613 3927 ﬁrmamus,
3640 3868 3755 3914 sta-

2162 3977 2374 4027 tuentes
2417 3965 2629 4021 nullum
2659 3977 2845 4034 regum
2873 4003 2889 4027 ,
2926 3960 3138 4013 nullum
3163 3956 3466 4012 antistitum
3494 3996 3511 4021 ,
3541 3952 3753 4008 nullum

2164 4061 2408 4135 qualibet
2433 4056 2722 4128 przeditum
2747 4052 3009 4123 dignitate
3024 4092 3040 4118 ,
3063 4051 3150 4106 vel
3174 4062 3447 4120 quemque
3469 4046 3664 4111 alium,
3687 4044 3756 4099 de

2165 4154 2253 4210 his
2296 4166 2418 4222 qua:
2446 4148 2622 4204 eidem
2661 4143 2996 4201 monasterio
3040 4158 3071 4198 a
3107 4139 3334 4213 praefato
3372 4138 3637 4195 Gervasio
3663 4152 3753 4191 ar—

2166 4242 2519 4313 chiepiscopo
2543 4281 2559 4306 ,
2588 4238 2674 4293 vel
2698 4238 2768 4293 ab
2788 4237 2911 4291 aliis
2934 4233 3183 4289 iidelibus
3207 4232 3320 4303 jam
3357 4232 3561 4287 donata
3588 4236 3753 4293 sunt,

2166 4336 2251 4390 vel
2302 4335 2356 4389 in
2405 4331 2651 4386 futurum
2682 4345 2713 4384 a
2741 4327 3075 4399 quibuslibet
3115 4325 3237 4380 aliis
3265 4324 3334 4379 de
3372 4322 3597 4395 proprio
3630 4320 3757 4390 jure

2172 4427 2375 4482 fuerint
2410 4424 2608 4481 collata
2632 4465 2647 4488 ,
2686 4421 2791 4477 sub
2838 4419 3131 4490 cujuslibet
3156 4432 3322 4473 causa
3346 4416 3432 4471 vel
3451 4411 3757 4496 occasioan

502 4522 612 4560 "0n
635 4508 786 4563 $01115
816 4507 1263 4578 arChiePiSCOPUS
1295 4507 1579 4563 Βθιηεηδίε
1620 4522 1845 4563 causam
1871 4508 2071 4562 θιίιηιί·
2101 4539 2145 4593 ι)
2171 4519 2370 4590 specie,
2395 4516 2642 4571 minuere
2656 4513 2739 4567 vel
2760 4511 2995 4577 auferre,
3020 4509 3134 4565 sive
3149 4508 3261 4565 suis
3275 4507 3465 4563 usibus
3486 4505 3757 4576 applicare

502 4610 613 4666 net,
646 4600 760 4667 sed,
801 4601 1056 4657 adhibitis
1099 4601 1202 4656 sibi
1244 4600 1366 4656 aliis
1406 4599 1677 4671 episcopis
1706 4599 1843 4666 suis,
1883 4600 2067 4655 subtili

503 4691 609 4745 hoc
632 4690 1041 4762 investigatione
1065 4693 1362 4764 perquirat,
1387 4701 1679 4763 quatenus,
1701 4691 1914 4748 cunctis
1940 4708 2069 4746 con-

503 4781 740 4837 corditer
753 4783 1144 4853 judicantibus,
1167 4784 1444 4840 canonica:
1464 4782 1818 4839 districtionis
1836 4799 2067 4839 censura

505 4882 600 4929 aut
635 4889 789 4941 reum
829 4872 1016 4941 facere
1035 4884 1131 4943 aut
1169 4875 1511 4939 innocentem
1552 4875 1723 4949 possit
1767 4875 2065 4932 absolvere.

470 5008 484 5041 ι
574 4964 809 5031 Quoties,
828 4974 1009 5029 tamen
1029 4965 1352 5037 praepositus
1381 4966 1651 5037 prwdictze
1679 4967 1924 5024 ecclesiae
1956 4967 2069 5039 epi-

507 5072 796 5128 scoporum
811 5057 1123 5129 przejudicio
1145 5074 1209 5114 se
1224 5058 1435 5130 gravari
1461 5055 1785 5128 praaviderit,
1813 5058 2073 5127 apostoli-

507 5162 627 5204 cam
649 5148 831 5204 sedem
873 5149 1009 5205 liber
1033 5150 1283 5222 appellet,
1326 5150 1411 5205 vel
1458 5163 1584 5213 cum
1626 5164 1724 5220 pro
1758 5149 2072 5219 hujusmodi

508 5240 823 5310 prcejudicio
845 5242 931 5304 vel
952 5258 1051 5312 pro
1074 5242 1306 5305 utilitate
1336 5240 1593 5304 Ecclesia:
1631 5256 1745 5305 suae
1768 5241 1838 5296 ad
1868 5239 2072 5295 Roma-

511 5346 636 5358 ιιι-Μ
669 5332 973 5358 “nul:ﬂnn-..
1011 5334 1191 5358 --Α..ξ--
1230 5332 1457 5358 -.ΑΙ-,Λ-ἒι
1519 5331 1562 5358 1‘:

528 5346 636 5358 \nlm
669 5332 973 5358 “nul:ﬂnn-..
1011 5334 1191 5358 --Α..ξ--
1230 5332 1457 5358 -.ΑΙ-,Λ-ἒι
1519 5331 1562 5358 1‘:
1607 5330 1782 5358 mn.‘:n
1822 5331 2072 5358 Λ-Ἁ-ιξιιιιη

1011 5350 1191 5358 --Α..---

2171 4612 2254 4665 vel
2292 4610 2415 4666 aliis
2454 4606 2613 4678 quasi
2639 4604 2745 4676 piis
2772 4602 2956 4659 causis
2986 4616 3086 4672 pro
3115 4616 3228 4656 sua:
3255 4598 3495 4654 avaritiae
3520 4611 3755 4652 excusa-

2171 4703 2318 4758 tione
2364 4699 2706 4763 concedere;
2756 4695 2852 4752 sed
2891 4702 3089 4748 cuncta
3129 4708 3253 4763 quae
3279 4691 3354 4747 ibi
3377 4690 3559 4746 oblata
3588 4696 3754 4751 sunt,

2169 4793 2255 4847 vel
2303 4790 2489 4845 oil‘erri
2534 4786 2823 4860 contigerit
2862 4794 2975 4840 tam
3021 4801 3052 4841 a
3103 4792 3157 4840 te
3186 4800 3352 4855 quam
3382 4783 3452 4838 ab
3478 4782 3558 4836 eis
3580 4779 3755 4851 quiin

2171 4895 2265 4941 tuo
2289 4882 2468 4938 oilicio
2491 4882 2721 4950 locoque
2749 4877 3133 4943 successerint,
3157 4893 3189 4931 a
3216 4874 3468 4947 praesenti
3492 4882 3753 4943 tempore,

2169 4977 2374 5031 illibata
2413 4988 2478 5029 ac
2505 4972 2641 5028 sine-
2680 4968 3053 5042 inquietudine
3099 4968 3282 5038 aliqua
3322 4965 3630 5038 possideri;
3659 4979 3756 5019 eo—

2172 5083 2294 5122 rum
2338 5075 2520 5121 tamen
2562 5063 2754 5119 usibus
2800 5078 2899 5132 pro
2926 5075 3162 5133 quorum
3198 5057 3630 5116 substentatione
3655 5071 3756 5127 gu—

2174 5159 2600 5227 bernationeque
2662 5170 2924 5211 concessa
2951 5161 3079 5210 sunt
3100 5196 3114 5220 ,
3143 5152 3319 5207 modis
3347 5151 3601 5206 omnibus
3630 5162 3757 5218 pro—

2179 5249 2382 5305 futura.
2432 5247 2564 5303 item
2592 5245 2978 5303 constituimus
3016 5253 3076 5299 ut
3115 5244 3346 5299 obeunte
3381 5250 3433 5297 te
3456 5248 3664 5312 etpost
3704 5246 3758 5292 te

2214 5341 2243 5358 Ι·
2342 5356 2347 5358 .
2443 5340 2454 5352 ⁸
2484 5337 2646 5358 _._.I__._
2695 5335 3009 5358 ..---Α-Α,-ξε
3068 5335 3255 5358 ,1.1κΑιΑ
3332 5348 3439 5358 ...ι-ιι
3501 5332 3638 5358 -.Ξ-ιιι
3682 5328 3753 5358 ἷ1.ζ

2946 5335 3009 5358 -2:
3068 5335 3255 5358 -LLA...
3332 5348 3439 5358 ..--
3501 5332 3638 5358 -12..,-
3682 5330 3753 5358 εις
