4050 5358
322 279 467 338 I335

1476 253 1836 313 EPISTOLJS
1875 252 1963 310 ET
2003 251 2415 309 DlPLOMATA.

3441 231 3582 291 δεδι

321 393 463 450 ritiae
517 386 866 447 recludamus
889 426 904 452 ,
952 379 1163 437 nullum
1208 376 1277 433 de
1312 373 1535 444 regibus
1554 415 1574 443 ,
1604 369 1815 427 nullum
1836 369 1904 424 de
1933 371 1980 427 Α
2006 369 2389 427 sollicitudinis
2431 364 2615 423 studio
2643 360 2900 419 convenit
2943 373 3047 415 nos
3094 352 3392 429 apostolica
3415 361 3470 407 et
3491 366 3582 406 ra-

322 483 701 544 sacerdotihus
718 523 734 549 ,
754 478 842 535 vel
874 484 1256 548 quemcunque
1299 467 1466 523 alium
1494 481 1593 536 per
1619 479 1679 520 se
1701 504 1717 530 ,
1766 477 1899 532 sup-

323 579 950 652 positamvepersonam,
964 568 1032 622 de
1051 557 1644 629 ordinationeejusdem
1665 553 1899 619 abbatis,

322 649 407 727 vel
440 669 861 741 quibuscunque
904 658 1089 719 causis
1130 654 1198 711 ad
1228 651 1517 708 ecclesiam
1552 649 1715 705 istam
1770 662 1899 717 per-

320 738 624 819 tinentibus
648 800 664 825 ,
711 764 807 811 aut
849 752 921 808 de
958 766 1019 806 re
1058 749 1114 803 in
1149 759 1316 811 auro,
1339 742 1426 797 vel
1447 742 1501 796 in
1533 741 1639 796 alia
1664 738 1905 809 qualibet

320 852 597 911 commodi
628 847 812 921 specie
860 840 1159 915 quidquam
1207 836 1454 905 accipere
1479 877 1493 897 ,
1542 846 1719 902 neque
1745 845 1902 884 eum-

316 949 446 1003 dem
483 944 732 999 abbatem
760 932 1122 993 ordinationis
1162 930 1282 985 sine
1328 941 1492 982 causa
1533 923 1665 979 dare
1691 937 1903 993 praesu-

320 1053 507 1105 mere,
542 1051 611 1089 ne
644 1033 701 1087 in
746 1030 850 1085 hac
895 1024 1189 1082 occasione
1221 1036 1286 1076 ea
1313 1034 1437 1090 qua:
1459 1033 1490 1072 a
1519 1016 1769 1071 ﬁdelibus
1801 1012 1907 1084 piis

321 1325 683 1385 personarum
732 1323 764 1362 a
806 1303 993 1377 pravis
1023 1298 1341 1356 hominibus
1375 1293 1739 1364 exquiruntur
1760 1332 1777 1360 ,
1814 1290 1911 1345 ab-

322 1383 504 1460 batem
553 1398 794 1473 praedicti
831 1392 1155 1452 monasterii
1198 1389 1348 1444 nullo
1377 1386 1542 1441 modo
1581 1383 1909 1455 privandum

320 1493 812 1567 deponcndumque
832 1502 956 1544 esse
969 1497 1279 1545 censemus,
1300 1478 1409 1534 nisi
1428 1477 1733 1548 specialiter
1743 1488 1913 1529 causa

322 1585 569 1643 criminis
590 1582 856 1654 exigente.
885 1576 1041 1633 Unde
1074 1588 1302 1630 necesse
1322 1580 1406 1626 est
1432 1579 1492 1625 ut
1522 1570 1566 1624 si
1588 1583 1697 1639 qua
1721 1574 1911 1621 contra

320 1693 449 1734 eum
504 1673 818 1747 hujusmodi
850 1670 1071 1743 querela
1110 1664 1437 1730 surrexerit,
1475 1677 1585 1717 non
1622 1661 1774 1717 solus
1818 1674 1910 1714 ar-

320 1768 704 1839 chiepiscopus
734 1762 1021 1820 Remensis
1055 1773 1279 1816 causam
1301 1754 1600 1822 examinet,
1632 1752 1727 1808 sed
1753 1749 1910 1805 adhi—
1943 1736 1985 1791 Β

322 1861 453 1918 bitis
505 1859 610 1916 sibi
657 1857 779 1913 aliis
818 1854 1092 1926 episcOpis
1137 1851 1256 1906 suis
1279 1891 1294 1916 ,
1328 1847 1516 1904 subtili
1550 1846 1656 1901 hoc
1683 1842 1908 1899 investi-

322 1952 540 2025 gatione
596 1949 875 2022 perquirat
896 1989 912 2015 ,
974 1953 1246 2017 quatenus
1307 1939 1521 1997 cunctis
1569 1935 1912 1995 concorditer

319 2044 693 2120 judicantibus
718 2084 734 2109 ,
797 2038 1075 2096 canonica:
1124 2032 1484 2091 districtionis
1535 2045 1766 2086 censura
1819 2036 1913 2083 aut

324 2119 480 2195 reum
508 2136 724 2208 punire,
757 2138 852 2189 aut
878 2132 1222 2187 innocentem
1244 2125 1418 2197 possit
1437 2123 1737 2179 absolvere.
1770 2119 1912 2187 Quo-

325 2231 430 2287 ties
471 2238 655 2286 tamen
694 2222 1078 2298 praenominati
1115 2217 1438 2276 monasterii
1491 2215 1661 2271 abbas
1701 2212 1914 2284 episco-

274 2310 283 2317 ”
324 2339 522 2397 porum
543 2318 859 2392 prasjudicio
881 2332 939 2373 se
967 2313 1181 2388 gravari
1203 2309 1532 2384 praeviderit,
1557 2307 1913 2378 apostolicam

326 2416 513 2473 sedem
534 2414 701 2469 libere
726 2410 985 2482 appellet;
1017 2406 1102 2462 vel
1128 2421 1253 2462 cum
1278 2418 1381 2475 pro
1406 2400 1723 2472 hujusmodi
1775 2414 1913 2470 pra:-

323 2507 531 2580 jualicio
555 2548 571 2575 ,
607 2505 693 2561 vel
732 2519 833 2576 pro
877 2500 1108 2557 utilitate
1133 2493 1453 2552 monasterii
1481 2492 1599 2560 sui,
1619 2492 1689 2547 ad
1717 2491 1916 2546 Roma-

328 2615 463 2656 num
510 2597 822 2670 pontiﬁcem
861 2592 1050 2649 venire
1085 2587 1357 2655 voluerit,
1380 2587 1432 2642 ei
1461 2586 1639 2641 modis
1660 2585 1916 2641 omnibus

329 2693 510 2749 liceat.
545 2689 673 2745 Haec
699 2688 865 2759 igitur
883 2684 1071 2741 omnia
1098 2696 1224 2754 quae
1244 2680 1411 2751 hujus
1434 2677 1692 2749 praecepti
1730 2676 1916 2731 decre-

332 2786 483 2855 tique
529 2781 703 2837 nostri
742 2778 938 2851 pagina
965 2775 1208 2833 continet
1226 2815 1242 2841 ,
1272 2782 1384 2828 tam
1413 2770 1490 2826 ibi
1514 2784 1681 2840 quam
1705 2769 1917 2824 cunctis

329 2876 428 2948 qui
456 2876 514 2930 in
539 2889 604 2930 eo
631 2874 753 2929 loco
784 2872 841 2927 in
874 2885 985 2941 quo
1010 2883 1072 2924 es
1095 2910 1111 2937 ,
1138 2865 1330 2926 ordine
1352 2864 1599 2919 locorum
1639 2876 1917 2917 successe-

333 2967 483 3034 rint,
525 2966 612 3022 vel
651 2966 732 3020 eis
772 2977 1010 3036 quorum
1041 2961 1306 3015 interesse
1351 2955 1610 3028 potuerit,
1642 2954 1695 3008 in
1721 2969 1915 3025 perpe-

2003 463 2252 519 tionabili
2291 474 2525 519 censura
2553 468 2873 529 procurare,
2898 460 3171 524 quatenus
3211 463 3277 504 ex
3298 445 3583 516 hocjuges

2001 557 2179 611 eidem
2228 550 2570 625 propitiatori
2611 556 2804 605 nostro
2855 544 3161 602 carminum
3200 540 3584 613 persolvantur

2002 647 2213 715 laudes,
2255 654 2310 702 et
2351 644 2530 711 nobis,
2576 641 2671 713 qui
2709 640 2837 696 licet
2874 635 3133 693 immeriti
3176 634 3359 689 divina
3396 639 3583 686 tamen

2004 740 2177 814 gratia
2205 738 2556 810 proveniente
2584 732 2870 805 apostolici
2903 727 3185 802 regiminis
3212 740 3401 781 curam
3434 721 3581 794 geri-

2005 850 2130 890 mus
2155 875 2170 900 ,
2215 832 2397 903 Opima
2447 830 2504 884 in
2562 825 2793 884 sidereis
2851 823 3073 879 arcibus
3122 814 3581 876 remunerationis

2005 925 2227 997 praemia
2248 923 2635 980 concedantur.
2656 918 2825 991 Igitur
2844 916 2971 987 quia
2991 913 3182 986 religio
3203 920 3317 977 tua,
3336 908 3582 966 dilectis-

2007 1020 2144 1076 sime
2187 1017 2264 1072 flli
2306 1014 2625 1086 Landulphe
2660 1008 2985 1067 venerabilis
3025 1006 3186 1073 abba,
3227 1001 3524 1075 postulavit
3551 1017 3582 1055 a

2008 1111 2188 1178 nobis,
2212 1119 2499 1182 quatenus
2534 1103 2930 1163 monasterium
2955 1100 3141 1156 Sancti
3180 1095 3466 1170 Sylvestri,
3494 1095 3582 1150 cui

2007 1204 2120 1261 Deo
2145 1212 2368 1261 auctore
2397 1216 2632 1274 praeesse
2660 1195 3019 1270 dignosceris,
3040 1192 3353 1264 apostolicae
3395 1197 3586 1245 aucto-

2008 1298 2186 1354 ritatis
2209 1298 2366 1369 juxta
2397 1295 2630 1351 formam
2660 1300 3069 1369 antecessorum
3116 1293 3432 1342 nostrorum
3467 1283 3584 1354 pri-

2009 1366 2593 1466 vilegiovmuniremus,
2616 1388 2781 1459 justa:
2813 1366 3065 1455 petitioni
3102 1389 3210 1435 tua:
3231 1379 3461 1434 libenter
3484 1393 3585 1431 an-

2009 1490 2254 1544 nuimus.
2281 1485 2422 1542 Cum
2456 1483 2601 1541 enim
2625 1482 2681 1537 in
2716 1475 3107 1535 Mediolanensi
3133 1473 3396 1540 Ecclesia,
3428 1478 3587 1525 natu-

2010 1583 2112 1639 rali
2145 1582 2395 1637 videlicet
2439 1563 2614 1634 matre
2633 1582 2844 1640 nostra,
2874 1569 3092 1625 unicam
3120 1574 3175 1623 et
3198 1566 3489 1637 specialem
3514 1563 3585 1619 ab

2013 1678 2133 1748 ipso
2163 1676 2435 1747 primmvae
2471 1671 2646 1729 aetatis
2694 1665 2962 1742 tyrocinio
2996 1661 3319 1719 charitatem
3356 1658 3585 1714 invicem

2012 1769 2433 1835 servaverimus,
2464 1766 2636 1821 multo
2680 1777 2827 1818 nunc
2866 1755 3182 1830 vigilantius
3209 1754 3454 1811 eamdem
3489 1751 3589 1807 tibi

2010 1863 2262 1921 convenit
2291 1877 2393 1917 nos
2420 1859 2744 1917 charitatem
2774 1852 3110 1925 impendere,
3136 1864 3302 1921 quam
3346 1863 3457 1903 non
3493 1860 3588 1903 so-

2011 1959 2125 2013 lum
2170 1956 2226 2011 in
2264 1962 2455 2010 nostra
2485 1953 2580 2008 sed
2605 1951 2770 2007 etiam
2800 1953 3002 2004 sanctae
3043 1942 3307 1999 Romanae
3331 1940 3591 1997 Ecclesia:

2013 2050 2267 2107 ﬁdelitate
2289 2054 2506 2104 constat
2558 2042 2769 2100 ardenti
2796 2037 3069 2097 desiderio
3110 2035 3437 2093 excrevisse.
3481 2032 3591 2088 Nos

2011 2143 2194 2215 itaque
2220 2140 2465 2197 inclinati
2486 2136 2793 2195 devotionis
2814 2144 2919 2189 tuae
2940 2130 3197 2204 precibus
3216 2130 3391 2185 eidem
3424 2143 3592 2183 vene-

2012 2235 2172 2292 rabili
2200 2233 2536 2289 monasterio
2581 2230 2810 2302 ejusque
2854 2225 3146 2281 abbatibus
3190 2223 3286 2295 qui
3324 2236 3426 2294 pro
3450 2228 3593 2275 tem-

2014 2345 2145 2400 pore
2175 2328 2379 2383 fuerint
2398 2325 2721 2382 auctoritate
2740 2318 2885 2377 beati
2907 2316 3164 2388 apostoli,
3188 2316 3277 2373 cui
3304 2331 3335 2370 a
3360 2313 3594 2369 Domino

2014 2421 2126 2478 Deo
2142 2420 2340 2477 tradita
2365 2428 2451 2476 est
2477 2425 2722 2490 potestas
2743 2421 2798 2469 et
2825 2408 3199 2481 interpellandi
3225 2424 3289 2464 ac
3327 2405 3591 2471 solvendi,

2014 2514 2385 2570 ﬁrmissimam
2420 2511 2774 2569 stabilitatem
2817 2511 3021 2561 nostrae
3046 2517 3291 2558 censura:
3332 2498 3595 2571 apostoli-

2016 2624 2097 2664 ca:
2124 2604 2906 2672 conecdimus,confirmantes
2950 2606 3006 2654 et
3054 2594 3461 2668 promulgantes
3503 2606 3596 2646 ve—

2015 2710 2191 2758 strum
2241 2699 2552 2756 venerabile
2609 2692 3009 2753 monasterium
3057 2705 3268 2746 massas
3292 2731 3307 2757 ,
3360 2686 3593 2751 fundos,

2014 2795 2244 2862 casales,
2281 2801 2479 2858 cortes,
2508 2790 2752 2858 castella,
2781 2802 2945 2845 casas
2986 2793 3150 2855 atque
3181 2782 3438 2849 familias,
3477 2795 3595 2835 ser-

2015 2904 2232 2943 vos.....
2266 2888 2347 2942 les
2391 2885 2664 2955 simulque
2705 2880 2933 2952 reliquis
2958 2878 3122 2934 rebus
3143 2884 3198 2932 et
3229 2873 3595 2947 possessioni-

2015 2981 2143 3048 bus,
2174 2979 2446 3050 frugibus,
2469 2974 2947 3039 decimationibus,
2966 2968 3280 3041 aquimolis,
3295 2965 3526 3033 olivetis,
3543 2974 3599 3020 et

332 3055 781 3163 mutil‘sel'Van‘a
806 3048 1565 3163 ξῐῙλξξ-Ῡῗο
1588 3060 1917 3163 τξξῗφζξῗ
1941 3106 1985 3163 C
2018 3073 2281 3146 quidquid
2306 3072 2361 3127 in
2403 3071 2822 3142 quibuscunque
2863 3065 3001 3120 locis
3028 3062 3250 3137 habere,
3289 3060 3376 3115 vel
3412 3067 3601 3115 tenere

331 3151 616 3208 cerdotum
658 3154 754 3204 aut
796 3144 1141 3202 saecularium
1181 3154 1542 3213 personarum
1562 3180 1578 3206 ,
1613 3138 1754 3194 hanc
1784 3152 1917 3193 con-

333 3241 635 3299 stitutionis
679 3245 883 3295 nostra;
922 3234 1181 3308 paginam
1213 3245 1518 3304 agnoscens
1539 3271 1555 3298 ,
1578 3238 1769 3286 contra
1795 3244 1916 3284 eam

331 3336 520 3391 venire
560 3331 849 3390 tentaverit
871 3372 887 3400 ,
940 3327 1231 3401 potestatis
1262 3324 1597 3395 honorisque
1626 3324 1712 3379 sui
1742 3321 1920 3394 digni—

325 3434 700 3493 tate‘careat,
742 3435 1089 3492 reumquese
1127 3434 1161 3474 a
1188 3417 1375 3474 divino
1416 3416 1625 3487 judicio
1687 3414 1920 3470 existere

335 3521 405 3577 de
419 3526 736 3591 perpetrata
766 3515 1053 3586 iniquitate
1073 3518 1376 3582 agnoscat;
1406 3517 1461 3564 et
1486 3508 1592 3563 nisi
1613 3522 1675 3563 ea
1699 3522 1822 3578 quae
1850 3507 1920 3561 ab

336 3612 431 3668 illo
473 3619 604 3668 sunt
648 3608 790 3665 male
835 3607 1016 3663 oblata
1062 3600 1401 3667 restituerit,
1433 3599 1521 3655 vel
1548 3599 1707 3670 digna
1739 3598 1919 3669 βαδιιί-

338 3703 507 3760 tentia
533 3701 717 3758 illicite
747 3705 869 3755 acta
901 3694 1179 3762 deleverit,
1220 3709 1252 3748 a
1296 3691 1667 3747 sacratissimo
1690 3704 1922 3760 corpore

337 3804 392 3851 et
441 3792 709 3865 sanguine
758 3789 855 3846 Dei
902 3787 1123 3844 Domini
1171 3783 1529 3855 redemptoris
1576 3782 1750 3839 nostri
1788 3780 1919 3838 Jesu

336 3886 546 3944 Christi
580 3885 792 3940 alienus
853 3882 967 3949 fiat,
999 3888 1165 3950 atque
1206 3878 1261 3932 in
1299 3884 1503 3932 a3terno
1552 3874 1804 3931 examine
1838 3874 1922 3930 di—
1966 3907 1974 3911 ‹

340 3978 548 4035 strictae
583 3975 781 4032 ultioni
803 3972 1100 4043 subjaceat.
1124 3968 1350 4025 Cunctis
1380 3977 1561 4023 autem
1591 3966 1765 4023 eidem
1800 3965 1921 4021 loco

337 4072 487 4142 justa
512 4068 868 4126 servantibus
895 4065 965 4121 sit
992 4079 1099 4135 pax
1127 4061 1456 4117 Domini.....
1495 4059 1778 4127 Quatenus
1804 4058 1922 4113 fru-

342 4172 496 4219 ctum
519 4163 677 4218 bona:
696 4158 931 4216 actionis
946 4155 1232 4227 recipiant,
1254 4161 1308 4209 et
1328 4153 1471 4222 apud
1497 4151 1804 4209 districtum
1820 4149 1918 4206 Ju-

344 4255 521 4311 dicem
546 4253 770 4325 praemia
788 4260 1007 4309 aeternae
1034 4248 1186 4319 pacis
1209 4245 1512 4301 inveniant.

416 4346 695 4417 Scriptum
732 4360 829 4417 per
849 4357 1047 4399 manus
1075 4336 1395 4405 Octaviani,
1433 4334 1706 4391 scriniarii
1743 4342 1798 4389 et
1823 4349 1919 4389 no-
1954 4402 1957 4409 λ

347 4439 474 4497 tarii
503 4438 647 4499 sacri
682 4437 887 4510 palatii.
1952 4428 2000 4517 ’D

1068 4546 1199 4604 LIII.

350 4646 642 4703 Alexandri
700 4642 763 4698 II
795 4660 954 4770 Eafa:
991 4639 1325 4725 privilegium
1365 4654 1460 4719 pro
1503 4636 1823 4690 monasterio
1864 4632 1924 4689 S.

836 4732 867 4770 υ
891 4722 1047 4769 vestrt
1087 4707 1479 4765 Nonantulam.

836 4707 1048 4786 ylvest'ri
1087 4707 1479 4765 Naitantulani.

935 4804 1123 4879 (Anno
1146 4800 1329 4871 1067.)

353 4900 720 4974 [Τιιιηοβριιῃ
735 4894 918 4974 Storia
938 4891 1082 4974 delle
1100 4900 1329 4974 augusta
1348 4887 1509 4970 {mdia
1592 4884 1924 4974 Ξοηαηςοξα,

423 4954 571 5029 ton—1.-
582 4954 649 5035 ll,
673 4954 729 5039 p'.
755 4966 879 5033 196,
902 4980 968 5021 ex
990 4954 1405 5043 autographolin
1428 4958 1580 5012 arch.
1597 4954 1858 5027 Nonant.]

420 5068 751 5121 Acarnana
770 5060 1084 5130 episcopus,
1113 5069 1305 5111 servus
1334 5066 1618 5108 servorum
1640 5050 1756 5117 Dei,
1789 5049 1929 5104 LAN-

349 5175 544 5225 nunro,
572 5152 868 5210 venerabili
889 5146 1071 5209 abbati
1111 5142 1434 5203 monasterii
1458 5141 1644 5198 Sancti
1670 5140 1930 5216 Sylvestri

346 5253 493 5326 apud
521 5245 889 5304 Nonantulam
914 5239 1220 5306 constituti,
1240 5236 1467 5304 suisque
1499 5233 1928 5298 successoribus,

930 5326 1332 5358 ..κωκυ-...ιιιὲΛηῖ
1378 5325 1484 5358 clih
1511 5326 1699 5358 nnr‘AIn
1724 5336 1929 5358 mt'nrnn

610 5352 679 5358 --_.
689 5350 821 5358 -..Α..-
836 5353 871 5358 Α-

2020 3169 2255 3231 videtur,
2304 3173 2359 3222 et
2386 3181 2453 3221 ex
2496 3165 2603 3219 hoc
2640 3176 2787 3218 nunc
2826 3155 3152 3231 legaliterei
3191 3154 3457 3210 donatum
3485 3152 3601 3207 sive

2007 3260 2206 3315 datum
2256 3258 2438 3324 fuerit,
2497 3264 2592 3311 aut
2640 3253 2888 3326 quolibet
2941 3249 3106 3305 modo
3133 3247 3283 3318 justo
3314 3245 3597 3313 evenerit,

2018 3361 2204 3409 tenere
2246 3360 2300 3408 et
2322 3348 2601 3422 possidere
2640 3347 2761 3403 sine
2789 3341 3034 3416 qualibet
3067 3339 3444 3395 controversia
3471 3352 3600 3407 per-

2020 3445 2199 3518 petuis
2248 3442 2585 3513 temporibus
2624 3439 2835 3506 valeat;
2883 3443 2939 3491 et
2985 3432 3119 3488 nulli
3151 3447 3393 3502 unquam
3441 3430 3603 3489 liceat

2020 3554 2232 3610 regum,
2250 3536 2654 3607 cpiscopOrum,
2671 3532 2872 3588 ducum
2887 3527 2971 3583 vel
2988 3526 3220 3581 aliorum
3240 3537 3451 3595 magna;
3471 3538 3600 3593 par-

2019 3647 2208 3702 vaeque
2233 3642 2499 3701 personae,
2536 3626 2589 3681 in
2634 3623 2894 3696 praedicto
2923 3616 3219 3675 venerabili
3268 3615 3602 3671 monasterio

2020 3727 2103 3782 vel
2127 3727 2181 3782 in
2208 3726 2318 3791 eis,
2348 3738 2471 3799 quae
2494 3722 2670 3777 eidem
2696 3716 3031 3777 monasterio
3058 3713 3330 3785 pertinere
3360 3719 3601 3765 noscun-

2020 3829 2131 3888 tur,
2169 3832 2498 3890 quocunque
2539 3814 2701 3870 modo
2746 3811 3084 3875 incumbere,
3129 3806 3215 3862 vel
3264 3804 3605 3860 invasionem

2022 3916 2318 3972 faccre.....
2367 3909 2639 3986 quispiam
2679 3898 3027 3963 sacerdotum
3071 3900 3272 3956 ibidem
3307 3905 3607 3970 praesumat

2021 4011 2316 4067 missarum
2368 4003 2634 4062 solemnia
2663 4001 2961 4064 celebrare,
3017 3994 3125 4050 nisi
3170 3993 3240 4049 ab
3281 3991 3476 4048 abbate
3519 3992 3607 4046 vel

2021 4100 2443 4175 congregatione
2490 4095 2597 4152 loci
2642 4093 2808 4149 fuerit
2854 4090 3137 4153 invitatus,
3185 4097 3240 4141 et
3283 4099 3460 4155 neque
3486 4084 3604 4155 epi-

2021 4211 2242 4267 sc0pus,
2271 4208 2448 4263 neque
2467 4189 2636 4245 abbas
2658 4186 2879 4257 aliquis,
2913 4196 3118 4247 comes,
3150 4194 3247 4235 seu
3275 4177 3602 4241 vicecomes,

2022 4289 2106 4342 vel
2140 4286 2393 4358 quaelibet
2424 4297 2623 4354 magna
2669 4292 2946 4350 parvaque
2986 4288 3218 4346 persona
3264 4271 3329 4325 in
3378 4268 3605 4340 praefato

2023 4378 2355 4436 monasterio
2383 4376 2467 4431 vel
2496 4375 2551 4429 in
2585 4374 2704 4445 ejus
2747 4370 2918 4435 cellis,
2956 4368 3039 4423 vel
3082 4364 3332 4421 ecclesiis
3359 4363 3605 4418 mansio-

2028 4490 2125 4529 nes
2173 4471 2352 4527 facere
2384 4470 2469 4525 vel
2513 4480 2786 4538 expensas
2833 4470 3078 4534 repetere
3125 4466 3221 4515 aut
3264 4457 3470 4530 aliquid
3512 4473 3609 4528 per

2029 4570 2351 4636 potestatem
2374 4560 2652 4616 servitium
2668 4563 2864 4629 praeter
2880 4552 3150 4626 peregrini
3163 4560 3217 4606 et
3232 4550 3457 4621 legitimi
3475 4550 3608 4607 bos-

2029 4658 2189 4729 pites,
2220 4662 2274 4708 et
2315 4666 2493 4723 neque
2526 4647 2863 4721 colloquium
2890 4645 3269 4717 qualecunque
3311 4651 3406 4697 aut
3437 4644 3610 4712 placi-

2030 4761 2149 4804 tum
2192 4747 2246 4802 in
2291 4745 2412 4816 ipso
2446 4741 2804 4807 monasterio,
2833 4746 2928 4795 aut
2951 4738 3007 4792 in
3045 4737 3165 4808 ejus
3204 4734 3618 4805 pramominatis

2031 4840 2182 4896 cellis
2206 4846 2406 4892 tenere
2432 4834 2560 4906 quis
2611 4834 2811 4892 audeat
2844 4830 2952 4886 nisi
2991 4829 3187 4884 abbate
3220 4824 3385 4880 fuerit
3418 4825 3622 4890 invita-

2032 4942 2142 4999 tus.
2174 4930 2458 4998 Quatenus
2486 4927 2595 4986 hoc
2621 4925 2767 5000 quod
2797 4924 2866 4980 ad
2900 4921 3118 4976 laudem
3158 4916 3256 4972 Dei
3281 4924 3336 4992 et
3359 4915 3632 4978 stabilita-

2034 5034 2142 5080 tem
2170 5020 2416 5096 praedicti
2450 5016 2777 5078 monasterii
2805 5011 3104 5071 statuimus
3144 5008 3301 5064 firma
3327 5007 3653 5071 stabilitate

2033 5123 2368 5187 permaneat.
2419 5109 2812 5171 lnterdicentes
2857 5103 3092 5161 omnino
3147 5097 3405 5168 episcopo
3468 5098 3652 5174 Μιηί..

2036 5212 2216 5277 nensi,
2268 5208 2324 5263 in
2369 5202 2535 5275 cujus
2568 5199 2839 5281 parochia
2882 5209 3012 5251 esse
3057 5193 3274 5255 videtur
3314 5189 3660 5264 praedictum

2036 5299 2437 5358 monasterium
2468 5299 2852 5356 constitutum,
2894 5292 2955 5341 ut
3000 5286 3144 5344 nihil
3162 5285 3351 5337 contra
3389 5285 3666 5349 tenorem
