4050 5358
496 302 635 359 1355

1768 298 2165 355 ΑΜΖΧΛΝΙΠΠ
2181 292 2247 354 ’11
2284 300 2487 356 ΡΑΡᾸΞ

3621 300 3761 359 1556

495 416 760 474 solemnia
802 414 1002 471 ibidem
1032 413 1344 485 persolvere
1384 421 1720 483 praesumant
1759 414 1865 468 nisi
1894 414 1963 468 ab
1982 414 2075 468 ab-
2100 418 2147 474 Α
2242 412 2444 469 Notum
2466 413 2537 470 sit
2556 413 2815 470 omnibus
2850 420 3053 471 sancta
3074 412 3332 471 Ecclesia
3351 414 3478 472 ﬁliis
3495 414 3759 486 quoniam

492 511 619 565 bate
645 507 1001 578 suprascripti
1027 506 1343 563 monasterii
1374 503 1538 561 fuerit
1570 505 1857 571 invitatus,
1899 522 2076 576 neque

495 600 897 655 ordinationem
920 598 1287 664 sacerdotum,
1314 597 1593 664 abbatum,
1616 597 1998 669 episcoporum
2020 597 2075 653 in

494 690 723 764 praefato
763 690 1099 748 monasterio
1129 690 1213 746 vel
1238 689 1359 760 ejus
1381 689 1509 760 jure
1537 690 1694 760 quod
1730 706 1878 746 nunc
1913 690 2077 747 habet

494 793 591 842 aut
625 799 729 841 suo
769 784 917 840 clero
958 797 1118 856 agere
1160 782 1378 850 audeat,
1407 781 1538 848 nisi,
1575 791 1636 839 ut
1663 783 1946 853 pralatum
1970 790 2075 849 est,

494 878 566 935 ub
588 878 784 935 abbate
809 876 972 932 fuerit
990 885 1271 932 evocatus.
1303 873 1559 931 Chrisma
1603 875 1771 946 igitur
1794 875 1889 951 vel
1916 876 2077 946 quid-

495 969 627 1041 quid
657 969 725 1024 ad
741 985 898 1026 sacra
920 969 1178 1042 mysteria
1198 968 1451 1039 pertinet,
1476 967 1523 1023 si
1547 983 1579 1023 a
1601 977 1755 1038 parte
1778 977 2071 1024 vestra.....

495 1079 526 1117 a
576 1061 995 1133 quibuscunque
1048 1060 1346 1131 providerit
1408 1060 1734 1131 prasulibus
1754 1104 1769 1129 ,
1823 1064 2076 1120 concedi-

494 1168 737 1209 mus.....
779 1151 885 1208 Sed
914 1167 1093 1223 neque
1122 1152 1364 1209 decimas
1390 1168 1626 1224 usquam
1663 1153 1796 1210 dare
1821 1156 2076 1213 concedi-

492 1261 621 1301 mus
646 1245 754 1301 nisi
784 1244 1031 1302 ecclesiis
1062 1244 1361 1317 supradicti
1390 1245 1719 1303 venerabilis
1754 1250 2075 1307 monasterii

493 1339 2071 1396 adnostram..............

495 1430 606 1487 Sed
629 1438 682 1485 et
710 1431 820 1487 hoc
844 1430 1136 1488 statuimus
1156 1439 1210 1486 et
1230 1430 1527 1486 inviolabili
1549 1432 1831 1488 sanctione
1850 1431 1917 1488 de
1940 1448 2070 1503 apo-

493 1523 688 1580 stolica
734 1524 1059 1581 auctoritate
1100 1523 1408 1592 ﬁrmamus,
1440 1533 1500 1579 ut
1543 1524 1728 1581 nullus
1778 1524 2073 1596 aliquando

493 1616 551 1672 in
606 1616 868 1686 pradicto
895 1615 1230 1677 monasterio
1285 1616 1353 1671 de
1404 1616 1528 1672 aliis
1573 1617 1923 1673 monasteriis
1976 1633 2073 1674 seu

493 1707 917 1780 quibuscunque
937 1707 1187 1765 ecclesiis
1216 1706 1272 1762 in
1305 1707 1527 1778 quibus.
1590 1749 1604 1762 .
1685 1748 1700 1763 .
1780 1750 1794 1764 .
1874 1749 1891 1764 .
1964 1750 1978 1764 .
2054 1751 2069 1765 .

2177 504 2231 559 in
2261 505 2490 578 synodo,
2513 521 2636 577 qua
2656 514 2812 573 sexto
2841 506 3190 577 pontiﬁcatus
3215 507 3391 567 nostri
3434 522 3581 564 anno
3616 508 3761 578 apud

2176 595 2434 668 Melphim
2468 597 2526 653 in
2546 598 2777 654 ecclesia
2801 597 2863 653 B.
2892 597 3039 655 Petri
3068 600 3445 671 apostolorum
3473 600 3759 671 principis,

2176 704 2298 760 qua
2321 697 2404 745 est
2429 690 2675 760 ejusdem
2706 690 2946 748 civitatis
2974 692 3133 749 sedes
3164 692 3533 762 episcopatus,
3566 693 3760 763 prasi—

2175 781 2436 838 dentibus
2460 782 2639 851 nobis,
2673 791 2728 838 et
2756 782 2880 839 aliis
2900 784 3240 856 coepiscopis
3263 795 3320 842 et
3334 787 3648 854 abbatibus,
3674 788 3763 844 die

2176 871 2541 929 Kalendarum
2587 874 2957 945 Augustarum
3006 877 3274 933 celebrata
3309 887 3427 946 est,
3485 878 3765 935 confrater

2175 976 2364 1022 noster
2391 966 2706 1038 Alphonsus
2754 966 2812 1023 8.
2868 967 3223 1026 Salernitana
3279 969 3537 1028 Ecclesia
3580 972 3763 1028 archi-

2174 1058 2466 1129 episcopus
2490 1059 2557 1115 de
2576 1060 2980 1117 hareditatibus
3002 1061 3176 1118 eidem
3196 1062 3454 1120 Ecclesia
3480 1065 3761 1135 pertinen-

2174 1150 2341 1217 tibus,
2369 1166 2509 1221 quas
2538 1150 2861 1209 Guillelmus
2886 1154 3034 1210 ﬁlius
3055 1153 3349 1212 Tancreda
3365 1165 3425 1212 et
3444 1157 3648 1214 milites
3671 1160 3763 1214 sui

2174 1242 2491 1299 invaserant
2519 1285 2536 1312 ,
2574 1244 2978 1315 querimoniam
3016 1244 3164 1301 fecit.
3191 1245 3345 1304 Unde
3378 1264 3506 1304 eum
3537 1265 3571 1305 a
3605 1251 3763 1305 nobis
3842 1311 3857 1316 _

2175 1335 2278 1390 hac
2304 1335 2372 1391 de
2398 1336 2611 1391 ratione
2637 1336 3006 1404 vocatum,‘ut
3040 1352 3165 1408 qua
3195 1339 3461 1397 violenter
3486 1341 3765 1397 invaserat

2168 1429 2317 1501 juste
2369 1429 2544 1485 eidem
2607 1426 2865 1485 Ecclesia
2910 1428 3177 1497 redderet,
3226 1442 3447 1502 paterna
3497 1433 3766 1490 charitate

2174 1519 2492 1576 monuimus
2516 1538 2531 1588 ;
2571 1520 2667 1576 sed
2695 1520 2825 1591 quia
2871 1520 2927 1576 in
2956 1522 3299 1579 contumacia
3328 1540 3429 1579 sua
3458 1526 3765 1595 perdurans

2172 1612 2394 1668 obedire
2444 1612 2604 1670 nobis
2649 1622 2704 1668 et
2736 1621 2889 1669 tanto
2935 1614 3229 1670 conventui
3279 1616 3456 1672 noluit
3486 1660 3503 1685 ,
3553 1620 3765 1689 judicio

2176 1704 2347 1761 totius
2383 1705 2527 1761 sacri
2556 1705 2775 1761 concilii
2796 1721 2923 1761 eum
2952 1715 3010 1761 et
3044 1705 3289 1764 fautores
3333 1724 3467 1765 suos
3494 1726 3527 1764 a
3554 1710 3764 1765 limini-

501 1842 516 1856 .
591 1841 605 1855 .
684 1840 699 1855 .
771 1841 787 1856 .
862 1839 881 1856 .
955 1840 970 1856 .
1047 1840 1062 1855 .
1142 1840 1157 1855 .
1232 1798 1524 1856 defunctus
1549 1799 1735 1868 fuerit,
1765 1801 1832 1857 de
1855 1803 2075 1873 propria
2110 1780 2153 1835 Β
2178 1796 2283 1852 bus
2301 1805 2506 1853 sancta
2523 1795 2779 1853 Ecclesia
2798 1799 3286 1869 sequestravimus,
3325 1810 3381 1856 et
3399 1803 3766 1859 anathematis

495 1907 711 1965 semper
737 1892 1158 1964 congregatione
1178 1892 1413 1964 eligatur
1445 1892 1634 1960 abbas,
1662 1892 1709 1948 si
1739 1893 1814 1948 ibi
1850 1893 2077 1952 idoneus

494 1985 749 2041 inventus
778 1983 968 2051 fuerit;
994 1984 1094 2055 qui
1127 1984 1198 2040 ab
1233 1984 1485 2040 omnium
1521 1985 1917 2041 monachorum
1944 2001 2077 2042 con-

494 2092 662 2135 sensu
684 2076 759 2137 ibi
777 2077 1141 2133 constituatur
1163 2076 1232 2132 ad
1251 2087 1603 2149 augmentum
1627 2088 1700 2134 et.
1780 2119 1793 2132 .
1867 2118 1882 2132 .
1963 2118 1979 2132 .
2057 2119 2072 2133 .

1713 2169 2076 2227 nihilominus

493 2261 963 2319 omnibus..‘.......
1005 2259 1384 2317 interdictione
1430 2260 1784 2331 prohibemus
1834 2262 2077 2333 aliquam

498 2354 826 2426 scripturam
855 2354 939 2409 vel
959 2352 1431 2409 conﬁrmationem
1452 2352 1518 2407 de
1539 2353 1781 2424 pradicti
1804 2363 2080 2410 monaste-

495 2444 567 2501 rii
586 2445 751 2502 rebus
770 2445 855 2500 vel
886 2444 954 2501 de
988 2445 1382 2516 pranominata
1417 2444 1634 2500 abbatia
1662 2461 1885 2518 quoquo
1927 2447 2079 2519 inge-

496 2539 589 2593 nio
617 2546 809 2594 contra
852 2537 957 2595 hoc
983 2546 1232 2594 nostrum
1272 2546 1601 2608 praceptum
1640 2547 1842 2609 petere,
1884 2539 1932 2594 si
1956 2555 2079 2610 qua

493 2630 664 2701 igitur
698 2629 971 2701 scriptura
1004 2631 1089 2685 vel
1113 2630 1303 2703 petitio
1346 2630 1636 2701 impetrata
1673 2630 1836 2687 fuerit
1882 2640 1976 2687 aut
2020 2632 2077 2687 in

495 2722 711 2794 reliquo
739 2723 1075 2797 apparuerit,
1099 2723 1201 2779 has
1222 2723 1405 2779 irritas
1433 2738 1556 2781 esse
1582 2740 1893 2797 vacuasque
1927 2726 2078 2780 omni

496 2814 697 2869 robore
712 2813 990 2885 jubemus.
1025 2813 1244 2886 Siquis
1263 2824 1541 2885 praeterea,
1591 2816 1736 2886 quod
1760 2832 1869 2871 non
1905 2818 2080 2873 credi-

498 2920 646 2973 mus,
668 2906 1083 2977 praesumpserit
1123 2907 1227 2962 hoc
1267 2907 1441 2962 nostri
1487 2908 1774 2979 apostolici
1815 2909 2081 2983 privilegii

493 3004 702 3060 statum
748 2998 805 3056 in
849 2997 1034 3072 aliquo
1066 2998 1370 3070 transgredi
1404 3009 1499 3053 aut
1528 3008 1895 3068 contemnere,
1944 3002 2081 3058 sciat

496 3112 558 3152 se
579 3095 903 3151 auctoritate
939 3093 1222 3149 beatorum
1252 3089 1398 3147 Petri
1440 3099 1497 3148 et
1527 3090 1682 3149 Pauli
1706 3093 2079 3164 apostolorum

2178 1888 2419 1956 vinculo,
2464 1904 2757 1961 quousque
2800 1890 3167 1961 resipisceret,
3209 1892 3599 1950 innodavimus
3628 1914 3643 1949 :
3670 1896 3764 1950 sed

2177 1990 2366 2052 postea
2396 1981 2696 2052 inspirante
2720 1981 2825 2039 sibi
2851 1982 2964 2050 illo,
3009 1982 3105 2054 qui
3141 1984 3415 2041 neminem
3441 1986 3560 2042 vult
3585 1986 3768 2056 perire

2179 2071 2350 2143 (Patr.
2382 2089 2465 2139 ιιι,
2493 2073 2571 2145 9),
2604 2074 2672 2129 ad
2697 2073 3072 2144 panitentiam
3108 2083 3164 2132 et
3191 2076 3260 2132 ad
3300 2078 3765 2148 emendationem,

2177 2180 2304 2221 cum
2337 2164 2550 2220 Salerni
2573 2179 2843 2233 essemus,
2867 2175 2993 2222 ante
3016 2175 3257 2223 nostram
3269 2171 3617 2239 prasentiam
3635 2187 3765 2226 cum

2179 2257 2441 2313 militibus
2468 2258 2585 2314 suis
2614 2258 2893 2314 humiliter
2914 2260 3081 2316 venit.
3108 2258 3450 2332 Quapropter
3475 2263 3768 2334 episcopo-

2180 2365 2324 2417 rum,
2346 2357 2401 2405 et
2436 2349 2727 2419 abbatum},
2756 2360 2812 2407 et
2861 2352 3094 2407 aliorum
3142 2352 3386 2408 ﬁdelium
3430 2364 3767 2426 congregato

2180 2449 2472 2509 conventu,
2502 2442 2643 2498 inter
2660 2458 2802 2513 quos
2822 2442 3043 2501 fuerunt
3072 2442 3311 2502 Joannes
3333 2445 3767 2503 Tusculanensis

2180 2533 2469 2605 episcopus
2499 2535 2813 2603 cardinalis,
2838 2543 2895 2591 et
2921 2534 3276 2594 lldebrandus
3304 2536 3362 2592 8.
3387 2537 3454 2593 R.
3486 2537 3548 2593 E.
3581 2538 3766 2595 archi-

2180 2626 2463 2695 diaconus,
2484 2634 2540 2682 et
2574 2626 2899 2684 Ambrosius
2941 2626 3350 2686 Terracinensis
3371 2630 3687 2701 episcopus,
3711 2640 3767 2686 et

2182 2717 2479 2777 Balduinus
2504 2718 2730 2790 Melpbis
2749 2719 3058 2791 episcopus,
3084 2728 3138 2775 et
3162 2719 3471 2791 Stephanus
3491 2720 3766 2793 Trojanus

2180 2811 2490 2883 episcopus,
2538 2820 2595 2867 et
2635 2810 2961 2883 Ingilbertus
3006 2811 3300 2869 Tuscensis
3343 2814 3670 2885 episcopus,
3710 2824 3764 2870 et

2182 2903 2426 2961 Gisulfus
2475 2905 2851 2961 Salernitanus
2900 2905 3154 2975 princeps
3185 2922 3310 2961 cum
3345 2904 3610 2964 fratribus
3647 2909 3766 2965 suis

2181 2996 2429 3053 Guidoue
2452 3006 2506 3053 et
2538 2996 2767 3064 Joanne,
2794 2996 3067 3053 Robertus
3086 2998 3216 3065 dux,
3264 3006 3320 3054 et
3356 2997 3627 3070 Rogerius
3669 3015 3766 3055 co-

2182 3106 2298 3146 mes
2326 3089 2495 3148 frater
2518 3090 2659 3161 ejus,
2688 3097 2744 3145 et
2791 3089 2883 3148 alii
2929 3091 3114 3161 plures
3158 3088 3505 3161 Longo‘sardi
3529 3099 3584 3147 et
3612 3090 3768 3147 Nort-

499 3189 833 3263 principum.
915 3228 928 3241 .
1019 3227 1033 3242 .
1125 3228 1138 3242 .
1217 3228 1230 3241 .
1310 3228 1323 3243 .
1398 3227 1414 3244 .
1497 3226 1512 3241 .
1592 3226 1605 3241 .
1873 3227 1885 3240 .
1964 3228 1978 3242 .
2060 3229 2073 3243 .
2105 3158 2146 3216 C
2180 3184 2388 3248 manui,
2439 3158 2583 3238 idem
2628 3158 2971 3249 Guillelmus,
3014 3190 3069 3236 et
3110 3158 3441 3239 Girmondus
3483 3184 3633 3240 ﬁlius
3667 3184 3766 3241 Gi-

506 3322 521 3339 Q
603 3323 616 3336 ο
707 3322 720 3336 ο
800 3322 814 3336 Ο
904 3322 919 3335 ⁸
1003 3321 1017 3336 ο
1109 3322 1123 3336 ο
1213 3321 1227 3334 Ι
1309 3321 1322 3334 I
1405 3320 1420 3334 ο
1495 3320 1509 3334 ο
1589 3320 1602 3332 ο
1684 3321 1698 3334 ο
1778 3320 1791 3335 Ο
1874 3320 1888 3334 Ι
1966 3321 1979 3335 ο
2060 3322 2073 3335 ο

784 3415 799 3429 .
872 3382 1038 3446 atque
1065 3372 1206 3431 Juda
1229 3373 1492 3431 traditore
1515 3371 1733 3428 Domini
1755 3373 1928 3428 nostri
1948 3371 2077 3430 Jesu

499 3467 709 3525 Christi
728 3467 915 3524 aterni
935 3466 1171 3525 incendii
1194 3466 1473 3537 suppliciis
1500 3466 1812 3537 deputatus,
1844 3481 1877 3521 a
1909 3482 2079 3538 regno

499 3561 598 3617 Dei
640 3561 855 3633 penitus
897 3568 1232 3633 segregatus.
1311 3598 1325 3612 .
1404 3598 1418 3612 .
1495 3599 1509 3612 .
1594 3598 1607 3611 .
1686 3597 1700 3612 .
1781 3576 1809 3613 .’
1875 3600 1887 3613 .
1968 3600 1982 3614 .
2061 3600 2074 3614 .

498 3656 568 3710 ad
611 3655 830 3727 dignam
872 3651 1320 3708 satisfactionem.
1403 3692 1418 3707 .
1498 3690 1510 3703 .
1590 3690 1606 3705 .
1685 3691 1698 3704 .
1776 3691 1790 3705 .
1871 3691 1885 3704 .
1967 3692 1981 3705 .
2060 3691 2074 3707 .

505 3752 2074 3802 ......servatuset........

503 3882 516 3895 .
599 3880 614 3895 .
687 3879 702 3895 .
783 3879 796 3893 .
871 3835 1386 3892 misericordissima
1418 3833 1655 3890 Domino
1690 3843 1879 3891 nostro
1910 3834 2079 3890 benc-

500 3930 761 3987 dictionis
804 3930 1035 4001 gratiam
1062 3937 1117 3984 et
1137 3928 1303 3982 vitam
1345 3934 1663 3999 perpetuam
1692 3936 2076 3998 consequatur.

574 4022 772 4077 Datum
796 4020 958 4075 Luca
981 4037 1056 4075 vn
1079 4018 1205 4075 ldus
1229 4017 1379 4085 Julii,
1412 4034 1508 4089 per
1537 4033 1736 4073 manus
1775 4017 1921 4073 Petri
1962 4035 2082 4075 san-

500 4125 601 4171 cta
630 4113 895 4171 Romana
938 4112 1192 4171 Ecclesia
1221 4110 1541 4169 subdiaconi
1573 4126 1638 4175 ae
1664 4110 2080 4177 bibliothecarii,

502 4224 647 4264 anno
677 4224 751 4263 vn
777 4206 1129 4279 pontiﬁcatus
1144 4204 1329 4260 domui
1350 4201 1641 4259 Alexandri
1662 4219 1815 4275 papa
1836 4204 2081 4271 secundi,

2181 3274 2393 3341 mundi,
2418 3274 2514 3346 qui
2536 3275 2738 3330 dicitur
2763 3274 2832 3329 de
2856 3272 3019 3330 Mulsi
3048 3274 3223 3342 miles,
3245 3274 3366 3345 ejus
3388 3276 3771 3333 hareditarius

2183 3366 2241 3423 S.
2269 3367 2625 3423 Salernitana
2656 3365 2912 3423 Ecclesia
2939 3367 3263 3421 nominatim
3285 3376 3496 3423 curtem
3527 3367 3587 3423 8.
3619 3368 3771 3425 Petri

2180 3458 2404 3528 Dataro,
2428 3468 2484 3515 et
2508 3467 2720 3515 curtem
2769 3457 2828 3513 S.
2881 3456 2988 3513 Viti
3020 3458 3088 3514 de
3116 3457 3276 3526 Siler,
3313 3475 3440 3531 qua
3459 3468 3592 3516 sunt
3609 3461 3771 3532 juxta

2179 3552 2431 3609 eumdem
2458 3551 2707 3618 ﬂuvium,
2742 3559 2797 3606 et
2824 3551 3113 3607 ecclesiam
3143 3550 3201 3606 S.
3232 3550 3512 3609 Michaelis
3534 3554 3774 3610 archan-

2180 3645 2304 3716 geli,
2332 3659 2453 3715 qua
2485 3640 2590 3700 sita
2609 3650 2697 3701 est
2730 3644 2787 3699 in
2817 3651 3005 3716 crypta
3045 3644 3270 3711 montis,
3304 3645 3399 3715 qui
3427 3646 3632 3701 dicitur
3654 3647 3773 3700 Au-

2180 3754 2321 3805 reus,
2353 3752 2480 3793 cum
2507 3736 2766 3792 omnibus
2811 3735 3127 3791 hominibus
3155 3743 3210 3791 et
3237 3736 3584 3807 pertinentiis
3632 3739 3771 3805 suis,

2180 3839 2238 3888 et
2267 3845 2355 3886 res
2383 3830 2451 3885 de
2471 3829 2592 3885 lacu
2620 3828 2829 3899 majore
2855 3837 2984 3884 eum
3009 3836 3124 3883 toto
3152 3828 3273 3898 ipso
3297 3828 3440 3897 lacu,
3476 3838 3533 3885 et
3566 3844 3658 3885 res
3706 3831 3776 3885 de

2181 3923 2476 3989 Tusciano,
2505 3922 2651 3978 etde
2677 3920 2867 3987 Lama,
2889 3928 2944 3975 et
2969 3921 3038 3976 de
3082 3919 3354 3988 Rivoalto,
3390 3922 3532 3977 etde
3561 3923 3694 3988 Asa,
3716 3931 3775 3977 et

2181 4016 2250 4073 de
2275 4015 2592 4081 Pecentino,
2619 4021 2674 4069 et
2691 4011 2903 4080 Jufuni,
2923 4020 2978 4068 et
3003 4013 3368 4080 Salsanicum,
3391 4022 3448 4068 et
3471 4013 3698 4081 Forino,
3720 4023 3779 4070 ct

2181 4107 2541 4179 Anguillario,
2574 4114 2629 4162 et
2652 4104 2839 4172 Prato,
2869 4113 2925 4161 et
2972 4120 3164 4161 omnes
3191 4105 3329 4161 alias
3358 4121 3449 4161 res
3476 4106 3583 4176 ipsi
3610 4107 3775 4162 matri

2182 4201 2448 4267 ecclesia,
2481 4207 2538 4255 et
2562 4198 2773 4255 cateris
2799 4196 3062 4254 Eeclesiis
3101 4196 3465 4255 Salernitanis
3488 4199 3775 4269 pertinen-

501 4302 759 4357 videlicet
820 4315 968 4357 anno
1011 4297 1310 4356 Dominica
1354 4295 1752 4351 lncarnationis
1795 4295 2085 4353 millesimo
2186 4302 2267 4348 tes
2292 4293 2395 4348 sub
2421 4292 2642 4347 nomine
2676 4290 2824 4357 ﬁdei,
2864 4305 3032 4361 quam
3059 4289 3171 4345 Deo
3202 4299 3258 4345 et
3285 4288 3344 4344 8.
3386 4287 3552 4345 Petro
3606 4290 3776 4345 debe-

503 4395 844 4467 scxagesimo
866 4392 1119 4465 septimo,
1147 4391 1445 4448 indictione
1475 4388 1665 4460 quinta
1690 4388 1790 4461 (Ξ).

1010 4501 1256 4541 διοιιιυιι
1295 4498 1556 4539 Λινυιδωι.

1221 4592 1379 4649 LlV.‘

504 4689 810 4749 Alexander
840 4689 903 4747 II
937 4689 1191 4747 Ecclesia
1222 4686 1581 4742 Salernitana:
1617 4684 1774 4750 bona,
1794 4700 1829 4736 a
1856 4682 2085 4738 Guillel-

578 4777 661 4815 mo
689 4759 803 4828 [ilio
845 4760 1124 4825 Tancredi,
1176 4761 1231 4813 in
1280 4778 1298 4810 ι
1333 4759 1788 4828 episcoporum,et
1814 4754 2085 4828 abbatum,

575 4839 627 4885 ct
648 4825 877 4886 aliorum
896 4829 1135 4901 ﬁdelium
1158 4825 1409 4883 conventu
1444 4847 1461 4879 ι
1498 4825 2082 4894 restituta,conﬁrmat.

1103 4926 1283 5000 (Anno
1315 4922 1498 4993 1089.)

894 5018 1092 5095 [Musr
1122 5017 1325 5077 Concil.
1351 5016 1495 5085 XIX,
1520 5014 1703 5088 1063.]

579 5114 904 5169 ALEXANDER
927 5114 1238 5185 episcopus,
1271 5125 1462 5168 servus
1483 5122 1765 5165 servorum
1788 5105 1903 5163 Dei.

576 5227 653 5299 (2)
686 5226 744 5301 Si
769 5230 1038 5301 aggiugne
1076 5229 1129 5283 al
1164 5228 1323 5301 solito
1348 5242 1416 5297 ap

2187 4386 2340 4453 bant,
2370 4385 2427 4439 in
2449 4398 2617 4441 manu
2642 4391 2823 4440 vestra
2848 4380 3228 4438 refutaverunt
3246 4390 3411 4453 atque
3426 4382 3773 4437 dimiserunt.

2119 4509 2164 4565 Β
2188 4486 2242 4533 et
2268 4493 2327 4534 se
2373 4478 2836 4533 conﬁrmaverunt
2880 4490 3002 4530 esse
3033 4475 3138 4530 sub
3188 4474 3557 4541 anathemate,
3594 4474 3642 4530 si
3683 4489 3778 4529 eas

2189 4570 2422 4641 amplius
2451 4575 2843 4642 praesumerent
2883 4567 3156 4623 invadere.
3211 4564 3342 4621 Inde
3376 4582 3478 4622 nos
3519 4566 3777 4621 omnibus

2190 4663 2519 4734 supradictis
2565 4676 2754 4720 coram
2787 4659 3096 4715 astantibus
3118 4658 3503 4730 episcoporum
3543 4658 3774 4728 judicio,

2189 4767 2244 4814 et
2281 4755 2591 4815 laudatione
2637 4753 3143 4824 Longobardorum,
3190 4759 3248 4806 et
3285 4749 3773 4813 Nortmannorum,

2191 4850 2287 4921 qui
2312 4850 2631 4914 intererant,
2658 4845 2715 4901 8.
2742 4844 3102 4901 Salernitana
3143 4842 3420 4909 Ecclesia,
3447 4851 3502 4897 et
3532 4858 3631 4912 per
3655 4856 3775 4896 eam

2192 4942 2310 5009 tibi,
2373 4938 2651 4997 conirater
2710 4938 2902 4994 Alfane
2944 4935 3285 4991 Salernitane
3324 4934 3774 5005 archiepiscopej.

2193 5034 2715 5105 successoribusque
2733 5032 2846 5088 tuis
2871 5028 3213 5101 supradictas
3236 5042 3326 5083 res
3352 5036 3406 5082 et
3431 5024 3776 5083 hareditates

1475 5224 1505 5279 ὁ
1535 5223 1673 5279 delia
1705 5221 1847 5277 bella
1877 5221 1945 5275 da
1980 5235 2089 5275 una
2192 5218 2278 5275 Ma
2302 5218 2319 5272 i
2340 5216 2477 5273 dotti
2501 5214 2735 5271 Maurini
2763 5212 2943 5269 autori
2967 5210 3054 5267 del
3080 5224 3262 5267 nuovo
3283 5206 3507 5263 Trattao
3523 5209 3576 5263 di
3598 5206 3775 5279 diplo-

576 5242 653 5299 (2)
687 5242 744 5284 δι
769 5244 1038 5301 aggrugne
1076 5242 1129 5283 at
1164 5242 1323 5284 8011ῐο
1348 5242 1505 5350 app/Ie
1535 5242 1673 5279 (leua
1706 5242 1847 5277 noua
1877 5242 1945 5275 ua
1981 5242 2089 5275 ulla
2193 5242 2278 5275 ma
2303 5242 2477 5301 tum."
2501 5242 2735 5271 mauruu
2763 5242 2943 5269 autori
2967 5242 3054 5267 uc:
3080 5242 3262 5267 nuqu
3295 5242 3507 5263 ιιαικιυ
3523 5242 3576 5263 ιιι
3595 5242 3774 5299 ξυνω-

509 5309 662 5358 parte
684 5299 722 5353 il
750 5314 1161 5358 mouoaramma
1191 5298 1396 5355 diBene
1474 5295 1628 5358 alete,
1652 5294 1776 5348 dall‘
1811 5292 1949 5346 altra
1980 5305 2091 5347 una
2192 5297 2393 5345 mattea
2432 5288 2494 5358 (t.
2527 5285 2595 5353 γ,
2639 5301 2694 5355 p.
2736 5286 2865 5350 254,
2908 5290 3023 5339 not.
3071 5280 3127 5352 '5)
3170 5294 3488 5336 accennano
3516 5294 3591 5332 un
3621 5278 3776 5358 altra
