4050 5358
249 307 389 364 15ὄῖ

1409 296 1769 375 Εριδτοιτίε
1809 295 1896 351 ET
1936 296 2349 357 omnesnam.

3372 318 3507 376 1558

248 420 629 487 stabilivimus,
658 415 1052 483 concessimus,
1088 423 1144 471 et
1178 414 1232 469 in
1278 424 1600 485 perpetuum
1624 411 1824 468 conﬁr—
1854 412 1899 468 A
1927 410 2192 485 integram
2238 416 2479 473 habuere
2532 427 2587 474 et
2659 428 2882 493 tenuere
2931 422 3358 494 praedecessores
3431 436 3510 490 tui

250 529 487 580 ruamus,
513 520 568 568 et
586 510 840 581 deinceps
865 508 1018 565 salvo
1043 516 1160 574 tuo,
1191 519 1684 575 successorumque
1706 514 1828 560 tuo-

250 623 376 663 rum
435 605 619 676 vigore
659 616 850 657 earum
896 599 1201 667 invasores,
1231 607 1286 654 et
1328 597 1746 669 depraedatores,
1775 606 1830 654 et

248 705 628 768 persecutores
680 702 942 765 perpetuo
988 690 1352 747 anathematis
1387 689 1607 746 vinculo
1641 689 1832 760 religa—

250 806 396 843 mus.
430 787 486 843 Si
516 788 637 860 quis
661 802 791 841 vero
808 795 999 841 contra
1028 784 1195 856 hujus
1227 792 1428 838 nostra:
1450 780 1830 852 praeceptionis

252 882 517 951 scriptum
568 890 769 935 temere
813 892 974 950 agere
1020 874 1460 947 pra-sumpserit,
1511 882 1605 928 aut
1653 872 1832 929 fautor

253 973 540 1040 exstiterit,
571 972 708 1027 sciat
749 985 808 1027 se
832 970 1153 1041 auctoritate
1178 968 1238 1022 Β.
1271 966 1415 1022 Petri
1457 967 1830 1037 apostolorum

252 1065 519 1138 principis
546 1073 601 1120 et
644 1071 851 1128 nostra,
898 1078 929 1117 a
965 1076 1134 1133 regno
1179 1059 1275 1115 Dei
1305 1059 1625 1127 alienatum,
1669 1070 1832 1129 atque

255 1173 377 1213 eum
407 1155 543 1211 Juda
572 1155 829 1211 traditore
869 1153 1083 1208 Domini
1114 1153 1169 1208 in
1201 1162 1462 1208 aeternum
1489 1152 1828 1208 damnatum.

254 1248 357 1314 Qui
393 1258 574 1303 autem
601 1245 767 1318 hujus
807 1256 1009 1303 nostra:
1043 1245 1416 1301 concessionis
1441 1254 1496 1300 et
1536 1243 1832 1300 conﬁrma-

254 1340 416 1395 tionis
439 1338 879 1395 constitutionem
921 1336 1288 1392 observaverit
1308 1336 1556 1403 devotus,
1583 1351 1615 1391 a
1644 1343 1832 1391 sancta

252 1442 305 1488 et
325 1433 604 1499 individua
659 1431 923 1488 Trinitate
968 1428 1341 1495 benedicatur,
1383 1439 1438 1483 et
1466 1428 1655 1485 aeterni
1680 1428 1833 1500 regni

254 1525 738 1582 intervenientibus
778 1524 874 1580 Dei
905 1522 1168 1596 genitrice
1189 1521 1359 1577 Maria
1388 1531 1444 1577 et
1471 1520 1532 1576 B.
1578 1521 1832 1578 Matthteo

252 1619 499 1688 apostolo
539 1627 593 1674 et
626 1617 986 1691 Evangelista,
1011 1631 1249 1688 quorum
1293 1632 1516 1673 causam
1546 1616 1831 1688 adjuverit,

249 1715 523 1784 particeps
546 1712 680 1768 elIiei
714 1720 1007 1781 mereatur,
1034 1722 1140 1769 etc.

318 1804 433 1876 Ego
500 1806 825 1874 Alexander,
896 1806 1069 1862 solius
1108 1804 1204 1860 Dei
1257 1802 1655 1869 misericordia,
1709 1801 1837 1858 licet

148 1957 157 1967 ,
251 1903 506 1973 indignus
531 1900 588 1955 S.
618 1901 682 1955 ll.
712 1909 764 1956 et
791 1899 1102 1969 apostolica:
1138 1896 1394 1953 Ecclesiae
1439 1895 1751 1965 episcopus,
1778 1894 1834 1949 in

251 1996 351 2050 hac
378 1992 788 2051 constitutionis
837 1992 1032 2063 pagina
1064 1989 1136 2046 ad
1161 1988 1599 2046 conﬁrmandum
1644 1988 1836 2042 volens

250 2089 571 2159 subscripsi.

316 2181 431 2253 Ego
473 2181 735 2248 Joannes,
780 2179 1211 2237 Tusculanensis
1251 2178 1573 2249 episcopus,
1622 2193 1709 2233 me
1735 2177 1835 2233 ad-

252 2272 418 2330 fuisse
443 2274 750 2329 testiﬁcans
772 2271 1094 2342 subscripsi.

319 2365 430 2437 Ego
474 2365 662 2437 llugo,
710 2363 1055 2421 Ydruntinus
1097 2361 1567 2433 archiepiscopus,
1616 2376 1704 2417 me
1738 2359 1835 2415 ad—

251 2456 414 2513 fuisse
442 2456 748 2513 testiﬁcans
776 2454 1098 2531 subscripsi.

314 2549 428 2621 Ego
508 2548 833 2606 Ambrosius
857 2589 872 2615 ,
946 2545 1254 2603 Terracina:
1302 2547 1594 2617 episcopus
1628 2588 1643 2614 ,
1698 2545 1834 2601 sub-

251 2644 461 2715 scripsi.
1433 2648 1443 2655 ”

316 2736 424 2808 Ego
490 2734 918 2804 Hildebrandus,
976 2733 1034 2791 S.
1082 2732 1148 2789 R.
1228 2733 1289 2789 Ε.
1342 2734 1640 2802 diaconus,
1706 2735 1837 2790 sub-

252 2827 462 2899 scripsi.

368 2974 371 2977 .
990 2917 1103 2974 LV.

254 3012 553 3069 Alexander
572 3011 640 3068 ΙΙ
669 3011 923 3067 Ecclesiw
974 3009 1333 3065 Salernitana
1376 3026 1507 3080 μιιά
1541 3012 1834 3081 possessio-

323 3101 530 3156 nesque,
561 3083 792 3155 Alphani
818 3081 1197 3152 archiepiscopi
1220 3090 1427 3152 rogatu,
1462 3083 1759 3152 conﬁrmat.
1864 3106 1904 3156 ρ

823 3175 1004 3246 (Anno
1083 3172 1269 3245 1067.)

543 3263 809 3339 [Ποιιειιι
840 3263 1011 3318 Italia
1053 3279 1229 3329 sacra,
1259 3278 1357 3329 vu,
1397 3260 1551 3335 382.]

322 3358 649 3413 Ascuam-:3
678 3357 988 3429 episc0pus,
1019 3371 1211 3411 servus
1239 3370 1525 3412 servorum
1554 3353 1670 3421 Dei,
1700 3353 1837 3410 San—

259 3460 355 3506 ctte
377 3449 735 3505 Salernitante
751 3450 1015 3513 ecclesiae,
1029 3464 1153 3519 quae
1169 3449 1341 3509 beatae
1355 3456 1409 3502 et
1424 3448 1675 3519 gloriosae
1686 3462 1833 3502 scm-

258 3559 351 3615 per
373 3542 619 3616 Virginis
633 3542 729 3599 Dei
756 3542 1034 3615 genitricis
1061 3541 1265 3608 Mariae,
1279 3542 1372 3597 ubi
1405 3542 1569 3597 etiam
1601 3541 1834 3610 apostoli

258 3637 554 3708 gloriosum
585 3636 822 3692 Matthaai
841 3644 894 3692 et
912 3636 1258 3708 evangelista:
1274 3650 1495 3705 corpus,
1513 3650 1636 3690 cum
1662 3634 1837 3690 beatis

258 3730 587 3802 martyribus
614 3728 932 3797 Fortunato,
956 3729 1092 3785 Gaio
1116 3737 1170 3784 et
1190 3728 1417 3792 Anthes,
1446 3727 1760 3798 requiescit,
1782 3735 1838 3783 et

257 3834 351 3890 per
383 3838 505 3878 eam
533 3820 797 3878 confratri
821 3824 1037 3877 ALFANO
1064 3821 1311 3891 ejusdem
1364 3818 1624 3876 Ecclesia:
1659 3819 1836 3876 archi-

258 3899 536 3986 episcopo,
562 3914 787 3987 suisque
816 3914 1228 3970 successoribus
1257 3914 1676 3984 inperpetuum.

258 4050 261 4057 ,
320 4004 402 4059 Ex
449 4006 885 4065 consideratione
913 4006 1204 4076 pastoralis
1236 4021 1382 4061 cura:
1428 4021 1595 4076 quam
1645 4023 1711 4062 ex
1741 4007 1838 4063 ad-

261 4096 659 4154 ministratione
704 4099 1015 4168 apostolicae
1061 4098 1206 4154 sedis
1239 4098 1480 4169 gerimus
1538 4114 1665 4154 eum
1724 4097 1837 4169 Deo

261 4197 505 4257 auctore,
553 4192 696 4246 sicut
758 4191 984 4263 indigni,
1032 4191 1379 4246 decernimus
1424 4192 1674 4246 omnium
1714 4206 1838 4263 quae

263 4289 386 4334 sunt
407 4282 774 4338 Ecclesiarum
805 4284 1082 4354 provectui
1101 4282 1383 4355 invigilare
1416 4298 1482 4337 ac
1507 4283 1678 4353 justis
1704 4284 1837 4339 lide-

263 4369 392 4428 liutn
437 4376 893 4446 postulationibus
921 4377 1196 4448 aequitatis
1237 4391 1530 4431 assensum
1569 4376 1832 4447 praebere,

1930 505 2171 578 episcopi
2218 516 2274 563 et
2321 510 2745 584 archiepiscopi,
2788 514 2861 569 ita
2916 523 2976 572 ut
3040 519 3117 574 tui
3170 519 3314 591 juris
3376 533 3527 583 ωειλ--

1930 610 2039 665 que
2112 601 2393 669 potestatis
2457 604 2723 677 quidquid
2799 609 2869 665 ad
2939 611 3371 672 ecclesiasticum
3456 631 3511 675 et

1929 688 2239 761 episcopale
2288 696 2526 766 pertinet
2580 699 2840 769 cilicium,
2880 712 2991 759 tam
3038 706 3184 765 intra
3219 706 3511 769 Salernum

1931 798 2097 854 quam
2126 801 2227 857 per
2252 805 2474 848 omnem
2509 791 2912 871 Salernitanam
2967 802 3515 872 parochiam,‘cano—

1932 875 2056 932 nica
2086 877 2492 949 dispensatione
2518 886 2818 957 requirere,
2856 898 2912 947 et
2934 892 3149 960 ordine,
3186 905 3243 952 et
3286 901 3516 957 canoni-

1933 969 2013 1025 cis
2026 972 2273 1030 ecclesiis
2293 975 2634 1041 diversorum
2657 982 2914 1039 ordinum
2951 986 3201 1056 clericos,
3231 993 3514 1048 servitium

1934 1060 2029 1118 Dei
2047 1065 2412 1134 provehereet
2438 1070 2712 1142 ordinare,
2746 1076 2804 1132 in
2828 1080 3181 1137 monasteriis
3200 1099 3422 1154 quoque
3461 1097 3516 1142 et

1934 1154 2190 1226 abbatiis,
2228 1159 2452 1217 abbatcs
2498 1164 2807 1234 providere,
2850 1177 2906 1229 et
2950 1169 3288 1241 benedicere,
3318 1183 3374 1230 et
3420 1174 3514 1233 Dei

1935 1248 2158 1306 servitio
2187 1260 2242 1308 et
2262 1252 2483 1309 utilitati
2511 1270 2727 1327 semper
2753 1261 3062 1329 consulere,
3084 1272 3145 1325 ut
3161 1264 3346 1322 omnia
3386 1267 3519 1325 ﬁant

1937 1341 2151 1400 fauture
2176 1344 2287 1402 Deo
2305 1348 2374 1403 ad
2407 1349 2809 1409 incrementum
2858 1367 3062 1414 sanctae
3413 1363 3520 1418 Ar-

1936 1438 2349 1511 eliieptseopalis
2374 1444 2540 1500 etiam
2570 1449 2872 1519 magisterii
2899 1452 3393 1521 praedecessoribus
3410 1458 3519 1513 tuis

1937 1526 2239 1603 apostolica
2296 1540 2619 1597 auctoritate
2656 1558 2981 1601 concessum
3038 1547 3364 1607 fraternitati
3413 1560 3520 1608 tua:

1938 1630 2347 1705 conﬁrmamus,
2386 1644 2444 1691 ut
2483 1636 2645 1692 liceat
2691 1647 2745 1694 te
2791 1640 2934 1696 intra
3000 1644 3259 1714 scriptam
3290 1647 3522 1716 provin-

1938 1724 2102 1786 ciam,
2131 1724 2423 1794 episcopos
2465 1724 2622 1795 juxta
2672 1742 2958 1785 sacrorum
3002 1748 3279 1789 mnonum
3314 1744 3520 1794 statuta

1936 1814 2194 1885 congruis
2222 1815 2279 1870 in
2308 1817 2445 1873 locis
2465 1819 2739 1888 ordinare,
2769 1832 2824 1878 et
2859 1840 3201 1896 qumcunque
3245 1839 3521 1907 metropo-

1939 1904 2123 1962 litanis
2174 1919 2491 1967 sanctorum
2534 1914 2761 1970 Patrum
2812 1924 3017 1972 statuta
3063 1904 3387 1988 attribuunt,
3419 1923 3519 1978 tibi

1938 1999 2290 2057 concedimus
2316 2002 2506 2072 licere;
2537 2007 2606 2062 ad
2641 2007 2757 2063 haec
2783 2009 2947 2065 etiam
2974 2012 3293 2081 apostolica:
3330 2023 3523 2068 aucto-

1938 2092 2116 2149 ritatis
2145 2098 2426 2154 sanctione
2453 2101 2845 2159 conﬁrmamus
2889 2104 3010 2172 tibi,
3041 2084 3262 2176 tuisque
3302 2123 3525 2164 succes-

1937 2184 2175 2253 soribus,
2214 2202 2555 2261 quaecunque
2580 2194 3011 2272 prtedecessores
3057 2198 3255 2266 nostri,
3284 2200 3523 2269 impera—

1937 2290 2107 2351 tores,
2134 2300 2309 2357 reges,
2329 2287 2625 2360 principes,
2646 2292 2732 2347 vel
2763 2292 3078 2364 quicunque
3106 2294 3292 2365 ﬁdeles
3322 2306 3526 2365 sancta:

1940 2371 2297 2432 Salernitanre
2322 2379 2567 2436 ecclesia:
2595 2383 2894 2451 contulere,
2924 2393 2978 2441 et
3016 2400 3080 2440 ea
3111 2364 3234 2456 qua:
3279 2364 3524 2444 Gisull'us

1937 2466 2111 2526 ﬁdelis
2142 2482 2349 2541 noster,
2387 2475 2678 2553 quionunc
2715 2477 2927 2539 Salerni
2973 2480 3120 2536 clare
3161 2482 3523 2552 principatur,

1936 2568 2147 2626 liberali
2169 2573 2539 2630 muniﬁcentia
2556 2576 2784 2633 contulit
2803 2586 2859 2634 et
2874 2579 3174 2636 collaturus
3203 2588 3287 2636 est
3302 2621 3315 2634 .
3346 2579 3519 2645 Nomi-

1938 2660 2108 2715 natim
2124 2671 2307 2718 autem
2332 2665 2589 2733 dicimus,
2611 2668 2902 2724 ecclesiam
2920 2671 3095 2727 sancti
3125 2674 3381 2744 martyris
3393 2672 3524 2741 Viti,

1936 2772 2061 2827 qua:
2088 2768 2402 2816 constructa
2434 2769 2521 2819 est
2569 2763 2727 2834 juxta
2784 2765 3019 2835 plateam
3067 2782 3191 2838 qua:
3224 2769 3426 2825 dicitur
3458 2772 3525 2825 azl

1938 2857 2155 2918 portam
2182 2850 2345 2920 Elini,
2375 2869 2504 2909 cum
2529 2855 2787 2913 omnibus
2821 2859 2940 2914 suis
2965 2860 3332 2929 pertinentiis,
3360 2854 3525 2935 quain

1938 2937 2324 2999 Landimnrius
2346 2944 2493 3001 filius
2507 2944 2788 3004 Adem‘arti
2808 2949 3014 3021 scripto
3045 2952 3160 3023 jam
3182 2953 3343 3011 dicta:
3361 2958 3523 3013 eccle-

1939 3033 2036 3090 sia:
2071 3037 2285 3105 obtulit,
2316 3048 2372 3094 et
2397 3041 2686 3097 ecclesiam
2734 3043 2921 3100 Sancti
2948 3046 3212 3104 Gramatii
3241 3068 3367 3107 eum
3412 3056 3531 3110 suis

1942 3134 2307 3202 pertinentiis,
2339 3147 2394 3193 et
2416 3138 2576 3195 casas
2607 3139 2727 3197 illas
2747 3157 2874 3212 qum
2920 3153 3051 3200 sunt
3089 3144 3244 3216 juxta
3280 3150 3530 3206 eamdem

1939 3225 2262 3296 Ecclesiam,
2292 3247 2433 3301 quas
2487 3233 2709 3303 Malfrit,
2752 3244 2808 3292 et
2844 3236 3075 3294 Adelfrit
3112 3249 3209 3296 tuo
3255 3238 3533 3317 episcopio

1939 3322 2287 3391 obtulerunt;
2325 3327 2418 3382 sed
2454 3334 2509 3383 et
2558 3331 2954 3387 monasterium
2991 3333 3177 3390 Sancti
3210 3335 3349 3407 Viti,
3382 3343 3529 3411 quod

1937 3422 2313 3470 constructum
2341 3424 2425 3471 est
2447 3417 2602 3487 juxta
2638 3418 2927 3475 Salernum
2956 3437 3123 3493 prope
3145 3424 3299 3482 littus
3334 3430 3527 3494 maris,

1935 3521 2061 3561 cum
2088 3507 2205 3563 suis
2230 3509 2591 3580 pertinentiis,
2615 3513 2763 3583 quod
2790 3514 3020 3570 ecclesia
3046 3517 3142 3572 tibi
3164 3521 3455 3579 commissa
3483 3540 3513 3580 a

1936 3597 2197 3666 praedicto
2229 3599 2444 3657 Gisulfo
2469 3600 2720 3674 Principe
2749 3608 3200 3665 commutationis
3226 3610 3421 3668 ordine
3450 3616 3509 3669 re

1939 3693 2114 3764 cepit;
2148 3701 2325 3751 terras
2367 3710 2589 3767 quoque
2635 3706 2691 3753 et
2757 3709 2961 3768 partes,
2989 3716 3090 3772 pro
3135 3703 3337 3773 quibus
3363 3721 3532 3778 super

1939 3786 2223 3862 Troytium
2245 3792 2314 3847 de
2340 3791 2500 3859 Rota,
2522 3808 2623 3863 pro
2656 3801 2752 3850 tuo
2791 3796 3088 3867 episcopio,
3120 3808 3175 3855 et
3203 3802 3413 3857 caeteris
3437 3802 3532 3858 Sa-

1938 3885 2224 3943 lernitanis
2251 3887 2498 3945 ecclesiis
2520 3891 2879 3963 interpellasti
2910 3895 3056 3965 quod
3078 3895 3297 3955 invasas
3319 3900 3528 3958 detine-
3567 3940 3576 3949 .

1938 3991 2040 4038 ret.
2076 3980 2227 4040 Unde
2247 3999 2375 4040 eum
2407 3984 2917 4044 Salerni'nolentem
2943 3989 3214 4061 justitiam
3232 3992 3410 4050 facere
3436 4010 3531 4050 εει

1937 4082 2496 4151 communicavimus;
2527 4098 2688 4155 quas,
2718 4094 2905 4155 postea
2952 4088 3302 4158 resipiscens,
3330 4088 3531 4161 Capua;

1940 4176 1995 4230 in
2010 4184 2255 4233 nostram
2288 4194 2511 4234 manum
2540 4180 2785 4250 legaliter
2822 4182 3074 4250 reddidit,
3092 4184 3342 4239 videlicet
3376 4202 3529 4256 quae-

1939 4282 2160 4339 cunque
2189 4286 2299 4327 uno
2323 4287 2487 4339 anno,
2519 4272 2837 4344 priusquam
2881 4274 2995 4346 ipse
3028 4275 3222 4332 Rntam
3271 4270 3527 4350 intraret;

1936 4373 1992 4419 ct
2020 4363 2376 4423 Salernitanae
2399 4369 2644 4424 ecclesiae
2671 4370 2946 4440 tenebant,
2974 4389 3096 4443 qua:
3112 4374 3253 4445 juris
3276 4385 3384 4432 tua:
3440 4393 3532 4433 ec-

263 4469 570 4523 necessario
601 4468 976 4539 compellimur
996 4470 1207 4527 viscera
1238 4468 1509 4536 deserere,
1540 4484 1608 4523 ne
1652 4467 1839 4523 Domi-
1871 4450 1917 4504 D
1945 4461 2126 4517 clesiae
2151 4461 2302 4519 fuere
2321 4463 2417 4519 tibi
2446 4464 2663 4536 tuisque
2692 4468 3108 4525 successoribus
3150 4470 3447 4542 reddimus,
3477 4486 3534 4531 et

265 4557 387 4612 nico
412 4561 559 4632 gregi
579 4561 773 4617 debita:
798 4562 1188 4617 consolationis
1208 4560 1531 4633 suffragium
1556 4562 1840 4619 videamur

266 4649 604 4709 subtrahere.
635 4653 810 4722 Unde,
852 4654 1174 4710 charissime
1224 4653 1393 4711 frater
1426 4654 1620 4711 Alfaue
1657 4656 1840 4712 archi—

267 4741 533 4817 episcope,
560 4746 689 4818 quia
715 4747 933 4803 devotio
955 4756 1068 4813 tua,
1096 4748 1344 4804 honestis
1383 4748 1633 4805 moribus
1684 4747 1841 4817 fulta,

266 4836 538 4899 postulare
567 4839 775 4895 studuit
800 4849 1073 4910 quatenus
1098 4848 1301 4898 statuta
1335 4848 1390 4895 et
1414 4841 1700 4916 privilegia
1720 4859 1844 4915 quae

1947 4559 2337 4614 conﬁrmamus
2357 4567 2412 4613 et
2438 4575 2533 4629 per
2552 4568 2602 4613 te
2624 4561 2834 4616 cmteris
2851 4562 3101 4620 ecclesiis
3131 4571 3291 4621 tua...
3322 4565 3533 4625 Castel-

1945 4651 2057 4705 lum
2093 4667 2311 4722 quoque
2336 4651 2550 4707 Olibani
2581 4662 2635 4709 et
2663 4665 2908 4727 cryptam
2938 4655 2995 4711 S.
3014 4659 3230 4733 Angeli,
3256 4677 3377 4733 quae
3403 4664 3543 4720 dicis

1945 4755 2035 4800 tur
2063 4745 2263 4802 Montis
2296 4746 2484 4814 Aurei,
2510 4766 2635 4811 cum
2659 4753 2914 4807 omnibus
2940 4769 3134 4811 eorum
3165 4757 3532 4827 pertineiitiis,

1944 4843 2000 4890 et
2028 4842 2223 4889 cuncta
2246 4850 2368 4904 quae
2392 4833 2682 4895 Wilelmus
2703 4839 2847 4896 ﬁlius
2878 4837 3178 4911 Tancrede,
3201 4853 3254 4898 et
3280 4843 3540 4904 Wimun-

269 4928 596 4989 sanctissimi
626 4932 1051 5002 pmdcccssores
1071 4936 1245 4990 nostri
1272 4934 1570 5004 apostolica
1608 4935 1847 4994 auctori.
1947 4928 2051 4984 dus
2071 4928 2227 4982 miles
2250 4935 2374 4982 tuus
2392 4931 2447 4982 in
2473 4939 2717 4985 nostram
2750 4948 2971 4988 manum
2998 4934 3295 5006 reddidere.
3319 4934 3387 4991 Et
3410 4943 3541 4996 uni--

268 5021 373 5070 tate
398 5017 753 5079 Salernitana:
786 5024 1029 5081 ecclesiae
1076 5026 1295 5097 tuisque
1351 5026 1848 5094 praedecessoribns
1947 5035 2106 5077 versa
2134 5034 2256 5091 (Ιιιεε
2284 5019 2542 5090 [mallem
2572 5021 2917 5077 Salernitaﬂa
2947 5025 3179 5081 ecclesia
3203 5024 3349 5093 Iuste
3376 5040 3437 5086 et
3476 5034 3549 5091 le-

274 5121 557 5146 ααηνίινειηθ
617 5133 713 5146 uana
744 5117 840 5146 I:k:
865 5117 1081 5146 On:onun
1129 5117 1545 5146 κιοΑηΛαοΛνιῖιι-ιη
1602 5122 1821 5146 ﬁ.....--A

1952 5113 2142 5146 ηηιῖιηςι
2166 5112 2350 5146 [vain-:9
2403 5114 2484 5146 υΑΙ
2504 5113 2873 5146 ηιιηιῖηηνιηηη
2894 5126 3178 5146 ηΛ-ιοκηηθκ
3204 5119 3443 5146 Ληηιιξαξα
