4050 5358
490 321 642 378 ,1559

1780 307 2176 367 ALEXANDRI
2208 307 2253 363 II
2278 306 2490 365 ‘PAPIE

3620 292 3766 366 isto

502 448 601 497 aut
629 436 947 511 dignitatem
988 434 1260 500 minuere,
1307 428 1460 487 salvo
1486 427 1543 485 in
1578 426 1836 484 omnibus
1865 435 2088 499 aposto-
2119 428 2166 485 Α
2260 422 2522 496 Quisquis
2552 419 2737 477 divina
2768 418 3126 491 inspiratione
3150 428 3531 490 compunctus,
3557 423 3768 482 relictis

505 536 624 590 tiae
645 532 791 590 sedis
808 528 1112 602 privilegio.
1148 525 1204 582 Si
1237 525 1362 597 quis
1389 538 1522 580 vero
1552 529 1742 578 contra
1769 521 1935 592 hujus
1983 534 2085 575 no-

507 637 637 682 strae
660 620 1069 682 constitutionis
1096 617 1462 690 privilegium,
1501 613 1837 684 vilipendens
1867 619 2086 684 aposto—

506 721 611 775 lica
633 724 858 783 statuta,
884 721 1090 771 temere
1114 725 1274 783 agere
1297 705 1732 780 praesumpserit,
1761 714 1859 760 aut
1878 720 2087 775 praesu-

507 811 782 868 mentibus
828 808 1010 864 fautor
1051 803 1341 868 exstiterit,
1377 800 1584 871 judicio
1627 798 1803 855 sancti
1851 796 2088 869 Spiritus

507 906 647 962 sciat
684 920 764 971 se,
804 899 1128 958 auctoritate
1152 896 1296 951 beati
1321 893 1469 949 Petri
1511 891 1889 962 apostolorum
1936 889 2089 961 prin-

507 998 645 1068 cipis
669 1005 724 1053 et
748 1003 957 1061 nostra,
985 987 1345 1047 anathematis
1395 985 1615 1041 vinculo
1659 984 2000 1051 innodatum,
2035 990 2091 1038 et

510 1100 571 1146 ut
591 1100 1053 1162 transgressorem
1088 1082 1480 1147 terminorum,
1517 1092 1658 1148 quos
1688 1075 1864 1131 sancti
1898 1073 2089 1129 Patres

510 1184 686 1240 nostri
732 1187 1058 1255 posuerunt,
1086 1192 1210 1233 cum
1268 1172 1486 1230 diabolo
1527 1179 1583 1226 et
1620 1167 2090 1240 trangressoribus

509 1277 741 1349 angelis,
760 1273 1024 1331 canonica
1070 1268 1383 1333 traditione,
1416 1264 1637 1321 aeternis
1671 1261 1952 1332 suppliciis
1990 1260 2088 1317 de-

511 1346 781 1442 putatum.
816 1362 1246 1423 Observantibus
1267 1366 1451 1415 autem
1481 1364 1536 1413 et
1574 1354 1782 1411 devotis
1817 1353 1991 1424 gratia
2037 1346 2093 1408 e't

511 1461 821 1519 benedictio
858 1475 889 1514 a
933 1455 1168 1512 Domino
1192 1451 1305 1507 Deo
1335 1458 1523 1506 nostro
1551 1446 1997 1525 multiplicemur,
2038 1452 2094 1499 et

511 1555 878 1613 intercedente
899 1552 1057 1606 beata
1084 1546 1180 1602 Dei
1205 1543 1463 1617 genitrice
1488 1540 1678 1607 Maria,
1705 1548 1760 1593 et
1779 1539 1938 1593 beato
1958 1536 2094 1592 Mat-

513 1650 640 1705 theo
668 1646 916 1717 apostolo
937 1652 992 1699 et
1019 1639 1371 1710 evangelista,
1408 1633 1596 1690 aeterni
1630 1631 1782 1705 regni
1802 1628 2094 1701 participes

511 1740 648 1797 Cilici
675 1745 1008 1794 mereantur.
1035 1731 1100 1787 N.
1125 1728 1283 1788 OEN.
1309 1726 1457 1782 BES.

577 1834 775 1890 Datum
806 1829 1024 1899 Capuaa,
1080 1839 1131 1880 tv
1177 1823 1254 1879 Id.
1283 1820 1554 1887 Octobris,
1583 1833 1680 1889 per
1700 1831 1895 1872 manus
1939 1812 2096 1884 Speri

514 1935 720 1985 sanctae
748 1924 1009 1980 Romana:
1048 1917 1302 1975 Ecclesia:
1332 1912 1655 1972 subdiaconi
1698 1918 1753 1965 et
1806 1908 2096 1964 bibliothe-

513 2023 672 2090 carii,
693 2034 839 2076 anno
861 2012 1297 2087 vupontiﬁeatus
1315 2007 1500 2065 domni
1530 2002 1822 2060 Alexandri
1851 2016 2003 2074 papa:
2027 1997 2093 2067 ll,

517 2116 704 2172 indict.
735 2128 833 2168 vn.
1450 2172 1458 2176 _

1238 2218 1375 2276 LVI.

515 2322 808 2383 Alexandri
844 2319 911 2377 11
934 2316 1163 2392 epistola
1201 2315 1271 2370 ad
1294 2312 1554 2367 Joannem
1586 2307 1958 2363 Abrincensem‘
1984 2304 2097 2374 cpi-

1187 2400 1423 2457 scopum.

1105 2479 1288 2551 (Anno
1327 2473 1524 2563 1068i

518 2584 678 2657 [Acta
700 2580 931 2649 archiep.
972 2574 1184 2631 Rotom.
1214 2567 1357 2640 apud
1399 2558 1627 2620 Marine.
1679 2558 1924 2615 Analect.
1968 2572 2093 2613 nov.

928 2724 929 2727 χ
1150 2663 1279 2720 edit.
1315 2656 1470 2730 224.]

593 2767 915 2822 mansues
973 2758 1294 2830 cpiscopus,
1355 2765 1547 2809 servus
1615 2759 1898 2802 servorum
1970 2740 2095 2806 Dei,

518 2859 708 2917 leum
736 2852 1119 2913 Abricensium
1139 2842 1438 2903 venerabili
1472 2840 1751 2911 episcopo,
1782 2836 2013 2891 salutem
2046 2841 2101 2889 et

522 2950 881 3024 apostolicam
908 2940 1366 3000 benedictionem.

592 3041 861 3097 Destituta
907 3028 1335 3102 Rothomagensi
1376 3023 1621 3090 Ecclesia
1664 3029 1899 3093 pastore,
1944 3034 2099 3074 com-

524 3133 768 3209 perimus
810 3125 1145 3184 Sedunensis
1176 3138 1206 3177 e

525 3205 788 3287 relatione
809 3229 862 3278 te
905 3234 973 3275 ex
1015 3215 1278 3274 electione
1327 3209 1591 3284 principis
1636 3206 1717 3265 tui
1761 3205 2103 3263 dilectissimi

524 3321 623 3379 ﬁlii
681 3317 854 3374 nostri
892 3312 1165 3373 Guillelmi
1214 3308 1357 3381 regis
1403 3304 1727 3377 Anglorum,
1776 3300 1845 3355 ob
1894 3299 2020 3354 vitae
2050 3306 2105 3353 et

523 3430 742 3475 morum
765 3409 1112 3483 probitatem,
1156 3404 1223 3461 ad
1260 3401 1525 3471 majorem
1556 3397 1740 3453 sedem
1772 3406 2100 3465 promoven-

525 3511 679 3576 dum,
705 3507 754 3564 si
776 3521 845 3561 ex
867 3502 1193 3560 auctoritate
1224 3496 1370 3553 sedis
1388 3490 1703 3565 apostolicae
1731 3488 1896 3545 tuerit
1916 3503 2106 3542 assenc

526 3618 644 3668 sus,
671 3599 761 3655 cui
797 3597 909 3652 Deo
937 3603 1158 3652 auctore
1196 3588 1572 3662 praesidemus.
1617 3582 1728 3639 Nos
1753 3582 1918 3654 igitur
1970 3581 2103 3636 moti

527 3697 745 3752 illorum
768 3689 1044 3764 precibus,
1075 3687 1146 3745 ob
1167 3685 1399 3741 salutem
1438 3680 1586 3736 illius
1618 3677 1878 3749 Ecclesia:
1905 3687 1962 3732 et
1987 3691 2107 3731 om-

527 3787 679 3844 nium
707 3784 763 3839 in
784 3784 895 3839 tuis
930 3779 1198 3851 partibus,
1221 3775 1472 3831 volumus
1512 3780 1675 3842 atque
1701 3768 1975 3825 dilectioni
2000 3776 2106 3824 tuae

529 3878 828 3951 apostolica
862 3873 1187 3930 auctoritate
1237 3866 1586 3939 praecipimus
1624 3872 1685 3918 ut
1733 3862 1880 3934 quod
1923 3861 2106 3917 divina

529 3970 866 4044 dispensatio
895 3970 963 4025 de
993 3976 1044 4022 te
1086 3963 1320 4036 providit
1357 3975 1469 4015 non
1506 3955 1868 4022 contradicas,
1907 3963 1962 4011 et
1992 3955 2105 4010 ele-

529 4067 701 4126 ctioni
728 4073 785 4121 te
825 4063 1166 4121 obedientem
1195 4056 1477 4114 exhibeas.
1507 4049 1881 4105 Admonemus
1924 4048 2107 4119 itaque

532 4159 928 4218 fraternitatem
951 4152 1253 4212 dulcedinis
1282 4158 1409 4213 tum,
1447 4151 1508 4199 ut
1547 4141 1594 4198 si
1624 4141 1679 4195 in
1704 4140 1920 4196 modico
1955 4139 2108 4195 fuisti

532 4256 728 4323 ﬁdelis,
761 4255 819 4309 in
845 4250 1041 4323 majori
1073 4250 1213 4304 bene
1240 4238 1455 4316 operari
1489 4251 1597 4291 non
1646 4232 1886 4301 desinas,
1941 4250 2111 4305 popu-

533 4353 648 4412 lum
672 4348 841 4408 divini
855 4345 1019 4402 Verbi
1047 4340 1244 4415 pabulo
1262 4334 1494 4397 reficias,
1535 4336 1596 4384 ut
1631 4326 1893 4383 merearis
1920 4327 2109 4383 audire

498 4446 711 4501 .inam.
744 4443 1037 4513 benignam
1089 4449 1277 4492 vocem
1329 4422 1544 4484 Domini
1602 4420 1880 4477 dicentis:
1940 4419 2105 4492 Euge,

535 4555 677 4595 serve
714 4537 841 4590 bone
878 4543 929 4588 et
966 4531 1162 4603 ﬁdelis,
1204 4525 1330 4600 quia
1353 4535 1508 4590 super
1527 4532 1700 4589 pauca
1726 4514 1881 4585 fuisti
1910 4514 2106 4585 ﬁdelis,

536 4648 698 4702 supra
741 4627 912 4683 multa
948 4635 996 4681 te
1033 4624 1371 4678 constituam.
1415 4615 1491 4671 De
1526 4620 1721 4697 caetero
1761 4612 2108 4667 secretiorem

538 4724 706 4780 animi
745 4719 919 4779 nostri
944 4719 1277 4775 voluntatem
1303 4709 1520 4783 planius
1548 4705 1737 4761 audies
1769 4720 1867 4776 per
1891 4712 2109 4761 nostro-

539 4837 661 4876 rum
689 4820 992 4890 legatorum
1019 4811 1312 4867 vcridicam
1340 4804 1679 4863 relationem.

1248 4916 1404 4976 LVII.

537 5026 839 5084 Alexander
888 5019 953 5075 II
989 5016 1365 5073 monasterium
1407 5009 1464 5067 S.
1510 5007 1763 5079 Stephani
1790 5005 2112 5084 Qadoptense

2186 516 2371 571 saeculi
2406 514 2573 585 hujus
2606 512 2934 579 actionibus,
2967 512 3034 567 ad
3060 511 3231 567 Deum
3261 515 3504 569 converti
3521 515 3765 582 festinat,

2187 607 2263 663 ita
2291 623 2417 663 eum
2450 605 2716 662 charitate
2744 605 2814 659 ab
2842 603 3143 675 apostolica
3167 605 3314 671 sede,
3341 605 3431 661 cui
3463 606 3592 662 licet
3626 607 3768 662 indi-

2186 700 2278 771 gni
2329 698 2708 770 praesidemus,
2771 696 3155 767 suscipiendus
3179 705 3265 752 est
3316 705 3372 752 et
3417 698 3635 754 blandis
3672 714 3769 769 per

2187 791 2372 846 omnia
2426 788 2898 847 consolationibus
2937 786 3265 845 referendus
3319 797 3383 844 ut
3424 790 3480 845 in
3511 806 3577 847 ea
3602 807 3770 861 quam

2188 883 2368 955 elegit,
2403 882 2515 938 Deo
2538 882 2849 953 adjuvante,
2880 879 3179 936 delectetur
3210 883 3628 939 conversatione
3648 898 3772 953 per-

2189 976 2405 1041 sistere,
2445 982 2500 1029 et
2540 973 2689 1045 quod
2735 971 2903 1029 semel
2943 973 3106 1044 coepit
3140 987 3314 1043 usque
3339 973 3395 1027 in
3420 973 3585 1029 ﬁnem
3630 974 3768 1029 irre-

2188 1066 2626 1138 prehensibiliter
2660 1065 2838 1121 valeat
2870 1065 3144 1121 exhibere.
3189 1062 3347 1121 Unde
3369 1066 3522 1136 quia,
3555 1066 3767 1122 charis-

2191 1159 2328 1215 sime
2373 1158 2450 1214 ﬁli
2491 1156 2800 1213 Lanfrance
2826 1156 3017 1224 abbas,
3053 1157 3110 1212 in
3131 1165 3342 1213 tantam
3380 1166 3434 1213 te
3460 1157 3769 1214 excrevisse

2190 1251 2511 1322 religionem
2551 1250 2938 1322 cognoscimus
2976 1258 3037 1306 ut
3068 1265 3179 1305 non
3224 1250 3402 1305 solum
3445 1250 3514 1306 de
3551 1251 3769 1321 propria

2192 1344 2365 1399 salute
2388 1343 2669 1399 studiosus
2701 1342 2986 1410 existeres,
3017 1357 3209 1397 verum
3228 1342 3392 1398 etiam
3421 1357 3769 1398 communem

2194 1435 2394 1490 vitame
2414 1434 2709 1506 ligentibus
2729 1433 3122 1490 monasterium
3144 1441 3492 1489 construeres
3513 1449 3579 1489 ac
3595 1432 3771 1490 forma

2193 1527 2471 1599 religionis
2510 1526 2844 1598 provideres,
2871 1526 3115 1581 inclinati
3157 1525 3411 1596 precibus
3435 1526 3547 1581 tuis
3581 1541 3773 1580 mona-

2196 1619 2423 1676 sterium
2449 1629 2624 1687 tuum,
2656 1618 2801 1689 quod
2839 1617 2896 1673 in
2927 1617 3191 1673 honorem
3232 1616 3375 1672 beati
3410 1627 3775 1689 protomarty-

2197 1713 2275 1769 ris
2301 1711 2561 1783 Stephani
2596 1726 2627 1765 a
2664 1708 2904 1782 glorioso
2929 1707 3203 1764 Willelmo
3227 1709 3470 1780 principe
3502 1708 3775 1765 Norman—

2197 1820 2416 1872 norum,
2468 1819 2533 1859 ac
2564 1800 3019 1859 victoriosissimo
3049 1816 3174 1872 rege
3193 1801 3514 1872 Anglorum,
3546 1800 3775 1855 Cadomi

2197 1897 2535 1954 construitur
2592 1911 2657 1952 ac
2693 1894 2941 1967 largitate
2986 1892 3348 1964 possessionis
3393 1892 3620 1957 ditatur,
3675 1893 3778 1947 sub

2197 1991 2365 2046 tutela
2388 1998 2442 2045 et
2465 1986 2780 2044 defensione
2802 1994 3004 2041 sanctae
3028 1984 3175 2040 sedis
3216 1984 3530 2054 apostolica:
3573 1985 3778 2055 recipi-

2197 2097 2342 2149 mus,
2384 2089 2681 2137 statuentes
2714 2078 2944 2145 nullum,
2976 2076 3343 2133 ecclesiastica
3383 2091 3480 2131 seu
3522 2076 3777 2134 steculari

2196 2174 2480 2246 praaditum
2511 2172 2791 2245 dignitate,
2826 2171 2882 2225 in
2908 2169 3075 2225 rebus
3104 2169 3190 2224 vel
3221 2167 3581 2240 dispositione
3626 2168 3781 2239 ejus—

2197 2268 2320 2323 dem
2378 2263 2697 2321 monasterii
2744 2263 2982 2333 aliquam
3030 2260 3231 2315 habere
3282 2268 3626 2331 potestatem,
3684 2260 3780 2315 sed

2196 2374 2358 2415 omne
2377 2357 2470 2428 jus
2520 2355 2691 2427 ipsius
2732 2353 3050 2410 monasterii
3106 2351 3174 2407 ad
3232 2350 3619 2408 sollicitudinis
3672 2359 3782 2406 tua:

2197 2459 2527 2519 tuorumque
2549 2460 2933 2503 successorum
2966 2444 3205 2500 studium
3230 2442 3576 2499 decernimus
3605 2443 3778 2513 perti-

2199 2556 2348 2597 nere.
2401 2539 2505 2607 Qui
2554 2538 2815 2593 nimirum
2859 2537 2907 2592 si
2953 2535 3184 2605 alicujus
3236 2535 3476 2605 episcopi
3525 2536 3779 2591 molestia

2199 2640 2568 2705 prmgravatus
2620 2640 2699 2697 tu,
2731 2629 2816 2684 vel
2860 2643 3208 2685 successores
3244 2627 3320 2682 tui
3359 2625 3597 2694 fueritis,
3645 2643 3779 2683 san-

2200 2736 2451 2795 ctamque
2473 2723 2828 2794 apostolicam
2855 2719 3041 2778 sedem
3071 2714 3489 2792 appellaveritis,
3519 2719 3661 2773 nulli
3689 2719 3778 2775 ul-

2200 2818 2371 2873 terius
2396 2817 2776 2886 episcoporum
2815 2814 2975 2869 liceat
3011 2823 3201 2869 contra
3231 2827 3331 2868 vos
3374 2811 3527 2868 litem
3577 2826 3781 2883 provo-

2201 2926 2344 2975 care,
2371 2909 2543 2964 donec
2569 2923 2736 2964 causa
2748 2916 2929 2963 vestra
2954 2915 3078 2961 ante
3099 2920 3294 2976 papam
3313 2903 3611 2972 deferatur,
3639 2906 3783 2976 ejus-

2201 3016 2308 3072 que
2345 3000 2553 3072 judicio
2579 2998 2906 3065 difliniatur;
2938 3007 2992 3054 et
3036 2997 3140 3052 hac
3182 2995 3465 3068 praesentis
3506 2997 3782 3069 privilegii

1211 3087 1418 3192 ρίεοορί
1460 3126 1520 3173 α
1560 3087 1854 3171 Lall—[rauci
1889 3111 2102 3167 abbatis
2129 3121 2170 3178 ο
2204 3093 2377 3148 nostri
2428 3091 2621 3162 pagina
2671 3090 2962 3192 statuimus
3008 3095 3069 3143 ut
3101 3087 3416 3192 Daiocensis
3460 3088 3776 3159 episcopus,

2204 3200 2314 3254 prae
2339 3183 2578 3254 qualibet
2602 3180 2811 3237 abbatis
2832 3180 2917 3235 vel
2940 3178 3335 3236 monachorum
3376 3179 3556 3249 culpa,
3583 3179 3781 3251 prasfa-

2203 3285 2321 3330 tum
2362 3274 2753 3330 monasterium
2799 3286 2910 3328 non
2948 3281 3245 3342 praesumat
3281 3273 3778 3340 exeommunicare,

2203 3368 2287 3423 vel
2325 3367 2567 3422 divinum
2595 3367 2649 3421 in
2671 3381 2738 3421 eo
2753 3364 2987 3421 ofﬁcium
3013 3365 3320 3436 prohibere.
3347 3364 3504 3432 Quod
3531 3365 3580 3421 si
3609 3366 3781 3422 abbas

2204 3459 2290 3516 vel
2316 3457 2664 3531 congregatio
2688 3457 2870 3514 ordini
2915 3465 2968 3514 et
3009 3454 3441 3527 professionibus
3476 3456 3595 3513 suis
3640 3472 3779 3514 con-

2206 3552 2371 3608 traria
2397 3551 2643 3624 gesserit,
2669 3558 2723 3606 et
2758 3550 2924 3606 abbas
2965 3549 3050 3605 vel
3091 3564 3150 3606 se
3186 3549 3271 3605 vel
3302 3550 3603 3606 monachos
3648 3566 3781 3605 suos

2205 3645 2525 3716 regulariter
2559 3643 2848 3701 emendare
2873 3640 3189 3713 neglexerit,
3219 3640 3533 3698 Baiocensis
3562 3644 3782 3713 episco~

2204 3752 2309 3807 pus
2345 3746 2554 3792 secreto
2575 3745 2737 3808 atque
2763 3734 3037 3790 amicabili
3065 3734 3336 3805 colloquio
3365 3743 3423 3789 ut
3456 3750 3516 3789 se
3543 3735 3631 3790 vel
3652 3736 3783 3791 sub-

2201 3829 2375 3900 jectos
2392 3844 2522 3885 suos
2547 3829 2785 3900 corrigat
2815 3828 3122 3905 admoneat.
3156 3825 3328 3881 Porro
3349 3826 3395 3882 si
3416 3834 3659 3896 paterna:
3681 3827 3780 3883 ad-

2206 3921 2497 3977 monitioni
2518 3920 2736 3979 obedire
2765 3918 3107 3975 contumacia
3134 3916 3396 3989 pertinaci
3431 3928 3779 3990 contempse-

2206 4014 2299 4083 rit,
2330 4030 2440 4069 non
2469 4014 2690 4085 quidem
2723 4027 2846 4067 eum
2880 4010 3191 4067 Baioeensis
3228 4010 3520 4081 episcopus
3556 4013 3626 4066 ad
3668 4027 3782 4066 suae

2207 4105 2463 4162 Ecclesiae
2493 4105 2760 4178 synodum
2783 4097 3215 4171 convocem-sed
3235 4117 3351 4157 rem
3385 4102 3453 4157 ad
3478 4101 3782 4158 Rothoma-

2208 4213 2428 4271 gensem
2486 4196 2978 4268 archiepiscopum,
3022 4210 3118 4252 seu
3159 4194 3229 4250 ad
3273 4194 3442 4251 totius
3486 4194 3784 4265 provincia

2208 4290 2515 4347 universale
2566 4288 2857 4346 concilium
2889 4287 3143 4359 perferat,
3191 4295 3252 4342 ut
3286 4301 3477 4342 eorum
3525 4288 3778 4353 consilio,

2209 4382 2550 4451 auctoritate,
2582 4380 2919 4448 ditiinitione,
2942 4380 3145 4447 audiat,
3177 4378 3371 4445 discat,
3397 4378 3630 4449 accipiat
3649 4378 3780 4450 quid

2141 4469 2186 4523 D
2211 4476 2296 4547 agi
2332 4476 2447 4531 sive
2469 4475 2634 4531 statui
2671 4473 2739 4529 de
2773 4488 2840 4528 eo
2881 4479 3158 4542 oporteat;
3196 4469 3462 4526 sententia
3504 4478 3687 4525 tamen
3715 4470 3781 4526 de

2212 4567 2533 4638 capitalibus
2585 4565 2895 4636 apostolicae
2947 4564 3064 4620 sedi
3123 4571 3418 4618 reservata.
3485 4560 3570 4616 Ad
3617 4576 3778 4632 quem

2211 4657 2563 4715 Baioeensem
2605 4657 2921 4728 episcopum
2950 4655 3084 4710 nihil
3114 4654 3259 4711 aliud
3301 4652 3475 4723 ipsius
3502 4662 3780 4710 monaste-

2211 4751 2279 4806 rii
2304 4752 2575 4822 pertinere
2608 4747 2972 4815 decernimus,
3006 4746 3110 4803 nisi
3140 4744 3352 4802 abbatis
3375 4751 3431 4799 et
3458 4754 3778 4801 cancrorum

2211 4844 2308 4913 qui
2362 4843 2563 4899 ibidem
2617 4849 2747 4898 sunt
2791 4838 3143 4912 promovendi
3196 4835 3589 4903 ordinationes,
3639 4838 3778 4892 sacri

2212 4935 2524 4992 chrismatis
2549 4934 2776 4998 donum,
2813 4941 2867 4987 et
2890 4931 3242 4986 ecclesiarum
3275 4928 3662 4994 dedicationes,
3682 4929 3781 4983 lai-

2213 5041 2426 5084 eorum.
2466 5024 2562 5084 aui
2590 5023 2894 5081 criminalia
2915 5029 3134 5084 peccata
3177 5021 3526 5084 incurrerint,
3553 5021 3778 5077 consilia
