4050 5358
214 218 235 241 ,
297 174 427 231 l5“

1447 163 1805 223 EPISTULAS
1842 161 1930 217 ΕΤ
1958 163 2345 233 DlPLOMATA
2356 207 2369 220 .

3406 162 3541 225 1542

292 286 572 358 elegerint.
598 283 657 339 Si
684 286 810 358 quis
834 282 998 355 igitur
1033 281 1323 337 temerario
1368 296 1507 337 ausu
1553 280 1719 351 hujus
1757 293 1859 333 no-
1889 277 1936 333 Α
1963 276 2052 345 pio
2081 277 2277 334 intuitu
2309 286 2494 337 custos
2529 288 2583 335 ct
2616 279 2932 336 observator
2957 276 3242 345 exstiterit,
3271 281 3540 350 repleatur

294 386 424 432 stne
445 376 744 434 sanctionis
769 376 1031 447 scripturn
1066 373 1270 429 violare
1296 372 1724 442 praesumpserit,
1761 386 1859 424 au-

292 470 546 525 ctoritate
567 469 850 524 beatorum
881 468 1253 538 apostolorum
1276 465 1422 520 Petri
1450 474 1504 520 et
1530 463 1683 520 Pauli
1724 464 1860 519 sciat

293 578 354 617 se
398 562 715 617 innodatum
742 560 964 616 vinculo
997 558 1602 624 excommunicationis,
1654 572 1860 626 quous-

291 669 399 723 que
440 654 633 725 dignos
660 651 990 725 paenitentia:
1040 651 1249 708 fructus
1295 658 1499 712 sanctte
1554 649 1862 721 apostolicae

292 746 407 801 sedi
435 736 918 817 rcprmsentaverit.

942 855 1077 911 LVII
1111 858 1208 912 bis.

290 967 623 1051 Refer-{ptum
654 967 945 1023 Alexandri
980 984 1143 1051 papa:
1171 966 1243 1051 IL
1264 968 1332 1051 ad
1362 967 1582 1051 Petrum
1620 968 1863 1051 (foliatam

362 1039 614 1102 Cellonis,
647 1055 750 1109 quo
786 1038 1159 1093 monasterium
1201 1038 1528 1093 Gallonicum
1558 1039 1653 1093 sub
1678 1039 1860 1108 defen-

359 1110 505 1165 sione
524 1110 663 1165 sedis
696 1110 1001 1181 apostolica:
1020 1110 1259 1179 suscipit.

876 1221 1057 1294 (Anno
1089 1219 1272 1289 1068.)

582 1339 766 1414 [GalL
794 1339 993 1396 Christ.
1026 1349 1158 1393 tom.
1190 1336 1279 1404 v1,
1312 1353 1365 1408 p.
1399 1335 1562 1409 27.4.]

354 1453 682 1507 ALEXANDER
702 1452 1011 1524 episcopus,
1038 1466 1229 1507 servus
1257 1465 1541 1505 servorum
1565 1447 1680 1514 Dei,
1704 1463 1864 1502 vene-

284 1542 444 1600 rabili
476 1544 659 1600 abbati
681 1545 996 1601 monasterii
1023 1542 1208 1601 Sancti
1233 1541 1550 1607 Salvatoris,
1578 1541 1631 1595 in
1660 1540 1865 1611 episco-

1961 366 2255 424 ahundatia
2276 370 2587 440 apostolica:
2608 370 3019 427 benedictionis.

2030 457 2227 516 Datum
2253 461 2509 518 Laterani
2535 480 2624 518 xxv
2657 462 2774 519 Kal.
2805 463 3004 534 Aprilis
3038 481 3134 535 per
3168 481 3364 522 manus
3392 467 3540 522 Petri

1961 561 2164 608 sanctae
2201 552 2463 613 Romana:
2496 554 2755 614 Ecclesia:
2793 558 3110 613 subdiacoui
3150 574 3216 613 ac
3248 558 3539 614 bibliothe-

1961 642 2116 709 carii,
2139 659 2283 711 anno
2304 662 2379 702 vn
2398 648 2749 715 pontiﬁcatus
2769 648 2973 708 domini
2992 651 3282 708 Alexandri
3298 667 3450 721 pana:
3471 649 3535 706 ll.

2642 781 2820 838 LVIII.

1966 890 2265 944 Alexandri
2297 889 2361 945 11
2383 908 2548 963 papte
2575 894 2799 963 epistola
2828 894 2897 948 ad
2940 894 3172 950 Udonem
3220 896 3538 956 Trevirensis

2421 962 2631 1017 caesia:
2655 965 3124 1036 archiepiscopum.

2561 1053 2737 1124 (Anno
2763 1056 2945 1127 1068.)

1967 1140 2230 1212 [Eanum
2260 1142 2441 1198 Zeidts
2470 1143 2651 1200 Christ
2692 1146 2782 1217 fur
2834 1147 3285 1212 Vaterlandische.
3309 1160 3442 1206 tom.
3463 1149 3534 1216 Χ,

2628 1252 2683 1309 p.
2712 1238 2863 1311 510.]

2034 1344 2359 1400 ALEXANDER
2414 1347 2726 1419 episeOpus,
2775 1364 2966 1405 servus
2994 1366 3272 1406 sen'orum
3303 1351 3418 1419 Dei,
3448 1354 3534 1407 di-

1963 1435 2106 1490 lecto
2130 1432 2285 1491 fratri
2315 1446 2506 1492 nostro
2537 1437 2707 1494 Unom
2740 1448 2943 1495 sanctae
2968 1438 3223 1497 Ecclesiae
3249 1442 3537 1497 Treviren-

1966 1527 2044 1582 sis
2070 1530 2378 1585 venerando
2399 1531 2828 1601 archiepiscopo.

283 1646 416 1708 patu
448 1637 752 1704 Luterensi,
791 1636 1071 1695 constituti
1103 1635 1158 1689 in
1180 1635 1301 1690 loco
1322 1634 1415 1705 qui
1437 1634 1635 1689 dicitur
1677 1632 1858 1687 Gcllo-
1892 1613 1935 1670 Β
2032 1618 2234 1677 Diebus
2258 1623 2383 1677 V1133
2422 1631 2549 1678 “133-
2572 1621 2637 1678 Εἴ
2660 1623 2705 1678 εί
2735 1632 2984 1695 Pastor“
3012 1625 3194 1680 ονίυῐη
3238 1626 3405 1681 εοῖθῐη
3441 1643 3533 1698 Sc“

285 1730 395 1796 nis,
426 1730 649 1801 suisque
692 1728 1101 1787 successoribus
1135 1726 1397 1783 canonice
1442 1725 1855 1791 substituendis,

283 1831 599 1893 perpetuam
622 1821 678 1879 in
704 1820 935 1876 Domino
960 1821 1211 1877 salutem.

354 1913 503 1971 Licet
535 1913 773 1985 generali
804 1912 1165 1971 sollicitudine
1190 1911 1334 1966 circa
1371 1917 1572 1965 statum
1612 1909 1858 1964 omnium

284 2001 650 2060 Ecclesiarum
693 2003 973 2076 invigilare
1007 2002 1321 2068 debeamus,
1353 1999 1643 2073 specialius
1676 2008 1858 2055 tamen

282 2112 474 2150 eorum
514 2094 836 2151 utilitatibus
867 2111 969 2150 nos
997 2093 1251 2149 convenit
1291 2093 1577 2165 providere
1621 2108 1858 2162 quorum

282 2185 450 2239 vitam
471 2191 525 2241 et
545 2184 1013 2241 conversationem
1040 2183 1220 2240 studio
1241 2182 1556 2238 monasticm
1581 2180 1859 2253 religionis

283 2276 452 2331 claret
496 2276 871 2347 resplendere;
919 2282 1071 2330 tanto
1104 2275 1248 2329 enim
1298 2282 1500 2330 sanctae
1547 2272 1859 2345 apostolica:

283 2367 448 2432 sedis,
478 2366 587 2434 cui,
635 2367 762 2422 licet
812 2365 1037 2437 indigni,
1067 2364 1427 2431 deservimus,
1464 2364 1857 2436 protectionem

283 2467 578 2525 merentur,
626 2466 831 2528 quanto
880 2457 1105 2513 internae
1148 2456 1621 2527 contemplationis
1663 2456 1859 2511 ardore

282 2548 513 2604 Domino
539 2560 727 2606 nostro
754 2549 881 2605 Jesu
908 2550 1126 2605 Christo
1155 2549 1388 2605 vicinius
1416 2549 1691 2603 adhaerere
1730 2563 1858 2618 pro-

281 2641 500 2697 bantur.
553 2640 787 2697 Proinde
834 2641 962 2715 quia
1016 2642 1230 2697 devotio
1277 2649 1460 2697 vestra
1497 2640 1789 2712 postulavit
1825 2654 1856 2693 a

282 2733 440 2793 nobis
465 2742 524 2788 ut
567 2733 961 2789 monasterium
1007 2742 1252 2789 vestrum
1290 2732 1607 2789 defensione
1656 2740 1857 2788 nostra:

282 2821 540 2881 Romanae
588 2824 843 2881 Ecclesiae
890 2824 1249 2891 muniremus,
1299 2824 1542 2880 inclinati
1603 2825 1856 2894 precibus

279 2917 477 2981 vestris
506 2918 655 3009 idern
679 2934 803 2974 cum
844 2918 1098 2977 omnibus
1136 2916 1287 2987 juste
1324 2916 1427 2972 sibi
1458 2917 1854 2987 pertinentibus
1881 2954 1923 3011 ο

282 3009 384 3073 sub
416 3010 587 3071 tutela
610 2992 665 3066 et
682 3008 998 3065 defensione
1023 3009 1334 3079 apostolicae
1358 3010 1504 3065 sedis
1538 3009 1851 3080 recipimus,

280 3108 334 3155 et
359 3102 427 3156 ab
457 3102 607 3157 omni
650 3102 962 3158 conditione
987 3101 1219 3156 liberum
1241 3108 1296 3157 et
1321 3101 1568 3172 quietum
1607 3116 1729 3157 esse
1755 3102 1853 3158 de-

279 3193 575 3260 cernimus,
594 3194 669 3250 ita
687 3202 869 3250 tamen
888 3202 971 3261 ut,
992 3193 1196 3264 proprii
1219 3193 1596 3249 tantummodo
1612 3192 1853 3264 episcopi

279 3285 577 3341 reverentia
616 3294 851 3352 servata,
890 3285 1025 3341 nulli
1071 3285 1194 3340 loco
1230 3285 1530 3356 subjaceat,
1577 3285 1683 3341 nisi
1726 3285 1854 3341 huic

279 3384 478 3435 Sanctae
518 3376 777 3434 Romamn
797 3377 1090 3445 Ecclesiae;
1121 3376 1236 3448 qui,
1264 3377 1514 3433 videlicet
1540 3377 1715 3448 episc:
1727 3393 1851 3447 pus,

279 3470 489 3525 nullum
536 3470 591 3525 in
629 3469 1238 3540 przedictomonasterii
1279 3470 1531 3526 abbatem
1559 3478 1855 3540 praesumat

277 3562 552 3629 ordinare,
582 3562 690 3627 nisi
715 3577 878 3633 quem
927 3562 1182 3618 monachi
1226 3562 1469 3632 ejusdem
1512 3560 1851 3629 monasterii,

278 3651 448 3709 Deum
489 3654 761 3722 timentes,
788 3655 942 3724 juxta
970 3654 1170 3725 regulae
1205 3654 1350 3709 beati
1391 3652 1665 3709 Benedicti
1693 3662 1852 3708 teno-

278 3761 414 3811 rem,
444 3746 725 3819 elegerint,
749 3747 928 3817 ipsum
947 3761 1078 3801 vero
1115 3746 1232 3802 sine
1255 3746 1404 3801 omni
1440 3744 1630 3801 fraude
1649 3754 1703 3799 et
1728 3760 1855 3801 con-

278 3838 600 3893 tradictione
665 3837 980 3904 benedicat;
1028 3852 1059 3891 a
1108 3852 1219 3907 quo
1262 3836 1522 3891 nimirum
1574 3837 1850 3907 episeopo,

280 3928 325 3983 si
353 3929 523 3985 abbas
552 3928 636 3984 vel
674 3928 925 3983 monachi
954 3928 1127 3999 ipsius
1185 3928 1503 3985 monasterii
1551 3944 1609 3984 se
1654 3928 1854 3999 injuste

278 4020 605 4092 prtegravari
631 4020 998 4091 cognoverint,
1033 4020 1101 4075 ad
1139 4019 1530 4076 defendendam
1575 4020 1851 4091 propriam

281 4111 644 4167 innocentiam
678 4118 733 4165 et
775 4110 1013 4181 episcopi
1046 4109 1448 4167 infestationem
1476 4111 1851 4183 corrigendam

279 4201 448 4256 libere
475 4201 617 4271 hanc
639 4202 822 4258 sedem
849 4202 1135 4273 appellent.

1960 1711 2126 1784 luque
2150 1730 2250 1786 pro
2273 1715 2452 1786 gregis
2481 1716 2566 1771 sui
2594 1717 2843 1772 custodia
2866 1718 2953 1773 die
2984 1727 3257 1789 noctuque
3284 1718 3423 1774 ferre
3449 1720 3535 1773 in-

1958 1806 2096 1860 tenti
2132 1815 2278 1874 sunt,
2307 1815 2365 1862 ut
2393 1823 2569 1878 neque
2588 1824 2654 1864 ex
2676 1809 2755 1865 eis
2786 1820 2880 1866 aut
2903 1811 3137 1865 errando
3164 1821 3347 1883 pereat
3368 1819 3421 1867 et
3452 1811 3535 1869 fe-

1959 1897 2095 1955 rinis
2118 1900 2319 1957 laniata
2354 1903 2628 1959 morsibus
2645 1905 2876 1972 deficiat,
2908 1914 2960 1960 et
2980 1907 3152 1962 oculis
3171 1923 3382 1978 semper
3401 1908 3538 1981 vigi-

1958 1993 2200 2053 lantibus
2247 1995 2729 2067 circumspiciunt;
2795 2009 3000 2070 quanto
3054 2002 3274 2069 sudore,
3331 2012 3534 2074 quanta

1960 2104 2094 2144 cura
2116 2090 2379 2146 debemus
2407 2106 2527 2146 esse
2554 2092 2841 2165 pervigiles
2864 2109 2987 2161 nos,
3018 2095 3111 2165 qui
3138 2103 3387 2165 pastores
3412 2099 3533 2153 ani-

1960 2195 2174 2235 marum
2212 2197 2334 2237 esse
2380 2181 2632 2237 dicimur.
2684 2182 3042 2241 Attendamus
3079 2186 3244 2257 igitur
3288 2189 3418 2243 utsi
3448 2206 3536 2246 sa—

1958 2288 2111 2327 crum
2138 2272 2375 2328 oﬂicium
2407 2273 2663 2329 exhibere
2696 2289 2824 2346 erga
2866 2277 3175 2333 custodiam
3204 2279 3531 2335 commissa-

1958 2380 2082 2419 rum
2120 2364 2303 2418 ovium
2332 2379 2442 2419 non
2469 2380 2747 2433 assumus,
2775 2381 2843 2422 ne
2872 2366 2929 2420 in
2957 2368 3044 2423 die
3072 2368 3238 2424 divini
3265 2371 3534 2426 examinis

1952 2470 2057 2526 pro
2092 2455 2298 2511 desidia
2328 2464 2517 2511 nostra
2557 2464 2681 2512 ante
2724 2472 3001 2513 summum
3035 2457 3317 2517 Pastorem
3360 2462 3532 2533 negli-

1957 2547 2151 2619 gentia:
2178 2562 2281 2604 nos
2306 2556 2492 2605 reatus
2531 2549 2829 2616 excruciet,
2848 2551 2992 2606 unde
3010 2553 3173 2608 modo
3194 2554 3422 2609 honoris
3442 2569 3532 2611 re—

1955 2639 2197 2695 verentia
2246 2641 2387 2696 inter
2409 2649 2637 2697 cazteros
2680 2641 3029 2701 sublimiores
3055 2644 3386 2716 judicamur.
3408 2645 3533 2701 Pal-

1955 2731 2091 2787 lium
2116 2741 2296 2788 autem
2340 2731 2664 2789 fraternitati
2697 2743 2806 2790 tute
2849 2751 2916 2790 ex
2955 2751 3108 2792 more
3131 2738 3200 2793 ad
3237 2739 3529 2796 missarum

1956 2825 2223 2881 solemnia
2251 2824 2575 2883 celebranda
2612 2826 2755 2882 sicut
2796 2841 3120 2883 concessum
3155 2839 3238 2885 est
3284 2840 3529 2887 anteces-

1957 2917 2175 2973 soribus
2206 2918 2315 2974 tuis
2347 2918 2718 2984 concedimus,
2745 2918 2995 2975 videlicet
3014 2928 3076 2975 ut
3104 2921 3161 2975 in
3188 2920 3378 2978 Natale
3424 2922 3530 2976 Do-

1956 3008 2111 3075 mini,
2125 3010 2179 3064 in
2190 3009 2490 3080 Epiphania
2510 3009 2747 3077 Domini,
2769 3010 2823 3064 in
2851 3010 3237 3068 Puriﬁcatione
3256 3023 3309 3068 et
3329 3013 3385 3067 in
3407 3014 3532 3069 aliis

1956 3098 2341 3156 festivitatibus
2364 3110 2569 3157 sancta
2596 3100 2799 3169 Mariae,
2822 3102 2876 3156 in
2896 3101 3121 3171 Palmis,
3149 3104 3203 3159 in
3229 3104 3399 3160 Cmna
3421 3104 3530 3160 Do-

1953 3192 2108 3259 mini,
2138 3191 2193 3246 in
2233 3191 2471 3247 Sabbato
2499 3200 2708 3259 sancto,
2752 3193 2807 3247 in
2846 3194 2933 3248 die
2961 3193 3241 3250 Dominica
3274 3194 3533 3251 Resurre—

1952 3283 2171 3349 ctionis,
2195 3283 2249 3337 in
2275 3292 2467 3339 octava
2488 3282 2732 3349 Pascbte,
2757 3284 2811 3337 in
2846 3284 3186 3342 Ascensione
3212 3286 3451 3353 Domini,
3474 3290 3529 3343 in

1953 3375 2291 3441 Pentecoste,
2340 3376 2396 3431 in
2440 3375 2607 3430 natali
2651 3375 2825 3430 sancti
2871 3374 3099 3432 Joannis
3149 3376 3437 3448 Baptistae,
3475 3378 3528 3432 in

1953 3469 2121 3531 natali
2153 3467 2400 3522 omnium
2443 3467 2838 3537 apostolorum,
2888 3466 2943 3522 in
2973 3466 3114 3524 festo
3153 3468 3212 3524 S.
3250 3469 3529 3525 Laurentii

1952 3570 2007 3615 et
2029 3559 2086 3615 S.
2116 3558 2374 3626 Mauritii,
2400 3559 2455 3613 in
2481 3557 2619 3614 festo
2649 3558 2707 3614 S.
2728 3558 3008 3615 Michaelis
3032 3568 3087 3615 et
3114 3558 3375 3616 Omnium
3391 3560 3528 3616 San-

1953 3661 2189 3717 ctorum,
2237 3660 2291 3706 et
2328 3650 2385 3706 S.
2410 3650 2628 3705 Martini
2661 3658 2716 3706 et
2743 3659 3059 3707 sanctorum
3086 3651 3354 3719 virorum,
3383 3669 3528 3723 quo-

1953 3759 2075 3799 rum
2105 3758 2334 3812 corpora
2358 3743 2499 3813 apud
2525 3759 2624 3798 vos
2648 3742 2937 3811 habentur,
2974 3744 3031 3798 in
3054 3743 3397 3801 Dedicatione
3425 3744 3530 3802 Ec—

1951 3836 2151 3902 clesiae,
2172 3843 2225 3889 et
2254 3835 2310 3889 in
2339 3834 2713 3891 anniversario
2752 3844 2848 3891 tuo
2868 3845 2921 3891 et
2958 3837 3177 3907 quando
3201 3838 3419 3894 ordines
3446 3836 3530 3893 ia.-

1952 3928 2051 3983 cis.
2107 3925 2402 3982 Hortamur
2448 3925 2633 3997 itaque
2679 3927 3002 3983 charitatem
3047 3935 3199 3983 tuam
3236 3938 3296 3985 ut
3344 3943 3529 3986 mores

1951 4019 2077 4075 vitae
2109 4027 2215 4075 tua:
2240 4027 2394 4087 tanto
2415 4018 2642 4078 honoris
2689 4028 3009 4075 ornamento
3030 4021 3377 4088 conveniant,
3397 4022 3526 4091 qui-

1951 4110 2056 4166 bus
2083 4117 2304 4164 auctore
2331 4109 2443 4165 Deo
2484 4109 2717 4179 exempli
2742 4110 2907 4165 verbo
2952 4111 3132 4181 possis
3150 4126 3273 4166 esse
3306 4111 3528 4191 conspiu

1952 4216 2109 4258 cuus.
2141 4199 2263 4256 Vita
2299 4200 2466 4271 igitur
2506 4210 2600 4259 tua
2628 4201 2699 4256 sit
2734 4201 2858 4257 filiis
2884 4202 2996 4257 tuis
3020 4203 3224 4274 regula,
3257 4212 3317 4259 ut
3337 4203 3384 4259 si
3414 4219 3525 4272 qua

348 4291 752 4350 Conﬁrmamus
781 4294 945 4350 etiam
974 4294 1199 4365 praafato
1227 4294 1559 4350 monasterio
1588 4293 1851 4365 quidquid
1879 4294 1920 4352 C
1953 4291 2229 4347 corritudo
2259 4292 2344 4362 (so
2386 4294 2531 4348 steht
2553 4292 2812 4363 deutlich)
2852 4293 2908 4347 in
2938 4293 3047 4349 illis
3083 4294 3525 4365 deprehenditur,

282 4399 427 4439 nunc
455 4384 601 4455 juste
642 4394 807 4453 tenet,
847 4387 931 4441 vel
964 4387 1217 4457 deinceps
1240 4394 1425 4443 tenere
1450 4387 1626 4453 debet,
1656 4396 1768 4442 tam
1797 4386 1855 4441 in

282 4478 452 4545 cel-lis,
490 4478 755 4545 ecclesiis,
787 4480 1042 4546 castellis,
1061 4479 1222 4545 villis,
1253 4479 1472 4549 praediis
1496 4494 1662 4549 quam
1688 4478 1853 4534 etiam

284 4570 338 4624 in
363 4571 572 4626 caeteris
599 4570 782 4638 rebus,
808 4571 1099 4627 mobilibus
1120 4571 1366 4627 videlicet
1388 4580 1442 4625 et
1462 4571 1853 4637 immobilibus,

284 4661 694 4729 constituentes,
719 4677 818 4731 per
845 4662 1009 4732 hujus
1052 4661 1227 4719 nostri
1252 4661 1519 4731 privilegii
1556 4662 1853 4717 auctorita-

286 4760 411 4816 tem,
435 4759 494 4806 ut
522 4751 667 4807 nulla
695 4753 1015 4822 spiritualis,
1045 4768 1138 4808 seu
1165 4752 1443 4809 saecularis
1471 4768 1702 4822 persona
1723 4769 1856 4824 pra:-

283 4850 461 4897 sumat
502 4843 668 4914 hujus
704 4852 906 4899 nostra:
937 4843 1235 4900 sanctionis
1272 4842 1536 4912 scriptum
1574 4845 1630 4903 in
1653 4854 1850 4913 totum,

1954 4382 2011 4438 in
2039 4400 2102 4439 ea
2139 4383 2422 4455 dirigatur.
2449 4384 2555 4440 Cor
2584 4401 2715 4456 ergo
2735 4392 2891 4440 tuum
2917 4400 3094 4457 neque
3117 4400 3377 4457 prospera
3405 4403 3528 4458 qua:

1954 4474 2326 4545 temporaliter
2360 4476 2732 4542 blandiuntur,
2775 4475 3056 4542 extollant,
3086 4492 3262 4548 neque
3299 4478 3531 4536 adversa

1955 4567 2232 4638 dejiciant,
2263 4567 2356 4624 sed
2378 4567 2643 4639 quidquid
2669 4566 2802 4623 illud
2830 4567 3016 4635 fuerit,
3034 4568 3233 4623 virtute
3259 4569 3534 4637 patientia:

1954 4660 2312 4717 devinciatur.
2361 4658 2581 4715 Nullum
2638 4660 2782 4729 apud
2821 4668 2875 4714 te
2920 4659 3103 4717 locum
3140 4660 3285 4726 odia,
3316 4662 3536 4720 nullum

1955 4752 2111 4809 favor
2132 4751 2458 4808 indiscretus
2478 4751 2737 4809 inveniat.
2772 4750 2923 4822 (Hier
2955 4752 3076 4808 eine
3103 4751 3268 4806 Lacte
3293 4750 3366 4804 im
3382 4751 3547 4834 [ιω-1.)

1955 4844 2356 4903 benedictionis
2384 4852 2491 4900 tute
2513 4845 2759 4916 justique
2776 4841 2972 4914 judicii
2991 4858 3129 4913 opus
3156 4841 3381 4912 (wieder
3419 4851 3565 4913 eine

263 4943 554 5001 partemve
579 4934 889 5007 infringere,
918 4944 1186 5006 quatenus
1208 4937 1278 4991 ab
1298 4936 1449 4990 omni
1470 4937 1711 4994 humana
1735 4954 1854 5010 per-

272 5024 586 5081 turbatione
621 5027 803 5087 securi
834 5036 995 5098 atque
1019 5029 1188 5097 quieti
1213 5027 1577 5096 omnipotenti
1604 5029 1714 5086 Deo
1751 5046 1850 5086 va-

247 5137 251 5140 ν
281 5116 423 5173 leant
454 5118 706 5173 militare.
741 5117 797 5172 Si
826 5120 949 5190 quis
989 5118 1154 5189 igitur
1176 5134 1336 5181 .ausu
1371 5122 1666 5179 temerario
1708 5124 1851 5179 hanc

278 5216 517 5263 nostram
541 5208 975 5266 constitutionem
1015 5211 1220 5269 violare
1252 5213 1685 5282 praesumpserit,
1715 5215 1848 5270 bea-

274 5305 451 5352 torum
483 5299 848 5358 apostolorum
889 5300 1031 5355 Petri
1057 5315 1112 5358 et
1145 5301 1306 5358 Pauli
1331 5301 1469 5358 sciat
1491 5322 1551 5358 se
1580 5323 1755 5358 usmre
1778 5308 1846 5358 ad

1956 4940 2145 5015 Lacte)
2190 4938 2324 4994 vitio
2369 4940 2751 4998 commaculet.
2804 4936 2889 4993 Sit
2923 4937 2980 4992 in
3019 4946 3071 4993 te
3102 4944 3157 4992 et
3183 4933 3313 4990 boni
3367 4953 3587 5015 pauc“

1953 5036 2186 5095 dulcedo
2206 5040 2261 5089 et
2295 5032 2496 5102 judicis
2521 5049 2659 5105 pura
2704 5030 2985 5097 discretio,
3015 5044 3185 5085 unum
3218 5027 3366 5096 quod
3397 5032 3609 5116 iuno,

1954 5138 2141 5187 center
2176 5123 2419 5181 viventes
2463 5122 2666 5189 foveat,
2696 5119 2847 5174 aliud
2895 5117 3171 5191 inquietos
3211 5131 3245 5171 a
3274 5127 3615 5206 pravitate

1958 5221 2291 5291 compescat.
2344 5212 2754 5271 Misericordem
2809 5217 2863 5263 te
2902 5219 3069 5279 prout
3107 5209 3286 5265 virtus
3335 5223 3619 5297 patitur

1958 5306 2292 5358 mrimribus
2331 5303 2549 5358 exhibe.
2596 5297 2890 5358 Oppressis
2929 5298 3175 5358 defensio
3221 5303 3315 5351 tua
3351 5311 3629 5358 sui“.--
