4050 5358
567 315 703 373 1345

1722 362 1730 368 ς
1829 320 2226 390 ALEXANDRI
2260 334 2305 391 ll
2339 326 2540 394 ΡΑΡᾸΞ

3688 345 3820 407 IS“

551 433 636 487 ’tis
655 425 1113 531 excellat,_ut'nec
1136 437 1357 531 divitem
1383 429 1625 510 potentia
1648 459 1746 499 sua
1770 445 1976 517 aliquid
2004 448 2147 519 apud
2174 434 2221 506 Ἀ
2247 449 2586 522 Pentecoste,
2621 454 2674 509 in
2702 454 2981 513 nativitate
3011 456 3066 512 S.
3087 456 3311 516 Joannis
3334 459 3608 531 Baptistae,
3640 459 3694 516 in
3728 478 3824 516 na-

563 541 662 581 vos
685 532 839 613 extra
877 527 1023 582 viam
1058 529 1284 587 suadeat
1320 534 1552 591 rationis
1580 536 1772 592 audire
1810 555 1912 596 nec
1944 556 2147 613 paupe-

562 635 681 676 rem
707 610 837 677 dare
866 638 965 678 sua
1010 621 1174 680 faciat
1211 625 1493 685 humilitas
1523 630 1832 701 desperare.
1863 610 2146 702 Quatenus

565 712 676 768 Deo
708 714 1005 770 miserante
1053 718 1179 773 talis
1224 706 1405 790 possis
1437 722 1702 791 existere,
1733 727 1951 795 qualem
1989 743 2145 783 sacra

563 808 781 862 sanctio
823 809 1085 879 praecipit,
1133 810 1321 867 dicens
1354 831 1366 867 :
1410 813 1628 884 Oportet
1666 818 1968 889 episcopum
2003 820 2146 873 irre-

561 899 968 967 preliensibilem
1016 919 1144 957 esse.
1183 903 1289 959 Sed
1332 905 1419 961 bis
1446 909 1704 965 omnibus
1746 912 1826 965 uti
1855 911 2146 966 salubriter

562 989 789 1057 poteris,
833 991 882 1045 si
924 993 1243 1064 magistram
1275 996 1597 1054 cbaritatem
1643 1001 1922 1068 habueris,
1977 1018 2143 1074 quam

560 1080 655 1151 qui
682 1086 903 1138 secutos
950 1082 1073 1152 fuit,
1098 1102 1129 1141 a
1158 1098 1307 1142 recto
1342 1089 1637 1160 aliquando
1666 1094 1886 1148 tramite
1923 1110 2030 1149 non
2058 1110 2144 1150 re-

561 1172 722 1227 cedit.
752 1171 913 1242 Ecce,
936 1174 1107 1231 frater
1145 1178 1488 1247 cbarissime,
1526 1181 1674 1238 intus
1702 1185 1874 1240 multa
1903 1185 2009 1242 alia
2038 1187 2141 1241 ista

560 1275 691 1320 sunt
725 1266 1036 1334 sacerdotii,
1063 1267 1167 1323 ista
1193 1279 1320 1324 sunt
1344 1273 1514 1343 pallii,
1543 1289 1666 1344 quae
1688 1276 1735 1331 si
1757 1277 1999 1333 studiose
2023 1293 2140 1333 scr-

561 1357 729 1425 varis,
745 1359 891 1429 quod
903 1358 1096 1415 feceris
1113 1363 1389 1432 accepisse
1403 1366 1709 1422 ostenderis
1724 1368 1872 1426 intus
1894 1370 2138 1424 habebis.

558 1447 710 1505 Crux
740 1461 921 1507 autem
963 1462 1088 1509 ante
1110 1462 1161 1508 te
1198 1455 1342 1534 sicut
1381 1467 1508 1513 ante
1549 1446 1868 1517 delcessores
1905 1472 2030 1519 tuos
2052 1463 2139 1517 ubi

561 1552 781 1612 geratur
809 1588 825 1613 ,
874 1547 1169 1617 primatum
1222 1565 1442 1621 quoque
1508 1551 1765 1610 Ecclesiae
1832 1564 1940 1610 tua:
1984 1556 2141 1626 juxta

560 1632 795 1691 formam
839 1649 1155 1695 sanctorum
1208 1644 1675 1711 prmdecessorum
1718 1654 2065 1715 nostrorum;
2110 1663 2140 1701 a

2247 542 2342 597 tali
2377 546 2623 600 omnium
2677 549 3073 617 apostolorum,
3101 559 3157 605 et
3205 552 3379 607 sancti
3405 551 3687 607 Michaelis
3730 568 3821 606 ar-

2245 635 2514 707 changeli,
2547 646 2601 692 et
2620 636 2876 695 Omnium
2908 639 3257 709 Sanctorum,
3281 658 3344 698 ac
3364 652 3675 699 vestrorum
3697 659 3825 698 san-

2244 735 2481 795 ctorum,
2522 744 2760 800 quorum
2805 746 3037 802 corpora
3070 732 3214 802 apud
3251 748 3350 788 vos
3372 733 3612 800 habetis;
3647 734 3703 788 in
3731 734 3824 787 de-

2243 818 2515 876 dicatione
2534 822 2912 890 ecclesiarum,
2943 831 2997 878 et
3015 824 3237 894 quando
3262 824 3636 880 ordinationes
3665 824 3821 879 facis.

2244 910 2542 969 Hortamur
2597 915 2782 986 itaque
2828 916 3150 972 cbaritatem
3194 925 3367 983 tuam,
3395 926 3457 971 ut
3493 932 3680 972 mores
3702 917 3826 972 vita:

2244 1011 2352 1060 tua;
2386 1005 2522 1060 tanti
2566 1007 2794 1062 honoris
2839 1015 3162 1064 ornamento
3194 1008 3427 1078 exempli
3456 1009 3664 1079 ubique
3691 1024 3822 1079 pos-

2244 1095 2355 1152 sint
2393 1112 2517 1154 esse
2540 1098 2844 1169 conspicui.
2878 1098 3001 1155 Vita
3041 1100 3207 1172 igitur
3231 1107 3325 1156 tua
3350 1100 3477 1156 ﬁliis
3503 1100 3617 1155 tuis
3640 1099 3713 1156 sit
3740 1117 3822 1155 re-

2243 1189 2393 1259 gula,
2424 1197 2486 1244 ut
2522 1190 2569 1246 si
2597 1206 2706 1261 qua
2736 1190 3001 1247 fortitudo
3044 1191 3467 1262 deprehenditur
3493 1192 3549 1247 in
3580 1206 3670 1258 ea,
3693 1191 3823 1246 diri-

2243 1289 2402 1351 gatur
2433 1296 2531 1337 cor
2556 1298 2684 1354 erga
2714 1299 2899 1351 suum,
2922 1297 3100 1354 neque
3129 1298 3389 1356 prospera
3409 1298 3533 1354 qua!
3551 1292 3824 1353 tempora-

2242 1373 2366 1427 liter
2391 1373 2747 1429 blandiuntur
2775 1374 3060 1442 extollant,
3094 1390 3271 1446 neque
3290 1375 3518 1430 adversa
3542 1374 3821 1446 dejiciant,

2243 1466 2336 1521 sed
2365 1466 2628 1538 quidquid
2656 1467 2787 1523 illud
2810 1466 2993 1534 fuerit,
3016 1466 3279 1522 virtutum
3301 1467 3538 1538 puritate
3565 1466 3824 1521 devinca-

2244 1564 2352 1612 tur.
2386 1556 2604 1613 Nullum
2629 1559 2770 1630 apud
2801 1567 2854 1615 te
2873 1559 3054 1615 locum
3078 1560 3225 1628 odia,
3252 1559 3435 1614 nullus
3473 1561 3632 1613 favor
3652 1559 3822 1613 indis-

2243 1658 2427 1706 cretus
2478 1651 2738 1707 inveniat.
2775 1650 2959 1707 Sacrae
2986 1651 3383 1708 benedictionis
3442 1659 3553 1706 tute
3581 1650 3825 1722 justique

558 1745 794 1800 quorum
837 1734 1161 1790 auctoritate
1195 1750 1306 1789 non
1343 1735 1606 1794 debemus
1650 1739 1907 1795 oberrare
1944 1757 2143 1796 concc-
2174 1806 2206 1814 _
2240 1743 2433 1813 judicii
2456 1760 2595 1814 opus
2624 1744 2771 1799 nulla
2815 1744 3125 1800 venalitatis
3174 1743 3496 1799 interventio
3517 1758 3826 1797 commacu-

557 1826 740 1881 dimus
791 1834 845 1880 et
891 1828 1301 1887 conﬁrmamus.
1348 1830 1551 1888 Sancta
1596 1832 1834 1891 Trinitas
1882 1835 2140 1892 fraterni-
2174 1806 2216 1864 Β
2241 1806 2343 1904 let;
2389 1837 2461 1891 sit
2490 1806 2545 1891 in
2569 1848 2620 1892 te
2646 1846 2701 1893 et
2724 1837 2854 1892 boni
2886 1836 3123 1908 pastoris
3150 1835 3378 1891 dulcedo
3416 1843 3471 1891 et
3501 1834 3710 1906 judicis
3740 1849 3823 1889 se-

557 1928 725 1974 tatem
751 1929 902 1976 tuam
927 1923 1113 1993 gratiae
1134 1940 1248 1980 sua:
1283 1927 1619 1995 protectione
1643 1927 1944 1987 circumdet
1979 1939 2141 2000 atque
2226 1927 2371 1984 'vera
2425 1929 2718 1995 districtio,
2768 1946 2938 1984 unum
2967 1929 3175 1985 scilicet
3222 1928 3543 1983 innocenter
3586 1928 3826 1981 viventes

556 2016 631 2067 ita
664 2014 717 2067 in
746 2014 956 2071 timoris
981 2017 1067 2071 sui
1099 2016 1185 2071 via
1218 2035 1318 2074 nos
1348 2019 1565 2090 dirigat,
1588 2028 1649 2075 ut
1670 2030 1792 2092 post
1827 2023 1951 2079 vitae
1975 2023 2140 2095 hujus

556 2106 977 2163 amaritudinem
1015 2110 1085 2165 ad
1119 2118 1380 2166 aeternam
1424 2112 1589 2168 simul
1623 2113 1963 2171 dulcedinem
2011 2132 2134 2188 per-

555 2209 740 2254 venire
763 2216 1001 2257 meream
1012 2219 1095 2257 ur.
2106 2274 2107 2281 η

544 2368 549 2369 γ
628 2289 902 2365 Scriptum
920 2312 1015 2366 per
1039 2313 1262 2353 manum
1284 2296 1510 2356 Joannis
1538 2302 1737 2356 notarii
1765 2312 1820 2358 et
1844 2303 2138 2375 regionarii

555 2404 621 2441 ac
650 2389 924 2446 scriniarii
958 2403 1161 2451 sanctae
1186 2396 1332 2453 sedis
1359 2398 1691 2468 apostolicae,
1736 2399 2035 2456 indictione
2059 2416 2134 2467 vi,

554 2495 699 2535 anno
732 2481 891 2539 1065.
1069 2562 1073 2566 >
1514 2542 1538 2570 ⁸

1205 2625 1208 2629 ’
1291 2602 1427 2659 LIX.

551 2687 856 2745 Alexander
906 2690 977 2747 ΙΙ
1031 2693 1271 2771 Arnoldii
1331 2697 1721 2771 archiepiscopo
1776 2700 2136 2757 Acheruntino

1047 2765 1204 2837 pallii
1238 2783 1392 2822 usum
1428 2765 1636 2825 tribuit.

1152 2855 1332 2935 (Anno
1361 2859 1545 2931 l068.)

826 2943 1110 3016 [UGlll-ZLLI,
1146 2947 1320 3027 Italia
1349 2967 1526 3028 sacra,
1556 2951 1667 3020 Vl],
1699 2952 1816 3026 25.]

622 3057 950 3115 Meuanas
977 3062 1289 3133 episcopus,
1333 3080 1526 3122 servus
1554 3076 1841 3122 servOrum
1872 3067 1990 3136 Dei,
2025 3068 2133 3123 An-

550 3166 723 3208 nonno
774 3153 1164 3214 Acheruntinae
1207 3157 1466 3216 Ecclesia:
1515 3163 1814 3218 venerabili
1863 3165 2135 3236 archiepi-

551 3256 739 3311 scopo,
763 3253 1079 3316 perpetuam
1118 3250 1176 3303 in
1205 3250 1437 3307 Domino
1458 3253 1707 3310 salutem.

620 3332 1216 3410 Convenit‘apostolico
1238 3344 1607 3401 moderamini.
1628 3347 1717 3417 pia
1737 3346 1999 3418 religione
2022 3348 2133 3418 pol-

548 3427 786 3487 lentibus
829 3432 1024 3490 affectu
1048 3436 1243 3493 debita:
1271 3438 1555 3496 charitatis
1601 3440 1656 3494 in
1711 3440 2131 3496 neceSsitatibns

550 3523 841 3582 subvenire
885 3536 939 3582 et
988 3543 1181 3584 eorum
1222 3531 1388 3601 justis
1416 3533 1772 3602 petitionibus
1805 3533 2128 3588 benevolum

548 3618 790 3687 praebere
840 3636 1149 3678 assensum.
1209 3624 1364 3681 Tunc
1402 3628 1547 3682 enim
1600 3627 1738 3682 lucri
1782 3627 2128 3697 potissimum

548 3710 833 3778 praemium
858 3714 1004 3784 apud
1025 3718 1364 3773 conditorem
1400 3719 1648 3774 omnium
1693 3719 1864 3774 Deum
1890 3735 1993 3777 nos
2031 3721 2130 3775 lia-

546 3805 759 3864 bituros
786 3825 1090 3881 speramus,
1120 3815 1166 3870 si
1194 3818 1522 3873 venerabilia
1549 3818 1666 3874 loca
1697 3828 2011 3874 sanctorum
2035 3836 2131 3890 per

547 3914 650 3955 nos
691 3899 895 3957 fuerint
944 3906 1012 3960 ad
1068 3909 1348 3964 meliorem
1395 3920 1599 3967 statum
1643 3914 1924 3983 perducta.
1964 3913 2131 3987 Igitur

545 3988 673 4057 quia
725 3993 1044 4061 postulastis
1083 4011 1115 4050 a
1174 4000 1332 4054 nobis
1382 4009 1653 4071 quatenus
1682 4006 2126 4074 concederemus,

544 4079 999 4143 conﬁrmaremus
1016 4088 1113 4142 tibi
1132 4091 1660 4164 archiepiseOpatum
1679 4096 1949 4165 praedicta:
1961 4098 2131 4155 Ache-

520 4172 780 4230 ‘runtinze
802 4174 1078 4249 Ecclesiae,
1102 4198 1227 4238 cum
1250 4186 1506 4243 omnibus
1528 4189 1802 4258 parocbiis
1828 4191 1966 4259 suis,
1992 4193 2128 4248 civi-

546 4266 750 4329 tatibus
801 4271 1063 4344 quinque,
1116 4278 1368 4336 videlicet
1396 4279 1657 4349 Venusio,
1685 4282 1867 4341 Monte
1906 4285 2127 4355 Milone,

545 4357 807 4431 Potenza,
855 4363 1050 4435 Tulba,
1078 4362 1346 4438 Tricario,
1391 4371 1572 4429 Monte
1613 4374 1826 4444 Peloso,
1865 4376 2126 4446 Gravina,

542 4449 770 4521 Matera,
818 4454 1049 4526 Oblano,
1097 4460 1260 4517 Turri
1308 4462 1526 4532 Tursio,
1573 4465 1889 4536 Lasiniano,
1937 4471 2127 4526 sancto

544 4540 821 4613 Quiriaco,
848 4546 1053 4618 Virolo,
1079 4568 1203 4608 cum
1243 4557 1481 4612 castellis
1500 4566 1554 4612 et
1574 4559 1736 4626 villis,
1775 4562 2125 4617 monasteriis

543 4650 609 4689 ac
633 4636 901 4707 plebibus,
923 4649 1035 4697 tam
1065 4642 1268 4701 Graecis
1307 4662 1473 4717 quam
1504 4647 1733 4717 Latinis,
1764 4652 2004 4722 exceptis
2032 4652 2119 4721 iis,

543 4743 669 4797 quae
697 4731 765 4785 ad
791 4731 1130 4789 dominatum
1158 4746 1409 4794 nostrum
1447 4739 1572 4811 jure
1596 4742 1755 4798 nobis
1801 4743 2119 4811 retinemus,

541 4821 790 4889 petitioni
832 4831 939 4910 tua;
987 4826 1218 4886 libentes
1271 4833 1587 4900 annuimus,
1624 4832 1863 4890 Montem
1924 4833 2122 4891 Urrani

540 4927 762 4984 quoque
816 4924 872 4971 et
919 4918 1247 4999 armentum,
1293 4939 1417 4994 qua:
1472 4925 1760 4997 largitione
1803 4926 2040 4983 ﬁdelium
2065 4929 2120 4984 in

538 5003 842 5061 dominium
899 5018 1102 5067 sanctae
1146 5012 1532 5074 Acheruntinte
1572 5016 1829 5075 Ecclesia:
1875 5029 2122 5076 recenter

534 5098 894 5169 transierunt,
920 5102 1019 5158 tibi
1067 5104 1285 5178 tuisque
1324 5104 1737 5166 successoribus
1767 5111 2119 5169 concedimus

532 5197 587 5234 οἱ
617 5191 1006 5234 cnnfirniomua
1055 5195 1287 5234 Do'lh‘m
1337 5210 1516 5234 σηπίη-η
1549 5201 1870 5234 tmen-mh“:

1055 5195 1287 5234 Do'lh‘m
1337 5210 1516 5234 σηπίη-η
1549 5201 1870 5234 tmen-mh“:
1909 5210 2018 5234 {um
2051 5219 2114 5234 ην

2243 2019 2451 2088 foveat,
2478 2023 2626 2078 aliud
2656 2021 2931 2093 inquietos
2955 2037 2985 2075 a
3014 2021 3282 2092 pravitate
3310 2028 3640 2091 compescat.
3669 2019 3823 2072 Mise-

2242 2112 2514 2168 ricordem
2574 2122 2658 2181 te,
2701 2121 2867 2185 prout
2919 2115 3096 2168 virtus
3158 2111 3437 2183 patiatur,
3492 2111 3824 2183 pauperibus

2239 2206 2456 2274 exhibe,
2483 2206 2760 2277 oppressis
2781 2204 3028 2262 defensio
3049 2212 3143 2260 tua
3168 2203 3471 2262 subveniat.
3503 2192 3825 2274 Opprimeb-

2242 2297 2387 2353 tibus
2408 2298 2659 2353 modesta
2682 2298 2823 2353 ratio
2848 2295 3206 2354 contradicat.
3244 2293 3459 2351 Nullius
3478 2293 3675 2350 faciem
3705 2310 3826 2348 con-

2240 2397 2325 2445 tra
2348 2389 2621 2461 justitiam
2648 2389 2854 2461 accipe.
2892 2388 3155 2445 Custodia
3177 2388 3233 2442 in
3265 2395 3317 2443 te
3344 2387 3623 2457 aequitatis
3644 2386 3824 2441 excel-

2239 2482 2335 2549 lat,
2378 2489 2439 2537 ut
2484 2497 2585 2538 nec
2612 2482 2837 2537 divitem
2881 2481 3127 2553 potentia
3157 2495 3256 2537 sua
3281 2479 3485 2549 aliquid
3532 2479 3681 2549 apud
3728 2495 3825 2535 vos

2238 2583 2393 2631 extra
2426 2575 2568 2629 viam
2616 2574 2848 2631 rationis
2874 2575 3065 2630 audire
3088 2572 3333 2645 suadeat.
3374 2571 3488 2627 Nec
3527 2588 3823 2644 pauperem

2237 2668 2305 2724 de
2326 2683 2387 2723 re
2429 2676 2520 2723 tua
2553 2666 2718 2723 faciat
2761 2667 3042 2723 humilitas
3077 2666 3387 2736 desperare,
3412 2672 3690 2735 quatenus
3721 2663 3824 2719 Do-

2239 2761 2390 2815 mino
2414 2761 2711 2819 miserante
2750 2759 2877 2814 talis
2915 2759 3097 2830 possis
3138 2757 3391 2824 existere,
3420 2757 3640 2828 qualem
3668 2772 3823 2812 sacra

2237 2853 2399 2909 lectio
2454 2853 2698 2923 praecipit
2738 2852 2961 2907 dicens:
2997 2849 3214 2923 Oportet
3250 2850 3551 2921 episcopum
3595 2848 3823 2919 irrepre-

2239 2944 2546 2999 ltensibilem
2567 2961 2696 2999 esse.
2732 2940 2838 2999 Sed
2866 2943 2934 2999 iis
2962 2943 3217 2997 omnibus
3238 2941 3320 2997 uti
3341 2940 3639 2996 salubriter
3670 2948 3825 3010 pote-

2238 3038 2335 3105 ris,
2354 3037 2401 3093 si
2428 3036 2746 3107 magistram
2769 3034 3096 3091 cbaritatem
3120 3032 3400 3099 habueris,
3427 3048 3593 3104 quam
3618 3031 3715 3102 qui
3740 3046 3825 3087 se-

2162 3157 2202 3214 C
2237 3138 2397 3185 cutus
2445 3127 2611 3184 fuerit
2641 3146 2673 3184 a
2709 3136 2857 3184 recto
2879 3128 3097 3183 tramite
3139 3141 3253 3180 non
3288 3125 3510 3181 secedit.
3543 3122 3822 3193 Scriptum

2236 3240 2332 3296 per
2354 3239 2551 3279 manus
2568 3220 2797 3278 Joannis
2832 3219 3106 3276 scriniarii
3134 3227 3187 3276 et
3220 3217 3442 3285 notarii,
3469 3233 3535 3273 ac
3565 3217 3820 3289 regiona-

2236 3314 2301 3369 rii
2327 3314 2470 3369 sacri
2505 3313 2712 3385 palatii.

2304 3405 2499 3461 Datum
2556 3404 2764 3473 Later.,
2796 3402 2980 3459 Idibus
3027 3401 3252 3475 Aprilis,
3295 3416 3404 3481 per.
3423 3415 3625 3455 manus
3669 3396 3815 3453 Petri

2232 3505 2434 3565 sancta:
2472 3497 2736 3553 Romanas
2763 3494 3024 3551 Ecclesiae
3075 3493 3394 3550 subdiaconi
3430 3509 3497 3547 ac
3521 3491 3817 3547 bibliothe-

2232 3587 2390 3655 carii,
2418 3603 2562 3644 anno
2600 3587 2670 3642 ab
2710 3584 3098 3642 lncarnatione
3143 3582 3363 3638 Domini
3393 3580 3553 3649 1068,
3584 3581 3699 3636 ind.
3740 3597 3814 3647 vi,

2231 3678 2581 3751 pontiﬁcatus
2606 3692 2736 3733 vero
2756 3675 2915 3732 Dom.
2938 3673 3231 3731 Alexandri
3254 3687 3407 3745 papa:
3432 3670 3499 3740 ll,
3527 3687 3621 3726 an.
3645 3687 3742 3727 vn.

2961 3795 3076 3852 LX.

2235 3903 2540 3959 Alexander
2567 3899 2633 3956 II
2652 3899 2887 3957 ecclesia:
2909 3897 2967 3955 S.
3003 3897 3196 3953 Mariae
3222 3893 3560 3967 Magdaleme
3623 3893 3813 3948 Virdu-
3875 3919 3879 3922 ν

2339 3975 2511 4029 nensis
2529 3974 2902 4045 protectiouem
2922 3965 3388 4040 suscipitbonaqite
3404 3965 3706 4036 conﬁrmat.
3773 4044 3777 4048 u

2824 4064 3005 4134 (Anno
3034 4060 3219 4133 1068.)

2232 4158 2393 4232 [Dom
2423 4157 2665 4225 Camer,
2698 4156 2937 4212 Histoire
2989 4155 3055 4209 de
3089 4152 3365 4220 Lorraine,
3394 4149 3436 4217 Ι,
3474 4149 3727 4219 Preuves,
3757 4167 3808 4221 p.

2942 4245 3096 4319 462.]

2301 4364 2630 4419 Annxmnan
2657 4362 2967 4433 episcopus,
2995 4376 3187 4418 servus
3216 4373 3504 4415 servorum
3524 4355 3663 4431 Dei,
3701 4355 3812 4410 Ea-

2231 4473 2505 4513 ucnrnmo
2530 4454 2825 4511 venerabili
2842 4453 3180 4525 presbytero,
3212 4449 3488 4507 fundatori
3512 4465 3579 4504 ac
3603 4464 3811 4518 praepo—

2230 4549 2338 4605 sito
2366 4549 2612 4605 ecclesia:
2641 4545 2855 4602 Sanctae
2875 4543 3058 4599 Marias
3087 4541 3435 4614 Magdalenaa,
3464 4539 3588 4594 sitae
3610 4539 3667 4592 in
3691 4536 3811 4593 Vir-

2226 4641 2459 4697 dunensi
2486 4641 2724 4708 civitate,
2773 4638 3000 4708 suisque
3046 4632 3460 4691 successoribus
3510 4631 3564 4684 in
3620 4644 3810 4700 perpe-

2228 4745 2406 4790 tuum.

2296 4826 2377 4882 Ex
2401 4823 2841 4883 consideratione
2863 4819 3176 4892 apostolica:
3216 4818 3382 4886 sedis,
3422 4818 3510 4873 cui
3560 4816 3689 4872 licet
3721 4814 3806 4869 in-

2224 4921 2375 4992 digni
2426 4917 2786 4983 deservimus,
2850 4912 3012 4969 saluti
3058 4910 3305 4968 omnium
3345 4918 3401 4966 et
3437 4907 3805 4965 Ecclesiarum

2228 5012 2453 5067 utilitati
2482 5007 2862 5080 compellimur
2894 5004 3175 5077 invigilare
3211 5012 3267 5059 et
3302 5002 3644 5074 propositum
3684 4998 3807 5053 uni-

2225 5105 2424 5175 cuique
2447 5118 2639 5158 earum
2681 5100 2775 5171 jus
2823 5095 3159 5155 defendendo
3189 5094 3445 5152 servare?
3494 5092 3651 5150 Unde
3677 5091 3805 5164 quia

2225 5195 2417 5234 ηιιῑσίη
2437 5202 2529 5234 tua
2584 5193 2639 5234 in
2692 5191 2915 5234 ίῖιπιίςὶη
2968 5197 3174 5234 smmlm
3215 5187 3553 5234 nmratinnis
3589 5186 3796 5234 studia.
