4050 5358
191 159 353 215 1545

1374 156 1736 218 ΕΡΙὸΤΟιᾹΞ
1772 159 1859 216 ET
1896 158 2305 229 DlPl.OMATA.

3340 164 3478 221 13-i6

190 280 467 336 lationem
516 272 823 333 devotionis
849 282 976 342 tuas,
1020 274 1302 346 prmfatam
1347 280 1634 335 ecclesiam
1684 279 1788 335 sub
1818 281 1861 336 Α
1887 277 2198 333 cimationis
2219 277 2391 348 plebis
2416 276 2601 332 Sancti
2630 275 2845 349 Georgii
2875 277 2928 332 in
2957 277 3252 349 cpiscopio,
3274 280 3479 336 medie-

188 372 379 428 tutela
403 379 456 427 et
483 368 802 426 defensione
825 378 1029 424 sancta:
1052 370 1365 439 apostolicae
1412 370 1557 428 sedis
1582 354 1791 427 consti—

187 465 439 530 tuimus,
464 461 612 520 salva
637 471 820 516 tamen
849 461 1114 537 canonica
1148 463 1448 518 reverentia
1479 462 1788 519 Virdunen-

188 555 272 612 sis
304 552 576 624 episcopi,
600 550 992 607 confirmamus
1016 550 1113 607 tibi
1163 551 1427 623 quidquid
1480 568 1627 608 nunc
1665 552 1789 623 jure

185 645 582 719 possessionis
602 644 802 700 habere
842 644 1057 700 videtur
1084 660 1181 700 seu
1231 644 1487 714 deinceps
1536 645 1788 700 habitura

184 745 299 804 est,
322 736 582 792 videlicet
602 734 836 790 Erisiam
870 751 996 792 cum
1022 736 1251 792 ecclesia
1277 744 1331 792 et
1357 736 1473 792 suis
1523 738 1786 807 appendi-

183 828 309 896 tiis,
343 825 548 883 Villare
579 842 707 883 cum
736 828 967 883 ecclesia
999 828 1199 883 ibidem
1224 828 1539 896 constituta,
1572 828 1787 884 Cirani—

184 935 319 976 vam
342 934 475 976 cum
501 918 620 976 suis
643 919 988 990 appenditiis,
1015 919 1257 976 Duosam
1282 929 1494 978 curtem
1520 937 1646 978 cum
1669 923 1786 978 suis

186 1012 558 1085 appendiciis,
600 1012 805 1083 praedia
849 1021 904 1067 et
933 1012 1142 1078 vincas,
1190 1029 1319 1069 cum
1367 1012 1573 1068 familia
1599 1056 1613 1081 ,
1663 1031 1787 1084 qure

184 1113 323 1162 sunt
372 1104 521 1175 apud
556 1103 832 1175 Aquilam,
881 1103 1222 1160 Stabuletum
1268 1120 1395 1160 cum
1448 1105 1783 1173 molendino,

183 1197 487 1255 ecclesiam
506 1197 574 1252 de
595 1194 970 1264 Hemandres;
1006 1205 1265 1268 praeterea
1294 1206 1505 1253 curtem
1534 1213 1658 1267 quae
1687 1212 1787 1254 vo-

182 1298 350 1346 catur
373 1288 622 1355 Mancra,
673 1297 728 1344 et
772 1289 1013 1359 quinque
1052 1304 1278 1346 mansos
1308 1290 1451 1361 apud
1491 1288 1781 1362 Sulingas,

183 1397 357 1453 quam
393 1381 601 1454 Agnes,
632 1380 863 1438 illustris
889 1380 1212 1453 imperatrix
1252 1396 1360 1437 una
1389 1397 1515 1439 cum
1545 1382 1657 1438 ﬁlio
1680 1398 1784 1439 suo

182 1472 432 1530 Henrico
469 1473 709 1545 glorioso
744 1488 891 1545 rege,
911 1473 1088 1530 eidem
1114 1473 1359 1530 ecclesiae
1382 1475 1613 1531 contulit
1643 1491 1785 1547 prte-
1832 1512 1837 1516 ι

182 1566 359 1623 sentis
383 1564 653 1637 privilegii
679 1565 877 1636 pagina
909 1566 1322 1634 conﬁrmamus,
1373 1567 1632 1624 omnibus
1664 1582 1784 1625 mo-

1893 376 2169 439 tatemque
2205 368 2450 424 omnium
2494 384 2700 437 rerum,
2737 384 2859 440 quae
2893 384 2992 439 pro
3025 370 3314 427 animabus
3347 370 3477 429 lide-

1891 458 2024 514 lium
2051 458 2434 516 defunctorum
2461 460 2637 516 eidem
2660 461 2905 517 ecclesiae
2929 461 3331 532 relinquuntur,
3364 472 3491 527 tam.

1892 550 2176 610 mobilium
2204 568 2370 622 quam
2398 552 2781 619 immobilium,
2808 562 2978 609 totam
3010 553 3174 610 etiam
3206 554 3495 612 decimam-

1892 640 2058 698 totius
2095 642 2235 698 villa:
2275 660 2398 715 quae
2438 643 2643 711 dicitur
2665 644 3008 715 Cocomario,
3036 655 3092 702 et
3129 656 3323 703 cattera
3352 665 3477 719 qua:

1888 730 2064 787 eidem
2108 734 2391 791 canonica:
2422 736 2697 807 pertinent
2719 780 2734 804 ,
2765 738 2977 794 scilicet
3014 748 3211 807 terras,
3242 741 3431 799 vineas
3454 785 3473 809 ,

1887 833 2063 894 prata,
2103 841 2267 898 agros
2296 828 2472 884 cultos
2513 837 2566 885 et
2604 830 2860 897 incultos,
2897 846 3070 901 aquas
3094 847 3487 904 aquarumque-

1886 916 2154 974 decursus
2178 960 2192 985 ,
2223 919 2554 990 piscationes
2578 964 2592 987 ,
2639 924 2958 980 venationes
2996 940 3091 980 seu
3137 925 3471 991 molendina,

1887 1023 2075 1066 servos
2109 1019 2164 1066 et
2194 1012 2420 1067 ancillas
2444 1055 2460 1080 ,
2508 1013 2751 1070 aldiones
2785 1024 2839 1070 et
2871 1016 3116 1071 aldianas
3141 1057 3156 1082 ,
3207 1017 3469 1087 quidquid

1886 1100 2116 1169 habetis,
2155 1112 2266 1158 tam
2305 1104 2372 1159 de
2404 1114 2557 1175 parte
2591 1107 2834 1163 ecclesia:
2876 1123 3039 1178 quam
3071 1108 3135 1163 de
3162 1118 3469 1164 vestrorum

1884 1202 2171 1262 parentum
2198 1196 2532 1265 hmreditatc,
2568 1214 2781 1254 necnon
2804 1200 3088 1256 duodecim
3116 1201 3367 1258 homines
3406 1202 3471 1256 il-

1886 1282 1991 1339 lius
2034 1284 2136 1340 loci
2162 1285 2254 1355 qui
2283 1286 2536 1357 navigent
2564 1304 2896 1360 quocunque
2925 1307 3060 1355 usus
3094 1299 3272 1347 vester
3306 1290 3472 1346 fuerit

1885 1371 2001 1428 sine
2026 1376 2172 1429 omni
2202 1377 2398 1446 pretio;
2425 1393 2523 1433 seu
2545 1387 2775 1435 cunctas
2803 1395 2893 1435 res
2924 1382 3151 1437 mobiles
3177 1390 3232 1437 ct
3270 1382 3467 1437 immo-

1884 1460 2059 1523 biles:
2092 1465 2177 1519 vel
2201 1466 2466 1537 quidquid
2493 1469 2749 1540 deinceps
2771 1470 2918 1540 juste
2953 1473 3271 1543 acquisituri
3311 1474 3467 1540 estis,

1884 1573 1949 1613 ea
1979 1559 2231 1617 videlicet
2261 1564 2473 1620 ratione
2502 1573 2564 1619 ut
2592 1566 2776 1622 nullus
2806 1567 2861 1621 in
2894 1581 2996 1622 vos
3030 1565 3145 1636 jam
3171 1569 3344 1624 dictos
3377 1584 3470 1624 ca-

182 1658 268 1715 dis
287 1658 687 1714 inici-dicentes
714 1667 776 1715 ιιι
789 1657 974 1714 nullus
993 1658 1311 1729 imperator,
1336 1676 1453 1725 rex,
1476 1659 1608 1726 dux,
1630 1677 1780 1716 mar-
1818 1665 1858 1720 Β
1885 1651 2138 1720 nonicos,
2180 1654 2295 1710 sive
2336 1665 2550 1713 vestros
2591 1674 2942 1715 successores
2965 1687 2983 1725 ,ι
3023 1659 3348 1730 distringere
3384 1659 3467 1714 vel

182 1749 331 1816 chio,
364 1763 580 1817 comes,
610 1749 707 1806 sed
754 1765 932 1821 neque
977 1750 1290 1822 episcopus,
1330 1760 1425 1808 aut
1443 1751 1643 1822 aliquis
1668 1752 1783 1823 cpi-
1884 1743 2173 1799 molestare
2199 1746 2415 1814 audeat,
2449 1764 2627 1819 neque
2661 1759 2873 1805 vestros
2920 1742 3144 1807 colonos
3191 1751 3278 1804 vel
3322 1750 3469 1804 colo-

184 1842 393 1912 εοορςιιὶ
418 1842 739 1898 mutarive
771 1842 1035 1913 pmditus
1076 1842 1362 1915 dignitate,
1388 1845 1783 1915 praesumatis-
1883 1850 2004 1903 nas,
2052 1846 2374 1909 vestrasque
2421 1838 2729 1908 facultates,
2775 1842 2895 1898 sine
2935 1843 3216 1897 voluntate
3249 1851 3305 1898 et
3337 1857 3470 1896 con-

182 1942 234 1988 ta
264 1940 435 2004 atque
456 1934 643 1989 omnia
666 1950 791 2005 qua:
816 1935 1073 2005 superius
1088 1936 1461 2003 continentur,
1507 1953 1538 1992 a
1553 1937 1680 2007 jure
1698 1938 1782 2008 ip-

183 2026 299 2081 sius
322 2026 577 2082 ecclesia:
597 2026 921 2083 subtrahere
935 2036 1100 2099 atque
1118 2028 1299 2085 studio
1312 2029 1780 2100 deprecationum,

181 2126 273 2172 aut
305 2117 686 2188 quarumlibet
736 2120 1157 2190 cppressionum
1197 2119 1433 2177 auferre.
1473 2120 1782 2178 Conﬁrm-

184 2226 304 2266 mus
328 2211 503 2266 etiam
532 2211 971 2268 convenientiam
990 2229 1156 2284 quam
1173 2214 1447 2285 gloriosus
1470 2213 1580 2269 dux
1602 2213 1781 2270 Godc-

181 2300 357 2359 fridus
388 2302 445 2357 in
474 2304 765 2374 praesentia
792 2312 982 2360 nostra
1005 2314 1186 2361 tecum
1204 2305 1350 2372 fecit,
1368 2306 1618 2362 videlicet
1632 2307 1779 2377 quod

180 2394 244 2449 de
268 2395 637 2451 advocatione
661 2394 902 2466 praefata:
926 2397 1122 2464 curtis,
1156 2396 1211 2453 id
1258 2405 1364 2463 est,
1393 2396 1609 2463 Macrae,
1639 2398 1777 2454 nihil

181 2486 285 2542 nisi
304 2488 698 2543 tantummodo
718 2489 933 2544 lucrum
958 2489 1161 2544 divinae
1188 2489 1653 2547 remunerationis
1691 2490 1777 2561 ip-

184 2592 240 2632 se
262 2587 429 2650 atque
466 2579 674 2650 posteri
700 2580 788 2636 sui
808 2580 1043 2636 debeant
1061 2596 1306 2652 unquam
1324 2582 1561 2653 exigere.
1596 2580 1656 2637 Si
1679 2597 1775 2638 ve-

186 2683 248 2725 ro
272 2671 494 2742 aliquis,
538 2672 830 2728 temerario
852 2688 1016 2740 ausu,
1046 2673 1365 2744 huiusmodi
1394 2682 1599 2731 nostra;
1646 2689 1777 2730 con-

185 2761 515 2820 firmationis
562 2763 827 2835 scriptum
868 2764 1076 2821 violare
1116 2767 1552 2836 praesumpserit,
1598 2782 1777 2837 usque

186 2855 250 2909 ad
284 2856 513 2927 dignam
538 2855 973 2913 satisfactionem
1003 2858 1143 2914 sciat
1177 2874 1237 2917 se
1260 2858 1631 2915 innodandum
1656 2859 1776 2915 vin-

185 2946 307 3001 culo
349 2948 966 3005 excommunicationis.
1009 2949 1079 3004 At
1122 2964 1253 3004 vero
1302 2950 1397 3020 qui
1453 2951 1545 3021 pio
1573 2950 1771 3007 intuitu

185 3047 369 3094 custos
393 3048 450 3096 et
472 3038 800 3096 observator
825 3040 1117 3108 exstiterit,
1142 3041 1416 3111 repleatur
1439 3042 1772 3101 abundantia
1799 3024 1842 3081 C

186 3132 496 3198 apostolica:
518 3132 933 3190 benedictionis.

250 3220 450 3279 Datum
481 3223 792 3293 Lateranis,
832 3225 962 3282 Idus
988 3224 1214 3296 Aprilis,
1244 3240 1343 3296 per
1364 3240 1564 3284 manus
1586 3225 1769 3296 Petri,

186 3324 383 3372 sanctae
406 3316 675 3374 Romanae
691 3317 950 3374 Ecclesiae
970 3319 1293 3374 subdiaconi
1319 3327 1374 3374 et
1411 3320 1771 3377 bibliotheca-

185 3407 269 3472 rii,
298 3424 445 3466 anno
474 3426 554 3465 vu
575 3410 930 3481 pontificatus
957 3410 1168 3467 domini
1199 3411 1497 3467 Alexandri
1526 3429 1679 3484 papa:
1703 3412 1768 3479 ll,

185 3500 250 3553 ab
274 3499 661 3559 lncarnatione
683 3519 817 3560 vero
842 3503 1058 3561 Domini
1099 3504 1400 3561 millesimo
1438 3507 1771 3562 sexcentesi—

186 3606 271 3646 mo
297 3604 475 3663 sexto,
501 3595 802 3652 indictione
824 3613 920 3652 vn.

909 3687 1045 3745 LXI.

186 3772 483 3855 Menander
525 3777 594 3855 I_I
612 3780 1007 3855 Δ(εαηοηίσωίιιῃι
1056 3779 1486 3855 Ferrariensium
1529 3783 1768 3855 patroci-

251 3846 396 3902 nium
419 3851 648 3922 suscipit
667 3858 715 3905 et
736 3852 1087 3922 possessiones
1113 3853 1413 3922 conﬁrmat.

785 3941 964 4014 (Anno
988 3942 1171 4015 1068.)

497 4030 785 4106 [UGnELLl,
817 4032 985 4090 Italia
1009 4052 1186 4103 sacra,
1212 4034 1278 4103 ll,
1309 4035 1462 4110 534.]

250 4119 579 4180 ALEXANDER
610 4126 974 4199 ‘episcopus,
1034 4144 1227 4185 servus
1288 4145 1572 4185 servorum
1628 4129 1764 4198 Dei,

187 4203 468 4270 EVERARDO
495 4217 987 4290 archipresbytero,
1014 4228 1068 4275 et
1102 4219 1328 4276 Romam
1356 4221 1764 4292 arebidiacono,

185 4306 235 4353 et
259 4302 482 4375 reliquis
515 4309 796 4366 canonicis
838 4308 896 4365 S.
923 4309 1291 4367 Ferrariensis
1320 4311 1597 4381 Ecclesia),
1621 4314 1765 4371 suis-

183 4404 285 4458 oue
309 4402 725 4457 successoribus
749 4401 805 4456 in
831 4410 1172 4473 perpetuum.

252 4481 305 4538 Si
324 4485 490 4555 justis
514 4507 801 4549 servorum
824 4493 919 4550 Dei
943 4495 1294 4566 petitionibus
1310 4494 1759 4567 satisfecerimus,

183 4579 367 4639 procul
395 4581 565 4638 dubio
600 4585 897 4655 apostolica
941 4595 1209 4658 praecepta
1251 4604 1554 4644 servamus.
1614 4588 1761 4657 Qua-

185 4675 397 4736 propter
437 4672 686 4731 inelinati
728 4679 985 4748 precibus
1021 4679 1218 4736 vestris
1242 4721 1257 4746 ,
1287 4680 1381 4735 ﬁlii
1421 4682 1756 4750 charissimi,

184 4768 275 4811 vos
296 4770 584 4836 vestraque
610 4768 754 4824 bona
778 4769 835 4825 in
861 4770 1180 4827 munimime
1218 4773 1530 4843 apostolica:
1571 4775 1760 4831 defen-

1883 1942 2048 1984 sensu
2111 1928 2286 2000 ipsius
2341 1931 2586 1988 ecclesiae
2621 1933 2890 2002 praesulis.
2944 1933 3257 1989 Statuentes
3304 1927 3471 2004 igitur

1876 2015 2134 2086 jubemus
2156 2028 2214 2074 ut
2230 2020 2412 2091 quiete
2429 2030 2482 2076 et
2503 2023 2727 2093 pacilice
2753 2025 2934 2091 omnia
2953 2041 3075 2095 quae
3095 2042 3259 2097 super
3281 2027 3468 2098 legun-

1881 2116 1972 2163 tur
1997 2111 2228 2167 teneatis
2268 2120 2322 2168 et
2359 2114 2705 2183 possideatis,
2732 2114 2978 2171 omnium
3012 2118 3296 2173 hominum
3336 2133 3469 2174 con-

1880 2203 2204 2262 tradictione
2271 2217 2501 2275 remota,
2534 2207 2609 2264 ita
2646 2216 2708 2263 ut
2763 2210 2947 2265 nullus
3015 2211 3147 2275 dux,
3199 2211 3468 2277 marcbio,

1880 2297 2346 2373 archiepiscopus,
2375 2300 2684 2371 episcopus,
2708 2317 2914 2368 comes,
2939 2301 3260 2367 vicccomes,
3285 2302 3466 2357 nulla-

1879 2403 1987 2457 que
2025 2405 2223 2461 magna
2266 2391 2350 2446 vel
2392 2406 2559 2462 parva
2584 2406 2819 2462 persona
2846 2392 2913 2447 de
2936 2393 3148 2448 cunctis
3176 2392 3468 2463 pncnomi-

1880 2476 2026 2531 natis
2066 2478 2250 2545 rebus,
2285 2486 2394 2533 tam
2426 2479 2493 2535 de
2522 2480 2910 2537 ecclesiasticis
2938 2496 3103 2552 quam
3133 2480 3200 2536 de
3228 2481 3466 2551 pr0priis

1880 2584 1978 2622 vos
2005 2577 2324 2640 vestrosque
2351 2586 2699 2628 successores
2727 2573 2978 2628 molestct
3001 2615 3016 2639 ,
3047 2573 3162 2628 sive
3188 2573 3243 2627 in
3266 2573 3466 2643 placito

1878 2659 2196 2726 conturbet,
2233 2660 2317 2715 vel
2358 2662 2584 2717 colonos
2619 2673 2832 2721 vestros
2856 2673 2950 2719 aut
2976 2665 3200 2720 colonas
3239 2665 3466 2720 distrin-

1877 2767 2024 2822 gere,
2050 2768 2146 2807 seu
2166 2752 2439 2823 publicam
2469 2752 2808 2811 functionem
2848 2757 3060 2811 solvere
3096 2766 3272 2828 cogat.
3306 2755 3464 2823 Quod

1876 2843 1971 2914 qui
2001 2845 2292 2900 temerario
2338 2860 2476 2902 ausu
2525 2845 2733 2914 fecerit,
2779 2848 2887 2904 nisi
2926 2848 3067 2903 infra
3102 2848 3462 2919 quadraginta

1876 2933 2089 2989 dierum
2140 2935 2314 3006 spatia
2354 2938 2764 3008 emendaverit,
2829 2941 3192 2997 anathematis
3244 2941 3464 2996 vinculo

1874 3025 2145 3097 obligetur
2188 3034 2244 3081 et
2275 3042 2307 3082 a
2344 3027 2628 3085 liminibus
2672 3039 2878 3087 sanctae
2914 3031 3161 3088 ecclesias
3198 3030 3465 3086 alienetur

1876 3134 2052 3189 usque
2095 3119 2161 3174 ad
2203 3120 2422 3191 dignam
2460 3122 2914 3180 satisfactionem.
2952 3124 3056 3191 Qui
3106 3138 3236 3179 vero
3276 3132 3463 3186 custos

1874 3209 2039 3280 hujus
2067 3219 2268 3266 nostrre
2296 3212 2598 3268 sanctionis
2624 3213 2911 3281 exstiterit,
2946 3214 3382 3271 benedictionem
3408 3224 3463 3269 et

1872 3302 2103 3372 gratiam
2131 3292 2520 3374 omnipotentis
2544 3303 2661 3370 Dei,
2686 3314 2739 3361 et
2760 3307 2900 3361 beati
2923 3306 3065 3361 Petri
3089 3307 3459 3376 apostolorum

1872 3394 2156 3464 principis,
2206 3403 2260 3449 et
2296 3404 2539 3451 nostram
2572 3397 2770 3453 habeat
2792 3440 2808 3465 ,
2840 3406 2895 3453 et
2923 3398 2980 3454 in
3009 3397 3256 3454 futurum
3303 3406 3462 3453 mter-

1872 3502 1998 3540 nam
2027 3485 2445 3541 retributionem
2472 3488 2755 3559 percipiat.
2789 3489 2983 3544 Amen.

1943 3575 2140 3632 Datum
2181 3594 2257 3632 xu
2303 3577 2423 3633 Kal.
2477 3577 2605 3634 Julii
2632 3595 2731 3650 per
2752 3587 2955 3636 manus
2990 3578 3156 3645 Petri,
3182 3577 3459 3650 fungentis

1870 3668 1990 3723 vice
2037 3685 2195 3724 sacro
2224 3670 2398 3726 sancti
2428 3670 2688 3727 Romana:
2721 3670 2980 3729 Ecclesire
3017 3672 3360 3739 subdiaconi,
3401 3679 3456 3727 et

1871 3762 2480 3838 bibliothecariiJanno
2522 3767 2591 3822 ab
2633 3766 3012 3825 Incarnatione
3049 3768 3266 3823 Domini
3295 3768 3455 3835 1068,

1870 3854 2102 3926 septimo
2140 3872 2271 3912 vero
2293 3858 2644 3928 pontificatus
2666 3858 2859 3939 domui
2872 3859 3167 3916 Alexandri
3209 3875 3362 3933 papa":
3388 3858 3455 3926 ll,

1870 3948 2168 4007 indictione
2200 3966 2276 4006 vr.
2829 4002 2833 4007 .

2576 4040 2736 4097 LXII.
2830 4034 2833 4035 ⁷

1871 4131 2165 4204 Privilegio
2188 4133 2245 4187 di
2254 4132 2579 4204 Alessamlro
2602 4133 2670 4187 ΙΙ
2704 4132 2987 4188 conceduto
3021 4133 3079 4204 ai
3098 4133 3341 4187 canonici
3374 4149 3456 4185 re-

1941 4202 2123 4274 golar'i
2145 4205 2202 4257 di
2240 4203 2297 4258 S.
2348 4203 2619 4258 Frediano
2646 4204 2704 4258 di
2743 4204 2941 4274 Lucca,
2996 4202 3079 4257 col
3111 4205 3267 4274 quale
3298 4212 3455 4274 "reue

1942 4273 2082 4328 rotto
2105 4273 2161 4327 la
2190 4274 2364 4344 difesa
2385 4290 2413 4328 e
2437 4275 2739 4344 protezione
2772 4273 2915 4329 della
2952 4273 3266 4328 santa'scde
3295 4273 3453 4327 ibeni

1797 4378 1841 4433 Β
1938 4344 2031 4399 cite
2055 4346 2160 4399 essi
2196 4345 2485 4415 possedono
2516 4344 2651 4399 uelle
2684 4345 2992 4400 Maremme.

2457 4435 2638 4507 (Anno
2670 4436 2852 4508 1068.)

1865 4526 2146 4599 [Memoria
2166 4544 2192 4599 ς
2217 4528 2521 4599 documenti
2542 4545 2636 4599 per
2655 4529 2857 4599 servire
2868 4526 2968 4581 all’
2990 4529 3181 4599 isfieria
3200 4528 3286 4583 del
3299 4530 3459 4599 prin-

1871 4596 1886 4661 ί
1954 4601 2132 4669 cipato
2160 4597 2405 4652 Luccese.
2432 4596 2632 4665 Lucca,
2659 4599 2815 4666 1815,
2846 4598 3119 4668 in-4°,IV,
3144 4615 3204 4665 ll,
3230 4596 3381 4672 144.]
3478 4666 3481 4671 ἱ

1934 4691 2261 4745 Mannum
2286 4689 2599 4761 episcOpus,
2635 4706 2826 4746 servus
2865 4706 3151 4747 servorum
3194 4688 3311 4756 Dei,
3356 4708 3470 4751 ea-

1866 4783 2081 4838 nonicis
2109 4783 2354 4838 ecclesia:
2384 4779 2569 4840 Sancti
2612 4781 2853 4856 Frigiani
2899 4795 3205 4853 eorumque
3230 4796 3493 4846 succes..

1861 4876 2087 4933 soribus
2111 4874 2167 4930 in
2193 4883 2532 4946 perpetuum.

1945 4968 2165 5038 Quoties
2218 4984 2249 5024 a
2296 4968 2505 5024 nostris
2548 4966 2676 5024 filiis
2726 4967 2815 5021 illa
2866 4973 3198 5055 poscuntur,
3232 4974 3364 5029 quae
3423 4990 3558 5055 ab

1855 5063 2138 5137 aequitatis
2159 5062 2371 5116 ratione
2390 5073 2504 5115 non
2523 5061 2858 5127 discrepant,
2886 5056 3113 5114 illorum
3138 5048 3380 5151 dignum
3418 5048 3595 5151 eg"

1849 5150 2032 5221 iustis
2058 5149 2498 5213 condescendere
2518 5148 2891 5223 petitionibus,
2916 5153 3234 5211 eorumque
3259 5137 3608 5233 desidé:

1626 5247 1757 5301 fun‘
1852 5249 1972 5307 riis
2006 5262 2131 5305 vera
2184 5243 2365 5300 cordis
2413 5242 2731 5300 sinceritate
2779 5238 2984 5295 favere.
3036 5237 3202 5293 Tunc
3234 5244 3615 5337 namque

1992 5341 2004 5353 ο
2084 5335 2177 5358 “-2
2225 5335 2396 5358 μ--ι..ζ

185 4845 347 4907 sionis
368 4858 702 4929 suscipimus
741 4871 903 4934 atque
924 4863 1314 4920 confirmamus
1343 4873 1399 4919 et
1434 4867 1761 4924 corrobora-

186 4951 301 4996 mus
325 4947 475 5004 vobis
500 4952 809 5025 vestrisque
838 4956 1249 5013 successoribus
1273 4957 1552 5014 canonicis
1598 4963 1761 5038 quit!—

187 5033 309 5100 quid
332 5037 477 5106 juste
502 5043 735 5111 habetis,
768 5034 823 5105 id
842 5056 926 5105 est
949 5049 1133 5105 villam
1158 5063 1282 5121 quae
1309 5048 1509 5105 dicitur
1533 5033 1671 5119 Qua:
1689 5056 1759 5111 ti-

192 5134 334 5192 sana,
357 5140 409 5185 et
429 5131 656 5190 fundum
683 5150 874 5197 contra
909 5139 1136 5209 Padum,
1166 5148 1224 5196 et
1248 5140 1430 5194 locum
1454 5140 1677 5218 Cuculi,
1705 5157 1761 5203 et

189 5225 340 5282 caput
379 5220 556 5293 Redm,
586 5236 639 5282 et
675 5226 985 5300 Baniolum,
1014 5242 1067 5289 et
1098 5232 1491 5300 Wartiaticam,
1517 5246 1576 5293 et

189 5300 305 5358 dum
329 5308 562 5358 Paean-ilo
612 5319 792 5358 vinum
830 5340 954 5358 unm
986 5325 1183 5358 Αἶηέιηη
1214 5323 1378 5358 Πηεοα
1411 5324 1551 5358 Νίκη.

1638 5348 1753 5358 ---Μ
1855 5350 1894 5358 ..
1956 5341 2004 5358 ιο
2084 5335 2177 5358 “-2
2225 5331 2396 5358 μ--ι..ζ
2429 5336 2765 5358 -..ι1--..ιηιΛ-“
2813 5330 3189 5358 ΑΛιιηζιέ-..ηηα
3252 5330 3298 5358 αἱ
3338 5340 3448 5358 Π.-
