4050 5358
536 149 674 209 1547

1816 160 2212 216 ALEXAND!“
2251 160 2292 215 li
2332 160 2534 218 PAPIE

3672 154 3805 209 i538

536 268 721 323 tudine
743 271 1059 339 annuimus,
1080 269 1332 329 videlicet
1353 282 1413 329 ut
1437 274 1506 329 ab
1530 273 1636 331 illis
1661 272 1823 345 digne
1844 276 2116 345 postulata
2292 274 2563 340 Quoniam
2619 274 2819 330 divina
2867 269 3240 328 miserationis
3281 278 3529 340 respectu
3562 268 3653 362 Aad
3705 269 3807 322 hoc

532 360 862 432 largiamur;
886 364 1059 419 multo
1080 365 1252 437 magis
1264 381 1393 439 erga
1414 367 1768 421 ecclesiarum
1788 375 2113 422 nostrarum

535 454 846 521 utilitatem,
875 464 928 509 et
952 456 1277 512 clericorum
1300 458 1499 512 ibidem
1513 457 1624 513 Deo
1644 459 1994 514 militantium
2019 459 2118 513 dc-

533 548 878 603 votissimum
914 549 1224 621 collegium,
1262 550 1825 617 munificentissimos,
1852 561 1906 606 et
1949 552 2116 606 bene-

534 640 688 694 volos
715 654 837 694 esse
865 654 968 695 nos
991 642 1270 709 condecet,
1308 643 1403 714 qui
1440 644 1494 698 in
1519 643 1874 699 ecclesiastici
1905 643 2116 698 ordinis

534 730 729 786 militia
776 730 1066 787 nobiscum
1104 734 1291 789 divina
1332 743 1594 806 operante
1623 735 1931 803 clementia,
1976 734 2116 790 uniti

533 836 655 876 esse
690 821 961 878 videntur.
1002 823 1344 896 Quapropter
1377 841 1478 898 ego
1508 826 1814 881 Alexander
1842 835 2045 881 sancta
2064 835 2118 882 et

534 913 864 971 universalis
888 913 1150 972 Romana
1176 916 1435 973 Ecclesia
1474 916 1738 989 pontifex,
1774 927 1828 973 et
1860 917 2118 975 Ecclesia

535 1013 742 1061 sancta
762 1005 1029 1063 Lucensis
1053 1009 1343 1080 episcopus
1365 1010 1609 1066 inclinati
1629 1010 1884 1080 precibus
1894 1012 2113 1079 vestris,

532 1107 586 1153 ct
639 1107 922 1168 sperantes
969 1100 1180 1157 meritis
1213 1108 1267 1157 et
1299 1101 1788 1158 intercessionibus
1822 1102 1965 1157 beati
1995 1102 2117 1157 Fri-

533 1189 678 1258 giani
707 1190 850 1260 apud
872 1191 1213 1247 tremendum
1235 1191 1480 1250 Iudicem
1504 1193 1751 1264 adjuvari
1776 1195 2117 1266 suscepimus

534 1283 636 1336 sub
653 1281 969 1339 defensione
984 1294 1038 1339 et
1056 1284 1341 1357 privilegio
1361 1286 1675 1356 apostolica
1696 1287 1841 1343 sedis
1854 1287 2117 1359 quidquid

532 1374 587 1428 in
618 1374 893 1429 maritima
920 1374 1165 1445 ejusdem
1195 1378 1531 1434 sanctissimi
1572 1378 1812 1450 Frigiani
1858 1379 2119 1436 Ecclesia

530 1466 801 1535 pertinere
828 1468 1062 1535 videtur,
1092 1468 1299 1525 scilicet
1323 1470 1378 1525 iu
1404 1471 1522 1527 rivo
1551 1470 1616 1527 de
1639 1470 1855 1528 Menthe
1876 1472 1941 1546 [f.
1970 1460 2117 1529 Mar-

528 1558 734 1631 thure],
769 1568 823 1614 et
851 1570 1036 1616 monte
1083 1560 1232 1617 Burli
1260 1562 1519 1638 [Buruli],
1562 1574 1617 1621 et
1644 1564 1892 1634 Castani,
1923 1576 1977 1622 et
2005 1584 2036 1623 a
2066 1568 2117 1622 la

528 1647 709 1717 Petra,
738 1660 792 1706 et
818 1651 872 1706 in
904 1660 1090 1709 monte
1127 1656 1428 1727 presbyteri
1455 1656 1684 1713 Joannis
1712 1667 1766 1713 et
1796 1657 2114 1730 Pungulini,

529 1749 584 1794 et
607 1742 871 1812 quidquid
908 1745 963 1799 in
1019 1746 1141 1801 aliis
1187 1747 1326 1803 locis
1354 1757 1407 1804 et
1440 1750 1721 1805 vocabulis
1760 1750 1829 1805 ab
1877 1753 2117 1823 antiquis

529 1834 1033 1907 vetustioribusque
1081 1838 1395 1896 hominibus
1440 1842 1701 1898 habuisse
1758 1855 2112 1901 memoratur.

529 1923 607 1979 Ita
639 1941 791 1992 sane,
814 1938 875 1983 ut
900 1928 969 1984 ab
996 1930 1100 1985 hac
1124 1930 1258 1986 hora
1291 1931 1346 1988 in
1374 1942 1531 1989 antea
1557 1934 1887 2003 consistant,
1913 1947 1967 1992 et
1993 1954 2118 2008 per-

531 2029 787 2075 maneant
808 2021 1135 2091 supradicta
1179 2040 1268 2080 res
1307 2025 1363 2081 in
1391 2035 1663 2097 potestate
1687 2037 1869 2084 vestra
1893 2031 2117 2103 presbi-

530 2112 653 2178 teri,
692 2121 747 2168 et
772 2114 1009 2183 diaconi,
1042 2117 1385 2186 subdiaconi,
1428 2119 1543 2176 sive
1574 2121 1735 2175 etiam
1785 2122 1989 2190 clerici,
2022 2125 2116 2194 qui

530 2206 585 2260 iu
619 2204 841 2276 prafata
860 2206 1101 2263 Ecclesia
1124 2209 1289 2265 modo
1308 2212 1546 2268 ordinati
1568 2212 1791 2280 fuerint,
1805 2224 1859 2270 et
1880 2215 2115 2272 oilicium

534 2295 630 2353 Dei
682 2298 756 2354 ibi
800 2296 1050 2356 fecerint.
1092 2300 1399 2361 Statuimus
1424 2313 1708 2376 praterea,
1732 2315 1789 2362 et
1815 2309 2117 2378 apostolica

528 2390 855 2447 auctoritate
889 2393 1190 2462 sancimus,
1220 2403 1282 2451 ut
1316 2396 1384 2451 de
1413 2396 1526 2467 jam
1564 2397 1727 2454 dictis
1771 2400 1939 2457 rebus
1979 2418 2118 2473 pra:—

534 2481 830 2539 uominata
867 2483 1146 2553 Ecclesia,
1194 2488 1281 2542 vel
1325 2488 1540 2545 clericis
1575 2490 1820 2560 ejusdem
1847 2494 2114 2562 ecclesia,

529 2587 627 2655 seu
642 2573 765 2630 loco
779 2576 1028 2632 beneficii
1053 2577 1123 2633 ab
1143 2579 1372 2653 ecclesia
1394 2597 1489 2638 eas
1510 2584 1898 2652 retinentibus,
1929 2586 2117 2642 nullus

524 2672 824 2736 'prasumat
862 2669 1100 2740 aliquam
1122 2670 1322 2727 inferre
1344 2672 1679 2743 violentiam,
1695 2686 1789 2732 aut
1812 2678 2115 2734 molestiam

531 2758 731 2829 facere,
765 2776 862 2817 seu
886 2761 1308 2833 depradari,‘vel
1333 2764 1519 2837 aliquo
1540 2768 1756 2840 ingenio
1779 2770 2113 2838 diminuere;

529 2867 639 2907 non
663 2854 863 2924 aliquis
901 2869 1286 2912 successorum
1338 2871 1675 2928 nostrorum,
1708 2877 1817 2917 non
1847 2863 1978 2930 dux,
2007 2880 2116 2920 non

2218 366 2545 421 universalis
2585 364 3075 421 administrationis
3123 377 3314 418 curam
3360 360 3707 430 suscepimus
3751 370 3809 415 ut

2217 458 2462 511 omnium
2500 458 2861 512 ecclesiarum
2900 456 3141 527 quietem
3179 453 3366 509 solerti
3392 452 3577 509 studio
3611 468 3808 522 procu—

2218 561 2440 615 remus,
2497 548 2852 618 omniumque
2902 548 3213 603 animarum
3272 545 3480 616 pralati
3525 544 3810 615 providere

2217 638 2368 692 omni
2396 647 2641 707 tempore
2665 652 2731 693 ac
2755 637 3041 692 universas
3060 634 3394 706 quastiones
3415 634 3472 688 in
3488 642 3679 689 sancta
3711 632 3811 688 Ec-

2218 727 2389 786 clesia"
2420 739 2761 802 emergentes
2806 729 3094 801 diligenter
3136 728 3480 799 perquirere,
3532 727 3811 797 inquisitis

2216 841 2348 881 vero
2378 825 2621 898 legaliter
2652 825 2924 881 calculum
2960 821 3296 879 diilinitionis
3324 822 3588 877 debemus
3630 821 3809 892 impo-

2218 937 2369 989 nere,
2413 937 2481 978 ex
2515 924 2621 979 hac
2640 924 2759 995 ipsa
2781 921 3219 980 consideratione
3239 919 3416 975 nostri
3437 918 3599 974 cilicii
3634 918 3810 973 coacti

2219 1030 2411 1071 sumus
2435 1017 2728 1087 quamdam
2759 1015 3116 1086 quastionem
3144 1004 3198 1068 in
3227 1010 3540 1067 Clusinensi
3575 1010 3810 1065 ecclesia

2218 1117 2393 1162 ortam
2431 1108 2611 1179 sagaci
2646 1108 2994 1179 indagatione
3024 1115 3280 1162 tractare.
3310 1102 3551 1170 Quaestio
3572 1102 3816 1172 denique

2218 1200 2469 1271 quadam
2490 1201 2545 1255 in
2569 1200 2683 1271 jam
2707 1201 2852 1256 dicta
2877 1199 3102 1255 Clusina
3118 1196 3350 1254 ecclesia
3371 1204 3561 1251 exorta
3594 1203 3711 1260 est,
3734 1201 3816 1247 at-

2218 1308 2327 1363 que
2360 1292 2415 1347 in
2450 1293 2685 1348 concilio
2700 1294 2775 1348 ad
2798 1292 3155 1363 apostolicam
3188 1290 3372 1346 sedem
3400 1285 3703 1345 delata.Ex
3726 1301 3821 1341 an—

2219 1383 2371 1454 tiqua
2425 1399 2664 1456 namque
2713 1383 3113 1439 consuetudine
3171 1380 3520 1453 parochiana
3569 1378 3821 1434 ecclesia

2220 1474 2430 1530 Clusini
2451 1476 2798 1546 episcopatus
2818 1475 2977 1549 bisin
3003 1490 3148 1530 anno
3172 1473 3438 1545 quasdam
3474 1470 3822 1527 conditiones

2220 1567 2475 1638 episcopo
2498 1563 2827 1623 exhibebant
2850 1567 3017 1622 semel
3034 1567 3090 1621 in
3113 1564 3308 1637 majori
3330 1564 3675 1620 bebdomada
3696 1571 3823 1616 ante

2219 1658 2487 1715 Pascham
2511 1701 2528 1726 ,
2578 1660 2822 1715 secundo
2862 1674 2996 1714 vero
3042 1658 3174 1713 dum
3217 1657 3510 1727 episcopus
3552 1654 3823 1727 synodali:

2219 1751 2513 1807 concilium
2540 1751 2862 1807 celebraret.
2882 1750 3023 1807 Hinc
3043 1759 3172 1805 nata
3192 1749 3505 1813 occasione,
3528 1748 3821 1818 conquesti

2219 1853 2348 1900 sunt
2369 1844 2554 1900 clerici
2577 1844 2724 1899 illius
2742 1842 3000 1899 Ecclesia
3014 1843 3277 1898 adversus
3287 1841 3607 1912 episcopum
3631 1855 3821 1905 suum,

2218 1936 2365 2006 quod
2396 1936 2513 2007 ipse
2542 1936 2785 2007 exigeret
2819 1935 2891 1991 ab
2924 1936 3006 1991 eis
3029 1934 3324 2006 quemdam
3355 1934 3612 1988 annalem
3637 1933 3823 1987 tribu-

2220 2037 2336 2083 tum
2380 2029 2528 2100 quod
2578 2029 2835 2084 dicebant
2868 2028 3027 2099 quasi
3071 2042 3174 2098 pro
3216 2026 3513 2081 chrismate
3557 2024 3821 2095 pretium,

2219 2136 2432 2177 necnon
2473 2136 2575 2191 pro
2625 2120 3103 2176 administratione
3132 2119 3274 2175 sacri
3296 2118 3468 2184 verbi,
3506 2133 3679 2189 quam
3715 2117 3825 2172 illis

2219 2212 2274 2267 in
2308 2228 2406 2268 sua
2450 2212 2660 2284 synodo
2690 2212 2983 2269 exhibebat
3018 2211 3167 2266 aliud
3211 2209 3489 2281 quoddam
3527 2218 3819 2265 statutum.

2219 2303 2375 2372 Quod
2416 2319 2518 2360 nos
2556 2304 2843 2362 audientes
2868 2304 3101 2359 nimium
3126 2302 3538 2368 exhorruimus,
3574 2310 3743 2373 atque
3774 2302 3823 2356 si

2220 2397 2294 2453 ita
2334 2405 2498 2463 esset,
2542 2397 2768 2453 omnino
2809 2396 3073 2453 damnare
3114 2394 3430 2461 statuimus,
3473 2394 3604 2465 quia
3635 2393 3823 2448 Simo-

2219 2489 2391 2545 niaca
2416 2489 2727 2545 venalitatis
2761 2488 2875 2545 fere
2899 2488 3104 2545 infecta
3137 2489 3255 2543 hac
3292 2487 3425 2541 talia
3467 2486 3818 2542 videbantur.

2220 2580 2596 2638 Discussimus
2627 2582 2811 2654 itaque
2831 2590 2884 2637 te
2910 2597 3009 2652 per
3038 2581 3175 2646 hoc,
3203 2588 3368 2651 prout
3392 2579 3696 2644 voluimus,
3724 2578 3821 2635 sed

2220 2674 2347 2744 quia
2372 2674 2626 2745 plurimis
2658 2683 2713 2729 ct
2748 2673 3002 2730 maximis
3024 2672 3414 2729 ecclesiasticis
3448 2672 3691 2743 negotiis
3725 2687 3822 2726 oc-

2221 2778 2568 2836 cuparemur,
2592 2766 2879 2837 plenaliter
2932 2765 3164 2821 difﬁnire
3198 2764 3566 2836 nequivimus,
3595 2778 3660 2820 ac
3686 2779 3823 2834 pro—

2221 2858 2346 2913 inde
2393 2858 2461 2913 ad
2509 2870 2760 2915 nostram
2814 2858 3149 2914 audientiam
3199 2857 3420 2913 tandem
3462 2855 3821 2911 deferendam

530 2945 821 3014 marcbio,
897 2962 1008 3001 non
1080 2963 1298 3017 comes,
1355 2950 1693 3020 vicecomes,
1763 2956 2115 3026 capitaneus,
2147 2974 2188 3032 ο
2221 2950 2515 3006 statuimus
2561 2959 2803 3022 tempore
2832 2964 2967 3022 ‘quo
3016 2965 3145 3005 eum
3202 2948 3572 3004 ηοῦἱεὶίοενθῑ
3615 2948 3823 3019 quietis

530 3037 828 3105 castaldus,
880 3050 1125 3107 exactor,
1180 3056 1277 3098 seu
1323 3044 1505 3116 aliqua
1542 3047 1824 3104 sacularis
1852 3059 2118 3121 potestas,

530 3128 615 3183 vel
661 3130 846 3201 aliqua
904 3132 1193 3189 hominum
1250 3151 1470 3209 magna,
1533 3154 1811 3211 parvaque
1863 3159 2117 3213 persona.

529 3218 687 3287 Quod
720 3222 766 3277 si
805 3223 1028 3295 aliquis,
1065 3228 1213 3298 quod
1264 3244 1374 3285 non
1402 3231 1700 3299 credimus,
1740 3234 2011 3293 diabolico
2037 3237 2121 3292 in-

529 3314 756 3382 stinctu,
786 3318 931 3387 quod
960 3334 991 3373 a
1017 3320 1176 3377 nobis
1206 3320 1483 3379 firmatum
1512 3335 1597 3381 est
1621 3325 1919 3399 infringere
1947 3337 2121 3385 tenta-

527 3405 686 3474 verit,
715 3410 798 3463 vel
825 3410 983 3465 aliter
1010 3425 1325 3483 permutare
1357 3420 1788 3490 prasumpserit,
1818 3422 1903 3477 vel
1930 3432 2119 3480 contra

526 3495 637 3570 jam
686 3502 829 3558 dicta
864 3504 1070 3576 aliquid
1098 3522 1269 3583 ausus
1299 3508 1463 3566 fuerit
1494 3513 1697 3581 moliri,
1725 3515 1915 3570 timeat
1955 3533 2122 3588 super

530 3607 590 3647 se
613 3602 901 3651 venturum
927 3597 1319 3670 omnipotentis
1343 3602 1436 3659 Dei
1459 3604 1756 3676 judicium,
1780 3615 1834 3664 et
1862 3611 2119 3668 conscius

535 3685 641 3741 sibi
686 3688 936 3745 tristctur
954 3692 1022 3747 de
1045 3691 1231 3750 futura
1256 3710 1422 3767 super
1441 3714 1567 3755 cum
1597 3697 1692 3755 Dei
1720 3709 1775 3757 et
1802 3710 2119 3759 sanctorum

530 3777 775 3833 omnium
806 3782 1207 3841 maledictione.
1267 3785 1495 3859 Insuper
1526 3790 1662 3846 sciat
1696 3807 1755 3847 se
1787 3808 1853 3848 ex
1880 3796 2122 3850 auctori—

531 3879 642 3926 tate
665 3870 948 3928 beatorum
984 3877 1359 3944 apostolorum
1389 3879 1533 3935 Petri
1552 3892 1606 3937 et
1623 3882 1798 3953 Pauli,
1826 3894 1880 3941 et
1907 3897 2118 3955 nostra,

531 3962 637 4018 nisi
665 3963 972 4035 resipuerit,
1003 3976 1266 4039 perpetuo
1294 3974 1661 4031 anathematis
1690 3977 1912 4034 vinculo
1953 3980 2121 4036 inno-

530 4053 739 4110 datum.
795 4056 866 4112 At
911 4073 1044 4115 vero
1090 4070 1278 4119 custos
1323 4073 1378 4120 et
1421 4065 1743 4123 observator
1785 4070 1950 4141 hujus
1978 4074 2121 4129 sacri

532 4149 706 4204 nostri
734 4149 1000 4224 privilegii
1026 4152 1094 4210 de
1128 4153 1338 4213 cmiesti
1383 4173 1548 4229 super
1574 4175 1634 4216 se
1678 4170 1909 4220 ventura
1954 4165 2121 4223 bene-

532 4240 770 4298 dictione
797 4248 1124 4315 gratuletur,
1152 4257 1353 4320 etpost
1381 4254 1668 4322 prasentis
1707 4256 1833 4314 vita
1859 4260 2116 4330 spatium,

534 4334 767 4404 accipiat
796 4339 1054 4405 perennis
1081 4341 1208 4396 vita
1231 4343 1503 4400 bravium.

603 4422 800 4516 Datum
842 4427 1003 4486 Luca
1051 4449 1112 4487 ιιι
1151 4432 1278 4491 Idus
1306 4434 1561 4493 Octobris
1590 4456 1688 4511 per
1715 4458 1912 4501 manus
1950 4444 2120 4516 Petri,

534 4524 736 4571 sancta
762 4515 1024 4577 Romana
1070 4522 1331 4584 Ecclesia
1368 4531 1691 4588 subdiaconi
1736 4551 1800 4590 ac
1836 4515 2124 4595 bibliotbeé

534 4608 849 4674 (arii,anno
871 4626 945 4666 vn
972 4616 1323 4685 pontiﬁcatus
1352 4622 1541 4677 domni
1562 4610 1863 4683 [Alexandri
1884 4628 1929 4682 ιι
1948 4646 2123 4702 papa,

2222 3042 2591 3112 perscrutari;
2637 3044 2765 3099 licet
2806 3042 2883 3097 ita
2928 3041 3148 3097 demum
3188 3040 3451 3097 canonica
3494 3039 3821 3095 diliinitionc

2220 3132 2570 3188 concludere.
2622 3130 2779 3188 Unde
2822 3141 3004 3188 actum
3051 3138 3139 3187 est
3183 3139 3245 3186 ut
3289 3130 3454 3201 paulo
3494 3138 3623 3201 post
3660 3130 3821 3185 nobis

2221 3226 2395 3283 Roma
2422 3229 2490 3283 ad
2518 3228 2851 3285 Lucensium
2874 3242 3066 3300 preces
3090 3226 3568 3299 proﬁciscentibus
3592 3226 3713 3296 ipsa
3733 3240 3823 3280 ea.

2219 3319 2343 3376 dem
2369 3322 2601 3391 quaestio
2638 3322 2693 3377 in
2729 3322 2944 3389 itinere,
2976 3322 3107 3377 dum
3140 3337 3238 3392 per
3262 3329 3448 3392 partes
3483 3320 3607 3377 illas
3642 3329 3823 3375 trans-

2221 3410 2447 3478 iremus,
2479 3421 2987 3483 reprasentaretur,
3011 3421 3211 3469 etcum
3243 3412 3376 3466 inibi
3415 3411 3510 3467 diu
3557 3411 3821 3481 episcopo

2221 3502 2544 3574 clericisque
2552 3506 2913 3575 prasentibus
2922 3507 3279 3562 ventilaretur
3289 3504 3620 3576 quibusdam
3634 3514 3822 3560 astan-

2224 3594 2390 3662 tibus,
2426 3610 2527 3650 nec
2562 3595 2743 3652 adhuc
2773 3598 2932 3668 plane
2959 3596 3297 3653 difiinitionis
3320 3596 3653 3652 sententiam
3683 3611 3818 3650 ceu-

2222 3705 2345 3745 sere
2381 3689 2608 3762 dignum
2640 3692 2920 3758 duximus,
2957 3692 3144 3763 sicque
3174 3691 3355 3747 denuo
3392 3691 3577 3746 evenit
3605 3700 3666 3745 ut
3691 3706 3818 3746 cum

2222 3784 2371 3843 Luca
2415 3785 2649 3842 Romam
2710 3795 3143 3853 reverteremur,
3198 3786 3409 3841 invitati
3446 3786 3709 3857 episeopo
3752 3786 3819 3840 ad

2220 3879 2534 3949 pradictam
2555 3879 2841 3937 Clusinam
2861 3882 3171 3949 ecclesiam,
3201 3881 3289 3953 pia
3313 3890 3367 3937 ct
3388 3880 3615 3937 eﬂicacii
3649 3883 3820 3953 ipsius

2220 3972 2462 4044 episcopi
2489 3975 2773 4047 rogatione
2809 3973 2992 4030 inﬂexi
3027 3973 3360 4029 veniremus.
3398 3971 3553 4028 Tunc
3591 3983 3820 4029 evocato

2222 4064 2296 4119 ibi
2324 4064 2582 4120 universo
2607 4064 2754 4120 clero
2789 4064 3033 4135 pradicti
3073 4065 3440 4135 episcopatus,
3467 4066 3821 4137 maximaque

2221 4164 2374 4227 parte
2397 4156 2582 4227 pepuli
2595 4165 2946 4230 congregata,
2962 4157 3330 4228 supradictam
3354 4160 3716 4229 quastionem
3738 4162 3821 4215 di-

2221 4250 2409 4323 ligenti
2428 4251 2828 4307 examinatione
2856 4250 3302 4324 perquisivimus,
3328 4253 3605 4309 residente
3633 4255 3820 4310 nobis-

2155 4327 2199 4382 Ι)
2224 4355 2351 4398 cum
2384 4342 2584 4397 dilecto
2621 4340 2790 4398 fratre
2827 4352 3016 4398 nostro
3053 4340 3264 4399 Joanne
3307 4352 3511 4399 sancta
3559 4344 3821 4400 Romana

2224 4436 2483 4494 Ecclesia
2528 4438 2793 4494 cardinali
2838 4437 3150 4495 Tusculano
3194 4438 3468 4510 episcopo,
3510 4442 3820 4496 astantibus

2227 4546 2447 4602 quoque
2474 4532 2729 4602 plurimis
2757 4532 3030 4603 religiosis
3072 4532 3391 4599 abbatibus,
3430 4541 3485 4587 et
3514 4535 3819 4589 sacerdoti—

2227 4623 2351 4691 bus,
2380 4623 2545 4678 etiam
2571 4620 2844 4713 Ravnerio
2867 4624 2980 4679 lilio
3002 4622 3300 4695 Burgarelli
3327 4632 3381 4680 et
3410 4623 3692 4681 Bernardo
3714 4627 3828 4733 ﬁlir‘

536 4714 682 4755 anno
729 4701 978 4761 videlicet
1046 4707 1343 4792 Dominica
1390 4712 1784 4775 incarnationis
1831 4701 2126 4780 millesimo
2227 4718 2512 4792 Ardinghi,
2553 4701 2850 4791 multisque
2888 4721 3010 4777 aliis
3056 4721 3359 4791 majoribus
3394 4731 3447 4777 et
3492 4701 3819 4779 minoribus.

538 4794 879 4867 sexagesimo
900 4808 1116 4869 octavo,
1149 4790 1446 4863 indictione
1475 4824 1570 4863 vu.

1245 4916 1429 4974 LXIII.

2232 4811 2407 4878 Quam
2437 4812 2621 4867 divino
2641 4818 2775 4866 nutu
2792 4812 3015 4883 provida
3040 4808 3477 4867 consideratione
3499 4814 3821 4876 inspectam,

2236 4909 2311 4962 ita
2340 4907 2517 4963 visum
2541 4912 2627 4963 est
2656 4908 2817 4964 nobis
2839 4905 2957 4962 fore
2982 4904 3371 4975 diilinieudam,
3409 4909 3622 4963 scilicet
3644 4917 3705 4963 ut
3732 4909 3827 4963 bu-

538 4999 937 5081 AlexandeLII
977 5008 1277 5080 episcopum
1311 5010 1612 5081 Clusinum,
1657 5015 1715 5069 in
1758 5020 1984 5074 concilio
2025 5020 2118 5076 Ro-

2230 5009 2474 5080 jusmodi
2505 5008 2753 5079 infamia,
2792 5026 2915 5081 qua
2940 4992 3142 5065 talibus
3168 5010 3556 5065 occasionibus
3588 5008 3827 5066 Clusina:

610 5089 782 5149 artano
807 5072 1046 5133 Simonia
1077 5072 1385 5136 accusatum
1410 5126 1424 5149 ,
1460 5096 1579 5137 cum
1598 5072 1771 5140 causa
1801 5072 1869 5142 et
1886 5072 2130 5147 Liui}:

611 5141 783 5225 Clusii
806 5155 1040 5204 tractata
1055 5162 1210 5219 esset,
1238 5141 1626 5209 absolutionem
1645 5173 1677 5209 α
1698 5141 2133 5225 κδείίηιῖιξίῆιεὲἐ

613 5223 857 5271 testatur.

1141 5314 1324 5358 (Anna
1350 5314 1534 5358 lﬂﬂRl

2236 5106 2480 5176 ecclesia
2520 5117 2836 5191 inoleverat,
2870 5118 2958 5174 bis
2982 5116 3239 5173 omnibus
3269 5116 3565 5186 amputatis
3605 5116 3827 5171 abscin-

2237 5216 2479 5285 deretur,
2512 5226 2566 5272 et
2592 5225 2880 5283 statutum,
2910 5217 3058 5287 quod
3080 5216 3222 5273 sacri
3261 5230 3500 5272 canones
3519 5215 3590 5270 de
3612 5215 3828 5271 redditi-

2235 5315 2341 5358 hne
2362 5325 2414 5358 nt
2438 5317 2585 5358 vntie
2606 5315 2831 5358 pnnlmin
2841 5331 2959 5358 mm
2983 5314 3321 5358 nrmoinittnt.
3348 5313 3419 5358 ab
3438 5314 3688 5358 “trieth
3703 5329 3830 5358 nan-
