4050 5358
256 218 398 274 1549

253 431 422 479 tatem
446 420 691 477 omnium
725 419 1113 491 primitiarum,
1141 415 1469 487 tertiamque
1496 417 1666 474 totius
1692 417 1841 473 obia-

224 499 237 516 ’
255 511 421 567 tionis
455 516 777 567 cunctarum
804 509 1159 565 ecclesiarum
1203 506 1549 578 episcdpatus
1588 509 1837 564 vivorum

254 617 323 660 ac
343 610 709 667 mortuorum,
737 609 851 657 tam
885 601 941 656 in
967 601 1128 658 terris
1154 616 1321 672 quam
1348 601 1405 656 in
1431 601 1638 668 vineis,
1665 603 1841 659 mobi-

254 693 402 752 libus
420 694 509 751 vel
527 694 921 761 immobilibus,
947 709 1044 750 seu
1070 694 1365 764 cujuslibet
1389 694 1604 765 generis
1631 709 1842 765 posses-

254 787 507 847 dOnibus
551 786 751 842 habere
794 785 1129 852 censuimus,
1174 785 1542 841 oblationibus
1587 788 1841 857 antiquo-

257 897 382 938 rum
404 879 863 936 monasteriorum
887 878 1149 949 exceptis,
1173 878 1444 945 videlicet,
1470 877 1527 933 8.
1560 878 1840 949 Anthymi,

258 973 318 1030 S.
351 971 673 1039 Saivatoris,
722 985 935 1026 necnon
975 969 1033 1024 8.
1075 970 1374 1037 Benedicti,
1414 978 1468 1025 et
1507 970 1566 1026 S.
1610 970 1759 1026 Petri
1787 971 1843 1025 in

255 1066 484 1139 Campo.
516 1064 838 1120 Addidimus
870 1061 1035 1118 etiam
1066 1062 1214 1133 quod
1252 1062 1436 1119 nullus
1467 1062 1735 1119 laicorum
1759 1078 1846 1119 cc-

256 1158 454 1214 clesias
481 1165 669 1213 tenere
692 1156 779 1211 vel
812 1155 1116 1211 oblationes
1143 1154 1392 1211 vivorum
1419 1165 1475 1211 et
1501 1166 1843 1211 mortuorum

258 1251 312 1303 in
361 1249 614 1319 proprios
652 1264 789 1304 usus
819 1257 1137 1318 retorquere
1182 1254 1507 1318 praesumat;
1544 1256 1674 1303 sunt
1697 1247 1843 1303 enim

256 1339 501 1410 plurimi,
526 1339 621 1411 qui
655 1339 1057 1396 ecclesiasticas
1087 1355 1196 1407 res,
1227 1341 1383 1411 quasi
1415 1342 1540 1412 jure
1569 1340 1848 1397 haeredita-

259 1432 343 1486 rio
389 1446 419 1486 a
467 1432 787 1501 parentibus
836 1433 1085 1499 relictas,
1130 1433 1473 1503 impudenter
1524 1437 1627 1493 sibi
1681 1454 1846 1495 usur-

256 1533 418 1594 pant;
478 1524 626 1594 quod
682 1534 812 1597 quia
873 1525 1260 1582 ecclesiasticis
1324 1529 1714 1586 statutionibus
1772 1531 1849 1586 ni-

257 1618 364 1671 mis
405 1626 701 1688 oppugnet,
737 1618 914 1673 modis
948 1619 1207 1674 omnibus
1238 1618 1567 1677 inhibemus.
1605 1621 1849 1689 Quicun-

256 1723 365 1779 que
388 1723 519 1779 ergo
544 1710 836 1765 temerario
858 1725 999 1765 ausu
1022 1710 1151 1766 huic
1186 1720 1388 1767 nostra:
1414 1713 1684 1769 sanctioni
1707 1731 1843 1771 con-

256 1800 491 1866 traierit,
523 1808 581 1855 et
615 1800 722 1856 hoc
756 1810 1009 1857 nostrum
1048 1804 1411 1873 apostolicum
1462 1804 1743 1862 decretum
1790 1810 1846 1864 in

260 1900 434 1948 totum
480 1901 760 1963 partemve
799 1892 1105 1966 infregerit,
1146 1894 1194 1950 si
1233 1911 1301 1951 ex
1345 1897 1518 1954 sacris
1560 1900 1847 1957 ordinibus

259 1980 444 2049 fuerit,
471 1984 554 2039 sui
582 1986 792 2041 ordinis
812 1986 1115 2056 periculum
1148 1987 1412 2055 incurrat,
1436 1990 1484 2044 si
1504 2004 1636 2046 vero
1650 1992 1843 2060 laicus,

260 2083 462 2130 nostra:
491 2077 803 2146 apostolicae
840 2078 1395 2136 excommunicationi
1446 2083 1746 2153 subjaceat.
1781 2086 1849 2141 Et

260 2164 486 2236 insuper
505 2168 745 2223 bannum
780 2179 1028 2225 nostrum
1051 2176 1364 2241 componat,
1393 2176 1734 2246 septuaginta
1761 2179 1845 2233 vi-

260 2257 456 2313 delicet
494 2260 686 2330 optimi
721 2262 842 2317 auri
871 2263 1068 2330 libras,
1116 2264 1462 2322 medietatem
1491 2266 1845 2327 Lateranensi

260 2350 487 2419 palatio,
524 2353 866 2408 medietatem
902 2363 1084 2411 autem
1118 2359 1261 2427 parti
1289 2368 1539 2416 nostrum
1578 2365 1843 2432 apostoli-

263 2457 390 2498 cum
406 2444 645 2499 servanti
665 2445 964 2502 decretum.

335 2533 533 2590 Datum
571 2535 830 2606 Perusiae,
863 2539 1024 2595 tertio
1058 2538 1177 2596 Kal.
1208 2540 1476 2611 Januarii,
1517 2560 1615 2616 per
1650 2563 1847 2605 manus

265 2623 408 2681 Petri
433 2627 614 2684 clerici
634 2628 911 2702 iungentis
935 2632 1053 2688 vice
1072 2631 1217 2689 Petri
1241 2645 1443 2692 sancta:
1467 2637 1726 2697 Romana:
1745 2641 1849 2696 Ec-

266 2716 445 2774 clesiae
482 2720 801 2777 subdiaconi
836 2739 902 2779 ac
927 2724 1346 2793 bibiiothecarii,
1387 2744 1534 2784 anno
1560 2731 1630 2785 ab
1659 2731 1845 2788 incar—

267 2810 486 2866 natione
518 2809 734 2868 Domini
764 2813 922 2882 l068,
946 2816 1295 2885 pontiﬁcatus
1329 2835 1460 2876 vero
1491 2821 1679 2879 domni
1717 2824 1842 2881 Ale-

269 2901 460 2956 xandri
484 2900 529 2956 II
552 2918 698 2961 anno
732 2919 850 2973 vin,
875 2906 1063 2963 indict.
1098 2924 1172 2964 vi.
1203 2977 1213 2987 .

961 3062 1148 3121 LXIV.

269 3192 563 3270 Alexandri
590 3196 657 3251 II
687 3199 916 3270 epistola
944 3204 1015 3257 ad
1039 3201 1362 3259 Rumoldum
1389 3204 1849 3263 Constantiense'm

334 3266 655 3348 episcopum.
680 3266 754 3309 -'—
789 3270 868 3326 De
910 3273 1099 3328 abbate
1145 3275 1297 3345 cujus
1330 3293 1509 3332 servus
1538 3270 1713 3348 {fatis
1744 3283 1895 3333 νηοί
1936 3266 2203 3348 ἔιιῦεΐῦίίὶ

335 3338 447 3460 icasttu
483 3338 547 3391 ab
578 3340 691 3409 ipso
728 3357 1037 3412 percussus,
1073 3338 1329 3415 post'sex
1368 3338 1565 3404 menses
1606 3338 1849 3415 mortuus

802 3526 983 3599 (Anno
1014 3527 1302 3603 i06l-69.)

650 3658 843 3731 [MANSI
872 3660 1076 3719 Concit.
1107 3662 1253 3732 XIX,
1294 3664 1446 3739 965.]

336 3791 679 3862 ALEXANDER,
710 3795 971 3855 Rouonno
996 3798 1402 3860 Constantiensi
1429 3805 1703 3878 episcopo.

340 3880 710 3942 Intelleximus
738 3888 794 3942 in
816 3888 1011 3946 litteris
1041 3893 1303 3965 tuisquod
1328 3912 1518 3952 earum
1547 3899 1729 3964 latior,
1758 3914 1847 3955 sa-

270 3974 460 4030 cerdos
505 3976 757 4036 videlicet
782 3989 837 4036 et
864 3983 1051 4052 abbas,
1096 3985 1173 4041 ita
1213 3989 1479 4045 acerrime
1526 3991 1844 4048 stimulatus

268 4065 593 4123 servientem
640 4087 749 4128 uno
787 4070 950 4130 fustis
989 4075 1100 4132 ictu
1128 4078 1184 4133 in
1223 4079 1388 4136 dorso
1415 4084 1767 4151 percusserit,
1794 4095 1850 4140 et

269 4155 349 4211 sic
388 4174 687 4228 percussus
727 4172 789 4221 ut
830 4182 928 4237 per
970 4169 1343 4241 conjecturam
1383 4175 1708 4243 admittitur,
1752 4193 1847 4234 sex

268 4253 451 4340 tamen
464 4254 747 4311 mensibus
769 4261 1073 4317 transactis
1103 4261 1316 4318 abierit.
1332 4262 1486 4321 Unde
1502 4266 1668 4335 hunc,
1688 4271 1848 4340 quasi

269 4337 549 4400 homicidii
579 4348 735 4419 culpa
762 4358 1030 4420 notatum,
1060 4360 1116 4408 et
1142 4354 1229 4409 sui
1255 4358 1456 4427 gradus
1497 4337 1729 4417 horrens
1758 4362 1844 4416 in-

269 4434 511 4527 currisse
548 4442 851 4508 periculum
894 4453 948 4502 et
988 4445 1267 4519 dignitatis
1310 4454 1696 4524 perpendimus
1721 4472 1846 4527 per-

268 4525 461 4619 tulisse
489 4530 852 4605 naufragium.
884 4535 941 4592 in
970 4554 1078 4610 qua
1100 4556 1179 4610 re,
1211 4543 1365 4600 salvo
1392 4546 1471 4600 tui
1499 4547 1708 4603 ordinis
1726 4525 1848 4619 pri-

267 4616 511 4701 vilegio,”
537 4624 941 4693 quodammodo
985 4634 1269 4703 repentina
1317 4639 1579 4695 severitas
1622 4647 1676 4694 et
1728 4616 1843 4696 sta-

269 4709 440 4766 tuisse
479 4712 694 4772 videtur
719 4720 1094 4791 praajudicium
1123 4735 1176 4782 et
1203 4730 1475 4800 praecipue
1499 4731 1850 4789 discretionis

269 4809 569 4863 excessisse
596 4811 842 4880 modum,
871 4831 995 4887 quae
1035 4818 1298 4876 nimirum
1328 4823 1665 4880 clementiori
1694 4827 1851 4882 nobis

268 4891 483 4988 videtur
510 4901 882 4962 moderamine
930 4913 1301 4980 temperanda.
1341 4914 1417 4970 De
1455 4932 1565 4988 qua
1602 4918 1849 4977 videlicet

268 4983 514 5081 habenda
540 4992 871 5055 discretione
898 5002 947 5056 si
978 5012 1068 5057 tua
1102 5003 1414 5065 fraternitas
1440 4983 1678 5081 hinsitat,
1710 5016 1846 5073 Gre-

269 5078 505 5147 goriana’,
530 5087 877 5147 auctoritatis
904 5094 1275 5155 testimonium
1323 5100 1484 5172 legat.
1516 5078 1678 5165 Item.
1708 5110 1835 5167 Fra-

269 5173 503 5229 ternitati
548 5184 660 5232 tuae
698 5183 1021 5242 mandamus
1064 5196 1123 5242 ut
1164 5188 1387 5248 fratrem
1417 5194 1587 5256 istum
1615 5205 1845 5262 abhatiae

264 5265 547 5358 restituat;
594 5276 653 5324 et
692 5271 739 5326 si
774 5273 889 5343 jam
933 5294 1109 5336 annus
1149 5286 1482 5352 poenitentiae
1533 5300 1840 5358 transactus

1417 206 1777 268 EPISTOLE
1814 207 1901 264 ET
1936 205 2352 262 DIPLOMATA.

253 333 403 388 tione
429 329 671 402 episcopi
691 322 1134 401 presidentibus,
1157 322 1479 394 episcopum
1498 339 1631 381 vero
1648 323 1845 380 medie-
1872 328 1920 384 Α

3386 195 3526 253 1550

2650 311 2813 369 LXV.

1939 420 2234 477 Alexandri
2264 417 2332 473 II
2355 415 2585 490 epistola
2621 416 2689 497 ad
2720 412 3040 469 Romaidum
3069 408 3524 469 Ganstautiertsem

2567 500 2889 557 episcopum.

2503 579 2683 651 (Anno
2714 576 2993 649 1061-69.)

2337 670 2530 744 [Mmsn
2561 669 2764 726 Concil.
2794 668 2935 736 XIX,
2960 667 3113 742 983.]

2044 765 2129 820 Ad
2150 774 2444 836 sequentem
2472 762 2750 833 epistolam
2778 760 3073 815 collectoris
3100 761 3413 819 admonitio.

2012 857 2335 930 Quicunque
2360 856 2579 910 Ivonem
2622 864 2886 930 accusant
2909 855 2973 909 de
3001 866 3259 928 corrupto
3287 859 3526 930 interpo«

1943 923 2164 999 latogiue
2199 923 2346 981 textu
2380 941 2651 981 canonum
2679 933 2733 999 et
2754 926 3095 999 decretorum
3126 923 3252 999 quas
3278 930 3331 983 in
3362 923 3527 987 colle-

1944 994 2181 1053 ctioiiem
2250 1013 2407 1053 suam
2474 996 2790 1062 transtulit,
2849 997 2956 1051 illis
3015 994 3259 1067 profecto
3300 1004 3529 1057 accidet

1945 1079 2310 1142 opportunum
2352 1067 2719 1142 fragmentum
2752 1069 3030 1142 sequentis
3074 1068 3368 1142 Alexandri
3406 1073 3525 1142 epi—

1947 1136 2121 1205 sum,
2151 1140 2297 1209 quod
2323 1154 2424 1209 ego
2448 1136 2757 1209 ’oil‘cndijn
2807 1153 2909 1209 ius.
2947 1137 3298 1197 Pistoriensis
3337 1136 3525 1198 cathe-

1946 1211 2114 1266 dralis
2160 1206 2381 1275 codice;
2419 1209 2475 1262 in
2518 1221 2629 1277 quo
2672 1206 2852 1262 lvonis
2900 1209 3179 1265 decretum
3235 1226 3360 1268 cum
3405 1214 3527 1268 aliis

1947 1280 2229 1355 nonnullis
2254 1279 2620 1355 decretalibus
2648 1278 3033 1355 sanctionibus
3054 1282 3117 1355 in,
3137 1286 3398 1339 extremis
3426 1301 3526 1355 pa-

1947 1353 2208 1424 geliarum
2238 1367 2335 1405 ora
2366 1349 2591 1424 adjectis
2626 1349 2955 1424 continetur.
2995 1351 3071 1409 Ex
3090 1354 3209 1424 hac
3228 1355 3353 1424 ipsa
3378 1349 3526 1410 enim

1947 1419 2179 1504 epistola
2201 1419 2731 1504 excerpsitivocap.
2764 1419 2889 1485 409,
2914 1430 2968 1475 et
2996 1423 3178 1504 exilio
3208 1419 3525 1490 Gratianus,

1948 1491 2078 1566 dist.
2111 1492 2200 1559 52,
2232 1507 2351 1566 cap.
2400 1491 2741 1566 Sollicitudo,
2769 1505 3031 1566 canonem
3074 1494 3251 1566 illum,
3284 1512 3444 1566 quem
3475 1505 3530 1551 et

1950 1562 2203 1621 Labbeus
2233 1560 2373 1617 inter
2409 1561 2700 1616 Alexandri
2722 1560 2981 1630 epistolas
3016 1580 3168 1619 num.
3198 1565 3268 1619 32
3303 1560 3524 1623 recitat.

1950 1633 2008 1709 l_n
2030 1634 2221 1709 eodem
2252 1631 2432 1709 lvonis
2457 1633 2677 1709 decreto
2699 1630 2824 1685 data
2854 1631 2968 1709 haec
2990 1635 3218 1709 epistola
3243 1636 3438 1709 legitur
3459 1640 3528 1692 ad

1947 1703 2274 1758 Romaldum
2307 1702 2813 1766 Constantienscm;
2851 1702 2907 1755 in
2935 1702 3121 1759 codice
3175 1702 3318 1760 vero
3346 1707 3527 1763 Pisto-

1948 1775 2115 1845 riensi
2141 1774 2280 1845 ejus,
2312 1774 2380 1828 ad
2422 1789 2585 1843 quem
2621 1772 2898 1845 dirigitur,
2940 1790 3142 1830 nomen
3167 1776 3525 1833 desideratur.

1946 1844 2029 1899 Ad
2076 1842 2340 1898 lectorum
2390 1842 2739 1916 cemmodum
2799 1850 3089 1916 utramque
3138 1847 3428 1903 lectionem
3461 1865 3531 1905 ex

1947 1915 2178 1970 adverso
2206 1916 2438 1984 positam
2463 1913 2752 1967 exhibebo.

1949 2007 2026 2062 Ex
2061 2024 2225 2063 anno
2256 2005 2435 2062 Ivoxts
2460 2022 2530 2061 ΕΤ
2557 2005 2701 2061 Giu—

2241 2094 2408 2132 TIANI.

1946 2148 2031 2204 Ad
2076 2147 2394 2204 Romaldum
2438 2145 2703 2203 Constan-

2018 2220 2233 2302 tienscm
2261 2219 2579 2302 episcqpum.
2625 2217 2703 2271 De

2016 2307 2076 2344 eo
2118 2292 2231 2361 qui,
2289 2290 2703 2361 sabdiaconatus

2017 2360 2200 2415 ordine
2234 2362 2542 2430 postposito,
2584 2360 2705 2413 dia-

2017 2448 2177 2486 conus
2228 2440 2279 2484 et
2316 2431 2583 2503 presbyter
2627 2436 2705 2484 est

2018 2503 2314 2557 ordinatus.

2020 2573 2339 2628 Sollicitudo
2396 2571 2702 2627 dilectionis

2807 2003 2888 2059 Ex
2931 2022 2987 2061 ιι.
3032 2022 3078 2063 s.
3109 2024 3230 2065 con.
3269 2010 3492 2068 Pisron.

2844 2145 3145 2202 Alexander
3185 2167 3324 2222 papa
3368 2150 3455 2207 11.

2775 2284 2852 2342 De
2869 2289 3097 2359 quodam
3111 2292 3382 2348 sacerdote
3394 2293 3502 2347 mal

3016 2362 3283 2418 ordinato.

2844 2567 3075 2636 Quidam
3103 2572 3156 2629 in
3186 2575 3532 2634 clericalibus

1947 2651 2056 2698 tua:
2091 2643 2299 2699 studuit
2318 2644 2606 2699 consulere
2634 2658 2701 2695 u-

1951 2724 2092 2769 trum
2112 2714 2344 2783 portitor
2364 2714 2595 2768 istarum
2622 2713 2705 2767 lit-

1949 2793 2187 2839 terarum
2248 2785 2573 2839 diaconatus
2649 2791 2704 2838 et

1948 2856 2356 2938 presbyteratus
2375 2854 2611 2909 cilicium
2634 2855 2705 2909 sit

1949 2926 2179 2981 idoneus
2199 2941 2481 2997 peragere,
2507 2940 2701 2993 necne,

1875 3030 1917 3088 C
1949 2997 2194 3088 933-3“
2245 2996 2299 3088 if!
2314 2996 2704 3088 ,ξιξῖἓὲτθιῖἳῖίέ

1949 3083 2114 3123 cursu
2143 3109 2159 3134 ,
2247 3068 2504 3122 videlicet
2585 3067 2705 3122 sine

1948 3138 2086 3203 subd
2092 3138 2376 3193 iaconatus
2388 3139 2598 3203 ordine,
2616 3152 2707 3192 ne-

1944 3194 2204 3289 gligentia
2272 3209 2454 3278 potius
2538 3194 2704 3289 quam

2340 3286 2707 3349 cognoscatur

1948 3346 2283 3403 asCendisse.
2296 3346 2448 3401 Unde
2460 3364 2562 3402 nos
2573 3364 2705 3403 con-

1949 3417 2180 3473 sulendo
2264 3417 2518 3472 charitati
2594 3428 2703 3473 tua:

1949 3486 2328 3543 mandavimus
2351 3495 2411 3541 ut
2431 3488 2501 3542 ah
2528 3487 2705 3543 cilicio

1949 3557 2273 3615 sacerdotali
2321 3573 2448 3613 eum
2517 3558 2705 3627 prohi-

1948 3629 2288 3695 beas,donec
2310 3628 2707 3711 proximoqua-

1948 3710 2076 3755 tuor
2122 3708 2433 3770 temporum
2494 3700 2706 3770 jejunio

1948 3770 2380 3826 subdiaconatus
2452 3771 2705 3827 ministe-

1948 3841 2092 3896 rium
2143 3841 2248 3897 sibi
2303 3842 2404 3896 rite
2434 3842 2704 3912 imponas,

1948 3918 2004 3967 et
2025 3912 2106 3968 sic
2124 3912 2382 3982 deinceps
2404 3912 2470 3966 ad
2496 3914 2706 3982 majora

1949 3982 2125 4111 oilijcia
2168 3994 2295 4039 eum
2347 3983 2524 4040 redire
2569 3999 2695 4041 con-

1949 4070 2012 4111 ce
2048 4070 2130 4111 as.

1949 4070 2130 4111 08038.

2773 2639 2966 2697 ciliciis
3006 2644 3273 2702 educatus
3305 2649 3531 2703 subdia-

2773 2720 3003 2789 conatu_s
3032 2717 3258 2789 gradum
3286 2719 3533 2789 suscipe-

2774 2797 2833 2837 re
2861 2784 3117 2855 neglexit,
3135 2796 3189 2842 et
3209 2784 3532 2844 diaconatus

2774 2868 2840 2908 ac
2892 2856 3303 2928 presbyteratus
3356 2861 3533 2915 hono-

2775 2939 2912 2999 rem,
2959 2942 3070 2982 non
3108 2931 3327 2999 quidem
3355 2932 3533 2986 ambi-

2776 2995 2938 3073 tiose,
2947 2998 3043 3073 sed
3059 2995 3393 3073 negligenter
3407 3017 3535 3057 con-

2776 3068 3004 3122 scendit.
3064 3068 3285 3143 Infquo
3328 3087 3535 3143 prace-

2777 3145 2931 3207 ptum
2951 3141 3276 3197 canonicum
3299 3141 3409 3197 non
3433 3159 3535 3198 nos

2779 3209 3055 3265 invenisse
3123 3212 3478 3269 meminimus
3510 3231 3525 3279 ;

2778 3279 3066 3353 consilium
3093 3293 3274 3337 autem
3301 3300 3365 3338 ex
3395 3300 3533 3353 pras-

2777 3349 3381 3424 rogativaauctoritatis
3396 3349 3534 3424 apo-

2775 3420 2981 3474 stoiica:
3008 3422 3224 3477 damus.
3240 3424 3322 3478 Ah
3337 3420 3533 3479 utrius-

2775 3504 2898 3562 que
2954 3490 3160 3562 itaque,
3203 3494 3256 3547 id
3303 3501 3390 3549 est
3439 3511 3531 3550 sa—

2777 3560 3071 3617 cerdotalis
3139 3570 3194 3618 et
3253 3563 3479 3620 leviticae
3513 3606 3531 3626 .

2777 3645 2917 3705 quos
2941 3632 3248 3689 inordinate
3268 3636 3530 3705 suscepit,

2777 3701 2955 3756 cilicio
3005 3706 3392 3773 suspendatur,
3431 3701 3534 3760 do—

2779 3786 2879 3855 nec
2897 3787 3149 3855 congruo
3181 3784 3423 3855 tempore
3448 3776 3534 3855 in:

2779 3843 2936 3916 tersit
2989 3843 3109 3915 ejus
3168 3846 3265 3916 qui
3294 3843 3403 3902 'est
3464 3846 3533 3901 ad

2777 3913 3097 3969 subdiacOni
3184 3913 3535 3973 ‘bencdicen-

2777 3986 2908 4040 dum
2953 3985 3249 4055 honorem;
3306 3996 3360 4043 et
3408 4003 3535 4045 cum

2773 4056 2855 4111 eis
2902 4057 3333 4114 subdiaconatus
3358 4060 3535 4114 susci-

2773 4127 2889 4195 piat
2902 4128 3357 4183 benedictionem.
3372 4128 3536 4183 Prius

2775 4206 2958 4251 tamen
3023 4198 3425 4255 discutiendum
3486 4201 3534 4253 si

2776 4268 2897 4337 ejus
2917 4266 3027 4321 vita
3049 4268 3209 4338 digna
3231 4268 3408 4324 cilicio
3435 4269 3535 4323 ha-

2777 4338 3000 4403 beatur;
3029 4347 3083 4393 et
3109 4339 3211 4405 sic,
3238 4340 3285 4395 si
3305 4341 3430 4395 vita:
3450 4355 3535 4395 ca-

2779 4422 2954 4463 nones
2989 4425 3099 4464 non
3131 4410 3451 4477 obviaverit,
3478 4411 3535 4466 in

2778 4479 2960 4549 priore
2985 4479 3329 4536 ordinatione
3349 4481 3535 4537 diaco-

2778 4567 2886 4606 nus
2894 4558 2947 4606 et
2961 4552 3244 4624 presbyter
3264 4560 3535 4609 teneatur.

2666 4729 2853 4788 LXVI.

1950 4865 2245 4946 Algandri
2273 4860 2336 4918 ΙΙ
2360 4863 2605 4946 epistola
2628 4876 2694 4946 ad
2720 4870 3051 4929 Wilieimum
3082 4872 3455 4930 marchionem.
3480 4908 3550 4919 —-

2023 4939 2534 4998 Excommunicatus
2595 4943 2758 4999 alium
2794 4948 3247 5001 excommunicare
3275 4957 3335 4994 ne
3360 4949 3559 5009 possit.

2496 5070 2706 5142 (Anne
2736 5072 3023 5149 l06i-69.)
3072 5098 3089 5111 η

2348 5178 2556 5253 [Μλκδι
2608 5187 2809 5250 ϐοιιεὶέ.
2835 5184 2979 5255 XIX,
3016 5189 3170 5263 977.]

2049 5321 2359 5358 amunian
2391 5320 2543 5358 nnan
2603 5322 2867 5358 πηηνίιιιια

2927 5319 3215 5358 numnum-nnc
3262 5317 3436 5358 Αἶριιιι
3497 5342 3569 5358 n—
