4050 5358
267 215 411 282 Issa

910 344 913 347 ‘
968 330 1132 395 LXX.

454 427 746 485 Alexandri
783 428 847 483 II
885 432 1116 501 epistola
1155 432 1225 485 ad
1260 431 1645 503 Laufrancum.

806 524 987 592 (Anno
1019 524 1301 595 l06l-70.)

365 604 716 687 [TKEINEIUS,
752 613 1162 687 Disquiaitienes
1182 616 1405 685 critica,
1429 633 1554 689 pag.
1585 617 1738 690 206.]

326 706 654 773 Αιεωοβι
707 708 1002 779 episcopus
1026 750 1042 775 ,
1098 722 1291 765 servus
1354 723 1642 765 servorum
1709 709 1842 775 Dei,

260 796 575 854 Lmramco
604 798 894 870 utriusque
925 799 1209 870 sapientia
1231 800 1407 871 gratia
1447 801 1654 871 repleto
1698 802 1846 857 salu-

258 904 366 946 tem
394 898 450 945 et
478 891 834 961 apostolicam
857 892 1313 950 benedictionem.

327 987 545 1044 Gratias
573 990 936 1062 omnipotenti
964 990 1077 1047 Deo
1105 991 1417 1059 referimus,
1450 993 1544 1064 qui
1573 1003 1696 1064 post
1716 1010 1843 1050 eru-

257 1079 515 1137 ditionem
556 1084 849 1140 mundana:
886 1085 1167 1155 sapientia;
1209 1086 1277 1142 ad
1312 1085 1459 1141 illius
1483 1097 1536 1142 te
1565 1088 1843 1143 transtulit

257 1172 536 1242 spientim
569 1175 834 1244 studium,
869 1193 994 1249 quae
1013 1190 1143 1234 vera
1169 1187 1255 1235 est
1281 1188 1338 1235 et
1357 1178 1424 1235 de
1444 1193 1553 1251 qua
1573 1180 1839 1250 scriptum

254 1272 337 1319 est
361 1282 375 1319 :
403 1264 604 1319 Beatus
645 1268 821 1336 homo,
866 1270 957 1340 qui
996 1270 1190 1325 invenit
1235 1271 1555 1342 sapientiam
1593 1280 1644 1326 et
1674 1272 1842 1342 aﬂuit

253 1356 553 1411 undantia.
586 1357 779 1415 Merito
807 1360 953 1415 enim
981 1361 1058 1415 illi
1096 1362 1424 1433 multiplices
1453 1363 1640 1434 gratia:
1670 1379 1837 1436 agen-

256 1445 335 1502 da:
363 1456 492 1503 sunt
511 1449 672 1520 cujus
707 1448 944 1521 Spiritus
984 1454 1067 1509 sic
1104 1463 1158 1511 te
1205 1456 1493 1528 utriusque
1536 1457 1840 1529 disciplinae

253 1537 404 1596 fonte
431 1542 660 1611 replevit
687 1552 748 1600 ut
770 1544 824 1600 in
850 1561 961 1602 uno
990 1544 1104 1602 fere
1129 1547 1386 1604 omnibus
1421 1549 1498 1607 sis
1518 1550 1838 1607 excellentia

256 1636 560 1705 dissimilis,
586 1644 642 1693 et
684 1637 741 1692 in
784 1638 957 1693 altero
993 1638 1261 1694 virtutum
1291 1639 1487 1695 merito
1523 1641 1831 1697 laudabilis.

253 1720 429 1801 Hujus
457 1731 642 1801 itaque
684 1731 874 1803 gratim
911 1731 1239 1789 venerabilis
1278 1731 1445 1800 fama,
1484 1733 1837 1806 circumqua-

253 1837 360 1892 que
395 1822 616 1891 diﬂ‘usa,
647 1824 778 1895 quia
816 1823 886 1880 ab
921 1824 1179 1881 omnibus
1207 1823 1323 1880 fere
1361 1826 1551 1883 mundi
1591 1828 1839 1899 partibus

254 1913 321 1971 ad
348 1920 460 1971 tuae
491 1914 694 1970 ﬂuenta
723 1916 1050 1987 eloquentiae
1074 1912 1277 1972 multos
1299 1917 1503 1987 allexit,
1544 1920 1838 1990 quemdam

254 2015 504 2063 nostrum
526 2008 862 2076 fratruelem,
889 2024 1052 2080 quem
1089 2011 1335 2079 paternis
1374 2019 1436 2065 ut
1470 2013 1839 2084 nosmetipsos

253 2097 529 2177 diligimus
549 2097 852 2168 aﬂectibus,
876 2102 945 2157 ad
964 2101 1211 2172 ejusdem
1231 2111 1342 2159 tua:
1362 2103 1689 2176 eloquentiae
1709 2106 1837 2163 dul-

252 2189 503 2247 cedinem
542 2192 777 2249 nimium
814 2193 1137 2266 gliscentem
1169 2196 1405 2270 dirigere
1443 2198 1718 2269 cupimus,
1740 2200 1837 2270 qui

254 2292 436 2339 tamen
463 2283 577 2341 Deo
613 2286 842 2359 gratias,
879 2288 1249 2358 grammaticae
1284 2289 1420 2346 artis
1457 2291 1652 2364 peritia
1697 2292 1838 2349 bene

253 2377 578 2445 instructus,
622 2379 918 2436 dialectica:
954 2382 1182 2438 omnino
1215 2397 1327 2438 non
1365 2392 1450 2441 est
1492 2384 1722 2441 alienus.
1760 2384 1836 2453 De

252 2484 363 2540 quo
383 2470 433 2526 si
456 2470 527 2527 ad
547 2479 739 2529 votum
779 2484 1032 2529 nostrum
1071 2487 1173 2545 pro
1205 2472 1347 2531 scire
1365 2484 1421 2532 et
1457 2477 1640 2534 valere
1658 2486 1755 2532 tuo
1782 2487 1836 2532 te

253 2561 534 2631 habueris,
576 2566 721 2623 scias
743 2567 942 2623 ibidem
965 2568 1157 2638 procul
1176 2568 1345 2623 dubio
1366 2586 1469 2626 nos
1490 2570 1589 2627 tibi
1625 2571 1835 2627 utrius-

254 2669 361 2726 que
388 2657 852 2716 remunerationis
892 2659 1090 2715 merito
1114 2659 1202 2730 pie
1221 2669 1278 2715 et
1293 2660 1602 2734 liberaliter
1623 2678 1836 2719 recom-

254 2758 599 2817 pensaturos.
627 2748 769 2818 Quid
791 2760 974 2807 autem
1001 2767 1069 2807 ex
1107 2752 1214 2808 hoc
1242 2753 1517 2811 conﬁdere
1537 2755 1832 2826 possimus,

255 2838 540 2898 notiﬂcare
558 2842 784 2900 studeas
812 2843 1163 2915 quantocius.

950 2954 1136 3012 LXXI.

1429 218 1789 284 custom:
1829 208 1916 281 ur
1957 220 2374 283 omnem“.

1870 346 1918 404 Α
1943 340 2210 411 quidquid
2241 339 2506 396 hactenus
2542 340 2753 407 habuit,
2794 348 2906 396 tam
2940 341 3229 415 largitione
3254 342 3536 415 piissimo-

3399 230 3533 288 i354

1950 448 2074 487 rum
2105 434 2434 503 principum,
2473 449 2639 505 quam
2669 433 2944 491 oblatione
2975 451 3434 509 quorumcunquc
3468 440 3537 493 li-

1949 523 2172 589 delium,
2195 525 2353 595 juxta
2392 525 2718 582 nobilissimi
2757 536 3087 597 praeceptum
3118 529 3263 602 regis
3284 527 3530 603 Franco-

1948 630 2072 670 rum
2104 615 2360 688 Philippi,
2400 627 2455 674 et
2488 627 2820 690 praeceptum
2843 620 3106 692 _Balduini
3151 621 3533 681 Noviomensis

1946 706 2206 778 episcOpi,
2248 710 2331 765 vel
2377 710 2634 782 deinceps
2675 713 2926 770 habitura
2986 723 3092 783 est,
3115 724 3228 770 tam
3268 716 3324 773 in
3374 718 3535 773 terris

1946 812 2114 867 quam
2136 799 2191 854 in
2222 801 2397 858 vineis
2422 803 2519 874 (4),
2544 813 2600 859 et
2619 805 2783 873 villis,
2807 816 2861 861 et
2880 808 3129 863 ecclesiis
3153 808 3456 879 majoribus
3478 821 3533 865 et

1945 889 2252 946 minoribus
2292 893 2660 967 omnibusque
2696 897 2861 953 rebus
2880 899 3177 956 mobilibus
3197 908 3251 956 et
3276 900 3534 957 immobi-

1944 988 2108 1055 libus,
2137 989 2213 1046 ita
2238 1000 2299 1046 ut
2320 1007 2435 1048 non
2460 993 2625 1050 liceat
2646 995 2904 1067 cuiquam
2926 997 3423 1056 ecclesiasticarum
3447 1010 3536 1063 vel

1942 1080 2290 1137 saecularium
2318 1096 2532 1157 magna:
2554 1072 2853 1158 parvaeque
2880 1101 3131 1157 personae
3167 1089 3534 1160 pragnomina-

1943 1182 2053 1229 tam
2105 1162 2434 1233 canonicam
2480 1178 2549 1234 de
2593 1178 2711 1233 suis
2756 1179 3015 1236 omnibus
3064 1181 3405 1252 inquietare,
3445 1184 3535 1238 vel

1939 1262 2072 1336 quid
2091 1266 2255 1323 abeis
2272 1268 2465 1338 jurein
2480 1269 3061 1342 alienum‘transferre,
3089 1274 3240 1332 salva
3266 1276 3322 1332 in
3347 1279 3530 1333 omni-

1938 1358 2045 1416 bus
2085 1363 2295 1434 proprii
2324 1363 2566 1435 episcopi
2608 1367 2933 1422 reverentia.
2964 1365 3038 1424 De
3058 1370 3363 1426 ordinando
3397 1384 3533 1427 vero

1940 1455 2235 1525 praeposito
2260 1457 2316 1511 in
2338 1457 2530 1513 eodem
2572 1457 2715 1526 loco,
2741 1460 2845 1516 hoc
2880 1462 3180 1531 apostolica
3205 1466 3534 1522 auctoritate

1938 1531 2336 1613 sancimusfut
2365 1548 2550 1604 nullus
2592 1549 2667 1604 ibi
2710 1560 3011 1621 praesumat
3035 1568 3366 1626 quemquam
3392 1572 3535 1626 prm-

1937 1647 2144 1705 ponere
2185 1646 2380 1693 contra
2429 1639 2753 1696 canonicam
2806 1642 3082 1715 regulam,
3133 1644 3228 1700 sed
3275 1643 3533 1703 defuncto

1940 1734 2234 1804 praeposito
2260 1749 2383 1803 suo,
2407 1737 2758 1810 congregatio
2778 1736 2964 1810 eligat,
2986 1740 3070 1795 vel
3090 1726 3162 1796 de
3188 1741 3379 1796 eadem
3407 1758 3535 1798 con-

1939 1826 2292 1897 gregatione,
2333 1827 2381 1882 si
2429 1827 2504 1883 ibi
2532 1828 2764 1884 idoneus
2808 1828 3063 1886 inventus
3103 1830 3298 1899 fuerit,
3340 1834 3425 1886 vel
3465 1834 3534 1889 de

1937 1917 2064 1984 alia,
2099 1932 2264 1990 quem
2300 1921 2571 1993 potiorem
2612 1922 2738 1977 vitae
2759 1924 3016 1979 meritum
3044 1929 3532 1999 commendaverit,

1931 2006 2088 2077 juxta
2110 2009 2432 2064 canonicam
2456 2011 2724 2082 regulam.

2008 2092 2067 2152 Si
2091 2099 2217 2170 quis
2258 2115 2387 2155 vero
2414 2101 2582 2173 hujus
2614 2112 2818 2159 nostra:
2857 2108 3159 2167 sanctionis
3180 2110 3531 2185 privilegium

1934 2187 2131 2258 spiritu
2154 2192 2425 2260 superbiae
2443 2192 2642 2248 ductus
2662 2196 3000 2265 contraierit,
3027 2207 3081 2255 et
3105 2200 3238 2256 illud
3261 2202 3316 2259 in
3355 2213 3531 2261 totum

1934 2293 2214 2352 partemve
2265 2283 2506 2359 infregit,
2560 2288 2666 2344 nisi
2709 2290 3024 2350 admonitus
3076 2294 3242 2368 digna
3309 2301 3532 2357 satisfa-

1936 2372 2138 2441 ctione,
2161 2376 2311 2449 quod
2335 2377 2390 2432 in
2411 2381 2782 2437 venerabilem
2798 2383 2982 2441 locum
3004 2385 3330 2459 deliquerat,
3351 2408 3536 2449 emen-

1933 2467 2175 2537 daverit,
2215 2471 2430 2526 noverit
2473 2488 2533 2528 se
2567 2476 2852 2545 apostolici
2897 2472 3264 2540 anathematis
3304 2485 3530 2543 vinculo

1935 2556 2330 2615 innodandum.
2358 2560 2428 2616 At
2448 2578 2582 2618 vero
2594 2565 2689 2635 qui
2705 2567 2796 2637 pio
2819 2567 3020 2624 intuitu
3042 2580 3231 2629 custos
3255 2582 3310 2629 et
3332 2576 3524 2632 obser-

1934 2660 2094 2708 vator
2113 2654 2403 2723 exstiterit,
2444 2666 2721 2728 perpetuae
2761 2660 3159 2721 benedictionis
3194 2668 3530 2727 abundantia

1940 2748 2237 2817 repleatur.

1942 2884 1947 2887 .
2006 2812 2205 2901 batum
2228 2842 2484 2901 Laterani
2509 2812 2704 2920 quinto
2716 2844 2839 2906 Kal.
2869 2848 3024 2922 Feb.,
3047 2868 3146 2926 per
3164 2871 3364 2915 manus
3384 2858 3531 2917 Petri

1826 2974 1829 2975 ν
1934 2933 2143 3007 clerici,
2188 2939 2471 3014 iungentis
2498 2943 2615 3000 vice
2645 2943 2794 3001 Petri
2822 2958 3027 3006 sancta:
3056 2950 3319 3010 Romana:
3340 2955 3530 3013 Eccle-

254 3042 557 3101 Αἰθιοπήων
595 3046 662 3102 Il
711 3064 853 3131 papa
895 3049 1198 3132 conﬁrmat
1228 3044 1583 3132 iiarlebecaui
1628 3054 1835 3125 collegii

1943 3032 2038 3090 sim
2057 3035 2352 3095 cardinalis
2374 3053 2441 3094 ac
2463 3039 2864 3099 bibliothecarii
2892 3063 2904 3099 :
2931 3062 3076 3104 anno
3097 3065 3229 3106 vero
3251 3052 3320 3107 ab
3346 3050 3533 3110 Incar-

643 3121 1020 3175 canonicorum
1041 3121 1454 3177 institutionem.

839 3210 1020 3281 (Anno
1067 3210 1254 3282 1070.)

350 3330 357 3337 ι
464 3299 740 3373 (limus,
767 3301 903 3375 Opp.
931 3302 1180 3375 diplom,
1206 3312 1247 3360 t.
1283 3303 1326 3372 1,
1351 3318 1475 3379 pag.
1500 3307 1620 3380 6L]

321 3389 652 3449 Αιεωυειι
691 3394 1003 3466 episcopus,
1036 3410 1230 3454 servus
1268 3412 1552 3456 servorum
1568 3398 1700 3468 diei,
1725 3399 1834 3455 Ea-

252 3493 493 3547 Lssowo
524 3486 823 3556 praeposito
857 3485 1275 3546 Harlebecensis
1308 3491 1589 3548 canonica
1630 3489 1689 3548 S.
1716 3492 1836 3547 Sal—

254 3574 482 3643 vatoris,
506 3574 626 3633 sita:
658 3577 718 3634 in
755 3579 1074 3651 episcopatu
1104 3578 1477 3652 Noviomensi,
1511 3583 1835 3655 cunctisque

206 3702 211 3705 -
253 3665 370 3721 suis
394 3670 814 3728 successoribus
850 3672 1173 3745 regulariter
1211 3676 1598 3746 promovendis
1624 3676 1679 3731 in
1709 3693 1829 3748 per-

248 3766 496 3829 petuum.
1800 3796 1815 3819 ι

319 3848 773 3925 Quandoquidem
802 3856 1003 3915 divinat
1037 3859 1389 3930 providentia
1427 3860 1833 3933 dispensatione

246 3940 578 4000 'univcrsalis
586 3947 1080 4008 administrationis
1087 3968 1278 4010 curam
1291 3954 1655 4025 suscepimus,
1666 3972 1733 4012 ex
1745 3956 1834 4011 de-

246 4033 363 4095 bito
385 4037 562 4093 nostri
583 4038 744 4096 οῦς)ίί
770 4043 1019 4114 cogimur
1037 4046 1507 4104 wnctisecclesiis
1526 4063 1625 4119 per
1641 4049 1830 4105 orbem

245 4134 520 4184 lcrrarum
540 4131 649 4188 late
675 4128 889 4192 dill'usis
912 4137 1201 4207 providere
1217 4150 1271 4196 et
1290 4142 1621 4205 utilitatibus
1638 4166 1829 4208 earum

245 4218 1127 4301 acsalutianimarum,quaeineis
1149 4241 1299 4301 sunt,
1325 4236 1511 4294 solerti
1536 4242 1719 4298 studio
1748 4245 1834 4299 in-

243 4313 493 4388 vigilare,
518 4320 821 4389 praesertim
862 4322 949 4380 his
970 4324 1129 4392 locis,
1159 4340 1285 4397 qua:
1302 4327 1389 4398 pia
1428 4331 1695 4404 religione
1716 4336 1833 4406 pol-

242 4406 356 4463 lere
387 4420 712 4480 uoscuntur,
742 4421 799 4469 et
818 4422 1009 4470 nostro
1029 4417 1334 4477 munimine
1356 4424 1667 4494 specialiter

310 5049 488 5120 Quare
508 5071 639 5113 cum
662 5055 971 5118 interventu
996 5063 1270 5131 praeclara:
1298 5071 1594 5130 comitissae
1619 5075 1819 5147 Adelze,

243 5149 353 5201 tum
398 5147 507 5206 tuis
539 5149 757 5205 devotis
799 5152 1048 5219 precibus
1088 5152 1233 5226 ﬂexi,
1278 5158 1473 5218 dilecte
1511 5162 1623 5236 illi,
1663 5179 1717 5227 te
1756 5184 1821 5225 ac

236 5240 689 5308 gmnomiaaaam
728 5243 1046 5300 canonicam
1079 5260 1207 5304 cum
1238 5252 1499 5310 omnibus
1521 5259 1626 5317 sibi
1649 5262 1818 5318 perti-

1939 3122 2165 3179 natione
2213 3122 2434 3182 Domini
2485 3129 2780 3186 millesimo
2835 3137 3270 3206 septuagesimo,
3311 3141 3532 3210 pontifi-

1934 3225 2093 3273 catus
2124 3226 2312 3274 autem
2334 3221 2523 3283 domui
2550 3224 2841 3283 Alexandri
2872 3245 3026 3301 papa:
3054 3230 3099 3285 ll
3132 3242 3348 3303 octavo,
3383 3237 3527 3293 indi-

1937 3308 2117 3364 ctione
2144 3326 2260 3365 vm.

2626 3407 2836 3468 LXXII.

1934 3495 2331 3587 Alexandrini]
2363 3500 2585 3583 epistola
2632 3504 2702 3557 ad
2749 3503 3109 3587 (iube/mitium
3167 3510 3526 3587 Sqlzburgeu—

2003 3583 2109 3621 sem
2155 3568 2624 3656 archiepiscopum:
2660 3606 2731 3616 —
2757 3574 3008 3656 Concedit
3058 3590 3117 3633 ut
3164 3568 3523 3656 eﬁscopagtum

2003 3654 2167 3693 unum
2194 3640 2252 3693 in
2277 3657 2377 3695 sua
2399 3640 2654 3711 parocltia
2682 3648 2995 3703 constituat.

2530 3735 2712 3807 (Anno
2736 3738 2921 3811 uno.)

1961 3821 2181 3896 [Maus],
2210 3823 2418 3881 Concil.
2442 3826 2736 3956 “ng,
2755 3846 2828 3976 ilex]
2846 3831 3132 3905 Metropoli
3160 3836 3484 3915 Salisburg.,

2001 3986 2334 4044 ALBIANDBI
2359 3990 2682 4064 episcopus,
2712 4009 2905 4052 servus
2934 4012 3220 4057 servorum
3246 4004 3342 4061 Dei
3367 4045 3383 4072 ,
3412 4004 3525 4062 Gs-

1930 4093 2170 4136 suunso
2199 4080 2586 4155 Salzburgensi
2630 4087 3046 4160 archiepiscopo
3070 4133 3086 4158 ,
3130 4094 3358 4165 suisque
3395 4110 3526 4152 suc-

1932 4170 2246 4228 cessoribus
2267 4172 2329 4227 in
2354 4183 2698 4245 perpetuum.

2000 4259 2231 4328 Quoties
2253 4279 2319 4318 ea
2346 4281 2378 4320 a
2409 4267 2569 4322 nobis
2596 4276 2857 4338 petuntur
2880 4287 3005 4343 quae
3028 4275 3279 4344 religioni
3317 4293 3521 4337 conve-

1933 4352 2092 4408 niunt
2114 4394 2130 4422 ,
2165 4364 2416 4427 prompta
2470 4358 2731 4418 debemus
2783 4364 3140 4422 concessione
3177 4383 3420 4427 annuere
3467 4383 3522 4431 et

1926 4997 2026 5054 tibi
2052 5014 2223 5057 unum
2258 5001 2638 5073 episcopatum
2661 5006 2717 5061 in
2742 5016 2835 5064 tua
2866 5013 3130 5078 parochia
3169 5011 3554 5090 constituere,

1927 5092 2059 5161 quia
2083 5092 2328 5149 Ecclesia
2351 5104 2444 5150 tua
2466 5104 2585 5158 tam
2607 5101 2789 5170 ample
2816 5099 3014 5157 diﬂ‘usa
3041 5112 3148 5172 est,
3179 5100 3335 5172 quod
3358 5108 3477 5172 per
3510 5125 3567 5172 ω

1925 5185 2109 5242 solum
2138 5198 2251 5245 non
2274 5187 2458 5257 possis
2482 5206 2617 5250 eam
2645 5193 2700 5246 in
2741 5190 3042 5249 chrismate
3085 5196 3324 5262 aliisque
3358 5195 3568 5264 pluri-

1928 5272 2035 5318 hnt:
2092 5275 2293 5318 auibus.
2326 5279 2624 5318 οηίαιιΑ-υιιί
2669 5282 2850 5318 Ampio
2894 5282 3098 5318 india...
3171 5287 3443 5318 Ᾱοηαηη...
3554 5316 3565 5317 γ

2669 5282 2808 5318 Λαἶηῖ
2815 5295 2850 5318 n
2894 5282 3005 5318 ἰηιὶῖ
3012 5294 3098 5318 uno
