4022 5340
236 222 372 297 iss?

909 340 1118 396 LXXV.

548 507 894 565 Constantino
907 506 1168 576 episcopo,
1182 502 1479 572 conﬁrmat.

829 600 1010 676 (Auno
1036 592 1215 666 1070.)
1482 668 1483 671 η

552 690 848 766 Nouum,
875 686 1046 743 Italia
1068 702 1246 753 sacra,
1275 681 1317 752 l,
1345 680 1496 757 Μὰ]

305 808 636 864 Αιεχλιηοειι
678 804 992 874 episcopus,
1021 815 1214 857 servus
1234 810 1517 855 servorum
1537 792 1655 860 Dei,
1675 792 1814 849 Cou-

234 913 522 964 snnruvo,
551 897 808 969 episcOpo
840 893 1078 949 Aretina:
1110 890 1386 955 Ecclesiae,
1427 886 1658 958 ejusque
1683 900 1813 941 suc-

233 991 553 1047 cessoribus
581 986 970 1061 promovendis
991 985 1051 1040 iu
1067 990 1409 1055 perpetuum.

301 1080 576 1138 Convenit
596 1079 898 1151 apostolico
922 1073 1259 1133 mandamini
1288 1072 1378 1145 pia
1421 1070 1689 1141 religione
1705 1067 1819 1139 pol-

236 1175 477 1230 lentibus
503 1172 764 1229 benevola
810 1168 1194 1240 compassioue
1239 1178 1580 1229 succurrere,
1621 1169 1678 1217 et
1713 1175 1818 1231 po—

238 1264 509 1322 scentium
523 1263 722 1319 animis
731 1262 900 1318 alacri
924 1259 1212 1316 devOtione
1227 1254 1493 1328 impertiri
1506 1266 1819 1317 assensum,

238 1367 301 1414 ut
328 1366 392 1415 ea
422 1362 545 1429 quae
578 1364 725 1412 mota
755 1363 809 1410 et
832 1353 1078 1424 legalitcr
1115 1349 1425 1406 examinata
1468 1354 1617 1411 sunt,
1656 1352 1822 1414 atque

237 1450 536 1521 apostOlica
566 1448 891 1503 auctoritate
914 1446 1152 1509 ﬁrmata,
1189 1438 1469 1513 perpetuis
1482 1436 1823 1508 temporibus

239 1537 498 1597 maneant
526 1539 873 1595 mecucussa.
902 1535 1246 1606 Quapropter
1284 1540 1492 1588 nostrae
1535 1527 1824 1601 pontiﬁca-

1374 179 1745 281 Ἑιτιετυιιε
1785 222 1871 277 ΕΤ
1909 215 2322 276 DIPLOMATA.

3354 200 3493 260 1558

460 416 461 423 γ
568 416 574 421 ι
767 415 773 420 δ
909 340 1118 396 LXXV.
1832 342 1875 397 Α
1903 349 2098 389 manus
2123 331 2271 386 Petri
2300 327 2508 394 clerici,
2534 324 2811 397 Iungenlis
2853 322 2998 377 vices
3055 318 3203 376 Petri
3232 319 3290 375 S.
3330 319 3395 374 ll.
3428 322 3489 376 Ε.

229 416 534 499 Aleaander
562 416 624 492 Ι
656 415 908 490 Ecclesiae
930 434 1161 489 Aretinae
1187 432 1558 503 possessiones,
1604 436 1807 499 petente

1946 425 2059 480 ard.
2088 432 2234 478 anno
2282 422 2352 477 ab
2392 421 2601 475 incarn.
2638 415 2879 503 Domini
2945 412 3102 478 {070,
3146 413 3494 483 pontiﬁcatus

1912 524 2093 573 autem
2116 513 2333 570 Domini
2360 502 2652 568 Alexandri
2676 504 2721 562 il
2748 521 2916 573 nouo,
2939 505 3050 562 ind.
3080 520 3199 560 vui.

2580 629 2817 697 LXXVI.

1912 754 2210 811 Alexandri
2256 742 2886 825 papw_‘ll_priuile‘qium
2924 761 3018 825 p_ro
3060 745 3381 802 monasterio
3436 743 3495 799 S.

2364 848 2371 853 υ
2399 819 2594 877 Maria
2620 822 2687 876 de
2722 819 3018 874 Florentia.

2503 912 2688 985 (Auno
2716 910 2903 981 1070.)

1917 1007 1936 1082 [
1954 1000 2727 1082 Msnsinmltpullar'zpasin.
2755 1009 2892 1065 tom,
2915 996 2960 1052 ll
2973 1013 3140 1082 ,_pag.
3170 998 3502 1082 100,133,“.

2014 1077 2161 1138 chiv.
2196 1067 2465 1132 Sillariae
2490 1071 2754 1137 Florenu,
2786 1084 2938 1140 caps.
2974 1067 3055 1137 Μ,
3091 1067 3244 1125 num.
3274 1067 3426 1141 43.}

1987 1178 2315 1233 Atmmu
2330 1173 2642 1244 episcopus,
2657 1184 2849 1227 servus
2870 1183 3156 1225 servorum
3178 1167 3296 1235 Dei,
3315 1158 3504 1224 Psrno

1919 1268 2240 1326 Florentino
2264 1262 2722 1332 abbati,~suisque
2741 1260 3155 1319 successoribus
3178 1258 3505 1331 regulariter

1920 1358 2325 1433 promovendis,
2351 1357 2411 1413 in
2432 1362 2785 1428 perpetuum,
2802 1352 3033 1410 salutem
3054 1360 3111 1408 et
3144 1352 3504 1423 apostolicam

1921 1452 2378 1510 benedictionem.

1991 1544 2130 1600 Cum
2170 1542 2317 1599 sedis
2365 1539 2701 1611 apostolicae,
2738 1538 2831 1596 cui
2876 1535 3232 1608 prmsidemus
3276 1535 3506 1606 indigni,

240 1640 332 1688 tus
361 1630 702 1687 auctoritatis
745 1634 1019 1699 praecepto
1061 1624 1181 1681 ﬁeri
1226 1622 1569 1680 decrevimus
1625 1617 1827 1675 conﬁr-
1856 1687 1899 1701 n
1924 1633 2235 1692 sonidme
2286 1632 2574 1701 deposcat,
2623 1637 2686 1686 ηε
2733 1630 2804 1685 ad
2859 1627 3108 1685 omnium
3151 1626 3509 1683 ecclesiarum

242 1730 457 1779 mantes
495 1721 706 1777 scilicet
744 1717 803 1774 8.
841 1717 988 1774 sedis
1030 1715 1269 1771 Aretinaa
1316 1710 1579 1768 Ecclesiae
1618 1708 1824 1774 omnia,

239 1810 366 1884 quae
412 1812 482 1868 ab
521 1797 965 1867 antecessoribus
993 1800 1222 1873 nostris,
1247 1804 1431 1860 Leone
1465 1800 1736 1866 videlicet,
1774 1807 1832 1856 et

242 1906 523 1977 Stephano
558 1913 721 1975 atque
770 1902 1045 1969 Paschalis,
1095 1899 1360 1964 Adriano,
1416 1895 1655 1960 Victore,
1700 1894 1831 1948 item

242 1997 525 2068 Stephano
547 1995 803 2067 pontiﬁce
829 1993 897 2049 ιχ
920 2009 1020 2065 per
1038 1991 1325 2064 apostolici
1338 1986 1606 2061 privilegii
1631 1984 1831 2041 seriem

244 2096 407 2156 Iuste,
437 2087 721 2153 canonice,
744 2094 796 2141 et
826 2094 1089 2156 perpetuo
1110 2084 1236 2154 jure
1259 2082 1472 2137 ﬁrmata
1506 2085 1656 2145 sunt,
1684 2076 1835 2132 vide—

243 2182 371 2238 licet
395 2176 609 2252 plebem
644 2179 702 2236 8.
754 2179 951 2235 Felicis
993 2178 1051 2233 in
1079 2176 1285 2241 Brolio,
1326 2174 1538 2245 plebem
1564 2169 1623 2225 S.
1650 2168 1835 2225 Mariae

245 2290 302 2331 ιιι
335 2272 556 2341 Pacius,
580 2274 867 2331 ecclesiam
898 2270 955 2327 S.
996 2266 1225 2335 Ansaui,
1269 2283 1394 2323 eum
1436 2263 1691 2320 omnibus
1715 2258 1836 2317 suis

245 2365 666 2438 pertinentibus,
694 2362 905 2435 plebem
938 2359 997 2416 8.
1028 2358 1287 2427 Victoris,
1314 2356 1525 2428 plebem
1558 2351 1616 2407 S.
1638 2349 1749 2405 Viti
1778 2348 1835 2404 in

250 2454 508 2523 Versure,
552 2455 763 2527 plebem
810 2452 868 2508 8.
900 2446 1131 2507 Andreae
1180 2451 1236 2504 in
1267 2447 1503 2512 Maleuo,
1528 2444 1741 2515 plebem
1772 2440 1832 2498 S.

247 2546 513 2617 Stephani
540 2547 597 2601 in
638 2543 905 2611 Acinauo,
949 2542 1163 2614 plebem
1212 2537 1274 2594 8.
1330 2536 1516 2593 Mariae
1565 2536 1623 2590 iu
1665 2533 1834 2605 Papa,

249 2639 465 2709 plebem
488 2636 546 2693 8.
594 2636 779 2692 Mariae
815 2636 869 2690 in
900 2632 1081 2699 Saltu,
1117 2632 1330 2703 plebem
1379 2627 1437 2683 8.
1494 2626 1739 2698 Agathm,
1782 2633 1841 2680 et

249 2730 465 2801 plebem
505 2727 562 2783 8.
616 2726 845 2782 Joannis
893 2726 951 2781 in
984 2724 1253 2788 Vescoua,
1293 2720 1505 2793 plebem
1547 2716 1606 2772 8.
1644 2714 1756 2770 Viti
1782 2716 1838 2770 in

251 2821 616 2892 Corsignauo,
669 2818 881 2889 plebem
931 2815 989 2871 8.
1018 2814 1203 2870 Maria:
1250 2813 1308 2868 iu
1359 2808 1599 2875 Cosona,
1627 2806 1838 2878 plebem

251 2913 313 2971 S.
338 2911 538 2967 Donati
592 2912 649 2966 in
697 2909 1041 2982 Siutigliano,
1085 2904 1481 2962 monasterium
1513 2899 1572 2957 S.
1610 2898 1757 2955 Petri
1782 2898 1839 2955 in

1856 1687 1902 1742 Β

1928 1723 2347 1799 providentiam,
2389 1736 2525 1778 cura
2573 1730 2762 1777 nostra
2808 1720 3113 1787 discurrat;
3142 1719 3510 1789 incongruum

1929 1818 2090 1875 nobis
2136 1818 2315 1875 visum
2348 1824 2455 1882 est,
2490 1816 2714 1886 parcius
2752 1829 2858 1871 nos
2899 1813 3008 1870 illis
3050 1812 3383 1883 impendere,
3415 1811 3511 1882 qui

1931 1918 2149 1965 tantum
2167 1908 2239 1963 ad
2264 1905 2582 1963 monasticae
2622 1904 2902 1975 religionis
2943 1903 3124 1960 studia
3147 1903 3402 1960 videntur
3429 1909 3513 1957 at-

1929 1999 2173 2055 tendere.
2206 1995 2321 2052 Hac
2340 2010 2471 2067 ergo
2500 2009 2692 2061 causa,
2722 2002 2841 2049 tum
2867 1994 3033 2050 etiam
3060 1991 3512 2059 reverentissimi,

1932 2101 2097 2162 atque
2121 2088 2463 2145 sanctissimi.
2481 2087 2723 2158 episcopi
2741 2085 2887 2143 Petri
2910 2085 3158 2142 Damiaui
3183 2083 3513 2151 “ostiensis,

1932 2179 2230 2238 contratris
2278 2188 2335 2234 et
2374 2178 2672 2236 cardinalis
2699 2178 2876 2234 nostri
2911 2178 3241 2242 interventu,
3275 2191 3341 2231 ac
3372 2176 3514 2232 dile-

1933 2271 2117 2331 ctione
2148 2270 2412 2342 plurima;
2456 2269 2712 2341 precibus
2754 2282 2972 2339 quoque
3015 2265 3163 2323 Petri
3213 2264 3516 2322 Florentini

1934 2365 2365 2425 reverentissimi
2382 2364 2638 2433 abbatis,
2674 2376 3012 2434 suorumque
3030 2359 3411 2428 .coufratrum,
3435 2360 3517 2416 sic

1935 2472 2099 2513 aures
2136 2456 2494 2527 animumque
2541 2455 2900 2522 deﬂectimus,
2947 2460 3009 2509 ut
3045 2452 3298 2524 prmcepti
3340 2452 3514 2509 nostri

1935 2548 2141 2621 vigore,
2165 2548 2411 2604 omnium
2435 2547 2869 2618 possessionum,
2898 2546 3024 2617 jure
3047 2545 3220 2615 ipsius
3241 2553 3519 2601 monaste-

1937 2640 2026 2707 rii,
2049 2639 2291 2696 dominia
2320 2639 2792 2695 conﬁrmat-emus.
2826 2638 3165 2694 Auctoritate
3188 2635 3352 2706 igitur
3384 2648 3519 2703 apo-

1939 2730 2152 2795 stolica,
2185 2737 2372 2784 nostra
2395 2731 2587 2784 statuit
2616 2727 2929 2795 inﬁrmitas,
2957 2735 3018 2782 ut
3049 2727 3368 2799 praedictum
3399 2739 3520 2780 mo-

1940 2819 2243 2875 nasterium
2282 2816 2498 2874 Sancta:
2517 2816 2699 2874 Maria:
2722 2817 3048 2875 Florentium
3068 2817 3304 2873 civitatis
3329 2830 3524 2871 secure

1939 2916 1996 2963 et
2015 2908 2197 2979 quiete
2249 2908 2467 2976 habeat,
2498 2907 2834 2979 ﬁrmiterque
2860 2915 3062 2974 teneat,
3094 2905 3357 2977 quidquid
3387 2904 3524 2962 anti—

256 3005 399 3060 Assu
436 3018 561 3059 cum
587 3002 771 3058 omnia
822 3017 923 3058 sua
957 2997 1306 3071 pertinentia.
1346 2995 1614 3050 Praeterea
1648 2990 1840 3047 consr-

1946 2999 2128 3069 quitus
2149 2999 2359 3067 habuit,
2384 2998 2667 3070 tenuitque
2706 2999 2791 3055 vel
2809 2998 2958 3069 juste
2976 2998 3053 3053 illi
3079 3004 3415 3068 competunt,
3436 2996 3526 3051 vel

255 3111 475 3152 ruamus
495 3094 671 3150 eidem
702 3091 759 3148 8.
803 3092 1039 3148 Ατθιίηω
1065 3088 1325 3146 Ecclesim
1355 3084 1637 3158 praefatam
1666 3080 1828 3137 eccle-

255 3186 407 3244 siam
454 3185 513 3241 S.
562 3185 789 3253 Ausaui,
826 3198 952 3240 cum
978 3183 1235 3239 omnibus
1266 3180 1383 3236 suis
1418 3174 1839 3248 pertinentibus,

259 3280 341 3335 ita
399 3286 463 3334 ut
516 3278 779 3351 synodica
819 3276 1030 3332 sauctio
1058 3275 1202 3346 (qua:
1234 3281 1479 3342 tempore
1526 3265 1843 3345 Luitpraudi

259 3371 411 3443 regis
459 3367 971 3441 Langobardorum)
1010 3367 1150 3421 inter
1206 3363 1542 3420 Adeodatum
1586 3358 1845 3415 Senensis

262 3462 526 3520 Ecclesia:
557 3462 894 3533 episcopum,
921 3469 976 3515 et
1001 3458 1390 3530 Lupertiauum
1420 3453 1702 3509 Aretiuum
1732 3451 1846 3521 epi-

263 3573 518 3627 scopum,
546 3570 758 3611 necnon
799 3568 921 3625 qua:
973 3562 1218 3624 tempore
1261 3550 1447 3606 Κποιί
1480 3547 1657 3620 Magni
1706 3545 1848 3600 inter

264 3650 580 3705 Arihertum
602 3645 837 3718 praefata:
869 3645 1125 3701 Ecclesiae
1161 3644 1396 3699 Aretiuze
1420 3641 1733 3712 episcopum
1757 3680 1771 3703 ,
1794 3646 1850 3692 ct

269 3741 549 3797 Andream
595 3739 891 3795 Seuensem
938 3737 1277 3809 episcopum,
1299 3732 1655 3790 nihilominus
1683 3743 1849 3785 cauo-

269 3834 392 3889 nice
413 3833 541 3890 data
561 3842 662 3889 est.
690 3830 817 3887 Haec
850 3840 1037 3887 nostra
1064 3829 1389 3885 auctoritate
1406 3832 1669 3897 perpetuo
1693 3822 1849 3877 ﬁrma

271 3940 339 3984 ac
366 3934 485 3983 rata
522 3926 846 3993 habeantur,
883 3940 987 3981 nec
1008 3924 1117 3980 ulla
1148 3924 1402 3993 deinceps
1448 3917 1721 3976 calumnia
1753 3914 1852 3972 Se-

274 4020 530 4075 nensium
564 4011 948 4090 episcoporum
989 4019 1261 4075 audiatur.
1299 4013 1397 4073 llis
1426 4016 1498 4070 ita
1523 4004 1852 4070 corrobora-

274 4113 368 4180 tis,
395 4112 695 4185 apostolica
731 4127 988 4179 censura,
1029 4111 1132 4166 sub
1156 4110 1325 4166 divini
1376 4107 1614 4164 nominis
1642 4106 1852 4162 consti-

276 4207 489 4261 tutione
514 4213 678 4276 atque
712 4203 946 4260 districti
973 4203 1177 4260 decreti
1218 4201 1582 4258 auathematis
1610 4200 1855 4269 interpo-

1941 3090 1998 3145 iu
2041 3099 2322 3161 posterum
2350 3100 2437 3147 est
2464 3091 2802 3147 habiturum.
2829 3088 3085 3147 Castrum
3108 3088 3316 3146 scilicet
3334 3090 3401 3146 de
3426 3087 3523 3143 Vi-

1940 3182 2048 3250 clo,
2071 3197 2200 3238 cum
2232 3190 2410 3251 curte,
2431 3193 2487 3239 et
2504 3184 2770 3251 ecclesiis,
2801 3192 2855 3240 et
2876 3183 3134 3240 omnibus
3156 3183 3528 3254 possessioni-

1940 3277 2046 3333 bus
2095 3277 2165 3334 ad
2201 3293 2329 3335 eum
2371 3279 2790 3350 pertinentibus.
2832 3278 3091 3336 Castrum
3141 3279 3211 3334 de
3255 3277 3440 3349 Signa,
3474 3290 3530 3336 et

1942 3371 2157 3429 tertiam
2199 3383 2410 3444 partem
2438 3375 2616 3430 castri
2664 3375 2733 3430 de
2780 3374 3075 3441 Grumulo,
3127 3388 3256 3429 carm
3299 3373 3528 3430 ecclesia

1942 3476 2001 3522 et
2021 3466 2418 3539 pertinentibus
2459 3483 2673 3524 eorum;
2709 3467 2933 3523 Curtem
2960 3468 3034 3523 de
3057 3465 3251 3532 Greve,
3273 3481 3401 3521 cum
3435 3481 3528 3525 ec-

1944 3559 2108 3616 clesia
2132 3559 2319 3616 Sancti
2335 3559 2574 3626 Martini,
2591 3560 2911 3630 ceterisque
2927 3556 3371 3631 possessionibus
3389 3556 3527 3613 suis.

1946 3649 2246 3706 Ecclesiam
2279 3648 2464 3707 Sancti
2506 3649 2908 3717 Bartholomzei,
2941 3663 3067 3705 eum
3094 3656 3273 3714 curte,
3301 3654 3358 3702 et
3387 3653 3531 3700 terra

1947 3743 2223 3800 Genzonis
2252 3753 2310 3800 et
2346 3744 2505 3800 Ana:
2538 3743 2732 3800 uxoris
2786 3742 2908 3813 ejus
2953 3742 3023 3798 de
3051 3740 3262 3797 Badda.
3301 3737 3529 3808 Insuper

1948 3849 2004 3897 et
2031 3846 2257 3909 terram,
2305 3848 2363 3897 et
2401 3850 2631 3897 curtem‘
2655 3840 2903 3911 ejusdem
2927 3837 3021 3894 de
3049 3835 3320 3902 Petrorio,
3352 3849 3449 3892 seu
3480 3834 3534 3888 iu

1950 3936 2368 4008 quibuscunque
2409 3936 2566 4002 locis,
2611 3948 2739 3991 cum
2792 3932 3050 3989 omnibus
3087 3929 3534 4001 preprietatibus,

1951 4028 2395 4100 possessionibus
2432 4043 2495 4084 ac
2534 4026 2877 4100 pertinentiis
2895 4024 3030 4081 suis.
3064 4022 3323 4078 Castrum
3348 4021 3535 4076 Radda

1955 4124 2080 4177 cum
2104 4130 2277 4189 curte,
2328 4128 2384 4176 et
2417 4120 2692 4186 ecclesiis,
2738 4117 3058 4186 caeterisque
3096 4110 3538 4183 possessionibus

1955 4215 2025 4270 ad
2067 4229 2188 4269 eam
2232 4213 2648 4285 pertinentibus.
2687 4209 2867 4266 Castri
2913 4209 2981 4263 de
3032 4205 3280 4276 Tiguano
3318 4194 3538 4258 tertiam

275 4299 499 4367 sitione,
528 4297 901 4354 interdicimus
920 4305 980 4352 ut
999 4297 1146 4351 nulla
1169 4295 1469 4366 quamlibet
1488 4301 1543 4348 et
1563 4299 1857 4361 quantum-
1954 4311 2188 4375 partem,
2215 4316 2339 4359 cum
2365 4300 2611 4360 ccclesiis
2657 4308 2713 4356 ει
2746 4298 3190 4371 proprietatibus,
3229 4310 3327 4351 seu
3367 4293 3541 4365 pem-

275 4388 414 4444 ίίδθί
444 4403 640 4460 magna
676 4388 760 4443 vel
808 4402 971 4458 Pana
1018 4401 1273 4457 Personas
1331 4400 1429 4440 se“
1481 4383 1859 4453 cuiuscunque
1891 4382 1936 4436 Ῑ)
1961 4397 2187 4463 uentiis,
2215 4396 2535 4454 monasterii
2559 4401 2975 4464 competentem.
3013 4390 3311 4447 Ecclesium
3355 4388 3542 4444 Sancti

277 4481 614 4536 conditionis
656 4480 843 4545 homo,
869 4487 982 4534 tam
1030 4479 1098 4533 de
1144 4475 1385 4549 praefatis
1430 4475 1680 4547 plebibus
1705 4480 1762 4528 et
1796 4471 1855 4527 8.

1960 4485 2172 4542 Nicolai
2206 4486 2262 4541 in
2309 4500 2505 4555 campo
2532 4482 2826 4550 Clareutis,
2860 4497 2987 4538 cum
3021 4487 3177 4536 curte
3214 4478 3545 4537 domnicatis

279 4575 494 4632 Ansani
513 4575 742 4630 basilica
775 4588 939 4644 quam
963 4573 1133 4628 etiam
1155 4588 1224 4627 ex
1242 4572 1458 4629 cunctis
1483 4583 1606 4640 qure
1629 4584 1696 4623 CX
1733 4567 1865 4622 ΑΓΘ-
1960 4574 2419 4648 proprietatibus,
2464 4582 2519 4628 οι
2553 4572 2812 4629 omnibus
2843 4569 3164 4640 adjacentiis
3208 4568 3385 4625 eidem
3418 4584 3546 4640 per.

282 4669 419 4723 tiuae
435 4666 695 4723 Ecclesia:
725 4667 792 4721 de
810 4666 933 4737 jure
976 4671 1315 4735 competunt,
1350 4663 1514 4719 rebus
1546 4661 1860 4725 mobilibus,

283 4758 793 4823 velimmobilibus,
842 4773 961 4814 sese
993 4758 1337 4813 moventibus
1385 4770 1507 4811 eam
1538 4753 1863 4824 inquietare,

284 4867 391 4908 seu
441 4852 716 4918 divcstire,
742 4850 828 4905 vel
879 4850 1214 4906 calumniare
1257 4854 1568 4919 primumut.
1625 4844 1683 4898 Si
1741 4843 1867 4915 quis

286 4950 494 5011 autem,
536 4943 682 5014 quod
706 4956 816 4997 non
843 4951 1115 5014 optamus,
1152 4949 1339 4996 contra
1370 4939 1477 4994 hoc
1508 4944 1711 4992 nostra;
1734 4948 1868 4992 con-

286 5034 593 5091 stitutiouis
635 5033 871 5090 edictum
917 5033 1210 5090 temerario
1237 5046 1374 5088 ausu
1425 5029 1707 5100 insurgere
1744 5036 1866 5083 teu-

290 5126 507 5192 taverit,
542 5127 690 5197 quod
720 5128 943 5183 molitus
987 5125 1149 5180 fuerit
1186 5121 1537 5185 aunihiletur,
1563 5128 1619 5175 et
1645 5120 1869 5189 insuper

289 5217 479 5274 divino
510 5219 855 5277 anathemate
878 5233 1191 5294 percussus,
1205 5212 1464 5273 nisiiorte
1481 5206 1869 5268 satisfaciendo

289 5311 489 5336 -ιιλῖαιεη
498 5326 552 5336 Α-

1699 5302 1871 5336 IsncIr:

637 5310 919 5336 λΑ-Α-ιι-...
963 5310 1328 5336 ρλκᾱΛ-οΑδΑη
1350 5316 1483 5336 "ll-ﬂ
1506 5301 1669 5336 "III:IIB

1961 4666 2283 4722 liuentibus.
2321 4664 2579 4720 Castrum
2611 4664 2682 4719 de
2730 4661 3109 4728 Collemontis,
3143 4675 3267 4716 cum
3295 4667 3453 4715 curte
3480 4660 3551 4715 de

1964 4756 2174 4824 Foseis,
2223 4764 2279 4811 et
2330 4754 2586 4812 omnibus
2611 4751 3062 4825 proprietatibus,
3110 4758 3169 4807 et
3206 4749 3555 4819 pertinentiis

1970 4850 2075 4907 sibi
2095 4848 2551 4919 competentibus.
2574 4847 2801 4904 Curtem
2824 4844 3131 4912 Cacceriui,
3150 4856 3278 4898 cum
3302 4843 3560 4910 proprie-

1973 4942 2201 5007 tatibus,
2246 4938 2572 5011 ezeterisque
2610 4934 3060 5010 possessionibus
3112 4932 3246 4990 suis.
3295 4929 3570 4991 Castrum

1973 5039 2282 5102 Bibiauum,
2306 5049 2433 5092 cum
2455 5042 2630 5101 curte,
2667 5039 2725 5087 et
2750 5027 3018 5093 ecclesiis,
3046 5038 3104 5084 et
3134 5023 3581 5097 proprietatibus

1973 5135 2043 5191 ad
2076 5147 2203 5190 eum
2237 5126 2658 5200 pertinentibus.
2694 5122 2992 5179 Ecclesium
3018 5118 3208 5178 Sancti
3244 5115 3503 5179 Martini
3535 5127 3590 5181 in

1973 5225 2096 5282 loco
2120 5218 2433 5283 continenti,
2469 5231 2597 5271 cum
2632 5209 3063 5286 preprietatibus
3095 5207 3230 5265 suis.
3264 5202 3594 5271 Ecclesiam

1977 5316 2035 5336 a,
2106 5315 2160 5336 ,.2
2188 5309 2405 5336 “-43-:
2439 5305 2577 5336 ιηθκη
2614 5303 2886 5336 Αἶυίίοίιητὶ
2936 5313 3065 5336 num
3100 5305 3183 5336 act
3212 5296 3363 5336 intln
3387 5305 3590 5336 vim“-
