4022 5340
515 249 654 307 1559

1785 237 2183 310 ALEXANDRI
2221 253 2264 308 ιι
2299 242 2502 310 PAPE

514 359 752 429 Domini,
787 374 913 417 eum
946 360 1202 417 omnibus
1232 362 1661 433 ‘pr0prietatibus
1695 373 1749 419 et
1791 366 2095 435 possessio-
2122 370 2168 426 Α

3622 258 3758 317 1560

3367 315 3457 330 ³.-

2850 362 3104 425 LXXVII.

510 453 752 513 nibusad
767 468 892 549 eum
914 453 1330 549 pertinentibus.
1363 454 1585 549 Cu-rtem
1607 457 1673 512 de
1698 452 2087 514 Mandria'cum
2187 459 2482 515 Alexandri
2511 461 2578 549 ..Ι
2613 478 2765 535 papa:
2796 462 3131 544 privilegium
3163 437 3258 534 pro
3289 461 3610 522 Lucensibtu
3647 468 3756 540 epi-

510 542 953 616 proprietatibus,
978 542 1343 613 omnibusque
1363 543 1682 614 adjacentiis
1705 546 1838 601 suis.
1863 545 2087 602 Terram

506 634 734 691 Ioannis
765 633 862 689 lilii
887 633 1079 703 Teudi,
1106 650 1233 690 cum
1262 636 1410 692 easis
1443 646 1498 691 et
1526 636 1891 706 dominicatis,
1927 651 2089 696 caete-

2873 548 3065 603 scopis.

2769 623 2951 696 (Anno
2991 622 3174 694 ιιι-ιο.)

504 723 692 795 risque
734 684 1178 794 possessionibus
1231 732 1288 780 et
1327 725 1773 797 proprietatibus,
1808 684 1949 785 sicut
1988 742 2089 801 per
2186 713 2548 788 [Ὲιθκεκτικιν
2579 702 2829 801 Πείθεσθε
2872 714 3011 801 deft“
3054 719 3463 801 θταξητφῑίεδεα
3501 717 3753 789 καίωσι

505 815 768 872 cartulam
802 814 1132 883 oll'ersionis,
1162 814 1408 873 Donatus
1428 816 1670 887 ejusdem
1694 817 1920 876 Joannis
1942 819 2086 876 ﬁlius

502 915 557 962 et
591 905 758 961 Maria
793 914 967 961 mater
993 906 1136 976 ejus,
1181 909 1517 964 monasterio
1535 910 1866 966 obtulerunt.
1897 909 2085 968 Eccleo

501 997 641 1052 siam
660 995 843 1053 Sancti
868 994 1146 1053 Laurentii
1163 999 1217 1052 in
1246 989 1411 1070 Signa
1434 1008 1556 1070 quae
1576 1000 1842 1056 libellario
1864 1002 2084 1057 nomine

500 1087 813 1160 epibcspatu
850 1097 935 1144 est
963 1088 1254 1159 acquisita.
1288 1086 1588 1146 Ecclesiam
1637 1088 1822 1148 Sancti
1860 1084 2080 1150 Proculi

496 1194 625 1234 cum
656 1180 818 1236 terris
851 1180 987 1247 suis,
1021 1188 1076 1235 et
1114 1180 1369 1237 domibus
1390 1181 1539 1237 circa
1576 1197 1654 1239 se.
1687 1182 1912 1239 Terram
1942 1198 2079 1256 quo-

489 1286 606 1342 ‘que
632 1282 686 1328 et
707 1280 1002 1344 sterpetum
1029 1274 1086 1327 in
1107 1272 1279 1329 Podio
1305 1274 1407 1328 rivi
1432 1273 1634 1346 frigidi,
1657 1291 1782 1346 quae
1803 1287 1863 1333 'et
1887 1277 2077 1335 Carcia

498 1363 716 1418 dicitur.
767 1363 1043 1420 Decimam
1071 1365 1139 1420 de
1162 1373 1315 1421 curte
1363 1364 1536 1433 Viclo,
1572 1378 1736 1437 quam
1772 1369 1842 1424 ab
1866 1370 2079 1441 episco-

497 1464 625 1525 patu
644 1471 740 1526 per
777 1455 1017 1511 libellum
1046 1463 1209 1510 tenet.
1236 1455 1512 1512 Decimam
1539 1473 1703 1527 quam
1737 1459 1914 1515 Guido
1946 1460 2078 1517 Vul-

490 1534 1120 1618 ‘teranensisfepiseopus,
1141 1562 1238 1618 per
1256 1549 1520 1604 cartulam
1546 1540 1872 1619 oll‘ersionis,
1886 1560 2077 1609 mona-

496 1638 661 1694 sterio
699 1639 913 1693 obtulit.
937 1637 1361 1694 Decimationem
1390 1647 1569 1707 terrm,
1593 1652 1716 1711 quae
1738 1640 1964 1697 Miceina
1993 1643 2075 1697 di-

2639 785 2980 853 Doeumenti,
3018 785 3140 857 pag.
3168 786 3257 841 52.
3277 785 3297 858 ]

2251 876 2576 932 Amanum
2605 877 2915 948 episcopus,
2944 892 3133 934 servus
3163 892 3447 935 servorum
3478 877 3596 949 Dei,
3643 880 3756 937 Lu-

2181 968 2439 1024 censibus
2460 969 2733 1040 episcopis
2761 969 2817 1025 in
2850 977 3196 1040 perpetuum.

2241 1060 2388 1116 Cum
2412 1061 2686 1118 universis
2728 1072 2824 1132 per
2859 1062 3047 1117 orbem
3098 1073 3365 1120 terrarum
3401 1062 3663 1122 Ecclesiis
3686 1081 3754 1121 ex

2180 1150 2617 1207 consideratione
2665 1150 2985 1221 apostolica:
3029 1151 3195 1218 sedis,
3236 1153 3329 1208 cui
3370 1152 3483 1210 Deo
3532 1163 3757 1212 auctore

2177 1241 2534 1313 praesidemus
2576 1250 2680 1297 nos
2709 1242 2998 1301 conveniat
3040 1243 3347 1313 providere,
3377 1246 3649 1318 pmipue
3672 1255 3757 1302 tas

2177 1346 2302 1387 men
2332 1331 2439 1388 illis
2450 1347 2583 1411 quae
2616 1330 2774 1387 nobis
2812 1332 3055 1402 speciali,
3081 1339 3136 1387 et
3164 1333 3427 1404 peculiari
3451 1350 3641 1392 amore
3661 1336 3756 1392 de-

2174 1421 2370 1477 vincta:
2404 1429 2551 1477 sunt.
2580 1420 2830 1501 ideoque
2862 1423 3106 1479 Veientes
3131 1425 3501 1501 episcopatum
3537 1425 3753 1482 Lucen-

2177 1438 2370 1477 vineae
2404 1438 2551 1477 sunt.
2580 1438 2722 1483 :meo
2764 1438 2830 1477 ue
2862 1438 3106 1479 verentes
3131 1438 3501 1495 episcopatum
3537 1438 3753 1482 Lucen—

2177 1526 2291 1566 sem
2321 1512 2390 1567 ab
2410 1513 2670 1569 omnibus
2697 1438 3138 1580 inliestationibus
3162 1530 3283 1570 esse
3305 1498 3482 1571 tutum
3511 1525 3567 1573 et
3598 1519 3753 1588 quie-

2170 1602 2312 1670 tum,
2349 1619 2418 1658 ne
2452 1604 2601 1675 quod
2626 1605 2787 1672 absit,
2824 1606 2893 1661 ab
2935 1606 3284 1662 invasoribus
3310 1607 3752 1676 diminutionem,
3856 1614 3865 1621 '

494 1728 667 1795 citur;
690 1737 746 1783 et
768 1728 1185 1785 decimationem
1208 1730 1382 1786 curtis
1411 1695 1713 1786 Caccerini.
1736 1727 1940 1787 Praeter
1954 1732 2076 1787 bace
2107 1725 2147 1782 ιι
2176 1703 2273 1795 au}
2292 1695 2628 1795 ίθνῗθίοξλθω
2654 1698 2912 1795 patiam}
2932 1699 3240 1795 δίτωθηψθν
3276 1711 3339 1795 ετξ
3361 1701 3755 1758 conﬁrmamus

483 1820 700 1885 "omnia,
741 1820 1132 1877 interveniente
1188 1816 1446 1893 praedicto
1483 1820 1644 1877 Petro
1693 1823 1971 1896 episcOpo,
2016 1826 2072 1879 et

493 1908 755 1963 cardinali
785 1918 995 1977 nostro,
1023 1920 1079 1965 et
1104 1911 1268 1969 Petro
1284 1911 1494 1983 praefati
1514 1912 1832 1968 monasterii
1852 1928 2073 1969 venera-

493 1999 586 2054 bili
632 2000 853 2069 abbate,
914 2010 1038 2058 ctr‘m
1083 2003 1339 2059 omnibus
1375 2003 1744 2060 confratribus
1782 2004 1919 2072 suis,
1976 2006 2072 2061 ad—

487 2090 797 2159 judicamus
817 2099 872 2146 et
896 2092 1268 2148 conﬁrmanus
1291 2106 1631 2164 quaecunque
1654 2092 1913 2164 hospitali
1937 2108 2072 2165 prata

491 2182 662 2251 libati,
683 2184 1002 2240 monasterii
1026 2186 1179 2241 extra
1200 2193 1256 2240 et
1296 2185 1453 2255 juxta
1479 2187 1692 2256 portam
1711 2176 1892 2256 posito
1908 2227 1924 2254 ,
1951 2184 2072 2257 ipse

488 2270 682 2330 Petrus
721 2266 1047 2330 venerabilis
1086 2275 1276 2342 abbas,
1302 2269 1405 2329 vel
1452 2274 1572 2345 ejus
1617 2275 2067 2346 przedecessores,

487 2367 554 2421 ad
597 2376 758 2422 usum
802 2383 1100 2438 pauperum
1139 2380 1204 2423 ac
1238 2367 1653 2439 peregrinorum
1682 2384 1778 2438 per
1803 2369 2068 2424 cartalam

484 2456 795 2513 donationis
813 2473 939 2513 cum
968 2458 1085 2514 suis
1125 2456 1385 2513 fratribus
1410 2458 1784 2527 contu-lerunt,
1819 2458 2065 2514 scilicet:

484 2548 896 2605 decimationem
911 2548 1147 2621 de‘Viclo
1157 2556 1211 2604 et
1227 2548 1294 2603 de
1304 2547 1572 2615 Grove,de
1585 2547 1772 2620 Signa,
1786 2549 1852 2604 de
1865 2542 2068 2605 Palude

483 2656 623 2696 nova
662 2650 716 2697 et
752 2651 954 2708 vetere,
1005 2653 1312 2711 caeteraque
1338 2641 1519 2695 omnia
1570 2651 1693 2710 quae
1730 2640 1787 2694 in
1819 2640 2067 2697 chartula

483 2733 795 2790 donationis
821 2734 1023 2805 scripta
1060 2744 1188 2789 sunt
1222 2742 1276 2789 et
1300 2748 1639 2804 qnmwnque
1686 2733 1971 2805 largitione
1996 2731 2064 2787 ﬁ-

478 2826 683 2881 delium
730 2827 787 2881 in
840 2834 1163 2897 perpetuum
1216 2834 1304 2881 est
1347 2826 1679 2879 habiturum.
1734 2824 2067 2880 Petestatem

481 2916 644 2974 etiam
705 2920 1063 2991 quoscunque
1107 2928 1353 2974 mortuos
1390 2917 1684 2988 recipiendi
1733 2917 2065 2972 monasterio

480 3011 655 3065 eidem
678 3011 1048 3076 concedimus,
1081 3026 1145 3066 ac
1191 3009 1506 3081 sepeliendi.
1543 3009 1822 3081 Siquidem
1850 3012 2063 3081 cpisco-

476 3117 607 3172 pum
650 3101 974 3158 Florentium
993 3102 1227 3157 civitatis
1251 3101 1496 3157 Romana
1528 3100 1784 3158 Ecclesiae
1830 3103 2060 3159 catholi-

479 3211 605 3250 cum
637 3194 909 3261 habuerit,
940 3194 1407 3251 consecrationem
1435 3194 1506 3249 ab
1543 3210 1609 3249 eo
1634 3193 1889 3266 recipiat;
1911 3196 2059 3267 quod

478 3288 527 3343 si
558 3295 844 3359 suspectus
873 3285 1132 3343 Ecclesiae
1162 3284 1423 3342 Romanae
1447 3284 1631 3355 fuerit,
1661 3285 1937 3342 licentiam
1959 3302 2056 3358 pe-

472 3378 625 3434 tendi
669 3389 1052 3451 quemcunque
1095 3376 1377 3435 meliorem
1436 3377 1651 3432 habeat.
1699 3372 1826 3434 Hzec
1849 3379 2054 3447 omnia,

476 3471 550 3525 ita
581 3470 990 3539 conﬁrmamus,
1011 3466 1089 3526 ita
1121 3469 1435 3537 statuimus,
1459 3469 1535 3524 ita
1555 3468 1837 3525 observari
1861 3471 2055 3540 praeci-

474 3562 677 3631 pimus,
699 3571 761 3618 ut
784 3563 968 3618 nullus
992 3577 1108 3628 rex,
1130 3562 1263 3628 dux,
1286 3560 1557 3628 marcbio,
1583 3574 1787 3629 comes,
1837 3561 2054 3618 viceco-

475 3668 616 3721 mes,
651 3654 936 3721 castaldio,
966 3652 1150 3708 nullus
1192 3652 1503 3723 episcopus,
1547 3650 1732 3708 nullus
1765 3651 2051 3719 dominus,

476 3747 625 3802 nulla
644 3746 873 3801 omnino
894 3760 1091 3816 magna
1135 3758 1409 3815 parvaque
1452 3757 1709 3813 persona,
1733 3757 1859 3798 cum
1877 3742 2055 3812 digni-

472 3845 603 3903 tate,
614 3836 701 3891 vel
718 3835 950 3905 privata,
970 3835 1135 3903 hujus
1158 3833 1333 3888 nostri
1354 3832 1619 3904 privilegii
1644 3840 1912 3904 praecepta
1935 3832 2051 3888 vio-

470 3927 588 3983 lare
613 3934 967 3998 praasumant.
1000 3924 1107 3980 Sed
1135 3923 1396 3995 praefatus
1423 3924 1751 3979 venerabilis
1785 3924 1976 3992 abbas,
1998 3932 2054 3980 et

473 4033 664 4074 omnes
697 4032 1049 4074 successores
1084 4017 1227 4088 ejus,
1253 4016 1309 4070 in
1338 4025 1659 4088 perpetuum
1685 4016 1931 4071 omnium
1958 4032 2052 4072 su-

472 4126 567 4180 pra
592 4111 995 4166 nominatorum
1023 4109 1170 4180 jura,
1195 4110 1379 4180 quiete
1425 4118 1480 4164 et
1500 4123 1692 4165 secure
1713 4109 2048 4179 possideant,

470 4211 689 4257 teneant
716 4202 1113 4258 rationabiliter
1147 4210 1204 4257 et
1246 4200 1569 4273 regulariter
1591 4201 1911 4272 disponant;
1949 4216 2051 4258 nec

470 4308 712 4365 unquam
740 4295 809 4349 ab
840 4308 1033 4349 eorum
1069 4293 1316 4349 dominio
1358 4293 1632 4349 recedant.
1671 4291 1777 4348 Sed
1801 4292 2047 4348 omnium

2174 1787 2446 1858 episcopis
2478 1786 2598 1858 ejus
2632 1802 2824 1858 omnes
2845 1790 3029 1861 plebes
3063 1790 3235 1861 ipsius
3257 1790 3602 1862 episcopatus
3624 1809 3751 1848 cum

2171 1880 2389 1950 capellis
2409 1878 2550 1933 infra
2581 1894 2676 1937 cas
2700 1880 2999 1946 aediﬁcatis,
3027 1890 3081 1936 et
3108 1881 3459 1950 seduli-audis,
3481 1891 3543 1938 ut
3567 1885 3757 1954 quiete

2170 1970 2424 2039 habeant,
2445 1980 2500 2026 et
2535 1972 2850 2042 possideant
2874 1973 3161 2044 praedictas
3197 1973 3380 2043 plebes
3406 1982 3462 2029 et
3490 1976 3750 2046 capellas,

2165 2069 2232 2117 ut
2278 2063 2462 2119 nullbs
2501 2079 2617 2131 rex,
2665 2065 2849 2119 nullus
2889 2066 3202 2135 episcopus,
3251 2066 3442 2135 abbas,
3475 2068 3751 2134 marchio,

2166 2168 2374 2223 comes,
2420 2156 2754 2223 .vicecomcs,
2800 2158 3081 2230 presber
3118 2158 3368 2228 clericus,
3423 2168 3520 2216 aut
3560 2174 3753 2217 mona-

2170 2251 2309 2306 chus
2336 2250 2575 2316 invadat,
2605 2250 2884 2322 surripiat,
2917 2250 3000 2305 vel
3046 2250 3350 2319 subtrahat,
3378 2267 3416 2307 a
3446 2252 3656 2309 ditione
3693 2264 3753 2310 et

2168 2342 2412 2398 dominio
2446 2341 2827 2412 praedictorum
2848 2342 3252 2414 episcoporum,
3296 2343 3390 2399 sed
3423 2356 3618 2400 omnes
3645 2345 3748 2401 ad-

2167 2433 2544 2491 ministrantes
2563 2432 2677 2502 jam
2701 2432 2873 2488 dictis
2900 2432 3170 2504 plebibus,
3191 2442 3247 2488 et
3267 2433 3486 2504 capellis
3503 2434 3747 2494 debitam

2167 2535 2263 2580 aut
2289 2525 2508 2580 solitam
2535 2524 2894 2591 obedientiam
2919 2523 3024 2579 illis
3052 2525 3379 2594 persolvant.
3414 2525 3474 2581 Si
3494 2527 3622 2597 quis
3647 2543 3751 2581 au-

2166 2625 2296 2683 tem,
2319 2615 2467 2687 quod
2494 2630 2604 2671 non
2629 2615 2922 2683 credimus,
2957 2617 3246 2671 temerario
3301 2634 3460 2685 ausu,
3488 2617 3620 2674 huic
3646 2635 3750 2675 no:-

2167 2717 2283 2765 stro
2309 2706 2611 2778 apostolico
2637 2707 2920 2778 privilegio
2949 2707 3259 2764 contrarius
3285 2709 3576 2777 exstiterit,
3608 2711 3749 2767 sciat

2167 2815 2246 2866 se,
2280 2799 2384 2856 nisi
2406 2799 2699 2869 resipuerit
2720 2808 2775 2854 et
2792 2799 3052 2855 damnum
3086 2800 3231 2870 quod
3254 2799 3444 2856 fecerit
3484 2803 3747 2858 emendae

2164 2890 2322 2956 verit,
2361 2890 2681 2945 auctoritate
2706 2889 2802 2945 Dei
2827 2889 3218 2960 omnipotentis
3238 2902 3292 2946 ct
3330 2888 3391 2946 Β.
3422 2889 3570 2948 Petri
3605 2908 3748 2966 apo-

2165 2983 2429 3037 stolurum
2470 2981 2753 3052 principis,
2799 2997 2865 3037 ac
2905 2990 3094 3037 nostro
3132 2984 3495 3039 anathematis
3518 2984 3746 3041 vinculo

2088 3068 2130 3127 C
2163 3073 2477 3141 innodatns,
2522 3081 2578 3128 et
2600 3090 2634 3128 a
2669 3084 2839 3144 regno
2867 3072 2961 3128 Dei
2992 3074 3223 3140 alienus,
3257 3082 3418 3146 atque
3439 3092 3564 3132 cum
3601 3076 3745 3133 Juda

2159 3165 2418 3221 traditore
2466 3164 2744 3232 sociatus;
2805 3165 3029 3235 insuper
3092 3167 3492 3237 compositurus
3541 3170 3746 3226 existat

2158 3257 2279 3311 auri
2303 3255 2494 3327 optimi
2540 3256 2709 3311 libras
2728 3256 2936 3324 decem,
2962 3257 3304 3312 medietatem
3341 3273 3497 3314 sacro
3546 3270 3745 3315 nostro

2155 3349 2378 3419 palatio,
2406 3347 2745 3403 medietatem
2786 3345 3019 3404 Lucensi
3042 3349 3320 3420 episcopo,
3358 3358 3412 3405 et
3437 3366 3604 3422 super
3622 3352 3743 3410 haec

2154 3440 2300 3512 quod
2342 3438 2584 3509 diripuit,
2622 3439 2707 3494 vel
2742 3438 2943 3495 invasit
2963 3441 3218 3511 praedicto
3242 3442 3495 3498 restituat
3524 3443 3743 3514 episco-

2154 3531 2322 3602 patui.
2338 3529 2443 3598 Qui
2461 3545 2590 3585 vero
2610 3530 2701 3601 pio
2729 3530 2930 3587 intuitu
2950 3534 3155 3600 custos,
3168 3539 3223 3589 et
3237 3533 3553 3590 observator
3572 3535 3746 3607 hujus

2153 3623 2329 3679 nostri
2380 3622 2664 3693 apostolici
2711 3624 2967 3694 praecepti
3018 3624 3290 3679 exstiterit
3341 3625 3737 3683 benedictionis
3812 3658 3821 3661 ι

2154 3714 2468 3785 apostolica:
2508 3712 2759 3785 gratiam,
2803 3714 3082 3786 vitamque
3124 3718 3381 3772 aeternam
3427 3731 3458 3771 I
3500 3716 3737 3773 Domino

2153 3806 2264 3862 Deo
2284 3814 2476 3862 nostro
2495 3815 2769 3861 mereatur
2790 3805 2845 3860 in
2866 3806 3065 3862 saecula
3092 3808 3436 3874 smculorum,
3465 3807 3661 3865 Amen.

2224 3895 2404 3969 (Intra
2423 3913 2629 3951 crucem
2651 3896 2841 3971 circuli
2865 3913 2883 3950 :
2910 3897 3129 3971 Μλοιςιιε
3152 3896 3391 3971 Dounvqs
3408 3914 3640 3971 nosrn,
3660 3912 3730 3955 Er

2151 3964 2326 4023 usam
2365 3983 2562 4023 vurrus
2595 3983 2736 4023 ειυς.
2782 3964 2849 4021 In
2889 3968 3117 4022 circuitu
3148 3984 3266 4023 vero
3293 3986 3313 4024 :
3350 3967 3496 4024 Deus
3526 3964 3733 4027 uesica

2150 4052 2417 4093 neruorum
2442 4054 2512 4092 ετ
2537 4038 2779 4109 νιιιτυε.)

2218 4125 2417 4182 Datum
2446 4124 2628 4195 Lucae,
2657 4141 2720 4181 ιιι
2748 4125 2934 4182 Nonas
2963 4124 3276 4182 Decembris
3294 4138 3390 4197 per
3411 4142 3612 4183 manus
3629 4128 3731 4184 Pe-

2151 4217 2240 4283 tri,
2274 4225 2478 4274 sanctae
2523 4216 2788 4273 Romanae
2821 4215 3078 4272 Ecclesiae
3105 4217 3405 4289 presbyteri
3435 4219 3733 4274 cardinalis

2148 4323 2213 4363 ac
2238 4308 2661 4377 bibliothecarii;
2693 4322 2878 4364 annos
2947 4307 3189 4379 pontiﬁe.
3216 4307 3404 4363 domni
3433 4308 3728 4366 Alexandri

468 4385 751 4441 hominum
781 4386 994 4442 sublata
1040 4385 1468 4456 perturbatione,
1500 4384 1657 4440 ﬁrma
1687 4399 1900 4456 semper
1919 4399 2046 4456 per-

2163 4399 2193 4453 il
2226 4416 2400 4472 papae,
2432 4400 2705 4458 lnearnat.
2730 4413 2862 4458 vero
2885 4399 3042 4457 Dom.
3071 4401 3206 4458 mill.
3238 4411 3511 4475 septuag.,
3532 4404 3725 4460 indict.

466 4471 871 4530 maneantJlaac
885 4482 1088 4531 statuta
1126 4474 1299 4531 nostri
1336 4473 1623 4545 privilegii,
1639 4472 1938 4544 apostolica
1956 4489 2050 4530 au—

466 4565 719 4621 ctoritate
746 4566 1072 4634 conﬁrmati,
1103 4567 1149 4623 si
1187 4567 1310 4637 quis
1367 4582 1509 4622 ausu
1542 4567 1831 4623 temerario
1874 4567 2046 4623 viola-

464 4658 622 4725 verit,
654 4672 721 4713 ex
761 4667 914 4728 parte
959 4657 1055 4713 Dei
1081 4657 1492 4728 omnipotentis,
1533 4656 1712 4713 Patris
1733 4665 1789 4712 et
1821 4656 1966 4725 Filii,
1991 4664 2047 4713 et

464 4748 701 4821 Spiritus
729 4750 901 4805 sancti
923 4749 1530 4816 excommunicationis,
1553 4757 1611 4805 ct
1628 4749 1879 4820 perpetui
1904 4765 2034 4806 ana—

463 4841 718 4900 thematis
759 4856 870 4898 non
908 4841 1118 4898 dubitet
1161 4856 1239 4909 se,
1280 4856 1457 4913 usque
1489 4841 1558 4896 ad
1607 4842 2039 4898 emendationem

2154 4491 2405 4561 septima.

2142 4602 2145 4605 ·
2195 4581 2419 4652 (Αάεδε
2453 4580 2601 4652 bulla
2632 4580 2896 4652 plumbea,
2931 4592 3048 4652 qua:
3080 4596 3146 4637 ca:
3178 4596 3283 4636 uno
3315 4581 3482 4637 latere
3504 4581 3724 4638 Patrum

2153 4651 2323 4707 claves
2350 4668 2381 4707 α
2407 4650 2603 4723 caelesti
2628 4650 2786 4723 manu
2807 4650 3172 4723 suscipientem
3200 4652 3644 4722 demonstremus
3670 4655 3726 4708 in

2151 4723 2377 4776 circuitu
2399 4722 2623 4793 signatis
2644 4721 2837 4776 litteris
2861 4739 2879 4776 :

2211 4808 2348 4857 quon
2386 4807 2575 4848 NECTIS
2601 4806 2846 4859 NECTAI,
2887 4807 3024 4857 quos
3068 4806 3267 4859 sonis,
3304 4806 3502 4861 raras,
3555 4808 3653 4848 us-

2794 4878 2956 4917 SOLVA
2963 4878 3017 4917 ll.

460 4934 695 4989 vinculis
722 4932 1063 4989 innodatum.
1090 4932 1354 5004 Quisquis
1384 4946 1518 4988 vero
1544 4932 1740 4987 borum
1768 4933 2036 4999 omnium,
2137 4930 2319 5004 Altera
2363 4946 2493 4987 vero
2539 4940 2692 5002 parte
2738 4932 2858 5004 haec
2913 4933 3118 5004 circum
3179 4937 3440 5004 notantur
3487 4933 3657 4989 verba
3707 4951 3722 4986 :

459 5038 583 5096 quae
613 5041 776 5097 supra
826 5026 1139 5092 statuimus,
1171 5026 1492 5083 observator
1534 5023 1821 5092 exstiterit,
1868 5025 2035 5081 bene-

457 5117 624 5173 dictio
663 5117 756 5172 Dei
795 5119 1190 5190 omnipotentis
1221 5128 1275 5174 et
1301 5118 1587 5175 beatorum
1613 5116 1760 5201 Petri
1787 5125 1842 5171 et
1864 5115 2042 5183 Pauli,

459 5222 623 5260 suner
648 5222 795 5260 eum.
841 5209 988 5260 velut
1033 5210 1345 5260 uberrimus
1386 5209 1560 5260 imber
1587 5207 1804 5260 cmlitus
1831 5207 2042 5260 inﬂuat.

2136 5002 2460 5059 Atsnsnsn
2482 5018 2633 5070 pars,
2654 5011 2704 5056 et
2727 5003 2785 5055 in
2812 5003 2980 5058 medio
3000 5019 3245 5060 numerus
3267 5002 3331 5057 II
3353 5004 3726 5076 conspicitur.)

2791 5137 3071 5195 LXXVIII.

2156 5228 2446 5260 ΑΙηυηιιλησ
2471 5243 2611 5260 manu
2633 5229 2817 5260 ,ρηίοιὸο
2839 5231 2895 5260 ὅ..
2921 5228 3213 5260 λ’ἶηκοΑΙΙιω
3241 5230 3511 5260 ..ιιηεη-
3540 5226 3730 5260 0....ιέ
