4022 5340
243 318 393 390 ἂὸϐιέ

1416 325 1778 384 EPISTOLE
1815 326 1905 382 ET
1930 326 2352 385 ‘DlPLOMATA.

3368 333 3504 390 me

240 439 551 515 gregationl.
579 442 647 499 de
673 440 1007 498 monasterio
1049 440 1234 498 Sancti
1273 439 1488 515 Rigaldi
1516 443 1586 500 de
1620 442 1822 500 Ancisa
1850 444 1895 502 A
1921 457 2065 499 anno
2094 460 2129 498 ι
2154 444 2501 514 pontificatus
2521 444 2707 499 domni
2731 442 3023 500 Alexandri
3046 442 3090 499 ll
3115 459 3297 516 papae,
3322 445 3491 505 Donn-

239 534 295 591 in
333 545 677 605 perpetuum.

310 625 603 698 Religiosis
638 626 924 684 desideriis
965 641 1030 683 ea
1079 626 1282 697 pietate
1333 634 1391 682 et
1449 625 1829 682 benevolentia

238 717 638 775 consulendum
660 726 823 788 atque
846 716 1261 777 concedendum
1286 724 1372 772 est
1398 723 1463 775 ut
1483 714 1824 788 propositum

239 808 343 879 pia:
375 807 684 864 devotionis
715 808 783 865 de
826 808 1005 865 fructu
1042 823 1159 864 sua:
1190 807 1558 878 provectionis
1592 808 1826 880 gaudeat

234 907 293 956 et
314 900 570 955 meritum
595 899 944 972 benignitatis
964 899 1232 971 acquirat,
1255 897 1403 970 quod
1426 897 1555 957 huic
1577 897 1697 953 sine
1720 896 1826 953 dif-

238 993 479 1050 ficultate
522 994 772 1064 praesidia
812 1002 1053 1066 praestat.
1100 992 1271 1065 Igitur
1290 989 1618 1047 venerabilis
1658 987 1826 1045 frater

236 1083 586 1157 Eustorgius,
621 1086 943 1144 monasterii
986 1084 1043 1143 S.
1072 1082 1444 1141 Austremonii
1482 1082 1549 1138 de
1587 1080 1831 1136 Alverno

236 1178 563 1247 monachus,
592 1178 649 1235 in
683 1179 820 1236 silva
842 1178 1076 1250 quadam
1104 1193 1227 1249 quae
1251 1175 1452 1232 dicitur
1475 1173 1739 1239 Adversa,
1767 1172 1821 1227 in

235 1271 559 1341 episcopatu
600 1270 1006 1338 Matisconensi,
1041 1285 1286 1325 eremum
1318 1266 1739 1332 inbabitaverat,
1770 1273 1826 1320 et

235 1365 518 1420 desertum
570 1350 701 1419 loci.
723 1365 793 1419 ad
824 1378 1000 1435 usque
1038 1360 1358 1419 monasterii
1391 1368 1446 1416 et
1472 1356 1825 1429 aliquantulm

234 1456 677 1529 congregationis
704 1455 965 1523 fructum,
986 1453 1261 1526 adjutorio
1285 1452 1483 1509 divinae
1510 1449 1792 1507 miseratio
1809 1479 1822 1489 -

237 1549 325 1603 nis
347 1557 402 1605 et
434 1549 522 1620 pia
545 1549 837 1605 collatione
864 1548 1102 1604 fidelium
1136 1547 1448 1601 animarum
1477 1543 1819 1606 excoluerat;

235 1641 577 1711 apostolatus
603 1640 781 1697 nostri
802 1640 1147 1712 praesentiam
1178 1637 1388 1703 adiens,
1417 1632 1823 1691 intervenienti-

238 1733 343 1788 bus
370 1731 557 1788 fratris
596 1733 774 1789 nostri
828 1731 1106 1803 Aganonis
1147 1726 1663 1802 Augustodunensis
1707 1724 1823 1796 epi-

237 1825 391 1895 scopi
426 1825 700 1895 precibus,
730 1824 1046 1896 suppliciter
1084 1821 1380 1893 postulavit
1421 1828 1480 1875 ut
1524 1818 1667 1875 idem
1701 1831 1820 1873 mo-
1856 1806 1898 1861 Β

236 1918 541 1974 nasterium
572 1918 627 1973 in
658 1917 961 1990 apostolica
978 1916 1106 1991 jura
1129 1914 1497 1985 reciperemus
1519 1920 1573 1968 et
1596 1909 1815 1982 privile-

234 2009 328 2085 gio
366 2011 679 2082 apostolicae.
723 2010 970 2067 tuitionis
1004 2007 1367 2074 muniremus,
1416 2013 1688 2077 quatenus
1730 2002 1819 2057 ille

234 2104 564 2161 venerabilis
603 2105 760 2162 locus
799 2101 1063 2174 singulari
1097 2099 1402 2173 patrocinio
1430 2106 1483 2153 et
1505 2096 1819 2157 defensione

236 2196 432 2253 matris
451 2198 699 2253 omnium
726 2195 1094 2253 Ecclesiarum
1138 2190 1395 2250 suffultus
1424 2199 1479 2246 et
1506 2191 1818 2255 roboratus,

234 2298 291 2345 et
315 2287 527 2345 felicior
570 2289 627 2344 in
661 2290 812 2346 omni
853 2290 998 2344 bono
1034 2294 1264 2353 crescat,
1296 2293 1351 2340 et
1383 2282 1630 2341 securior
1677 2281 1821 2336 inter

236 2383 477 2437 humana
512 2389 839 2438 testamenta
886 2379 1169 2437 consistat.
1223 2377 1394 2447 Cujus
1419 2374 1672 2446 precibus
1702 2372 1820 2428 sine

233 2481 550 2543 contemptu
578 2473 797 2544 pietatis
817 2481 872 2529 et
885 2471 1113 2544 justitia:
1135 2469 1387 2525 eli'eetum
1402 2483 1512 2522 non
1540 2466 1820 2539 potuimus

232 2564 525 2635 denegare.
562 2564 763 2622 Notum
798 2580 930 2637 ergo
955 2564 1025 2621 sit
1054 2562 1309 2617 omnibus
1333 2554 1581 2615 ﬁdelibus
1607 2558 1662 2612 in
1692 2572 1817 2629 per-

232 2665 460 2726 petuum
484 2657 744 2729 quoniam
767 2657 944 2713 eidem
969 2655 1126 2711 fratri
1156 2662 1211 2710 et
1232 2651 1561 2711 charissima
1582 2650 1697 2706 filio
1719 2664 1821 2705 no-

233 2756 353 2806 stro
384 2747 674 2821 Eustorgio
712 2750 939 2820 suisque
968 2748 1250 2813 fratribus,
1276 2744 1597 2814 cunctisque
1625 2758 1819 2798 eorum

233 2841 650 2897 successoribus
680 2842 1025 2914 privilegium
1063 2848 1265 2895 nostra:
1298 2836 1610 2913 apostolicae
1635 2835 1821 2892 tuitio-

233 2932 326 2990 nis
347 2935 743 3003 concessimus,
780 2943 1082 2992 statuentes
1111 2942 1165 2989 et
1186 2948 1441 3001 expresse
1467 2931 1820 2986 decernentes

234 3036 299 3084 It
324 3026 505 3096 ipsum
541 3027 935 3083 monasterium
966 3026 1154 3084 Sancti
1185 3024 1399 3095 Rigaldi
1418 3023 1486 3078 de
1510 3022 1733 3089 Ancisa,
1767 3030 1821 3076 et

232 3118 424 3172 omnia
454 3134 796 3190 quascunque
817 3120 943 3191 jure
983 3120 1167 3186 habet,
1204 3126 1301 3175 aut
1336 3115 1521 3172 divina
1548 3116 1814 3185 pietas....

235 3210 295 3273 in
342 3208 590 3267 futurum
626 3212 730 3267 sibi
776 3212 1025 3268 habenda
1068 3209 1423 3276 concesserit,
1459 3208 1533 3262 ita
1565 3208 1668 3262 sub
1697 3206 1819 3276 jure

231 3310 291 3356 et
314 3304 629 3373 apostolica:
679 3304 984 3376 maiestatis
1032 3304 1369 3375 protectionc
1411 3301 1720 3357 consistant
1762 3306 1820 3353 ut

232 3394 421 3451 nullus
445 3395 760 3468 imperator,
785 3414 902 3465 rex,
928 3398 1060 3463 dux,
1088 3398 1353 3463 marchto,
1380 3396 1690 3466 episcopus,
1721 3408 1817 3448 co-

235 3498 481 3544 mes‘sen
504 3490 694 3557 abbas,
717 3492 805 3546 vel
822 3492 1006 3563 aliqua
1038 3506 1272 3563 persona
1295 3489 1576 3546 szecularis
1608 3496 1702 3544 aut
1725 3502 1817 3543 ec-

234 3582 566 3651 clesiastica,
601 3600 798 3656 magna
832 3585 918 3641 vel
954 3601 1142 3660 parva,
1170 3593 1266 3639 aut
1298 3583 1552 3643 invadere
1574 3590 1670 3636 aut
1702 3596 1820 3635 mo—

237 3673 462 3741 lestare,
521 3677 611 3730 vel
661 3677 717 3731 in
760 3677 947 3749 aliquo
965 3677 1272 3748 inquietare
1294 3686 1349 3731 et
1368 3693 1397 3730 a
1421 3684 1567 3731 statu
1589 3689 1691 3730 suo
1714 3673 1818 3730 alia-

235 3767 372 3838 quid
405 3767 847 3825 conditionaiiter
898 3760 1024 3827 inde
1052 3768 1317 3840 exigendo
1366 3768 1586 3824 turbare
1608 3782 1818 3838 praesu—

236 3868 372 3915 mat.
400 3859 498 3916 His
521 3863 683 3917 etiam
709 3863 963 3918 addimus
1002 3872 1062 3917 ut
1091 3863 1273 3919 nullus
1316 3863 1371 3917 in
1401 3862 1591 3917 eodem
1624 3876 1818 3916 mona-

238 3953 433 4023 sterio,
466 3954 571 4010 nisi
602 3971 698 4026 per
738 3955 1061 4011 electionem
1107 3955 1359 4021 fratrum,
1388 3955 1543 4025 juxta
1579 3954 1821 4026 regulam

237 4045 418 4101 sancti
462 4045 758 4114 Benedicti,
807 4047 975 4105 abbas
1011 4030 1413 4116 constituatur;
1443 4057 1497 4101 et
1532 4046 1821 4121 episcopus

239 4136 677 4208 Matisconensis,
709 4141 762 4195 in
808 4138 967 4212 cujus
994 4141 1253 4212 parochia
1287 4149 1391 4211 est,
1427 4140 1475 4198 si
1504 4140 1692 4211 gratis,
1717 4138 1821 4192 hoc

239 4238 324 4287 est
349 4231 468 4288 sine
492 4232 686 4304 pretio,
711 4233 839 4289 licet
858 4218 989 4289 velit
1012 4233 1211 4299 facere,
1236 4235 1466 4290 electum
1496 4249 1527 4289 a
1558 4230 1820 4287 fratribus

238 4324 434 4380 debeat
463 4326 808 4393 consecrare,
828 4335 897 4404 .et
944 4342 1046 4383 suo
1073 4326 1322 4396 regimini
1346 4333 1504 4381 ’cmtu
1541 4324 1645 4380 sibi
1670 4338 1823 4378 com-

240 4416 526 4487 mendare;
552 4419 638 4474 sin
671 4434 800 4474 vero
826 4420 1064 4490 pretium
1087 4418 1269 4489 exigat
1288 4433 1388 4488 pro
1411 4416 1821 4472 consecratione

1927 539 2065 595 nica:
2096 555 2226 594 vero
2252 539 2646 595 incarnationis
2682 538 2843 606 l07l,
2873 539 3171 596 indictione
3205 555 3280 595 rx.

2598 650 2834 707 LXXIX.

1958 741 2112 799 Claro
2138 743 2539 803 Mediolanemi.
2554 743 2715 799 —De
2735 744 3125 816 archiepiscopo
3146 742 3471 805 Simoniaco.

2353 837 2594 910 (Fragm.
2617 836 2861 893 —Anno
2887 837 3072 910 1071..)

2314 928 2533 1004 [Manen
2562 929 2765 986 Concil.
2790 929 2935 999 XIX,
2963 928 3117 1003 979.]

1998 1018 2483 1092 Archiepiscopum
2519 1032 2760 1078 vestrum
2784 1021 3159 1079 Simoniacum
3184 1019 3355 1080 fuisse
3383 1024 3503 1079 nui-

1924 1112 2010 1169 lus
2029 1121 2272 1168 vestrum
2307 1113 2541 1186 ignorat,
2577 1114 2726 1185 quia,
2752 1115 2883 1170 dum
2921 1113 3165 1171 abbatias
3186 1124 3241 1171 et
3284 1115 3505 1172 ordines

1923 1204 2127 1271 vendit,
2161 1206 2267 1261 hoc
2295 1206 2460 1281 etiam
2490 1207 2605 1277 ipse
2633 1208 2901 1283 propalat.

2607 1316 2818 1374 LXXX.

1923 1408 2228 1485 Alexandre;
2262 1408 2328 1464 II
2354 1412 2664 1485 monasterii
2689 1408 2746 1465 S.
2773 1409 2998 1485 Joannis
3032 1411 3338 1485 Pinnensis,
3363 1432 3505 1485 pra:-

1990 1479 2389 1553 senteAIIugone
2418 1481 2660 1537 Candida
2680 1482 2978 1553 presbytero
3009 1483 3274 1539 cardinali
3303 1479 3336 1538 ά
3363 1479 3503 1540 San-

1992 1552 2074 1605 cio
2102 1550 2381 1623 Hispaniae
2405 1569 2519 1623 rege
2538 1569 2658 1607 cum
2680 1550 2897 1609 ‘cwteris
2932 1556 3269 1610 monasteriis
3304 1555 3370 1614 Β.
3399 1555 3503 1610 Pe-

1995 1630 2075 1698 tro
2106 1693 2116 1698 ἑ
2144 1622 2355 1698 abbati,
2413 1624 2787 1694 protectionem
2851 1624 3074 1693 suscipit
3130 1633 3181 1679 et
3231 1626 3504 1698 priuilegia

1988 1693 2243 1747 instituit.

2511 1762 2693 1833 (Anno
2729 1764 2912 1834 1071.)

2204 1833 2479 1906 [Mutum
2516 1835 2714 1890 Annal.
2746 1833 2966 1903 Bened.,
3010 1834 3222 1909 v.11]

1989 1924 2331 1983 Cbarissimo
2359 1926 2471 1982 filio
2502 1926 2785 1995 Aqmuno,
2818 1928 3073 2000 religioso
3096 1929 3280 1987 abbati
3312 1944 3505 1989 monu-

1920 2016 2069 2072 sterii
2098 2017 2285 2074 Sancti
2314 2017 2544 2074 Joannis
2568 2018 2818 2091 Baptista:
2845 2020 2911 2075 de
2935 2019 3132 2088 Pinna,
3157 2020 3213 2076 in
3235 2019 3504 2093 Aragonia

1924 2108 2226 2179 provincia.

1986 2200 2314 2271 Apostolicm
2347 2200 2463 2257 sedi
2495 2216 2605 2257 non
2632 2201 2838 2258 nostris
2864 2203 3095 2272 meritis,
3134 2204 3228 2260 sed
3268 2205 3384 2260 sola
3410 2203 3510 2259 Dei

1919 2291 2299 2352 misericordia
2346 2293 2730 2364 praesidentes,
2782 2294 3115 2366 accepimus,
3160 2296 3217 2350 in
3262 2297 3509 2367 partibus

1918 2382 2211 2456 Hispanim,
2235 2385 2518 2441 catholicae
2546 2385 2667 2441 fidei
2692 2385 2954 2441 unitatem
2983 2402 3015 2442 a
3046 2402 3146 2442 sua
3175 2385 3510 2459 plenitudine

1919 2476 2241 2545 declinasse,
2267 2486 2323 2533 et
2351 2493 2489 2550 pene
2512 2493 2704 2533 omnes
2724 2478 2793 2533 ab
2818 2477 3193 2536 ecclesiastica
3220 2480 3507 2550 disciplina

1918 2577 1973 2624 et
2015 2570 2325 2625 divinorum
2375 2570 2523 2629 cultu
2560 2570 2883 2626 interiorum
2936 2572 3245 2629 aberrasse.
3296 2569 3505 2642 itaque,

1920 2656 2212 2733 instigante
2241 2678 2344 2718 nos
2386 2662 2697 2718 commissa:
2727 2671 2931 2718 sanctae
2962 2672 3015 2719 et
3043 2663 3372 2720 universalis
3401 2662 3507 2719 Ec-

1919 2754 2099 2811 clesize
2142 2754 2511 2825 providentia,
2561 2755 2629 2811 ad
2674 2755 3070 2810 correctionem
3132 2754 3507 2813 Ecclesiarum

1921 2848 2038 2915 Dei,
2073 2850 2244 2904 ﬁlium
2283 2858 2534 2906 nostrum
2561 2848 2848 2921 liugonem
2876 2849 3205 2918 Candidum,
3233 2858 3289 2907 et
3322 2851 3506 2907 cardi-

1920 2943 2095 2997 nalcm
2125 2942 2527 3014 presbyterum,
2554 2941 2609 2996 in
2636 2952 2821 3012 partes
2845 2943 2966 2997 illas
2991 2927 3265 3011 misim'us,
3291 2943 3387 3015 qui
3420 2943 3507 2998 di-

1919 3033 2043 3088 vina
2070 3033 2399 3105 suliragante
2425 3034 2716 3089 clementia
2749 3033 3078 3090 Christianae
3104 3034 3227 3091 fidei
3253 3036 3425 3090 robur
3450 3045 3507 3091 et

1921 3124 2280 3196 integritatem
2309 3125 2382 3182 ibi
2410 3126 2757 3192 restauravit,
2791 3124 3117 3182 Simoniacae
3157 3126 3380 3184 haeresis
3425 3118 3509 3182 in-

1922 3217 2276 3288 quinamenta
2325 3218 2609 3273 mundavit
2646 3226 2702 3273 et
2727 3218 2986 3274 confusos
3014 3219 3154 3274 ritus
3195 3219 3507 3275 divinorum

1921 3308 2305 3379 obsequiorum
2339 3309 2407 3364 ad
2432 3310 2675 3380 regulam
2710 3308 3030 3365 canonicam
3056 3319 3111 3366 et
3141 3309 3391 3367 ordinem
3421 3326 3508 3365 re-

1921 3400 2197 3456 formavit.
2246 3399 2486 3457 Dilectus
2534 3417 2665 3472 ergo
2710 3401 2857 3456 filius
2897 3410 3083 3465 noster
3112 3400 3363 3482 ‘Sancius
3412 3418 3506 3457 rex

1921 3492 2216 3563 Hispaniae,
2246 3493 2431 3549 divina
2453 3493 2627 3565 gratia
2656 3501 2966 3564 praeventus
2993 3501 3047 3548 et
3072 3508 3339 3549 accensus
3360 3508 3509 3548 amo-

1921 3601 2001 3654 re,
2034 3601 2162 3641 cum
2208 3586 2465 3642 omnibus
2501 3586 2703 3656 quibus
2750 3584 2947 3655 potuit,
2971 3585 3038 3639 ad
3092 3600 3282 3641 veram
3329 3583 3505 3655 perfe-

1922 3687 2177 3749 ctamque
2203 3678 2362 3734 fidem
2405 3677 2709 3733 nobilitatis
2735 3692 2849 3733 suae
2870 3676 3099 3748 gloriam
3142 3677 3411 3733 convertit
3452 3691 3510 3733 et

1921 3771 2173 3841 protinus
2207 3769 2562 3841 semetipsum
2602 3769 2916 3840 apostolica:
2954 3767 3205 3841 dignitati
3234 3770 3513 3826 commisit

1922 3880 1987 3919 ac
2012 3862 2275 3929 subdidit,
2301 3862 2377 3934 et
2397 3861 2731 3922 monasteria
2760 3877 2873 3921 sua:
2899 3861 3124 3919 ditionis
3150 3861 3246 3918 diu
3277 3861 3511 3919 alienata

1924 3955 2190 4012 Romana:
2208 3950 2463 4013 Ecclesia:
2482 3953 2706 4026 proprio
2722 3953 2845 4026 jure
2862 3955 3094 4010 tenenda
3112 3954 3363 4011 reddidit.
3388 3953 3514 4011 Hzec

1922 4057 2109 4106 autem
2145 4064 2242 4117 re;
2285 4048 2568 4119 piissimus
2604 4063 2702 4119 per
2733 4056 2805 4115 te,
2850 4047 3203 4103 dilectissime
3242 4047 3341 4116 fili,
3370 4063 3511 4119 pra:-

1922 4141 2054 4197 dicti
2083 4129 2404 4213 monasterii
2434 4139 2621 4195 Sancti
2671 4138 2897 4195 Joannis
2945 4138 3199 4211 Baptistae
3224 4139 3292 4195 de
3339 4138 3512 4195 Pinna

1923 4234 2173 4289 abbatem
2196 4230 2252 4297 et
2279 4248 2443 4287 suum
2469 4231 2814 4301 spiritualem
2843 4240 3073 4301 patrem,
3098 4231 3371 4287 mediante
3395 4230 3510 4285 Hu-

1924 4340 2063 4397 gone
2089 4306 2366 4389 cardinale
2394 4331 2607 4389 nostro,
2638 4321 2696 4376 in
2732 4330 2978 4379 nostram
3013 4324 3358 4395 przesentiam
3384 4340 3510 4379 cum

1924 4401 2240 4497 chartarum
2282 4421 2643 4471 monumento
2684 4412 2887 4469 deferri
2926 4415 3240 4484 destinavit,
3284 4423 3340 4471 et
3385 4432 3513 4488 pro-

241 4508 344 4565 aut
369 4510 554 4582 aliquo
575 4511 741 4567 modo
762 4512 1087 4568 canonicam
1106 4510 1427 4566 electionem
1451 4507 1682 4565 fratrum
1710 4516 1824 4563 ten-
1855 4537 1900 4593 ι)
1922 4504 2105 4581 prium
2151 4514 2347 4563 testem
2375 4522 2491 4561 sua:
2538 4505 2848 4588 devotionis
2892 4506 3168 4572 adhibuit,
3207 4506 3514 4578 specialiter

232 4611 319 4663 ,ιρι
352 4603 635 4675 impedire,
668 4605 738 4662 ad
773 4605 1134 4676 apostolicam
1166 4604 1351 4660 sedem
1385 4618 1485 4674 pro
1519 4602 1823 4658 ordinando

241 4704 297 4751 et
320 4680 700 4753 consecrando
753 4697 949 4753 abbate
999 4711 1101 4752 suo
1158 4696 1399 4753 veniant.
1449 4694 1507 4749 Si
1539 4694 1664 4765 quis
1692 4710 1826 4779 vero

242 4788 381 4844 citra
422 4789 587 4860 hujus
626 4798 826 4845 nostrze
861 4789 1268 4847 constitutionis
1301 4797 1356 4843 et
1394 4787 1827 4845 confirmationis

246 4881 499 4952 paginam
526 4882 738 4938 nefario
761 4899 899 4940 ausu
924 4898 1086 4955 agere
1107 4892 1161 4938 et
1180 4882 1367 4937 venire
1389 4882 1695 4948 tentaverit,
1720 4881 1826 4935 nisi

246 4971 547 5043 resipiscat,
580 4974 901 5030 auctoritate
930 4975 1304 5045 apostolorum
1329 4972 1475 5027 Petri
1491 4981 1545 5063 et
1564 4972 1728 5029 .Pauli
1760 4988 1826 5027 ac

248 5073 431 5122 nostra
462 5067 1047 5125 excommunicandum
1083 5076 1140 5121 et
1169 5068 1238 5122 ab
1269 5065 1421 5121 omni
1450 5066 1728 5140 consortio
1758 5066 1823 5120 ii-

1450 5165 1462 5174 .
1515 5156 1556 5174 Α

1914 4600 2144 4673 quidem
2168 4599 2275 4654 hoc
2303 4614 2336 4653 a
2369 4596 2530 4654 nobis
2565 4597 2862 4667 impetrare
2888 4598 3207 4655 desiderans
3227 4608 3288 4654 ut
3313 4597 3512 4669 praefa-

1922 4700 2039 4748 tum
2077 4691 2497 4761 monasterium,
2527 4691 2616 4748 cui
2644 4704 2712 4746 eo
2751 4691 2981 4762 juvante
3010 4690 3296 4746 serviendo
3320 4692 3514 4761 ρι’ωεί-

1922 4787 2041 4854 des,
2080 4785 2238 4856 juxta
2276 4792 2465 4840 votum
2508 4792 2566 4841 et
2604 4782 2994 4854 postulationis
3023 4799 3138 4841 suae
3162 4781 3518 4850 desiderium,

1923 4878 2222 4934 constituto
2239 4891 2431 4944 censu,
2456 4875 2711 4932 videlicet
2730 4876 2897 4930 unius
2915 4875 3094 4933 unciae
3122 4872 3370 4940 auri,per
3402 4875 3529 4935 sin—

1929 4971 2085 5042 gulos
2126 4983 2300 5025 annos
2343 4968 2399 5023 in
2447 4968 2677 5024 tutelam
2719 4975 2773 5021 et
2824 4966 3111 5036 singulare
3158 4960 3542 5034 patrocinium

1930 5072 2132 5120 sancta:
2151 5061 2410 5116 Romana:
2428 5058 2691 5117 Ecclesim
2712 5057 3155 5127 susciperemns,
3176 5057 3233 5107 et
3248 5049 3565 5130 privilegio

2273 5152 2515 5174 Α--3ιξ....9-
2558 5152 2698 5174 ΞΑΙΑ-νι
2734 5153 3149 5174 MAnAAOA_!,-M
3198 5154 3318 5174 nni“
3361 5153 3551 5174 (ΚΜ-1
