4022 5340
529 329 668 386 1565

1843 322 2235 409 uesanam
2270 354 2315 414 η
2351 356 2554 416 parm

3642 362 3777 419 1364

525 442 946 548 Pertinentibus,
975 446 1031 548 in
1160 457 1213 548 et
1236 448 1609 548 defensionem
1634 455 1779 513 sedis
1799 463 2109 530 apostolicaa
2136 473 2180 529 Α
2209 471 2302 544 tia)
2333 477 2684 533 concedimus
2705 483 2759 532 ct
2783 477 3169 533 conﬁrmamus
3310 473 3529 548 tuisqne
3559 491 3754 535 Silaces

526 538 900 609 suscipientes,
936 542 1201 614 privilegii
1228 545 1517 615 apostolici
1545 560 1928 606 ornamentum
1959 569 2100 623 prte-

526 629 836 703 sidiumque
864 631 960 687 tibi
983 635 1355 691 concedimus.
1383 637 1464 691 Ad
1489 638 1603 694 hzec
1624 630 1817 703 statuit
1836 643 2097 713 pontifex,

525 721 773 793 utabbas
807 722 862 777 in
896 725 1087 789 eodem
1116 728 1473 796 monasterio,
1510 729 1653 801 sicut
1692 735 1880 805 regula
1926 737 2101 803 sancti

525 813 798 870 Benedicti
828 816 1091 889 praecipit,
1131 819 1350 886 nonnisi
1388 823 1666 883 communi
1707 820 1936 883 fratrum
1966 843 2100 884 con-

522 921 686 962 sensu
714 906 967 978 eligatur,
996 916 1052 971 et
1090 911 1159 979 ab
1183 911 1438 983 episcopo
1461 912 1609 970 illius
1636 915 1909 986 ditccesis,
1933 919 1980 974 si
2004 934 2100 974 ca-

521 997 761 1054 tholicus
783 998 966 1068 fuerit,
994 1002 1130 1061 alias
1162 1018 1195 1058 a
1235 1003 1479 1075 quolibet
1510 1004 1618 1060 alio
1658 1008 1919 1081 episcopo
1948 1010 2100 1075 ordi-

523 1098 704 1156 netur,
764 1092 860 1162 qui
922 1093 1232 1157 nullatenus
1294 1096 1412 1151 sine
1441 1096 1649 1169 judicio
1704 1099 1849 1156 sedis
1879 1109 2103 1175 aposto-e

519 1179 638 1235 lica:
670 1182 991 1254 deponatur.

595 1272 788 1329 Datum
820 1274 1073 1332 Laterani
1116 1294 1184 1333 xv
1239 1277 1358 1335 Kal.
1406 1277 1728 1337 Novembris
1774 1298 1871 1353 per
1904 1299 2102 1342 manus

522 1362 666 1422 Petri
697 1365 754 1421 S.
776 1365 841 1421 Β.
873 1365 933 1421 Ε.
961 1370 1257 1442 presbyteri
1280 1371 1573 1428 cardinalis
1595 1388 1659 1440 ac
1677 1374 2099 1445 bibliothecarii,

524 1474 671 1515 anno
699 1476 753 1513 xl
781 1461 1130 1532 pontificatus
1153 1463 1342 1519 domui
1372 1463 1666 1521 Alexandri
1685 1464 1729 1520 ll
1756 1482 1927 1539 papae,
1956 1481 2103 1523 anno

524 1552 730 1608 scilicet
757 1551 1054 1610 Dominicae
1080 1553 1482 1613 Incarnationis
1516 1556 1674 1626 1071,
1702 1557 2000 1614 indictione
2022 1574 2097 1615 lx.

1187 1670 1424 1728 LXXXI.

527 1763 909 1838 Monasterium
930 1763 998 1838 is.
1036 1763 1306 1838 Edmundi
1331 1767 1427 1820 sub
1451 1767 1775 1836 protectione
1806 1766 1944 1822 sedis
1974 1782 2103 1838 apo-

591 1835 799 1919 stolica:
836 1836 1107 1907 recipitur,
1138 1835 1350 1908 ejusque
1388 1835 1523 1891 bona
1556 1839 1735 1896 omnia
1780 1835 2102 1919 conﬁrman-

588 1913 695 1960 tur.

1109 1975 1292 2050 (Anno
1332 1975 1523 2047 1071.).

630 2062 1026 2140 [Cocqumuss,
1050 2067 1198 2124 Ball.
1224 2068 1401 2138 Rom.,
1434 2078 1568 2125 tom.
1606 2067 1668 2137 li,
1694 2086 1816 2143 pag.
1859 2068 1976 2144 15.]

585 2157 910 2215 ALEXANDER
941 2162 1249 2233 episcopus,
1280 2177 1472 2218 servus
1500 2177 1785 2216 servorum
1810 2159 1927 2228 Dei,
1968 2160 2103 2216 dile-

520 2262 610 2307 cto
665 2253 720 2307 in
765 2252 988 2309 Christo
1029 2253 1142 2309 tilio
1186 2253 1494 2320 BALDUINO,
1548 2253 1730 2309 abbati
1782 2253 2101 2309 monasterii

524 2341 580 2399 S.
632 2344 899 2399 Edmundi
948 2346 1095 2418 quod
1147 2343 1578 2401 Badriceshurde
1632 2353 1997 2415 nuncupatur,
2045 2345 2100 2400 in

518 2434 712 2507 Anglia
758 2436 1062 2506 constituti,
1094 2437 1322 2512 ejusque
1349 2437 1783 2504 successoribus,
1816 2436 1871 2491 in
1908 2451 2102 2507 perpe-

516 2524 694 2593 tuum.

588 2620 911 2692 Quanquam
940 2622 1096 2679 sedes
1140 2622 1463 2694 apostolica,
1491 2622 1816 2689 universalis
1840 2629 2015 2678 mater
2046 2628 2102 2681 et

520 2700 769 2775 omnium
807 2714 1163 2770 ecclesiarum
1208 2715 1483 2788 princeps,
1518 2716 1804 2773 universas
1827 2713 2100 2771 Ecclesias

515 2806 798 2879 communi
845 2807 970 2878 jure
1006 2815 1061 2863 et
1090 2807 1451 2879 dispositione
1492 2808 1803 2875 contineat;
1840 2808 2101 2887 pleraque

514 2909 702 2959 tamen
756 2902 1129 2969 inveniuntur,
1159 2918 1282 2974 qua:
1323 2901 1377 2955 in
1417 2900 1694 2972 singulare
1735 2901 2099 2971 patrocinium

518 2992 733 3050 Sancta:
770 2992 1028 3050 Romana:
1062 2993 1321 3049 Ecclesiae
1355 2991 1747 3058 commendari,
1794 3006 1860 3047 ac
1881 2991 2099 3062 preprie

515 3084 637 3153 ejus
675 3083 787 3153 juri
826 3084 1085 3154 applicari
1121 3099 1186 3140 ac
1231 3082 1477 3140 submitti
1518 3083 1777 3154 cupiunt;
1829 3095 2099 3154 quatenus

519 3175 784 3248 singulari
826 3175 1166 3245 providentia
1195 3184 1249 3232 et
1280 3175 1547 3231 charitate
1588 3191 1703 3231 sua:
1742 3175 1936 3231 matris
1975 3190 2095 3230 am-
2125 3208 2166 3266 Ο

515 3269 707 3343 plene,
746 3283 1143 3351 usquequaque
1191 3268 1474 3325 liberiores
1517 3275 1573 3325 et
1613 3266 1934 3324 munitiores
1982 3269 2099 3324 exi-

520 3367 705 3427 stant;
744 3368 799 3415 et
845 3360 913 3416 ad
948 3362 1250 3416 exercenda
1277 3361 1475 3417 divinaa
1524 3362 1800 3425 servitutis
1836 3361 2098 3433 obsequia

516 3450 642 3515 inde
669 3448 1081 3524 tranquﬁlitatis
1104 3461 1158 3509 et
1178 3453 1415 3526 praesidii
1451 3455 1775 3513 munitiores
1798 3452 2094 3531 accipiant,

515 3544 662 3600 unde
693 3546 1070 3618 magisterium
1100 3562 1269 3612 sacrae
1309 3546 1621 3613 traditionis
1647 3553 1987 3622 exspectant.
2038 3543 2096 3599 Si

514 3634 681 3705 igitur
709 3635 764 3690 in
798 3637 987 3693 eadem
1017 3638 1314 3709 apostolica
1348 3639 1473 3694 sede
1501 3637 1814 3709 praesidenti
1835 3638 1951 3693 hzec
1981 3636 2097 3693 sol-

512 3726 743 3783 licitudo
770 3737 824 3785 et
849 3745 982 3785 cura
1011 3730 1304 3802 singularis
1330 3728 1616 3797 incumbit,
1646 3737 1708 3787 ut
1734 3746 1799 3786 ex
1826 3729 1943 3801 ipsa
1965 3743 2097 3785 con-

514 3818 851 3876 sideratione
873 3821 1175 3893 regiminis,
1206 3822 1462 3877 omnibus
1489 3830 1601 3877 tam
1625 3824 1679 3889 in
1705 3821 2020 3879 defensione
2042 3829 2098 3877 et

515 3911 965 3977 corroboratione
1004 3914 1359 3985 diligentiam,
1389 3929 1554 3984 quam
1598 3915 1656 3969 in
1700 3913 1932 3986 spiritali
1973 3929 2096 3985 spe-

513 4004 788 4060 culatione
835 4013 890 4059 et
937 4005 1184 4060 doctrina
1232 4004 1597 4079 vigilantiam,
1653 4013 1916 4077 quantum
1982 4004 2094 4060 Deo

515 4096 817 4171 auxiliante
842 4097 1115 4167 prrevalet,
1137 4095 1490 4153 circumferre
1523 4097 1742 4164 debeat;
1774 4097 1931 4153 valde
1957 4112 2068 4153 con

512 4180 678 4259 gruit,
702 4182 764 4244 u't
791 4189 838 4244 si
871 4189 1090 4260 quando
1114 4203 1199 4257 ea,
1243 4204 1365 4260 quae
1395 4188 1461 4246 ad
1506 4189 1770 4245 honorem
1800 4199 1853 4244 et
1889 4189 2093 4259 utilita-

513 4291 622 4337 tem
669 4281 1037 4338 Ecclesiarum
1078 4281 1175 4338 Dei
1204 4282 1494 4353 pertinent,
1525 4282 1594 4337 ab
1629 4296 1695 4341 eo
1722 4282 2088 4353 postulantur,

509 4375 774 4430 benevola
805 4374 1104 4431 donatione
1145 4374 1429 4441 concedat,
1455 4383 1510 4429 et
1550 4374 1618 4429 ad
1665 4374 1847 4431 sinum
1877 4375 2088 4440 matris,

508 4466 565 4522 id
597 4475 681 4523 est
707 4467 764 4522 S.
791 4465 858 4523 Β.
884 4467 944 4523 Ε.
976 4466 1312 4524 domicilium
1340 4465 1573 4538 propriae
1600 4466 2089 4521 commendationis

509 4558 797 4614 devotione
848 4558 1079 4615 fluentes
1121 4557 1337 4631 egregia
1389 4558 1740 4629 benignitate,
1786 4557 2090 4629 affectuque
2123 4566 2166 4619 ι)

509 4649 850 4713 custodiendi
897 4651 1175 4723 suscipiat.
1208 4649 1319 4706 Nos
1367 4649 1582 4720 itaque,
1623 4649 1975 4706 dilectissime
2015 4649 2128 4711 fili.

512 4742 789 4809 Balduine,
816 4742 870 4796 in
894 4743 1235 4814 apostolatus
1255 4743 1743 4808 administratione,
1759 4757 1867 4806 non
1888 4743 2113 4807 nostris

507 4834 741 4900 meritis,
770 4834 866 4889 sed
895 4834 1077 4889 divina
1106 4835 1267 4890 locati
1296 4836 1490 4907 gratia,
1519 4835 1828 4907 {equitatem
1858 4843 1963 4890 tua:
1991 4851 2089 4906 po-

505 4925 836 4993 stulationis,
849 4932 904 4980 et
924 4926 1232 4982 commissae
1251 4935 1360 4981 tuae
1380 4927 1848 4998 congregationis;
1874 4941 2085 4989 necnon

504 5016 817 5073 charissimi
848 5016 945 5073 ﬁlii
971 5018 1146 5076 nostri
1169 5017 1428 5074 Willelmi
1464 5018 1609 5090 regis
1638 5017 1885 5089 benignae
1918 5016 2088 5073 inter-

507 5108 807 5148 n'tllnfinnic
839 5117 959 5148 1mm
1002 5110 1337 5148 «Hamis-utne
1391 5110 1637 5150 virinlinnt
1674 5116 1731 5150 nt
1769 5110 2082 5152 nr‘ndintnm

2204 570 2422 626 soribus
2478 568 2765 641 prazfatum
2798 569 3206 645 monasterium
3251 568 3304 622 in
3358 566 3607 624 futimtm
3650 585 3777 629 cum

2202 663 2457 718 omnibus
2470 677 2593 734 qua:
2607 679 2752 721 nunc
2772 662 2875 719 sibi
2886 663 3011 735 jure
3020 661 3312 733 pertinent,
3324 661 3487 717 autin
3504 661 3775 732 intutum,

2203 753 2314 810 Deo
2339 763 2632 823 annuente,
2689 755 2763 811 ibi
2809 754 3137 811 conferenda
3173 762 3341 810 sunt:
3388 764 3448 812 ut
3479 756 3601 810 sine
3627 758 3779 812 omni

2202 846 2450 903 molestia
2473 856 2528 904 et
2553 847 2923 924 inquietudine
2948 848 3079 903 illud
3103 848 3158 903 in
3182 858 3363 904 vestra
3386 849 3783 923 gubernatione

2201 940 2457 1011 teneatis;
2485 949 2808 1010 statuentes,
2832 949 2888 997 et
2914 942 3213 1015 apostolica
3235 943 3560 998 auctoritate
3589 957 3780 998 corro-

2201 1032 2476 1102 borantes,
2501 1041 2560 1088 ut
2583 1034 2723 1107 idem
2759 1034 3150 1099 monasterium
3172 1035 3229 1090 in
3254 1037 3361 1092 hoc
3391 1044 3534 1091 statu
3560 1042 3618 1090 et
3661 1050 3779 1090 mo-

2201 1124 2411 1180 nastico
2432 1126 2622 1195 ordine
2667 1127 3040 1201 perszecularis
3083 1135 3179 1183 aut
3215 1128 3585 1184 ecclesiastica
3619 1142 3778 1182 eum-

2199 1215 2321 1271 dem
2350 1217 2715 1272 venerabilem
2751 1217 2930 1274 locum
2951 1220 3020 1274 ad
3046 1217 3408 1290 episcopalem
3439 1219 3626 1275 sedem
3659 1235 3775 1273 mu-

2202 1314 2316 1362 tare
2352 1308 2546 1379 possit,
2586 1316 2681 1364 aut
2710 1308 2922 1366 debeat.
2967 1310 3036 1365 Et
3075 1325 3414 1383 quaecunque
3450 1311 3784 1367 donationes

2201 1414 2406 1467 rerum,
2438 1408 2533 1455 aut
2557 1400 2840 1468 libertatis,
2870 1402 3046 1457 eidem
3086 1403 3418 1458 monasterio
3462 1403 3632 1474 regiis
3668 1411 3782 1457 sta.

2201 1492 2333 1547 tutis
2366 1499 2421 1546 et
2463 1493 2684 1548 nomine
2729 1493 3092 1562 conferendas,
3131 1509 3198 1549 ex
3246 1502 3432 1553 nostra
3474 1495 3781 1565 apostolica

2200 1583 2612 1645 confirmatione
2650 1594 2782 1640 rata:
2829 1585 3156 1656 iliibataque
3202 1595 3578 1657 permaneant,
3629 1588 3784 1641 salva

2200 1676 2449 1747 primatis
2473 1677 2716 1760 episcopi
2736 1678 2998 1733 canonica
3031 1679 3353 1734 reverentia.
3380 1678 3551 1760 igitur
3573 1680 3642 1734 ad
3680 1679 3785 1733 bo-

2203 1784 2392 1824 norem
2432 1768 2548 1837 Dei,
2596 1777 2651 1825 et
2690 1769 2933 1841 praedicti
2968 1771 3286 1827 monasterii
3335 1771 3629 1826 utilitatem
3679 1786 3785 1826 eu-

2200 1861 2412 1933 pientes
2464 1861 2608 1917 hanc
2659 1869 2907 1917 nostram
2954 1863 3399 1919 constitutionem
3445 1863 3787 1933 sempiterna

2201 1950 2496 2020 stabilitate
2520 1950 2716 2018 teneri,
2742 1952 3042 2019 sancimus,
3058 1960 3114 2007 et
3137 1953 3434 2023 apostolica
3457 1953 3791 2007 auctoritate

2201 2042 2504 2110 ﬁrmamus,
2556 2052 2617 2098 ut
2654 2043 2837 2099 nullus
2866 2058 2982 2110 rex,
3027 2043 3160 2110 dux,
3188 2034 3409 2109 comes,
3451 2043 3785 2115 episcopus,

2200 2135 2390 2202 abbas,
2421 2151 2517 2191 seu
2547 2135 2730 2206 aliqua
2778 2149 3036 2206 persona,
3073 2134 3353 2190 saaeularis
3384 2143 3482 2188 aut
3518 2134 3784 2190 ecclesia-

2200 2228 2360 2295 stica,
2386 2228 2500 2298 jam
2530 2242 2674 2298 stupe
2709 2226 2882 2282 fatum
2911 2227 3327 2294 monasterium,
3351 2226 3436 2280 vel
3465 2225 3665 2281 fratres
3705 2226 3786 2279 ibi

2201 2318 2312 2375 Deo
2334 2320 2631 2376 servientes
2661 2320 2968 2394 inquietare
2991 2327 3305 2391 praesumat,
3329 2335 3429 2374 nec
3448 2319 3654 2389 aliquid
3680 2333 3785 2372 eo-

2199 2429 2322 2467 rum
2389 2428 2511 2483 qute
2554 2428 2700 2468 nunc
2737 2412 2863 2483 jure
2902 2411 3085 2480 habet,
3130 2420 3225 2467 aut
3268 2411 3323 2466 in
3368 2410 3639 2478 futurum,
3667 2409 3787 2465 Deo

2199 2505 2530 2561 concedente
2559 2504 2897 2577 acquisierit,
2940 2505 3316 2576 cujuscunque
3356 2503 3505 2559 modi
3539 2503 3672 2567 sint,
3710 2503 3789 2557 ab

2199 2612 2264 2653 eo
2291 2598 2550 2666 alienare,
2581 2606 2676 2654 aut
2702 2597 3007 2653 invadenda
3048 2597 3306 2667 diripere,
3336 2610 3437 2651 nec
3470 2595 3654 2665 aliqua
3679 2610 3785 2650 oc-

2200 2691 2421 2747 casione
2449 2705 2669 2760 vexare,
2698 2698 2795 2747 aut
2819 2690 2939 2746 sine
2962 2690 3180 2746 licentia
3214 2688 3428 2744 abbatis
3457 2696 3645 2743 tenere
3675 2703 3781 2741 au-

2199 2784 2343 2839 deat.
2381 2781 2438 2837 Si
2459 2781 2582 2864 quis
2604 2791 2785 2839 autem
2807 2783 3102 2838 temerario
3135 2798 3273 2839 ausu
3295 2781 3414 2836 haec
3439 2788 3631 2835 nostra
3663 2788 3782 2835 sta-

2200 2883 2316 2930 tuta
2341 2874 2713 2930 contaminare
2738 2874 3165 2946 praesumpserit,
3192 2881 3288 2929 aut
3311 2871 3630 2946 infringere,
3646 2885 3782 2924 ana-

2200 2966 2459 3023 thematis
2496 2966 2692 3038 laqueo
2734 2982 2793 3022 se
2835 2966 3153 3021 innodatum
3205 2973 3260 3021 et
3298 2963 3507 3035 judicio
3552 2962 3781 3033 superni

2200 3057 2410 3115 Judieis
2442 3059 2787 3129 plectendum
2835 3073 2957 3113 esse
3001 3065 3312 3129 cognoscat.
3366 3055 3471 3123 Qui
3512 3070 3646 3110 vero
3677 3054 3783 3125 pize

2200 3151 2506 3209 devotionis
2536 3151 2736 3206 intuitu
2759 3150 2922 3221 hujus
2947 3159 3149 3205 nostrae
3171 3149 3471 3205 sanetionis
3505 3157 3697 3203 custos
3725 3155 3781 3200 et

2201 3244 2533 3299 observator
2569 3243 2856 3309 exstiterit,
2898 3250 2952 3297 et
2974 3243 3116 3298 bona
3156 3257 3254 3296 sua
3283 3242 3351 3296 ad
3398 3239 3779 3311 amplificatio-

2199 3351 2326 3391 nem
2358 3336 2678 3392 monasterii
2714 3334 3023 3402 contulerit,
3055 3342 3150 3389 aut
3195 3333 3445 3390 conferre
3484 3332 3779 3395 studuerit,

2198 3428 2511 3500 apostolicae
2561 3427 2923 3500 benegnitatis
2974 3427 3202 3498 gratiam
3264 3433 3637 3495 consequatur
3660 3465 3677 3490 ,
3724 3432 3778 3478 et

2196 3527 2414 3576 aeterna:
2438 3518 2815 3574 retributionis
2848 3517 3020 3588 gloria
3058 3517 3347 3586 repleatur.
3411 3514 3556 3569 Bene
3579 3514 3777 3577 valete.

2269 3611 2465 3667 Datum
2487 3611 2746 3667 Laterani
2778 3626 2831 3665 vl
2863 3609 3087 3665 Kalend.
3117 3607 3405 3663 Novembr.
3436 3623 3535 3678 per
3578 3623 3779 3662 manus

2196 3704 2343 3761 Petri
2373 3703 2430 3760 S.
2464 3703 2531 3759 Β.
2576 3702 2639 3758 Ε.
2683 3702 2987 3775 presbyteri
3026 3700 3340 3767 cardinalis,
3381 3708 3438 3754 et
3482 3698 3777 3775 bibliothe—

2196 3797 2350 3865 carii,
2397 3812 2544 3852 anno
2584 3813 2641 3852 xi
2685 3795 3034 3868 pontificatus
3066 3793 3251 3850 domui
3289 3791 3588 3849 Alexandri
3625 3806 3777 3861 papze

2194 3905 2339 3946 anno
2383 3890 2631 3946 videlicet
2686 3888 2985 3944 Dominica:
3034 3885 3429 3943 incarnationis
3481 3883 3774 3940 millesimo

2196 3982 2598 4056 septuagesimo
2628 3983 2828 4054 primo,
2861 3980 3157 4037 indictione
3187 3995 3240 4041 ι.

2849 4112 3113 4169 LXXXII.

2192 4238 2354 4299 Bulla
2396 4238 2694 4320 Alexandri
2719 4252 2887 4320 papa!
2914 4231 3000 4303 II,
3038 4236 3265 4320 pallium
3311 4231 3634 4289 Eboracensi
3682 4247 3769 4286 ar?

2646 4306 2973 4380 clziepiscopa
2994 4306 3296 4362 concedam.

2777 4420 2958 4494 (Anno
2993 4419 3177 4492 1071.)

2302 4534 2662 4608 Lllonaaticon
2689 4535 3065 4607 Anglicanam,
3091 4542 3225 4589 tom.
3248 4530 3339 4600 ill,
3363 4548 3487 4603 pag.
3516 4530 3670 4602 133.]

2262 4649 2586 4713 ALEXANDEB
2602 4648 2909 4720 episcOpus,
2925 4661 3118 4703 servus
3131 4659 3412 4702 servorum
3434 4644 3555 4712 Dei,
3575 4644 3768 4699 dilecto

2190 4739 2246 4801 in
2290 4737 2514 4794 Christo
2558 4737 2714 4794 fratri
2762 4736 2988 4804 Τιιοιιε,
3028 4734 3272 4791 Eborum
3311 4735 3755 4807 archiepiscopus

2192 4840 2509 4901 perpetuam
2537 4831 2592 4885 in
2620 4830 2842 4886 Christo
2869 4830 3122 4885 salutem.

2259 4922 2395 4978 Cum
2422 4931 2671 4993 pastores
2701 4921 2910 4988 ovium,
2940 4921 3055 4976 sole
3090 4919 3324 4991 geluque
3350 4933 3453 4988 pro
3476 4914 3659 4990 gregis
3682 4917 3761 4971 sui

2190 5015 2460 5082 custodia,
2497 5014 2784 5086 pervigiles
2815 5014 3077 5078 existunt,
3117 5012 3293 5066 multo
3326 5010 3642 5082 vigilantius
3671 5023 3767 5079 pro

2189 5120 2320 5152 citra
2353 5121 2476 5152 niam
2518 5106 2676 5152 nnltis
2717 5105 3095 5152 committitur.
3138 5103 3396 5152 convenit
3426 5118 3529 5152 nos
3562 5117 3764 5152 cerere-
