4022 5340
299 293 447 351 1365

1471 294 1829 353 ΕΡΙΘΤΟῙηΕ
1859 294 1945 351 ΕΤ
1971 295 2383 358 οιΡιοκΑτΑ.

3414 294 3548 351 1366

296 412 471 484 ginis,
504 428 558 466 m
593 427 749 467 omna
798 411 1035 480 Domini,
1070 414 1125 468 in
1168 416 1535 481 Pentecostes,
1572 421 1628 470 et
1674 413 1730 468 in
1785 421 1875 467 tua
1903 414 1951 472 Α
1977 406 1995 415 ’
2043 414 2308 472 Praeterea
2338 416 2645 471 eminentia:
2663 389 2863 471 vestra:
2882 388 3094 468 Onotum
3129 425 3252 467 esse
3295 411 3550 467 volumus

294 504 672 571 ordinatione,
698 512 753 558 et
782 505 836 558 in
862 504 921 558 S.
955 503 1183 559 Joannis
1215 503 1487 575 Baptistae,
1524 505 1877 574 omniumque

293 596 681 665 apostolon
744 594 1166 664 festivitatibus,
1215 611 1429 652 necnon
1481 597 1538 651 in
1590 611 1881 653 consecra-

292 686 456 740 tione
503 686 877 754 ecclesiarum,
932 693 988 741 et
1035 687 1411 743 benedictione
1458 688 1874 758 episcoporum,

294 792 371 831 ac
402 776 865 848 presbyterorum,
893 786 963 832 et‘
993 778 1047 832 in
1082 778 1460 837 anniversario
1484 778 1873 843 Dedicationis,

291 876 357 921 et
384 868 777 938 principalibus
802 870 956 924 festis
978 868 1230 925 Ecclesiae
1252 880 1377 926 tuas.
1401 869 1698 925 Hortamur
1713 871 1878 941 igitur

292 959 628 1017 charitatem
678 969 848 1029 tuam,
891 970 953 1016 ut
981 976 1249 1016 memores
1290 961 1725 1017 conversationis
1749 969 1875 1027 tum,

288 1058 459 1107 tanto
500 1062 827 1108 ornamento
861 1054 1207 1119 conveniant,
1233 1054 1422 1123 sicque
1450 1054 1686 1109 exterior
1712 1054 1878 1109 homo

289 1142 430 1197 inde
465 1143 745 1214 glorietur,
774 1151 847 1200 ut.
864 1144 1093 1201 interior
1133 1146 1354 1201 conscia
1391 1146 1653 1200 virtutum
1697 1144 1875 1216 perfe-

286 1235 489 1291 ctione
512 1235 794 1290 solidetur.
834 1235 892 1291 Si
915 1237 1044 1307 quid
1069 1237 1211 1292 istud
1255 1246 1340 1292 est
1375 1237 1686 1304 sacerdotii,
1732 1238 1876 1293 istud

287 1335 397 1382 est.
426 1327 597 1397 pallii,
648 1330 735 1383 vix
779 1330 977 1384 labere
1027 1331 1174 1400 quod
1202 1330 1338 1386 foris
1379 1329 1685 1385 ostenderis
1718 1344 1873 1386 accc.

287 1420 466 1490 pisse,
501 1430 557 1475 et
591 1430 650 1475 ut
685 1422 991 1491 apostolum
1023 1422 1495 1492 irreprehensibile
1527 1430 1781 1488 maneat;
1823 1429 1878 1475 et

289 1527 460 1567 bona:
483 1514 919 1571 conversationis
937 1514 1246 1586 exemplum
1290 1514 1636 1571 subditorum
1677 1512 1877 1567 monti-

289 1604 401 1660 bus
434 1606 697 1675 praebeas.

946 1738 1226 1813 Lxxan

285 1828 609 1899 Alexandri"
728 1831 1058 1905 cpistolaqd
1100 1831 1427 1905 Wilielmum
1458 1849 1625 1904 regem
1673 1832 1871 1905 Anglo—

362 1895 607 1954 rum.'—'
633 1895 825 1975 idem
844 1895 1032 1969 laudat
1062 1895 1227 1975 eique?
1249 1895 1726 1958 ecclesiasticarum
1755 1895 1872 1974 per;

358 1985 619 2046 sonorum
641 1973 994 2044 defensionem
1035 1982 1086 2029 et
1124 1973 1429 2046 ‘Lanfraaci
1475 1989 1693 2031 causam
1724 1990 1870 2029 com-

360 2040 605 2111 mild“.-

887 2136 1068 2207 (Αωιο
1094 2136 1274 2209 1071.)

700 2226 914 2299 [Manen
943 2228 1147 2291 Concil.
1175 2229 1317 2298 XIX,
1347 2231 1503 2306 950.]

359 2316 691 2375 Arsinoen
714 2322 1238 2392 episcopus”ser.vus
1279 2339 1561 2388 servorum
1596 2324 1711 2394 Dei,
1741 2328 1871 2383 cha-

294 2409 527 2465 rissimo
554 2410 669 2467 lilio
689 2411 977 2473 Wtueuo
1004 2415 1245 2486 glorioso
1270 2416 1381 2487 regi
1425 2416 1744 2490 Anglorum,
1782 2435 1871 2476 sa-

286 2501 460 2556 lutem
493 2510 547 2557 et
575 2505 931 2574 apostolicam
968 2507 1435 2564 benedictionem.”

358 2591 741 2665 Omnipotenti
802 2596 912 2654 Deo
971 2600 1158 2656 laudes
1210 2600 1525 2671 gratiasque
1584 2599 1871 2658 referimus

285 2686 464 2754 quod,
490 2685 546 2741 in
566 2688 686 2747 hoc
705 2697 967 2760 tempore,
997 2692 1121 2748 licet
1152 2693 1389 2748 mundus
1420 2693 1471 2748 in
1498 2693 1737 2765 maligno
1773 2709 1870 2765 po—

286 2777 447 2833 situs'
477 2777 604 2848 plus
650 2781 809 2837 solito
854 2784 1037 2855 pravis
1100 2783 1377 2840 incumbat
1428 2785 1657 2855 studiis,
1689 2794 1868 2844 tamen

287 2869 430 2925 inter
452 2872 646 2927 mundi
676 2872 946 2944 principes
978 2884 1031 2931 et
1070 2884 1306 2935 rectores
1353 2877 1628 2949 egregiam
1679 2886 1870 2953 vestrae

289 2962 578 3034 religionis
604 2964 805 3023 famam
831 2967 1182 3039 intelligimus
1222 2976 1296 3035 et,
1338 2976 1605 3039 quantum
1643 2970 1869 3028 honoris

288 3064 497 3113 saneta:
526 3056 781 3114 Ecclesia:
805 3066 916 3114 tum
947 3059 1271 3116 Simoniaca:
1312 3061 1536 3117 haeresis
1572 3061 1725 3117 vires.
1762 3075 1862 3130 ep-

291 3147 601 3216 primendo,
638 3157 751 3205 tum
794 3153 1073 3207 catlmlicze
1111 3152 1376 3209 libertatis
1426 3167 1559 3207 usus
1595 3160 1650 3207 et
1689 3151 1863 3206 oﬁicia

291 3242 877 3299 conﬁrmandovestra
897 3244 1071 3300 virtus
1100 3244 1395 3315 impendat,
1430 3259 1541 3300 non
1577 3243 1743 3299 dubia
1775 3258 1863 3298 re-

306 3332 494 3393 atione
517 3335 921 3405 cognoscimus.
969 3335 1073 3391 Sed
1126 3337 1255 3407 quia
1306 3351 1414 3391 non
1466 3334 1535 3392 iis
1576 3335 1668 3406 qui
1724 3336 1864 3391 bona

305 3421 689 3491 lemonstrant,
717 3426 926 3497 iustitia
964 3426 1185 3499 [initia],
1230 3428 1325 3484 sed
1365 3428 1422 3482 in
1474 3427 1581 3482 ﬁne
1622 3427 1864 3497 probatis

289 3517 577 3583 praemium
617 3526 675 3573 et
713 3534 915 3574 corona
961 3520 1313 3590 promittitur,
1355 3518 1728 3575 excellentiam
1767 3534 1864 3575 ve-

288 3616 464 3663 stram
496 3609 660 3680 plena
694 3610 982 3667 dilectione
1006 3629 1292 3669 monemus
1322 3620 1381 3667 ut
1407 3613 1464 3669 in
1490 3611 1671 3668 studio
1700 3611 1863 3666 Chris-

291 3700 968 3758 stianissimtedevotionis
1006 3714 1198 3762 vestra:
1241 3704 1568 3775 persistatis,
1599 3710 1655 3758 et
1687 3702 1864 3773 primo

289 3791 512 3862 quidem
537 3795 799 3851 ecclesias
822 3795 1024 3851 Christi
1067 3813 1190 3868 quae
1220 3798 1276 3851 in
1309 3812 1486 3869 regno
1501 3804 1687 3852 vestro
1711 3804 1860 3862 sunt,

291 3883 552 3957 religioso
582 3888 731 3943 cultu
777 3897 833 3942 et
866 3888 1032 3958 iustis
1075 3889 1523 3959 dispositionibus
1567 3888 1862 3956 exornetis,

288 3977 591 4035 commissa
613 3977 769 4034 vobis
802 3979 963 4050 regni,
992 3980 1354 4052 gubernacula
1396 3982 1471 4037 ita
1514 3982 1730 4052 justitia
1782 3992 1862 4039 te-

291 4069 473 4125 nendo
509 4071 752 4127 tractatis
805 4080 884 4136 ut,
921 4088 989 4126 ex
1043 4087 1270 4143 operum
1331 4076 1672 4143 rectitudine,
1716 4077 1863 4148 quod

290 4159 554 4231 scriptum
577 4171 699 4218 est:
725 4161 829 4218 Car
848 4165 982 4235 regis
1010 4165 1068 4219 in
1100 4182 1261 4220 manu
1297 4165 1395 4221 Dei
1430 4166 1611 4239 (Prov.
1639 4184 1751 4236 nt,
1786 4168 1860 4237 l),

289 4250 443 4309 vobis
470 4253 759 4310 manifeste
779 4258 1085 4325 congruat.’

363 4342 640 4415 Rogamus
683 4346 849 4401 etiam
898 4348 1240 4404 dilectionem
1294 4358 1528 4405 vestram
1581 4358 1643 4405 ut
1688 4350 1861 4405 eccle-

1976 509 2122 578 quod
2151 525 2315 564 causa
2346 508 2551 575 Alricii‘,
2577 508 2671 579 qui
2723 506 2850 562 olim
2892 504 3252 562 Cicestrensis
3298 501 3551 559 Ecclesize

1975 598 2175 668 prtesul
2202 598 2403 662 dictus,
2452 613 2481 652 a
2534 596 2832 667 suppositis
2872 594 3176 665 legatorum
3234 600 3550 648 nostrorum

1975 689 2253 759 depositus
2280 698 2382 756 est,
2405 706 2513 744 non
2541 690 2608 743 ad
2636 688 2855 760 plenum
2888 673 3045 742 nobis
3065 691 3293 740 tractata
3314 684 3548 751 videtur,

1975 780 2224 850 ideoque,
2246 780 2388 836 sicut
2406 781 2461 835 in
2481 781 2784 836 canonibus
2805 788 3025 835 cautum
3046 785 3149 843 est,
3176 775 3232 830 in
3260 775 3550 846 pristinum

1976 872 2157 927 locum
2185 872 2379 927 debere
2407 872 2621 927 restitui
2652 871 3037 943 indicavimus.
3075 867 3277 923 Deinde
3326 882 3550 924 causam

1974 965 2114 1035 ejus,
2138 964 2295 1036 juxta
2331 980 2617 1020 censuram
2645 963 2920 1017 canonica:
2957 959 3286 1026 traditionis,
3324 959 3551 1031 diligen-

1975 1064 2059 1112 ter
2114 1056 2510 1111 retractandam
2562 1064 2615 1110 et
2672 1054 3031 1110 deliniendam
3092 1051 3349 1122 praedicto
3394 1050 3549 1105 fratri

1978 1155 2165 1203 nostro
2194 1147 2600 1217 archiepiscopo
2629 1145 2934 1200 Lani‘ranco
2962 1144 3377 1217 commisimus.
3414 1142 3547 1197 item

1975 1239 2078 1294 sibi
2100 1239 2373 1310 negotium
2403 1236 2471 1293 de
2494 1238 2851 1293 discernenda
2883 1237 2973 1292 lite
3022 1251 3144 1307 quze
3193 1235 3333 1291 inter
3371 1235 3549 1290 archi-

1975 1331 2291 1400 episcopum
2345 1329 2743 1385 Eboracensem
2802 1337 2856 1383 et
2912 1328 3228 1399 episcopum
3288 1326 3551 1383 Dorcace-

1975 1431 2241 1479 strensem
2269 1423 2335 1478 de
2363 1421 2686 1493 pertinentia
2708 1414 2977 1494 dimcesis;
2994 1436 3183 1475 eorum
3210 1427 3295 1475 est
3323 1418 3551 1474 ﬁrmiter

1975 1514 2305 1586 iniungendo
2340 1513 2859 1581 commcndavimus,
2881 1521 2940 1566 ut
2982 1512 3123 1567 hanc
3159 1525 3381 1567 causam
3434 1510 3551 1565 dili-

1975 1605 2293 1677 gentissima
2342 1604 2735 1676 perquisitionc
2792 1610 3101 1674 pertractct,
3144 1610 3198 1657 et
3244 1602 3393 1673 justo
3437 1602 3549 1655 ﬁne

1974 1696 2312 1752 determinet.
2363 1695 2422 1751 in
2449 1695 2630 1751 causis
2658 1703 2839 1750 autem
2884 1694 3305 1766 pertractandis,
3328 1701 3383 1749 et
3416 1693 3549 1750 deﬁ-

1905 1768 1947 1823 Β
1973 1790 2187 1846 niendis
2214 1789 2287 1845 ita
2310 1788 2411 1845 sibi
2434 1797 2635 1845 nostra:
2659 1788 2780 1865 [ρηδ.
2808 1787 2848 1842 Α
2858 1787 2992 1860 ngl.,
3011 1785 3231 1859 vestrae]
3254 1794 3310 1842 et
3330 1794 3549 1858 aposto-

1973 1881 2091 1937 Icie
2117 1881 2458 1938 auctoritatis
2481 1881 2652 1935 vicem
2686 1879 2954 1947 dedimus,
2981 1887 3041 1934 ut
3074 1876 3336 1949 quidquid
3365 1878 3418 1945 in
3447 1878 3546 1943 eis.

1967 1975 2176 2046 justitia
2225 1975 2482 2039 dictante,
2531 1960 3000 2044 determinaverit,
3047 1970 3205 2042 quasi
3258 1970 3313 2024 in
3363 1977 3547 2024 nostra

1971 2068 2259 2137 praesentia
2296 2065 2602 2133 deﬁnitum,
2630 2065 2886 2134 deinceps
2917 2064 3134 2120 ﬁrmum
3171 2071 3226 2118 et
3256 2061 3550 2119 indissolu-

1971 2158 2077 2215 bile
2112 2166 2377 2227 teneatur.
2422 2155 2590 2212 Multa
2636 2155 2790 2211 vobis
2834 2162 3032 2226 praeter
3082 2155 3197 2209 haec
3247 2152 3547 2225 signiﬁcata

1971 2252 2332 2319 dedissemus,
2358 2250 2463 2313 nisi
2485 2250 2631 2321 quod
2663 2265 2726 2304 ea
2762 2249 2817 2302 in
2845 2246 3012 2317 hujus
3052 2244 3411 2301 dilectissimi
3438 2242 3549 2297 fra-

1972 2344 2073 2401 tris
2104 2344 2276 2400 uostri
2324 2339 2985 2410 Laufraneieteiusdem
3044 2335 3345 2393 ﬁdelissimi
3394 2335 3550 2389 vobis

1971 2453 2066 2495 ore
2094 2436 2398 2508 posuimus,
2423 2443 2493 2488 ut»
2518 2433 2638 2503 citis
2676 2432 2797 2487 viva
2824 2444 2956 2486 voce
2984 2437 3047 2487 et-
3066 2436 3270 2487 nostra:
3302 2426 3549 2487 dilectio:

1970 2531 2057 2587 nis
2077 2530 2329 2585 allectum
2364 2527 2573 2599 plenius
2601 2523 2945 2596 cognoscatis
2990 2531 3063 2577 et‘
3100 2521 3308 2591 reliqua
3350 2527 3549 2574 nostrae

1970 2621 2258 2693 legationis
2313 2620 2476 2674 verba
2533 2604 2793 2672 attentius
2850 2614 3103 2671 audiatis.
3159 2611 3305 2668 Deus
3366 2617 3546 2666 autem

1970 2714 2314 2785 omnipotens
2337 2713 2427 2767 det
2468 2709 2622 2765 vobis
2662 2721 3004 2780 quaecunque
3032 2704 3135 2761 sibi
3171 2711 3298 2761 sunt
3348 2700 3547 2773 placita

1971 2808 2103 2863 velle
2126 2817 2178 2861 cl
2215 2820 2394 2876 posse,
2423 2812 2481 2858 ut
2510 2811 2563 2857 et
2582 2802 2671 2857 hic
2691 2809 2884 2855 auctor
2907 2799 2979 2854 sit
3004 2798 3168 2854 vestri
3197 2794 3320 2869 [mm
3360 2792 3542 2865 Angl.,

1971 2899 2171 2970 ιιοδιιί]
2209 2895 2559 2967 gubernaculi
2601 2903 2653 2949 et
2698 2892 2995 2949 retributor
3035 2891 3091 2946 in
3130 2889 3303 2963 gloria
3338 2887 3545 2960 sempi-

1972 2994 2120 3060 terni
2138 2991 2338 3077 gaudii.

2614 3119 2899 3176 LXXXIV.

1966 3216 2258 3271 Alexandri
2309 3213 2370 3267 II
2405 3229 2554 3284 papa:
2600 3212 2828 3282 epistola
2860 3212 2928 3266 ad
2968 3209 3326 3279 Wratt’zlaum
3368 3207 3540 3284 Ιξοιοε-

2039 3287 2157 3340 mia:
2192 3278 2484 3340 duremf—J
2507 3283 2573 3337 Ut
2610 3278 2945 3348 concordiam
2971 3291 3019 3334 et
3033 3296 3212 3350 pacem
3234 3295 3352 3332 cum
3383 3278 3547 3347 frem-

2035 3356 2421 3427 quamprimum
2448 3355 2619 3421 ineat,
2660 3352 2809 3422 cujus
2838 3367 3001 3405 causa
3032 3349 3085 3404 se
3116 3349 3311 3419 legatos
3344 3350 3541 3402 missa-

2037 3425 2154 3481 rum
2178 3425 2413 3496 spondet.
3124 3444 3167 3490 ο

2561 3515 2742 3585 (Anno
2778 3511 2960 3580 l07l.)

2201 3606 2354 3679 [PI-zz.
2395 3604 2693 3675 Thesaurus
2723 3601 2978 3657 Aneodot.
3024 3599 3119 3668 Vl,
3151 3597 3305 3670 246.]

2036 3721 2363 3775 Auxuma
2426 3716 2746 3787 episcopus,
2809 3729 3001 3770 servus
3056 3725 3339 3768 servorum
3402 3709 3535 3773 Dei,

1964 3813 2290 3869 charissimo
2341 3811 2396 3865 in
2437 3808 2657 3864 Christo
2708 3806 2819 3862 lilio
2867 3805 2983 3875 W.,
3016 3804 3396 3860 Bohemiorum
3456 3802 3543 3857 in-

1966 3905 2111 3976 clyte
2140 3903 2285 3969 duci,
2315 3901 2546 3957 salutem
2583 3906 2637 3953 et
2665 3894 3020 3969 apostolicam
3043 3894 3501 3952 benedictionem.

2034 3993 2344 4050 Nobilitatis
2372 4002 2481 4048 tua:
2507 4006 2601 4046 cor
2624 3998 2679 4045 et
2717 3989 2963 4045 animum
3001 4003 3063 4043 ea
3087 3985 3374 4043 devotione
3406 4000 3537 4055 erga

1964 4085 2324 4142 reverentiam
2375 4091 2577 4139 sancta:
2620 4079 2883 4136 Romana:
2924 4078 3181 4135 Ecclesiae
3222 4076 3532 4132 institutum

1960 4178 2087 4234 esse
2115 4175 2471 4248 cognovimus
2505 4180 2585 4237 ut,
2618 4170 2802 4226 habita
2836 4170 2893 4224 in
2943 4178 2992 4225 te
3033 4169 3190 4239 plena
3228 4166 3535 4230 dilectione,

1962 4266 2147 4323 causis
2194 4266 2329 4332 tuis,
2370 4263 2585 4334 quoties
2635 4261 2703 4315 ad
2747 4275 2849 4315 nos
2893 4258 3224 4326 referuntur,
3268 4264 3535 4327 quantum

1959 4356 2173 4427 justitia
2201 4354 2498 4410 comitante
2539 4352 2806 4419 valemus,
2845 4339 3398 4420 nostrae'apostolicze
3439 4365 3537 4404 au-

290 4433 542 4492 siasticas
566 4454 826 4511 personas
847 4439 917 4495 ab
947 4439 1144 4510 injuria
1186 4440 1510 4508 defendatis,
1558 4441 1772 4507 viduas,
1810 4451 1864 4496 et
1895 4462 1938 4517 ι)
1964 4444 2233 4502 ctoritatis
2258 4458 2449 4500 curam
2480 4441 2721 4513 undique
2747 4440 3059 4513 impendere
3091 4439 3397 4511 cupiamus.
3434 4440 3539 4496 Ita-

290 4525 602 4595 orphauos,
654 4538 709 4585 et
753 4546 1044 4600 oppressos
1099 4531 1524 4588 misericorditer
1571 4534 1859 4590 relevando

294 4620 609 4686 protegatis.
647 4620 917 4687 Quoniam
942 4623 1067 4678 licet
1088 4623 1175 4679 ille
1208 4623 1320 4679 Rex
1369 4640 1558 4697 regum
1584 4634 1639 4681 et
1665 4641 1858 4696 super-

297 4721 397 4762 nus
427 4711 632 4767 arbiter
671 4713 837 4769 totius
866 4716 1017 4787 regni
1042 4716 1188 4786 quod
1233 4717 1386 4773 vobis
1430 4717 1651 4774 tradidit
1692 4718 1859 4773 ratio-

294 4812 413 4853 nem
437 4816 468 4856 a
496 4802 652 4859 vobis
675 4804 856 4876 exigat
884 4822 986 4876 pro
1007 4807 1093 4862 his
1118 4816 1295 4863 tamen
1330 4810 1631 4867 districtius
1677 4810 1859 4881 appel-

293 4885 422 4944 labit
443 4894 644 4963 quibus
664 4911 771 4949 non
798 4895 1019 4954 fuerunt
1054 4897 1198 4953 vires
1226 4899 1347 4971 [ηιε.
1404 4900 1585 4972 Angl.,
1619 4902 1709 4957 hic
1750 4916 1857 4956 non

294 4989 421 5036 sunt
443 4984 613 5057 vires]
637 4995 692 5042 et
735 5002 885 5043 arma
934 4989 1041 5045 nisi
1088 5000 1268 5046 vestra
1311 4993 1569 5061 potentia.
1617 4995 1696 5050 Ad
1742 4995 1859 5050 haec

295 5067 454 5138 igitur
479 5077 804 5145 perﬁcienda
831 5089 887 5136 et
932 5081 1164 5136 aliarum
1212 5084 1475 5140 virtutum
1526 5086 1856 5143 incrementa

294 5164 647 5235 percipienda,
682 5170 866 5228 fratris
891 5173 1063 5230 nostri
1110 5172 1403 5241 Lanfranci
1445 5175 1859 5234 Cautuariensis

294 5251 674 5290 ηνυιὶίηηῖρηηῇῖ
708 5264 922 5290 luna-:12...
963 5273 1010 5290 Α..
1058 5266 1295 5290 θυαμ-2122..
1348 5267 1564 5290 ~I....!-..-
1616 5287 1631 5290 -
1666 5279 1849 5290 ,,‘,_--..

1966 4552 2074 4609 que
2096 4537 2163 4592 de
2204 4535 2328 4601 lite,
2365 4547 2487 4603 quae
2531 4533 2672 4587 inter
2702 4539 2753 4586 te
2788 4539 2841 4585 et
2876 4530 3100 4586 fratrem
3132 4538 3288 4585 tuum
3321 4529 3539 4601 episco-

1967 4644 2098 4700 pum
2147 4631 2424 4698 protracta
2457 4631 2571 4690 est,
2602 4629 2657 4676 et
2686 4637 2786 4691 pro
2832 4637 2939 4693 qua
2987 4620 3383 4691 compescenda
3425 4620 3539 4691 iam

1966 4719 2255 4794 aliquoties
2287 4716 2504 4787 utrique
2530 4714 2873 4785 scripsimus,
2899 4715 3052 4771 valde
3073 4714 3288 4771 solliciti
3319 4730 3535 4772 sumus.

1967 4814 2035 4869 Et
2106 4824 2423 4884 quanquam
2485 4809 2648 4865 ollicii
2699 4811 2874 4865 nostri
2942 4808 3012 4863 sit
3070 4824 3167 4880 per
3228 4806 3548 4866 universam

1965 4905 2264 4963 Ecclesiam
2299 4916 2491 4974 pacem
2519 4912 2576 4961 et
2607 4903 2959 4957 concordiam
2982 4917 3111 4957 cum
3143 4897 3237 4951 Dei
3273 4895 3560 4963 adiutorio

1964 5001 2265 5061 seminare,
2299 5003 2485 5049 tamen
2518 4995 2663 5051 inter
2722 5009 2821 5049 vos
2865 4991 3044 5047 medus
3093 4984 3347 5045 amicitia:
3404 4995 3571 5047 ramo

1964 5091 2245 5150 ardentius
2300 5089 2604 5145 convenire
2660 5086 2911 5155 cupimus
2967 5088 3177 5151 quanto
3236 5089 3583 5145 germanum

1968 5184 2153 5241 odium
2191 5194 2300 5234 non
2335 5176 2511 5234 modo
2557 5175 2761 5233 vestris
2793 5170 3123 5238 honoribus,
3159 5178 3350 5221 verum
3400 5176 3592 5230 etiam

2028 5278 2042 5288 ι
2111 5278 2121 5288 ο
2255 5266 2491 5288 9---|--!-,
2512 5286 2517 5287 γ
2580 5269 2761 5288 ,1.Αμιιμ
2800 5262 3181 5286 ..ια-σιΑ-ιᾸξ-...ιη
3258 5268 3475 5286 “WnA,
3506 5262 3538 5284 ,Β

3258 5268 3453 5286 nlo-'90.;
3470 5282 3475 5283 γ
3506 5268 3593 5284 εἴη.

2580 5285 2589 5287 -
2603 5269 2635 5288 Ι.
2648 5279 2730 5288 ΑΛ-
2743 5280 2761 5286 μ
2800 5262 3148 5286 ..ια-σιΑ-ιᾸξ-...ι
