4022 5340
1977 458 2097 500 esse

516 496 772 555 volumus
823 502 1043 560 illorum
1090 512 1335 570 consiliis
1371 532 1437 573 ac
1483 519 1716 579 decretis
1760 527 1839 582 sic
1876 532 2097 601 acquie-

517 596 697 651 scere,
724 584 804 642 sic
829 587 1012 673 favere
1041 602 1434 678 prout’nostraé
1458 621 1586 678 erga
1632 616 1685 664 te
1710 584 2099 675 benevolentiae

515 671 699 730 debito
764 685 820 734 et
876 671 1241 758 exsequendis
1295 671 1552 756 Ecclesia:
1618 703 1714 759 Dei
1775 709 2099 771 utilitatibus

513 768 786 838 congruit.
835 771 1137 848 Praeterea,
1172 785 1317 841 sicut
1372 790 1763 854 charissimum
1816 802 1988 861 tilium
2048 816 2098 864 te

513 855 899 932 admonemus,
933 878 991 924 ut
1013 871 1268 933 humanae
1290 883 1621 944 conditionis
1652 907 1862 950 memor
1891 899 2097 971 cogites

512 965 679 1020 quam
722 953 840 1013 haec
874 960 982 1016 vita
1031 964 1242 1037 fragilis
1287 982 1372 1028 est
1423 985 1477 1030 et
1513 978 1749 1050 incerta,
1794 953 1992 1057 quidve
2041 990 2097 1046 in

514 1040 702 1099 futuro
734 1052 986 1108 examine
1025 1056 1276 1117 districto
1315 1061 1527 1135 Judiei,
1572 1086 1764 1130 omnes
1813 1080 2099 1138 conscien-

510 1131 617 1190 tias
678 1143 804 1194 tuas
849 1150 1250 1217 perscrutanti,
1309 1170 1679 1225 responsurus
1732 1165 1836 1233 sis,
1887 1176 1941 1223 et
1997 1170 2099 1229 hos

511 1225 752 1287 honores
785 1235 1023 1294 caducos
1044 1251 1096 1296 et
1123 1247 1472 1306 transitorios
1511 1253 1584 1308 ita
1612 1271 1798 1327 gerere
1824 1276 1888 1316 ac
1916 1271 2096 1323 trans-

507 1315 602 1415 ire
635 1323 856 1382 studeas
901 1337 962 1384 ut
1003 1347 1102 1403 pro
1147 1336 1232 1393 bis
1278 1315 1736 1415 incomparabiles
1782 1352 2001 1413 divitias
2045 1368 2100 1414 et

510 1408 913 1472 indelicientem
947 1425 1098 1493 regni
1143 1426 1236 1483 Dei
1274 1408 1503 1501 gloriam
1533 1454 1640 1494 non
1687 1445 1926 1503 amittas.
1957 1447 2102 1506 Inter

504 1504 690 1559 omnia
743 1523 871 1564 vero
915 1523 969 1568 et
1009 1533 1123 1587 prae
1179 1525 1438 1585 omnibus
1473 1529 1576 1587 hoc
1630 1534 1952 1609 hortamur,
1994 1543 2100 1600 hoc

505 1599 791 1667 rogamus,
838 1613 896 1658 ut
929 1609 1188 1668 ecclesias
1225 1623 1281 1670 et
1313 1624 1678 1693 monasteria,
1729 1644 1851 1699 quae
1898 1631 1956 1686 in
2009 1641 2099 1690 tua

505 1693 773 1798 potestate
801 1704 928 1750 sunt
969 1701 1176 1777 posita,
1199 1705 1270 1760 ab
1292 1707 1510 1779 injuriis
1540 1693 1818 1790 protegas,
1855 1731 1930 1790 et,
1961 1733 2021 1781 ut
2056 1726 2089 1780 ii
2125 1721 2167 1777 Β

501 1775 598 1874 qui
635 1778 702 1832 ad
749 1775 1097 1845 sacrosancta
1149 1800 1410 1867 mysteria
1457 1804 1615 1862 electi
1665 1775 1794 1866 sunt
1840 1822 1989 1870 caste
2035 1825 2090 1874 et

504 1865 756 1937 religiose
788 1871 897 1928 Deo
922 1879 1190 1950 serviant;
1217 1898 1484 1955 quantum
1516 1896 1714 1965 possis,
1751 1901 1991 1958 studium
2024 1921 2087 1960 ac

502 1957 833 2030 diligentiam
866 1967 1090 2029 habeas.
1115 1974 1277 2034 Plura
1305 1981 1400 2037 tibi
1424 1983 1476 2038 in
1504 1988 1722 2059 scriptis
1749 1993 2082 2064 miserimus,

503 2051 610 2108 nisi
651 2058 795 2126 quod
843 2059 1059 2120 futuros
1093 2067 1301 2139 legatos
1328 2091 1390 2130 ea
1444 2081 1642 2139 melius
1675 2085 1794 2140 viva
1828 2103 1961 2144 voce
1996 2091 2078 2150 in-

500 2143 784 2206 dicaturos
816 2167 939 2210 esse
969 2161 1300 2227 putavimus.

1159 2291 1420 2352 LXXXV.

495 2367 789 2426 Alexandri
819 2374 885 2428 Il
922 2395 1073 2460 papae
1100 2384 1436 2460 privilegium
1469 2407 1565 2460 pro
1602 2395 1822 2453 ecclesia
1869 2397 2079 2460 Sancta:

1008 2445 1200 2509 Maria:
1231 2445 1570 2517 Fiorcnti'naa.

1085 2545 1268 2614 (Anno
1306 2549 1490 2624 1072.)

499 2622 683 2695 lLut,
712 2628 769 2684 S.
807 2630 1062 2692 Ecclesiae
1089 2637 1818 2789 Florenigtrefllonumenta,
1845 2667 1978 2715 tom.
2022 2659 2072 2730 I,

1131 2726 1254 2784 pag.
1399 2758 1411 2772 .

1131 2726 1254 2784 pag.
1289 2726 1411 2772 107.

564 2788 893 2850 ALEXANDER
914 2798 1224 2870 episcopus,
1250 2788 1441 2864 servus
1457 2825 1740 2870 servorum
1755 2817 1871 2888 Dei,
1891 2818 2076 2880 Pereo

492 2879 675 2935 abbati
732 2886 956 2957 suisque
1016 2895 1428 2954 successoribus
1492 2905 1814 2973 regulariter
1852 2925 2074 2982 promo-

492 2973 681 3029 vendis
710 2975 764 3029 in
799 2989 1121 3049 perpetuum
1152 2986 1383 3043 salutem
1426 3000 1481 3046 et
1505 2973 1871 3066 apostolicam
1911 3002 2074 3058 bene-

495 3066 814 3124 dictionem.

563 3158 702 3213 Cum
748 3161 894 3217 sedis
933 3167 1248 3235 apostolicae
1293 3173 1380 3227 cui
1427 3177 1782 3245 praesidemus
1831 3182 2068 3256 indigni,

487 3250 801 3308 sollicitudo
829 3254 1111 3326 deposcat,
1140 3269 1201 3315 ut
1231 3263 1300 3318 ad
1330 3264 1534 3323 bonum
1557 3271 1909 3330 ecclesiarum
1943 3250 2070 3348 pro;

486 3341 725 3397 videntia
769 3359 918 3425 cur;
947 3357 1151 3405 nostra:
1175 3351 1482 3423 discurrat,
1519 3358 1884 3434 incongruum
1909 3367 2070 3423 nobis

483 3432 667 3488 visum
688 3444 792 3504 est,
817 3439 1038 3507 parcius
1069 3457 1172 3499 nos
1202 3444 1312 3502 illis
1335 3447 1664 3519 impendere,
1692 3432 1815 3526 qua:
1856 3466 2067 3515 tantum

487 3524 552 3578 ad
586 3527 904 3584 monasticae
926 3531 1206 3604 religionis
1249 3538 1429 3594 studia
1473 3524 1731 3598 videntur
1766 3547 2064 3602 attendere.

487 3614 600 3671 Hac
644 3633 774 3689 ergo
825 3636 1012 3690 causa,
1058 3632 1174 3683 tum
1221 3629 1385 3684 etiam
1433 3635 1855 3692 reverentissimi
1905 3647 2068 3711 atque

485 3707 818 3764 sanctissimi
861 3713 1103 3786 episcopi
1145 3716 1292 3772 Petri
1331 3719 1586 3778 Damiani
1631 3723 1966 3796 Hostiensis,
2013 3739 2068 3786 et

483 3799 780 3854 cardinalis
817 3804 991 3858 nostri
1035 3805 1342 3865 interventu
1402 3827 1467 3867 ac
1505 3815 1794 3874 dilectione
1833 3821 2066 3891 plurima

485 3891 747 3959 precibus.
786 3909 1124 3970 suorumque
1173 3903 1542 3974 confratrum,
1593 3909 1674 3966 sic
1729 3927 1891 3969 aures
1951 3904 2068 3971 ani-

485 3993 749 4050 mumque
805 3983 1174 4058 deﬂectimus,
1225 4002 1286 4048 ut
1345 4000 1600 4071 praecepti
1649 4005 1824 4060 nostri
1883 4007 2066 4079 vigore

484 4072 730 4128 omnium
758 4081 1171 4146 possessionum
1214 4085 1341 4157 jura
1387 4089 1561 4159 ipsius
1591 4098 1904 4152 monasterii
1963 4100 2064 4154 do-

482 4167 654 4225 minio
677 4172 1151 4235 conlirmaremus.
1184 4179 1524 4241 Auctoritate
1561 4187 1728 4259 igitur
1765 4194 2062 4262 apostolica

425 4319 430 4324 ,
481 4271 670 4318 nostra
694 4268 885 4322 statuit
907 4269 1219 4342 inﬁrmitas,
1246 4286 1306 4331 ut
1327 4279 1645 4347 praedictum
1669 4287 2062 4343 monasterium

483 4351 540 4406 S.
591 4354 774 4412 Mariae
833 4359 1161 4421 Florentinte
1218 4368 1456 4427 civitatis
1507 4388 1700 4430 secure
1763 4387 1817 4433 et
1883 4381 2063 4451 quiete

480 4443 704 4512 habeat,
774 4449 1110 4526 ﬁrmiterque
1177 4467 1395 4528 teneat,
1445 4464 1709 4537 quidquid
1761 4443 2062 4542 antiquitus

479 4532 671 4588 habuit
718 4541 1032 4612 tenuitque,
1069 4549 1152 4601 vel
1197 4549 1344 4618 justo
1389 4532 1479 4607 illi
1507 4532 1852 4628 competunt,
1891 4532 1975 4616 vel
2007 4562 2060 4620 in

477 4632 758 4692 posterum
783 4640 869 4685 est
897 4633 1230 4694 habiturum.
1265 4640 1524 4699 Castrum
1552 4647 1758 4703 scilicet
1799 4651 1866 4705 de
1909 4650 2060 4708 Viclo

476 4733 601 4772 cum
636 4730 809 4787 curte,
847 4733 901 4778 et
935 4728 1186 4795 ecclesia,
1213 4743 1266 4788 et
1315 4737 1570 4792 omnibus
1616 4743 2058 4809 possessionibus

477 4809 541 4863 ad
567 4826 693 4866 eum
719 4816 1147 4889 pertinentibus;
1173 4834 1413 4881 castrum
1441 4829 1508 4884 de
1531 4827 1716 4901 Signa,
1746 4843 1800 4888 et
1839 4836 2053 4891 tertiam

476 4912 686 4970 partem
716 4909 886 4964 castri
936 4911 1004 4966 de
1044 4911 1307 4974 Crumulo
1348 4935 1474 4974 cum
1521 4923 1750 4978 ecclesia
1787 4933 1841 4979 et
1889 4928 2053 4996 perti-

475 4995 674 5053 nentiis
723 5014 938 5071 eorum.
969 5003 1192 5062 Curtem
1227 5010 1293 5064 de
1342 5010 1516 5068 Greve
1555 5031 1680 5070 cum
1726 5019 1954 5074 ecclesia
1993 5019 2050 5075 S.

476 5084 723 5156 Martini,
749 5095 1073 5168 caeterisque
1097 5103 1538 5170 possessionibus
1581 5107 1715 5161 suis.
1751 5107 2052 5184 Ecclesiam

477 5174 663 5233 Sancti
686 5181 1065 5244 Bartholomaei
1090 5208 1211 5246 cum
1249 5204 1423 5261 curte,
1463 5206 1517 5251 et
1549 5206 1750 5253 terram
1785 5199 2054 5259 Benzonis

472 5275 528 5320 et
549 5267 706 5326 A1222
732 5278 922 5332 uxoris
965 5279 1116 5340 ejus.
1160 5284 1226 5338 de
1262 5284 1468 5340 Radda.
1500 5286 1726 5340 lnsuner
1753 5298 1808 5340 et
1825 5299 2039 5340 terram.

1787 232 2186 293 ALEXANDRI
2221 241 2261 295 ll
2301 242 2502 300 ΡΑΡιΕ
2593 265 2598 270 ‘

2199 461 2410 520 partem
2465 473 2589 516 cum
2641 461 2889 519 ecclesiis
2923 475 2977 520 et
3027 468 3443 539 pertinentibus,
3469 488 3566 528 seu
3611 478 3779 545 perti—

2201 548 2402 606 nentiis
2437 552 2768 611 suis.........
2806 561 3124 616 monasterii
3165 563 3546 632 pertinentem.
3591 567 3778 625 Eccle-

2200 633 2338 692 siam
2371 635 2557 697 Sancti
2581 640 2790 700 Nicolai
2833 646 2887 701 in
2931 663 3129 722 campo
3163 651 3400 709 Clareuti
3441 672 3565 716 cum
3601 668 3779 727 curte,

2200 726 2576 802 dominicatis,
2599 737 3043 808 proprietatibus,
3083 751 3137 796 et
3166 745 3420 802 omnibus
3457 726 3781 818 adjacentiis

2197 818 2370 876 eidem
2401 827 2819 894 pertinentibus.
2872 832 3128 889 Castrum
3163 834 3230 890 de
3263 833 3619 896 Collcmontis
3653 857 3780 898 cum

2198 922 2351 968 curte
2377 916 2445 970 de
2471 916 2650 986 Fosci,
2683 931 2738 977 et
2759 924 3016 982 omnibus
3058 928 3473 998 pertinentibus,
3511 941 3566 988 et
3606 935 3778 1003 perti-

2198 1007 2399 1063 nentiis
2443 1009 2546 1066 sibi
2602 1017 3061 1086 competentibus;
3120 1030 3329 1078 curtem
3391 1022 3589 1081 Azzexi
3649 1043 3776 1084 cum

2197 1098 2644 1171 proprietatibus,
2668 1107 2986 1179 ueterisque
3014 1113 3454 1181 possessionibus
3493 1116 3629 1172 suis.
3667 1117 3774 1173 Ca-

2199 1197 2372 1245 strum
2424 1191 2709 1252 Bibianum
2759 1214 2885 1254 cum
2929 1210 3084 1258 curte
3134 1213 3188 1260 et
3247 1206 3498 1275 ecclesia,
3549 1217 3604 1264 et
3648 1226 3777 1280 pro-

2198 1280 2520 1350 prietatibus
2549 1287 2614 1342 ad
2635 1305 2754 1345 eam
2781 1292 3196 1362 pertinentibus.
3221 1295 3520 1355 Ecclesiam
3546 1299 3604 1355 S.
3627 1299 3778 1356 Mar.

2199 1372 2300 1427 tini
2344 1374 2400 1430 in
2451 1376 2572 1433 loco
2625 1379 2931 1440 Conﬂuenti
2982 1401 3106 1442 cum
3161 1389 3584 1458 proprietatibus
3634 1393 3774 1448 suis.

2203 1462 2500 1523 Ecclesiam
2553 1469 2609 1526 S.
2666 1471 2884 1529 Martini
2935 1475 3076 1532 infra
3138 1479 3406 1535 civitatem
3432 1523 3449 1548 ,
3516 1499 3640 1554 qua:
3692 1495 3775 1540 est

2198 1555 2352 1626 juxta
2379 1560 2719 1630 praelibatum
2757 1568 3178 1636 monasterium,
3216 1587 3342 1625 cum
3374 1573 3631 1631 omnibus
3663 1583 3778 1631 ter-

2201 1649 2298 1716 ris,
2325 1649 2491 1718 casis,
2514 1653 2880 1724 dominicatis,
2902 1661 3342 1730 proprietatibus,
3355 1672 3410 1718 et
3429 1665 3778 1734 pertinentiis

2380 1741 2682 1802 Ecclesiam
2729 1747 2785 1804 S.
2823 1749 3040 1806 Martini
3075 1752 3128 1807 in
3177 1752 3440 1821 Mensula,
3471 1773 3597 1813 cum
3650 1773 3776 1813 om-

2395 1836 2556 1893 terris
2596 1846 2650 1894 et
2699 1842 3047 1910 pertinentiis
3087 1845 3262 1900 eidem
3312 1850 3771 1918 competentibus.

2185 1925 2407 1982 Curtem
2432 1931 2640 1987 montis
2662 1930 2880 1989 Domini
2897 1951 3022 1990 cum
3047 1937 3307 1994 omnibus
3338 1940 3776 2010 pr0prietatibus

2183 2029 2237 2073 et
2264 2021 2705 2089 possessionibus
2743 2025 2810 2080 ad
2832 2040 2954 2081 eam
2992 2028 3405 2096 pertinentibus.
3433 2030 3656 2087 Curtem
3703 2031 3775 2089 de

2182 2109 2426 2166 Mandria
2465 2128 2588 2167 cum
2616 2115 3062 2186 pr0prietatibus,
3096 2121 3458 2192 omnibusque
3497 2123 3770 2190 adve'nti-,

2182 2202 2274 2257 tiis
2319 2203 2456 2258 suis.
2492 2203 2717 2261 Terram
2753 2205 3002 2276 Joannis,
3039 2209 3139 2268 ﬁlii
3159 2210 3350 2279 Teudi,
3383 2229 3507 2269 cum
3537 2216 3683 2271 casis
3715 2226 3774 2272 et

2179 2293 2555 2363 dominicatis,
2617 2300 2938 2371 exterisque
2994 2305 3434 2372 possessionibus
3499 2315 3555 2362 et
3633 2323 3770 2379 pro-

2178 2385 2525 2454 prietatibus,
2590 2388 2735 2444 sicut
2786 2406 2884 2461 per
2939 2392 3244 2451 chartulam
3308 2396 3653 2465 oﬂ‘ersionis,
3711 2409 3771 2458 et

2177 2475 2489 2533 donationis
2530 2479 2774 2549 ejusdem
2821 2480 3049 2539 Joannis
3081 2486 3251 2553 (ilius,
3279 2495 3334 2542 et
3361 2487 3547 2545 Mariae
3585 2500 3771 2547 mater

2174 2564 2315 2635 ejus,
2368 2570 2703 2624 monasterio
2758 2572 3095 2631 obtulerunt.
3144 2575 3442 2634 Ecclesiam
3496 2579 3554 2635 S.
3616 2581 3768 2638 Laus

2175 2656 2335 2714 nentii
2356 2655 2412 2712 in
2441 2656 2628 2731 Signa,
2655 2678 2780 2733 quae
2800 2664 3068 2722 libellario
3091 2670 3312 2725 nomine
3333 2672 3403 2728 ab
3437 2674 3763 2746 episcopatu

2174 2758 2255 2804 est
2295 2751 2581 2822 acquisita.
2631 2754 2930 2815 Ecclesiam
2963 2760 3020 2816 S.
3044 2761 3265 2821 Proculi
3296 2782 3419 2822 cum
3455 2770 3620 2825 terris
3643 2773 3765 2829 suis

2173 2851 2226 2896 et
2261 2843 2512 2902 domibus
2546 2848 2691 2905 circa
2728 2865 2806 2905 se.
2837 2850 3063 2909 Terram
3099 2872 3338 2928 quoque,
3370 2868 3423 2914 et
3447 2869 3764 2932 sterpetum

2174 2934 2226 2988 in
2262 2936 2424 3005 podio
2455 2936 2795 3011 Rivil‘rigidi,
2847 2959 2969 3016 qua:
2999 2955 3052 3002 et
3092 2946 3284 3004 Carcia
3332 2950 3552 3008 dicitur.
3595 2953 3762 3010 Deci-

2172 3041 2316 3080 mam
2353 3027 2419 3082 de
2441 3037 2593 3084 curte
2620 3029 2792 3098 Viclo,
2824 3049 2991 3104 quam
3022 3037 3092 3092 ab
3125 3039 3442 3112 episcopatu
3474 3058 3574 3113 per
3598 3044 3761 3100 libel-

2176 3116 2287 3172 lum
2347 3126 2506 3174 tenet.
2558 3120 2837 3178 Deeimam
2886 3141 3051 3196 quam
3081 3127 3256 3185 Guido
3305 3129 3762 3192 Vulterannensis

2170 3209 2459 3279 episcopus
2526 3228 2624 3282 per
2674 3214 2982 3274 chartulam
3045 3219 3352 3279 oll‘ersionis
3417 3228 3762 3283 monasterio

2170 3300 2387 3355 obtulit.
2439 3300 2867 3362 Decimationem
2910 3318 3099 3379 teme,
3133 3327 3255 3383 quae
3283 3312 3477 3370 Micina
3528 3317 3756 3388 dicitur,

2167 3398 2222 3444 et
2255 3391 2674 3450 decimatiouem
2699 3399 2870 3455 curtis
2897 3399 3155 3456 Citerani.
3181 3403 3386 3460 Praeter
3419 3405 3534 3461 haec
3565 3411 3758 3467 omnia

2168 3479 2569 3539 interveniente
2595 3483 2758 3541 Petro
2790 3489 3069 3565 episcopo,
3093 3500 3146 3546 et
3173 3493 3434 3552 cardinali
3464 3505 3681 3564 nostro,
3701 3508 3760 3555 et

2166 3570 2327 3629 Petro
2350 3573 2558 3646 praefati
2583 3581 2902 3637 monasterii
2927 3585 3223 3640 venerabili
3245 3586 3442 3641 abbate
3467 3603 3597 3643 cum
3630 3604 3756 3643 om.

2166 3666 2328 3721 nibus
2353 3667 2721 3727 confratribus
2760 3673 2896 3740 suis,
2930 3674 3304 3745 adjudicamus
3352 3688 3407 3734 et
3451 3681 3754 3736 conﬁrma-

2166 3774 2290 3814 mus
2313 3775 2650 3833 quaecunque
2670 3762 2928 3834 hospitati
2953 3767 3218 3838 praelibati
3250 3772 3571 3827 monasterii
3595 3781 3753 3830 extra

2165 3850 2392 3921 etjuxta
2423 3861 2641 3925 portam
2670 3857 2887 3926 posito,
2926 3859 3074 3929 quod
3132 3861 3248 3930 ipse
3286 3861 3481 3918 Petrus
3523 3879 3753 3919 venem

2165 3942 2292 4002 bilis
2330 3943 2521 4014 abbas,
2557 3946 2642 4002 vel
2683 3947 2803 4018 ejus
2836 3950 3266 4020 praedecessores
3291 3955 3358 4009 ad
3397 3971 3561 4011 usum
3607 3973 3749 4028 pau-

2163 4050 2378 4106 perum,
2405 4045 2462 4094 et
2494 4040 2908 4111 peregrinorum
2952 4058 3051 4114 per
3083 4045 3384 4104 chartulam
3431 4047 3747 4103 donationis

2165 4143 2290 4183 eum
2341 4129 2456 4185 suis
2501 4129 2760 4188 fratribus
2813 4135 3174 4204 contulerint,
3213 4138 3442 4206 scilicet,
3498 4139 3744 4196 decima-

2165 4221 2368 4276 tionem
2393 4222 2460 4278 de
2490 4221 2662 4290 Viclo,
2680 4226 2820 4280 etde
2843 4225 3034 4293 Greve,
3068 4237 3122 4286 et
3149 4230 3214 4285 de
3238 4229 3424 4302 Signa,
3447 4231 3515 4287 de
3539 4231 3744 4288 Palude

2167 4328 2305 4368 nova
2349 4324 2404 4369 et
2439 4323 2641 4382 vetere,
2677 4326 2980 4392 creteraque
3005 4323 3208 4388 omnia,
3249 4337 3372 4392 quae
3404 4323 3458 4379 in
3491 4324 3745 4381 chartula

2165 4402 2476 4462 donationis
2512 4408 2716 4478 scripta
2752 4417 2907 4476 sunt;
2951 4418 3007 4466 et
3068 4427 3407 4484 quaecunque
3455 4416 3744 4488 largitione

2163 4494 2402 4552 ﬁdelium
2457 4496 2512 4552 in
2564 4508 2888 4570 perpetuum
2942 4511 3028 4560 est
3072 4504 3346 4560 habitura.
3409 4506 3736 4564 Potestatem

2161 4585 2326 4640 etiam
2377 4601 2741 4660 quoscunque
2782 4598 3030 4648 mortuos
3074 4595 3368 4664 recipiendi
3403 4599 3736 4654 monasterio

2159 4678 2335 4734 eidem
2359 4681 2730 4761 concedimus,
2755 4699 2818 4739 ac
2848 4685 3159 4754 sepeliendi.
3192 4687 3250 4741 Si
3281 4689 3501 4758 quidem
3524 4691 3735 4761 episco-

2158 4787 2288 4840 pum
2337 4758 2668 4829 Florentinae
2698 4776 2936 4832 civitatis
2987 4777 3232 4837 Romana
3266 4779 3506 4838 Ecclesia
3547 4758 3732 4837 catho-

2157 4864 2321 4920 licum
2368 4864 2648 4933 habuerit,
2685 4869 2982 4938 quamlibet
3034 4873 3502 4928 consecrationem
3549 4875 3620 4929 ab
3669 4889 3732 4929 eo

2157 4957 2411 5027 recipiat;
2476 4960 2623 5031 quod
2690 4959 2738 5014 si
2804 4971 3090 5032 suspectus
3157 4963 3417 5021 Ecclesia;
3475 4964 3732 5021 Romana:

2155 5054 2342 5125 fuerit,
2370 5057 2646 5114 licentiam
2673 5061 2888 5132 petendi
2921 5075 3302 5134 quemcunque
3333 5065 3609 5122 meliorem
3635 5066 3730 5122 hr

2155 5156 2298 5212 beat.
2329 5157 2456 5213 Haec
2483 5160 2670 5215 omnia
2713 5161 2787 5215 ita
2838 5162 3249 5230 confirmamus,
3297 5163 3371 5220 ita
3416 5167 3726 5231 statuimus,

2155 5256 2228 5312 ita
2265 5259 2542 5314 observari
2575 5260 2943 5332 praecipimus,
2969 5271 3030 5317 ut
3057 5264 3239 5319 nullus
3274 5281 3389 5332 rex,
3414 5267 3542 5331 dux,
3577 5281 3726 5322 mar-

2189 1833 2352 1891 nibus
