4022 5340
178 294 336 358 κω

1344 287 1706 353 Εριετοιλῖ
1741 296 1830 352 ET
1870 294 2285 356 ῡιΡιοΜᾹτΑ.

3326 300 3475 396 ίδῗξ

172 415 529 476 venerabilis
561 386 752 481 abbas,
797 385 865 470 et.
879 427 1074 470 omnes
1112 428 1462 471 successores
1493 416 1550 471 in
1577 428 1774 487 perpe~
1803 412 1851 470 Α
1877 430 2004 473 nam
2017 415 2467 488 ,‘sollicitudmem
2500 412 2886 472 salvandarum
2922 396 3250 486 animarum,
3278 385 3469 475 Ecclc;

177 519 377 578 tuum,
389 510 636 567 omnium
652 523 818 579 supra
849 506 1258 562 nominatorum
1274 502 1398 577 jura
1414 506 1602 579 quiete
1622 514 1677 563 et
1698 522 1780 562 se-

177 618 331 662 cure
354 600 699 673 possideant,
740 607 963 655 teneant
999 598 1422 665 rationabiliter,
1454 600 1781 672 regulariter

176 696 511 766 disponant,
536 709 637 750 nec
653 707 896 764 unquam
928 692 997 747 ab
1019 707 1210 747 eorum
1232 691 1477 748 dominio
1501 693 1778 759 recedant,

179 787 286 844 sed
330 786 581 843 omnium
612 785 901 843 hominum
928 786 1141 846 sublata
1183 786 1592 858 perturbatione
1623 786 1780 844 ﬁrma

178 892 416 949 semper
464 884 838 949 permaneant.
874 874 1001 932 Hzec
1043 884 1247 936 statuta
1296 877 1473 934 nostri
1516 877 1782 951 privilegii

178 970 501 1041 apostolica
548 969 873 1029 auctoritate
902 968 1133 1025 ﬁrmavi.
1181 968 1240 1025 Si
1265 970 1391 1041 quis
1429 985 1568 1027 ausu
1611 979 1784 1027 teme—

177 1062 345 1117 rario
404 1062 720 1129 violaverit,
781 1078 847 1118 ex
879 1070 1034 1133 parte
1082 1060 1300 1117 Domini
1359 1063 1780 1134 omnipotentis,

176 1150 400 1220 Patris,
446 1160 502 1209 et
527 1151 682 1219 Filii,
718 1160 773 1209 et
807 1151 1047 1223 Spiritus
1093 1153 1291 1220 sancti,
1340 1153 1784 1209 excommunica-

178 1242 363 1301 tionis
392 1250 448 1300 et
472 1243 721 1314 perpetui
750 1244 1112 1300 anathematis
1141 1258 1252 1300 non
1274 1243 1485 1301 dubitet
1512 1261 1571 1301 se
1607 1261 1784 1317 usque

178 1334 253 1390 ad
295 1335 746 1396 emendationem
796 1335 1032 1393 vinculis
1082 1337 1479 1395 innodandum.
1520 1337 1784 1409 Quisquis

176 1441 322 1484 vero
360 1428 564 1484 horum
590 1430 861 1497 omnium,
886 1445 1010 1501 quae
1038 1445 1207 1502 supra
1240 1432 1557 1503 statuimus,
1588 1431 1783 1487 obser-

177 1528 349 1576 vator
408 1520 721 1589 exstiterit,
773 1521 1080 1577 benedictio
1129 1520 1225 1578 Dei
1273 1523 1684 1595 omnipotentis,
1731 1530 1787 1579 et

178 1612 488 1675 beatorum
531 1611 681 1669 Petri
715 1622 771 1670 et
809 1612 966 1669 Pauli
1010 1615 1410 1686 apostolorum,
1457 1632 1625 1688 super
1657 1630 1783 1671 eum

180 1708 338 1764 velut
384 1708 702 1770 uberrimus
746 1708 920 1767 imber
962 1710 1181 1767 caelitus
1225 1706 1434 1779 inﬂuat,
1465 1719 1521 1768 et
1559 1710 1785 1768 haeredi-

188 1809 362 1867 tatem
402 1800 647 1858 caelestis
673 1803 860 1874 gloria:
880 1812 1147 1877 perpetuo
1163 1804 1289 1876 jure
1318 1805 1615 1877 possideat.

186 2011 497 2078 Δια-ταπεινῦ
551 2012 618 2073 ΙΙ
675 1919 1148 2099 praelii-33;:
1198 2014 1423 2076 ecclesia
1469 2014 1623 2073 Petri
1668 2013 1784 2070 Da-

890 2086 1078 2143 mlani.

735 2177 916 2250 (Anno
975 2176 1262 2250 ωδε-72.)

593 2268 810 2344 [MARS],
843 2269 1050 2327 Concil.
1076 2268 1240 2337 XIX,
1272 2269 1426 2347 972.]

264 2362 601 2423 Ansxsuneu
629 2363 941 2435 episcopus,
957 2379 1151 2420 servus
1199 2377 1486 2418 servorum
1518 2360 1639 2429 Det,
1669 2377 1792 2418 om-

196 2452 360 2510 nibus
393 2452 724 2526 Eugubinis,
751 2456 898 2512 clero
922 2464 977 2513 et
1004 2456 1228 2528 populo,
1260 2453 1513 2512 ﬁdelibus
1546 2454 1796 2512 videlicet

197 2541 389 2601 Sancti
436 2543 611 2616 Petri,
636 2546 871 2604 salutem
934 2556 991 2606 et
1042 2546 1405 2621 apostolicam
1456 2546 1795 2603 benedictio-

197 2653 342 2693 nem.

262 2727 386 2786 Non
433 2729 656 2803 ignorat
704 2740 895 2788 sancta
944 2740 1129 2788 vestra
1176 2730 1419 2799 devotio,
1451 2711 1802 2788 dilectissimi

199 2819 400 2880 fratres
432 2832 490 2879 et
517 2823 636 2892 ﬁlii,
661 2824 791 2896 quia
812 2825 1099 2881 ecclesiam
1137 2818 1451 2881 charissimi
1502 2821 1689 2881 fratris
1745 2829 1802 2878 et

203 2914 519 2988 cocpiscopi
538 2916 713 2974 nostri
741 2916 895 2974 Petri
922 2915 1194 2985 Damiani,
1221 2916 1275 2971 in
1289 2917 1435 2972 beati
1452 2915 1619 2973 Lucas
1637 2928 1800 2970 evan-

203 3007 408 3077 gelista:
430 3008 658 3066 nomine
684 3017 1089 3078 consecratam,
1112 3025 1216 3065 nos
1237 3009 1292 3063 in
1312 3008 1459 3065 beati
1478 3006 1627 3067 Petri
1659 3020 1794 3077 apo-

1881 508 2018 564 siam
2046 516 2199 564 tuam
2219 508 2557 579 temporibus
2598 508 2762 564 etiam
2804 507 2964 565 bonis
2984 507 3240 565 decenter
3266 510 3467 583 κρηπίς

1876 613 2035 666 nare,
2064 606 2121 655 et
2144 599 2520 656 thesaurizare
2548 598 2963 672 perpendimus;
2990 599 3290 665 secundum
3320 603 3473 673 quod

1880 706 2046 747 omne
2066 706 2206 762 opus
2227 691 2434 751 bonum
2455 706 2525 748 ex
2552 692 2661 747 ﬁne
2686 705 2792 747 suo
2812 691 3109 747 maximam
3135 692 3352 749 laudem
3375 708 3473 750 ea.

1878 782 1961 854 pit
1980 791 2035 839 et
2057 782 2343 858 premium
2368 824 2383 840 .
2410 824 2425 840 .
2453 825 2468 840 .
2496 824 2511 841 .
2537 824 2552 839 .
2581 825 2596 839 .
2625 798 2690 840 ea
2718 799 2826 855 qua
2853 783 3067 841 cunctis
3086 784 3361 842 debitores
3381 803 3470 843 sua

1881 890 2008 931 mus
2069 875 2337 933 charitate
2391 883 2448 932 et
2484 875 2872 933 sollicitudine
2918 875 3267 936 dilectionem
3316 885 3471 934 tuam

1881 968 2163 1025 exhortari
2183 967 2459 1036 volumus,
2481 967 2618 1025 utin
2640 969 2923 1041 proposito
2944 969 3214 1025 honorum
3237 984 3477 1042 operum

1883 1058 2161 1117 indefesso
2185 1061 2387 1118 sudore
2409 1069 2465 1117 et
2493 1059 2816 1133 infatigabili
2851 1062 3054 1118 virtute
3086 1062 3371 1134 persistas,
3414 1072 3472 1119 et

1882 1152 1951 1210 de
1998 1152 2203 1210 virtute
2249 1154 2306 1209 in
2335 1152 2595 1210 virtutem
2641 1169 2739 1225 per
2767 1154 3199 1211 misericordiam
3251 1153 3475 1217 Domini

1884 1245 2246 1303 consolatorie
2284 1255 2341 1302 et
2377 1244 2765 1303 confortatoris
2804 1248 3126 1315 ascendens,
3167 1246 3474 1307 Ecclesiam

1883 1346 1995 1394 tua;
2032 1338 2411 1411 gubernationi
2448 1338 2704 1394 traditam
2731 1381 2747 1406 ,
2796 1339 2939 1396 sicut
2977 1341 3156 1397 bonus
3197 1349 3385 1413 pastor
3417 1349 3474 1402 et

1884 1437 2068 1487 rector
2100 1429 2288 1487 valeas
2319 1439 2707 1503 argumentare
2734 1437 2789 1487 et
2802 1430 3108 1502 sublevare,
3144 1440 3198 1489 et
3217 1433 3471 1505 specula-

1886 1529 2006 1578 tore
2018 1521 2233 1577 munire
2252 1530 2308 1578 et
2326 1536 2395 1577 ex
2417 1520 2534 1579 suis
2546 1523 2714 1594 iustis
2734 1521 3086 1581 facultatibus
3105 1524 3179 1581 ita
3192 1533 3478 1582 exstruere

1887 1612 2111 1672 studeas
2131 1622 2375 1685 quantus
2395 1613 2612 1686 expleto
2633 1628 2801 1672 cursu
2826 1614 2993 1687 hujus
3022 1617 3285 1688 temporis
3303 1617 3358 1673 in
3381 1618 3475 1672 illo

1886 1703 2166 1760 consortio
2192 1703 2352 1761 ianus
2387 1704 2588 1761 ascribi
2629 1705 2833 1773 valeas,
2870 1706 3073 1778 quibus
3118 1722 3225 1763 vox
3252 1707 3475 1779 superni

1815 1765 1859 1823 Β
1885 1793 2096 1853 Iudicis
2115 1796 2327 1853 dictura
2350 1804 2467 1853 est:
2495 1792 2677 1852 Venite
2700 1794 2771 1851 ad
2788 1765 3084 1865 me,.omaes
3099 1798 3191 1871 qui
3218 1765 3477 1854 laboratis

1884 1896 1937 1943 et
1965 1888 2173 1943 onerati
2200 1888 2349 1956 estis,
2375 1894 2426 1943 et
2462 1903 2557 1959 ego
2588 1888 2828 1958 reficiam
2870 1905 2961 1945 eos
2993 1888 3210 1962 (Hault.
3243 1906 3322 1957 xt,
3356 1889 3474 1963 28).

1887 1976 1963 2035 Ut
1990 1985 2175 2036 autem
2196 1980 2483 2051 praesentis
2512 1978 2720 2035 laboris
2754 1978 2968 2037 fructus
3000 1989 3056 2036 et
3073 1980 3339 2049 studium,
3363 1989 3480 2038 tam

1886 2071 1947 2128 in
1973 2070 2086 2131 vita
2132 2080 2226 2129 tua
2277 2087 2444 2143 quam
2470 2078 2597 2142 post
2616 2070 2828 2128 obitum
2859 2079 3036 2138 tuum,
3065 2072 3319 2142 prmsidio
3355 2087 3483 2144 apo-

1891 2164 2100 2221 stolicae
2120 2162 2454 2222 delensionis
2480 2163 2791 2230 roboretur,
2814 2171 2871 2220 et
2896 2164 3145 2219 obtineat
3178 2164 3480 2236 probabili-

1888 2265 2060 2315 tatem
2084 2258 2232 2330 quod
2267 2258 2324 2313 in
2375 2264 2656 2328 posterum
2704 2255 2968 2323 elevetur,
2987 2257 3143 2327 juxta
3186 2266 3374 2312 votum
3427 2266 3483 2314 et

1891 2350 2324 2422 postulationem
2363 2357 2540 2417 tuam,
2577 2346 2906 2417 Ecclesiam,
2954 2348 3043 2405 cui
3069 2347 3182 2405 Deo
3223 2348 3484 2421 dignante

1893 2456 2129 2514 praeesse
2160 2439 2520 2513 dignosceris,
2555 2438 2611 2495 in
2655 2439 2750 2512 jus
2795 2446 2852 2497 et
2900 2440 3125 2496 tutelam
3168 2429 3483 2524 apostolica;

1894 2512 2239 2591 defensionis,
2278 2533 2675 2605 suscipientes,
2718 2532 2883 2606 hujus
2921 2541 3128 2591 nostra:
3181 2512 3484 2591 sanctionis

1899 2621 2241 2697 privilegium
2299 2621 2563 2679 benevola
2617 2622 2712 2680 tibi
2761 2625 3120 2682 concessione
3165 2624 3482 2690 tribuimus,

1899 2727 2206 2778 statuentes
2231 2727 2288 2775 et
2314 2717 2702 2777 conﬁrmantes
2733 2727 2796 2776 ut
2831 2720 3045 2790 omnia,
3068 2729 3182 2777 tam
3233 2720 3289 2777 in
3348 2720 3486 2777 locis

1901 2826 2067 2884 quam
2099 2810 2153 2866 in
2191 2809 2442 2877 decimis,
2466 2825 2561 2867 seu
2607 2810 2999 2879 oblationibus,
3031 2812 3262 2883 campis,
3285 2808 3485 2878 vineis,

1902 2901 2094 2974 pratis,
2122 2899 2367 2973 pascuis,
2395 2899 2580 2967 terris,
2603 2901 2891 2969 etcastris,
2911 2901 2997 2957 vel
3034 2901 3367 2973 quibuslibet
3395 2914 3519 2965 ηις,

1905 2994 2010 3051 bus
2028 2993 2178 3066 jnste
2208 2993 2313 3051 sibi
2350 2992 2701 3065 pertinentia,
2724 3008 2938 3049 necnon
2982 3002 3038 3049 et
3079 3006 3145 3050 ea
3198 3008 3321 3066 qua:
3371 2990 3488 3047 Deo

204 3100 472 3158 stolarum
494 3104 761 3176 principis
797 3113 1099 3175 nostraque
1137 3102 1305 3158 tutela
1346 3108 1417 3159 ac’
1456 3099 1791 3157 defensione

1905 3085 2069 3142 dante
2099 3090 2196 3140 tuo
2220 3085 2276 3139 in
2300 3092 2545 3155 tempore
2568 3082 2879 3155 acquisivit,
2903 3084 2987 3139 vel
3013 3083 3350 3155 acquisitura
3378 3088 3485 3152 est,

204 3196 579 3268 suscepimus,
614 3194 765 3253 salva
790 3197 1095 3253 reverentia
1111 3203 1167 3252 et
1188 3195 1424 3253 utilitate
1451 3197 1656 3250 sanctae
1682 3191 1797 3247 Ro-

203 3302 376 3343 mana:
432 3286 717 3357 Ecclesiae,
768 3304 1020 3361 eamque,
1045 3297 1109 3345 ut
1168 3288 1237 3345 ad
1262 3287 1527 3344 orationis
1545 3295 1597 3343 et
1622 3285 1799 3342 sacri-

205 3378 310 3433 ﬁcii
344 3381 582 3454 gratiam
604 3382 785 3455 vigeat
836 3397 902 3438 ac
943 3381 1153 3441 illibata
1180 3387 1520 3453 permaneat,
1553 3394 1622 3435 ex
1667 3392 1801 3449 apo-

208 3472 411 3531 Stolicae
436 3473 589 3531 sedis
611 3474 935 3531 auctoritate
961 3475 1268 3531 ﬁrmamus.
1298 3471 1642 3545 Quapropter
1675 3470 1800 3543 quia

209 3578 421 3637 cunque
441 3567 767 3639 praedictum
796 3570 1098 3625 oratorium
1129 3568 1374 3640 qualibet
1394 3566 1800 3623 machinatione

210 3656 293 3711 vel
322 3657 507 3723 studio
537 3659 841 3729 destruere,
874 3661 959 3718 vel
978 3661 1255 3720 hostiliter
1277 3660 1598 3733 impugnare
1627 3666 1801 3714 tenta-

211 3749 366 3818 verit,
396 3751 469 3811 ab
494 3753 857 3825 omnipotenti
889 3750 1002 3811 Deo
1030 3771 1095 3811 ac
1133 3737 1298 3831 beato
1333 3748 1507 3810 'Petro
1549 3751 1798 3825 apostolo

212 3845 795 3910 excommunicandum
818 3862 877 3904 se
895 3863 1019 3904 esse
1040 3858 1161 3903 non
1174 3846 1436 3919 ambigat,
1461 3852 1517 3901 et
1537 3859 1713 3916 usque
1727 3840 1797 3898 ad

215 3935 646 3995 satisfactionem
669 3955 970 4012 congruam
988 3939 1391 3999 excludendum
1429 3953 1490 3995 se
1510 3953 1542 3993 a
1585 3934 1795 3995 limini-

218 4026 314 4087 bus
327 4040 532 4089 sanctae
550 4032 815 4098 ecclesiae,
829 4022 994 4104 preut
1008 4032 1233 4104 dignum
1255 4038 1359 4100 est,
1382 4029 1792 4102 perhorrescat:

218 4119 354 4176 sicut
372 4122 506 4179 dicit
527 4125 853 4197 Apostolus;
887 4123 945 4185 Si
967 4126 1083 4197 quis
1109 4122 1358 4197 templum
1381 4114 1479 4178 Dei
1500 4123 1795 4191 violaverit,

220 4210 477 4282 disperdet
513 4216 667 4273 illum
693 4217 833 4274 Deus
863 4217 917 4289 (Ι
946 4217 1070 4275 Cor.
1100 4219 1203 4290 ιιι),
1236 4216 1341 4285 Qui
1380 4214 1667 4287 praefatum
1714 4214 1797 4270 lo-

222 4318 341 4360 eum
370 4316 693 4369 sanctorum
719 4325 821 4381 pro
843 4309 1047 4367 Christi
1106 4324 1293 4371 amore
1332 4308 1582 4374 coluerit,
1612 4315 1668 4364 et
1705 4307 1795 4363 inm

225 4401 542 4457 temeratum
569 4411 731 4475 atque
757 4402 1086 4463 incolumem
1117 4416 1333 4463 servare
1355 4400 1646 4468 studuerit,
1679 4399 1794 4471 ipse

226 4502 457 4562 quoque.
502 4510 601 4567 per
644 4460 1095 4557 intercessionem
1121 4460 1291 4550 “beati
1332 4492 1511 4561 Petri,
1540 4460 1805 4566 templum
1837 4484 1883 4540 Ι)
1907 4460 2177 4517 inm“-

230 4572 427 4638 Christi
453 4584 571 4654 ﬁat,
600 4596 654 4643 et
680 4587 1116 4652 benedictionem
1146 4586 1236 4647 sui
1262 4583 1643 4665 Redemptoris
1688 4588 1805 4644 ha-

233 4671 453 4737 reditate
476 4678 774 4759 possideat.

855 4790 1164 4855 LXXXVII.

241 4872 527 4936 Alexander
552 4881 619 4939 11
652 4851 929 4943 ecclesiam
962 4851 1370 4941 Furconieusem
1399 4851 1651 4945 tuendam
1687 4900 1807 4938 8t“-

1902 3184 1959 3232 et
1978 3175 2165 3231 omnia
2189 3190 2314 3245 qua:
2336 3174 2491 3245 justo
2517 3174 2679 3229 titulo
2703 3189 2800 3245 per
2834 3174 3184 3231 succcdentia
3237 3181 3484 3245 tempora

1903 3265 2106 3322 habere
2138 3264 2453 3337 contigerit,
2489 3271 2546 3321 et
2571 3278 2704 3335 pace
2731 3272 2787 3319 et
2825 3263 3223 3335 tranquillitate
3270 3278 3490 3335 semper

1900 3357 2165 3424 obtineat,
2186 3362 2250 3411 ut
2272 3352 2458 3410 nullus
2493 3352 2815 3424 imperator,
2841 3370 2958 3422 rex,
2995 3355 3128 3422 dux,
3161 3367 3367 3419 comes,
3392 3361 3490 3408 aut

1900 3448 2214 3525 episcopus,
2238 3462 2334 3504 seu
2358 3445 2553 3513 abbas,
2579 3444 2667 3502 vel
2703 3445 2891 3517 aliqua
2926 3459 3164 3518 persona
3206 3443 3489 3501 mularis

1901 3552 1998 3599 aut
2022 3524 2484 3598 ecclesiastieaea
2518 3536 2575 3592 in
2596 3536 2874 3609 aliquibus
2919 3536 3218 3592 molestare
3257 3542 3353 3590 aut
3398 3534 3490 3589 in-

1901 3635 2152 3707 quietare
2170 3632 2262 3689 vel
2306 3630 2533 3689 minime
2576 3629 2805 3696 audeat;
2831 3626 2920 3685 vel
2952 3626 3054 3683 tibi
3087 3626 3349 3698 przedicto
3393 3624 3486 3680 Fr.

1900 3726 2195 3799 Raynerio,
2221 3724 2444 3822 tuisque
2467 3721 2881 3822 successoribus
2906 3719 2961 3822 in
2991 3717 3321 3822 regendiset
3345 3717 3491 3822 obti-

1899 3817 2096 3875 nendis
2138 3802 2555 3890 prmnom'inatte
2598 3811 2896 3884 fceclesiaa,
2935 3810 3101 3867 bonis
3148 3809 3489 3875 violentiam,

1898 3911 1989 3968 vel
2007 3909 2231 3982 aliquod
2261 3908 2712 3981 impedimentum
2738 3920 3089 3978 quocunque!
3130 3902 3298 3959 modo
3342 3903 3495 3973 inge-

1899 4002 2154 4071 rendum,
2185 4000 2389 4058 inferre
2435 4007 2754 4073 praesumat.
2795 3997 2856 4054 Si
2879 3996 3007 4070 quis
3063 4004 3247 4052 autem
3301 4002 3495 4056 contra

1898 4097 2046 4156 hane
2066 4105 2314 4155 nostram
2340 4096 2615 4169 paginam,
2637 4100 2746 4149 etc.

1968 4188 2170 4246 Datum
2230 4187 2399 4243 Reate
2444 4199 2519 4241 xv
2567 4182 2796 4239 Kalend.
2829 4180 3121 4247 Februar.,
3160 4192 3263 4250 per
3295 4193 3496 4236 manus

1895 4278 2045 4336 Petri
2091 4279 2149 4334 S.
2175 4277 2243 4333 R.
2286 4274 2350 4331 Ε.
2380 4272 2565 4347 presb.
2589 4273 2742 4330 card.
2766 4289 2831 4329 ac
2850 4269 3270 4336 bibliothecarii,
3313 4283 3498 4325 annox

1896 4368 2201 4441 pontiﬁcat.
2248 4364 2314 4421 Ι).
2364 4362 2663 4441 Alexandri
2700 4362 2747 4417 il
2795 4376 2968 4435 papae,
3018 4359 3331 4416 Dominicae
3361 4374 3498 4417 vero

2224 4455 2379 4526 1072,
2416 4453 2606 4512 iadict.
2626 4432 3165 4526 septima—[decima].

2557 4562 2745 4621 LXXX
2754 4560 2889 4619 Vill.

1907 4660 2205 4720 Alexandri
2227 4675 2380 4732 papa:
2407 4656 2473 4713 ΙΙ
2496 4654 2829 4800 priuilegium
2852 4669 2949 4726 pro
2975 4654 3292 4737 monasterio
3319 4651 3538 4721 Sancti

2105 4732 2359 4800 Prosperi
2378 4730 2649 4800 Regrensrs
2697 4742 2834 4780 nune
2858 4741 2979 4782 vero
3013 4723 3072 4781 S.
3105 4725 3298 4794 Petrt).

2105 4723 2359 4804 Prospéri
2378 4723 2649 4801 Regimis
2674 4723 2834 4800 (nune
2853 4723 2979 4782 'vero
3013 4723 3072 4781 S.
3105 4725 3298 4794 Petri).

2370 4823 2554 4896 (Anno
2588 4819 2747 4887 1072,
2770 4817 2896 4873 Maii
2930 4817 3045 4889 12.)

2043 4921 2389 4997 [MABGARINL
2416 4912 2629 4971 Bullar.
2656 4912 2865 4978 Casium,
2898 4918 3029 4965 tom.
3056 4909 3121 4976 ll,
3144 4922 3199 4979 p.
3215 4901 3379 4997 ξυμ

1995 4994 2318 5072 Auentinus
2339 5008 2649 5081 episcopus,
2682 5018 2876 5063 servus
2901 4994 3331 5060 servorum‘Dei,
3366 4994 3636 5082 (ιὶιῳ

1906 5109 2176 5169 ctissime
2203 5111 2259 5160 et
2287 5099 2741 5159 reverendissimo
2770 5095 2885 5185 ﬁlio
2917 5091 3307 5185 GlﬁELﬁEkTOt
3323 5084 3678 5185 εὼἊὺ

2320 5193 2554 5240 omnnhii
2619 5187 2803 5232 Rana-li
2858 5183 3114 5226 prmmri
3174 5176 3491 5220 Marone—5

683 4957 1033 5027 possessiones
1056 4957 1355 5027 conﬁrmat,
1374 4964 1578 5026 petente
1603 4948 1809 5028 Regne-

812 5120 993 5195 (Δηηο
1032 5116 1215 5189 1072.)

510 5202 814 5248 mnus-rm.-
878 5213 1029 5248 Anto’n
1079 5208 1182 5246 '1’”,
1254 5205 1322 5248 Vl
1366 5208 1476 5248 100
1506 5209 1525 5248 Ἰ

1904 5198 2257 5246 hama-«hiHi!
