4022 5340
520 260 656 318 ιδιιι
1334 243 1342 251 ’
1683 321 1691 329 ,
1788 254 2078 329 simul

2176 262 2186 319 ι
2223 263 2268 320 ιι
2301 228 2533 322 ΡΑιιΑξ·
2608 277 2613 282 ’
3661 252 3796 315 1572

517 370 915 441 Christianum,
965 370 1131 442 juxta
1176 371 1327 444 quod
1372 373 1531 430 nobis
1577 376 1937 445 commissum
1985 393 2107 435 esse
2134 377 2181 434 A
2204 375 2467 446 capellam
2505 374 2721 432 Sancta:
2758 373 2945 435 Mariae
2978 374 3033 430 in
3079 372 3403 447 Pisignano,
3427 376 3563 442 tum
3595 374 3795 437 oliveto

500 470 765 532 _sonst_at,
814 479 848 536 a
894 463 1124 536 singulis
1162 464 1538 538 provisoribus
1563 465 1931 526 Ecclesiarum
1971 468 2098 538 Dei,
2201 466 2308 523 sibi
2350 467 2648 540 adjacente.
2694 466 2755 535 In
2801 465 3087 539 Vergnam,
3117 467 3259 543 duos
3300 476 3639 535 mansos,,et
3670 478 3794 538 octo

518 563 687 627 prout
705 555 1012 628 cuicunque
1036 571 1231 614 eorum
1263 558 1501 630 expedit,
1533 575 1755 631 sperare
1791 577 1900 617 non
1936 561 2098 625 dubi,-
2201 557 3043 634 mansos,qquosqdedit.Ardicio
3073 558 3217 627 filius
3239 556 3607 632 Attonis,_iilii
3649 557 3792 622 Gan-

518 654 717 719 tamus.
759 646 995 725 Ideoque
1018 648 1149 710 huic
1167 649 1320 721 operi
1339 657 1493 721 tanto
1510 651 1825 724 vigilantius
1845 653 2101 711 insistere

506 737 798 826 debemus,
842 749 1069 811 quanto,
1112 742 1465 817 permittente.
1500 741 1638 815 Deo,
1684 744 2095 802 malefactorum

517 826 780 888 saevitiam
801 831 906 888 hoc
930 839 1175 903 tempore
1195 834 1458 907 adversus
1476 835 1662 895 .ovium
1684 836 1897 905 Domini
1918 848 2100 909 pasto-

514 936 604 991 res
633 922 1116 992 nulloresistente,
1149 924 1841 999 efferatam,'attendimus..

581 1011 1088 1086 Quapropterjusta
1110 1024 1164 1072 et
1185 1016 1392 1074 salubri
1413 1020 1758 1091 suggestione
1803 1029 1918 1089 tua,
1959 1023 2094 1077 clla;-

512 1102 729 1160 rissime
756 1104 927 1161 frater
964 1106 1271 1166 Gisleberte
1293 1110 1453 1176 abba,
1497 1110 1567 1167 ad
1606 1112 1896 1169 utilitatem
1919 1122 2092 1180 tuam,

510 1211 999 1270 successorumque
1031 1208 1250 1273 tuorum
1280 1202 1561 1275 commoti,
1585 1210 1643 1258 et
1659 1205 1976 1261 commoniti
1998 1222 2094 1276 per

507 1286 674 1359 ljujus
719 1298 923 1365 nostra:
969 1292 1288 1363 apostolicae
1339 1295 1745 1357 constitutionis
1796 1297 2088 1368 paginam,

506 1370 900 1440 confirmamus
933 1391 987 1440 et
1034 1385 1456 1443 corroboramus
1501 1387 1797 1451 venerabili
1843 1391 2092 1447 coenobio

507 1471 697 1529 Sancti
714 1473 969 1546 Prosperi
993 1476 1281 1548 Regiensis
1304 1478 1565 1549 episcbpi,
1606 1486 1665 1535 ut
1699 1479 1888 1536 electio
1917 1488 1972 1537 et
1996 1497 2090 1537 ora

502 1564 713 1621 dinatio
757 1567 967 1623 abbatis
1013 1569 1183 1640 ipsius
1223 1572 1540 1638 monasterii
1584 1572 1715 1639 ﬁant
1764 1574 1985 1629 omnino
2012 1590 2092 1632 se-

502 1658 746 1721 cundum
768 1661 1010 1731 regulam
1037 1662 1211 1731 sancti
1235 1661 1530 1729 Benedicti.
1585 1663 1648 1718 Et
1681 1665 1859 1735 quiaa
1884 1674 2088 1723 sanctae

505 1749 897 1823 recordationis
930 1752 1172 1823 domino,
1197 1754 1457 1817 videlicet
1484 1755 1759 1829 Stephano
1781 1775 1934 1829 papa:
1965 1777 2089 1831 san—

503 1840 771 1915 ctissimo,
822 1843 1185 1916 privilegium,
1238 1852 1301 1916 et
1344 1861 1377 1902 a
1432 1846 1759 1911 beatissima:
1809 1850 2087 1907 memoriae

503 1932 780 2013 Conrado,
834 1942 895 1999 et
930 1933 1166 1992 Henrico
1202 1936 1336 2008 ejus,
1372 1938 1494 1994 tilio.
1530 1938 1972 2012 imperatoribus,
2018 1958 2086 2011 ac

504 2026 788 2101 nonnullis.
803 2027 926 2087 aliis
955 2029 1193 2099 regibus,
1217 2039 1506 2102 praecepta,
1539 2040 1647 2089 eta
1676 2033 1972 2106 venerabili
1997 2034 2084 2090 Si-

503 2114 730 2187 gefrido,
764 2126 818 2175 et
840 2117 1131 2176 Adelberto
1159 2122 1430 2192 praedictae
1454 2132 1655 2180 sanctae
1673 2123 1954 2197 Degiensis
1975 2125 2081 2183 Ec.

502 2205 683 2275 etesia:
705 2206 976 2281 episcopis
1009 2209 1248 2279 decreta,
1284 2228 1395 2268 non
1430 2220 1604 2269 totum
1646 2215 1714 2275 de
1760 2215 1878 2286 ipsa
1923 2216 2085 2290 abba;

499 2302 620 2363 tum
662 2297 945 2371 electione,
969 2316 1158 2360 verum
1193 2311 1248 2360 et
1283 2302 1351 2365 de
1370 2304 1623 2362 omnibus
1651 2306 1815 2362 rebus
1838 2307 1940 2379 ipsi
1967 2325 2083 2365 mo-

500 2388 917 2475 nasterio,juste
955 2393 1279 2473 acquisitis,
1305 2395 1406 2464 vel
1431 2397 1774 2467 acquirendis
1808 2407 2079 2466 constant,

500 2482 802 2555 secundum
861 2492 1102 2549 tenorem
1161 2486 1413 2567 illorum,
1470 2497 1526 2547 et
1579 2491 1725 2561 quod
1769 2491 2078 2563 majusest,

499 2572 803 2629 secundum
853 2576 1102 2637 veritatis
1145 2586 1199 2633 et
1237 2576 1464 2655 justitiae
1508 2579 1798 2636 rationem.
1837 2579 1943 2636 Per
1985 2582 2082 2638 bu-

492 2662 588 2743 jns
644 2674 855 2737 nostra,
918 2669 1262 2741 auctoritatis
1345 2670 1697 2746 privilegium.
1757 2674 2081 2746 nominatim

499 2757 870 2825 concedimus,
920 2768 1083 2833 atque
1126 2762 1483 2836 decernimus,
1510 2765 1612 2837 ipsi
1650 2766 1944 2823 venerabili
1976 2783 2082 2824 cte-

500 2847 665 2915 nobio
701 2847 888 2923 sancti
914 2850 1187 2933 Prosperi,
1234 2857 1380 2926 qucd
1423 2857 1479 2911 in
1512 2858 1693 2917 tutela.
1723 2860 1867 2917 beati
1909 2859 2075 2927 Petri,

450 2938 465 2949 ⁸
497 2948 554 3007 et
609 2950 795 3002 nostra
821 2984 836 3011 ,
894 2959 1384 3018 successorumque
1438 2958 1753 3008 nostrorum
1817 2962 2078 3025 perpetuo

500 3032 875 3135 suscipimus,
910 3035 1160 3094 Fundum
1210 3038 1384 3109 ipsius
1422 3042 1663 3098 ecclesiae
1704 3042 1887 3100 Sancti
1938 3044 2075 3102 Pro—
2103 3081 2145 3138 ρ

499 3123 645 3192 speri
701 3125 804 3197 sub
855 3127 988 3184 urbe
1042 3128 1196 3201 Regii
1225 3131 1361 3200 sitae,
1385 3149 1510 3208 eum
1541 3136 1856 3193 coemeterio
1884 3138 2075 3208 ipsius,

498 3223 555 3271 ct
591 3231 789 3273 novem
813 3218 1005 3292 jugera
1028 3230 1211 3291 terrae,
1230 3240 1355 3279 cum
1385 3226 1590 3297 capella
1611 3226 1798 3284 Sancti
1838 3227 2074 3299 Nazarii,

496 3322 664 3377 quam
680 3325 710 3365 a
733 3312 1296 3387 prmposito.ecclesiae
1321 3316 1567 3388 ejusdem
1589 3317 1776 3386 Sancti
1796 3319 2074 3394 Prosperi,

499 3398 642 3457 intra
675 3410 916 3473 castrum
940 3405 1183 3477 ejusdem
1216 3408 1452 3466 civitatis
1487 3409 1619 3479 sita,
1648 3427 1746 3484 per
1774 3422 2077 3473 commuta—

499 3492 701 3565 tionem
720 3494 867 3565 juste
892 3496 1115 3568 factam,
1135 3500 1307 3569 abbas
1325 3543 1340 3570 ,
1362 3501 1457 3572 qui
1494 3509 1625 3559 tunc
1643 3506 1907 3576 temporis
1935 3515 2072 3576 erat,

448 3635 456 3640 .
497 3584 733 3657 accepit;
758 3603 991 3645 necnon
1013 3599 1069 3646 et
1102 3607 1321 3663 omnem
1360 3592 1507 3663 illam
1535 3602 1752 3664 terram
1793 3597 1860 3653 de
1904 3599 2072 3655 corti-

496 3675 651 3743 cella,
672 3677 756 3737 vel
779 3678 833 3735 in
860 3680 1089 3753 circuitu
1123 3683 1295 3752 ipsius
1329 3686 1809 3759 monasterii,qua3
1848 3690 1918 3746 ab
1959 3691 2072 3761 epi-

496 3768 698 3843 scopis,
719 3769 805 3825 vel
825 3772 1105 3834 canonicis
1136 3774 1378 3845 ejusdem
1406 3777 1531 3846 loci,
1559 3779 1644 3836 vel
1674 3796 1706 3835 a
1735 3780 2071 3852 quibuscum

494 3874 601 3928 que
624 3858 895 3929 fidelibus,
912 3862 1027 3938 jam
1052 3865 1197 3939 dicto
1217 3870 1553 3926 monasterio
1571 3872 1697 3927 data
1721 3882 1822 3941 est.
1847 3873 2072 3947 Insuper

493 3949 779 4028 duodecim
804 3968 1029 4017 mansos
1053 3956 1106 4019 in
1135 3956 1394 4027 Fossule,
1437 3970 1675 4032 quatuor
1725 3965 1781 4019 in
1827 3965 2027 4023 l‘alude
2052 4011 2067 4035 ,

491 4048 729 4129 quatuor
756 4043 809 4099 in
840 4044 1239 4121 Campagnola,
1251 4058 1360 4108 tres
1387 4052 1443 4121 in
1464 4051 1785 4129 Quingente,
1814 4074 1983 4123 unum
2010 4061 2068 4127 in

488 4132 818 4206 Curtenova,
851 4154 1020 4217 unum
1044 4140 1101 4197 in
1135 4141 1340 4215 Gurgo,
1364 4160 1535 4215 unum
1575 4146 1632 4202 in
1672 4146 2063 4220 Fossudunde;

487 4227 731 4299 quinque
748 4229 808 4284 in
821 4229 1082 4304 Bagnolo,
1105 4244 1161 4290 et
1179 4237 1384 4307 capella
1408 4235 1627 4309 Sancte,
1640 4238 2066 4313 Mustiolmtcum

486 4318 604 4374 suis
636 4321 995 4390 pertinentiis.
1023 4323 1205 4382 Unum
1256 4345 1512 4386 mansum
1565 4331 1622 4387 in
1677 4333 1935 4391 Crustulo
1972 4354 2066 4394 ve-

2198 651 2410 721 dulpbi,
2432 659 2489 706 et
2515 651 2779 721 capellam
2806 649 2989 707 Sancti
3016 650 3264 727 Damiani
3285 651 3340 719 in
3371 650 3603 715 Medum:
3624 665 3790 719 quam

2198 742 2633 808 deditUbertus,
2662 741 2891 809 Vineam
2932 757 3059 798 cum
3099 751 3307 812 septem
3335 736 3648 801 mansibus.~
3684 741 3789 796 Ca-

2196 835 2397 906 pellam
2419 833 2606 904 Sancti
2629 832 2777 898 P.et_ri
2803 834 2859 889 in
2879 833 3229 900 Convanello,
3243 850 3366 889 cum
3390 835 3649 891 omnibus
3671 835 3787 893 suis

2194 926 2554 999 pertinentiis.
2582 924 2641 980 In
2670 923 2953 996 Spretiano
2975 941 3145 994 unum
3167 940 3440 982 mansum.
3486 924 3545 980 In
3580 924 3786 981 Sancto

2190 1017 2452 1091 ‘Floriano
2501 1033 2691 1084 unum,
2747 1033 2917 1072 unum
2972 1016 3028 1071 in
3091 1025 3288 1095 monte
3319 1016 3692 1084 Baranzonis,
3729 1020 3784 1073 et

2186 1110 2491 1181 quamdam
2519 1116 2729 1181 partem
2763 1107 2820 1163 in
2847 1109 3055 1180 capella
3097 1107 3282 1165 Sancti
3310 1107 3529 1179 Martini
3570 1109 3631 1173 in
3680 1109 3782 1164 Re-

2193 1215 2354 1267 vcre;
2385 1207 2440 1256 et
2468 1208 2705 1271 quatuor
2725 1207 2906 1270 partes
2933 1200 2990 1257 in
3016 1200 3274 1277 praedicta
3294 1199 3502 1267 nevere
3520 1220 3547 1271 ;.
3562 1201 3707 1268 duas
3725 1202 3783 1256 in

2191 1291 2421 1347 ecclesia
2456 1291 2669 1347 Sanctae
2688 1290 2905 1364 Marica;
2934 1307 3099 1359 unam
3122 1292 3178 1347 in
3213 1291 3415 1348 Sancto
3437 1292 3779 1361 Florentino,

2193 1399 2357 1455 unam
2381 1383 2436 1437 in
2459 1382 2516 1440 S.
2541 1382 2867 1452 Laurentio;
2897 1384 3038 1454 duos
3060 1399 3281 1441 mansos
3303 1384 3360 1439 in
3379 1383 3709 1453 Pulianello,
3728 1396 3783 1440 et

2190 1474 2455 1546 quidquid
2477 1476 2615 1530 intra
2651 1474 2903 1543 Italicum,
2931 1476 3140 1547 regium
3174 1476 3323 1547 juste
3347 1476 3713 1547 possidet,vel
3733 1478 3779 1533 si

2191 1582 2301 1621 non
2326 1567 2568 1637 possidet
2585 1567 2730 1638 juste
2748 1567 3033 1638 possidere
3048 1568 3225 1639 debet,
3243 1566 3431 1639 Itaque
3444 1576 3565 1624 tum
3579 1583 3645 1624 ea
3656 1585 3797 1639 qua.

2191 1658 2741 1731 praediximuSLquam
2757 1659 3042 1729 devotione
3058 1674 3513 1732 quorumcunque
3533 1659 3778 1723 ﬁdelium

2120 1728 2161 1795 Β
2182 1728 2330 1819 juste
2354 1728 2902 1822 acquisitadeinceps
2926 1728 3149 1822 fuerint,
3176 1751 3239 1823 in,
3267 1728 3617 1825 perpetuum,
3657 1753 3777 1809 sine

2187 1841 2422 1913 alicujus
2484 1842 2869 1915 inquietudine,
2926 1850 2997 1909 ut
3036 1842 3321 1913 preefatum
3375 1846 3774 1900 monasterium

2187 1931 2290 1987 sub
2310 1931 2475 1987 tutela
2499 1932 2645 2004 beati
2667 1932 2813 1989 Petri
2844 1934 3230 2005 perpetualiter
3268 1936 3624 2007 suscipimus,
3655 1953 3779 2007 pos-

2185 2020 2362 2079 sidere
2382 2023 2694 2094 apostolica:
2727 2025 3052 2091 auctoritate
3077 2027 3377 2083 sancimus.
3426 2026 3570 2083 Illud
3607 2030 3772 2084 etiam

2184 2116 2252 2170 ad
2273 2116 2631 2171 reverentiam
2685 2117 2821 2181 tanti
2868 2116 3205 2175 confessoris
3240 2118 3627 2190 praecipueque
3674 2119 3775 2174 Do»

2183 2207 2338 2275 mini,
2362 2208 2613 2278 praesenti
2645 2209 2987 2281 auctoritate,
3036 2209 3155 2276 tibi,
3184 2209 3541 2276 dilectissime
3571 2210 3646 2266 tili
3674 2210 3767 2266 Gi—

2183 2300 2414 2371 selberte
2453 2299 2594 2356 abba
2617 2342 2632 2368 ,
2658 2301 2874 2372 tuisque
2897 2301 3331 2369 successoribus,
3354 2300 3417 2358 et
3435 2303 3644 2375 quibus
3671 2312 3727 2357 tu
3750 2347 3765 2368 ,

2180 2389 2265 2445 vel
2293 2405 2470 2462 quem,
2489 2390 2789 2461 supradicti
2815 2391 3137 2451 monasterii
3168 2391 3370 2457 fratres
3383 2392 3676 2463 jusserint,
3712 2393 3764 2456 in

2182 2474 2507 2551 sacerdotali
2536 2482 2712 2536 cilicio
2735 2482 2950 2555 positis,
2983 2483 3287 2557 apostolico
3297 2483 3601 2555 privilegio
3633 2500 3765 2539 con-

2180 2572 2426 2627 cedimus
2447 2586 2514 2627 ex
2542 2572 2826 2640 cbarltate,
2859 2588 2983 2644 quae
3006 2572 3149 2627 Deus
3176 2581 3283 2641 est,
3334 2573 3387 2627 in
3410 2573 3613 2628 virtute
3637 2572 3762 2643 Spi-

2181 2663 2319 2719 ritus
2348 2663 2544 2731 sancti,
2575 2663 2900 2735 auctoritate
2951 2664 3095 2736 beati
3122 2663 3268 2733 Petri
3298 2664 3565 2733 cmlorum
3592 2664 3762 2721 clavi-

2179 2754 2313 2826 geri,
2376 2754 2789 2824 c‘onfirmamus,
2838 2763 2899 2810 ut
2950 2755 3165 2826 p0pulis
3219 2772 3316 2827 per
3357 2757 3579 2826 saecula,
3621 2759 3763 2813 unde

2172 2846 2397 2923 quoque
2426 2849 2755 2907 sanctissimi
2781 2847 3114 2907 confessoris
3168 2849 3425 2922 suffragia
3457 2853 3763 2921 expetendo

2177 2946 2667 3012 concurrentibus;
2698 2945 2811 3001 sive
2844 2944 3015 3015 ipsius
3061 2954 3218 2999 terra:
3259 2944 3473 3029 incolis,
3502 2945 3570 3000 ad
3606 2963 3759 3000 eam-

2176 3038 2297 3094 dem
2337 3037 2635 3095 Ecclesiam
2689 3038 3178 3106 convenientibus;
3225 3039 3295 3094 ad
3339 3040 3608 3098 honorem
3668 3041 3757 3096 Dei

2183 3138 2239 3184 et
2294 3130 2598 3189 beatissimi
2638 3129 2894 3201 Prosperi
2956 3129 3291 3197 confessoris
3345 3130 3541 3186 devote
3594 3148 3760 3201 super

2179 3221 2352 3292 ipsius
2381 3222 2552 3278 sacris
2590 3220 2837 3295 reliquiis
2867 3221 3160 3289 solemnes,
3190 3231 3243 3278 et
3273 3222 3524 3297 publicas
3558 3224 3759 3279 missas

2176 3312 2473 3381 celebrare,
2504 3321 2559 3368 et
2579 3329 2718 3391 pane.
2738 3312 2889 3367 verbi
2913 3310 3008 3369 Dei
3030 3329 3126 3369 eos
3149 3298 3388 3385 congrue
3406 3314 3655 3381 reticere,
3683 3328 3761 3372 at-

2175 3418 2281 3473 que
2305 3404 2504 3477 sapius
2532 3403 2909 3478 prmiominati
2940 3403 3157 3472 Domini
3181 3413 3236 3460 et
3280 3406 3465 3477 magni
3510 3409 3757 3475 patroni,

2172 3486 2419 3551 videlicet
2447 3479 2744 3566 beatissimi
2768 3494 3021 3569 Prospcri
3049 3496 3276 3565 meritis,
3301 3503 3356 3552 et
3388 3505 3592 3566 nostra
3619 3514 3760 3569 pne-

2173 3586 2311 3642 senti
2333 3588 2656 3642 auctoritate
2677 3574 2939 3654 roborati,
2967 3602 3157 3642 eorum
3184 3588 3409 3656 devotas
3444 3587 3757 3661 confessio.-

2172 3695 2269 3734 nes
2282 3680 2643 3752 suscipientes
2652 3688 2964 3736 vestrarum
2976 3679 3240 3750 ipsarum,
3264 3682 3610 3753 aliarumque
3628 3701 3755 3751 ora:

2174 3770 2406 3840 tionum,
2439 3787 2755 3828 sermonum
2781 3786 3020 3843 quoque,
3057 3771 3389 3844 vigiliarum,
3415 3774 3751 3845 jejuniorum

2169 3862 2333 3916 etiam
2382 3871 2433 3917 et
2468 3862 2938 3935 eleemosynarum
2969 3862 3075 3919 illis
3105 3864 3589 3921 subministrantes
3613 3885 3753 3937 pne-

2171 3952 2751 4020 sidium;dclictorum
2793 3968 2985 4009 eorum
3018 3954 3411 4025 expiandorum
3454 3958 3761 4016 conferatis

2169 4049 2442 4103 solatium.
2471 4047 2822 4120 Praecipimus
2843 4065 3083 4124 quoque,
3120 4066 3188 4105 ne
3216 4052 3340 4122 quis
3375 4052 3623 4129 ejusdem
3669 4057 3748 4109 ei-

2166 4140 2348 4196 vitatis
2374 4140 2684 4217 episcOpus,
2718 4141 2812 4198 sed
2844 4157 2945 4198 nec
2991 4130 3211 4214 quidem
3268 4144 3469 4214 aliquis
3518 4148 3757 4217 primas,_

2166 4232 2251 4288 vel
2271 4232 2746 4304 metropolitanus,
2775 4241 2871 4288 aut
2911 4234 3168 4307 quaelibet
3210 4234 3401 4308 parva,
3439 4251 3748 4308 magnaque

2165 4326 2536 4390 ecclesiastica
2567 4369 2583 4395 ,
2635 4327 2983 4383 saecularisve
3028 4343 3261 4401 persona
3293 4328 3597 4400 quidquam
3647 4347 3742 4387 ea-

486 4408 609 4476 teri,
634 4427 817 4485 unum,
854 4415 912 4471 in
958 4417 1082 4474 vico
1123 4419 1190 4475 de
1239 4420 1525 4494 Sbregato,
1547 4440 1739 4492 unum
1765 4427 1831 4495 in,
1864 4427 2061 4501 Magno
2093 4436 2138 4491 ι)
2165 4433 2308 4482 Tum.
2336 4434 2459 4488 (Ιιιω
2479 4432 2644 4492 supra
2671 4419 2999 4486 ωιηνίωυεν
3028 4428 3336 4489 Deﬁeriere
3380 4419 3602 4487 audeat:
3651 4421 3743 4477 sed

482 4501 686 4570 casale,
704 4513 759 4559 et
777 4508 985 4577 capella
1016 4508 1200 4567 Sancti
1253 4511 1519 4585 Silvestri,
1561 4532 1688 4574 cum
1725 4519 2059 4577 dominicatu

480 4591 549 4647 de
572 4592 762 4687 eadem
776 4598 902 4653 villa
926 4600 1122 4675 Magno
1154 4607 1353 4662 casale.
1378 4606 1513 4665 Tres
1540 4625 1763 4668 mansos
1789 4612 1843 4667 in
1866 4611 2057 4687 Regio,

2161 4523 2262 4564 nec
2295 4509 2533 4580 aliquam
2580 4517 2902 4580 potestatem
2952 4524 3222 4577 exercere,
3268 4519 3460 4567 contra
3490 4512 3739 4567 eumdem

2159 4606 2401 4653 vestrum
2428 4599 2760 4666 caenobium,
2809 4614 2987 4670 neque
3030 4600 3222 4671 quavis
3248 4602 3560 4667 occasione,
3610 4603 3737 4665 inibi

479 4690 533 4737 et
562 4684 952 4747 dominicatum
985 4692 1155 4766 Regii,
1213 4696 1463 4756 Braidam
1506 4700 1690 4774 Regis,
1733 4710 1788 4758 ει
1835 4684 2053 4761 omna“
2156 4694 2355 4750 missas
2379 4693 2673 4761 celebrare,
2697 4702 2793 4749 aut
2817 4692 3222 4750 ordinationem
3252 4694 3493 4765 aliquam
3516 4715 3529 4762 ;
3553 4714 3661 4767 qua
3678 4715 3747 4750 m-

481 4780 683 4831 terl‘am
741 4780 985 4849 praedicti
1042 4788 1357 4843 monasterii
1409 4790 1555 4855 circa
1608 4794 1854 4849 eamdem
1915 4795 2051 4851 civi-
2151 4787 2234 4843 vis
2271 4786 2673 4858 parvissimam,
2703 4788 2821 4843 sine
2844 4787 3126 4844 voluntate
3175 4787 3393 4842 abbatis
3428 4796 3482 4843 et
3506 4788 3744 4844 fratrum

482 4874 647 4923 tatem
692 4870 872 4928 sitam.
934 4872 1068 4932 Tres
1122 4894 1355 4947 mansos,
1396 4880 1448 4936 in
1512 4880 1737 4939 Rodano
1760 4926 1774 4951 ,
1821 4894 1929 4942 tres
1993 4886 2049 4941 in

480 4957 824 5033 Marmirolo,
885 4981 1052 5039 unum
1098 4968 1154 5024 in
1195 4970 1394 5039 Miano,
1438 4990 1606 5029 unum
1668 4975 1724 5030 in
1778 4976 2053 5045 Bubiano,

481 5067 647 5107 unum
664 5054 719 5108 in
742 5054 933 5126 Piano,
954 5076 1125 5116 unum
1152 5062 1204 5117 in
1228 5062 1530 5131 Mulazano.
1554 5064 1731 5121 Unum
1753 5068 1809 5123 in
1831 5068 2053 5129 Planzo.

480 5141 659 5199 Unum
693 5145 750 5201 in
771 5156 955 5206 castro
978 5148 1238 5222 Oleriani,
1261 5163 1317 5210 et
1333 5165 1541 5219 curtem
1570 5157 1637 5213 de
1656 5156 1904 5227 Nasseto,
1930 5176 2055 5216 cum

480 5233 647 5292 Lama
675 5237 977 5311 Fraularia,
1002 5253 1058 5301 et
1101 5261 1317 5317 campo,
1365 5256 1420 5303 et
1461 5250 1639 5303 rivum
1688 5250 1756 5305 de
1808 5250 2054 5319 Vasseto,

2158 4892 2339 4949 agere,
2377 4886 2472 4932 aut
2523 4878 3140 4934 excommunicationem
3198 4886 3393 4933 contra
3434 4890 3531 4936 eos
3576 4878 3743 4935 ferre.

2159 4968 2241 5022 vel
2264 4968 2486 5038 aliquod
2523 4968 2757 5023 oflicium
2792 5009 2808 5035 ,
2858 4976 2955 5023 aut
2995 4967 3331 5037 sepulturam
3385 4976 3733 5029 mortuorum

2158 5064 2390 5119 condere
2415 5064 2630 5130 audeat,
2677 5064 2769 5134 qui
2808 5079 2917 5118 non
2965 5064 3079 5118 vult
3126 5048 3451 5117 azternaliter
3485 5064 3734 5119 damnari

2158 5165 2212 5213 et
2235 5166 2496 5228 perpetuo
2523 5158 2867 5212 anathemate
2908 5154 3080 5213 feriri.
3133 5153 3289 5224 Quod
3326 5154 3374 5209 si
3418 5154 3604 5224 aliquo
3629 5172 3732 5209 un-

2162 5260 2329 5315 quam
2365 5253 2609 5316 tempore
2656 5245 2967 5316 apparuerit
2994 5245 3193 5315 aliquis
3240 5244 3335 5317 qui
3380 5254 3574 5299 contra
3620 5245 3732 5299 haec
