4022 5340
219 397 363 461 i373

1374 358 1738 456 animus:
1770 397 1867 454 nr
1900 396 2322 456 mm“.

3353 396 3501 468 ιδτιι

216 521 479 594 petimus,
503 526 564 577 ut
603 526 758 582 tanta
804 520 1050 583 tenacius
1094 510 1303 578 haereat
1350 517 1701 595 praesentium
1745 522 1801 581 et
1828 514 1874 572 Ἀ
1898 513 2074 585 ipsius
2100 512 2181 569 rei
2208 521 2319 569 tam
2348 508 2633 583 metues:
2656 508 2849 582 gratia.
2871 506 3005 566 Nam
3028 524 3155 567 cum
3176 513 3415 568 oratoria
3438 514 3503 583 in.

217 619 532 675 futurorum
558 617 854 689 mentibus,
870 626 1076 689 quanto
1091 632 1191 690 pro
1204 616 1292 673 sui
1313 603 1556 689 speciali,
1580 614 1664 670 vel
1690 614 1804 670 sin—

213 711 394 784 gulari
417 710 647 766 utilitate
672 710 978 767 inculcetur
997 711 1265 766 crebrius.
1291 708 1348 764 Si
1369 709 1493 781 quis
1510 722 1641 780 ergo
1661 723 1801 779 quo-

214 817 435 872 cunque
469 800 689 872 ingenio
714 816 811 871 per
837 802 1076 875 aliquam
1098 800 1445 857 venalitatem
1462 840 1476 865 ,
1499 798 1583 853 vel
1607 790 1801 863 burna}

212 909 343 949 nam
373 892 622 964 gratiam,
648 890 903 967 defuncto
926 892 1139 959 abbate,
1177 906 1549 953 successorem
1584 889 1635 953 ei
1674 888 1804 945 sub-

213 1000 415 1055 rogare
463 984 901 1056 praesumpserit,
952 993 1047 1042 aut
1088 984 1248 1053 aliter
1281 999 1452 1056 quam
1503 999 1538 1040 a
1590 981 1798 1043 beatis-

210 1077 357 1133 simo
385 1074 546 1133 Patre
568 1085 758 1141 nostro
783 1076 1074 1135 Benedicto
1100 1077 1455 1141 constitutum
1486 1084 1587 1142 est,
1616 1075 1671 1130 in
1699 1074 1804 1131 ele-

212 1168 395 1225 ctione
431 1168 518 1223 vel
570 1168 912 1225 ordinatione
951 1169 1164 1225 abbatis
1203 1169 1408 1239 egerit;
1470 1167 1662 1231 electio
1706 1168 1798 1225 illa

212 1259 297 1313 vel
319 1257 613 1325 ordinatio,
640 1260 962 1317 auctoritate
983 1269 1186 1316 sancta:
1215 1258 1474 1316 Romana:
1495 1268 1550 1315 et
1573 1268 1798 1330 aposto-

212 1350 330 1406 licae
357 1349 526 1417 sedis,
553 1350 867 1407 omnimode
919 1351 1188 1407 habeatur
1238 1350 1390 1408 irrita
1415 1369 1431 1419 ;
1461 1359 1516 1407 et
1544 1359 1798 1408 auctores

209 1442 351 1511 ejus,
408 1442 496 1497 vel
550 1442 916 1509 mediatores,
971 1442 1082 1498 nisi
1130 1443 1482 1514 resipuerint,
1534 1452 1797 1515 perpetuo

211 1533 457 1604 damnati
484 1533 593 1603 sint
616 1534 963 1601 anathemate
988 1544 1293 1591 maranata.
1326 1532 1466 1589 Hinc
1492 1532 1659 1605 hujus
1678 1536 1794 1607 pri-

210 1622 392 1697 vilegii
420 1632 818 1699 transgressor,
845 1627 1160 1700 quicunque
1187 1634 1393 1681 temere
1414 1631 1628 1680 tentare
1656 1644 1796 1697 pne-

211 1718 528 1789 sumpserit,
569 1718 819 1774 districto
876 1720 1227 1779 anathemate
1257 1735 1316 1775 se
1369 1714 1791 1775 condemnatum

211 1809 455 1878 noverit;
488 1810 600 1889 nisi
655 1810 794 1881 forte
834 1812 1180 1887 resipiscens,
1226 1811 1387 1883 digne
1445 1810 1788 1869 satisfecerit.

1903 620 2039 677 pace
2058 613 2113 661 et
2142 604 2534 677 tranquillitate
2556 603 2888 671 consistunt,
2917 603 3287 680 ecclesiastica
3324 605 3493 662 bene-

1904 696 2027 753 ﬁcia
2069 712 2336 769 pauperes
2376 696 2581 753 Christi
2628 696 2899 763 nutriunt,
2935 694 3057 752 laus
3086 695 3199 752 Deo
3225 696 3498 771 condigna

1901 788 2242 863 depromitur
2263 794 2318 844 et
2338 788 2577 845 remedia
2598 795 2965 860 peccatorum.
2999 794 3109 844 tam
3144 787 3309 868 vivis_
3325 802 3503 868 quam.

1900 882 2178 939 defunctis
2205 881 2293 952 pie
2318 881 2728 953 impenduntur.
3036 929 3040 933 .
3295 864 3333 878 ”

1972 973 2129 1030 Unde
2163 987 2265 1029 nos
2293 972 2348 1032 in
2380 973 2569 1029 eadem
2616 972 2917 1044 apostolica
2958 971 3106 1041 sede,
3133 986 3247 1028 non
3288 972 3505 1039 nostris

1901 1066 2133 1133 meritis,
2164 1065 2261 1128 sed
2294 1065 2478 1121 divina
2501 1064 2666 1122 locati
2707 1064 2904 1137 gratia,
2950 1064 3256 1120 oratorium
3303 1061 3502 1128 Sancti,

1900 1155 2235 1223 Salvatoris‘
2275 1157 2333 1213 in
2404 1155 2616 1229 Campo
2665 1157 2904 1213 Amabili
2959 1164 3336 1213 constructum
3362 1199 3377 1224 ,
3438 1166 3499 1213 et

1899 1266 2093 1307 omnes
2120 1251 2287 1307 cellas
2311 1249 2418 1321 ipsi
2457 1250 2796 1307 adhaerentes
2830 1257 2885 1306 et
2931 1249 3292 1306 circumcirca
3335 1249 3489 1321 adja-

1899 1352 2105 1411 centes,
2154 1351 2209 1400 et
2255 1343 2441 1399 omnia
2488 1343 2557 1398 ad
2606 1343 2787 1414 ipsum
2839 1343 3168 1414 pertinentia
3211 1342 3491 1398 communi

1897 1437 2183 1509 rogatione
2213 1435 2447 1491 fratrum
2472 1436 2527 1490 in
2561 1436 2785 1491 tutelam
2808 1436 3122 1506 apostolica:
3147 1435 3491 1491 auctoritatis

1895 1536 1950 1584 et
1975 1537 2240 1596 nostram,
2264 1542 2759 1599 successurumque
2790 1534 3131 1594 nostrorum,
3155 1528 3489 1599 suscipimus

1896 1620 2305 1687 defensionem;
2366 1621 2517 1676 salva
2560 1620 2782 1695 quidem
2809 1634 2926 1676 sum
2954 1619 3198 1675 metricis
3232 1619 3491 1676 Ecclesiae

1894 1712 2077 1768 debita
2106 1721 2161 1768 et
2195 1711 2459 1769 canonica
2493 1712 2819 1768 reverentia.
2873 1709 3128 1769 Veientes
3166 1720 3226 1767 ut
3258 1721 3369 1768 tam
3399 1713 3487 1783 pia

1896 1804 2134 1861 ﬁdelium
2163 1805 2472 1860 animarum
2491 1804 2729 1872 devotio,
2750 1821 2781 1860 a
2796 1804 2997 1876 quibus
3020 1804 3163 1860 idem
3183 1805 3485 1859 oratorium

211 1886 724 1981 Quiverodevotus
745 1914 1101 1963 conservator
1140 1905 1427 1972 exstiterit,
1468 1906 1668 1962 divinis
1704 1898 1791 1961 re;

1897 1896 2001 1952 fuit
2036 1898 2358 1968 inemptum,
2406 1904 2461 1952 et
2512 1897 2693 1954 adhuc
2750 1912 2924 1969 usque
2981 1897 3331 1968 productum,
3372 1896 3488 1952 Deo

210 1996 422 2067 plcatur
467 1998 957 2064 benedictionibus,
1005 2006 1060 2054 et
1102 1998 1364 2069 principis
1418 1999 1792 2069 apostolorum

210 2091 535 2157 auctoritate
556 2092 625 2159 ab
646 2092 903 2159 omnibus
924 2091 1248 2147 delictorum
1285 2106 1511 2146 suorum
1537 2090 1792 2147 absolva-

213 2191 297 2237 tur
316 2184 570 2253 nexibus,
600 2182 797 2249 Amen.
1514 2242 1519 2249 .

277 2275 475 2334 Datum
510 2275 672 2344 Lucae
694 2284 896 2348 quarto
924 2275 1050 2346 ldus
1093 2274 1294 2345 Martii,
1324 2291 1421 2347 per
1471 2291 1666 2333 manus
1698 2274 1794 2332 Pes

213 2369 300 2435 tri,
334 2376 541 2425 sanctae
577 2368 841 2435 Romanae
882 2367 1140 2430 Ecclesia:
1173 2368 1474 2441 presbyteri
1497 2369 1792 2427 cardinalis

215 2469 266 2517 et
282 2460 703 2527 bibliothecarii,
727 2476 874 2529 anno
904 2477 960 2517 XI
984 2461 1336 2531 pontiﬁcatus
1357 2462 1545 2521 domni
1564 2462 1795 2519 Alexan-

213 2552 294 2612 dri
325 2550 369 2606 ll
390 2567 568 2624 papae,
600 2551 899 2620 Dominicae
930 2568 1060 2619 vero
1081 2551 1478 2623 incarnationis
1514 2554 1672 2623 1072,
1702 2555 1789 2613 in-

212 2645 444 2714 dictione
465 2660 634 2713 nona.

854 2759 1141 2819 LXXXIX.

214 2852 535 2938 Apgrabatio
553 2855 992 2938 leongregatignis
1031 2854 1417 2938 monachorum.
1440 2857 1791 2938 gratuitorum

281 2923 800 2996 Camaldulensiuni,
833 2925 971 2980 alias
1027 2923 1217 2996 Campi
1258 2925 1522 2981 Ambilis
1586 2928 1789 2983 ordinis

278 2994 461 3063 Sancti
488 2996 785 3053 Benedicti.

520 3087 533 3093 ’
800 3087 981 3160 (Anno
1014 3087 1197 3161 1072.)

349 3180 589 3255 [Βαιιαν.
622 3180 775 3236 Rom.
803 3180 935 3236 edit.
971 3179 1222 3252 Lugdun.
1249 3178 1408 3235 i673.
1449 3178 1491 3247 Ι,
1528 3180 1646 3255 5L,

280 3273 603 3330 ALEXANDER
630 3274 945 3345 episcopus,
970 3289 1162 3328 servus
1211 3288 1495 3328 servorum
1522 3272 1639 3342 Dei,
1676 3272 1787 3328 Ru-

214 3381 357 3431 snco
398 3367 595 3439 priori,
632 3375 687 3422 et
730 3374 943 3422 cuncta:
966 3365 1087 3436 ejus
1110 3366 1541 3438 congregationi,
1570 3367 1637 3421 de
1668 3367 1790 3422 loco

213 3459 301 3534 qui
340 3460 543 3515 dicitur
565 3458 804 3531 Campus
830 3457 1116 3524 Amabilis,
1164 3458 1220 3513 in
1265 3466 1609 3529 perpetuum.

278 3548 419 3624 Nulli
456 3551 699 3607 ﬁdelium
729 3551 876 3607 venit
901 3551 955 3606 in
987 3551 1213 3606 dubium
1229 3550 1362 3622 quin
1385 3552 1542 3607 sedes
1570 3558 1791 3622 aposto-

216 3643 331 3718 lica,
356 3661 421 3712 eo
445 3646 597 3718 quod
623 3645 876 3717 princeps
895 3643 1097 3700 existat
1122 3644 1370 3705 omnium
1398 3643 1787 3713 Ecclesiarum,

216 3738 462 3794 omnibus
482 3738 592 3794 hoc
610 3738 737 3808 jure
785 3744 840 3792 et
892 3737 1074 3792 debita
1118 3737 1485 3793 sollicitudine
1530 3736 1789 3795 Ecclesiis

214 3842 439 3896 praeesse
457 3830 672 3897 debeat,
690 3836 749 3885 ut
777 3845 889 3884 non
915 3830 1096 3885 solum
1117 3846 1212 3886 eas
1255 3830 1538 3889 catholicae
1554 3814 1788 3903 religio-

215 3919 296 3986 nis
328 3921 534 3996 unitate
561 3922 870 3990 concludat,
898 3922 992 3985 sed
1040 3924 1364 3994 generaliter
1410 3924 1480 3980 ab
1533 3925 1621 3980 his
1665 3939 1789 3996 qua:

214 4013 548 4082 extrinsecus
575 4023 969 4097 promoventur
1003 4031 1103 4072 sua
1157 4016 1483 4072 auctoritate
1527 4017 1696 4073 salvet
1732 4026 1789 4073 et

216 4106 436 4170 muniat.
466 4107 612 4169 Inter
654 4124 793 4181 quas
844 4116 1028 4163 tamen
1071 4108 1383 4180 complures
1437 4109 1788 4166 inveniuntur

217 4212 331 4265 qua:
353 4201 573 4271 speciali
595 4209 650 4257 et
680 4201 901 4272 propria
941 4202 1414 4265 commendatione
1454 4202 1509 4258 in
1562 4204 1785 4259 tutelam

216 4287 449 4356 ejusdem
480 4293 624 4349 sedis
655 4294 970 4364 apostolicae
1012 4309 1072 4349 se
1115 4294 1431 4362 contulere,
1459 4302 1520 4350 ut
1563 4296 1786 4367 speciali

217 4380 470 4442 charitate
504 4393 560 4441 et
583 4386 763 4442 studio
789 4401 905 4441 sua:
942 4385 1135 4441 matris
1162 4386 1447 4456 amplexae,
1481 4386 1785 4444 securiores

217 4480 268 4536 et
286 4473 566 4537 liberiores
594 4478 663 4534 ab
681 4478 834 4545 omni
855 4476 1202 4537 infestatione
1213 4478 1596 4535 consisterent.
1614 4477 1783 4547 Quas,

1892 1997 2123 2056 crescat,
2146 1998 2200 2045 et
2236 1990 2346 2045 illis
2368 2005 2671 2061 eorumque
2696 1990 2933 2061 posteris
2968 1999 3023 2046 et
3048 1989 3485 2056 successoribus“,

1893 2082 1961 2137 ad
1994 2082 2229 2139 salutem
2256 2083 2507 2153 corporis
2535 2090 2592 2138 et
2619 2082 2819 2138 animae
2841 2082 3108 2153 proficiat.
3140 2082 3231 2139 Sic
3254 2082 3489 2153 denique

1890 2173 2072 2245 ipsum
2105 2174 2411 2230 oratorium
2450 2182 2507 2231 et
2541 2172 2862 2246 praedictum
2892 2174 3106 2243 locum,
3144 2188 3273 2231 cum
3300 2175 3486 2230 omni-

1890 2266 1996 2324 bus
2024 2266 2235 2324 cellulis
2253 2274 2308 2322 et
2332 2267 2590 2338 hospitiis
2629 2265 2774 2335 suis,
2799 2283 2895 2324 seu
2920 2267 3194 2323 universis
3224 2267 3387 2323 rebus
3417 2266 3485 2322 ad

1891 2375 2017 2415 eum
2047 2358 2468 2431 pertinentibus,
2496 2359 2553 2414 in
2591 2368 2838 2416 nostram
2883 2357 3256 2415 defensionem
3307 2358 3486 2415 susci-

1891 2452 2073 2524 pimus
2098 2458 2163 2508 ut
2191 2459 2303 2507 tam
2326 2452 2416 2508 illa
2441 2466 2566 2525 qua;
2597 2452 2762 2509 modo
2789 2452 2994 2508 habere
3019 2459 3074 2508 et
3102 2458 3292 2507 tenere
3326 2449 3483 2507 vide-

1831 2544 1834 2548 “
1890 2553 1981 2600 tur
2003 2560 2169 2616 quam
2201 2560 2325 2616 quae
2353 2545 2407 2599 in
2435 2551 2597 2601 antea
2635 2541 2749 2601 Deo
2805 2542 3072 2616 largiente
3105 2543 3253 2615 juste
3295 2542 3486 2615 acqui-

1890 2653 2010 2693 rere
2043 2636 2262 2708 poterit,
2300 2637 2614 2708 ubicunque
2654 2636 2835 2708 posita
2860 2636 3085 2705 fuerint,
3111 2636 3216 2692 sub
3256 2642 3484 2708 aposto-

1888 2729 2007 2786 licae
2035 2728 2179 2785 sedis
2201 2729 2451 2785 custodia
2480 2738 2535 2785 et
2556 2727 2784 2785 tuitione
2803 2728 3130 2785 consistant.
3452 2728 3457 2737 ”

1958 2821 2143 2876 Primo
2181 2821 2368 2892 itaque
2392 2822 2516 2878 loco
2539 2822 2799 2893 ponimus
2829 2836 3075 2878 eremum
3098 2829 3154 2877 et
3173 2817 3480 2876 oratorium

1888 2913 2054 2969 situm
2087 2913 2144 2968 in
2195 2913 2319 2970 loco
2369 2914 2464 2985 qui
2507 2914 2708 2970 dicitur
2745 2914 2987 2985 Campus
3037 2912 3333 2979 Amahilis;
3394 2927 3483 2969 se-

1889 3006 2089 3072 cundo,
2114 3005 2416 3077 hospitium
2440 3006 2582 3077 ejus,
2624 3006 2773 3078 quod
2815 3005 3021 3062 dicitur
3070 3004 3215 3062 Fons
3264 3003 3480 3070 Bonus;

1889 3095 2051 3152 tertio
2081 3095 2395 3153 coenobium
2437 3095 2582 3167 quod
2611 3103 2695 3151 est
2727 3102 3107 3151 constructum
3138 3094 3197 3149 in
3227 3094 3349 3149 loco
3385 3094 3484 3164 qui

1891 3189 2092 3245 dicitur
2125 3187 2372 3256 Cerreto,
2400 3189 2495 3259 qui
2525 3197 2612 3244 est
2634 3185 2778 3244 infra
2824 3186 3150 3244 comitatum
3195 3185 3483 3243 Vulteren-

1893 3296 2043 3348 sem;
2087 3289 2287 3351 quarto
2309 3281 2365 3335 in
2386 3280 2507 3335 loco
2534 3280 2629 3350 qui
2670 3279 2873 3336 dicitur
2918 3280 3105 3351 Agna;
3156 3279 3371 3351 quinto,
3427 3279 3484 3334 in

1889 3371 2032 3438 loco,
2065 3372 2159 3442 qui
2181 3372 2385 3427 dicitur
2408 3370 2610 3438 Monte,
2638 3377 2694 3425 et
2726 3370 2882 3438 Soci;
2916 3378 3072 3426 sexto
3113 3371 3168 3425 in
3209 3372 3333 3427 loco
3385 3372 3481 3441 qui

1888 3463 2087 3519 dicitur
2105 3462 2337 3530 Arcina;
2362 3462 2616 3533 septimo,
2640 3462 2696 3517 in
2722 3462 2845 3519 loco
2891 3463 2987 3535 qui
3006 3463 3208 3518 dicitur
3237 3463 3292 3519 in
3337 3462 3483 3518 Cha-

1886 3557 2034 3612 liano
2050 3565 2105 3611 et
2123 3554 2369 3623 Punina;
2401 3563 2617 3622 octavo,
2640 3553 2697 3609 in
2721 3554 2842 3610 loco
2883 3555 2979 3626 qui
3012 3555 3216 3610 dicitur
3235 3555 3291 3610 in
3318 3553 3479 3622 Chio,

1887 3658 1942 3705 et
1970 3647 2199 3704 ecclesia
2226 3646 2416 3704 Sancti
2452 3646 2669 3716 Savini;
2702 3662 2872 3715 nono,
2894 3647 2952 3703 in
2977 3646 3100 3703 loco
3153 3647 3250 3720 qui
3278 3646 3481 3707 dicitur

1887 3740 2149 3813 Fogiano.

1958 3833 2249 3890 Sancimus
2278 3832 2444 3906 igitur
2477 3834 2588 3890 hoc
2614 3840 2808 3889 nostro
2858 3831 3146 3905 privilegio
3185 3839 3249 3887 ut
3298 3846 3479 3902 neque

1883 3942 2003 3995 rex,
2027 3927 2344 3998 imperator,
2366 3926 2508 3994 dux,
2548 3941 2766 3994 comes,
2791 3932 2888 3981 aut
2923 3923 3191 3997 pontifex,
3238 3931 3333 3980 aut
3377 3924 3478 3979 ali-

1884 4036 1995 4094 qua
2042 4035 2307 4093 persona,
2357 4019 2498 4077 idem
2546 4020 2872 4087 oratorium,
2912 4028 3008 4075 aut
3036 4018 3233 4075 fratres
3258 4018 3330 4074 ibi
3363 4016 3478 4073 Deo

1885 4114 2205 4181 servientes,
2227 4113 2457 4184 ejusque
2487 4111 2794 4179 territoria,
2826 4119 2920 4167 aut
2952 4112 3135 4184 aliqua
3175 4111 3279 4167 sibi
3305 4111 3476 4182 justc,

1886 4207 2050 4262 modo
2080 4214 2175 4261 aut
2197 4213 2356 4260 antea
2379 4205 2708 4276 pertinentia
2726 4247 2739 4270 ,
2764 4204 3022 4259 invadere
3042 4213 3140 4260 aut
3161 4203 3474 4268 molestare,

1883 4297 1971 4352 vel
2006 4298 2191 4368 aliquo
2236 4296 2401 4352 modo
2450 4296 2756 4366 inquietare
2789 4302 3103 4366 praesumat.
3145 4293 3474 4349 Libertatem

1884 4390 1971 4446 vel
2008 4390 2284 4445 licentiam
2337 4388 2696 4445 ecclesiastici
2743 4388 2918 4460 juris,
2973 4401 3139 4459 quam
3189 4387 3477 4458 hucusque

1887 4480 2090 4535 habere
2135 4480 2241 4536 visi
2279 4486 2426 4546 sunt,
2466 4495 2564 4534 seu
2591 4495 2756 4551 quam
2779 4480 2927 4551 juste
2970 4478 3029 4533 in
3080 4486 3237 4534 antea
3276 4479 3477 4534 habere

219 4572 278 4620 ut
317 4567 537 4640 dignum
579 4579 715 4637 erat,
750 4571 825 4626 ita
855 4570 912 4626 in
934 4586 1035 4627 suo
1068 4569 1194 4626 sinu
1254 4568 1501 4625 Romana
1552 4572 1790 4642 suscepit
1820 4585 1866 4640 ι)
1891 4579 2168 4642 poterunt,
2197 4572 2255 4626 in
2277 4572 2382 4626 hac
2414 4571 2605 4626 eadem
2649 4571 2789 4626 serie
2816 4570 3229 4637 conﬁrmamus,
3251 4579 3307 4626 et
3346 4587 3475 4642 per-

218 4654 468 4729 Ecclesia,
514 4671 775 4735 tantaque
828 4662 1064 4734 protexit
1116 4662 1359 4733 undique
1407 4663 1687 4734 diligentia
1728 4672 1788 4720 ut

220 4752 462 4811 omnibus
487 4763 828 4823 ornamenta,
858 4756 1141 4830 prmsidia,
1162 4755 1442 4811 nonnullis
1478 4772 1698 4827 quoque
1732 4765 1787 4813 et

218 4843 436 4913 gratiam
464 4858 748 4915 consecret
769 4847 1089 4925 [conferret]
1124 4848 1583 4920 ampliﬁcationis.
1613 4848 1784 4921 Cujus

223 4932 295 4986 rei
316 4936 467 4994 nobis
496 4940 731 5010 plurima
758 4942 1007 5015 exempla
1043 4940 1378 4997 sanctissimi
1419 4941 1523 4997 viri
1571 4941 1779 5012 praede-7

221 5037 451 5086 cessores
471 5035 641 5101 nostri
672 5035 939 5107 reliquere
959 5034 1051 5104 qui
1077 5044 1203 5091 ante
1232 5048 1334 5091 nos
1392 5034 1447 5089 in
1494 5049 1579 5100 ea,
1613 5049 1780 5106 quam

239 5114 269 5152 Γ
310 5119 321 5130 ⁵
698 5127 709 5138 ‘

223 5132 234 5152 Ι
259 5132 440 5152 IYImnn
485 5127 774 5152 Annalnl.--
803 5128 925 5152 ...η-Ι..
950 5126 973 5152 Ι

973 5127 1213 5152 ..1Α-Ακιι.-
1275 5141 1373 5152 ..-Α
1426 5127 1632 5152 Lana-au
1676 5125 1747 5152 non

1891 4672 2112 4734 petuam
2135 4661 2252 4717 fore
2285 4661 2601 4718 statuimus.
2647 4659 2726 4717 Ne
2778 4662 2904 4732 quis
2940 4662 3108 4719 etiam
3147 4663 3321 4717 malas
3350 4678 3481 4718 con-

1889 4756 2206 4812 suetudines
2231 4753 2642 4824 superinducat,
2674 4754 2874 4825 quibus
2915 4755 3060 4812 idem
3096 4756 3397 4811 oratorium
3446 4772 3476 4811 a

1888 4865 1988 4906 sua
2013 4846 2275 4920 religione
2314 4845 2596 4913 turbetur,
2631 4847 2931 4917 apostolica
2978 4848 3307 4906 auctoritate
3352 4862 3482 4917 pro-

1887 4941 2158 4999 bibemus.

1959 5035 2036 5091 ita
2059 5044 2239 5092 tamen
2261 5030 2523 5088 volumus
2550 5039 2607 5087 et
2623 5031 3013 5088 constituimus
3037 5042 3096 5089 ut
3114 5032 3231 5101 jam
3248 5043 3253 5047 ·
3271 5029 3486 5089 dictum

1893 5130 2188 5152 -“-n--.!-.m
2221 5140 2343 5152 ιιι-..ινδ
2386 5126 2542 5152 ΑΑΙΙξι-
2575 5125 2687 5152 ιιι-ξι.
2738 5125 2882 5152 Ama:
2915 5132 3166 5152 lam-unam
3218 5134 3287 5152 an
3316 5125 3491 5152 ΜΑᾸΑ
