4022 5340
547 348 689 404 i575

1818 342 2217 399 ALEXANDN
2255 341 2297 396 ll‘
2331 341 2534 396 ΡΑΡΑΞ

3674 327 3802 382 1576

546 460 752 517 stolica:
775 458 919 515 sedis
964 458 1244 530 privilegio
1297 458 1640 515 adnectimus
1688 466 1766 537 ut,
1811 459 1858 513 si
1905 457 2127 528 quando
2158 458 2202 516 Α
2229 455 2468 522 soribus,
2496 462 2696 509 nostra:
2728 451 3037 524 apostolica:
3075 440 3411 508 defensionis
3435 447 3489 496 cl
3514 440 3801 496 conﬁrma-

543 560 913 622 opportunum
943 549 1126 617 fuerit,
1150 550 1387 620 aliquem
1411 565 1479 604 ex
1509 559 1690 607 vestra
1710 549 2125 621 congregatione

541 643 602 697 in
637 643 1042 719 ecclesiasticos
1071 641 1271 712 gradus
1301 642 1566 710 ordinari,
1609 651 1664 697 et
1715 630 2024 713 episcopus,
2057 641 2124 698 ad

543 736 702 805 cujus
731 735 1044 806 parochiam
1069 735 1184 805 jam
1215 735 1450 805 pertinet
1481 735 1800 807 praedictum
1823 734 2128 790 oratorium

545 826 602 882 S.
638 826 958 895 Salvatoris,
979 843 1079 906 seu
1114 828 1299 898 aliqua
1349 843 1418 883 ex
1467 828 1740 895 ecclesiis,
1784 828 1869 884 vel
1915 827 2124 884 cellulis

541 919 741 974 vestris
783 919 839 974 in
878 929 1038 976 antea
1067 919 1357 990 pertinebit
1392 918 1702 977 Simoniaca
1740 919 1934 974 hmresi
1960 917 2125 977 fuerit

539 1010 904 1082 depravatus,
963 1021 1024 1067 ut
1065 1012 1190 1079 rite,
1236 1019 1291 1067 et
1347 1011 1609 1067 canonice
1658 1011 1962 1081 episcopale
2012 1028 2122 1066 non

535 1105 718 1182 possit
753 1104 978 1174 implere
1037 1103 1306 1181 cilicium;
1365 1113 1497 1160 tunc
1557 1103 1726 1170 libera
1771 1096 2024 1180 facultas,
2069 1113 2124 1160 et

537 1195 758 1271 licentia
785 1205 974 1266 pareat
997 1197 1174 1263 vobis,
1199 1197 1350 1252 adire
1393 1196 1720 1252 catholicum
1773 1204 1828 1252 et
1866 1196 2004 1252 bene
2043 1183 2123 1252 vi?-

535 1287 754 1343 Ventem
776 1288 1096 1357 episcopum
1117 1289 1428 1358 ubicunque
1451 1289 1505 1342 in
1528 1297 1706 1344 vestra
1726 1330 1740 1357 ,
1763 1290 1846 1345 vel
1874 1289 2123 1364 proxima

533 1377 815 1448 provincia
841 1379 1070 1434 inveniri
1093 1380 1353 1449 potuerit,
1385 1389 1443 1434 ut
1468 1381 1538 1435 ab
1579 1380 1699 1449 ipso
1737 1379 2122 1436 ecclesiasticis

533 1470 816 1540 gradibus,
844 1480 898 1526 et
921 1471 1113 1527 ciliciis
1137 1471 1383 1527 ordinari
1408 1488 1475 1528 ex
1503 1481 1685 1528 vestra
1707 1472 2123 1549 congregatione

531 1562 733 1633 dignus
756 1579 880 1622 esse
913 1564 1105 1633 possit.
1139 1562 1324 1620 Sacris
1363 1564 1511 1622 enim
1540 1565 1846 1623 eanonibus
1873 1575 1928 1622 et
1962 1566 2122 1622 bonis

533 1656 785 1728 congruit
815 1658 1156 1727 moribus,ut
1185 1655 1348 1714 sicuti
1370 1657 1466 1728 qui
1487 1658 1775 1714 ordinandi
1801 1669 1928 1714 sunt
1965 1660 2122 1715 bona:

534 1747 656 1803 vita:
700 1757 967 1818 rectaeque
1003 1751 1247 1805 scientiae
1294 1749 1528 1805 existere
1575 1751 1793 1818 debent,
1847 1751 1928 1807 sic
1961 1753 2120 1823 juxta

532 1839 783 1910 Apostoli
808 1843 1155 1910 sententiam,
1183 1841 1260 1898 illi
1294 1842 1390 1913 qui
1416 1859 1620 1899 manus
1655 1844 1971 1923 ordinandis
2018 1844 2121 1898 im-

533 1940 765 2004 ponunt,
792 1933 1302 2005 irreprehensibilcs
1337 1943 1392 1990 et
1428 1935 1635 2009 absque
1685 1936 1913 1992 crimine
1962 1939 2116 1993 invc-

531 2008 776 2089 niantur.

603 2115 658 2170 Si
681 2117 807 2187 quis
829 2127 1012 2174 autem
1037 2119 1328 2179 temerario
1353 2136 1514 2189 ausu,
1539 2121 1688 2192 quod
1715 2120 1832 2176 ﬁeri
1861 2137 1967 2176 non
1997 2138 2116 2180 cre—

528 2208 732 2276 dimus,
757 2219 950 2267 contra
978 2212 1143 2283 hujus
1173 2221 1377 2268 nostra:
1419 2214 1732 2284 apostolicae
1773 2216 2116 2274 auctoritatis

528 2301 958 2360 conﬁrmationis
989 2305 1210 2374 seriem,
1233 2322 1393 2377 agere
1414 2307 1722 2373 tentaverit,
1753 2307 1890 2363 sciat
1913 2323 1972 2367 se
1991 2323 2114 2364 esse

527 2398 1066 2453 excommunicatum
1100 2414 1134 2454 a
1158 2399 1317 2454 beato
1354 2397 1518 2456 Petro
1543 2400 1916 2468 apostolorum
1963 2400 2114 2474 prin-

527 2487 666 2557 cipe,
687 2495 743 2566 et
770 2497 958 2546 nostra
982 2491 1284 2561 apostolica
1310 2491 1650 2546 auctoritate.
1685 2548 1691 2554 ,

529 2640 532 2643 _
595 2579 705 2646 Qui
730 2597 861 2636 vero
891 2591 1080 2638 custos
1099 2592 1153 2639 et
1199 2584 1519 2640 observator
1569 2583 1734 2654 hujus
1785 2585 1960 2640 nostri
2006 2584 2113 2654 pri-

527 2672 703 2744 vilegii
759 2675 1044 2742 exstiterit,
1097 2675 1492 2752 benedictionis
1538 2676 1789 2748 gratiam,
1832 2686 1887 2733 et
1943 2677 2110 2736 vitam

524 2773 781 2822 aeternam
801 2783 833 2825 a
869 2767 1105 2826 Domino
1128 2767 1241 2825 Deo
1270 2769 1532 2843 consequi
1569 2779 1859 2827 mereatur.

591 2855 788 2913 Datum
817 2858 978 2918 Luem
1007 2877 1059 2916 Iv
1101 2859 1329 2919 Kalend.
1379 2861 1725 2930 Novembris,
1779 2879 1876 2933 per
1911 2878 2110 2922 manus

526 2948 667 3005 Petri
689 2961 891 3008 sanctae
915 2952 1173 3011 Romanae
1194 2954 1452 3012 Ecclesia:
1478 2956 1778 3029 presbyteri
1814 2957 2108 3026 cardinalis

520 3058 588 3100 ac
609 3043 1027 3112 bibliothecarii,
1053 3063 1200 3104 anno
1220 3049 1544 3108 duodecimo
1564 3049 1913 3120 pontiﬁcatus
1938 3051 2107 3121 ipsius

522 3131 731 3186 domini
757 3132 1050 3190 Alexandri
1083 3151 1237 3208 papa:
1263 3136 1330 3193 ll.

1259 3271 1371 3327 XC.

522 3371 800 3431 Concessio
829 3378 1224 3457 μνὶυῐῑιᾯὶρηιηι
1257 3387 1564 3439 monasterii
1616 3381 1992 3457 Floriaccnsis,
2015 3390 2104 3444 bo-

662 3463 946 3520 norumque
969 3451 1039 3504 ad
1064 3452 1202 3506 illud
1230 3459 1581 3524 spectantium
1607 3461 1959 3529 conﬁrmatio.

618 3623 623 3628 _
753 3573 756 3576 '
1110 3567 1289 3638 (Anno
1333 3567 1513 3642 1072.)

622 3671 1034 3747 [ϐοερυειικεε,
1058 3679 1204 3736 Ball.
1235 3683 1416 3751 Rom.,
1443 3693 1576 3741 tom.
1603 3684 1668 3753 ll,
1712 3703 1835 3760 pag.
1884 3690 1996 3761 16.]

433 3783 441 3788 ’
523 3832 525 3835 .
586 3787 912 3856 Διεμηυειι
937 3793 1472 3866 θρὶωθρειε,ιεθιννιιε
1500 3815 1786 3858 servorum
1816 3801 2105 3868 Dei,GmL~

517 3895 714 3949 tutuo,
761 3885 1059 3939 venerabili
1110 3887 1292 3942 abbati
1339 3888 1704 3948 Floriacensis
1760 3897 2100 3964 monasterii,

518 3969 610 4024 ubi
658 3975 962 4031 venerabile
1018 3992 1219 4048 corpus
1276 3980 1419 4036 beati
1464 3981 1739 4039 Benedicti
1780 3987 2100 4058 requiescit;

515 4064 743 4133 ejusque
791 4069 1201 4126 successoribus
1267 4073 1590 4143 regulariter
1637 4061 1995 4146 intrantibus,
2045 4080 2102 4136 in

518 4165 866 4230 perpetuum.

586 4247 644 4303 Si
668 4248 723 4303 in
758 4252 1056 4320 apostolica
1084 4255 1211 4310 sede
1233 4258 1546 4326 praesidenti
1575 4260 1692 4318 haec
1717 4263 2026 4321 sollicitudo
2046 4274 2102 4322 et

510 4356 645 4397 cura
676 4341 972 4416 singularis
995 4346 1398 4418 ineumbit,,ut,
1421 4369 1490 4412 ex
1519 4354 1638 4424 ipsa
1658 4357 2101 4419 consideratione

511 4435 790 4505 rcgiminis
837 4440 1092 4495 omnibus
1125 4443 1393 4511 ecclesiis,
1426 4454 1480 4500 et
1520 4450 1923 4507 venerabilibus
1963 4454 2100 4510 locis

510 4535 622 4580 tam
646 4528 698 4581 in
722 4533 1008 4600 temporali
1058 4534 1376 4593 defensione
1409 4547 1465 4594 et
1498 4542 1944 4601 corroboratione
1983 4547 2101 4604 dili—
2131 4535 2176 4590 Ῑ)

510 4617 768 4685 gentiam,
796 4637 961 4690 quam
993 4625 1049 4679 in
1069 4626 1338 4697 spirituali
1360 4631 1729 4700 speculatione
1749 4642 1805 4690 et
1825 4636 2094 4708 doctrina,

508 4716 720 4776 quantu
746 4726 776 4763 n
800 4709 912 4767 Deo
940 4717 1238 4773 auxiliante
1252 4723 1526 4790 praevalet,
1557 4724 1893 4796 vigilantiam
1934 4730 2094 4785 adhi-

511 4798 638 4856 bere
673 4801 900 4872 debeat,
951 4807 1103 4874 valde
1126 4813 1399 4882 congruit,
1428 4822 1488 4868 ut
1516 4831 1707 4872 earum
1742 4821 2020 4889 provectui
2041 4831 2096 4879 et

511 4894 856 4964 utilitatibus,
887 4916 1010 4969 qum
1041 4903 1142 4957 sub
1179 4907 1347 4961 tutela
1378 4917 1579 4964 sanctae
1604 4909 1861 4968 Romana:
1903 4914 2093 4972 Eccle-

507 4986 601 5042 site
637 4989 942 5059 specialiter
985 4997 1296 5057 constituta:
1341 5010 1488 5066 sunt,
1543 5010 1692 5058 tanto
1745 5005 2092 5074 impensioris

506 5092 656 5136 curae
675 5080 914 5148 studium
941 5083 1303 5156 impertiatur,
1313 5100 1521 5160 quanto
1542 5101 1596 5146 et
1617 5096 1886 5163 generalis
1908 5099 2094 5167 provi-

505 5168 706 5236 dentia!
730 5188 931 5245 corpus
952 5193 1080 5232 cum
1105 5181 1336 5248 caeteris,
1361 5191 1414 5240 et
1439 5184 1772 5256 singularem
1802 5193 2090 5259 apostolici

505 5262 768 5310 υΐίνίιρρίἰ
800 5265 997 5310 Ιίηρςιηι
1025 5286 1136 5304 πῖναι
1158 5274 1367 5310 Ληὶοηιιῖο
1402 5277 1709 5310 ann-fiunt“...
1765 5279 1871 5310 Νη..
1903 5283 2085 5310 ξολιν.--

2226 543 2390 601 tionis
2415 545 2718 617 privilegia,
2743 545 3205 615 praedecessorum
3248 554 3577 599 nostrorum.
3607 540 3805 588 Statim

2224 644 2524 703 servantes,
2570 634 2966 705 impendimus;
3034 641 3334 690 statuentes
3389 642 3444 689 et
3511 632 3805 704 aposiOttt‘a

2223 725 2546 780 auctoritate
2566 725 3006 791 eorroborantes,
3030 732 3090 779 ut
3128 723 3307 793 ipsum
3331 724 3728 779 monasterium
3755 735 3806 780 et

2223 819 2596 890 possessiones
2619 804 2738 887 ejus
2755 857 2772 884 ,
2793 832 2884 871 res
2905 824 3020 871 tam
3057 814 3290 871 mobiles
3310 815 3472 884 quam
3500 815 3814 870 immobiles.

2223 925 2320 966 seu
2349 909 2724 982 cujuscunque
2753 908 2898 963 modi
2938 906 3079 962 bona
3124 907 3253 972 sint,
3281 922 3405 977 qua:
3429 921 3578 962 nunc
3607 907 3805 961 ibidem

2216 999 2364 1072 iuste
2394 995 2524 1057 sunt
2545 1001 2770 1068 collata,
2787 1000 2872 1055 vel
2907 999 2964 1056 in
3001 1007 3278 1070 posterum
3312 997 3423 1055 Deo
3468 1007 3748 1054 annuente
3778 1014 3806 1053 ε

2222 1092 2471 1149 ﬁdelibus
2499 1091 2847 1158 conferenda,
2872 1091 2992 1146 sine
3014 1091 3560 1160 omniinquietudine
3584 1091 3690 1146 sub
3718 1100 3807 1144 tua

2220 1193 2552 1256 tuorumque
2577 1199 2959 1240 successorum
2985 1183 3377 1259 gubernatione
3417 1182 3578 1237 ﬁrma
3624 1191 3689 1237 et
3725 1183 3808 1236 in-

2223 1277 2481 1333 convulsa
2517 1285 2891 1347 permaneant,
2931 1284 2990 1330 ut
3027 1275 3172 1331 nulla
3217 1283 3460 1345 potestas
3503 1275 3807 1341 saecularis,

2222 1368 2616 1434 ecclesiastica,
2647 1384 2740 1424 seu
2767 1369 2948 1438 aliqua
2980 1383 3211 1437 persona
3245 1383 3438 1438 magna
3477 1367 3561 1421 vel
3605 1383 3806 1436 parva,

2223 1458 2365 1514 idem
2391 1459 2784 1514 monasterium
2816 1457 2900 1513 vel
2923 1457 3041 1528 ejus
3076 1456 3399 1529 pertinentia
3431 1457 3710 1523 invadere,
3728 1460 3820 1512 vel,

2222 1550 2615 1617 comminuere,
2643 1559 2738 1604 aut
2776 1550 2832 1604 in
2877 1565 3207 1620 quocunque
3250 1548 3550 1604 molestare
3589 1549 3820 1616 audeat,

2222 1658 2322 1698 nee
2349 1642 2625 1712 subjectas
2680 1643 2756 1697 illi
2796 1658 3081 1713 personas,
3111 1641 3228 1696 sine
3273 1641 3554 1696 voluntate
3593 1641 3810 1696 abbatis

2221 1734 2576 1806 distringere;
2615 1735 2702 1790 vel
2721 1735 2986 1806 quidquid
3025 1733 3191 1791 ﬁscus
3220 1734 3390 1805 exigit
3426 1735 3612 1803 aliquo
3645 1734 3824 1788 modo.

2153 1833 2195 1888 Β
2221 1826 2512 1899 praeripere
2535 1836 2849 1898 praesumat.
2876 1826 3141 1885 Addimus
3175 1826 3359 1892 etiam,
3385 1834 3444 1880 ut
3473 1826 3610 1896 quia,
3646 1841 3813 1880 vene-

2220 1919 2409 1974 rabilis
2431 1917 2594 1976 Pater
2616 1919 2960 1984 Benedictus,
2991 1919 3386 1974 monachorum
3411 1919 3713 1989 legislator,
3742 1933 3809 1970 ex

2217 2011 2399 2067 divina
2425 2011 2619 2082 gratia,
2643 2011 2752 2067 dux
2777 2019 2862 2066 est
2883 2011 3201 2065 monasticae
3223 2010 3517 2081 religionis,
3539 2010 3611 2063 sit
3641 2010 3812 2064 etiam

2217 2103 2314 2174 qui
2342 2104 2519 2158 eidem
2542 2104 2876 2160 monasterio
2900 2100 3181 2173 prail'uerlt
3198 2144 3212 2167 ,
3237 2103 3446 2172 primus
3473 2101 3616 2156 inter
3639 2103 3812 2156 abba-

2219 2205 2298 2250 tes
2328 2195 2534 2251 Gallia).
2562 2193 2674 2249 Nec
2700 2195 2896 2265 aliquis
2928 2193 2995 2249 de
3025 2194 3216 2248 ordine
3244 2194 3596 2260 sacerdotali,
3623 2194 3812 2248 archi-

2215 2287 2504 2358 episcopus
2539 2287 2765 2352 scilicet,
2790 2294 2886 2340 aut
2903 2271 3214 2356 episcopus,
3238 2294 3332 2340 aut
3353 2285 3633 2341 inferioris
3654 2285 3809 2339 ordi-

2216 2379 2322 2444 nis,
2347 2395 2471 2436 eum
2501 2378 2826 2449 inquietare,
2855 2393 2956 2434 nec
2997 2385 3188 2433 contra
3217 2378 3569 2434 voluntatem
3631 2378 3813 2448 ipsius

2223 2471 2282 2527 tul
2311 2470 2452 2524 idem
2479 2471 2872 2525 monasterium
2896 2469 3100 2537 venire,
3129 2479 3227 2524 aut
3248 2471 3487 2540 aliquam
3503 2471 3811 2524 ordinatio-

2215 2577 2339 2616 nem
2371 2560 2566 2628 facere,
2590 2562 2672 2617 vel
2695 2563 2896 2617 missas
2913 2562 3187 2617 celebrare
3211 2571 3526 2631 praesumat.
3554 2561 3626 2615 Ut
3655 2565 3814 2615 omni

2217 2662 2458 2724 tempore
2485 2655 2654 2725 quieti
2681 2663 2735 2709 et
2757 2653 2937 2709 securi
2973 2654 3178 2724 absque
3213 2655 3361 2708 omni
3419 2654 3676 2708 molestia
3721 2657 3811 2708 vel

2216 2746 2586 2802 controversia
2607 2745 2866 2800 monachi
2886 2745 2942 2800 in
2964 2746 3152 2800 eodem
3176 2745 3510 2801 monasterio
3539 2745 3652 2802 Deo
3685 2762 3807 2800 ser-

2213 2839 2325 2892 vire
2350 2839 2579 2908 possint.
2605 2839 2788 2894 Abbas
2809 2853 2960 2905 vero,
2977 2838 3072 2908 qui
3095 2838 3432 2894 ordinandus
3452 2837 3528 2894 ibi
3543 2846 3651 2903 est,
3676 2853 3808 2893 cum

2208 2931 2471 2986 electione
2502 2929 2731 2984 fratrum
2762 2937 2984 3001 propter
3024 2930 3149 2986 vita:
3173 2931 3425 2986 meritum
3438 2925 3516 2985 "et
3543 2930 3810 2985 honesta-

2210 3029 2320 3074 tem
2350 3037 2588 3088 morum,
2611 3030 2665 3077 et
2689 3037 2798 3077 non
2834 3031 3056 3092 propter
3108 3021 3287 3092 turpia
3336 3022 3510 3089 lucra,
3551 3037 3654 3076 seu
3707 3038 3814 3091 pro

2211 3113 2466 3182 pecunia,
2497 3114 2752 3184 eligatur,
2773 3122 2827 3168 et
2867 3114 3074 3184 absque
3115 3115 3222 3170 ulla
3245 3115 3520 3168 calumnia
3573 3131 3606 3168 a
3671 3131 3805 3185 quo-

2209 3220 2428 3275 cunque
2483 3206 2742 3278 epis‘copo
2776 3249 2792 3273 ,
2841 3215 3005 3280 prout
3056 3206 3160 3263 sibi
3228 3206 3534 3277 placuerit,
3577 3207 3808 3262 benedi-

2209 3303 2384 3352 catur.
2841 3307 2843 3309 ·

2213 3393 2218 3398 ’
2279 3386 2354 3442 De
2390 3389 2767 3447 sacerdotibus
2799 3406 2929 3445 vero
2975 3399 3070 3445 aut
3117 3391 3440 3448 diaconibus
3479 3392 3810 3449 ordinandis

2207 3480 2258 3536 id
2291 3481 2631 3548 observetur,
2654 3483 2799 3554 quod
2823 3482 2878 3537 in
2909 3485 3094 3555 regula
3130 3484 3444 3554 praecipitur
3467 3475 3579 3540 :Ine
3607 3486 3810 3540 saltem

2178 3593 2180 3596 ·
2206 3572 2406 3642 aliquis
2427 3573 2718 3644 epise0pus
2755 3575 3150 3644 subjectionem
3174 3576 3243 3630 ab
3275 3577 3354 3631 eis
3376 3576 3644 3645 requirat,
3661 3592 3807 3646 quos

2208 3663 2543 3719 Ordinaverit
2572 3685 2586 3720 :
2620 3681 2720 3722 nec
2772 3683 3014 3738 unquam
3073 3667 3248 3724 ofﬁcio
3296 3669 3491 3740 dignos
3543 3669 3810 3726 ordinare

2205 3755 2446 3814 diﬁ‘erat.

2276 3843 2518 3917 Denique
2551 3847 2598 3902 si
2626 3847 2916 3918 contigerit
2965 3857 3028 3904 ut
3063 3849 3232 3905 abbas
3280 3857 3573 3906 accusetur
3612 3853 3801 3908 crimi-

2205 3935 2422 3992 nalibus
2460 3939 2665 4005 causis,
2689 3956 2799 3993 non
2824 3941 2987 3995 unius
3027 3943 3268 4012 episcOpi
3292 3943 3502 4013 judicio
3537 3945 3798 4000 determi-

2204 4037 2364 4083 netur
2388 4031 2676 4104 sententia,
2705 4024 2798 4086 sed
2823 4033 3173 4101 provincialis
3207 4037 3425 4091 concilii
3451 4047 3799 4108 exspectetur

2203 4138 2466 4190 censura;
2504 4132 2599 4178 aut
2633 4124 2680 4179 si
2715 4123 2852 4180 forte
2877 4125 3138 4182 maluerit
3159 4129 3427 4198 appellare
3451 4131 3639 4184 sedem
3661 4147 3794 4201 apo-

2204 4215 2474 4284 stolicam,
2497 4231 2586 4272 res
2605 4217 2674 4272 ad
2711 4215 2948 4274 Romani
2971 4219 3241 4290 pontiﬁcis
3262 4220 3540 4276 deferatur
3566 4223 3794 4277 audien-

2205 4305 2356 4362 tiam.
2374 4305 2441 4362 Et
2460 4309 2893 4381 quotiescunque
2913 4313 3212 4368 necessitas
3231 4314 3445 4384 urgebit
3462 4329 3589 4368 eum
3607 4312 3796 4371 venire

2204 4396 2456 4469 Romam,
2483 4401 2535 4455 ei
2569 4399 2626 4456 in
2668 4402 2925 4458 omnibus
2960 4403 3139 4460 liceat.
3185 4403 3288 4460 Sed
3342 4414 3397 4460 et
3440 4407 3689 4463 solvendi
3741 4417 3796 4464 et

2201 4490 2402 4561 ligandi
2427 4507 2547 4547 eam
2593 4501 2917 4568 potestatem
2953 4495 3154 4553 habeas
3197 4514 3363 4568 quam
3417 4508 3792 4556 antecessores

2203 4584 2283 4639 tui
2309 4601 2404 4655 per
2438 4585 2682 4641 Romana
2714 4587 2992 4659 privilegia
3017 4590 3320 4660 probantur
3340 4591 3618 4647 habuisse.
3635 4593 3788 4661 Quod

2205 4676 2527 4747 si-peccatis
2571 4677 2939 4735 habitatorum
2990 4690 3149 4738 terra:
3179 4682 3542 4754 exigentibus,
3566 4702 3786 4741 excom-

2113 4779 2127 4790 '
2203 4768 2596 4825 municationis
2618 4771 2911 4827 anathema
2931 4772 2998 4826 ad
3027 4787 3125 4827 eos
3167 4775 3492 4843 pervenerit,
3528 4775 3582 4830 id
3631 4778 3777 4847 privi-

2202 4857 2404 4930 legium
2463 4860 2639 4916 eidem
2692 4862 3030 4918 monasterio
3079 4864 3432 4932 indulsimus,
3479 4875 3540 4921 nt
3587 4867 3786 4924 fratres

2200 4949 2444 5020 ejusdem
2469 4954 2927 5025 congregationis,
2951 4955 3190 5012 exclusis
3220 4957 3344 5013 aliis
3379 4959 3662 5026 omnibus,
3682 4961 3780 5030 ipsi

2197 5041 2438 5098 absoluti
2472 5044 2717 5099 divinum
2747 5044 2981 5101 olﬁcium
3008 5057 3286 5119 peragant.
3328 5048 3517 5104 Visum
3564 5066 3780 5122 quoque

2194 5134 2354 5188 nobis
2387 5144 2492 5201 est,
2522 5144 2582 5190 ut
2621 5135 2763 5192 hanc
2805 5137 3080 5193 licentiam
3133 5140 3307 5194 eidem
3355 5142 3698 5196 tribuamus:
3724 5152 3779 5197 ut

2193 5223 2409 5293 fratres,
2436 5228 2531 5298 qui
2582 5228 2637 5282 in
2688 5230 3016 5300 quibusdam
3061 5232 3327 5288 coenobiis
3372 5233 3593 5304 degunt,
3632 5235 3774 5304 quod
