  <div class='ocr_page' id='page_1' title='image "/cluster/home/n/w/nwhite01/storage/ocr_20150623/146/hvd.32044015471832/698.png"; bbox 0 0 4022 5340; ppageno 0'>
   <div class='ocr_carea' id='block_1_1' title="bbox 220 226 361 291">
    <p class='ocr_par' dir='ltr' id='par_1_1' title="bbox 220 226 361 291">
     <span class='ocr_line' id='line_1_1' title="bbox 220 226 361 291; baseline -0.014 -2"><span class='ocrx_word' id='word_1_1' title='bbox 220 226 361 291; x_wconf 69' lang='grc'><strong>157⁸1</strong></span> 
     </span>
    </p>
   </div>
   <div class='ocr_carea' id='block_1_2' title="bbox 1386 209 2298 280">
    <p class='ocr_par' dir='ltr' id='par_1_2' title="bbox 1386 209 2298 280">
     <span class='ocr_line' id='line_1_2' title="bbox 1386 209 2298 280; baseline -0.008 0"><span class='ocrx_word' id='word_1_2' title='bbox 1386 213 1746 280; x_wconf 66' lang='grc' dir='ltr'><strong>ΕΡΙῧΤΟιλΕ</strong></span> <span class='ocrx_word' id='word_1_3' title='bbox 1778 216 1867 277; x_wconf 79' lang='grc' dir='ltr'><strong>ΕΤ</strong></span> <span class='ocrx_word' id='word_1_4' title='bbox 1906 209 2298 277; x_wconf 73' lang='lat' dir='ltr'><strong>DIPLOMATA</strong></span> 
     </span>
    </p>
   </div>
   <div class='ocr_carea' id='block_1_3' title="bbox 3350 212 3491 271">
    <p class='ocr_par' dir='ltr' id='par_1_3' title="bbox 3350 212 3491 271">
     <span class='ocr_line' id='line_1_3' title="bbox 3350 212 3491 271; baseline 0.014 -2"><span class='ocrx_word' id='word_1_5' title='bbox 3350 212 3491 271; x_wconf 72' lang='grc'>1578</span> 
     </span>
    </p>
   </div>
   <div class='ocr_carea' id='block_1_4' title="bbox 218 326 3493 415">
    <p class='ocr_par' dir='ltr' id='par_1_4' title="bbox 218 326 3493 415">
     <span class='ocr_line' id='line_1_4' title="bbox 218 326 3493 415; baseline -0.008 -4"><span class='ocrx_word' id='word_1_6' title='bbox 218 366 453 410; x_wconf 78' lang='lat' dir='ltr'><strong>onerosa</strong></span> <span class='ocrx_word' id='word_1_7' title='bbox 476 345 819 407; x_wconf 71' lang='lat' dir='ltr'><strong>mmet-satio</strong></span> <span class='ocrx_word' id='word_1_8' title='bbox 840 342 1024 411; x_wconf 88' lang='lat' dir='ltr'><strong>fuerit,</strong></span> <span class='ocrx_word' id='word_1_9' title='bbox 1050 343 1167 415; x_wconf 87' lang='lat' dir='ltr'><strong>ipse</strong></span> <span class='ocrx_word' id='word_1_10' title='bbox 1188 343 1372 415; x_wconf 78' lang='lat' dir='ltr'><strong>potius</strong></span> <span class='ocrx_word' id='word_1_11' title='bbox 1397 359 1521 398; x_wconf 87' lang='lat' dir='ltr'><strong>cum</strong></span> <span class='ocrx_word' id='word_1_12' title='bbox 1557 358 1659 397; x_wconf 90' lang='lat' dir='ltr'><strong>suo</strong></span> <span class='ocrx_word' id='word_1_13' title='bbox 1703 341 1799 396; x_wconf 86' lang='lat' dir='ltr'><strong>dc-</strong></span> <span class='ocrx_word' id='word_1_14' title='bbox 1828 350 1876 407; x_wconf 74' lang='grc' dir='ltr'><strong>Α</strong></span> <span class='ocrx_word' id='word_1_15' title='bbox 1900 337 2027 393; x_wconf 80' lang='lat' dir='ltr'><strong>filiis</strong></span> <span class='ocrx_word' id='word_1_16' title='bbox 2053 336 2306 393; x_wconf 81' lang='lat' dir='ltr'><strong>fidelibus</strong></span> <span class='ocrx_word' id='word_1_17' title='bbox 2340 336 2483 391; x_wconf 88' lang='lat' dir='ltr'><strong>intra</strong></span> <span class='ocrx_word' id='word_1_18' title='bbox 2534 328 2802 406; x_wconf 82' lang='lat' dir='ltr'><strong>gremium</strong></span> <span class='ocrx_word' id='word_1_19' title='bbox 2844 326 3158 387; x_wconf 75' lang='lat' dir='ltr'><strong>constitutis</strong></span> <span class='ocrx_word' id='word_1_20' title='bbox 3201 345 3493 388; x_wconf 78' lang='lat' dir='ltr'><strong>sacrosan-</strong></span> 
     </span>
    </p>
   </div>
   <div class='ocr_carea' id='block_1_5' title="bbox 216 434 1409 510">
    <p class='ocr_par' dir='ltr' id='par_1_5' title="bbox 216 434 1409 510">
     <span class='ocr_line' id='line_1_5' title="bbox 216 434 1409 510; baseline -0.011 -9"><span class='ocrx_word' id='word_1_21' title='bbox 216 437 478 503; x_wconf 82' lang='lat' dir='ltr'><strong>trimento</strong></span> <span class='ocrx_word' id='word_1_22' title='bbox 499 440 759 507; x_wconf 83' lang='lat' dir='ltr'><strong>discedat,</strong></span> <span class='ocrx_word' id='word_1_23' title='bbox 790 454 954 510; x_wconf 78' lang='lat' dir='ltr'><strong>quam</strong></span> <span class='ocrx_word' id='word_1_24' title='bbox 977 436 1115 492; x_wconf 90' lang='lat' dir='ltr'><strong>alios</strong></span> <span class='ocrx_word' id='word_1_25' title='bbox 1154 434 1409 508; x_wconf 88' lang='lat' dir='ltr'><strong>inquiret.</strong></span> 
     </span>
    </p>
   </div>
   <div class='ocr_carea' id='block_1_6' title="bbox 290 524 1804 607">
    <p class='ocr_par' dir='ltr' id='par_1_6' title="bbox 290 524 1804 607">
     <span class='ocr_line' id='line_1_6' title="bbox 290 524 1804 607; baseline -0.009 -15"><span class='ocrx_word' id='word_1_26' title='bbox 290 536 416 592; x_wconf 81' lang='lat' dir='ltr'><strong>Hac</strong></span> <span class='ocrx_word' id='word_1_27' title='bbox 442 526 606 607; x_wconf 82' lang='lat' dir='ltr'><strong>igitur</strong></span> <span class='ocrx_word' id='word_1_28' title='bbox 632 531 837 597; x_wconf 84' lang='lat' dir='ltr'><strong>omnia,</strong></span> <span class='ocrx_word' id='word_1_29' title='bbox 862 546 984 601; x_wconf 85' lang='lat' dir='ltr'><strong>qua</strong></span> <span class='ocrx_word' id='word_1_30' title='bbox 1011 526 1177 599; x_wconf 85' lang='lat' dir='ltr'><strong>hujus</strong></span> <span class='ocrx_word' id='word_1_31' title='bbox 1215 526 1468 599; x_wconf 84' lang='lat' dir='ltr'><strong>pracepti</strong></span> <span class='ocrx_word' id='word_1_32' title='bbox 1493 524 1804 596; x_wconf 76' lang='lat' dir='ltr'><strong>decretique</strong></span> 
     </span>
    </p>
   </div>
   <div class='ocr_carea' id='block_1_7' title="bbox 217 618 1805 698">
    <p class='ocr_par' dir='ltr' id='par_1_7' title="bbox 217 618 1805 698">
     <span class='ocr_line' id='line_1_7' title="bbox 217 618 1805 698; baseline -0.01 -12"><span class='ocrx_word' id='word_1_33' title='bbox 217 629 392 686; x_wconf 81' lang='lat' dir='ltr'><strong>nostri</strong></span> <span class='ocrx_word' id='word_1_34' title='bbox 418 627 614 698; x_wconf 78' lang='lat' dir='ltr'><strong>pagina</strong></span> <span class='ocrx_word' id='word_1_35' title='bbox 635 623 896 689; x_wconf 81' lang='lat' dir='ltr'><strong>continet,</strong></span> <span class='ocrx_word' id='word_1_36' title='bbox 920 630 1032 677; x_wconf 87' lang='lat' dir='ltr'><strong>tam</strong></span> <span class='ocrx_word' id='word_1_37' title='bbox 1059 620 1233 676; x_wconf 90' lang='lat' dir='ltr'><strong>eidem</strong></span> <span class='ocrx_word' id='word_1_38' title='bbox 1263 618 1442 674; x_wconf 82' lang='lat' dir='ltr'><strong>abbati</strong></span> <span class='ocrx_word' id='word_1_39' title='bbox 1464 629 1632 690; x_wconf 70' lang='lat' dir='ltr'><strong>quam</strong></span> <span class='ocrx_word' id='word_1_40' title='bbox 1668 625 1805 673; x_wconf 88' lang='lat' dir='ltr'><strong>cun-</strong></span> 
     </span>
    </p>
   </div>
   <div class='ocr_carea' id='block_1_8' title="bbox 215 708 1805 789">
    <p class='ocr_par' dir='ltr' id='par_1_8' title="bbox 215 708 1805 789">
     <span class='ocr_line' id='line_1_8' title="bbox 215 708 1805 789; baseline -0.009 -11"><span class='ocrx_word' id='word_1_41' title='bbox 215 723 321 778; x_wconf 92' lang='lat' dir='ltr'><strong>ctis</strong></span> <span class='ocrx_word' id='word_1_42' title='bbox 362 720 418 776; x_wconf 92' lang='lat' dir='ltr'><strong>in</strong></span> <span class='ocrx_word' id='word_1_43' title='bbox 448 735 515 775; x_wconf 90' lang='lat' dir='ltr'><strong>eo</strong></span> <span class='ocrx_word' id='word_1_44' title='bbox 558 718 614 772; x_wconf 92' lang='lat' dir='ltr'><strong>in</strong></span> <span class='ocrx_word' id='word_1_45' title='bbox 648 731 760 789; x_wconf 91' lang='lat' dir='ltr'><strong>quo</strong></span> <span class='ocrx_word' id='word_1_46' title='bbox 784 722 888 781; x_wconf 89' lang='lat' dir='ltr'><strong>est,</strong></span> <span class='ocrx_word' id='word_1_47' title='bbox 911 714 1102 779; x_wconf 83' lang='lat' dir='ltr'><strong>ordine</strong></span> <span class='ocrx_word' id='word_1_48' title='bbox 1121 712 1352 782; x_wconf 89' lang='lat' dir='ltr'><strong>locoque</strong></span> <span class='ocrx_word' id='word_1_49' title='bbox 1372 709 1731 781; x_wconf 82' lang='lat' dir='ltr'><strong>successuris,</strong></span> <span class='ocrx_word' id='word_1_50' title='bbox 1748 708 1805 763; x_wconf 91' lang='lat' dir='ltr'><strong>in</strong></span> 
     </span>
    </p>
   </div>
   <div class='ocr_carea' id='block_1_9' title="bbox 216 798 1802 885">
    <p class='ocr_par' dir='ltr' id='par_1_9' title="bbox 216 798 1802 885">
     <span class='ocr_line' id='line_1_9' title="bbox 216 798 1802 885; baseline -0.008 -17"><span class='ocrx_word' id='word_1_51' title='bbox 216 820 540 885; x_wconf 88' lang='lat' dir='ltr'><strong>perpetuum</strong></span> <span class='ocrx_word' id='word_1_52' title='bbox 584 806 850 865; x_wconf 86' lang='lat' dir='ltr'><strong>servanda</strong></span> <span class='ocrx_word' id='word_1_53' title='bbox 895 806 1261 862; x_wconf 75' lang='lat' dir='ltr'><strong>decernimus.</strong></span> <span class='ocrx_word' id='word_1_54' title='bbox 1296 798 1355 859; x_wconf 89' lang='lat' dir='ltr'><strong>Si</strong></span> <span class='ocrx_word' id='word_1_55' title='bbox 1401 804 1528 876; x_wconf 87' lang='lat' dir='ltr'><strong>quis</strong></span> <span class='ocrx_word' id='word_1_56' title='bbox 1556 816 1686 857; x_wconf 87' lang='lat' dir='ltr'><strong>vero</strong></span> <span class='ocrx_word' id='word_1_57' title='bbox 1710 817 1802 857; x_wconf 85' lang='lat' dir='ltr'><strong>re-</strong></span> 
     </span>
    </p>
   </div>
   <div class='ocr_carea' id='block_1_10' title="bbox 216 895 1801 975">
    <p class='ocr_par' dir='ltr' id='par_1_10' title="bbox 216 895 1801 975">
     <span class='ocr_line' id='line_1_10' title="bbox 216 895 1801 975; baseline -0.007 -16"><span class='ocrx_word' id='word_1_58' title='bbox 216 919 369 975; x_wconf 87' lang='lat' dir='ltr'><strong>gum,</strong></span> <span class='ocrx_word' id='word_1_59' title='bbox 414 901 761 959; x_wconf 79' lang='lat' dir='ltr'><strong>sacerdotum</strong></span> <span class='ocrx_word' id='word_1_60' title='bbox 811 906 975 970; x_wconf 85' lang='lat' dir='ltr'><strong>atque</strong></span> <span class='ocrx_word' id='word_1_61' title='bbox 1008 895 1376 968; x_wconf 83' lang='lat' dir='ltr'><strong>quarumlibet</strong></span> <span class='ocrx_word' id='word_1_62' title='bbox 1418 906 1801 967; x_wconf 80' lang='lat' dir='ltr'><strong>personarum,</strong></span> 
     </span>
    </p>
   </div>
   <div class='ocr_carea' id='block_1_11' title="bbox 218 991 1804 1062">
    <p class='ocr_par' dir='ltr' id='par_1_11' title="bbox 218 991 1804 1062">
     <span class='ocr_line' id='line_1_11' title="bbox 218 991 1804 1062; baseline -0.006 -12"><span class='ocrx_word' id='word_1_63' title='bbox 218 996 362 1052; x_wconf 86' lang='lat' dir='ltr'><strong>hanc</strong></span> <span class='ocrx_word' id='word_1_64' title='bbox 381 993 793 1051; x_wconf 82' lang='lat' dir='ltr'><strong>constitutionis</strong></span> <span class='ocrx_word' id='word_1_65' title='bbox 823 999 1026 1046; x_wconf 84' lang='lat' dir='ltr'><strong>nostra</strong></span> <span class='ocrx_word' id='word_1_66' title='bbox 1055 991 1308 1062; x_wconf 80' lang='lat' dir='ltr'><strong>paginam</strong></span> <span class='ocrx_word' id='word_1_67' title='bbox 1332 1002 1804 1060; x_wconf 78' lang='lat' dir='ltr'><strong>agnoscens,con—</strong></span> 
     </span>
    </p>
   </div>
   <div class='ocr_carea' id='block_1_12' title="bbox 219 1078 1805 1150">
    <p class='ocr_par' dir='ltr' id='par_1_12' title="bbox 219 1078 1805 1150">
     <span class='ocr_line' id='line_1_12' title="bbox 219 1078 1805 1150; baseline -0.006 -5"><span class='ocrx_word' id='word_1_68' title='bbox 219 1096 303 1144; x_wconf 88' lang='lat' dir='ltr'><strong>tra</strong></span> <span class='ocrx_word' id='word_1_69' title='bbox 326 1103 449 1144; x_wconf 87' lang='lat' dir='ltr'><strong>eam</strong></span> <span class='ocrx_word' id='word_1_70' title='bbox 472 1086 659 1143; x_wconf 88' lang='lat' dir='ltr'><strong>venire</strong></span> <span class='ocrx_word' id='word_1_71' title='bbox 688 1083 999 1150; x_wconf 87' lang='lat' dir='ltr'><strong>tentaverit,</strong></span> <span class='ocrx_word' id='word_1_72' title='bbox 1046 1082 1133 1137; x_wconf 71' lang='lat' dir='ltr'><strong>Vel</strong></span> <span class='ocrx_word' id='word_1_73' title='bbox 1188 1082 1256 1137; x_wconf 86' lang='lat' dir='ltr'><strong>de</strong></span> <span class='ocrx_word' id='word_1_74' title='bbox 1298 1079 1529 1137; x_wconf 83' lang='lat' dir='ltr'><strong>ecclesia</strong></span> <span class='ocrx_word' id='word_1_75' title='bbox 1589 1078 1805 1135; x_wconf 86' lang='lat' dir='ltr'><strong>Sancta</strong></span> 
     </span>
    </p>
   </div>
   <div class='ocr_carea' id='block_1_13' title="bbox 218 1171 1806 1248">
    <p class='ocr_par' dir='ltr' id='par_1_13' title="bbox 218 1171 1806 1248">
     <span class='ocr_line' id='line_1_13' title="bbox 218 1171 1806 1248; baseline -0.006 -12"><span class='ocrx_word' id='word_1_76' title='bbox 218 1179 404 1237; x_wconf 74' lang='lat' dir='ltr'><strong>Maria</strong></span> <span class='ocrx_word' id='word_1_77' title='bbox 437 1193 564 1236; x_wconf 89' lang='lat' dir='ltr'><strong>cum</strong></span> <span class='ocrx_word' id='word_1_78' title='bbox 603 1176 863 1234; x_wconf 88' lang='lat' dir='ltr'><strong>omnibus</strong></span> <span class='ocrx_word' id='word_1_79' title='bbox 906 1173 1264 1248; x_wconf 81' lang='lat' dir='ltr'><strong>appendiciis,</strong></span> <span class='ocrx_word' id='word_1_80' title='bbox 1306 1172 1704 1246; x_wconf 84' lang='lat' dir='ltr'><strong>pertinentibus</strong></span> <span class='ocrx_word' id='word_1_81' title='bbox 1734 1171 1806 1227; x_wconf 84' lang='lat' dir='ltr'><strong>ad</strong></span> 
     </span>
    </p>
   </div>
   <div class='ocr_carea' id='block_1_14' title="bbox 214 1260 1803 1346">
    <p class='ocr_par' dir='ltr' id='par_1_14' title="bbox 214 1260 1803 1346">
     <span class='ocr_line' id='line_1_14' title="bbox 214 1260 1803 1346; baseline -0.006 -16"><span class='ocrx_word' id='word_1_82' title='bbox 214 1275 396 1346; x_wconf 84' lang='lat' dir='ltr'><strong>ipsam</strong></span> <span class='ocrx_word' id='word_1_83' title='bbox 418 1271 705 1329; x_wconf 87' lang='lat' dir='ltr'><strong>ecclesiam</strong></span> <span class='ocrx_word' id='word_1_84' title='bbox 724 1306 740 1337; x_wconf 83' lang='lat'><strong>,</strong></span> <span class='ocrx_word' id='word_1_85' title='bbox 763 1283 887 1342; x_wconf 88' lang='lat' dir='ltr'><strong>qua</strong></span> <span class='ocrx_word' id='word_1_86' title='bbox 915 1274 1001 1326; x_wconf 80' lang='lat' dir='ltr'><strong>est</strong></span> <span class='ocrx_word' id='word_1_87' title='bbox 1039 1269 1095 1323; x_wconf 91' lang='lat' dir='ltr'><strong>in</strong></span> <span class='ocrx_word' id='word_1_88' title='bbox 1139 1276 1322 1324; x_wconf 90' lang='lat' dir='ltr'><strong>castro</strong></span> <span class='ocrx_word' id='word_1_89' title='bbox 1358 1260 1546 1323; x_wconf 82' lang='lat' dir='ltr'><strong>Sancti</strong></span> <span class='ocrx_word' id='word_1_90' title='bbox 1592 1264 1803 1333; x_wconf 89' lang='lat' dir='ltr'><strong>Brictii,</strong></span> 
     </span>
    </p>
   </div>
   <div class='ocr_carea' id='block_1_15' title="bbox 214 1357 1802 1439">
    <p class='ocr_par' dir='ltr' id='par_1_15' title="bbox 214 1357 1802 1439">
     <span class='ocr_line' id='line_1_15' title="bbox 214 1357 1802 1439; baseline -0.006 -18"><span class='ocrx_word' id='word_1_91' title='bbox 214 1381 387 1439; x_wconf 82' lang='lat' dir='ltr'><strong>quam</strong></span> <span class='ocrx_word' id='word_1_92' title='bbox 412 1361 687 1419; x_wconf 78' lang='lat' dir='ltr'><strong>Robertus</strong></span> <span class='ocrx_word' id='word_1_93' title='bbox 711 1360 969 1416; x_wconf 85' lang='lat' dir='ltr'><strong>dominus</strong></span> <span class='ocrx_word' id='word_1_94' title='bbox 1004 1358 1177 1431; x_wconf 88' lang='lat' dir='ltr'><strong>ipsius</strong></span> <span class='ocrx_word' id='word_1_95' title='bbox 1211 1358 1376 1413; x_wconf 84' lang='lat' dir='ltr'><strong>castri</strong></span> <span class='ocrx_word' id='word_1_96' title='bbox 1397 1357 1499 1429; x_wconf 87' lang='lat' dir='ltr'><strong>ipsi</strong></span> <span class='ocrx_word' id='word_1_97' title='bbox 1523 1364 1802 1413; x_wconf 89' lang='lat' dir='ltr'><strong>monaste-</strong></span> 
     </span>
    </p>
   </div>
   <div class='ocr_carea' id='block_1_16' title="bbox 216 1448 1804 1526">
    <p class='ocr_par' dir='ltr' id='par_1_16' title="bbox 216 1448 1804 1526">
     <span class='ocr_line' id='line_1_16' title="bbox 216 1448 1804 1526; baseline -0.006 -12"><span class='ocrx_word' id='word_1_98' title='bbox 216 1459 302 1514; x_wconf 88' lang='lat' dir='ltr'><strong>rio</strong></span> <span class='ocrx_word' id='word_1_99' title='bbox 323 1455 573 1522; x_wconf 91' lang='lat' dir='ltr'><strong>contulit,</strong></span> <span class='ocrx_word' id='word_1_100' title='bbox 606 1453 811 1526; x_wconf 87' lang='lat' dir='ltr'><strong>aliquid</strong></span> <span class='ocrx_word' id='word_1_101' title='bbox 830 1451 1136 1519; x_wconf 88' lang='lat' dir='ltr'><strong>abstulerit,</strong></span> <span class='ocrx_word' id='word_1_102' title='bbox 1160 1451 1447 1521; x_wconf 80' lang='lat' dir='ltr'><strong>potestatis</strong></span> <span class='ocrx_word' id='word_1_103' title='bbox 1467 1448 1804 1520; x_wconf 86' lang='lat' dir='ltr'><strong>honorisque</strong></span> 
     </span>
    </p>
   </div>
   <div class='ocr_carea' id='block_1_17' title="bbox 218 1541 1805 1621">
    <p class='ocr_par' dir='ltr' id='par_1_17' title="bbox 218 1541 1805 1621">
     <span class='ocr_line' id='line_1_17' title="bbox 218 1541 1805 1621; baseline -0.006 -16"><span class='ocrx_word' id='word_1_104' title='bbox 218 1550 303 1606; x_wconf 89' lang='lat' dir='ltr'><strong>sui</strong></span> <span class='ocrx_word' id='word_1_105' title='bbox 339 1549 601 1621; x_wconf 79' lang='lat' dir='ltr'><strong>dignitate</strong></span> <span class='ocrx_word' id='word_1_106' title='bbox 626 1553 832 1613; x_wconf 89' lang='lat' dir='ltr'><strong>careat,</strong></span> <span class='ocrx_word' id='word_1_107' title='bbox 873 1558 1137 1615; x_wconf 85' lang='lat' dir='ltr'><strong>reumque</strong></span> <span class='ocrx_word' id='word_1_108' title='bbox 1165 1559 1224 1599; x_wconf 90' lang='lat' dir='ltr'><strong>se</strong></span> <span class='ocrx_word' id='word_1_109' title='bbox 1251 1542 1437 1599; x_wconf 87' lang='lat' dir='ltr'><strong>divino</strong></span> <span class='ocrx_word' id='word_1_110' title='bbox 1454 1542 1665 1614; x_wconf 89' lang='lat' dir='ltr'><strong>judicio</strong></span> <span class='ocrx_word' id='word_1_111' title='bbox 1686 1541 1805 1598; x_wconf 77' lang='lat' dir='ltr'><strong>exi-</strong></span> 
     </span>
    </p>
   </div>
   <div class='ocr_carea' id='block_1_18' title="bbox 214 1634 1801 1712">
    <p class='ocr_par' dir='ltr' id='par_1_18' title="bbox 214 1634 1801 1712">
     <span class='ocr_line' id='line_1_18' title="bbox 214 1634 1801 1712; baseline -0.006 -14"><span class='ocrx_word' id='word_1_112' title='bbox 214 1647 361 1698; x_wconf 87' lang='lat' dir='ltr'><strong>stere</strong></span> <span class='ocrx_word' id='word_1_113' title='bbox 391 1642 457 1697; x_wconf 88' lang='lat' dir='ltr'><strong>de</strong></span> <span class='ocrx_word' id='word_1_114' title='bbox 480 1646 787 1712; x_wconf 90' lang='lat' dir='ltr'><strong>perpetrata</strong></span> <span class='ocrx_word' id='word_1_115' title='bbox 808 1638 1093 1709; x_wconf 86' lang='lat' dir='ltr'><strong>iniquitate</strong></span> <span class='ocrx_word' id='word_1_116' title='bbox 1113 1644 1393 1709; x_wconf 83' lang='lat' dir='ltr'><strong>agnoscat.</strong></span> <span class='ocrx_word' id='word_1_117' title='bbox 1420 1634 1487 1689; x_wconf 86' lang='lat' dir='ltr'><strong>Et</strong></span> <span class='ocrx_word' id='word_1_118' title='bbox 1532 1634 1639 1691; x_wconf 88' lang='lat' dir='ltr'><strong>nisi</strong></span> <span class='ocrx_word' id='word_1_119' title='bbox 1689 1634 1801 1701; x_wconf 88' lang='lat' dir='ltr'><strong>illa,</strong></span> 
     </span>
    </p>
   </div>
   <div class='ocr_carea' id='block_1_19' title="bbox 1904 422 3494 497">
    <p class='ocr_par' dir='ltr' id='par_1_19' title="bbox 1904 422 3494 497">
     <span class='ocr_line' id='line_1_19' title="bbox 1904 422 3494 497; baseline -0.003 -11"><span class='ocrx_word' id='word_1_120' title='bbox 1904 436 2005 486; x_wconf 86' lang='lat' dir='ltr'><strong>cta</strong></span> <span class='ocrx_word' id='word_1_121' title='bbox 2026 429 2222 485; x_wconf 89' lang='lat' dir='ltr'><strong>matris</strong></span> <span class='ocrx_word' id='word_1_122' title='bbox 2244 427 2523 493; x_wconf 86' lang='lat' dir='ltr'><strong>Ecclesia,</strong></span> <span class='ocrx_word' id='word_1_123' title='bbox 2554 426 2790 497; x_wconf 86' lang='lat' dir='ltr'><strong>qualiter</strong></span> <span class='ocrx_word' id='word_1_124' title='bbox 2835 422 3084 479; x_wconf 91' lang='lat' dir='ltr'><strong>nonnulli</strong></span> <span class='ocrx_word' id='word_1_125' title='bbox 3113 438 3181 480; x_wconf 78' lang='lat' dir='ltr'><strong>ex</strong></span> <span class='ocrx_word' id='word_1_126' title='bbox 3207 425 3494 481; x_wconf 71' lang='lat' dir='ltr'><strong>reverendi</strong></span> 
     </span>
    </p>
   </div>
   <div class='ocr_carea' id='block_1_20' title="bbox 1905 515 3497 592">
    <p class='ocr_par' dir='ltr' id='par_1_20' title="bbox 1905 515 3497 592">
     <span class='ocr_line' id='line_1_20' title="bbox 1905 515 3497 592; baseline -0.003 -14"><span class='ocrx_word' id='word_1_127' title='bbox 1905 520 2037 578; x_wconf 90' lang='lat' dir='ltr'><strong>cieri</strong></span> <span class='ocrx_word' id='word_1_128' title='bbox 2095 519 2323 592; x_wconf 90' lang='lat' dir='ltr'><strong>collegio</strong></span> <span class='ocrx_word' id='word_1_129' title='bbox 2363 517 2508 574; x_wconf 88' lang='lat' dir='ltr'><strong>beati</strong></span> <span class='ocrx_word' id='word_1_130' title='bbox 2569 516 2842 573; x_wconf 74' lang='lat' dir='ltr'><strong>Vincentii</strong></span> <span class='ocrx_word' id='word_1_131' title='bbox 2884 515 3272 573; x_wconf 79' lang='lat' dir='ltr'><strong>Cabllonen&#39;si&#39;s</strong></span> <span class='ocrx_word' id='word_1_132' title='bbox 3307 518 3497 574; x_wconf 76' lang='lat' dir='ltr'><strong>cathe-</strong></span> 
     </span>
    </p>
   </div>
   <div class='ocr_carea' id='block_1_21' title="bbox 1904 608 3495 685">
    <p class='ocr_par' dir='ltr' id='par_1_21' title="bbox 1904 608 3495 685">
     <span class='ocr_line' id='line_1_21' title="bbox 1904 608 3495 685; baseline -0.003 -16"><span class='ocrx_word' id='word_1_133' title='bbox 1904 611 2038 680; x_wconf 83' lang='lat' dir='ltr'><strong>dra,</strong></span> <span class='ocrx_word' id='word_1_134' title='bbox 2060 612 2271 685; x_wconf 81' lang='lat' dir='ltr'><strong>pridem</strong></span> <span class='ocrx_word' id='word_1_135' title='bbox 2295 609 2679 667; x_wconf 83' lang='lat' dir='ltr'><strong>sacratissima</strong></span> <span class='ocrx_word' id='word_1_136' title='bbox 2697 608 3076 680; x_wconf 82' lang='lat' dir='ltr'><strong>apostolorum</strong></span> <span class='ocrx_word' id='word_1_137' title='bbox 3101 608 3250 665; x_wconf 86' lang='lat' dir='ltr'><strong>Petri</strong></span> <span class='ocrx_word' id='word_1_138' title='bbox 3273 617 3329 666; x_wconf 89' lang='lat' dir='ltr'><strong>et</strong></span> <span class='ocrx_word' id='word_1_139' title='bbox 3350 609 3495 665; x_wconf 84' lang='lat' dir='ltr'><strong>Pau-</strong></span> 
     </span>
    </p>
   </div>
   <div class='ocr_carea' id='block_1_22' title="bbox 1903 702 3497 775">
    <p class='ocr_par' dir='ltr' id='par_1_22' title="bbox 1903 702 3497 775">
     <span class='ocr_line' id='line_1_22' title="bbox 1903 702 3497 775; baseline -0.001 -14"><span class='ocrx_word' id='word_1_140' title='bbox 1903 703 1943 760; x_wconf 98' lang='lat' dir='ltr'><strong>li</strong></span> <span class='ocrx_word' id='word_1_141' title='bbox 1970 705 2158 761; x_wconf 88' lang='lat' dir='ltr'><strong>limina</strong></span> <span class='ocrx_word' id='word_1_142' title='bbox 2182 719 2246 759; x_wconf 89' lang='lat' dir='ltr'><strong>ac</strong></span> <span class='ocrx_word' id='word_1_143' title='bbox 2267 704 2535 775; x_wconf 87' lang='lat' dir='ltr'><strong>placidam</strong></span> <span class='ocrx_word' id='word_1_144' title='bbox 2577 711 2783 758; x_wconf 84' lang='lat' dir='ltr'><strong>nostra</strong></span> <span class='ocrx_word' id='word_1_145' title='bbox 2826 702 3138 757; x_wconf 83' lang='lat' dir='ltr'><strong>serenitatis</strong></span> <span class='ocrx_word' id='word_1_146' title='bbox 3166 703 3497 759; x_wconf 89' lang='lat' dir='ltr'><strong>studuerunt</strong></span> 
     </span>
    </p>
   </div>
   <div class='ocr_carea' id='block_1_23' title="bbox 1903 795 3497 877">
    <p class='ocr_par' dir='ltr' id='par_1_23' title="bbox 1903 795 3497 877">
     <span class='ocr_line' id='line_1_23' title="bbox 1903 795 3497 877; baseline -0.001 -25"><span class='ocrx_word' id='word_1_147' title='bbox 1903 796 2267 853; x_wconf 85' lang='lat' dir='ltr'><strong>reverentiam</strong></span> <span class='ocrx_word' id='word_1_148' title='bbox 2287 795 2459 863; x_wconf 89' lang='lat' dir='ltr'><strong>adire,</strong></span> <span class='ocrx_word' id='word_1_149' title='bbox 2475 795 2863 877; x_wconf 78' lang='lat' dir='ltr'><strong>submittentes</strong></span> <span class='ocrx_word' id='word_1_150' title='bbox 2875 795 3105 865; x_wconf 87' lang='lat' dir='ltr'><strong>supplici</strong></span> <span class='ocrx_word' id='word_1_151' title='bbox 3132 808 3293 877; x_wconf 85' lang='lat' dir='ltr'><strong>prece</strong></span> <span class='ocrx_word' id='word_1_152' title='bbox 3316 796 3370 850; x_wconf 90' lang='lat' dir='ltr'><strong>in</strong></span> <span class='ocrx_word' id='word_1_153' title='bbox 3393 810 3497 851; x_wconf 80' lang='lat' dir='ltr'><strong>no-</strong></span> 
     </span>
    </p>
   </div>
   <div class='ocr_carea' id='block_1_24' title="bbox 1902 876 3496 959">
    <p class='ocr_par' dir='ltr' id='par_1_24' title="bbox 1902 876 3496 959">
     <span class='ocr_line' id='line_1_24' title="bbox 1902 876 3496 959; baseline -0.001 -14"><span class='ocrx_word' id='word_1_154' title='bbox 1902 896 2033 945; x_wconf 84' lang='lat' dir='ltr'><strong>stra</strong></span> <span class='ocrx_word' id='word_1_155' title='bbox 2061 886 2402 959; x_wconf 85' lang='lat' dir='ltr'><strong>paternitatis</strong></span> <span class='ocrx_word' id='word_1_156' title='bbox 2453 876 2746 959; x_wconf 79' lang='lat' dir='ltr'><strong>prasentia</strong></span> <span class='ocrx_word' id='word_1_157' title='bbox 2783 887 3079 959; x_wconf 86' lang='lat' dir='ltr'><strong>quamdam</strong></span> <span class='ocrx_word' id='word_1_158' title='bbox 3121 876 3370 944; x_wconf 84' lang='lat' dir='ltr'><strong>nefanda</strong></span> <span class='ocrx_word' id='word_1_159' title='bbox 3408 888 3496 943; x_wconf 87' lang='lat' dir='ltr'><strong>fa—</strong></span> 
     </span>
    </p>
   </div>
   <div class='ocr_carea' id='block_1_25' title="bbox 1903 979 3495 1053">
    <p class='ocr_par' dir='ltr' id='par_1_25' title="bbox 1903 979 3495 1053">
     <span class='ocr_line' id='line_1_25' title="bbox 1903 979 3495 1053; baseline 0.001 -19"><span class='ocrx_word' id='word_1_160' title='bbox 1903 979 2105 1035; x_wconf 86' lang='lat' dir='ltr'><strong>ctionis</strong></span> <span class='ocrx_word' id='word_1_161' title='bbox 2169 979 2571 1051; x_wconf 83' lang='lat' dir='ltr'><strong>querimoniam</strong></span> <span class='ocrx_word' id='word_1_162' title='bbox 2640 995 2769 1036; x_wconf 88' lang='lat' dir='ltr'><strong>cum</strong></span> <span class='ocrx_word' id='word_1_163' title='bbox 2860 981 3128 1036; x_wconf 87' lang='lat' dir='ltr'><strong>canonica</strong></span> <span class='ocrx_word' id='word_1_164' title='bbox 3179 981 3495 1053; x_wconf 57' lang='lat' dir='ltr'><strong>proclamaa</strong></span> 
     </span>
    </p>
   </div>
   <div class='ocr_carea' id='block_1_26' title="bbox 1903 1071 3495 1142">
    <p class='ocr_par' dir='ltr' id='par_1_26' title="bbox 1903 1071 3495 1142">
     <span class='ocr_line' id='line_1_26' title="bbox 1903 1071 3495 1142; baseline 0.003 -16"><span class='ocrx_word' id='word_1_165' title='bbox 1903 1071 2054 1128; x_wconf 88' lang='lat' dir='ltr'><strong>tione</strong></span> <span class='ocrx_word' id='word_1_166' title='bbox 2073 1073 2139 1128; x_wconf 92' lang='lat' dir='ltr'><strong>de</strong></span> <span class='ocrx_word' id='word_1_167' title='bbox 2162 1071 2492 1142; x_wconf 87' lang='lat' dir='ltr'><strong>quibusdam</strong></span> <span class='ocrx_word' id='word_1_168' title='bbox 2524 1071 2736 1128; x_wconf 87' lang='lat' dir='ltr'><strong>scilicet</strong></span> <span class='ocrx_word' id='word_1_169' title='bbox 2793 1073 3043 1129; x_wconf 86' lang='lat' dir='ltr'><strong>ecclesiis</strong></span> <span class='ocrx_word' id='word_1_170' title='bbox 3073 1074 3495 1130; x_wconf 81' lang='lat' dir='ltr'><strong>communitatis</strong></span> 
     </span>
    </p>
   </div>
   <div class='ocr_carea' id='block_1_27' title="bbox 1901 1163 3490 1236">
    <p class='ocr_par' dir='ltr' id='par_1_27' title="bbox 1901 1163 3490 1236">
     <span class='ocr_line' id='line_1_27' title="bbox 1901 1163 3490 1236; baseline 0.001 -16"><span class='ocrx_word' id='word_1_171' title='bbox 1901 1172 2118 1232; x_wconf 83' lang='lat' dir='ltr'><strong>sua,et</strong></span> <span class='ocrx_word' id='word_1_172' title='bbox 2146 1164 2311 1219; x_wconf 87' lang='lat' dir='ltr'><strong>rebus</strong></span> <span class='ocrx_word' id='word_1_173' title='bbox 2348 1163 2553 1235; x_wconf 88' lang='lat' dir='ltr'><strong>proprii</strong></span> <span class='ocrx_word' id='word_1_174' title='bbox 2603 1164 2746 1236; x_wconf 88' lang='lat' dir='ltr'><strong>juris</strong></span> <span class='ocrx_word' id='word_1_175' title='bbox 2794 1181 2909 1222; x_wconf 81' lang='lat' dir='ltr'><strong>sua</strong></span> <span class='ocrx_word' id='word_1_176' title='bbox 2963 1166 3157 1222; x_wconf 87' lang='lat' dir='ltr'><strong>matris</strong></span> <span class='ocrx_word' id='word_1_177' title='bbox 3212 1165 3490 1235; x_wconf 87' lang='lat' dir='ltr'><strong>Ecclesia,</strong></span> 
     </span>
    </p>
   </div>
   <div class='ocr_carea' id='block_1_28' title="bbox 1901 1254 3491 1331">
    <p class='ocr_par' dir='ltr' id='par_1_28' title="bbox 1901 1254 3491 1331">
     <span class='ocr_line' id='line_1_28' title="bbox 1901 1254 3491 1331; baseline 0.004 -22"><span class='ocrx_word' id='word_1_178' title='bbox 1901 1269 2028 1326; x_wconf 82' lang='lat' dir='ltr'><strong>qua</strong></span> <span class='ocrx_word' id='word_1_179' title='bbox 2071 1254 2177 1311; x_wconf 90' lang='lat' dir='ltr'><strong>sibi</strong></span> <span class='ocrx_word' id='word_1_180' title='bbox 2236 1255 2468 1311; x_wconf 75' lang='lat' dir='ltr'><strong>violenta</strong></span> <span class='ocrx_word' id='word_1_181' title='bbox 2516 1254 2723 1312; x_wconf 89' lang='lat' dir='ltr'><strong>auferri</strong></span> <span class='ocrx_word' id='word_1_182' title='bbox 2779 1258 3107 1315; x_wconf 76' lang='lat' dir='ltr'><strong>videbantur</strong></span> <span class='ocrx_word' id='word_1_183' title='bbox 3162 1258 3491 1331; x_wconf 84' lang='lat' dir='ltr'><strong>direptione,</strong></span> 
     </span>
    </p>
   </div>
   <div class='ocr_carea' id='block_1_29' title="bbox 1902 1345 3493 1420">
    <p class='ocr_par' dir='ltr' id='par_1_29' title="bbox 1902 1345 3493 1420">
     <span class='ocr_line' id='line_1_29' title="bbox 1902 1345 3493 1420; baseline 0.003 -17"><span class='ocrx_word' id='word_1_184' title='bbox 1902 1345 2113 1403; x_wconf 84' lang='lat' dir='ltr'><strong>crudeli</strong></span> <span class='ocrx_word' id='word_1_185' title='bbox 2133 1362 2354 1418; x_wconf 88' lang='lat' dir='ltr'><strong>quoque</strong></span> <span class='ocrx_word' id='word_1_186' title='bbox 2378 1354 2434 1403; x_wconf 89' lang='lat' dir='ltr'><strong>et</strong></span> <span class='ocrx_word' id='word_1_187' title='bbox 2451 1347 2814 1404; x_wconf 89' lang='lat' dir='ltr'><strong>immoderata</strong></span> <span class='ocrx_word' id='word_1_188' title='bbox 2855 1351 3152 1420; x_wconf 86' lang='lat' dir='ltr'><strong>rapacitate</strong></span> <span class='ocrx_word' id='word_1_189' title='bbox 3171 1365 3283 1407; x_wconf 94' lang='lat' dir='ltr'><strong>non</strong></span> <span class='ocrx_word' id='word_1_190' title='bbox 3312 1346 3493 1408; x_wconf 84' lang='lat' dir='ltr'><strong>solum</strong></span> 
     </span>
    </p>
   </div>
   <div class='ocr_carea' id='block_1_30' title="bbox 1902 1438 3496 1513">
    <p class='ocr_par' dir='ltr' id='par_1_30' title="bbox 1902 1438 3496 1513">
     <span class='ocr_line' id='line_1_30' title="bbox 1902 1438 3496 1513; baseline 0.003 -19"><span class='ocrx_word' id='word_1_191' title='bbox 1902 1455 1937 1494; x_wconf 86' lang='lat' dir='ltr'><strong>a</strong></span> <span class='ocrx_word' id='word_1_192' title='bbox 1964 1438 2293 1510; x_wconf 87' lang='lat' dir='ltr'><strong>quibusdam</strong></span> <span class='ocrx_word' id='word_1_193' title='bbox 2321 1439 2645 1513; x_wconf 88' lang='lat' dir='ltr'><strong>irreligiosis</strong></span> <span class='ocrx_word' id='word_1_194' title='bbox 2663 1440 2819 1497; x_wconf 84' lang='lat' dir='ltr'><strong>laieis</strong></span> <span class='ocrx_word' id='word_1_195' title='bbox 2845 1441 3011 1512; x_wconf 85' lang='lat' dir='ltr'><strong>hujus</strong></span> <span class='ocrx_word' id='word_1_196' title='bbox 3034 1442 3322 1513; x_wconf 88' lang='lat' dir='ltr'><strong>potestatis</strong></span> <span class='ocrx_word' id='word_1_197' title='bbox 3336 1459 3496 1499; x_wconf 77' lang='lat' dir='ltr'><strong>mun-</strong></span> 
     </span>
    </p>
   </div>
   <div class='ocr_carea' id='block_1_31' title="bbox 1905 1531 3493 1607">
    <p class='ocr_par' dir='ltr' id='par_1_31' title="bbox 1905 1531 3493 1607">
     <span class='ocr_line' id='line_1_31' title="bbox 1905 1531 3493 1607; baseline 0.003 -20"><span class='ocrx_word' id='word_1_198' title='bbox 1905 1531 2080 1599; x_wconf 78' lang='lat' dir='ltr'><strong>dena,</strong></span> <span class='ocrx_word' id='word_1_199' title='bbox 2094 1547 2286 1587; x_wconf 82' lang='lat' dir='ltr'><strong>verum</strong></span> <span class='ocrx_word' id='word_1_200' title='bbox 2312 1533 2499 1601; x_wconf 92' lang='lat' dir='ltr'><strong>etiam,</strong></span> <span class='ocrx_word' id='word_1_201' title='bbox 2520 1549 2552 1588; x_wconf 92' lang='lat' dir='ltr'><strong>a</strong></span> <span class='ocrx_word' id='word_1_202' title='bbox 2579 1533 2859 1588; x_wconf 86' lang='lat' dir='ltr'><strong>nonnullis</strong></span> <span class='ocrx_word' id='word_1_203' title='bbox 2872 1535 3240 1591; x_wconf 76' lang='lat' dir='ltr'><strong>suaccclesia</strong></span> <span class='ocrx_word' id='word_1_204' title='bbox 3250 1536 3493 1607; x_wconf 70' lang='lat' dir='ltr'><strong>praelatis</strong></span> 
     </span>
    </p>
   </div>
   <div class='ocr_carea' id='block_1_32' title="bbox 1906 1621 3489 1698">
    <p class='ocr_par' dir='ltr' id='par_1_32' title="bbox 1906 1621 3489 1698">
     <span class='ocr_line' id='line_1_32' title="bbox 1906 1621 3489 1698; baseline 0.004 -22"><span class='ocrx_word' id='word_1_205' title='bbox 1906 1621 2105 1677; x_wconf 88' lang='lat' dir='ltr'><strong>similia</strong></span> <span class='ocrx_word' id='word_1_206' title='bbox 2126 1621 2235 1678; x_wconf 91' lang='lat' dir='ltr'><strong>illis</strong></span> <span class='ocrx_word' id='word_1_207' title='bbox 2262 1622 2628 1680; x_wconf 85' lang='lat' dir='ltr'><strong>inferentibus</strong></span> <span class='ocrx_word' id='word_1_208' title='bbox 2646 1625 2885 1680; x_wconf 87' lang='lat' dir='ltr'><strong>violenta</strong></span> <span class='ocrx_word' id='word_1_209' title='bbox 2917 1633 2972 1680; x_wconf 90' lang='lat' dir='ltr'><strong>et</strong></span> <span class='ocrx_word' id='word_1_210' title='bbox 2990 1626 3276 1698; x_wconf 85' lang='lat' dir='ltr'><strong>tyrannica</strong></span> <span class='ocrx_word' id='word_1_211' title='bbox 3293 1642 3489 1698; x_wconf 81' lang='lat' dir='ltr'><strong>perva-</strong></span> 
     </span>
    </p>
   </div>
   <div class='ocr_carea' id='block_1_33' title="bbox 214 1706 3491 1806">
    <p class='ocr_par' dir='ltr' id='par_1_33' title="bbox 214 1706 3491 1806">
     <span class='ocr_line' id='line_1_33' title="bbox 214 1706 3491 1806; baseline 0.001 -34"><span class='ocrx_word' id='word_1_212' title='bbox 214 1750 339 1806; x_wconf 66' lang='grc' dir='ltr'><strong>φιω</strong></span> <span class='ocrx_word' id='word_1_213' title='bbox 373 1733 444 1790; x_wconf 69' lang='lat' dir='ltr'><strong>ab</strong></span> <span class='ocrx_word' id='word_1_214' title='bbox 472 1706 565 1789; x_wconf 65' lang='lat'><strong>{110</strong></span> <span class='ocrx_word' id='word_1_215' title='bbox 579 1706 725 1789; x_wconf 37' lang='lat' dir='ltr'><strong>gum</strong></span> <span class='ocrx_word' id='word_1_216' title='bbox 748 1706 1125 1799; x_wconf 49' lang='lat' dir='ltr'><strong>male—ablata,</strong></span> <span class='ocrx_word' id='word_1_217' title='bbox 1154 1706 1486 1795; x_wconf 43' lang='grc' dir='ltr'><strong>ᾎἪειίωθιιίι,</strong></span> <span class='ocrx_word' id='word_1_218' title='bbox 1536 1734 1593 1782; x_wconf 70' lang='grc' dir='ltr'><strong>ει</strong></span> <span class='ocrx_word' id='word_1_219' title='bbox 1636 1726 1800 1799; x_wconf 61' lang='lat' dir='ltr'><strong>digna</strong></span> <span class='ocrx_word' id='word_1_220' title='bbox 1834 1706 1876 1764; x_wconf 86' lang='grc' dir='ltr'><strong>Β</strong></span> <span class='ocrx_word' id='word_1_221' title='bbox 1902 1712 2077 1770; x_wconf 87' lang='lat' dir='ltr'><strong>sione.</strong></span> <span class='ocrx_word' id='word_1_222' title='bbox 2125 1713 2375 1782; x_wconf 85' lang='lat' dir='ltr'><strong>Quorum</strong></span> <span class='ocrx_word' id='word_1_223' title='bbox 2414 1715 2714 1772; x_wconf 85' lang='lat' dir='ltr'><strong>miserabili</strong></span> <span class='ocrx_word' id='word_1_224' title='bbox 2756 1716 3115 1787; x_wconf 85' lang='lat' dir='ltr'><strong>querimonia</strong></span> <span class='ocrx_word' id='word_1_225' title='bbox 3150 1734 3214 1774; x_wconf 90' lang='lat' dir='ltr'><strong>ac</strong></span> <span class='ocrx_word' id='word_1_226' title='bbox 3242 1718 3491 1789; x_wconf 80' lang='lat' dir='ltr'><strong>petitioni</strong></span> 
     </span>
    </p>
   </div>
   <div class='ocr_carea' id='block_1_34' title="bbox 217 1818 1796 1889">
    <p class='ocr_par' dir='ltr' id='par_1_34' title="bbox 217 1818 1796 1889">
     <span class='ocr_line' id='line_1_34' title="bbox 217 1818 1796 1889; baseline -0.006 -6"><span class='ocrx_word' id='word_1_227' title='bbox 217 1824 589 1883; x_wconf 81' lang='lat' dir='ltr'><strong>satisfactione</strong></span> <span class='ocrx_word' id='word_1_228' title='bbox 616 1832 737 1880; x_wconf 86' lang='lat' dir='ltr'><strong>acta</strong></span> <span class='ocrx_word' id='word_1_229' title='bbox 758 1822 1150 1889; x_wconf 84' lang='lat' dir='ltr'><strong>emendaverit,</strong></span> <span class='ocrx_word' id='word_1_230' title='bbox 1186 1820 1292 1877; x_wconf 86' lang='lat' dir='ltr'><strong>sub</strong></span> <span class='ocrx_word' id='word_1_231' title='bbox 1324 1818 1688 1877; x_wconf 89' lang='lat' dir='ltr'><strong>anathematis</strong></span> <span class='ocrx_word' id='word_1_232' title='bbox 1710 1818 1796 1874; x_wconf 90' lang='lat' dir='ltr'><strong>in-</strong></span> 
     </span>
    </p>
   </div>
   <div class='ocr_carea' id='block_1_35' title="bbox 216 1911 1799 1987">
    <p class='ocr_par' dir='ltr' id='par_1_35' title="bbox 216 1911 1799 1987">
     <span class='ocr_line' id='line_1_35' title="bbox 216 1911 1799 1987; baseline -0.003 -14"><span class='ocrx_word' id='word_1_233' title='bbox 216 1918 538 1974; x_wconf 87' lang='lat' dir='ltr'><strong>terdictione</strong></span> <span class='ocrx_word' id='word_1_234' title='bbox 557 1916 679 1984; x_wconf 85' lang='lat' dir='ltr'><strong>fiat;</strong></span> <span class='ocrx_word' id='word_1_235' title='bbox 706 1923 871 1987; x_wconf 87' lang='lat' dir='ltr'><strong>atque</strong></span> <span class='ocrx_word' id='word_1_236' title='bbox 898 1915 957 1970; x_wconf 83' lang='lat' dir='ltr'><strong>in</strong></span> <span class='ocrx_word' id='word_1_237' title='bbox 993 1920 1201 1970; x_wconf 85' lang='lat' dir='ltr'><strong>aterno</strong></span> <span class='ocrx_word' id='word_1_238' title='bbox 1229 1912 1482 1968; x_wconf 78' lang='lat' dir='ltr'><strong>examine</strong></span> <span class='ocrx_word' id='word_1_239' title='bbox 1536 1911 1799 1969; x_wconf 82' lang='lat' dir='ltr'><strong>districta</strong></span> 
     </span>
    </p>
   </div>
   <div class='ocr_carea' id='block_1_36' title="bbox 216 2003 1799 2079">
    <p class='ocr_par' dir='ltr' id='par_1_36' title="bbox 216 2003 1799 2079">
     <span class='ocr_line' id='line_1_36' title="bbox 216 2003 1799 2079; baseline -0.004 -14"><span class='ocrx_word' id='word_1_240' title='bbox 216 2010 412 2065; x_wconf 88' lang='lat' dir='ltr'><strong>ultioni</strong></span> <span class='ocrx_word' id='word_1_241' title='bbox 444 2008 741 2079; x_wconf 89' lang='lat' dir='ltr'><strong>subjaceat.</strong></span> <span class='ocrx_word' id='word_1_242' title='bbox 770 2006 997 2064; x_wconf 86' lang='lat' dir='ltr'><strong>Cunctis</strong></span> <span class='ocrx_word' id='word_1_243' title='bbox 1031 2014 1215 2063; x_wconf 81' lang='lat' dir='ltr'><strong>autem</strong></span> <span class='ocrx_word' id='word_1_244' title='bbox 1254 2006 1432 2062; x_wconf 90' lang='lat' dir='ltr'><strong>eidem</strong></span> <span class='ocrx_word' id='word_1_245' title='bbox 1482 2004 1606 2059; x_wconf 92' lang='lat' dir='ltr'><strong>loco</strong></span> <span class='ocrx_word' id='word_1_246' title='bbox 1647 2003 1799 2075; x_wconf 84' lang='lat' dir='ltr'><strong>justa</strong></span> 
     </span>
    </p>
   </div>
   <div class='ocr_carea' id='block_1_37' title="bbox 214 2095 1800 2184">
    <p class='ocr_par' dir='ltr' id='par_1_37' title="bbox 214 2095 1800 2184">
     <span class='ocr_line' id='line_1_37' title="bbox 214 2095 1800 2184; baseline -0.004 -26"><span class='ocrx_word' id='word_1_247' title='bbox 214 2102 581 2168; x_wconf 80' lang='lat' dir='ltr'><strong>servantibus,</strong></span> <span class='ocrx_word' id='word_1_248' title='bbox 609 2101 680 2157; x_wconf 88' lang='lat' dir='ltr'><strong>sit</strong></span> <span class='ocrx_word' id='word_1_249' title='bbox 697 2116 805 2173; x_wconf 80' lang='lat' dir='ltr'><strong>pax</strong></span> <span class='ocrx_word' id='word_1_250' title='bbox 827 2099 1047 2155; x_wconf 88' lang='lat' dir='ltr'><strong>Domini</strong></span> <span class='ocrx_word' id='word_1_251' title='bbox 1077 2099 1253 2154; x_wconf 89' lang='lat' dir='ltr'><strong>nostri</strong></span> <span class='ocrx_word' id='word_1_252' title='bbox 1271 2096 1401 2153; x_wconf 83' lang='lat' dir='ltr'><strong>Jesu</strong></span> <span class='ocrx_word' id='word_1_253' title='bbox 1421 2095 1647 2184; x_wconf 70' lang='lat' dir='ltr'><strong>Christi,</strong></span> <span class='ocrx_word' id='word_1_254' title='bbox 1664 2112 1800 2167; x_wconf 91' lang='lat' dir='ltr'><strong>qua-</strong></span> 
     </span>
    </p>
   </div>
   <div class='ocr_carea' id='block_1_38' title="bbox 218 2188 1801 2260">
    <p class='ocr_par' dir='ltr' id='par_1_38' title="bbox 218 2188 1801 2260">
     <span class='ocr_line' id='line_1_38' title="bbox 218 2188 1801 2260; baseline -0.006 -9"><span class='ocrx_word' id='word_1_255' title='bbox 218 2204 378 2251; x_wconf 87' lang='lat' dir='ltr'><strong>tenus</strong></span> <span class='ocrx_word' id='word_1_256' title='bbox 416 2203 472 2250; x_wconf 85' lang='lat' dir='ltr'><strong>et</strong></span> <span class='ocrx_word' id='word_1_257' title='bbox 513 2193 602 2249; x_wconf 86' lang='lat' dir='ltr'><strong>hic</strong></span> <span class='ocrx_word' id='word_1_258' title='bbox 657 2192 896 2249; x_wconf 89' lang='lat' dir='ltr'><strong>fructum</strong></span> <span class='ocrx_word' id='word_1_259' title='bbox 938 2191 1099 2248; x_wconf 84' lang='lat' dir='ltr'><strong>bona</strong></span> <span class='ocrx_word' id='word_1_260' title='bbox 1145 2190 1379 2247; x_wconf 89' lang='lat' dir='ltr'><strong>actionis</strong></span> <span class='ocrx_word' id='word_1_261' title='bbox 1421 2188 1714 2260; x_wconf 88' lang='lat' dir='ltr'><strong>recipiant,</strong></span> <span class='ocrx_word' id='word_1_262' title='bbox 1745 2197 1801 2243; x_wconf 91' lang='lat' dir='ltr'><strong>et</strong></span> 
     </span>
    </p>
   </div>
   <div class='ocr_carea' id='block_1_39' title="bbox 217 2282 1798 2359">
    <p class='ocr_par' dir='ltr' id='par_1_39' title="bbox 217 2282 1798 2359">
     <span class='ocr_line' id='line_1_39' title="bbox 217 2282 1798 2359; baseline -0.006 -14"><span class='ocrx_word' id='word_1_263' title='bbox 217 2288 361 2359; x_wconf 87' lang='lat' dir='ltr'><strong>apud</strong></span> <span class='ocrx_word' id='word_1_264' title='bbox 389 2285 697 2345; x_wconf 87' lang='lat' dir='ltr'><strong>districtum</strong></span> <span class='ocrx_word' id='word_1_265' title='bbox 713 2286 953 2358; x_wconf 88' lang='lat' dir='ltr'><strong>judicem</strong></span> <span class='ocrx_word' id='word_1_266' title='bbox 975 2284 1197 2356; x_wconf 86' lang='lat' dir='ltr'><strong>pramia</strong></span> <span class='ocrx_word' id='word_1_267' title='bbox 1219 2291 1437 2340; x_wconf 74' lang='lat' dir='ltr'><strong>aeterna</strong></span> <span class='ocrx_word' id='word_1_268' title='bbox 1469 2282 1622 2354; x_wconf 80' lang='lat' dir='ltr'><strong>pacis</strong></span> <span class='ocrx_word' id='word_1_269' title='bbox 1645 2282 1798 2336; x_wconf 82' lang='lat' dir='ltr'><strong>inve-</strong></span> 
     </span>
    </p>
   </div>
   <div class='ocr_carea' id='block_1_40' title="bbox 218 2380 389 2437">
    <p class='ocr_par' dir='ltr' id='par_1_40' title="bbox 218 2380 389 2437">
     <span class='ocr_line' id='line_1_40' title="bbox 218 2380 389 2437; baseline 0 -2"><span class='ocrx_word' id='word_1_270' title='bbox 218 2380 389 2437; x_wconf 87' lang='lat' dir='ltr'><strong>niant.</strong></span> 
     </span>
    </p>
   </div>
   <div class='ocr_carea' id='block_1_41' title="bbox 285 2465 1799 2539">
    <p class='ocr_par' dir='ltr' id='par_1_41' title="bbox 285 2465 1799 2539">
     <span class='ocr_line' id='line_1_41' title="bbox 285 2465 1799 2539; baseline -0.005 -11"><span class='ocrx_word' id='word_1_271' title='bbox 285 2472 480 2528; x_wconf 87' lang='lat' dir='ltr'><strong>Datum</strong></span> <span class='ocrx_word' id='word_1_272' title='bbox 511 2471 674 2529; x_wconf 82' lang='lat' dir='ltr'><strong>Luca</strong></span> <span class='ocrx_word' id='word_1_273' title='bbox 705 2488 780 2527; x_wconf 82' lang='lat' dir='ltr'><strong>vn</strong></span> <span class='ocrx_word' id='word_1_274' title='bbox 807 2470 933 2527; x_wconf 89' lang='lat' dir='ltr'><strong>Idus</strong></span> <span class='ocrx_word' id='word_1_275' title='bbox 951 2468 1274 2525; x_wconf 79' lang='lat' dir='ltr'><strong>Novembris</strong></span> <span class='ocrx_word' id='word_1_276' title='bbox 1291 2484 1389 2539; x_wconf 91' lang='lat' dir='ltr'><strong>per</strong></span> <span class='ocrx_word' id='word_1_277' title='bbox 1410 2484 1608 2524; x_wconf 89' lang='lat' dir='ltr'><strong>manus</strong></span> <span class='ocrx_word' id='word_1_278' title='bbox 1630 2465 1799 2534; x_wconf 87' lang='lat' dir='ltr'><strong>Petri,</strong></span> 
     </span>
    </p>
   </div>
   <div class='ocr_carea' id='block_1_42' title="bbox 216 2556 1797 2632">
    <p class='ocr_par' dir='ltr' id='par_1_42' title="bbox 216 2556 1797 2632">
     <span class='ocr_line' id='line_1_42' title="bbox 216 2556 1797 2632; baseline -0.005 -9"><span class='ocrx_word' id='word_1_279' title='bbox 216 2573 418 2623; x_wconf 83' lang='lat' dir='ltr'><strong>sancta</strong></span> <span class='ocrx_word' id='word_1_280' title='bbox 450 2562 711 2625; x_wconf 77' lang='lat' dir='ltr'><strong>Romanae</strong></span> <span class='ocrx_word' id='word_1_281' title='bbox 730 2556 988 2619; x_wconf 88' lang='lat' dir='ltr'><strong>Ecclesia</strong></span> <span class='ocrx_word' id='word_1_282' title='bbox 1014 2556 1329 2628; x_wconf 85' lang='lat' dir='ltr'><strong>cardinalis,</strong></span> <span class='ocrx_word' id='word_1_283' title='bbox 1353 2572 1498 2616; x_wconf 87' lang='lat' dir='ltr'><strong>anno</strong></span> <span class='ocrx_word' id='word_1_284' title='bbox 1524 2577 1578 2616; x_wconf 77' lang='lat' dir='ltr'><strong>xl</strong></span> <span class='ocrx_word' id='word_1_285' title='bbox 1599 2559 1797 2632; x_wconf 76' lang='lat' dir='ltr'><strong>pontii.</strong></span> 
     </span>
    </p>
   </div>
   <div class='ocr_carea' id='block_1_43' title="bbox 208 2652 1498 2730">
    <p class='ocr_par' dir='ltr' id='par_1_43' title="bbox 208 2652 1498 2730">
     <span class='ocr_line' id='line_1_43' title="bbox 208 2652 1498 2730; baseline -0.005 -16"><span class='ocrx_word' id='word_1_286' title='bbox 208 2658 401 2715; x_wconf 90' lang='lat' dir='ltr'><strong>domni</strong></span> <span class='ocrx_word' id='word_1_287' title='bbox 423 2657 716 2714; x_wconf 80' lang='lat' dir='ltr'><strong>Alexandri</strong></span> <span class='ocrx_word' id='word_1_288' title='bbox 747 2671 922 2730; x_wconf 85' lang='lat' dir='ltr'><strong>papa,</strong></span> <span class='ocrx_word' id='word_1_289' title='bbox 952 2654 1248 2710; x_wconf 90' lang='lat' dir='ltr'><strong>indictione</strong></span> <span class='ocrx_word' id='word_1_290' title='bbox 1267 2652 1498 2709; x_wconf 91' lang='lat' dir='ltr'><strong>decima.</strong></span> 
     </span>
    </p>
   </div>
   <div class='ocr_carea' id='block_1_44' title="bbox 936 2766 1075 2825">
    <p class='ocr_par' dir='ltr' id='par_1_44' title="bbox 936 2766 1075 2825">
     <span class='ocr_line' id='line_1_44' title="bbox 936 2766 1075 2825; baseline 0 -2"><span class='ocrx_word' id='word_1_291' title='bbox 936 2766 1075 2825; x_wconf 78' lang='lat' dir='ltr'><strong>XCI.</strong></span> 
     </span>
    </p>
   </div>
   <div class='ocr_carea' id='block_1_45' title="bbox 216 2881 1799 2955">
    <p class='ocr_par' dir='ltr' id='par_1_45' title="bbox 216 2881 1799 2955">
     <span class='ocr_line' id='line_1_45' title="bbox 216 2881 1799 2955; baseline -0.001 -14"><span class='ocrx_word' id='word_1_292' title='bbox 216 2884 435 2942; x_wconf 67' lang='lat' dir='ltr'><strong>Littera</strong></span> <span class='ocrx_word' id='word_1_293' title='bbox 453 2884 747 2941; x_wconf 59' lang='lat' dir='ltr'><strong>Alexandri</strong></span> <span class='ocrx_word' id='word_1_294' title='bbox 777 2883 843 2938; x_wconf 86' lang='lat' dir='ltr'><strong><em>II</em></strong></span> <span class='ocrx_word' id='word_1_295' title='bbox 863 2900 1015 2955; x_wconf 72' lang='lat' dir='ltr'><strong>papa</strong></span> <span class='ocrx_word' id='word_1_296' title='bbox 1043 2883 1101 2938; x_wconf 85' lang='lat' dir='ltr'><strong>in</strong></span> <span class='ocrx_word' id='word_1_297' title='bbox 1143 2884 1381 2955; x_wconf 79' lang='lat' dir='ltr'><strong>gratiam</strong></span> <span class='ocrx_word' id='word_1_298' title='bbox 1409 2882 1666 2955; x_wconf 65' lang='lat' dir='ltr'><strong>Ecclesia</strong></span> <span class='ocrx_word' id='word_1_299' title='bbox 1690 2881 1799 2939; x_wconf 57' lang='lat' dir='ltr'><strong>Ca-</strong></span> 
     </span>
    </p>
   </div>
   <div class='ocr_carea' id='block_1_46' title="bbox 287 2954 1799 3029">
    <p class='ocr_par' dir='ltr' id='par_1_46' title="bbox 287 2954 1799 3029">
     <span class='ocr_line' id='line_1_46' title="bbox 287 2954 1799 3029; baseline -0.002 -17"><span class='ocrx_word' id='word_1_300' title='bbox 287 2958 592 3023; x_wconf 78' lang='lat' dir='ltr'><strong>bilonensis,</strong></span> <span class='ocrx_word' id='word_1_301' title='bbox 614 2973 748 3029; x_wconf 69' lang='lat' dir='ltr'><strong>quas</strong></span> <span class='ocrx_word' id='word_1_302' title='bbox 771 2954 1049 3029; x_wconf 66' lang='lat' dir='ltr'><strong>Hactenus</strong></span> <span class='ocrx_word' id='word_1_303' title='bbox 1066 2956 1341 3029; x_wconf 65' lang='lat' dir='ltr'><strong>cpiscopus</strong></span> <span class='ocrx_word' id='word_1_304' title='bbox 1369 2954 1452 3029; x_wconf 83' lang='lat' dir='ltr'><strong>ab_</strong></span> <span class='ocrx_word' id='word_1_305' title='bbox 1467 2954 1593 3010; x_wconf 72' lang='lat' dir='ltr'><strong>aliis</strong></span> <span class='ocrx_word' id='word_1_306' title='bbox 1615 2964 1799 3026; x_wconf 73' lang='lat' dir='ltr'><strong>postea</strong></span> 
     </span>
    </p>
   </div>
   <div class='ocr_carea' id='block_1_47' title="bbox 220 3024 1473 3099">
    <p class='ocr_par' dir='ltr' id='par_1_47' title="bbox 220 3024 1473 3099">
     <span class='ocr_line' id='line_1_47' title="bbox 220 3024 1473 3099; baseline -0.003 -15"><span class='ocrx_word' id='word_1_307' title='bbox 220 3092 225 3093; x_wconf 19' lang='grc' dir='ltr'>ί</span> <span class='ocrx_word' id='word_1_308' title='bbox 283 3029 490 3084; x_wconf 78' lang='lat' dir='ltr'><strong>curavit</strong></span> <span class='ocrx_word' id='word_1_309' title='bbox 510 3024 770 3099; x_wconf 79' lang='lat' dir='ltr'><strong>episcopis</strong></span> <span class='ocrx_word' id='word_1_310' title='bbox 790 3026 1051 3081; x_wconf 76' lang='lat' dir='ltr'><strong>subscribi</strong></span> <span class='ocrx_word' id='word_1_311' title='bbox 1070 3024 1122 3081; x_wconf 80' lang='lat' dir='ltr'><strong>et</strong></span> <span class='ocrx_word' id='word_1_312' title='bbox 1144 3024 1473 3095; x_wconf 74' lang='lat' dir='ltr'><strong>conﬁrmari.</strong></span> 
     </span>
    </p>
   </div>
   <div class='ocr_carea' id='block_1_48' title="bbox 786 3136 1210 3215">
    <p class='ocr_par' dir='ltr' id='par_1_48' title="bbox 786 3136 1210 3215">
     <span class='ocr_line' id='line_1_48' title="bbox 786 3136 1210 3215; baseline -0.002 -19"><span class='ocrx_word' id='word_1_313' title='bbox 786 3137 999 3215; x_wconf 67' lang='lat' dir='ltr'><strong>[(Anno</strong></span> <span class='ocrx_word' id='word_1_314' title='bbox 1024 3136 1210 3211; x_wconf 68' lang='lat'><strong>1072.)</strong></span> 
     </span>
    </p>
   </div>
   <div class='ocr_carea' id='block_1_49' title="bbox 354 3242 1625 3329">
    <p class='ocr_par' dir='ltr' id='par_1_49' title="bbox 354 3242 1625 3329">
     <span class='ocr_line' id='line_1_49' title="bbox 354 3242 1625 3329; baseline -0.003 -18"><span class='ocrx_word' id='word_1_315' title='bbox 354 3254 528 3329; x_wconf 71' lang='grc' dir='ltr'><strong>[σου.</strong></span> <span class='ocrx_word' id='word_1_316' title='bbox 552 3252 780 3323; x_wconf 49' lang='lat' dir='ltr'><strong>Christ”</strong></span> <span class='ocrx_word' id='word_1_317' title='bbox 811 3263 949 3310; x_wconf 88' lang='lat' dir='ltr'><strong>tom.</strong></span> <span class='ocrx_word' id='word_1_318' title='bbox 979 3252 1071 3322; x_wconf 82' lang='lat' dir='ltr'><strong>IV,</strong></span> <span class='ocrx_word' id='word_1_319' title='bbox 1096 3251 1293 3321; x_wconf 69' lang='lat' dir='ltr'><strong>luam,</strong></span> <span class='ocrx_word' id='word_1_320' title='bbox 1316 3264 1441 3324; x_wconf 82' lang='lat' dir='ltr'><strong>pag.</strong></span> 
     </span>
    </p>
   </div>
   <div class='ocr_carea' id='block_1_50' title="bbox 216 3363 1797 3437">
    <p class='ocr_par' dir='ltr' id='par_1_50' title="bbox 216 3363 1797 3437">
     <span class='ocr_line' id='line_1_50' title="bbox 216 3363 1797 3437; baseline -0.001 -14"><span class='ocrx_word' id='word_1_321' title='bbox 216 3368 219 3371; x_wconf 83' lang='grc'><em>’</em></span> <span class='ocrx_word' id='word_1_322' title='bbox 281 3366 628 3435; x_wconf 64' lang='grc' dir='ltr'><strong>Αιειυωειι,</strong></span> <span class='ocrx_word' id='word_1_323' title='bbox 660 3365 865 3423; x_wconf 85' lang='lat' dir='ltr'><strong>Christi</strong></span> <span class='ocrx_word' id='word_1_324' title='bbox 885 3365 1103 3422; x_wconf 87' lang='lat' dir='ltr'><strong>Domini</strong></span> <span class='ocrx_word' id='word_1_325' title='bbox 1130 3364 1345 3421; x_wconf 76' lang='lat' dir='ltr'><strong>favente</strong></span> <span class='ocrx_word' id='word_1_326' title='bbox 1371 3367 1567 3437; x_wconf 87' lang='lat' dir='ltr'><strong>gratia,</strong></span> <span class='ocrx_word' id='word_1_327' title='bbox 1591 3363 1797 3421; x_wconf 84' lang='lat' dir='ltr'><strong>Roma-</strong></span> 
     </span>
    </p>
   </div>
   <div class='ocr_carea' id='block_1_51' title="bbox 213 3456 1795 3531">
    <p class='ocr_par' dir='ltr' id='par_1_51' title="bbox 213 3456 1795 3531">
     <span class='ocr_line' id='line_1_51' title="bbox 213 3456 1795 3531; baseline -0.002 -16"><span class='ocrx_word' id='word_1_328' title='bbox 213 3462 298 3516; x_wconf 83' lang='lat' dir='ltr'><strong>na</strong></span> <span class='ocrx_word' id='word_1_329' title='bbox 322 3459 470 3516; x_wconf 86' lang='lat' dir='ltr'><strong>sedis</strong></span> <span class='ocrx_word' id='word_1_330' title='bbox 509 3460 825 3531; x_wconf 91' lang='lat' dir='ltr'><strong>episcopus,</strong></span> <span class='ocrx_word' id='word_1_331' title='bbox 875 3459 1175 3515; x_wconf 80' lang='lat' dir='ltr'><strong>reverenda</strong></span> <span class='ocrx_word' id='word_1_332' title='bbox 1221 3458 1404 3514; x_wconf 86' lang='lat' dir='ltr'><strong>cateri</strong></span> <span class='ocrx_word' id='word_1_333' title='bbox 1458 3458 1633 3514; x_wconf 89' lang='lat' dir='ltr'><strong>totius</strong></span> <span class='ocrx_word' id='word_1_334' title='bbox 1662 3456 1795 3515; x_wconf 87' lang='lat' dir='ltr'><strong>cieri</strong></span> 
     </span>
    </p>
   </div>
   <div class='ocr_carea' id='block_1_52' title="bbox 212 3550 1797 3607">
    <p class='ocr_par' dir='ltr' id='par_1_52' title="bbox 212 3550 1797 3607">
     <span class='ocr_line' id='line_1_52' title="bbox 212 3550 1797 3607; baseline -0.001 0"><span class='ocrx_word' id='word_1_335' title='bbox 212 3551 544 3607; x_wconf 83' lang='lat' dir='ltr'><strong>Cabilonica</strong></span> <span class='ocrx_word' id='word_1_336' title='bbox 573 3551 727 3607; x_wconf 87' lang='lat' dir='ltr'><strong>urbis</strong></span> <span class='ocrx_word' id='word_1_337' title='bbox 763 3565 924 3607; x_wconf 89' lang='lat' dir='ltr'><strong>secus</strong></span> <span class='ocrx_word' id='word_1_338' title='bbox 968 3566 1176 3606; x_wconf 89' lang='lat' dir='ltr'><strong>morem</strong></span> <span class='ocrx_word' id='word_1_339' title='bbox 1209 3550 1596 3606; x_wconf 87' lang='lat' dir='ltr'><strong>ecclesiastica</strong></span> <span class='ocrx_word' id='word_1_340' title='bbox 1636 3550 1797 3605; x_wconf 89' lang='lat' dir='ltr'><strong>insti-</strong></span> 
     </span>
    </p>
   </div>
   <div class='ocr_carea' id='block_1_53' title="bbox 215 3641 1794 3701">
    <p class='ocr_par' dir='ltr' id='par_1_53' title="bbox 215 3641 1794 3701">
     <span class='ocr_line' id='line_1_53' title="bbox 215 3641 1794 3701; baseline -0.001 -2"><span class='ocrx_word' id='word_1_341' title='bbox 215 3642 442 3701; x_wconf 89' lang='lat' dir='ltr'><strong>tutionis</strong></span> <span class='ocrx_word' id='word_1_342' title='bbox 472 3646 776 3700; x_wconf 90' lang='lat' dir='ltr'><strong>constituto</strong></span> <span class='ocrx_word' id='word_1_343' title='bbox 804 3644 908 3700; x_wconf 91' lang='lat' dir='ltr'><strong>sub</strong></span> <span class='ocrx_word' id='word_1_344' title='bbox 936 3644 1107 3698; x_wconf 87' lang='lat' dir='ltr'><strong>tutela</strong></span> <span class='ocrx_word' id='word_1_345' title='bbox 1131 3644 1326 3699; x_wconf 87' lang='lat' dir='ltr'><strong>matris</strong></span> <span class='ocrx_word' id='word_1_346' title='bbox 1355 3642 1615 3699; x_wconf 82' lang='lat' dir='ltr'><strong>Ecclesia</strong></span> <span class='ocrx_word' id='word_1_347' title='bbox 1647 3641 1794 3697; x_wconf 87' lang='lat' dir='ltr'><strong>beati</strong></span> 
     </span>
    </p>
   </div>
   <div class='ocr_carea' id='block_1_54' title="bbox 217 3733 1797 3808">
    <p class='ocr_par' dir='ltr' id='par_1_54' title="bbox 217 3733 1797 3808">
     <span class='ocr_line' id='line_1_54' title="bbox 217 3733 1797 3808; baseline 0.001 -18"><span class='ocrx_word' id='word_1_348' title='bbox 217 3733 486 3792; x_wconf 87' lang='lat' dir='ltr'><strong>Vineentii</strong></span> <span class='ocrx_word' id='word_1_349' title='bbox 541 3735 721 3793; x_wconf 85' lang='lat' dir='ltr'><strong>levita</strong></span> <span class='ocrx_word' id='word_1_350' title='bbox 770 3744 827 3792; x_wconf 91' lang='lat' dir='ltr'><strong>et</strong></span> <span class='ocrx_word' id='word_1_351' title='bbox 870 3736 1150 3808; x_wconf 89' lang='lat' dir='ltr'><strong>martyris,</strong></span> <span class='ocrx_word' id='word_1_352' title='bbox 1203 3735 1517 3808; x_wconf 86' lang='lat' dir='ltr'><strong>prosperari</strong></span> <span class='ocrx_word' id='word_1_353' title='bbox 1562 3734 1797 3791; x_wconf 79' lang='lat' dir='ltr'><strong>feliciter</strong></span> 
     </span>
    </p>
   </div>
   <div class='ocr_carea' id='block_1_55' title="bbox 214 3827 1792 3901">
    <p class='ocr_par' dir='ltr' id='par_1_55' title="bbox 214 3827 1792 3901">
     <span class='ocr_line' id='line_1_55' title="bbox 214 3827 1792 3901; baseline 0.001 -19"><span class='ocrx_word' id='word_1_354' title='bbox 214 3827 517 3884; x_wconf 90' lang='lat' dir='ltr'><strong>munimine</strong></span> <span class='ocrx_word' id='word_1_355' title='bbox 548 3829 719 3885; x_wconf 88' lang='lat' dir='ltr'><strong>totius</strong></span> <span class='ocrx_word' id='word_1_356' title='bbox 738 3827 953 3896; x_wconf 88' lang='lat' dir='ltr'><strong>salutis,</strong></span> <span class='ocrx_word' id='word_1_357' title='bbox 979 3843 1046 3884; x_wconf 91' lang='lat' dir='ltr'><strong>ac</strong></span> <span class='ocrx_word' id='word_1_358' title='bbox 1078 3828 1283 3899; x_wconf 89' lang='lat' dir='ltr'><strong>pollere</strong></span> <span class='ocrx_word' id='word_1_359' title='bbox 1303 3838 1568 3901; x_wconf 88' lang='lat' dir='ltr'><strong>perpetuo</strong></span> <span class='ocrx_word' id='word_1_360' title='bbox 1610 3830 1792 3886; x_wconf 91' lang='lat' dir='ltr'><strong>conti-</strong></span> 
     </span>
    </p>
   </div>
   <div class='ocr_carea' id='block_1_56' title="bbox 137 3916 1655 3998">
    <p class='ocr_par' dir='ltr' id='par_1_56' title="bbox 137 3916 1655 3998">
     <span class='ocr_line' id='line_1_56' title="bbox 137 3916 1655 3998; baseline 0.002 -24"><span class='ocrx_word' id='word_1_361' title='bbox 137 3972 154 3998; x_wconf 53' lang='lat'><strong><em>.</em></strong></span> <span class='ocrx_word' id='word_1_362' title='bbox 212 3936 320 3975; x_wconf 90' lang='lat' dir='ltr'><strong>nua</strong></span> <span class='ocrx_word' id='word_1_363' title='bbox 343 3916 661 3977; x_wconf 83' lang='lat' dir='ltr'><strong>defensione</strong></span> <span class='ocrx_word' id='word_1_364' title='bbox 683 3922 998 3992; x_wconf 85' lang='lat' dir='ltr'><strong>apostolica</strong></span> <span class='ocrx_word' id='word_1_365' title='bbox 1020 3920 1437 3979; x_wconf 89' lang='lat' dir='ltr'><strong>benedictionis.</strong></span> <span class='ocrx_word' id='word_1_366' title='bbox 1652 3930 1655 3931; x_wconf 70' lang='lat'><strong><em>&#39;</em></strong></span> 
     </span>
    </p>
   </div>
   <div class='ocr_carea' id='block_1_57' title="bbox 282 4007 1792 4086">
    <p class='ocr_par' dir='ltr' id='par_1_57' title="bbox 282 4007 1792 4086">
     <span class='ocr_line' id='line_1_57' title="bbox 282 4007 1792 4086; baseline 0.004 -19"><span class='ocrx_word' id='word_1_367' title='bbox 282 4007 547 4080; x_wconf 84' lang='lat' dir='ltr'><strong>Quamvis</strong></span> <span class='ocrx_word' id='word_1_368' title='bbox 570 4014 790 4085; x_wconf 89' lang='lat' dir='ltr'><strong>quidem</strong></span> <span class='ocrx_word' id='word_1_369' title='bbox 822 4014 962 4070; x_wconf 89' lang='lat' dir='ltr'><strong>bene</strong></span> <span class='ocrx_word' id='word_1_370' title='bbox 987 4023 1042 4070; x_wconf 90' lang='lat' dir='ltr'><strong>et</strong></span> <span class='ocrx_word' id='word_1_371' title='bbox 1071 4015 1380 4086; x_wconf 89' lang='lat' dir='ltr'><strong>specialiter</strong></span> <span class='ocrx_word' id='word_1_372' title='bbox 1404 4031 1623 4072; x_wconf 86' lang='lat' dir='ltr'><strong>summo</strong></span> <span class='ocrx_word' id='word_1_373' title='bbox 1656 4010 1792 4073; x_wconf 47' lang='lat' dir='ltr'><strong>conL-</strong></span> 
     </span>
    </p>
   </div>
   <div class='ocr_carea' id='block_1_58' title="bbox 210 4105 1794 4180">
    <p class='ocr_par' dir='ltr' id='par_1_58' title="bbox 210 4105 1794 4180">
     <span class='ocr_line' id='line_1_58' title="bbox 210 4105 1794 4180; baseline 0.004 -21"><span class='ocrx_word' id='word_1_374' title='bbox 210 4106 394 4160; x_wconf 83' lang='lat' dir='ltr'><strong>veniat</strong></span> <span class='ocrx_word' id='word_1_375' title='bbox 415 4105 777 4161; x_wconf 91' lang='lat' dir='ltr'><strong>moderamini</strong></span> <span class='ocrx_word' id='word_1_376' title='bbox 814 4116 1182 4163; x_wconf 86' lang='lat' dir='ltr'><strong>sacrosancta</strong></span> <span class='ocrx_word' id='word_1_377' title='bbox 1213 4114 1268 4163; x_wconf 92' lang='lat' dir='ltr'><strong>et</strong></span> <span class='ocrx_word' id='word_1_378' title='bbox 1301 4109 1619 4180; x_wconf 84' lang='lat' dir='ltr'><strong>apostolica</strong></span> <span class='ocrx_word' id='word_1_379' title='bbox 1644 4111 1794 4179; x_wconf 89' lang='lat' dir='ltr'><strong>sedis</strong></span> 
     </span>
    </p>
   </div>
   <div class='ocr_carea' id='block_1_59' title="bbox 212 4195 1795 4273">
    <p class='ocr_par' dir='ltr' id='par_1_59' title="bbox 212 4195 1795 4273">
     <span class='ocr_line' id='line_1_59' title="bbox 212 4195 1795 4273; baseline 0.004 -22"><span class='ocrx_word' id='word_1_380' title='bbox 212 4195 496 4266; x_wconf 80' lang='lat' dir='ltr'><strong>Romana,</strong></span> <span class='ocrx_word' id='word_1_381' title='bbox 527 4198 783 4255; x_wconf 90' lang='lat' dir='ltr'><strong>omnibus</strong></span> <span class='ocrx_word' id='word_1_382' title='bbox 833 4198 1145 4256; x_wconf 88' lang='lat' dir='ltr'><strong>Christiana</strong></span> <span class='ocrx_word' id='word_1_383' title='bbox 1175 4200 1508 4272; x_wconf 89' lang='lat' dir='ltr'><strong>pollentibus</strong></span> <span class='ocrx_word' id='word_1_384' title='bbox 1532 4202 1795 4273; x_wconf 80' lang='lat' dir='ltr'><strong>religione</strong></span> 
     </span>
    </p>
   </div>
   <div class='ocr_carea' id='block_1_60' title="bbox 212 4289 1796 4363">
    <p class='ocr_par' dir='ltr' id='par_1_60' title="bbox 212 4289 1796 4363">
     <span class='ocr_line' id='line_1_60' title="bbox 212 4289 1796 4363; baseline 0.001 -18"><span class='ocrx_word' id='word_1_385' title='bbox 212 4303 372 4362; x_wconf 90' lang='lat' dir='ltr'><strong>opem</strong></span> <span class='ocrx_word' id='word_1_386' title='bbox 396 4291 482 4347; x_wconf 89' lang='lat' dir='ltr'><strong>sui</strong></span> <span class='ocrx_word' id='word_1_387' title='bbox 500 4289 799 4362; x_wconf 86' lang='lat' dir='ltr'><strong>juvaminis</strong></span> <span class='ocrx_word' id='word_1_388' title='bbox 810 4305 911 4362; x_wconf 92' lang='lat' dir='ltr'><strong>pro</strong></span> <span class='ocrx_word' id='word_1_389' title='bbox 932 4292 1019 4347; x_wconf 91' lang='lat' dir='ltr'><strong>sui</strong></span> <span class='ocrx_word' id='word_1_390' title='bbox 1038 4293 1361 4349; x_wconf 88' lang='lat' dir='ltr'><strong>necessitate</strong></span> <span class='ocrx_word' id='word_1_391' title='bbox 1382 4293 1526 4348; x_wconf 83' lang='lat' dir='ltr'><strong>fideli</strong></span> <span class='ocrx_word' id='word_1_392' title='bbox 1539 4301 1796 4363; x_wconf 78' lang='lat' dir='ltr'><strong>expeten-</strong></span> 
     </span>
    </p>
   </div>
   <div class='ocr_carea' id='block_1_61' title="bbox 211 4381 1794 4456">
    <p class='ocr_par' dir='ltr' id='par_1_61' title="bbox 211 4381 1794 4456">
     <span class='ocr_line' id='line_1_61' title="bbox 211 4381 1794 4456; baseline 0.003 -19"><span class='ocrx_word' id='word_1_393' title='bbox 211 4381 360 4438; x_wconf 87' lang='lat' dir='ltr'><strong>tibus</strong></span> <span class='ocrx_word' id='word_1_394' title='bbox 390 4381 699 4451; x_wconf 88' lang='lat' dir='ltr'><strong>devotione,</strong></span> <span class='ocrx_word' id='word_1_395' title='bbox 726 4393 954 4455; x_wconf 88' lang='lat' dir='ltr'><strong>paterno</strong></span> <span class='ocrx_word' id='word_1_396' title='bbox 989 4385 1155 4439; x_wconf 90' lang='lat' dir='ltr'><strong>totius</strong></span> <span class='ocrx_word' id='word_1_397' title='bbox 1191 4383 1410 4456; x_wconf 87' lang='lat' dir='ltr'><strong>pietatis</strong></span> <span class='ocrx_word' id='word_1_398' title='bbox 1461 4383 1679 4451; x_wconf 76' lang='lat' dir='ltr'><strong>affectu,</strong></span> <span class='ocrx_word' id='word_1_399' title='bbox 1729 4400 1794 4442; x_wconf 89' lang='lat' dir='ltr'><strong>ac</strong></span> 
     </span>
    </p>
   </div>
   <div class='ocr_carea' id='block_1_62' title="bbox 1899 1807 3495 1879">
    <p class='ocr_par' dir='ltr' id='par_1_62' title="bbox 1899 1807 3495 1879">
     <span class='ocr_line' id='line_1_62' title="bbox 1899 1807 3495 1879; baseline 0.006 -20"><span class='ocrx_word' id='word_1_400' title='bbox 1899 1819 2090 1860; x_wconf 89' lang='lat' dir='ltr'><strong>eorum</strong></span> <span class='ocrx_word' id='word_1_401' title='bbox 2102 1807 2380 1864; x_wconf 84' lang='lat' dir='ltr'><strong>canonica</strong></span> <span class='ocrx_word' id='word_1_402' title='bbox 2389 1807 2631 1879; x_wconf 90' lang='lat' dir='ltr'><strong>placidas</strong></span> <span class='ocrx_word' id='word_1_403' title='bbox 2642 1816 2843 1864; x_wconf 84' lang='lat' dir='ltr'><strong>nostra</strong></span> <span class='ocrx_word' id='word_1_404' title='bbox 2854 1809 3165 1866; x_wconf 88' lang='lat' dir='ltr'><strong>serenitatis</strong></span> <span class='ocrx_word' id='word_1_405' title='bbox 3189 1826 3353 1867; x_wconf 89' lang='lat' dir='ltr'><strong>aures</strong></span> <span class='ocrx_word' id='word_1_406' title='bbox 3367 1813 3495 1867; x_wconf 69' lang='lat' dir='ltr'><strong>sulu</strong></span> 
     </span>
    </p>
   </div>
   <div class='ocr_carea' id='block_1_63' title="bbox 1899 1898 3495 1977">
    <p class='ocr_par' dir='ltr' id='par_1_63' title="bbox 1899 1898 3495 1977">
     <span class='ocr_line' id='line_1_63' title="bbox 1899 1898 3495 1977; baseline 0.004 -25"><span class='ocrx_word' id='word_1_407' title='bbox 1899 1898 2168 1956; x_wconf 83' lang='lat' dir='ltr'><strong>mittendo</strong></span> <span class='ocrx_word' id='word_1_408' title='bbox 2186 1899 2546 1966; x_wconf 84' lang='lat' dir='ltr'><strong>libentissime</strong></span> <span class='ocrx_word' id='word_1_409' title='bbox 2564 1901 2764 1957; x_wconf 78' lang='lat' dir='ltr'><strong>litteris</strong></span> <span class='ocrx_word' id='word_1_410' title='bbox 2784 1900 2916 1956; x_wconf 90' lang='lat' dir='ltr'><strong>illud</strong></span> <span class='ocrx_word' id='word_1_411' title='bbox 2955 1898 3179 1977; x_wconf 86' lang='lat' dir='ltr'><strong>directis</strong></span> <span class='ocrx_word' id='word_1_412' title='bbox 3205 1919 3236 1958; x_wconf 92' lang='lat' dir='ltr'><strong>a</strong></span> <span class='ocrx_word' id='word_1_413' title='bbox 3264 1903 3323 1957; x_wconf 87' lang='lat' dir='ltr'><strong>B.</strong></span> <span class='ocrx_word' id='word_1_414' title='bbox 3347 1902 3495 1960; x_wconf 87' lang='lat' dir='ltr'><strong>Petri</strong></span> 
     </span>
    </p>
   </div>
   <div class='ocr_carea' id='block_1_64' title="bbox 1899 1993 3495 2065">
    <p class='ocr_par' dir='ltr' id='par_1_64' title="bbox 1899 1993 3495 2065">
     <span class='ocr_line' id='line_1_64' title="bbox 1899 1993 3495 2065; baseline 0.004 -19"><span class='ocrx_word' id='word_1_415' title='bbox 1899 1999 1955 2046; x_wconf 86' lang='lat' dir='ltr'><strong>et</strong></span> <span class='ocrx_word' id='word_1_416' title='bbox 1982 2001 2171 2049; x_wconf 78' lang='lat' dir='ltr'><strong>n03tra</strong></span> <span class='ocrx_word' id='word_1_417' title='bbox 2207 2000 2363 2064; x_wconf 88' lang='lat' dir='ltr'><strong>parte</strong></span> <span class='ocrx_word' id='word_1_418' title='bbox 2413 1993 2833 2064; x_wconf 84' lang='lat' dir='ltr'><strong>procuravimus</strong></span> <span class='ocrx_word' id='word_1_419' title='bbox 2878 1995 3173 2060; x_wconf 65' lang='lat' dir='ltr'><strong>mandare}</strong></span> <span class='ocrx_word' id='word_1_420' title='bbox 3193 1996 3495 2065; x_wconf 75' lang='lat' dir='ltr'><strong>apostolica</strong></span> 
     </span>
    </p>
   </div>
   <div class='ocr_carea' id='block_1_65' title="bbox 1900 2068 3496 2156">
    <p class='ocr_par' dir='ltr' id='par_1_65' title="bbox 1900 2068 3496 2156">
     <span class='ocr_line' id='line_1_65' title="bbox 1900 2068 3496 2156; baseline 0.004 -17"><span class='ocrx_word' id='word_1_421' title='bbox 1900 2083 2266 2154; x_wconf 84' lang='lat' dir='ltr'><strong>praceptione</strong></span> <span class='ocrx_word' id='word_1_422' title='bbox 2283 2099 2347 2140; x_wconf 87' lang='lat' dir='ltr'><strong>ea</strong></span> <span class='ocrx_word' id='word_1_423' title='bbox 2368 2099 2492 2155; x_wconf 90' lang='lat' dir='ltr'><strong>qua</strong></span> <span class='ocrx_word' id='word_1_424' title='bbox 2522 2084 2630 2140; x_wconf 91' lang='lat' dir='ltr'><strong>illis</strong></span> <span class='ocrx_word' id='word_1_425' title='bbox 2655 2085 2860 2156; x_wconf 87' lang='lat' dir='ltr'><strong>injuste</strong></span> <span class='ocrx_word' id='word_1_426' title='bbox 2883 2086 3062 2141; x_wconf 88' lang='lat' dir='ltr'><strong>ablata</strong></span> <span class='ocrx_word' id='word_1_427' title='bbox 3090 2085 3313 2144; x_wconf 89' lang='lat' dir='ltr'><strong>fuerunt</strong></span> <span class='ocrx_word' id='word_1_428' title='bbox 3334 2068 3496 2145; x_wconf 75' lang='lat' dir='ltr'><strong>resti—</strong></span> 
     </span>
    </p>
   </div>
   <div class='ocr_carea' id='block_1_66' title="bbox 1901 2176 3494 2255">
    <p class='ocr_par' dir='ltr' id='par_1_66' title="bbox 1901 2176 3494 2255">
     <span class='ocr_line' id='line_1_66' title="bbox 1901 2176 3494 2255; baseline 0.007 -27"><span class='ocrx_word' id='word_1_429' title='bbox 1901 2176 1981 2230; x_wconf 92' lang='lat' dir='ltr'><strong>tui</strong></span> <span class='ocrx_word' id='word_1_430' title='bbox 2007 2176 2351 2245; x_wconf 84' lang='lat' dir='ltr'><strong>certissime;</strong></span> <span class='ocrx_word' id='word_1_431' title='bbox 2381 2185 2506 2249; x_wconf 91' lang='lat' dir='ltr'><strong>post</strong></span> <span class='ocrx_word' id='word_1_432' title='bbox 2528 2193 2751 2249; x_wconf 82' lang='lat' dir='ltr'><strong>quoque</strong></span> <span class='ocrx_word' id='word_1_433' title='bbox 2776 2178 3075 2234; x_wconf 88' lang='lat' dir='ltr'><strong>inviolabili</strong></span> <span class='ocrx_word' id='word_1_434' title='bbox 3095 2180 3380 2255; x_wconf 87' lang='lat' dir='ltr'><strong>privilegio</strong></span> <span class='ocrx_word' id='word_1_435' title='bbox 3406 2192 3494 2239; x_wconf 69' lang='lat' dir='ltr'><strong>se“-</strong></span> 
     </span>
    </p>
   </div>
   <div class='ocr_carea' id='block_1_67' title="bbox 1899 2267 3493 2343">
    <p class='ocr_par' dir='ltr' id='par_1_67' title="bbox 1899 2267 3493 2343">
     <span class='ocr_line' id='line_1_67' title="bbox 1899 2267 3493 2343; baseline 0.004 -20"><span class='ocrx_word' id='word_1_436' title='bbox 1899 2267 1985 2323; x_wconf 90' lang='lat' dir='ltr'><strong>dis</strong></span> <span class='ocrx_word' id='word_1_437' title='bbox 2020 2269 2356 2340; x_wconf 89' lang='lat' dir='ltr'><strong>apostolica,</strong></span> <span class='ocrx_word' id='word_1_438' title='bbox 2385 2285 2456 2325; x_wconf 90' lang='lat' dir='ltr'><strong>ne</strong></span> <span class='ocrx_word' id='word_1_439' title='bbox 2482 2269 2592 2325; x_wconf 89' lang='lat' dir='ltr'><strong>illis</strong></span> <span class='ocrx_word' id='word_1_440' title='bbox 2617 2270 2854 2326; x_wconf 88' lang='lat' dir='ltr'><strong>ulterius</strong></span> <span class='ocrx_word' id='word_1_441' title='bbox 2900 2270 3246 2343; x_wconf 82' lang='lat' dir='ltr'><strong>auferantur,</strong></span> <span class='ocrx_word' id='word_1_442' title='bbox 3298 2274 3493 2331; x_wconf 87' lang='lat' dir='ltr'><strong>decre-</strong></span> 
     </span>
    </p>
   </div>
   <div class='ocr_carea' id='block_1_68' title="bbox 1898 2360 3497 2436">
    <p class='ocr_par' dir='ltr' id='par_1_68' title="bbox 1898 2360 3497 2436">
     <span class='ocr_line' id='line_1_68' title="bbox 1898 2360 3497 2436; baseline 0.003 -21"><span class='ocrx_word' id='word_1_443' title='bbox 1898 2360 2081 2416; x_wconf 80' lang='lat' dir='ltr'><strong>vimus</strong></span> <span class='ocrx_word' id='word_1_444' title='bbox 2098 2369 2363 2433; x_wconf 89' lang='lat' dir='ltr'><strong>perpetuo</strong></span> <span class='ocrx_word' id='word_1_445' title='bbox 2390 2363 2773 2419; x_wconf 89' lang='lat' dir='ltr'><strong>corroborare.</strong></span> <span class='ocrx_word' id='word_1_446' title='bbox 2798 2362 2895 2419; x_wconf 88' lang='lat' dir='ltr'><strong>Est</strong></span> <span class='ocrx_word' id='word_1_447' title='bbox 2919 2379 3134 2436; x_wconf 90' lang='lat' dir='ltr'><strong>nempe,</strong></span> <span class='ocrx_word' id='word_1_448' title='bbox 3157 2365 3240 2421; x_wconf 90' lang='lat' dir='ltr'><strong>uti</strong></span> <span class='ocrx_word' id='word_1_449' title='bbox 3272 2366 3497 2422; x_wconf 72' lang='lat' dir='ltr'><strong>eviden-</strong></span> 
     </span>
    </p>
   </div>
   <div class='ocr_carea' id='block_1_69' title="bbox 1901 2455 3493 2524">
    <p class='ocr_par' dir='ltr' id='par_1_69' title="bbox 1901 2455 3493 2524">
     <span class='ocr_line' id='line_1_69' title="bbox 1901 2455 3493 2524; baseline 0.003 -15"><span class='ocrx_word' id='word_1_450' title='bbox 1901 2455 2130 2511; x_wconf 86' lang='lat' dir='ltr'><strong>tissimis</strong></span> <span class='ocrx_word' id='word_1_451' title='bbox 2157 2456 2472 2512; x_wconf 87' lang='lat' dir='ltr'><strong>declaratur</strong></span> <span class='ocrx_word' id='word_1_452' title='bbox 2510 2456 2751 2524; x_wconf 89' lang='lat' dir='ltr'><strong>indiciis,</strong></span> <span class='ocrx_word' id='word_1_453' title='bbox 2794 2456 2985 2512; x_wconf 88' lang='lat' dir='ltr'><strong>eadem</strong></span> <span class='ocrx_word' id='word_1_454' title='bbox 3029 2458 3176 2514; x_wconf 85' lang='lat' dir='ltr'><strong>beati</strong></span> <span class='ocrx_word' id='word_1_455' title='bbox 3222 2457 3493 2515; x_wconf 80' lang='lat' dir='ltr'><strong>Vincentii</strong></span> 
     </span>
    </p>
   </div>
   <div class='ocr_carea' id='block_1_70' title="bbox 1900 2546 3490 2620">
    <p class='ocr_par' dir='ltr' id='par_1_70' title="bbox 1900 2546 3490 2620">
     <span class='ocr_line' id='line_1_70' title="bbox 1900 2546 3490 2620; baseline 0.004 -18"><span class='ocrx_word' id='word_1_456' title='bbox 1900 2555 2075 2603; x_wconf 83' lang='lat' dir='ltr'><strong>mater</strong></span> <span class='ocrx_word' id='word_1_457' title='bbox 2100 2546 2344 2605; x_wconf 83' lang='lat' dir='ltr'><strong>Ecclesia</strong></span> <span class='ocrx_word' id='word_1_458' title='bbox 2389 2564 2503 2620; x_wconf 89' lang='lat' dir='ltr'><strong>pra</strong></span> <span class='ocrx_word' id='word_1_459' title='bbox 2524 2549 2740 2605; x_wconf 77' lang='lat' dir='ltr'><strong>caeteris</strong></span> <span class='ocrx_word' id='word_1_460' title='bbox 2788 2550 2961 2605; x_wconf 90' lang='lat' dir='ltr'><strong>totius</strong></span> <span class='ocrx_word' id='word_1_461' title='bbox 2987 2550 3177 2608; x_wconf 88' lang='lat' dir='ltr'><strong>Callia</strong></span> <span class='ocrx_word' id='word_1_462' title='bbox 3220 2552 3490 2620; x_wconf 86' lang='lat' dir='ltr'><strong>ecclesiis,</strong></span> 
     </span>
    </p>
   </div>
   <div class='ocr_carea' id='block_1_71' title="bbox 1900 2640 3495 2715">
    <p class='ocr_par' dir='ltr' id='par_1_71' title="bbox 1900 2640 3495 2715">
     <span class='ocr_line' id='line_1_71' title="bbox 1900 2640 3495 2715; baseline 0.002 -18"><span class='ocrx_word' id='word_1_463' title='bbox 1900 2642 2029 2697; x_wconf 84' lang='lat' dir='ltr'><strong>huic</strong></span> <span class='ocrx_word' id='word_1_464' title='bbox 2059 2641 2378 2713; x_wconf 84' lang='lat' dir='ltr'><strong>apostolica</strong></span> <span class='ocrx_word' id='word_1_465' title='bbox 2400 2642 2519 2698; x_wconf 83' lang='lat' dir='ltr'><strong>sedi</strong></span> <span class='ocrx_word' id='word_1_466' title='bbox 2549 2640 2809 2698; x_wconf 84' lang='lat' dir='ltr'><strong>familiari</strong></span> <span class='ocrx_word' id='word_1_467' title='bbox 2852 2659 2917 2699; x_wconf 89' lang='lat' dir='ltr'><strong>ac</strong></span> <span class='ocrx_word' id='word_1_468' title='bbox 2946 2643 3172 2715; x_wconf 87' lang='lat' dir='ltr'><strong>speciali</strong></span> <span class='ocrx_word' id='word_1_469' title='bbox 3204 2643 3495 2700; x_wconf 86' lang='lat' dir='ltr'><strong>charitatis</strong></span> 
     </span>
    </p>
   </div>
   <div class='ocr_carea' id='block_1_72' title="bbox 1897 2734 3498 2805">
    <p class='ocr_par' dir='ltr' id='par_1_72' title="bbox 1897 2734 3498 2805">
     <span class='ocr_line' id='line_1_72' title="bbox 1897 2734 3498 2805; baseline 0.003 -16"><span class='ocrx_word' id='word_1_470' title='bbox 1897 2734 2244 2805; x_wconf 86' lang='lat' dir='ltr'><strong>copulatione</strong></span> <span class='ocrx_word' id='word_1_471' title='bbox 2294 2735 2743 2803; x_wconf 52' lang='lat' dir='ltr'><strong>eonnexapadeo</strong></span> <span class='ocrx_word' id='word_1_472' title='bbox 2770 2745 2831 2792; x_wconf 92' lang='lat' dir='ltr'><strong>ut</strong></span> <span class='ocrx_word' id='word_1_473' title='bbox 2858 2751 2890 2791; x_wconf 88' lang='lat' dir='ltr'><strong>a</strong></span> <span class='ocrx_word' id='word_1_474' title='bbox 2942 2737 3256 2794; x_wconf 82' lang='lat' dir='ltr'><strong>reverendis</strong></span> <span class='ocrx_word' id='word_1_475' title='bbox 3290 2744 3498 2794; x_wconf 77' lang='lat' dir='ltr'><strong>sancta</strong></span> 
     </span>
    </p>
   </div>
   <div class='ocr_carea' id='block_1_73' title="bbox 1899 2825 3495 2907">
    <p class='ocr_par' dir='ltr' id='par_1_73' title="bbox 1899 2825 3495 2907">
     <span class='ocr_line' id='line_1_73' title="bbox 1899 2825 3495 2907; baseline 0.004 -27"><span class='ocrx_word' id='word_1_476' title='bbox 1899 2827 2045 2882; x_wconf 82' lang='lat' dir='ltr'><strong>sedis</strong></span> <span class='ocrx_word' id='word_1_477' title='bbox 2069 2825 2331 2883; x_wconf 81' lang='lat' dir='ltr'><strong>Romana</strong></span> <span class='ocrx_word' id='word_1_478' title='bbox 2381 2828 2784 2907; x_wconf 86' lang='lat' dir='ltr'><strong>vicariisilluc</strong></span> <span class='ocrx_word' id='word_1_479' title='bbox 2828 2838 3017 2885; x_wconf 86' lang='lat' dir='ltr'><strong>nostra</strong></span> <span class='ocrx_word' id='word_1_480' title='bbox 3060 2830 3284 2887; x_wconf 86' lang='lat' dir='ltr'><strong>directis</strong></span> <span class='ocrx_word' id='word_1_481' title='bbox 3320 2829 3495 2886; x_wconf 78' lang='lat' dir='ltr'><strong>licen-</strong></span> 
     </span>
    </p>
   </div>
   <div class='ocr_carea' id='block_1_74' title="bbox 1900 2916 3495 2991">
    <p class='ocr_par' dir='ltr' id='par_1_74' title="bbox 1900 2916 3495 2991">
     <span class='ocr_line' id='line_1_74' title="bbox 1900 2916 3495 2991; baseline 0.006 -18"><span class='ocrx_word' id='word_1_482' title='bbox 1900 2917 2006 2985; x_wconf 64' lang='lat' dir='ltr'><strong>tia,</strong></span> <span class='ocrx_word' id='word_1_483' title='bbox 2061 2920 2282 2976; x_wconf 86' lang='lat' dir='ltr'><strong>statutis</strong></span> <span class='ocrx_word' id='word_1_484' title='bbox 2338 2921 2676 2991; x_wconf 89' lang='lat' dir='ltr'><strong>temporibus</strong></span> <span class='ocrx_word' id='word_1_485' title='bbox 2740 2923 3033 2977; x_wconf 84' lang='lat' dir='ltr'><strong>reverenda</strong></span> <span class='ocrx_word' id='word_1_486' title='bbox 3085 2916 3214 2980; x_wconf 84' lang='lat' dir='ltr'><strong>.lcsu</strong></span> <span class='ocrx_word' id='word_1_487' title='bbox 3259 2923 3495 2983; x_wconf 89' lang='lat' dir='ltr'><strong>Domino</strong></span> 
     </span>
    </p>
   </div>
   <div class='ocr_carea' id='block_1_75' title="bbox 1900 3013 3494 3092">
    <p class='ocr_par' dir='ltr' id='par_1_75' title="bbox 1900 3013 3494 3092">
     <span class='ocr_line' id='line_1_75' title="bbox 1900 3013 3494 3092; baseline 0.006 -25"><span class='ocrx_word' id='word_1_488' title='bbox 1900 3022 2177 3068; x_wconf 84' lang='lat' dir='ltr'><strong>annuente</strong></span> <span class='ocrx_word' id='word_1_489' title='bbox 2222 3013 2358 3069; x_wconf 90' lang='lat' dir='ltr'><strong>inibi</strong></span> <span class='ocrx_word' id='word_1_490' title='bbox 2393 3015 2739 3071; x_wconf 84' lang='lat' dir='ltr'><strong>celebrentur</strong></span> <span class='ocrx_word' id='word_1_491' title='bbox 2767 3018 3019 3085; x_wconf 89' lang='lat' dir='ltr'><strong>concilia,</strong></span> <span class='ocrx_word' id='word_1_492' title='bbox 3060 3021 3296 3090; x_wconf 86' lang='lat' dir='ltr'><strong>quorum</strong></span> <span class='ocrx_word' id='word_1_493' title='bbox 3333 3037 3494 3092; x_wconf 80' lang='lat' dir='ltr'><strong>pror-</strong></span> 
     </span>
    </p>
   </div>
   <div class='ocr_carea' id='block_1_76' title="bbox 1827 3104 3495 3178">
    <p class='ocr_par' dir='ltr' id='par_1_76' title="bbox 1827 3104 3495 3178">
     <span class='ocr_line' id='line_1_76' title="bbox 1827 3104 3495 3178; baseline 0.006 -17"><span class='ocrx_word' id='word_1_494' title='bbox 1827 3104 1869 3161; x_wconf 89' lang='lat' dir='ltr'><strong>C</strong></span> <span class='ocrx_word' id='word_1_495' title='bbox 1903 3121 1999 3161; x_wconf 88' lang='lat' dir='ltr'><strong>sus</strong></span> <span class='ocrx_word' id='word_1_496' title='bbox 2053 3107 2421 3163; x_wconf 88' lang='lat' dir='ltr'><strong>celebratione</strong></span> <span class='ocrx_word' id='word_1_497' title='bbox 2470 3116 2759 3178; x_wconf 89' lang='lat' dir='ltr'><strong>reparatur</strong></span> <span class='ocrx_word' id='word_1_498' title='bbox 2812 3117 2988 3165; x_wconf 88' lang='lat' dir='ltr'><strong>status</strong></span> <span class='ocrx_word' id='word_1_499' title='bbox 3030 3123 3395 3169; x_wconf 84' lang='lat' dir='ltr'><strong>sacrosancta</strong></span> <span class='ocrx_word' id='word_1_500' title='bbox 3438 3122 3495 3171; x_wconf 89' lang='lat' dir='ltr'><strong>et</strong></span> 
     </span>
    </p>
   </div>
   <div class='ocr_carea' id='block_1_77' title="bbox 1898 3195 3491 3279">
    <p class='ocr_par' dir='ltr' id='par_1_77' title="bbox 1898 3195 3491 3279">
     <span class='ocr_line' id='line_1_77' title="bbox 1898 3195 3491 3279; baseline 0.006 -27"><span class='ocrx_word' id='word_1_501' title='bbox 1898 3197 2226 3253; x_wconf 83' lang='lat' dir='ltr'><strong>universalis</strong></span> <span class='ocrx_word' id='word_1_502' title='bbox 2264 3198 2555 3267; x_wconf 84' lang='lat' dir='ltr'><strong>Ecclesia,</strong></span> <span class='ocrx_word' id='word_1_503' title='bbox 2610 3198 2816 3255; x_wconf 86' lang='lat' dir='ltr'><strong>Christi</strong></span> <span class='ocrx_word' id='word_1_504' title='bbox 2853 3195 3070 3258; x_wconf 82' lang='lat' dir='ltr'><strong>Domini</strong></span> <span class='ocrx_word' id='word_1_505' title='bbox 3098 3204 3326 3275; x_wconf 90' lang='lat' dir='ltr'><strong>juvante</strong></span> <span class='ocrx_word' id='word_1_506' title='bbox 3362 3223 3491 3279; x_wconf 80' lang='lat' dir='ltr'><strong>gra-</strong></span> 
     </span>
    </p>
   </div>
   <div class='ocr_carea' id='block_1_78' title="bbox 1897 3289 3494 3367">
    <p class='ocr_par' dir='ltr' id='par_1_78' title="bbox 1897 3289 3494 3367">
     <span class='ocr_line' id='line_1_78' title="bbox 1897 3289 3494 3367; baseline 0.008 -24"><span class='ocrx_word' id='word_1_507' title='bbox 1897 3289 1997 3356; x_wconf 88' lang='lat' dir='ltr'><strong>tia,</strong></span> <span class='ocrx_word' id='word_1_508' title='bbox 2028 3305 2093 3344; x_wconf 91' lang='lat' dir='ltr'><strong>ac</strong></span> <span class='ocrx_word' id='word_1_509' title='bbox 2121 3306 2219 3361; x_wconf 89' lang='lat' dir='ltr'><strong>per</strong></span> <span class='ocrx_word' id='word_1_510' title='bbox 2240 3306 2525 3347; x_wconf 89' lang='lat' dir='ltr'><strong>sacrorum</strong></span> <span class='ocrx_word' id='word_1_511' title='bbox 2566 3291 2814 3347; x_wconf 89' lang='lat' dir='ltr'><strong>instituta</strong></span> <span class='ocrx_word' id='word_1_512' title='bbox 2847 3309 3119 3350; x_wconf 88' lang='lat' dir='ltr'><strong>canonum</strong></span> <span class='ocrx_word' id='word_1_513' title='bbox 3146 3297 3494 3367; x_wconf 65' lang='lat' dir='ltr'><strong>examinantur</strong></span> 
     </span>
    </p>
   </div>
   <div class='ocr_carea' id='block_1_79' title="bbox 1897 3379 3496 3459">
    <p class='ocr_par' dir='ltr' id='par_1_79' title="bbox 1897 3379 3496 3459">
     <span class='ocr_line' id='line_1_79' title="bbox 1897 3379 3496 3459; baseline 0.007 -25"><span class='ocrx_word' id='word_1_514' title='bbox 1897 3379 1955 3435; x_wconf 92' lang='lat' dir='ltr'><strong>in</strong></span> <span class='ocrx_word' id='word_1_515' title='bbox 1984 3380 2204 3436; x_wconf 85' lang='lat' dir='ltr'><strong>Domini</strong></span> <span class='ocrx_word' id='word_1_516' title='bbox 2229 3380 2334 3438; x_wconf 82' lang='lat' dir='ltr'><strong>ﬁde</strong></span> <span class='ocrx_word' id='word_1_517' title='bbox 2368 3383 2560 3454; x_wconf 84' lang='lat' dir='ltr'><strong>religio</strong></span> <span class='ocrx_word' id='word_1_518' title='bbox 2604 3382 2941 3440; x_wconf 87' lang='lat' dir='ltr'><strong>Christiana.</strong></span> <span class='ocrx_word' id='word_1_519' title='bbox 2972 3385 3145 3455; x_wconf 81' lang='lat' dir='ltr'><strong>Igitur</strong></span> <span class='ocrx_word' id='word_1_520' title='bbox 3192 3388 3496 3459; x_wconf 86' lang='lat' dir='ltr'><strong>imperioso</strong></span> 
     </span>
    </p>
   </div>
   <div class='ocr_carea' id='block_1_80' title="bbox 1897 3473 3494 3544">
    <p class='ocr_par' dir='ltr' id='par_1_80' title="bbox 1897 3473 3494 3544">
     <span class='ocr_line' id='line_1_80' title="bbox 1897 3473 3494 3544; baseline 0.006 -15"><span class='ocrx_word' id='word_1_521' title='bbox 1897 3473 2181 3529; x_wconf 88' lang='lat' dir='ltr'><strong>catholica</strong></span> <span class='ocrx_word' id='word_1_522' title='bbox 2209 3482 2265 3530; x_wconf 91' lang='lat' dir='ltr'><strong>et</strong></span> <span class='ocrx_word' id='word_1_523' title='bbox 2298 3475 2615 3544; x_wconf 82' lang='lat' dir='ltr'><strong>apostolica</strong></span> <span class='ocrx_word' id='word_1_524' title='bbox 2665 3476 2811 3532; x_wconf 86' lang='lat' dir='ltr'><strong>sedis</strong></span> <span class='ocrx_word' id='word_1_525' title='bbox 2858 3476 3036 3534; x_wconf 85' lang='lat' dir='ltr'><strong>edicto</strong></span> <span class='ocrx_word' id='word_1_526' title='bbox 3085 3480 3383 3538; x_wconf 85' lang='lat' dir='ltr'><strong>statuimus</strong></span> <span class='ocrx_word' id='word_1_527' title='bbox 3425 3497 3494 3539; x_wconf 80' lang='lat' dir='ltr'><strong>ac</strong></span> 
     </span>
    </p>
   </div>
   <div class='ocr_carea' id='block_1_81' title="bbox 1896 3565 3492 3648">
    <p class='ocr_par' dir='ltr' id='par_1_81' title="bbox 1896 3565 3492 3648">
     <span class='ocr_line' id='line_1_81' title="bbox 1896 3565 3492 3648; baseline 0.006 -27"><span class='ocrx_word' id='word_1_528' title='bbox 1896 3565 2189 3622; x_wconf 86' lang='lat' dir='ltr'><strong>statuendo</strong></span> <span class='ocrx_word' id='word_1_529' title='bbox 2213 3565 2577 3637; x_wconf 84' lang='lat' dir='ltr'><strong>irrefragabili</strong></span> <span class='ocrx_word' id='word_1_530' title='bbox 2598 3568 2943 3626; x_wconf 89' lang='lat' dir='ltr'><strong>auctoritatis</strong></span> <span class='ocrx_word' id='word_1_531' title='bbox 2974 3579 3180 3628; x_wconf 87' lang='lat' dir='ltr'><strong>nostra</strong></span> <span class='ocrx_word' id='word_1_532' title='bbox 3200 3573 3492 3648; x_wconf 88' lang='lat' dir='ltr'><strong>privilegio</strong></span> 
     </span>
    </p>
   </div>
   <div class='ocr_carea' id='block_1_82' title="bbox 1897 3659 3493 3731">
    <p class='ocr_par' dir='ltr' id='par_1_82' title="bbox 1897 3659 3493 3731">
     <span class='ocr_line' id='line_1_82' title="bbox 1897 3659 3493 3731; baseline 0.007 -17"><span class='ocrx_word' id='word_1_533' title='bbox 1897 3659 2100 3715; x_wconf 83' lang='lat' dir='ltr'><strong>sanciri</strong></span> <span class='ocrx_word' id='word_1_534' title='bbox 2123 3659 2495 3725; x_wconf 85' lang='lat' dir='ltr'><strong>decernimus,</strong></span> <span class='ocrx_word' id='word_1_535' title='bbox 2527 3668 2801 3731; x_wconf 85' lang='lat' dir='ltr'><strong>quatenus</strong></span> <span class='ocrx_word' id='word_1_536' title='bbox 2836 3661 2954 3717; x_wconf 80' lang='lat' dir='ltr'><strong>ista</strong></span> <span class='ocrx_word' id='word_1_537' title='bbox 2975 3664 3221 3720; x_wconf 85' lang='lat' dir='ltr'><strong>ecclesia</strong></span> <span class='ocrx_word' id='word_1_538' title='bbox 3245 3682 3277 3721; x_wconf 93' lang='lat' dir='ltr'><strong>a</strong></span> <span class='ocrx_word' id='word_1_539' title='bbox 3328 3669 3493 3725; x_wconf 87' lang='lat' dir='ltr'><strong>nobis</strong></span> 
     </span>
    </p>
   </div>
   <div class='ocr_carea' id='block_1_83' title="bbox 1895 3742 3488 3824">
    <p class='ocr_par' dir='ltr' id='par_1_83' title="bbox 1895 3742 3488 3824">
     <span class='ocr_line' id='line_1_83' title="bbox 1895 3742 3488 3824; baseline 0.008 -17"><span class='ocrx_word' id='word_1_540' title='bbox 1895 3751 2312 3808; x_wconf 88' lang='lat' dir='ltr'><strong>denominanda</strong></span> <span class='ocrx_word' id='word_1_541' title='bbox 2332 3752 2721 3824; x_wconf 83' lang='lat' dir='ltr'><strong>pradictorum</strong></span> <span class='ocrx_word' id='word_1_542' title='bbox 2751 3757 3131 3814; x_wconf 88' lang='lat' dir='ltr'><strong>communitati</strong></span> <span class='ocrx_word' id='word_1_543' title='bbox 3159 3742 3488 3820; x_wconf 86' lang='lat' dir='ltr'><strong>clericorum</strong></span> 
     </span>
    </p>
   </div>
   <div class='ocr_carea' id='block_1_84' title="bbox 1895 3845 3488 3927">
    <p class='ocr_par' dir='ltr' id='par_1_84' title="bbox 1895 3845 3488 3927">
     <span class='ocr_line' id='line_1_84' title="bbox 1895 3845 3488 3927; baseline 0.008 -28"><span class='ocrx_word' id='word_1_544' title='bbox 1895 3853 1951 3900; x_wconf 88' lang='lat' dir='ltr'><strong>et</strong></span> <span class='ocrx_word' id='word_1_545' title='bbox 1981 3845 2274 3916; x_wconf 79' lang='lat' dir='ltr'><strong>pralibata</strong></span> <span class='ocrx_word' id='word_1_546' title='bbox 2298 3847 2496 3902; x_wconf 84' lang='lat' dir='ltr'><strong>matris</strong></span> <span class='ocrx_word' id='word_1_547' title='bbox 2520 3846 2769 3903; x_wconf 88' lang='lat' dir='ltr'><strong>ecclesia</strong></span> <span class='ocrx_word' id='word_1_548' title='bbox 2803 3847 2949 3903; x_wconf 88' lang='lat' dir='ltr'><strong>beati</strong></span> <span class='ocrx_word' id='word_1_549' title='bbox 2971 3848 3246 3908; x_wconf 77' lang='lat' dir='ltr'><strong>Vincentii</strong></span> <span class='ocrx_word' id='word_1_550' title='bbox 3289 3871 3488 3927; x_wconf 42' lang='lat' dir='ltr'><strong>perpe‘</strong></span> 
     </span>
    </p>
   </div>
   <div class='ocr_carea' id='block_1_85' title="bbox 1893 3938 3489 4013">
    <p class='ocr_par' dir='ltr' id='par_1_85' title="bbox 1893 3938 3489 4013">
     <span class='ocr_line' id='line_1_85' title="bbox 1893 3938 3489 4013; baseline 0.008 -20"><span class='ocrx_word' id='word_1_551' title='bbox 1893 3938 2006 3994; x_wconf 91' lang='lat' dir='ltr'><strong>tuis</strong></span> <span class='ocrx_word' id='word_1_552' title='bbox 2025 3939 2339 3995; x_wconf 83' lang='lat' dir='ltr'><strong>deserviant</strong></span> <span class='ocrx_word' id='word_1_553' title='bbox 2377 3938 2605 4008; x_wconf 90' lang='lat' dir='ltr'><strong>usibus;</strong></span> <span class='ocrx_word' id='word_1_554' title='bbox 2658 3941 2715 3997; x_wconf 92' lang='lat' dir='ltr'><strong>in</strong></span> <span class='ocrx_word' id='word_1_555' title='bbox 2748 3942 2944 4013; x_wconf 87' lang='lat' dir='ltr'><strong>primis</strong></span> <span class='ocrx_word' id='word_1_556' title='bbox 2995 3944 3208 4001; x_wconf 89' lang='lat' dir='ltr'><strong>scilicet</strong></span> <span class='ocrx_word' id='word_1_557' title='bbox 3257 3948 3489 4005; x_wconf 86' lang='lat' dir='ltr'><strong>ecclesia</strong></span> 
     </span>
    </p>
   </div>
   <div class='ocr_carea' id='block_1_86' title="bbox 1895 4029 3488 4110">
    <p class='ocr_par' dir='ltr' id='par_1_86' title="bbox 1895 4029 3488 4110">
     <span class='ocr_line' id='line_1_86' title="bbox 1895 4029 3488 4110; baseline 0.009 -25"><span class='ocrx_word' id='word_1_558' title='bbox 1895 4029 2049 4086; x_wconf 79' lang='lat' dir='ltr'><strong>fundi</strong></span> <span class='ocrx_word' id='word_1_559' title='bbox 2073 4030 2485 4104; x_wconf 84' lang='lat' dir='ltr'><strong>Baugiacensis,</strong></span> <span class='ocrx_word' id='word_1_560' title='bbox 2521 4049 2689 4104; x_wconf 91' lang='lat' dir='ltr'><strong>quam</strong></span> <span class='ocrx_word' id='word_1_561' title='bbox 2713 4036 2965 4107; x_wconf 90' lang='lat' dir='ltr'><strong>sequitur</strong></span> <span class='ocrx_word' id='word_1_562' title='bbox 2989 4053 3211 4110; x_wconf 85' lang='lat' dir='ltr'><strong>quoque</strong></span> <span class='ocrx_word' id='word_1_563' title='bbox 3253 4043 3488 4101; x_wconf 88' lang='lat' dir='ltr'><strong>ecclesia</strong></span> 
     </span>
    </p>
   </div>
   <div class='ocr_carea' id='block_1_87' title="bbox 1893 4122 3490 4192">
    <p class='ocr_par' dir='ltr' id='par_1_87' title="bbox 1893 4122 3490 4192">
     <span class='ocr_line' id='line_1_87' title="bbox 1893 4122 3490 4192; baseline 0.009 -15"><span class='ocrx_word' id='word_1_564' title='bbox 1893 4123 2042 4179; x_wconf 85' lang='lat' dir='ltr'><strong>ruris</strong></span> <span class='ocrx_word' id='word_1_565' title='bbox 2095 4122 2485 4192; x_wconf 74' lang='lat' dir='ltr'><strong>Cerliacensis,</strong></span> <span class='ocrx_word' id='word_1_566' title='bbox 2511 4126 2876 4183; x_wconf 89' lang='lat' dir='ltr'><strong>nihilominus</strong></span> <span class='ocrx_word' id='word_1_567' title='bbox 2907 4130 3073 4185; x_wconf 88' lang='lat' dir='ltr'><strong>etiam</strong></span> <span class='ocrx_word' id='word_1_568' title='bbox 3100 4133 3332 4189; x_wconf 90' lang='lat' dir='ltr'><strong>ecclesia</strong></span> <span class='ocrx_word' id='word_1_569' title='bbox 3356 4133 3490 4192; x_wconf 90' lang='lat' dir='ltr'><strong>Bre-</strong></span> 
     </span>
    </p>
   </div>
   <div class='ocr_carea' id='block_1_88' title="bbox 1895 4215 3491 4287">
    <p class='ocr_par' dir='ltr' id='par_1_88' title="bbox 1895 4215 3491 4287">
     <span class='ocr_line' id='line_1_88' title="bbox 1895 4215 3491 4287; baseline 0.009 -19"><span class='ocrx_word' id='word_1_570' title='bbox 1895 4215 2228 4285; x_wconf 87' lang='lat' dir='ltr'><strong>gniacensis,</strong></span> <span class='ocrx_word' id='word_1_571' title='bbox 2249 4224 2533 4287; x_wconf 88' lang='lat' dir='ltr'><strong>postremo</strong></span> <span class='ocrx_word' id='word_1_572' title='bbox 2563 4218 2795 4274; x_wconf 89' lang='lat' dir='ltr'><strong>ecclesia</strong></span> <span class='ocrx_word' id='word_1_573' title='bbox 2826 4219 2893 4274; x_wconf 90' lang='lat' dir='ltr'><strong>de</strong></span> <span class='ocrx_word' id='word_1_574' title='bbox 2920 4219 2977 4274; x_wconf 90' lang='lat' dir='ltr'><strong>S.</strong></span> <span class='ocrx_word' id='word_1_575' title='bbox 2996 4219 3234 4277; x_wconf 73' lang='lat' dir='ltr'><strong>Martino</strong></span> <span class='ocrx_word' id='word_1_576' title='bbox 3246 4225 3314 4280; x_wconf 89' lang='lat' dir='ltr'><strong>de</strong></span> <span class='ocrx_word' id='word_1_577' title='bbox 3332 4226 3491 4283; x_wconf 84' lang='lat' dir='ltr'><strong>Mon-</strong></span> 
     </span>
    </p>
   </div>
   <div class='ocr_carea' id='block_1_89' title="bbox 1894 4306 3487 4379">
    <p class='ocr_par' dir='ltr' id='par_1_89' title="bbox 1894 4306 3487 4379">
     <span class='ocr_line' id='line_1_89' title="bbox 1894 4306 3487 4379; baseline 0.01 -20"><span class='ocrx_word' id='word_1_578' title='bbox 1894 4313 1970 4372; x_wconf 87' lang='lat' dir='ltr'><strong>te,</strong></span> <span class='ocrx_word' id='word_1_579' title='bbox 1985 4306 2060 4360; x_wconf 88' lang='lat' dir='ltr'><strong>ita</strong></span> <span class='ocrx_word' id='word_1_580' title='bbox 2081 4316 2398 4376; x_wconf 88' lang='lat' dir='ltr'><strong>nuncupata</strong></span> <span class='ocrx_word' id='word_1_581' title='bbox 2419 4307 2740 4379; x_wconf 88' lang='lat' dir='ltr'><strong>vulgaribus</strong></span> <span class='ocrx_word' id='word_1_582' title='bbox 2760 4310 2966 4379; x_wconf 88' lang='lat' dir='ltr'><strong>verbis,</strong></span> <span class='ocrx_word' id='word_1_583' title='bbox 2990 4314 3060 4369; x_wconf 89' lang='lat' dir='ltr'><strong>ad</strong></span> <span class='ocrx_word' id='word_1_584' title='bbox 3076 4313 3332 4371; x_wconf 87' lang='lat' dir='ltr'><strong>ultimum</strong></span> <span class='ocrx_word' id='word_1_585' title='bbox 3354 4332 3487 4375; x_wconf 86' lang='lat' dir='ltr'><strong>vero</strong></span> 
     </span>
    </p>
   </div>
   <div class='ocr_carea' id='block_1_90' title="bbox 1896 4396 3487 4477">
    <p class='ocr_par' dir='ltr' id='par_1_90' title="bbox 1896 4396 3487 4477">
     <span class='ocr_line' id='line_1_90' title="bbox 1896 4396 3487 4477; baseline 0.009 -25"><span class='ocrx_word' id='word_1_586' title='bbox 1896 4396 2128 4453; x_wconf 80' lang='lat' dir='ltr'><strong>ecclesia</strong></span> <span class='ocrx_word' id='word_1_587' title='bbox 2158 4399 2227 4455; x_wconf 91' lang='lat' dir='ltr'><strong>de</strong></span> <span class='ocrx_word' id='word_1_588' title='bbox 2252 4397 2311 4454; x_wconf 89' lang='lat' dir='ltr'><strong>S.</strong></span> <span class='ocrx_word' id='word_1_589' title='bbox 2336 4397 2558 4456; x_wconf 78' lang='lat' dir='ltr'><strong>Privato</strong></span> <span class='ocrx_word' id='word_1_590' title='bbox 2586 4401 2663 4456; x_wconf 90' lang='lat' dir='ltr'><strong>ita</strong></span> <span class='ocrx_word' id='word_1_591' title='bbox 2684 4402 2923 4458; x_wconf 86' lang='lat' dir='ltr'><strong>vocitata</strong></span> <span class='ocrx_word' id='word_1_592' title='bbox 2953 4420 2987 4460; x_wconf 88' lang='lat' dir='ltr'><strong>a</strong></span> <span class='ocrx_word' id='word_1_593' title='bbox 3015 4407 3359 4477; x_wconf 87' lang='lat' dir='ltr'><strong>temporibus</strong></span> <span class='ocrx_word' id='word_1_594' title='bbox 3382 4426 3487 4467; x_wconf 92' lang='lat' dir='ltr'><strong>an-</strong></span> 
     </span>
    </p>
   </div>
   <div class='ocr_carea' id='block_1_91' title="bbox 210 4468 3487 4575">
    <p class='ocr_par' dir='ltr' id='par_1_91' title="bbox 210 4468 3487 4575">
     <span class='ocr_line' id='line_1_91' title="bbox 210 4468 3487 4575; baseline 0.006 -34"><span class='ocrx_word' id='word_1_595' title='bbox 210 4475 637 4575; x_wconf 52' lang='grc' dir='ltr'><strong>οξεωθῐιῑίεείξηθ</strong></span> <span class='ocrx_word' id='word_1_596' title='bbox 668 4491 884 4547; x_wconf 68' lang='lat' dir='ltr'><strong>semper</strong></span> <span class='ocrx_word' id='word_1_597' title='bbox 903 4476 1142 4575; x_wconf 64' lang='grc' dir='ltr'><strong>εοφιξειί</strong></span> <span class='ocrx_word' id='word_1_598' title='bbox 1172 4493 1237 4575; x_wconf 50' lang='lat' dir='ltr'><strong>ilo</strong></span> <span class='ocrx_word' id='word_1_599' title='bbox 1265 4476 1515 4575; x_wconf 57' lang='grc' dir='ltr'><strong>ωίδθξεΐξ</strong></span> <span class='ocrx_word' id='word_1_600' title='bbox 1546 4477 1789 4575; x_wconf 58' lang='grc' dir='ltr'><strong>διψγεξηή</strong></span> <span class='ocrx_word' id='word_1_601' title='bbox 1822 4474 1868 4529; x_wconf 76' lang='grc'><strong>1)</strong></span> <span class='ocrx_word' id='word_1_602' title='bbox 1892 4488 2084 4560; x_wconf 90' lang='lat' dir='ltr'><strong>tiquis,</strong></span> <span class='ocrx_word' id='word_1_603' title='bbox 2119 4490 2208 4547; x_wconf 87' lang='lat' dir='ltr'><strong>his</strong></span> <span class='ocrx_word' id='word_1_604' title='bbox 2231 4490 2501 4563; x_wconf 84' lang='lat' dir='ltr'><strong>siquidem</strong></span> <span class='ocrx_word' id='word_1_605' title='bbox 2517 4494 2767 4551; x_wconf 82' lang='lat' dir='ltr'><strong>ecclesiis</strong></span> <span class='ocrx_word' id='word_1_606' title='bbox 2789 4496 3115 4555; x_wconf 89' lang='lat' dir='ltr'><strong>nominatim</strong></span> <span class='ocrx_word' id='word_1_607' title='bbox 3130 4468 3446 4573; x_wconf 64' lang='lat' dir='ltr'><strong>designatis</strong></span> <span class='ocrx_word' id='word_1_608' title='bbox 3469 4548 3487 4575; x_wconf 91' lang='lat'><strong>,</strong></span> 
     </span>
    </p>
   </div>
   <div class='ocr_carea' id='block_1_92' title="bbox 211 4566 1791 4640">
    <p class='ocr_par' dir='ltr' id='par_1_92' title="bbox 211 4566 1791 4640">
     <span class='ocr_line' id='line_1_92' title="bbox 211 4566 1791 4640; baseline 0.002 -19"><span class='ocrx_word' id='word_1_609' title='bbox 211 4566 380 4634; x_wconf 90' lang='lat' dir='ltr'><strong>tione,</strong></span> <span class='ocrx_word' id='word_1_610' title='bbox 419 4568 657 4623; x_wconf 82' lang='lat' dir='ltr'><strong>maxime</strong></span> <span class='ocrx_word' id='word_1_611' title='bbox 692 4576 874 4624; x_wconf 90' lang='lat' dir='ltr'><strong>tamen</strong></span> <span class='ocrx_word' id='word_1_612' title='bbox 910 4569 1005 4640; x_wconf 92' lang='lat' dir='ltr'><strong>qui</strong></span> <span class='ocrx_word' id='word_1_613' title='bbox 1036 4569 1103 4625; x_wconf 90' lang='lat' dir='ltr'><strong>de</strong></span> <span class='ocrx_word' id='word_1_614' title='bbox 1122 4569 1290 4625; x_wconf 89' lang='lat' dir='ltr'><strong>rebus</strong></span> <span class='ocrx_word' id='word_1_615' title='bbox 1314 4567 1674 4625; x_wconf 89' lang='lat' dir='ltr'><strong>ecclesiastici</strong></span> <span class='ocrx_word' id='word_1_616' title='bbox 1697 4566 1791 4640; x_wconf 59' lang='lat' dir='ltr'><strong>ju-&#39;</strong></span> 
     </span>
    </p>
   </div>
   <div class='ocr_carea' id='block_1_93' title="bbox 210 4657 1789 4733">
    <p class='ocr_par' dir='ltr' id='par_1_93' title="bbox 210 4657 1789 4733">
     <span class='ocr_line' id='line_1_93' title="bbox 210 4657 1789 4733; baseline 0.003 -20"><span class='ocrx_word' id='word_1_617' title='bbox 210 4659 289 4714; x_wconf 87' lang='lat' dir='ltr'><strong>ris</strong></span> <span class='ocrx_word' id='word_1_618' title='bbox 317 4657 530 4731; x_wconf 89' lang='lat' dir='ltr'><strong>insigne</strong></span> <span class='ocrx_word' id='word_1_619' title='bbox 551 4660 835 4730; x_wconf 89' lang='lat' dir='ltr'><strong>apostolici</strong></span> <span class='ocrx_word' id='word_1_620' title='bbox 857 4660 1095 4732; x_wconf 88' lang='lat' dir='ltr'><strong>prasidii</strong></span> <span class='ocrx_word' id='word_1_621' title='bbox 1118 4661 1380 4733; x_wconf 87' lang='lat' dir='ltr'><strong>juvamen</strong></span> <span class='ocrx_word' id='word_1_622' title='bbox 1424 4678 1490 4718; x_wconf 89' lang='lat' dir='ltr'><strong>ac</strong></span> <span class='ocrx_word' id='word_1_623' title='bbox 1520 4661 1789 4733; x_wconf 87' lang='lat' dir='ltr'><strong>placidam</strong></span> 
     </span>
    </p>
   </div>
   <div class='ocr_carea' id='block_1_94' title="bbox 213 4751 1792 4814">
    <p class='ocr_par' dir='ltr' id='par_1_94' title="bbox 213 4751 1792 4814">
     <span class='ocr_line' id='line_1_94' title="bbox 213 4751 1792 4814; baseline 0.007 -11"><span class='ocrx_word' id='word_1_624' title='bbox 213 4765 328 4805; x_wconf 87' lang='lat' dir='ltr'><strong>sua</strong></span> <span class='ocrx_word' id='word_1_625' title='bbox 352 4751 663 4808; x_wconf 89' lang='lat' dir='ltr'><strong>serenitatis</strong></span> <span class='ocrx_word' id='word_1_626' title='bbox 712 4753 1043 4809; x_wconf 88' lang='lat' dir='ltr'><strong>audientiam</strong></span> <span class='ocrx_word' id='word_1_627' title='bbox 1086 4755 1191 4810; x_wconf 87' lang='lat' dir='ltr'><strong>rite</strong></span> <span class='ocrx_word' id='word_1_628' title='bbox 1219 4755 1473 4812; x_wconf 87' lang='lat' dir='ltr'><strong>videntur</strong></span> <span class='ocrx_word' id='word_1_629' title='bbox 1506 4758 1792 4814; x_wconf 89' lang='lat' dir='ltr'><strong>consulta-</strong></span> 
     </span>
    </p>
   </div>
   <div class='ocr_carea' id='block_1_95' title="bbox 212 4843 1792 4918">
    <p class='ocr_par' dir='ltr' id='par_1_95' title="bbox 212 4843 1792 4918">
     <span class='ocr_line' id='line_1_95' title="bbox 212 4843 1792 4918; baseline 0.006 -21"><span class='ocrx_word' id='word_1_630' title='bbox 212 4856 292 4910; x_wconf 87' lang='lat' dir='ltr'><strong>re,</strong></span> <span class='ocrx_word' id='word_1_631' title='bbox 317 4843 441 4899; x_wconf 92' lang='lat' dir='ltr'><strong>illos</strong></span> <span class='ocrx_word' id='word_1_632' title='bbox 471 4851 686 4915; x_wconf 87' lang='lat' dir='ltr'><strong>oportet</strong></span> <span class='ocrx_word' id='word_1_633' title='bbox 710 4843 943 4901; x_wconf 88' lang='lat' dir='ltr'><strong>faciliori</strong></span> <span class='ocrx_word' id='word_1_634' title='bbox 987 4863 1103 4902; x_wconf 86' lang='lat' dir='ltr'><strong>sua</strong></span> <span class='ocrx_word' id='word_1_635' title='bbox 1129 4849 1438 4918; x_wconf 87' lang='lat' dir='ltr'><strong>tranquilla</strong></span> <span class='ocrx_word' id='word_1_636' title='bbox 1482 4850 1792 4907; x_wconf 87' lang='lat' dir='ltr'><strong>miseratio-</strong></span> 
     </span>
    </p>
   </div>
   <div class='ocr_carea' id='block_1_96' title="bbox 211 4934 1790 5018">
    <p class='ocr_par' dir='ltr' id='par_1_96' title="bbox 211 4934 1790 5018">
     <span class='ocr_line' id='line_1_96' title="bbox 211 4934 1790 5018; baseline 0.008 -30"><span class='ocrx_word' id='word_1_637' title='bbox 211 4934 298 4992; x_wconf 91' lang='lat' dir='ltr'><strong>nis</strong></span> <span class='ocrx_word' id='word_1_638' title='bbox 328 4943 578 5006; x_wconf 85' lang='lat' dir='ltr'><strong>respeclu</strong></span> <span class='ocrx_word' id='word_1_639' title='bbox 611 4936 677 4992; x_wconf 92' lang='lat' dir='ltr'><strong>de</strong></span> <span class='ocrx_word' id='word_1_640' title='bbox 715 4938 822 5008; x_wconf 89' lang='lat' dir='ltr'><strong>his,</strong></span> <span class='ocrx_word' id='word_1_641' title='bbox 848 4954 973 5009; x_wconf 87' lang='lat' dir='ltr'><strong>qua</strong></span> <span class='ocrx_word' id='word_1_642' title='bbox 994 4937 1225 4996; x_wconf 79' lang='lat' dir='ltr'><strong>ﬁdeliter</strong></span> <span class='ocrx_word' id='word_1_643' title='bbox 1248 4948 1303 4995; x_wconf 89' lang='lat' dir='ltr'><strong>et</strong></span> <span class='ocrx_word' id='word_1_644' title='bbox 1331 4942 1593 4999; x_wconf 88' lang='lat' dir='ltr'><strong>canonice</strong></span> <span class='ocrx_word' id='word_1_645' title='bbox 1622 4960 1790 5018; x_wconf 86' lang='lat' dir='ltr'><strong>expe-</strong></span> 
     </span>
    </p>
   </div>
   <div class='ocr_carea' id='block_1_97' title="bbox 211 5028 1792 5103">
    <p class='ocr_par' dir='ltr' id='par_1_97' title="bbox 211 5028 1792 5103">
     <span class='ocr_line' id='line_1_97' title="bbox 211 5028 1792 5103; baseline 0.006 -20"><span class='ocrx_word' id='word_1_646' title='bbox 211 5036 326 5083; x_wconf 87' lang='lat' dir='ltr'><strong>tant</strong></span> <span class='ocrx_word' id='word_1_647' title='bbox 348 5028 505 5100; x_wconf 90' lang='lat' dir='ltr'><strong>prius</strong></span> <span class='ocrx_word' id='word_1_648' title='bbox 531 5028 823 5086; x_wconf 90' lang='lat' dir='ltr'><strong>clementer</strong></span> <span class='ocrx_word' id='word_1_649' title='bbox 845 5030 1092 5087; x_wconf 82' lang='lat' dir='ltr'><strong>exaudiri</strong></span> <span class='ocrx_word' id='word_1_650' title='bbox 1136 5032 1356 5099; x_wconf 75' lang='lat' dir='ltr'><strong>debere,</strong></span> <span class='ocrx_word' id='word_1_651' title='bbox 1403 5042 1529 5103; x_wconf 92' lang='lat' dir='ltr'><strong>post</strong></span> <span class='ocrx_word' id='word_1_652' title='bbox 1559 5052 1693 5092; x_wconf 89' lang='lat' dir='ltr'><strong>vero</strong></span> <span class='ocrx_word' id='word_1_653' title='bbox 1724 5052 1792 5092; x_wconf 91' lang='lat' dir='ltr'><strong>ne</strong></span> 
     </span>
    </p>
   </div>
   <div class='ocr_carea' id='block_1_98' title="bbox 207 5118 1792 5188">
    <p class='ocr_par' dir='ltr' id='par_1_98' title="bbox 207 5118 1792 5188">
     <span class='ocr_line' id='line_1_98' title="bbox 207 5118 1792 5188; baseline 0.006 -13"><span class='ocrx_word' id='word_1_654' title='bbox 207 5119 443 5176; x_wconf 87' lang='lat' dir='ltr'><strong>ulterius</strong></span> <span class='ocrx_word' id='word_1_655' title='bbox 491 5118 608 5174; x_wconf 85' lang='lat' dir='ltr'><strong>ﬁeri</strong></span> <span class='ocrx_word' id='word_1_656' title='bbox 628 5122 839 5178; x_wconf 88' lang='lat' dir='ltr'><strong>valeant</strong></span> <span class='ocrx_word' id='word_1_657' title='bbox 867 5119 1040 5188; x_wconf 87' lang='lat' dir='ltr'><strong>irrita,</strong></span> <span class='ocrx_word' id='word_1_658' title='bbox 1090 5120 1395 5179; x_wconf 83' lang='lat' dir='ltr'><strong>inviolabili</strong></span> <span class='ocrx_word' id='word_1_659' title='bbox 1444 5129 1792 5186; x_wconf 88' lang='lat' dir='ltr'><strong>auctoritatis</strong></span> 
     </span>
    </p>
   </div>
   <div class='ocr_carea' id='block_1_99' title="bbox 200 5211 1792 5288">
    <p class='ocr_par' dir='ltr' id='par_1_99' title="bbox 200 5211 1792 5288">
     <span class='ocr_line' id='line_1_99' title="bbox 200 5211 1792 5288; baseline 0.005 -20"><span class='ocrx_word' id='word_1_660' title='bbox 200 5211 523 5284; x_wconf 82' lang='lat' dir='ltr'><strong>apostolica</strong></span> <span class='ocrx_word' id='word_1_661' title='bbox 549 5212 825 5288; x_wconf 85' lang='lat' dir='ltr'><strong>privilegio</strong></span> <span class='ocrx_word' id='word_1_662' title='bbox 871 5213 1218 5272; x_wconf 87' lang='lat' dir='ltr'><strong>corroborari</strong></span> <span class='ocrx_word' id='word_1_663' title='bbox 1254 5218 1559 5286; x_wconf 89' lang='lat' dir='ltr'><strong>perpetuali</strong></span> <span class='ocrx_word' id='word_1_664' title='bbox 1587 5220 1792 5277; x_wconf 78' lang='lat' dir='ltr'><strong>contir-</strong></span> 
     </span>
    </p>
   </div>
   <div class='ocr_carea' id='block_1_100' title="bbox 199 5298 1755 5340">
    <p class='ocr_par' dir='ltr' id='par_1_100' title="bbox 199 5298 1755 5340">
     <span class='ocr_line' id='line_1_100' title="bbox 199 5298 1755 5340; baseline 0 0"><span class='ocrx_word' id='word_1_665' title='bbox 199 5304 448 5340; x_wconf 66' lang='lat' dir='ltr'><strong>mnlinno</strong></span> <span class='ocrx_word' id='word_1_666' title='bbox 524 5298 693 5340; x_wconf 70' lang='lat' dir='ltr'><strong>plu-un</strong></span> <span class='ocrx_word' id='word_1_667' title='bbox 717 5316 821 5340; x_wconf 68' lang='grc' dir='ltr'><strong>ιηνη</strong></span> <span class='ocrx_word' id='word_1_668' title='bbox 870 5309 1222 5340; x_wconf 67' lang='grc' dir='ltr'><strong>νουρνοηιιηπι</strong></span> <span class='ocrx_word' id='word_1_669' title='bbox 1286 5309 1591 5340; x_wconf 56' lang='lat' dir='ltr'><strong>onum-1:4..-</strong></span> <span class='ocrx_word' id='word_1_670' title='bbox 1644 5314 1755 5340; x_wconf 67' lang='lat'><strong>:..¢-</strong></span> 
     </span>
    </p>
   </div>
   <div class='ocr_carea' id='block_1_101' title="bbox 1892 4580 3493 4656">
    <p class='ocr_par' dir='ltr' id='par_1_101' title="bbox 1892 4580 3493 4656">
     <span class='ocr_line' id='line_1_101' title="bbox 1892 4580 3493 4656; baseline 0.011 -18"><span class='ocrx_word' id='word_1_671' title='bbox 1892 4580 1977 4638; x_wconf 91' lang='lat' dir='ltr'><strong>uti</strong></span> <span class='ocrx_word' id='word_1_672' title='bbox 2025 4583 2456 4654; x_wconf 86' lang='lat' dir='ltr'><strong>pralibavimus,</strong></span> <span class='ocrx_word' id='word_1_673' title='bbox 2504 4587 2668 4642; x_wconf 86' lang='lat' dir='ltr'><strong>matri</strong></span> <span class='ocrx_word' id='word_1_674' title='bbox 2716 4588 2963 4647; x_wconf 87' lang='lat' dir='ltr'><strong>ecclesia</strong></span> <span class='ocrx_word' id='word_1_675' title='bbox 3019 4592 3167 4648; x_wconf 88' lang='lat' dir='ltr'><strong>beati</strong></span> <span class='ocrx_word' id='word_1_676' title='bbox 3218 4593 3493 4656; x_wconf 78' lang='lat' dir='ltr'><strong>Vineentii</strong></span> 
     </span>
    </p>
   </div>
   <div class='ocr_carea' id='block_1_102' title="bbox 1892 4673 3493 4753">
    <p class='ocr_par' dir='ltr' id='par_1_102' title="bbox 1892 4673 3493 4753">
     <span class='ocr_line' id='line_1_102' title="bbox 1892 4673 3493 4753; baseline 0.012 -24"><span class='ocrx_word' id='word_1_677' title='bbox 1892 4673 2402 4745; x_wconf 84' lang='lat' dir='ltr'><strong>Cabilonicasedis,</strong></span> <span class='ocrx_word' id='word_1_678' title='bbox 2425 4680 2704 4736; x_wconf 87' lang='lat' dir='ltr'><strong>communi</strong></span> <span class='ocrx_word' id='word_1_679' title='bbox 2735 4695 2959 4753; x_wconf 87' lang='lat' dir='ltr'><strong>quoque</strong></span> <span class='ocrx_word' id='word_1_680' title='bbox 2987 4701 3021 4741; x_wconf 91' lang='lat' dir='ltr'><strong>a</strong></span> <span class='ocrx_word' id='word_1_681' title='bbox 3043 4687 3131 4742; x_wconf 90' lang='lat' dir='ltr'><strong>sui</strong></span> <span class='ocrx_word' id='word_1_682' title='bbox 3156 4687 3327 4743; x_wconf 89' lang='lat' dir='ltr'><strong>totius</strong></span> <span class='ocrx_word' id='word_1_683' title='bbox 3355 4690 3493 4748; x_wconf 87' lang='lat' dir='ltr'><strong>cleri</strong></span> 
     </span>
    </p>
   </div>
   <div class='ocr_carea' id='block_1_103' title="bbox 1891 4760 3499 4841">
    <p class='ocr_par' dir='ltr' id='par_1_103' title="bbox 1891 4760 3499 4841">
     <span class='ocr_line' id='line_1_103' title="bbox 1891 4760 3499 4841; baseline 0.014 -22"><span class='ocrx_word' id='word_1_684' title='bbox 1891 4760 2028 4822; x_wconf 89' lang='lat' dir='ltr'><strong>inibi</strong></span> <span class='ocrx_word' id='word_1_685' title='bbox 2073 4767 2348 4840; x_wconf 89' lang='lat' dir='ltr'><strong>degentis,</strong></span> <span class='ocrx_word' id='word_1_686' title='bbox 2406 4768 2732 4830; x_wconf 85' lang='lat' dir='ltr'><strong>inconvulso</strong></span> <span class='ocrx_word' id='word_1_687' title='bbox 2779 4783 2990 4834; x_wconf 75' lang='lat' dir='ltr'><strong>sancta</strong></span> <span class='ocrx_word' id='word_1_688' title='bbox 3041 4778 3186 4834; x_wconf 85' lang='lat' dir='ltr'><strong>sedis</strong></span> <span class='ocrx_word' id='word_1_689' title='bbox 3229 4776 3499 4841; x_wconf 77' lang='lat' dir='ltr'><strong>Romana</strong></span> 
     </span>
    </p>
   </div>
   <div class='ocr_carea' id='block_1_104' title="bbox 1894 4860 3507 4936">
    <p class='ocr_par' dir='ltr' id='par_1_104' title="bbox 1894 4860 3507 4936">
     <span class='ocr_line' id='line_1_104' title="bbox 1894 4860 3507 4936; baseline 0.011 -23"><span class='ocrx_word' id='word_1_690' title='bbox 1894 4860 2283 4931; x_wconf 88' lang='lat' dir='ltr'><strong>perpetualiter</strong></span> <span class='ocrx_word' id='word_1_691' title='bbox 2302 4860 2589 4935; x_wconf 85' lang='lat' dir='ltr'><strong>privilegio</strong></span> <span class='ocrx_word' id='word_1_692' title='bbox 2615 4864 2925 4934; x_wconf 82' lang='lat' dir='ltr'><strong>concessis,</strong></span> <span class='ocrx_word' id='word_1_693' title='bbox 2971 4869 3032 4925; x_wconf 90' lang='lat' dir='ltr'><strong>in</strong></span> <span class='ocrx_word' id='word_1_694' title='bbox 3072 4880 3507 4936; x_wconf 79' lang='lat' dir='ltr'><strong>monumentum</strong></span> 
     </span>
    </p>
   </div>
   <div class='ocr_carea' id='block_1_105' title="bbox 1900 4952 3520 5030">
    <p class='ocr_par' dir='ltr' id='par_1_105' title="bbox 1900 4952 3520 5030">
     <span class='ocr_line' id='line_1_105' title="bbox 1900 4952 3520 5030; baseline 0.007 -22"><span class='ocrx_word' id='word_1_695' title='bbox 1900 4967 2121 5025; x_wconf 89' lang='lat' dir='ltr'><strong>quoque</strong></span> <span class='ocrx_word' id='word_1_696' title='bbox 2150 4952 2565 5025; x_wconf 85' lang='lat' dir='ltr'><strong>specialissima</strong></span> <span class='ocrx_word' id='word_1_697' title='bbox 2597 4954 3029 5028; x_wconf 77' lang='lat' dir='ltr'><strong>familiaritatis,</strong></span> <span class='ocrx_word' id='word_1_698' title='bbox 3064 4974 3230 5030; x_wconf 76' lang='lat' dir='ltr'><strong>quam</strong></span> <span class='ocrx_word' id='word_1_699' title='bbox 3260 4958 3413 5018; x_wconf 89' lang='lat' dir='ltr'><strong>inter</strong></span> <span class='ocrx_word' id='word_1_700' title='bbox 3456 4986 3520 5029; x_wconf 62' lang='lat' dir='ltr'><strong>se</strong></span> 
     </span>
    </p>
   </div>
   <div class='ocr_carea' id='block_1_106' title="bbox 1897 5038 3538 5122">
    <p class='ocr_par' dir='ltr' id='par_1_106' title="bbox 1897 5038 3538 5122">
     <span class='ocr_line' id='line_1_106' title="bbox 1897 5038 3538 5122; baseline 0.004 -21"><span class='ocrx_word' id='word_1_701' title='bbox 1897 5045 2154 5102; x_wconf 85' lang='lat' dir='ltr'><strong>videntur</strong></span> <span class='ocrx_word' id='word_1_702' title='bbox 2195 5045 2467 5115; x_wconf 87' lang='lat' dir='ltr'><strong>obtinere,</strong></span> <span class='ocrx_word' id='word_1_703' title='bbox 2521 5049 2711 5111; x_wconf 86' lang='lat' dir='ltr'><strong>eadem</strong></span> <span class='ocrx_word' id='word_1_704' title='bbox 2766 5038 3005 5111; x_wconf 66' lang='lat' dir='ltr'><strong>scilicet</strong></span> <span class='ocrx_word' id='word_1_705' title='bbox 3054 5057 3226 5106; x_wconf 82' lang='lat' dir='ltr'><strong>mater</strong></span> <span class='ocrx_word' id='word_1_706' title='bbox 3277 5046 3538 5122; x_wconf 51' lang='lat' dir='ltr'><strong>ecclesia</strong></span> 
     </span>
    </p>
   </div>
   <div class='ocr_carea' id='block_1_107' title="bbox 1899 5136 3553 5225">
    <p class='ocr_par' dir='ltr' id='par_1_107' title="bbox 1899 5136 3553 5225">
     <span class='ocr_line' id='line_1_107' title="bbox 1899 5136 3553 5225; baseline 0.004 -32"><span class='ocrx_word' id='word_1_707' title='bbox 1899 5136 2229 5196; x_wconf 85' lang='lat' dir='ltr'><strong>Cabilonica</strong></span> <span class='ocrx_word' id='word_1_708' title='bbox 2264 5138 2442 5207; x_wconf 87' lang='lat' dir='ltr'><strong>urbis,</strong></span> <span class='ocrx_word' id='word_1_709' title='bbox 2465 5157 2530 5198; x_wconf 89' lang='lat' dir='ltr'><strong>ac</strong></span> <span class='ocrx_word' id='word_1_710' title='bbox 2555 5143 2798 5216; x_wconf 82' lang='lat' dir='ltr'><strong>insignis</strong></span> <span class='ocrx_word' id='word_1_711' title='bbox 2833 5146 2981 5203; x_wconf 68' lang='lat' dir='ltr'><strong>toto</strong></span> <span class='ocrx_word' id='word_1_712' title='bbox 3007 5143 3135 5202; x_wconf 76' lang='lat' dir='ltr'><strong>orbe</strong></span> <span class='ocrx_word' id='word_1_713' title='bbox 3177 5140 3349 5206; x_wconf 79' lang='lat' dir='ltr'><strong>sedes,</strong></span> <span class='ocrx_word' id='word_1_714' title='bbox 3386 5162 3553 5225; x_wconf 54' lang='lat' dir='ltr'><strong>apo,</strong></span> 
     </span>
    </p>
   </div>
   <div class='ocr_carea' id='block_1_108' title="bbox 1902 5230 3564 5313">
    <p class='ocr_par' dir='ltr' id='par_1_108' title="bbox 1902 5230 3564 5313">
     <span class='ocr_line' id='line_1_108' title="bbox 1902 5230 3564 5313; baseline 0.004 -26"><span class='ocrx_word' id='word_1_715' title='bbox 1902 5232 2109 5289; x_wconf 70' lang='lat' dir='ltr'><strong>stoliae</strong></span> <span class='ocrx_word' id='word_1_716' title='bbox 2131 5231 2508 5303; x_wconf 87' lang='lat' dir='ltr'><strong>sublimitatis,</strong></span> <span class='ocrx_word' id='word_1_717' title='bbox 2541 5245 2943 5308; x_wconf 76' lang='lat' dir='ltr'><strong>opportunum</strong></span> <span class='ocrx_word' id='word_1_718' title='bbox 2989 5231 3173 5313; x_wconf 83' lang='lat' dir='ltr'><strong>procul</strong></span> <span class='ocrx_word' id='word_1_719' title='bbox 3203 5230 3368 5286; x_wconf 79' lang='lat' dir='ltr'><strong>dubio</strong></span> <span class='ocrx_word' id='word_1_720' title='bbox 3443 5248 3564 5306; x_wconf 70' lang='lat' dir='ltr'><strong>du.</strong></span> 
     </span>
    </p>
   </div>
  </div>
