4022 5340
496 261 635 318 Ιὸτθ

1772 236 2171 300 ALEXAND!“
2205 236 2246 291 ll
2277 233 2488 296 ΡΔΡΑΞ

3620 230 3755 291 i380

495 375 701 430 cientes
724 367 914 426 eadem
951 363 1251 438 apostolica
1300 358 1626 418 auctoritate
1673 356 1880 415 illibata
1911 364 1967 411 et
1993 354 2080 409 in-
2111 355 2156 412 Α
2181 350 2476 408 calliditate
2511 346 2818 438 disturbare
2867 342 3131 402 nituntur.
3177 340 3286 403 Nos
3329 360 3477 414 vero,
3505 344 3621 438 Deo
3662 365 3764 401 an-

498 471 765 523 temerata
801 473 1150 533 permanere,
1212 452 1632 511 succedentibus
1684 448 1790 506 sibi
1846 448 2080 504 invicem

498 574 661 614 omne
680 571 778 630 per
792 568 972 611 navum
984 547 1328 619 temporibus
1351 544 1588 601 cunctis.
1606 542 1666 598 Si
1682 541 1808 615 quis
1831 556 1962 597 vero
1987 554 2084 601 cu-

498 653 819 723 juscunque
842 640 1169 701 conditionis
1193 647 1291 695 aut
1315 636 1602 709 potestatis
1628 636 1793 691 homo
1837 632 1965 688 huic
1985 646 2085 687 no—

503 752 632 799 stra:
650 738 965 812 apostolica:
1000 731 1344 791 auctoritatis
1382 728 1666 801 privilegio
1717 723 2088 807 contra‘dictor

503 802 828 890 temerarius
848 827 1084 886 voluerit
1107 823 1362 889 existere,
1383 819 1707 881 auctoritate
1722 802 1965 889 profecto
1985 815 2087 870 hu—
2108 874 2111 875 ν

505 941 682 983 mante
706 931 762 980 et
792 918 1090 978 individua:
1112 914 1398 972 Trinitatis
1421 922 1476 969 et
1496 911 1649 969 beati
1668 909 1817 966 Petri
1861 901 2088 978 aposto-

504 1017 686 1074 lorum
712 1011 996 1087 principis,
1026 1020 1213 1066 nostra
1239 1014 1475 1083 queque,
1498 1002 1594 1076 qui
1622 1002 1741 1073 ejus
1766 1000 1916 1057 vices
1935 1012 2091 1057 exsc-

456 1149 469 1160 .
505 1109 724 1181 quendo
748 1105 1021 1164 cathedra:
1046 1101 1225 1177 ipsiup
1256 1099 1507 1177 videmur
1528 1094 1844 1181 prmsidere,
1878 1089 2092 1175 noverit

509 1176 964 1257 scindissolubili
1006 1176 1338 1267 feriendum.
1359 1176 1706 1265 anathemate
1727 1186 1934 1241 etcum
1982 1181 2090 1236 na.-

509 1293 642 1348 than
685 1299 739 1345 et
759 1288 988 1355 Abiron,
1030 1276 1627 1361 ingtaetarenmfchaos
1670 1270 2093 1347 demergendum

508 1391 635 1454 post
656 1379 1117 1457 occasumgyitm,
1140 1376 1215 1431 .in
1234 1372 1472 1431 ﬂammis
1500 1385 1721 1449 quoque
1745 1369 2006 1441 gehennae

516 1472 902 1544 perpetualiter
932 1466 1393 1525 concremandum
1422 1478 1548 1519 cum
1573 1461 1712 1518 Juda
1739 1459 1868 1516 Jesu
1904 1456 2093 1514 Domi-

514 1565 569 1621 ni
603 1565 903 1636 proditore.

583 1658 621 1729 1-
648 1656 763 1728 Ego
789 1655 853 1712 G.
878 1652 977 1709 Dei
1005 1652 1179 1724 gratia
1209 1648 1479 1707 Ostiensis
1501 1646 1792 1719 episcopus
1811 1653 1866 1701 et
1895 1642 1953 1701 S.
1980 1642 2093 1698 Ro—

517 1764 693 1805 manae
721 1746 979 1803 Ecclesiae
999 1745 1233 1816 legatus,
1251 1749 1446 1812 rogatu
1467 1738 1652 1795 domui
1680 1735 1903 1793 Rocleni
1934 1734 2098 1793 Cabi-

517 1839 759 1897 lonensis
778 1836 1017 1910 episcopi
1037 1836 1139 1907 legi
1164 1832 1383 1890 laudavi
1412 1839 1466 1887 et
1500 1828 1824 1899 subscripsi.

587 1932 629 2001 οξ·
659 1930 772 2002 Ego
815 1927 1150 1984 llumbertus
1186 1922 1543 1996 archiprtesul
1578 1919 1973 1994 Lugdunensis
2003 1918 2103 1976 Eo-

519 2023 703 2080 clesiae
722 2021 1048 2092 subscripsi.
2058 2086 2062 2091 ἱ

590 2116 633 2186 ιι·
662 2113 777 2187 Ego
828 2112 1138 2171 Ermannus
1187 2109 1318 2181 (lege
1366 2104 1736 2179 Varmundus)
1774 2098 2101 2161 Viennensis

522 2207 967 2278 archiepiscopus
984 2201 1306 2273 subscripsi.
2058 2256 2065 2263 _

537 2339 541 2343 ν
594 2300 635 2370 -ι-
683 2299 796 2370 Ego
857 2296 975 2370 Ugo
1024 2291 1385 2351 Bituricensis
1460 2289 1909 2361 archiepiscopus
1972 2287 2104 2345 sub-

524 2388 741 2460 scripsi.
859 2376 865 2381 ’

595 2483 633 2551 σξη
666 2480 778 2550 Ego
799 2479 986 2551 Agaue
1008 2475 1279 2539 Eduensis
1299 2475 1595 2547 episcopus
1631 2470 1818 2545 relegi.

590 2572 630 2643 1-
651 2570 765 2643 Ego
800 2570 1116 2628 Guntardus
1165 2567 1568 2633 Valentinensis
1623 2565 1914 2638 episcopus
1952 2563 2105 2621 sub-

527 2679 745 2733 scripsn
1399 2709 1403 2713 .
1932 2700 1933 2703 η

596 2736 641 2827 ’ἢ
662 2754 776 2825 Ego
827 2748 1218 2809 Ermenl‘redus
1246 2748 1586 2825 Sedupensis
1643 2749 1938 2820 episcopus
1970 2746 2106 2804 sub-

534 2862 752 2917 scrupsr.
1910 2900 1913 2903 .

602 2938 642 3007 ~1-
673 2936 1025 2994 Raimbaldus
1075 2931 1391 3006 aposton
1441 2926 1588 2990 sedis
1636 2933 1866 3004 legatus.
1926 2928 1997 2986 Μ.
2051 2928 2108 2986 S.

539 3027 596 3084 s.
628 3030 727 3101 (5).
1458 3106 1467 3111 _

1241 3136 1399 3196 XCII.
1940 3178 1945 3183 ι

540 3233 835 3304 Alexandri
865 3231 929 3287 II
954 3232 1178 3304 epistola
1216 3232 1285 3287 ad
1315 3232 1608 3303 episcopos,
1637 3230 1856 3304 clericos
1889 3238 1939 3304 et
1967 3229 2119 3300 judi-

611 3305 751 3358 dices
782 3292 1079 3375 Ιεζιιὶωί-
1104 3292 1389 3369 Quomodo
1406 3292 1748 3375 computandi
1766 3292 2121 3374 gradus'con-

524 3380 527 3381 ⁷
615 3370 1014 3447 εαηραίηὲῑαιὶε.

1089 3465 1272 3539 (Anno
1309 3465 1590 3539 ποθί-75η

939 3557 1156 3633 [Mxxsr,
1181 3556 1385 3616 Concil.
1413 3557 1557 3625 XIX,
1582 3554 1736 3633 966.]

525 3666 529 3674 λ
615 3654 696 3710 Ad
726 3653 911 3710 sedem
937 3653 1291 3724 apostolicam
1322 3652 1527 3722 perlata
1554 3661 1638 3706 est
1663 3651 1894 3723 quaestio
1914 3651 2126 3708 noviter

547 3756 736 3805 exorta
763 3748 828 3802 de
862 3746 1120 3818 gradibus
1149 3744 1667 3817 consanguinitatis;
1710 3760 1874 3815 quam
1903 3744 2124 3816 quidam

548 3841 727 3911 legum
758 3847 812 3893 et
832 3854 1103 3894 canonum
1133 3837 1367 3909 imperiti
1396 3837 1717 3905 excitantes,
1747 3837 1965 3893 eosdem
1994 3852 2125 3908 pro-

527 3932 867 4004 pinquitatis
897 3931 1095 4002 gradus
1137 3939 1326 3985 contra
1375 3945 1562 3985 sacros
1593 3942 1830 3985 canones
1867 3938 1921 3985 et
1955 3931 2128 3986 eccle-

551 4025 833 4080 siasticum
860 4038 1068 4077 morem
1107 4016 1398 4076 numerare
1432 4021 1701 4088 nituntur,
1732 4036 1874 4099 novo
1894 4031 1946 4076 et
1972 4023 2129 4079 inau-

549 4119 664 4174 dito
690 4130 875 4172 errore
900 4112 1229 4169 aiiirmantes
1252 4113 1399 4184 quod
1430 4113 1672 4184 germani
1701 4112 1898 4169 fratres
1925 4114 2008 4168 vel
2035 4129 2127 4170 so—

487 4228 494 4236 ·
551 4224 703 4266 rores
732 4208 880 4263 inter
898 4222 957 4262 se
986 4206 1095 4262 sint
1136 4207 1191 4261 in
1237 4206 1473 4262 secunda
1501 4204 1847 4277 generatione
1872 4223 1886 4272 ;
1912 4205 2007 4260 ﬁlii
2034 4222 2130 4261 eo-

526 4318 674 4358 ‘rum
701 4300 784 4356 vel
816 4300 957 4366 mite,
980 4298 1039 4353 in
1068 4288 1305 4370 quarta;
1340 4306 1562 4369 nepotes
1587 4298 1669 4353 vel
1701 4306 1888 4368 neptes
1917 4313 2129 4366 eorum,

551 4396 605 4448 in
648 4400 820 4448 sexta.
853 4388 1079 4462 Talique
1120 4390 1284 4445 modo
1320 4390 1633 4462 progeniem
1672 4399 2051 4461 computantcs
2079 4400 2132 4445 et

552 4482 867 4555 hujusmodi
922 4490 1077 4537 sexto
1129 4497 1250 4537 eam
1300 4482 1470 4553 gradu
1517 4481 1870 4537 terminantes
1917 4482 2124 4549 dicunt,

2128 1706 2173 1763 B

2141 3079 2185 3139 C

2185 451 2406 508 nuente,
2447 440 2592 496 hanc
2627 434 2985 510 quaestionem
3028 439 3297 495 discutere
3339 432 3677 505 curavimus,
3706 440 3764 493 in

2184 532 2393 607 synodo
2418 531 2603 587 habita
2626 531 2681 585 in
2703 530 3055 586 Lateranensi
3083 531 3426 599 consistorio,
3448 525 3767 587 Convocatis

2185 627 2253 682 ad
2283 627 2385 684 hoc
2405 641 2542 697 opus
2560 624 2828 696 episcopis
2858 632 2911 680 et
2932 623 3166 691 clericis,
3190 631 3354 695 atque
3389 624 3670 694 iudicibus
3690 625 3770 697 di;

2186 732 2470 773 versarum
2490 714 2916 789 provinciarum.
2941 714 3204 786 Denique,
3226 708 3621 787 diitvéntila'tis
3641 715 3773 787 legi;

2188 810 2291 865 bus
2338 816 2393 864 ct
2425 806 2600 865 sacris
2653 799 2981 874 caminibus,
3025 800 3276 863 distincte
3324 799 3659 873 invenimus,
3698 792 3772 863 ob

2188 901 2353 979 aliam
2400 890 2624 957 causam
2674 899 2898 954 alteram
2941 890 3121 970 legum
3167 897 3306 967 fieri,
3334 899 3560 955 alteram
3599 915 3771 955 cano—

2190 1010 2321 1049 num
2350 992 2830 1065 computationem.
2876 989 2935 1046 In
2974 990 3183 1064 legibus
3226 993 3495 1064 siquidem
3525 994 3600 1048 ob
3636 994 3774 1048 nihil

2191 1085 2337 1140 aliud
2364 1084 2611 1157 ipsorum
2629 1084 2896 1158 graduum
2923 1084 3129 1139 mentio
3148 1083 3288 1139 facta
3316 1094 3419 1151 est,
3449 1086 3559 1141 nisi
3581 1090 3645 1141 ut
3663 1087 3776 1142 hai-

2193 1177 2414 1246 rcditas,
2443 1176 2527 1232 vel
2566 1176 2960 1249 succcssio,ab
2988 1192 3095 1231 una
3117 1177 3184 1231 ad
3218 1177 3442 1232 alteram
3479 1179 3776 1249 personam

2192 1268 2332 1325 inter
2356 1268 2792 1341 consanguineos
2818 1267 3112 1324 deferatur.
3138 1266 3196 1322 In
3219 1265 3523 1326 canonibus
3554 1268 3687 1325 vero
3709 1271 3778 1326 ob

2192 1360 2299 1417 hoc
2342 1360 2630 1432 progenies
2680 1369 3045 1431 computatur,
3090 1368 3152 1414 ut
3197 1369 3381 1432 aperte
3435 1362 3779 1418 nionStrctur

2194 1467 2370 1523 usque
2395 1450 2461 1506 ad
2486 1461 2711 1523 quotam
2737 1452 3136 1523 generationem
3174 1469 3207 1507 a
3241 1456 3777 1528 consanguineorum

2195 1540 2267 1599 éit
2286 1542 2492 1614 nuptiis
2517 1543 2919 1599 abstinendum.
2950 1543 3027 1598 lbi
3049 1545 3420 1615 praescribitur
3456 1557 3517 1602 ut
3548 1548 3783 1603 btet-edi-

2196 1637 2283 1690 tas
2326 1633 2649 1706 pr0pinquis
2678 1634 2838 1690 modo
2864 1634 3107 1707 legitimo
3144 1628 3482 1707 eon'feratur;
3513 1639 3610 1694 hic
3628 1654 3779 1706 vero,

2198 1732 2259 1779 ut
2290 1724 2393 1780 rite
2418 1732 2473 1781 et
2507 1725 2765 1781 canonice
2795 1726 2935 1781 inter
2960 1726 3154 1803 ﬁdeles
3190 1730 3391 1799 nuptizc
3415 1731 3781 1786 celebrentur.

2197 1814 2258 1870 ln
2302 1814 2515 1888 legibus
2553 1816 2797 1871 districte
2849 1832 2957 1871 non
3009 1822 3367 1873 numerantur
3406 1819 3632 1891 gradus,
3676 1806 3785 1874 nisi

2200 1918 2374 1976 usque
2418 1905 2486 1959 ad
2524 1915 2777 1974 sextam;
2803 1905 2859 1960 in
2902 1906 3206 1963 caminibus
3257 1911 3438 1963 autem
3487 1925 3668 1981 usque
3716 1909 3787 1964 ad

2110 2068 2113 2069 ν
2201 1997 2486 2068 septimam
2516 1995 2928 2068 diStinguuntur
2977 1997 3399 2066 generationem.
3451 1996 3566 2055 "ac
3618 1999 3789 2071 igitur

2201 2086 2267 2143 de
2295 2094 2481 2153 causa,
2511 2085 2638 2159 quia
2675 2086 3017 2143 haereditates
3043 2096 3321 2158 nequeunt
3344 2088 3545 2145 deferri
3570 2089 3681 2144 nisi
3723 2089 3790 2144 de

2202 2194 2311 2236 una
2338 2179 2405 2234 ad
2433 2179 2659 2234 alteram
2690 2188 3000 2249 personam,
3035 2177 3238 2234 idcirco
3267 2180 3476 2235 curavit
3502 2174 3791 2237 saecularis

2203 2272 2498 2343 imperator
2544 2271 2600 2326 in
2649 2268 2880 2344 singulis
2924 2271 3176 2342 personis
3218 2273 3463 2344 singulos
3509 2272 3792 2344 przetigere

2204 2364 2427 2436 gradus.
2470 2362 2609 2430 Quia
2640 2378 2769 2419 vero
2811 2364 3012 2435 nuptiae
3040 2360 3157 2421 sine
3197 2364 3410 2421 duabus
3453 2352 3562 2421 non
3605 2362 3793 2421 valent

2206 2455 2322 2511 ﬁeri
2351 2456 2626 2528 personis,
2656 2456 2778 2512 ideo
2798 2455 2940 2512 sacri
2965 2473 3201 2527 canones
3226 2458 3363 2513 duas
3388 2458 3444 2513 in
3475 2473 3588 2513 uno
3617 2459 3791 2531 gradu

2206 2547 2538 2604 constituere
2561 2556 2845 2619 personas.
2871 2535 3170 2619 Utramque
3202 2551 3384 2604 tamen
3419 2550 3793 2620 computatio-

2209 2652 2356 2705 nem,
2397 2636 2446 2693 si
2490 2646 2692 2694 attente
2720 2636 2785 2694 ac
2810 2622 3080 2695 subtiliter
3108 2648 3391 2710 perspecta
3431 2638 3616 2707 fuerit,
3647 2641 3794 2696 idem

2212 2728 2453 2785 sensisse
2471 2738 2525 2785 et
2550 2730 2797 2785 eamdem
2832 2744 2955 2786 esse
2982 2730 3037 2785 in
3063 2731 3144 2787 eis
3172 2732 3496 2787 sententiam
3526 2741 3689 2804 atque
3727 2734 3796 2789 ad

2211 2822 2463 2877 eumdem
2485 2822 2777 2878 terminum
2812 2824 3101 2881 convenire
3134 2824 3645 2882 manifestissimum
3666 2829 3795 2883 erit.

2214 2910 2559 2976 Justinianus
2606 2929 2846 2986 namque
2879 2931 3055 2986 usque
3097 2916 3163 2972 ad
3202 2933 3366 2988 quem
3405 2918 3638 2990 gradum
3671 2936 3803 2975 σου·

2218 3005 2557 3077 sanguinitas
2584 3006 2701 3077 ipsa
2746 3007 3004 3077 perduret
3047 3008 3104 3063 in
3133 3009 3250 3064 suis
3274 3010 3484 3083 legibus
3519 3027 3630 3066 non
3658 3011 3798 3067 deti-

2216 3095 2371 3151 nivit.
2400 3095 2652 3152 Canones
2680 3113 2811 3153 vero
2839 3098 2981 3153 ultra
3011 3100 3317 3170 septimam,
3354 3104 3558 3158 nullam
3594 3111 3799 3159 nume-

2217 3202 2407 3246 ravere
2439 3188 2864 3260 generationem.
2894 3188 3060 3245 Sexto
3101 3192 3301 3263 quippe
3338 3195 3507 3266 gradu
3535 3195 3802 3251 determi—

2219 3290 2367 3347 nato,
2390 3280 2453 3335 in
2500 3281 2635 3353 ipsis
2668 3281 2878 3353 legibus
2909 3282 3197 3340 subintulit
3240 3285 3553 3357 imperator.
3578 3287 3803 3358 (Hacte-

2221 3389 2326 3429 nus
2349 3373 2657 3429 ostendisse
2691 3372 2923 3430 suﬂiciat
2968 3376 3424 3445 quemadmodum
3463 3379 3667 3450 gradus
3706 3396 3805 3435 co-

2202 3461 2494 3541 gnationis
2519 3478 2895 3527 numerentur.
2928 3464 3173 3544 Namque
3197 3489 3266 3529 ex
3298 3473 3382 3529 bis
3405 3475 3586 3545 palam
3607 3485 3692 3530 est
3713 3477 3802 3529 in—

2224 3559 2467 3632 telligere
2523 3563 2978 3631 quemadmodum
3013 3565 3297 3621 ulteriores
3345 3580 3564 3636 quoque
3602 3567 3807 3638 gradus

2224 3668 2513 3709 numerare
2533 3653 2847 3721 debeamus.
2882 3655 3149 3712 Generata
3168 3656 3368 3728 quippe
3390 3672 3625 3727 persona
3656 3674 3805 3715 sem—

2224 3759 2324 3815 per
2364 3744 2593 3817 gradum
2636 3745 2863 3816 adjicit.)
2903 3745 3041 3802 Ecce
3085 3747 3140 3802 in
3178 3747 3264 3803 bis
3316 3747 3575 3804 brevibus
3622 3749 3806 3803 verbis

2227 3845 2413 3907 aperte
2446 3838 2751 3894 ostenditur
2790 3839 2926 3894 tales
2961 3838 3182 3911 gradus,
3205 3840 3395 3910 quales
3434 3839 3523 3895 isti
3574 3856 3806 3911 compu-

2228 3941 2365 4000 tant,
2390 3948 2501 3988 non
2544 3941 2755 3988 tantum
2806 3948 2983 4004 usque
3025 3933 3094 3988 ad
3140 3916 3377 4000 sextum,
3421 3948 3616 3988 verum
3642 3934 3805 3988 etiam

2228 4021 2372 4076 ultra
2396 4021 2676 4093 numerari
2698 4022 2915 4088 debere,
2947 4022 3146 4093 quippe
3166 4037 3290 4078 cum
3322 4021 3462 4077 ultra
3491 4032 3711 4077 sextum
3734 4023 3790 4076 ul

2228 4111 2456 4169 teriores
2476 4113 2676 4186 gradus
2698 4112 3063 4169 numerandos
3083 4128 3203 4168 esse
3225 4113 3498 4169 decernat.
3531 4111 3636 4168 Ubi
3662 4113 3807 4168 enim

2231 4207 2516 4263 ulteriores
2560 4206 2805 4261 nominat
2853 4207 3074 4278 gradus,
3114 4217 3298 4277 aperte
3330 4207 3535 4264 indicat
3561 4223 3672 4263 non
3717 4223 3807 4263 sex

2232 4297 2611 4353 tantummodo
2659 4312 2781 4353 esse
2816 4297 3037 4371 gradus,
3094 4299 3188 4353 sed
3233 4314 3329 4355 sex
3377 4298 3548 4355 ﬁnitis
3573 4341 3590 4366 ,
3635 4299 3809 4355 adhuc

2235 4389 2371 4445 alios
2398 4390 2787 4445 numerandos.
2821 4387 2935 4446 Nec
2954 4390 3177 4459 mirum,
3214 4407 3340 4447 cum
3368 4391 3424 4448 in
3452 4394 3808 4463 praecedenti—

2232 4480 2335 4536 bus
2350 4480 2462 4552 ipse
2477 4480 2773 4537 ﬁrmaverit
2787 4481 3081 4552 imperator
3094 4482 3304 4539 decimo
3316 4483 3480 4540 etiam
3494 4486 3670 4556 gradu
3693 4501 3797 4541 con

551 4575 805 4645 deinceps
842 4575 990 4628 viros
1019 4589 1082 4628 ac
1119 4574 1376 4629 mulieres
1415 4574 1557 4628 inter
1591 4588 1650 4629 se
1673 4588 1835 4645 posse
1868 4576 2131 4646 nuptialia
2230 4571 2561 4643 sanguineos
2585 4570 2689 4627 sibi
2718 4570 2859 4627 inter
2886 4588 2945 4629 se
2969 4588 3130 4644 posse
3159 4575 3470 4632 succedere.
3495 4575 3638 4633 Cum
3667 4578 3808 4633 enim

552 4665 675 4735 iura
695 4664 1033 4720 contrahere.
1059 4663 1124 4718 Et
1142 4664 1209 4719 ad
1239 4664 1553 4734 hujusmodi
1579 4658 1868 4735 profanum
1893 4683 2109 4724 erroren

2234 4660 2509 4716 decimum
2553 4659 2819 4729 nominat,
2859 4678 2967 4718 non
2995 4678 3117 4719 esse
3139 4665 3518 4721 tantummodo
3562 4682 3659 4724 sex
3696 4668 3809 4725 luce

554 4755 697 4812 conil
729 4755 1014 4822 mendum,
1035 4754 1090 4809 in
1123 4766 1505 4826 argumentum
1534 4748 1824 4813 assumunt
1852 4760 2141 4816 szeculares

556 4845 701 4916 leges
745 4857 883 4915 quas
937 4842 1282 4901 Justiniauus
1325 4845 1623 4917 imperator
1668 4848 2032 4921 promulgavit
2073 4850 2141 4905 de

556 4936 997 4992 successionibus
1058 4937 1612 5009 consanguineorum.
1675 4937 1885 5006 Quibus
1945 4940 2139 4996 confisi

557 5029 843 5084 ostendere
868 5028 1167 5083 moliuntur
1199 5027 1399 5084 fratres
1436 5030 1492 5085 in
1540 5030 1783 5086 secundo
1812 5033 1983 5102 gradu
2019 5049 2141 5089 esse

559 5108 897 5186 numeratos,
931 5121 1069 5176 ﬁlios
1093 5136 1285 5177 eorum
1312 5120 1367 5174 in
1397 5129 1617 5191 quarto,
1639 5121 1870 5192 nepotes
1888 5123 1942 5179 in
1966 5133 2137 5180 sexto.

563 5208 875 5248 ginnas-iam
924 5212 1251 5248 mnonlnnim
1287 5212 1643 5248 θοι-*νιε-υιηηιε
1704 5215 2138 5248 πιιηὶοιυιθῖηηιινη

2238 4750 2441 4807 clarius
2468 4751 2776 4806 conﬁtetur.

2312 4839 2379 4894 Hi
2404 4856 2533 4912 ergo
2556 4842 2827 4914 evigilent,
2853 4852 2907 4898 et
2933 4843 3107 4900 aciem
3132 4845 3349 4914 mentis,
3376 4846 3423 4902 si
3451 4856 3709 4918 possunt,
3730 4850 3811 4903 in-

2244 4933 2466 4988 tendant
2508 4948 2649 5004 quos
2694 4934 2959 4991 hactenus
3017 4935 3325 4992 istiusmodi
3373 4938 3593 5008 pertulit
3640 4954 3808 4993 error.

2243 5020 2536 5079 Enimvero
2577 5024 2691 5091 ubi,
2736 5025 3035 5080 secundum
3084 5024 3253 5096 leges,
3290 5027 3433 5082 inter
3458 5035 3709 5098 agnatos,
3738 5028 3809 5079 vel

2243 5123 2505 5185 cognatos
2524 5114 2767 5171 defertur
2791 5116 3089 5182 successio,
3113 5118 3549 5189 consanguineos
3571 5134 3694 5175 esse
3710 5134 3810 5173 non

2245 5205 2469 5248 rin‘ninm
2498 5215 2583 5248 pc:
2634 5202 2817 5248 Picano
2841 5207 2985 5248 enim
3011 5207 3110 5248 eihi
3149 5210 3502 5248 nummulos-mut
3545 5209 3650 5248 uici
3682 5211 3809 5248 inim
