4022 5340
230 179 379 236 1581

1409 175 1594 229 EPlS'l
1605 174 1770 229 ULAL
1809 174 1886 227 L'l
1936 173 2350 229 υιΡωΜΑΤΔ.

3385 175 3525 232 1582

229 290 536 364 sanguinei
563 289 726 363 igitur
754 289 856 345 sibi
901 298 1048 355 sunt,
1070 288 1164 360 qui
1189 288 1292 345 sibi
1327 287 1645 343 succedunt.
1675 284 1830 353 Quod
1860 288 1906 344 Α
1932 288 2225 343 tenendum
2253 294 2419 354 esset,
2462 284 2805 357 apertissime
2845 284 3083 343 ﬁrmavit
3111 301 3220 342 non
3262 288 3388 345 aliis
3418 290 3525 346 hoc

229 382 282 437 si
318 383 383 438 in
413 382 623 439 decimo
652 383 819 452 gradu
864 380 1252 451 consanguinei
1298 377 1403 434 sibi
1432 378 1695 444 existunt,
1722 391 1831 431 non

229 481 327 528 cst
370 473 662 527 terminata
704 469 1171 543 consanguinitas,
1217 478 1278 524 ut
1330 468 1419 523 isti
1471 466 1729 532 fatentur,
1779 466 1834 520 in

233 572 409 620 sexto
434 561 814 619 tantummodo
848 560 1037 633 gradu.
1084 557 1224 626 Quid
1256 559 1422 630 igitur
1445 557 1661 613 dicent?
1685 572 1837 610 com-

232 654 457 726 putatis
485 668 723 727 namque
769 651 1049 724 gradibus,
1093 650 1237 706 sicut
1266 650 1353 705 isti
1403 657 1713 717 numerant,
1744 642 1838 701 aut

234 751 443 809 ﬁnitur
469 729 917 830 consanguinitas
964 747 1021 802 in
1072 754 1227 802 sexto
1272 745 1465 819 gradu,
1494 752 1591 801 aut
1615 758 1744 799 non.
1779 742 1838 799 Si

233 847 462 915 ﬁnitur,
491 845 711 907 fallaces
731 851 893 923 erunt
913 843 1080 916 leges,
1097 841 1298 923 quibus
1321 840 1413 897 isti
1427 840 1695 907 nituntur,
1716 854 1840 910 qua:

234 941 294 997 in
320 940 543 1016 decimo
564 938 743 1012 gradu
785 936 895 1016 sibi
942 935 1233 991 succedere
1280 932 1720 1005 consanguineos
1742 931 1836 1003 ju-

231 1034 397 1091 bent.
414 1014 575 1102 Quod
599 1033 647 1088 si
668 1030 778 1110 non
802 1014 990 1109 ﬁnitur
1005 1023 1451 1102 consanguinitas
1468 1028 1528 1085 in
1553 1028 1663 1086 isto
1684 1037 1839 1086 sexto

236 1130 446 1201 gradu,
491 1127 725 1185 falsidici
768 1136 930 1182 emat
967 1125 1093 1198 ipsi,
1134 1126 1233 1198 qui
1265 1126 1407 1182 ultra
1432 1125 1583 1181 illum
1626 1132 1840 1181 sextum

237 1220 483 1292 gradum
516 1219 713 1277 nolunt
750 1215 1643 1295 computarereonsanguinitatem.
1673 1214 1841 1287 Igitur

234 1319 338 1365 aut
360 1311 514 1383 leges
539 1318 701 1366 erunt
728 1309 898 1376 falsm,
929 1317 1025 1364 aut
1067 1307 1159 1364 isti
1214 1308 1310 1378 qui
1340 1308 1419 1363 sic
1446 1307 1642 1363 ﬁniunt
1675 1320 1840 1378 gene-

236 1404 539 1479 rationem.
578 1401 684 1459 Sed
713 1411 775 1458 ut
800 1402 1050 1457 veridica:
1077 1401 1263 1481 leges;
1270 1407 1325 1455 et
1362 1415 1586 1455 veraces
1613 1399 1725 1456 sint
1744 1414 1839 1479 ea:

1937 395 2102 450 quam
2144 380 2223 434 illi
2250 379 2398 451 genti
2444 380 2754 447 mandasse,
2800 396 2870 434 ne
2913 380 3118 436 bonum
3156 380 3304 457 quod
3343 399 3524 453 cmpe-

1938 480 2080 539 rant,
2112 473 2401 528 metuendo
2440 473 2765 539 austeriora,
2801 473 3134 529 desererent.
3162 457 3271 530 Sed
3294 490 3359 529 ex
3390 475 3520 539 illis,

1936 574 2226 636 postquam
2254 567 2305 621 in
2332 551 2435 622 ﬁde
2455 575 2641 622 essent
2666 566 3036 632 ﬁrmaradice
3057 566 3295 634 solidati,
3319 575 3373 622 et
3399 568 3525 622 uni—

1938 658 2134 713 versali
2180 656 2455 725 Ecclesiae,
2486 654 2702 714 censuit
2742 673 2957 740 semper
2989 673 3112 713 esse
3142 651 3435 716 tenendum
3462 668 3527 715 ut

1939 749 2143 803 nullam
2167 749 2234 804 de
2262 750 2482 820 propria
2509 737 2987 823 consanguinitate
3014 737 3102 806 vel
3129 750 3407 819 affinitate,
3438 751 3524 807 in-

1938 838 2023 895 fra
2054 840 2337 913 septimam
2370 834 2797 914 generationem,
2821 831 3020 914 aliquis
3044 841 3148 898 sibi
3177 844 3375 901 audeat
3392 856 3524 901 con-‘-

1934 928 2087 1001 jugio
2111 924 2385 1001 copulare.
3274 1008 3280 1011 μ
3352 1006 3357 1011 _

2010 1019 2150 1077 Ecce
2188 1029 2374 1092 aperte
2414 1029 2779 1078 monstratum
2812 1016 2916 1092 est,
2953 1016 3007 1079 et
3032 1039 3098 1080 ex
3133 1008 3316 1081 verbis
3351 1008 3524 1096 ipsius

1938 1111 2076 1184 legis
2123 1118 2178 1166 et
2218 1111 2544 1167 auctoritate
2601 1113 3010 1184 prudentissimi
3058 1131 3210 1187 papa
3253 1114 3522 1187 Gregorii,

1940 1206 2071 1280 quid
2098 1204 2165 1262 de
2199 1207 2458 1277 gradibus
2489 1209 2978 1279 consanguinitatis
3016 1209 3371 1266 numerandis
3397 1226 3525 1266 sen-

1937 1301 2045 1356 tire
2071 1300 2389 1357 debeamus.
2408 1298 2672 1368 Quamvis
2693 1301 2795 1355 alia
2818 1317 3034 1373 quoque
3059 1302 3199 1357 ratio
3222 1303 3338 1373 pari
3364 1302 3527 1360 modo

1940 1393 2090 1464 ipsos
2116 1393 2359 1449 revincat
2384 1392 2747 1448 adversarios.
2780 1390 2917 1447 Nam
2946 1390 3014 1461 si,
3040 1403 3102 1449 ut
3122 1394 3225 1465 ipsi
3263 1390 3522 1458 fatentur.

248 1509 456 1561 nones,
476 1494 723 1550 dicamus
750 1493 856 1549 hoc
870 1493 1017 1567 quod
1038 1484 1239 1548 veritas
1262 1483 1444 1571 habet,
1467 1490 1676 1572 scilicet
1692 1488 1842 1560 quod
1909 1484 1998 1567 .in
2030 1485 2124 1540 illo
2171 1493 2326 1540 sexto
2350 1484 2521 1557 gradu
2562 1485 3012 1557 consanguinitas
3040 1486 3308 1556 ﬁniretur,
3333 1504 3529 1544 omnes

245 1599 401 1640 anno
434 1584 762 1655 terminatur
784 1582 1228 1655 consanguinitas
1252 1580 1309 1636 in
1352 1580 1666 1652 bujusmodi
1687 1588 1841 1636 sexto
1941 1591 2302 1648 personarum
2330 1578 2695 1645 ramusculos,
2721 1579 2816 1649 qui
2847 1578 2988 1635 ultra
3025 1580 3181 1635 illum
3206 1580 3435 1651 gradum
3467 1581 3524 1636 in

236 1677 443 1749 gradu,
474 1673 942 1749 sedterminatur,
979 1674 1279 1731 secundum
1308 1688 1570 1740 canones,
1589 1658 1647 1729 in
1669 1656 1835 1742 septi-
1868 1671 1911 1726 Β
1936 1669 2145 1739 pictura
2180 1669 2396 1725 arboris
2435 1670 2805 1738 continentur,
2842 1671 2993 1728 velut
3025 1670 3331 1743 superfluos
3356 1688 3522 1744 opor—

240 1746 335 1820 mo
358 1746 826 1836 gradufUtraque
847 1764 992 1819 enim
1022 1765 1378 1835 computatio,
1408 1754 1553 1819 sicut
1579 1761 1832 1834 superius
1936 1769 2073 1817 teret
2105 1761 2443 1817 detruncari.
2479 1762 2585 1818 Sed
2626 1762 2755 1833 quia
2791 1777 2987 1820 omnes
3023 1763 3121 1835 qui
3156 1764 3212 1818 in
3252 1764 3526 1836 prtedicta:

143 1916 153 1927 ἱ
235 1855 512 1922 diximus,
534 1870 647 1933 uno
671 1856 778 1911 ﬁne
811 1856 1174 1913 concluditur.
1211 1855 1459 1928 Namque
1485 1854 1595 1912 duo
1633 1856 1835 1929 gradus
1933 1854 2149 1910 arboris
2176 1855 2389 1926 pictura
2427 1862 2811 1922 numerantur,
2843 1870 2911 1910 ex
2938 1872 3049 1911 una
3084 1857 3359 1927 parentela
3398 1858 3530 1912 can‘

239 1946 447 2019 legales
484 1962 655 2005 unum
696 1946 923 2018 gradum
955 1948 1281 2003 canonicum
1311 1937 1672 2005 constituunt.
1697 1946 1834 2002 Fra-
1935 1946 2157 2013 sistunt,
2189 1961 2472 2017 nunquam
2504 1946 2623 2002 sine
2645 1947 3008 2003 diminutione
3031 1946 3525 2019 consanguinitatis

238 2046 352 2093 tres
380 2037 575 2107 itaque
603 2036 719 2108 qui,
750 2037 1051 2093 secundum
1072 2039 1363 2095 saeculares
1385 2038 1551 2110 leges,
1579 2030 1838 2093 dicuntur
1934 2054 1966 2093 a
1996 2052 2056 2093 se
2084 2045 2343 2108 poterunt
2384 2038 2651 2108 separari,
2692 2038 2861 2094 veluti
2906 2054 3017 2094 non
3045 2039 3167 2095 sine
3191 2040 3395 2094 damno
3420 2054 3522 2095 cu-

240 2129 296 2182 in
332 2128 587 2185 secundo
612 2129 825 2215 gradu,
862 2128 1019 2199 juxta
1065 2145 1324 2196 canones,
1379 2137 1740 2189 numerantur
1781 2129 1836 2183 in
1932 2130 2134 2201 jusque
2177 2145 2429 2201 persona:
2472 2131 2653 2186 valent
2695 2147 2727 2186 a
2765 2131 2993 2202 proprio
3015 2146 3268 2202 corpore,
3300 2146 3520 2197 manus,

238 2219 451 2290 primo;
485 2218 582 2273 ﬁlii
607 2218 864 2288 fratrum,
889 2219 984 2291 qui
1016 2218 1123 2275 illic
1154 2226 1515 2274 numerantur
1536 2219 1591 2274 in
1618 2226 1843 2301 quarto,

244 2309 332 2364 hic
360 2305 758 2381 computantur
784 2305 841 2362 in
873 2309 1145 2377 secundo;
1190 2319 1437 2381 nepotes,
1461 2308 1556 2383 qui
1598 2309 1655 2364 in
1686 2318 1841 2365 sexto

165 2467 169 2470 ν
247 2397 343 2468 ibi,
373 2398 504 2455 istic
545 2408 908 2455 numerantur
938 2400 993 2455 in
1034 2400 1227 2467 tertio;
1260 2401 1339 2456 sic
1366 2398 1623 2472 deinceps
1659 2400 1753 2472 qui
1784 2401 1840 2456 in

247 2492 459 2567 legibus
487 2492 808 2547 scribuntur
829 2492 882 2545 in
907 2486 1100 2546 octavo
1125 2492 1180 2546 et
1203 2490 1435 2560 deeimo,
1461 2491 1517 2546 in
1537 2486 1842 2547 eanOnilius

247 2581 591 2638 deﬁniuntur
619 2582 673 2637 in
702 2592 899 2652 quarto
927 2591 982 2639 et
1014 2576 1229 2654 quinto.
1257 2580 1435 2653 Atque
1456 2574 1561 2639 hec
1588 2583 1751 2638 modo
1777 2583 1843 2639 de

248 2673 487 2746 reliquis
544 2672 888 2728 sentiendum
945 2682 1048 2740 est,
1100 2682 1159 2728 ut
1197 2674 1313 2745 qui,
1349 2673 1647 2729 secundum
1674 2689 1843 2730 cano»

249 2779 377 2832 nes,
419 2763 685 2819 dicuntur
722 2771 878 2835 sexto
923 2764 1007 2818 vel
1052 2766 1305 2835 septimo,
1351 2765 1650 2820 secundum
1670 2764 1843 2836 leges,

250 2855 599 2928 accipiantur
623 2855 679 2909 in
726 2856 1071 2923 duodecimo,
1103 2858 1187 2911 vel
1215 2864 1411 2926 qnarto
1435 2856 1668 2912 decimo.
1695 2855 1846 2913 Hanc

1937 2223 2189 2289 brachia,
2226 2231 2283 2278 et
2326 2222 2490 2293 pedes
2523 2224 2789 2279 truncari.
2838 2222 2932 2279 llla
2977 2238 3202 2295 quoque
3235 2238 3520 2279 sacrorum

1938 2316 2231 2387 praeceptio
2275 2330 2550 2370 canonum
2596 2331 2722 2385 qua:
2751 2316 2909 2387 jubet
2934 2332 2964 2370 a
2994 2316 3218 2387 propria
3247 2315 3525 2372 abstinere

1939 2407 2434 2479 consanguinitate,
2456 2408 2700 2478 quandiu
2742 2408 3020 2480 generatio
3064 2408 3400 2476 recordatur,
3429 2416 3526 2464 aut

1942 2501 2208 2556 memoria
2235 2500 2521 2568 retinetur,
2550 2514 2653 2555 nec
2670 2515 2703 2555 a
2726 2500 2983 2572 praedicta
3011 2501 3302 2571 parentelm
3312 2501 3523 2557 discre-

1941 2593 2483 2664 patcomputatione.
2512 2590 2651 2647 Nam
2667 2592 2725 2647 in
2752 2601 2959 2663 septem
2987 2593 3269 2665 gradibus,
3295 2593 3343 2648 si
3363 2607 3526 2649 cano-

1941 2684 2065 2741 nice
2086 2693 2144 2741 et
2162 2686 2425 2741 usualiter
2448 2692 2824 2753 numerentur,
2848 2686 3035 2741 omnia
3054 2685 3521 2756 propinquitatum

1945 2777 2165 2832 nomina
2195 2778 2564 2833 continentur.
2598 2775 2923 2848 Ultraquos
2952 2793 3054 2833 nec
3076 2777 3526 2849 consanguinitas

1944 2870 2240 2936 invenitur,
2284 2884 2391 2926 nec
2432 2869 2673 2925 nomina
2704 2871 2972 2941 graduum
3014 2872 3380 2942 reperiuntur,
3422 2886 3526 2927 nec

252 2948 721 3018 computationem
744 2945 1051 3018 intelligens
1072 2948 1533 3017 prudentissimus
1549 2963 1687 3019 papa
1711 2945 1845 3004 Gre-
1947 2964 2224 3019 successio
2254 2970 2436 3034 potest
2475 2962 2710 3033 amplius
2740 2963 3045 3035 prorogari,
3082 2979 3184 3020 nec
3212 2962 3526 3019 memoriter

250 3038 473 3108 gorius,
502 3037 635 3092 dum
666 3045 1003 3109 quaereretur
1040 3038 1097 3093 in
1137 3048 1306 3109 quota
1332 3039 1681 3111 generatione
1709 3053 1841 3095 con-

1945 3053 2015 3109 ab
2044 3054 2229 3125 aliquo
2251 3054 2530 3125 generatio
2568 3055 2863 3111 recordari.
2890 3054 2969 3111 Ne
2988 3071 3120 3112 vero
3148 3056 3205 3111 in
3239 3056 3345 3111 hac
3388 3070 3524 3111 con-

247 3128 402 3200 jungi
429 3127 622 3184 ﬁdeles
642 3127 894 3195 debeant,
926 3128 1076 3198 ipsas
1103 3129 1398 3185 saeculares
1434 3129 1584 3202 leges
1608 3129 1665 3183 in
1685 3127 1841 3185 testi-

253 3221 503 3276 monium
521 3221 819 3289 adducens,
840 3221 1148 3295 Augustino
1168 3222 1469 3296 Anglorum
1488 3221 1746 3293 episcopo
1762 3222 1842 3277 sic

251 3311 537 3382 rescripsit
565 3327 578 3363 :
617 3329 638 3363 ι
669 3309 930 3377 Quzedam
956 3319 1171 3368 terrena
1196 3311 1284 3368 lex
1320 3311 1376 3367 in
1412 3309 1658 3366 Romana
1687 3324 1844 3380 repu-

251 3402 390 3458 blica
414 3402 703 3474 permittit,
720 3411 782 3457 ut
798 3404 912 3459 sive
931 3402 1119 3460 fratris
1138 3412 1194 3459 et
1214 3402 1444 3471 sororis,
1468 3403 1583 3459 sive
1605 3402 1839 3458 duorum

248 3494 483 3551 fratrum
516 3510 925 3568 germanorum,
953 3511 1049 3552 seu
1077 3497 1315 3552 duarum
1343 3511 1596 3553 sororum
1618 3494 1763 3553 ﬁlius
1789 3503 1845 3551 et

252 3587 359 3644 tilia
390 3589 749 3646 misceantur.
791 3589 897 3646 Sed
925 3590 1300 3663 experimento
1327 3591 1622 3648 didicimus
1651 3605 1718 3645 ex
1748 3589 1843 3645 tali

252 3680 512 3752 conjugio
549 3681 793 3737 sobolem
829 3698 939 3738 non
962 3698 1126 3753 posse
1158 3699 1524 3740 succrescere.
1554 3681 1709 3739 Unde
1744 3682 1842 3738 ne-

253 3782 406 3825 cesse
429 3777 537 3838 est,
575 3774 638 3827 ut
660 3771 775 3842 jam
810 3768 867 3827 in
890 3773 1069 3841 tertia,
1092 3772 1178 3829 vel
1201 3774 1257 3828 in
1281 3780 1476 3845 quarta
1495 3771 1844 3845 generatione

252 3863 532 3932 copulatio
557 3862 800 3919 ﬁdelium
824 3864 1055 3922 licenter
1075 3866 1180 3922 sibi
1194 3867 1453 3938 conjungi
1479 3866 1691 3922 debeat.
1704 3863 1842 3920 Nam

254 3968 285 4008 a
331 3957 596 4023 secunda,
646 3973 812 4028 quam
860 3958 1247 4029 praediximus,
1289 3958 1606 4015 omnimodo
1649 3957 1846 4014 debent

255 4044 551 4103 abstinere.
592 4066 611 4100 ι
643 4046 782 4105 Ecce
802 4049 894 4105 hic
916 4060 1102 4121 aperte
1136 4059 1496 4119 monstratur,
1520 4050 1662 4106 ﬁlios
1686 4058 1740 4105 et
1775 4048 1843 4104 fi-

258 4137 356 4193 lias
382 4138 618 4197 fratrum
644 4141 701 4197 in
736 4144 976 4199 secunda
1011 4144 1362 4216 generatione
1404 4145 1705 4201 numerari.
1753 4140 1840 4209 Et,

258 4230 304 4283 si
326 4229 559 4288 fratrum
589 4234 685 4289 ﬁlii
712 4243 766 4291 et
793 4235 918 4292 ﬁlim
959 4246 1321 4292 numerantur
1349 4238 1404 4292 in
1430 4237 1690 4303 secunda,
1724 4234 1843 4289 ﬁeri

259 4335 368 4385 non
398 4332 597 4393 potest,
635 4334 696 4382 ut
719 4327 824 4398 ipsi
851 4326 1047 4383 fratres
1074 4342 1184 4383 non
1226 4329 1337 4384 sint
1364 4330 1419 4384 in
1454 4331 1651 4400 prima.
1684 4324 1843 4395 Quod

1941 3146 2328 3217 sanguinitatis
2374 3147 2783 3216 computatione
2805 3189 2822 3216 ,
2876 3148 3059 3220 aliqua
3105 3148 3305 3204 dehinc
3346 3147 3529 3204 valeat

1940 3238 2268 3309 ambiguitas
2295 3253 2611 3306 remanere;
2641 3238 2825 3306 aliam,
2848 3256 3014 3311 quam
3040 3241 3264 3312 quidam
3294 3240 3524 3309 faciunt,

1940 3330 2396 3398 numerationem,
2429 3330 2484 3384 in
2526 3330 2630 3386 hac
2666 3329 2831 3386 etiam
2862 3332 3229 3403 disputatione
3267 3332 3527 3390 duximus

1940 3422 2254 3477 finiendam.
2290 3420 2429 3477 Sunt
2457 3421 2602 3477 enim
2641 3420 2886 3494 quidam,
2916 3423 3011 3494 qui
3040 3439 3147 3479 non
3173 3439 3205 3479 a
3239 3422 3523 3493 fratribus,

1941 3514 2033 3570 sed
2063 3531 2095 3569 a
2123 3513 2248 3570 ﬁliis
2276 3530 2490 3581 eorum,
2516 3513 2569 3568 id
2593 3521 2675 3569 est
2706 3513 3066 3587 patruelibus,
3109 3516 3193 3571 vel
3236 3515 3524 3572 consobri-

1940 3606 2047 3675 nis,
2081 3606 2453 3679 genealogiam
2475 3620 2766 3662 numerare
2789 3607 3077 3680 incipiunt,
3099 3608 3356 3666 docentes
3382 3607 3526 3664 ﬁlios

1942 3696 2173 3753 fratrum
2229 3698 2285 3753 in
2331 3698 2508 3770 prima
2556 3701 2904 3772 generatiOne
2957 3702 3263 3774 computari
3285 3700 3521 3760 debere:

1941 3793 2069 3862 quia
2092 3790 2484 3863 fratres,quasi
2504 3792 2727 3864 quidam
2762 3802 2986 3852 truncus
3007 3812 3073 3852 ex
3095 3810 3206 3866 quo
3235 3796 3415 3851 caeteri
3445 3812 3527 3853 ra-

1942 3882 2177 3940 musculi
2221 3884 2494 3953 Oriuntur,
2530 3886 2789 3941 existunt.
2831 3884 2933 3943 Sed
2977 3903 3077 3943 nec
3109 3887 3212 3944 ista
3259 3889 3525 3961 graduum

1943 3978 2298 4050 computatio,
2338 3977 2386 4033 si
2424 3977 2564 4034 bene
2612 3977 2879 4035 intellecta
2920 3979 3105 4048 fuerit,
3152 3980 3221 4035 ab
3254 3997 3319 4036 ea
3360 3997 3527 4053 quam

1943 4072 2196 4142 superius
2231 4066 2586 4142 exposuimus
2631 4070 2688 4124 in
2739 4072 3007 4146 sententia
3040 4068 3241 4143 poterit
3284 4078 3409 4129 ess’e
3444 4073 3529 4129 di-

1942 4175 2120 4216 versa.
2149 4159 2246 4217 Isti
2280 4162 2427 4218 enim
2468 4161 2563 4232 qui
2598 4160 2922 4218 numerandi
2969 4152 3185 4219 initium
3225 4173 3452 4220 sumunt
3496 4182 3527 4222 a

1940 4240 2069 4307 ﬁliis
2094 4250 2326 4307 fratrum
2366 4267 2478 4307 non
2502 4253 2926 4324 progrediuntur
2949 4253 3090 4309 ultra
3129 4263 3340 4310 sextam
3363 4272 3528 4330 gene-

1944 4343 2235 4409 rationem;
2260 4343 2375 4410 sed,
2399 4343 2544 4399 sicut
2567 4345 2733 4401 totius
2754 4345 2944 4401 mundi
2959 4361 3055 4401 sex
3076 4353 3264 4402 aetates
3288 4348 3532 4405 existunt

260 4412 305 4464 si
336 4413 536 4472 fratres
562 4427 948 4490 computantur
988 4420 1043 4474 in
1084 4420 1281 4491 prima,
1326 4423 1421 4478 ﬁlii
1448 4434 1638 4478 eorum
1680 4423 1736 4479 in
1765 4438 1841 4482 se-

1952 4441 2007 4490 et
2034 4435 2287 4490 humana:
2326 4435 2453 4492 vitae
2488 4435 2673 4491 itidem
2711 4453 2827 4507 sex,
2871 4437 2945 4492 ita
2974 4439 3111 4495 etin
3144 4442 3533 4513 consanguini-

260 4507 436 4563 cunda
456 4552 470 4575 ,
494 4510 719 4567 dubium
758 4528 868 4569 non
900 4521 985 4569 est
1007 4513 1140 4584 quin
1165 4528 1358 4569 eorum
1396 4522 1623 4586 nepotes
1650 4517 1761 4573 sint
1790 4519 1847 4575 in

238 4598 443 4664 'tcrtia,
467 4612 793 4673 pronepotes
813 4606 868 4660 in
901 4614 1117 4675 quarta,
1142 4614 1196 4661 et
1225 4606 1305 4662 sic
1326 4606 1393 4662 de
1421 4607 1646 4679 reliquis
1670 4626 1847 4683 usque

262 4686 326 4739 ad
362 4691 673 4759 septimam.
709 4694 814 4751 Sed
847 4705 979 4752 sunt
1011 4698 1232 4768 quidam
1266 4696 1361 4768 qui
1395 4714 1462 4754 ex
1483 4700 1572 4757 his
1601 4701 1847 4775 Gregorii

261 4777 464 4847 verbis,
506 4785 712 4852 quibus
757 4788 850 4855 ait,
880 4788 1030 4843 utin
1064 4789 1246 4856 tertia,
1277 4790 1361 4845 vel
1389 4800 1586 4862 quarta
1615 4809 1845 4865 genera-

264 4868 411 4926 tione
440 4877 766 4943 copulentur
795 4879 1002 4946 ﬁdeles,
1043 4883 1387 4938 occasionem
1435 4884 1708 4955 accipiunt
1734 4887 1841 4941 illi—

271 4961 376 5050 cita
408 4966 753 5023 matrimonia
783 4972 1157 5041 contrahendi,
1199 4974 1442 5030 dicentes
1475 4992 1532 5032 se
1571 4976 1676 5035 hoc
1697 4980 1846 5050 juste

270 5049 446 5108 facere
474 5071 635 5125 posse
671 5062 816 5130 quod
861 5063 1325 5133 prudentissimus
1354 5066 1547 5122 doctor
1581 5087 1678 5127 sua
1702 5049 1843 5127 sen-

271 5141 438 5196 tentia
466 5143 725 5203 deﬁnivit.
758 5149 850 5207 Isti
881 5152 1062 5222 itaque
1081 5157 1176 5226 qui
1200 5167 1262 5210 se
1288 5153 1394 5211 hoc
1420 5157 1728 5216 velamento
1757 5159 1846 5214 de-

272 5226 489 5282 laudere
521 5234 768 5282 “illlnhll'
794 5244 1069 5282 aﬂvoﬂonl'
1118 5248 1174 5282 ἶη
1206 5242 1456 5282 uinculum
1504 5245 1679 5282 ϋηο-,εκ

1713 5266 1808 5282 οΛη

1934 4533 2059 4605 tate
2087 4542 2182 4582 sex
2216 4530 2597 4585 tantummodo
2637 4538 2927 4586 autumant
2965 4532 3363 4604 computandas
3411 4551 3535 4593 esse

1949 4618 2359 4688 generationes;
2389 4620 2590 4690 quibus
2618 4620 2809 4691 ﬁnitis,
2841 4636 2997 4680 novae
3017 4624 3426 4695 conjunctionis
3454 4628 3538 4683 di-

1949 4715 2082 4764 cunt
2100 4724 2262 4780 posse
2290 4710 2408 4765 ﬁeri
2445 4711 2683 4779 initium,
2717 4722 2798 4782 ut,
2823 4715 2986 4784 quasi
3027 4715 3352 4788 fugientem,
3384 4734 3542 4774 revo—

1948 4814 2077 4856 care
2103 4801 2319 4872 possint
2347 4803 2904 4879 consanguinitatem.
2943 4803 3075 4865 litae
3105 4806 3294 4873 itaque
3320 4812 3550 4878 compu-

1947 4892 2082 4949 tatio
2113 4908 2237 4965 qua:
2272 4894 2463 4965 incipit
2506 4912 2538 4952 a
2563 4895 2800 4967 fratrum
2826 4895 2979 4963 ﬁliis,
3007 4907 3067 4955 et
3089 4900 3350 4953 numerat
3384 4912 3562 4967 usque

1947 4984 2016 5039 ad
2044 4994 2256 5042 sextam
2276 4988 2711 5062 generationem,
2737 4987 3095 5047 tantumdem
3121 4981 3270 5040 valet
3296 4994 3575 5055 Quantum

1946 5089 2011 5130 ea
2033 5092 2157 5148 qua:
2194 5076 2386 5148 incipit
2419 5094 2453 5135 a
2482 5079 2755 5142 fratribus
2780 5086 2840 5137 et
2877 5082 3178 5154 competat
3203 5081 3389 5134 usque
3416 5076 3489 5130 ad
3512 5093 3593 5133 se-

1945 5167 2194 5237 ptimam.
2223 5166 2337 5225 Nec
2359 5170 2470 5228 ulla
2501 5174 2557 5228 in
2584 5186 2765 5233 sensu
2790 5167 2992 5228 existit
3031 5158 3364 5234 diversitas,
3395 5177 3601 5232 quam-

2174 5277 2299 5282 μη---
2320 5277 2397 5282 -Α-
2552 5266 2568 5282 ι
2852 5262 2866 5281 9
2881 5268 2955 5282 -n-
2975 5278 2989 5282 -
3102 5266 3116 5279 ο
3135 5257 3322 5282 ,ιησιιιηι
3398 5249 3571 5282 “ne...
3589 5279 3601 5282 -
