4022 5340
465 195 604 252 I585

1680 202 1687 209 ·
1734 184 2130 250 ALEXAND!“
2168 189 2212 245 ιι
2249 166 2484 247 esse
2516 207 2521 211 η
2562 166 2565 171 ’

3600 188 3732 251 1384

463 319 575 364 tres
602 311 657 364 et
676 304 795 376 lilii,
824 314 888 365 ut
911 302 1170 366 omnibus
1205 304 1284 366 sic
1310 308 1510 366 seriem
1538 306 1871 383 genealogis:
1895 321 2052 363 com-
2083 308 2131 364 Α
2225 303 2452 373 Quoties
2485 304 2576 361 illa
2618 303 2684 379 [ι’.
2711 306 2838 361 add.
2885 294 2998 379 res]
3027 322 3059 362 a
3081 306 3242 363 nobis
3285 306 3585 378 requiritur
3616 326 3733 381 qua:

465 401 761 473 putandam
802 416 926 458 esse
957 400 1225 459 intimetis
1253 400 1716 474 quemadmodum
1748 400 1924 457 sancti
1950 398 2059 454 Pa—

465 504 577 551 tres
604 493 998 549 numerandam
1040 508 1163 551 esse
1202 500 1523 562 sanxerunt,
1553 501 1609 549 et
1649 492 1911 563 antiquus
1936 506 2057 548 mos

466 593 672 643 sanctae
698 592 754 642 et
791 584 1118 641 universalis
1161 584 1420 642 Ecclesia:
1460 601 1558 657 per
1601 585 1764 656 longa
1809 590 2058 654 tempera

466 678 600 735 olim
627 685 977 750 computasse
1008 687 1365 734 monstratur.
1399 676 1535 734 Nam
1564 678 1612 734 si
1643 676 1769 749 quis
1801 690 2059 750 perversa

466 778 523 826 ct
540 770 817 828 obstinata
849 778 1033 827 mente
1065 787 1097 827 a
1131 779 1283 828 recto
1309 770 1531 827 tramite
1555 770 1873 844 apostolica:
1913 768 2060 825 sedis

467 862 687 921 deviare
736 862 991 932 voluerit,
1030 872 1085 920 et
1118 863 1279 921 aliter
1307 878 1475 936 quam
1510 879 1613 920 nos
1638 862 1694 918 in
1736 862 1942 933 nuptiis
1966 874 2060 918 cca

472 955 748 1015 lebrandis
786 956 990 1028 gradus
1030 957 1326 1029 parentela:
1364 969 1658 1013 numerare
1695 952 2058 1021 contenderit,

472 1048 710 1120 primum
735 1064 835 1120 pro
864 1065 963 1104 sua
1002 1049 1326 1117 temeritate,
1349 1048 1559 1105 caelesti
1585 1063 1747 1121 poena
1772 1047 2059 1119 plectetur,

472 1142 823 1213 postmodum
848 1157 978 1198 vero
1003 1142 1183 1215 gladio
1210 1142 1458 1216 perpetui
1483 1139 1850 1198 anathematis
1875 1155 1937 1198 se
1961 1153 2064 1195 no-

473 1236 613 1293 verit
628 1234 1014 1317 jugulandum.

547 1327 683 1385 Data
710 1327 923 1396 Romze,
946 1337 1052 1384 etc.
1258 1392 1265 1395 _

1181 1393 1364 1455 XCIII.

475 1489 630 1548 Claro
658 1491 1062 1549 Mediolanensi.
1090 1522 1160 1529 —
1188 1490 1268 1546 De
1293 1488 1638 1557 Simoniacis,
1673 1498 1726 1545 et
1746 1487 2066 1561 presbyteris

792 1564 1038 1621 diaconis
1063 1563 1155 1634 qui
1181 1562 1391 1632 festinis
1418 1562 1734 1617 abutuntur.

1024 1654 1207 1726 (Auno
1230 1653 1515 1724 4061—73.)
1662 1702 1663 1705 χ

869 1745 1088 1821 [Μλκδῃ
1119 1746 1326 1804 Coucil.
1351 1745 1474 1800 XIX
1498 1782 1514 1812 ,
1544 1742 1696 1819 978.]

546 1838 817 1896 Noveritis
841 1854 947 1905 nos
971 1840 1029 1895 in
1048 1840 1259 1912 synodo
1290 1846 1482 1895 nostra
1501 1837 1771 1906 Romana,
1800 1836 2074 1909 episcopis

480 1930 737 1988 omnibus
766 1940 828 1987 et
853 1930 1124 2003 religiosis
1169 1930 1433 1987 fratribus
1468 1928 1935 2000 adjudicantibus,
1979 1930 2077 1986 de—

480 2024 723 2080 crevisse
750 2039 785 2079 a
818 2022 1153 2080 Simoniacis
1166 2032 1226 2079 et
1251 2022 1678 2079 fornicatorihus
1723 2021 1961 2078 ofﬁciunt
1983 2037 2077 2079 ce-

481 2111 681 2177 lebrari
706 2132 818 2173 non
838 2116 1058 2183 debere,
1096 2132 1198 2173 nec
1231 2116 1472 2187 aliquem
1499 2112 1874 2171 Christianum
1916 2114 1972 2170 id
2004 2114 2076 2170 ab

482 2208 551 2265 iis
575 2208 786 2265 audire.
822 2207 1098 2280 Populum
1126 2208 1365 2280 itaquea
1391 2205 1721 2263 Simoniacis
1769 2214 1825 2263 et
1865 2207 1936 2263 ab
1987 2206 2076 2263 his

480 2312 629 2374 Quos
643 2300 864 2358 feminis
889 2302 1042 2358 abuti
1068 2301 1403 2375 cognoscitis
1430 2299 1670 2356 officium
1695 2300 1887 2357 audire
1907 2299 2077 2356 inter-

480 2395 666 2463 dicite,
710 2402 769 2451 et
785 2396 1102 2452 sacerdotes
1127 2393 1486 2451 nihilominus
1506 2408 1539 2449 a
1558 2400 1672 2450 tam
1697 2391 1905 2449 nefaria
1932 2408 2076 2464 pne-

480 2488 797 2559 sumptione
818 2488 1064 2558 repellite
1089 2486 1248 2561 (Ceu.
1275 2487 1363 2555 ιτ,
1388 2486 1518 2543 dist.
1543 2486 1656 2557 st).
1690 2485 1753 2540 Si
1783 2479 1910 2557 quis
1944 2498 2077 2542 vero

483 2581 853 2648 sacerdotum,
880 2580 1240 2637 diaconorum
1258 2620 1275 2646 ,
1307 2580 1394 2636 vel
1421 2578 1887 2637 subdiacouorum
1912 2618 1929 2646 ,
1962 2576 2078 2649 alii:

482 2673 633 2731 cium
656 2672 1055 2729 contumaciter
1094 2672 1376 2740 deserens,
1416 2670 1681 2727 feminam
1742 2670 1850 2726 sibi
1892 2669 2079 2741 potius

484 2765 655 2841 eligit,
677 2764 824 2827 Sim
843 2773 1040 2836 sponte
1049 2765 1122 2820 ob
1135 2762 1555 2821 fornicationem
1569 2758 1796 2818 dimittit
1814 2763 2075 2831 oﬂlcium,

486 2866 563 2914 ita
610 2857 683 2915 ob
717 2856 1224 2928 pmvaricationem
1244 2855 1521 2913 dimittere
1536 2861 1766 2925 cogatur
1791 2862 1847 2911 et
1873 2854 2076 2912 invitus

488 2949 833 3006 beneﬁcium.

1191 3020 1377 3081 XCIV.

494 3080 699 3181 Populo
727 3107 1308 3193 Mediolanensiwrbe
1333 3110 1650 3193 presbyteris
1681 3105 2003 3168 Simoniacis
2026 3121 2079 3168 et

1065 3180 1496 3253 fornicatoribus.

867 3270 1086 3346 [ll/ists,
1116 3270 1324 3330 Concil.
1363 3269 1509 3342 XIX,
1546 3272 1700 3350 978.]

560 3363 711 3422 Sciat
733 3364 992 3422 nobilitas
1009 3374 1191 3422 vestra
1216 3380 1319 3422 nos
1355 3364 1412 3421 in
1438 3362 1683 3422 Romana
1713 3366 1923 3439 synodo
1950 3382 2083 3425 con-

489 3458 615 3517 silio
637 3458 810 3514 totius
832 3456 1015 3515 sancti
1045 3465 1350 3515 conventus
1363 3457 1672 3514 decrevisse
1700 3467 1761 3514 ut
1796 3474 1830 3514 a
1858 3459 2085 3533 presby—

489 3560 610 3610 tero
639 3549 977 3621 Simoniaco,
1001 3566 1099 3607 seu
1128 3548 1491 3607 concubinam
1531 3549 1787 3620 habente,
1841 3551 2011 3609 missa
2051 3568 2084 3609 a

490 3642 643 3701 nullo
665 3642 905 3700 ﬁdelium
934 3642 1210 3698 audiatur.
1241 3640 1352 3699 Eos
1383 3642 1550 3699 etiam
1589 3642 1706 3715 qui,
1738 3652 1800 3699 ut
1819 3641 2085 3702 fornicari

491 3732 678 3805 liceat,
705 3735 952 3792 divinum
977 3733 1214 3790 officium
1245 3733 1652 3809 derelinquunt,
1679 3744 1733 3792 et
1757 3736 1827 3794 ab
1843 3746 1910 3793 eo
1934 3752 2087 3794 rece—

491 3830 707 3897 dentes,
736 3827 958 3884 diabolo
983 3836 1039 3882 et
1062 3826 1186 3898 ejus
1211 3826 1470 3898 operibus
1515 3827 1783 3899 serviunt,
1823 3828 1970 3886 sicut
2025 3845 2087 3887 se

492 3917 799 3993 iustissime
826 3918 897 3974 ab
920 3915 1097 3973 ofﬁcio
1118 3916 1329 3973 alienos
1359 3915 1568 3972 faciunt
1597 3917 1674 3972 ita
1701 3918 1968 3976 beneﬂcio
1991 3935 2086 3976 ec-

494 4000 791 4070 clesiarum
814 4009 1058 4084 privatos
1084 4008 1486 4081 adjudicamus.

1199 4096 1365 4156 XCV.

496 4189 749 4265 Philippo
783 4192 894 4266 regi
919 4190 1529 4266 Francorum—Quod
1548 4191 1809 4266 Romana:
1826 4192 1964 4251 sedis
1991 4195 2086 4251 de-

569 4262 716 4319 mm
736 4262 994 4337 tandum
1014 4262 1212 4337 regulae
1231 4278 1493 4318 canonum
1514 4265 1849 4322 admittenda
1871 4275 2014 4322 sunt.

889 4353 1386 4428 (Fragm.—-—Anno
1408 4354 1690 4428 1061-75.)

889 4444 1108 4520 [Μιυεῃ
1130 4444 1339 4502 Concil.
1370 4445 1517 4514 XIX,
1548 4446 1701 4524 979.]

2154 397 2385 468 iustitia:
2421 388 2757 455 co'nCordare
2796 398 3033 466 videtur,
3077 398 3311 456 libenter
3341 400 3607 458 debemus
3635 403 3734 459 ima

2158 490 2412 560 pendere,
2447 499 2502 547 et
2560 491 2711 562 justa
2755 492 3101 562 poscentium
3153 492 3351 549 animis
3404 494 3734 550 condescen-

2160 581 2307 638 dere.
2336 576 2475 650 Quiu
2507 583 2691 655 igitur,
2736 584 3063 641 charissime
3098 583 3269 640 frater
3294 584 3557 643 Kleibalde
3608 588 3737 645 Are.

2162 672 2392 730 lmensis
2443 674 2875 746 archiepiscope,
2924 675 3216 747 postulasti
3268 691 3302 731 a
3344 677 3506 734 nobis
3557 686 3621 732 ut
3650 693 3735 735 ec-

2161 766 2386 823 clesiam
2421 765 2636 824 Sanctae
2676 766 2863 825 Marias
2903 767 3065 824 sitam
3097 768 3153 824 in
3194 768 3324 825 villa
3346 786 3471 842 qua:
3500 764 3739 828 vocatur

2162 854 2419 931 Barjolis,
2458 858 2516 916 in
2570 860 2846 917 territorio
2899 862 3097 918 vestrae
3160 854 3398 920 civitatis
3452 862 3735 934 Forojuiii,

2165 953 2331 1022 quam
2356 952 2499 1009 beati
2520 952 2671 1009 Patri
2691 954 3077 1026 perpetualiter
3104 955 3218 1026 juri
3253 958 3614 1027 supposuisti,
3636 959 3740 1028 ρι-ί-

2162 1044 2363 1118 vilegio
2402 1040 2858 1102 confirmaremus
2907 1046 3222 1118 apostolicae
3282 1048 3449 1118 sedis,
3500 1046 3741 1106 inclinati

2164 1139 2419 1209 precibus
2454 1138 2587 1208 tuis,
2627 1137 2806 1210 ipsam
2845 1138 3134 1195 ecclesiam
3193 1140 3298 1196 sub
3336 1141 3508 1197 tutela
3552 1151 3610 1198 et
3649 1143 3741 1198 dea

2166 1228 2415 1287 fensionc
2457 1228 2515 1286 S.
2573 1231 2835 1287 Romanae
2870 1230 3145 1305 Ecclesiae
3178 1232 3473 1303 recipimus
3516 1248 3744 1307 eamque

2165 1322 2237 1380 ab
2261 1323 2411 1380 omni
2438 1321 2787 1380 infestatioue
2810 1324 3038 1380 liberam
3072 1333 3127 1380 et
3147 1325 3388 1396 quietam
3413 1341 3541 1383 esse
3561 1327 3758 1383 decere

2168 1415 2384 1482 nimus;
2404 1415 2480 1471 ita
2509 1399 2752 1486 quidem,
2770 1424 2831 1471 ut
2858 1431 2959 1486 pro
2984 1431 3048 1470 ea
3070 1416 3381 1473 annualiter
3394 1427 3628 1474 sanctus
3650 1417 3736 1474 Pe-

2170 1514 2288 1563 trus
2335 1507 2533 1562 habeat
2573 1521 2745 1563 unum
2810 1516 3041 1564 aureum
3097 1508 3404 1565 denarium.
3445 1507 3745 1582 Propterea

2170 1598 2562 1656 confirmamus
2615 1607 2678 1655 ut
2712 1599 2979 1672 quidquid
3020 1616 3168 1657 nunc
3210 1600 3357 1672 juste
3377 1601 3644 1673 possidet
3671 1603 3751 1658 vel

2102 1654 2146 1715 Β
2175 1692 2431 1764 deinceps
2465 1654 2767 1764 apostolica
2811 1654 3168 1748 interdicente
3210 1654 3659 1750 auctoritate..."
3693 1702 3750 1750 ut

2174 1786 2359 1842 nullus
2384 1784 2461 1842 ibi
2499 1785 2825 1858 praepositus
2874 1785 3261 1853 censtituatur,
3303 1794 3483 1857 neque
3522 1786 3749 1844 clericus

2174 1886 2270 1934 aut
2302 1865 2627 1934 monachus
2669 1877 2961 1933 inducatur
2995 1877 3202 1949 absque
3235 1876 3523 1934 voluntate
3564 1892 3749 1938 eorum

2174 1970 2270 2044 qui
2300 1970 2356 2026 vi
2385 1969 2738 2043 perfectionis
2760 1967 3172 2044 [professionis]
3210 1984 3331 2027 sese
3371 1970 3554 2029 eidem
3586 1971 3753 2028 eccle-

2175 2064 2273 2121 siae
2304 2056 2610 2120 servituros
2646 2061 3042 2118 devoverent...
3085 2060 3469 2120 Interdicimus
3500 2063 3669 2120 etiam
3697 2072 3753 2120 ut

2174 2156 2324 2212 nulla
2354 2154 2726 2211 ecclesiastica
2778 2153 3125 2211 sateularisve
3173 2169 3408 2226 persona
3457 2162 3755 2227 prasumat

2172 2245 2475 2319 praefatam.
2501 2247 2791 2304 ecclesiam
2819 2246 3145 2318 inquietare,
3188 2256 3284 2303 aut
3318 2260 3381 2303 ea
3428 2264 3558 2320 quae
3596 2261 3752 2319 supe-

2177 2339 2294 2397 rius
2314 2340 2557 2397 continet
2574 2339 2889 2412 infringere.
2908 2339 3064 2406 Quod
3087 2338 3133 2397 si
3152 2340 3278 2412 quis
3300 2340 3599 2397 temerario
3624 2350 3755 2397 ausu

2176 2433 2655 2506 praesumpserit...
2696 2432 2767 2488 At
2799 2448 2932 2488 vero
2974 2432 3072 2505 qui
3114 2440 3301 2488 custos
3337 2442 3393 2489 et
3434 2433 3755 2489 observator

2176 2525 2468 2593 exstiterit,
2498 2533 2555 2582 et
2578 2526 2670 2598 pio
2701 2525 2903 2583 intuitu
2927 2523 3149 2596 aliquod
3184 2525 3391 2581 bonum
3425 2524 3503 2580 ibi
3530 2528 3756 2581 consere”

2178 2634 2307 2675 vare
2334 2618 2625 2687 studuerit,
2644 2614 2918 2691 repleatur
2951 2616 3287 2675 abundantia
3317 2618 3639 2690 apostolica:
3665 2617 3754 2672 he-

2178 2708 2521 2767 nedictionis.

2870 2837 3080 2904 XCVII.
3166 2898 3167 2901 η

2105 3025 2149 3083 c
2184 2982 2345 3039 Bulla
2390 2977 3674 3083 A[exacuit-iuEmprggfifiqldohgﬁcastiuensis
3710 2998 3739 3044 ι

2573 3055 2853 3110 Ανααείεω
2882 3056 3115 3111 civitatis
3143 3057 3403 3128 episcopo.

2736 3190 2918 3263 (Anno
2947 3190 3231 3264 ωσι-75.)

2318 3319 2487 3401 ιϐαη.
2513 3324 2739 3395 σὴν-εει,
2775 3335 2910 3383 tom.
2936 3326 2981 3398 I,
3008 3322 3291 3397 lustrum,
3329 3342 3454 3401 pag.
3484 3322 3643 3402 119.]

2256 3464 2585 3538 Atsxmpsn
2616 3464 2928 3538 episcopus,
2955 3481 3147 3523 semis
3174 3478 3458 3523 servorum
3493 3458 3617 3534 Dei,
3647 3459 3762 3521 uni.

2189 3566 2350 3611 verso
2369 3556 2517 3614 clero
2540 3564 2595 3613 et
2613 3557 2815 3629 populo
2851 3554 3275 3615 Tricastinensis
3294 3566 3351 3614 et
3375 3559 3665 3616 Arausica:
3684 3556 3760 3613 ci-

2188 3649 2390 3706 vitatis.

2261 3739 2637 3798 Admonemus
2676 3750 2796 3811 ves,
2832 3740 3144 3800 charissimi
3185 3741 3303 3809 filii,
3342 3750 3408 3800 ut
3442 3743 3605 3801 fratri
3670 3755 3762 3802 no—

2191 3839 2309 3888 stro
2334 3829 2556 3887 Giraldo
2577 3831 2782 3902 pastori
2801 3830 3082 3903 (Dasteri),
3110 3840 3168 3889 et
3192 3832 3450 3905 episcOpo
3479 3845 3667 3892 vestro
3685 3835 3763 3892 di-

2192 3938 2356 3996 gnam
2392 3922 2758 3979 obedientiam
2781 3923 3105 3992 exhibeatis,
3135 3934 3192 3981 et
3211 3927 3343 3997 quia
3364 3927 3551 3983 divina
3584 3929 3761 3999 dispo-

2192 4014 2324 4072 sitio
2370 4030 2496 4071 eum
2539 4015 2822 4073 custodem
2881 4017 3190 4074 animarum
3236 4027 3551 4087 vestrarum
3593 4023 3760 4092 ponit,

2192 4105 2482 4164 hortamur
2508 4121 2607 4164 vos
2636 4113 2699 4163 ut
2722 4106 2774 4165 in
2796 4108 2948 4165 omni
2967 4124 3099 4180 pace
3116 4118 3173 4165 et
3202 4112 3498 4168 concordia
3520 4114 3627 4170 sub
3650 4113 3762 4184 ejus

2194 4198 2459 4271 regimine
2495 4198 2863 4255 indissolubili
2897 4200 3164 4257 charitate
3196 4202 3524 4273 persistatis,
3559 4214 3618 4261 et
3643 4219 3760 4261 eum

2194 4306 2323 4350 cum
2347 4291 2499 4349 omni
2523 4292 2829 4348 reverentia
2863 4292 2920 4348 in
2941 4301 3151 4363 patrem
3181 4303 3237 4350 et
3263 4296 3551 4367 proprium
3577 4297 3761 4353 colatis

2124 4381 2171 4437 Ι)
2194 4385 2532 4458 episcopum.
2557 4382 2805 4455 llludque
2840 4385 3140 4457 apostolica
3165 4388 3493 4445 auctoritate
3514 4405 3617 4446 vos
3648 4404 3762 4444 mo-

2195 4490 2327 4531 nere
2356 4473 2774 4542 destinavimus,
2800 4488 2871 4530 ne
2892 4474 3016 4545 quis
3040 4483 3287 4533 vestrum
3323 4477 3381 4533 in
3404 4478 3513 4534 hoc
3541 4478 3762 4536 consilio

502 4624 539 4640 ,μ
570 4535 832 4640 WE“
1080 4537 1428 4640 (10°41'33"?
1456 4540 1844 4640 δῗηθωίδίῗδίδ,
1876 4539 2093 4640 deget“
2195 4574 2291 4623 aut
2318 4565 2465 4623 facto
2486 4535 2812 4632 consentiat,
2842 4535 3278 4634 ut.Bertrannus,
3299 4568 3387 4623 vel
3409 4568 3609 4639 aliquis
3623 4535 3760 4624 mor-

501 4626 576 4683 ita
603 4627 695 4698 pia
721 4626 827 4721 fide
860 4644 891 4683 a
920 4627 1048 4686 ﬁliis
1075 4629 1268 4685 matris
1289 4627 1550 4686 Ecclesiae
1568 4626 1882 4703 accipienda
1908 4633 2018 4688 sint
2041 4642 2099 4690 et
2194 4659 2385 4716 “lium
2424 4626 2824 4717 musicam“,
2867 4658 3157 4715 ecclesiam
3200 4626 3277 4716 ab'
3318 4626 3526 4721 “nim;
3586 4660 3759 4718 πίω,

501 4719 813 4775 veneranda
841 4728 922 4788 ut,
952 4727 1214 4792 tanquam
1250 4720 1442 4794 regula
1469 4736 1764 4791 canonum,
1800 4723 1870 4781 ab
1887 4723 2093 4781 eisdem

502 4809 714 4882 absque
734 4811 848 4867 ullo
875 4812 1137 4883 scrupulo
1165 4812 1545 4869 admittuntur.
1582 4817 1587 4821 ’

1214 4902 1399 4960 XCVI.

502 4990 801 5051 Alexandri
841 5013 993 5070 papae
1022 4994 1091 5052 II
1113 4997 1341 5090 epistola
1368 4994 1629 5090 Rcibn'ldo
1662 4996 1960 5053 Arelatensi
2002 5012 2093 5053 ar-

1216 5083 1287 5090 -..-
1298 5083 1347 5090 ..Α
1357 5083 1416 5090 Α..

2195 4752 2351 4808 stina:
2375 4749 2621 4809 ecclesia:
2636 4749 2878 4817 dirimat,
2897 4756 2994 4805 aut
3024 4749 3082 4805 in
3109 4749 3291 4822 aliqua
3317 4761 3471 4822 parte
3504 4752 3759 4809 constitu~

2199 4844 2405 4902 tionem
2471 4829 2805 4900 sanctissimi
2868 4842 3049 4899 Patris
3112 4844 3290 4900 nostri
3354 4842 3620 4918 Gregorii,
3673 4842 3760 4914 qui

2200 4947 2465 5009 utrasque
2506 4923 2768 5003 ecclesias
2798 4936 3084 5008 conjunxit
3119 4945 3178 4993 et
3219 4937 3415 5006 univit,
3458 4945 3757 5007 corrumpat

2199 5037 2295 5085 aut
2327 5028 2559 5084 minuat.
2585 5028 2834 5084 Seientes
2853 5028 3003 5090 quod
3034 5028 3238 5090 omnis.
3269 5029 3364 5090 qui
3402 5029 3459 5086 in
3496 5029 3599 5085 hac
3630 5027 3747 5083 divi
