4022 5340
226 303 363 363 i385

890 413 1121 473 XCVIII.

223 505 394 578 Bulla,
421 504 713 578 Alexandri
744 522 942 578 ⁸ιιέιρτξε,
999 524 1117 578 qua
1160 505 1450 562 Geraldum
1500 509 1801 578 episcopum

289 577 562 647 utriusque
595 575 757 629 simul
783 575 1037 633 Ecclesia:
1078 575 1494 632 Tricastinensis
1519 575 1570 632 et
1616 575 1798 633 Araue

286 647 411 701 sica:
436 655 615 701 tuetur
642 654 693 699 et
718 647 1019 716 conﬁrmat.

757 735 939 807 (Anno
968 735 1257 808 1061-75.)

334 823 508 900 [GaIL
542 825 768 893 Cluith,
798 835 936 883 tam.
967 826 1009 894 l,
1045 826 1332 895 lustrum,
1359 842 1486 899 pag.
1526 823 1677 899 ιω]

286 917 613 973 Αιιςιλιωεκ
639 918 949 989 episcopus,
977 934 1170 973 servus
1202 934 1487 973 servorum
1510 918 1625 985 Dei,
1658 917 1800 973 Ben-

222 1019 431 1061 ﬂuuoo
481 1005 594 1060 ﬁlio
643 1003 974 1074 Raimbaldi,
1025 1006 1073 1062 si
1128 1007 1413 1074 obedierit,
1468 1008 1701 1062 salutem
1746 1015 1802 1062 et

220 1095 575 1170 apostolicam
599 1095 1056 1152 benedictionem.

291 1186 350 1246 Si
384 1206 512 1245 vera
540 1198 815 1262 suntquae
846 1202 898 1247 te
924 1192 1116 1249 conari
1154 1192 1548 1262 intelleximus,
1576 1208 1679 1248 nec
1705 1208 1798 1248 sa-

222 1282 388 1338 lutem
423 1282 622 1337 animae
669 1291 798 1349 tuae,
832 1284 928 1339 sed
949 1284 1019 1338 ad
1046 1292 1363 1354 perpetuam
1393 1285 1801 1339 damnationem

221 1383 369 1429 tuam
392 1381 447 1427 te
470 1371 705 1443 ejectum
734 1389 857 1429 esse
880 1375 1298 1444 perpendimus;
1325 1375 1575 1431 videlicet
1596 1375 1804 1430 domini

222 1464 395 1520 nostri
421 1463 673 1536 Gregorii
711 1478 869 1537 papa:
898 1475 1102 1522 statuta
1146 1476 1203 1522 et
1244 1467 1617 1524 ordinationes
1646 1483 1802 1523 sum-

221 1570 441 1625 mopere
482 1555 700 1610 labores
734 1556 1049 1627 infringere,
1088 1564 1142 1612 et
1192 1557 1588 1613 Arausicanam
1619 1556 1804 1614 Eccle-

220 1644 379 1709 siam,
430 1659 602 1714 quam
638 1644 754 1714 ipse
783 1644 1091 1714 justissima
1128 1645 1565 1703 consideratione
1613 1645 1802 1703 Trica-

218 1735 376 1793 stinae
394 1736 655 1793 Ecclesiae
667 1737 974 1808 conjunxit,
1001 1748 1058 1795 et
1089 1752 1263 1795 unum
1282 1739 1658 1812 episcopatum
1680 1754 1803 1797 esse

218 1828 524 1896 constituit,
548 1829 637 1886 die
661 1840 930 1900 nocteque
959 1832 1085 1910 inde
1128 1830 1358 1887 evellere
1381 1832 1602 1890 studeas
1636 1841 1689 1888 et
1717 1849 1805 1889 se—

219 1933 444 1992 parare;
490 1936 592 1977 nec
625 1920 919 1977 Geraldum
961 1922 1249 1993 utriusque
1278 1923 1431 1979 urbis
1486 1924 1804 1995 episcopum

216 2012 466 2068 eamdem
494 2011 796 2068 Ecclesiam
816 2013 1214 2071 Arausicanam
1265 2015 1494 2086 patiaris
1553 2016 1609 2071 in
1651 2032 1804 2087 pace,

214 2103 357 2159 sicut
380 2104 703 2175 epiSCOpum
723 2113 960 2175 oportet,
980 2102 1166 2162 tenere
1187 2116 1242 2163 et
1269 2122 1457 2178 regere
1496 2107 1803 2179 praefatum,

217 2205 280 2248 ac
301 2192 348 2247 si
378 2193 660 2263 praedictae
680 2192 939 2250 Ecclesiae
992 2208 1107 2250 non
1136 2203 1247 2251 tam
1274 2196 1496 2267 antiqua
1533 2197 1801 2253 constitu-

216 2280 360 2337 tione
384 2290 449 2340 et
472 2284 799 2341 auctoritate
819 2285 1010 2340 domui
1040 2284 1287 2356 Gregorii
1307 2287 1377 2341 ad
1413 2286 1576 2343 unius
1602 2287 1827 2358 episcom

219 2382 377 2442 patos
432 2375 840 2432 continentiam
887 2378 1159 2447 copulatae
1209 2385 1265 2433 et
1322 2378 1490 2434 unitae
1551 2377 1802 2435 fuissent.

220 2463 515 2536 Propterea
541 2482 606 2523 ex
635 2477 789 2537 parte
815 2470 991 2524 sancti
1018 2468 1163 2525 Petri
1200 2477 1255 2524 et
1284 2478 1473 2526 nostra
1519 2486 1807 2526 monemus

220 2571 287 2611 ne
306 2558 626 2627 praedictam
640 2559 1036 2616 Arausieanam
1060 2560 1357 2617 Ecciesiam
1381 2562 1615 2632 amplius
1631 2578 1662 2618 a
1685 2561 1808 2617 Tri-

218 2648 428 2703 castina
496 2647 744 2705 Ecclesia
795 2666 1050 2721 separare
1110 2667 1432 2722 praesumas,
1480 2652 1575 2709 sed
1614 2653 1809 2723 praedi-

218 2747 367 2797 ctum
384 2739 690 2797 Geraldum
716 2742 1032 2812 episcopum
1066 2742 1365 2814 episcOpali
1388 2743 1512 2814 jure
1537 2752 1591 2799 et
1621 2728 1777 2814 pravi
1794 2775 1808 2786 -

215 2831 402 2889 dentia
431 2831 596 2902 juxta
624 2833 1050 2889 constitutiones
1091 2835 1424 2891 sanctissimi
1470 2837 1642 2906 patris
1683 2836 1813 2892 Gre-

216 2924 353 2993 gorii
376 2939 505 2979 eam
556 2922 948 2980 Tricastinensi
975 2924 1231 2982 Ecclesiae
1255 2927 1603 2998 coniunctam
1625 2944 1811 2999 regere

214 3023 272 3070 et
297 3016 611 3087 gubernare
631 3017 934 3086 permittas.
952 3016 1110 3083 Quod
1134 3017 1183 3072 si
1205 3034 1314 3072 non
1345 3017 1560 3085 feceris,
1585 3019 1739 3075 scias
1758 3027 1812 3074 te

213 3116 272 3161 et
298 3122 495 3163 omnes
526 3108 580 3161 in
608 3108 711 3163 hac
744 3123 912 3163 causa
963 3109 1059 3163 tibi
1102 3109 1508 3164 consentientes
1548 3126 1612 3165 ex
1658 3120 1813 3180 parte
1839 3128 1878 3184 ε

215 3198 360 3252 beati
388 3198 548 3256 Petri
572 3207 626 3254 et
652 3208 840 3255 nostra
866 3199 1371 3255 excommunicatos
1408 3215 1550 3266 esse,
1572 3209 1626 3255 et
1649 3217 1811 3257 omne

212 3288 463 3344 divinum
502 3290 757 3345 cilicium
789 3306 888 3361 per
908 3298 1084 3346 totam
1119 3298 1322 3346 terram
1361 3298 1515 3346 tuam
1555 3291 1812 3363 suspendi

210 3379 597 3439 decrevimus.

283 3467 487 3525 Datum
525 3468 736 3538 Romae,
764 3478 872 3539 etc.

212 3667 525 3743 Alexandri
559 3670 626 3726 ΙΙ
646 3584 1233 3743 ερὶδιοιᾳαέἳὶῗᾶιοηι
1276 3682 1325 3727 et
1352 3674 1813 3743 congregationem

300 3741 684 3869 Anitzmtsem.
733 3772 806 3783 ——
854 3742 924 3797 Ut
973 3744 1215 3815 episcopo
1280 3741 1646 3815 Magaloncnsi
1714 3760 1814 3813 pa-

290 3828 420 3867 rean
1681 3837 1699 3854 .

767 3893 960 3974 (Anno
992 3903 1288 3974 1061-73.)

620 3994 880 4068 [BALuz.,
921 3994 1147 4051 Misce”.
1183 3994 1249 4061 ll,
1278 3993 1436 4068 H9].

286 4082 631 4143 ALEXAND“
652 4087 962 4156 episcopus,
983 4103 1174 4142 servus
1193 4101 1480 4143 servorum
1494 4084 1613 4153 Dei,
1634 4085 1817 4141 abbati

210 4184 274 4233 et
312 4178 603 4233 universa:
647 4177 1058 4247 congregationi
1117 4176 1448 4233 Anianensis
1496 4177 1819 4233 monasterii

212 4266 457 4323 salutem
491 4274 553 4321 et
578 4266 937 4336 apostolicam
970 4265 1425 4322 benedictionem.

286 4356 561 4437 Pervenit
611 4359 683 4413 ad
733 4374 837 4413 nos
866 4357 1088 4428 querela
1122 4356 1525 4428 Magalonensis
1580 4357 1820 4429 episcopi

1381 299 1741 362 EPISTOL/E
1776 299 1866 359 ET
1900 302 2313 360 DIPLOMATA.

3340 300 3479 362 1386

1826 419 1873 477 Δ
1897 416 2072 472 bitum
2096 416 2423 482 exhibeatis,
2460 414 2696 472 scientes
2730 416 3013 487 quoniam,
3047 414 3095 471 si
3118 414 3235 472 haec
3257 416 3479 487 querela

1900 508 2131 564 ulterius
2161 509 2230 562 ad
2254 522 2356 562 nos
2382 506 2561 561 delata
2588 506 2774 574 fuerit,
2811 507 3118 563 districtam
3143 506 3200 561 in
3222 521 3282 562 se
3305 514 3478 564 teme-

1898 598 2078 654 ritatis
2104 605 2300 653 vestra:
2330 597 2631 667 pertinacia
2652 596 2951 653 vindictam
2982 596 3323 668 provocabit.

2659 688 2702 743 C

1900 779 2193 835 Alexandri
2236 778 2299 833 II
2334 779 2560 850 epistola
2587 780 2657 834 ad
2699 780 3043 836 Guillelmum
3073 779 3481 850 Petrocoricett-

1971 867 2080 903 sem
2109 859 2159 903 et
2188 850 2527 921 Dat-annum;
2546 850 2866 906 Tolosanum
2905 853 3197 921 episcopos,
3215 860 3267 905 et
3296 849 3483 921 Hage—

1970 936 2089 974 nem
2115 920 2377 991 abbatem.
2399 950 2471 959 —-
2492 919 2805 977 Prazscribit
2837 919 3048 975 modum
3071 919 3480 991 pwtdtentite'ab

1971 1005 2031 1129 7o
2087 990 2399 1113 piragendaz
2443 992 2533 1060 qui
2578 992 2831 1061 fraterna:
2880 990 3041 1046 aedis
3072 990 3269 1050 nolens
3317 1006 3485 1047 causa

1996 1075 2123 1115 uera
2154 1099 2169 1113 .

1996 1066 2169 1115 iterat.
2284 1066 2289 1071 ’

2433 1150 2614 1224 (Anno
2660 1152 2947 1223 illm-75.)

2291 1242 2509 1315 [MANSI,
2538 1228 2740 1299 comit.
2769 1244 2912 1311 XIX,
2942 1238 3094 1317 963.]

1974 1333 2299 1389 mutuom
2320 1335 2630 1405 episcopus,
2663 1351 2854 1391 servus
2881 1334 3296 1407 servorumODei,
3313 1334 3483 1391 Gott.-

1905 1439 2079 1481 uzuto
2100 1424 2555 1498 Petragoricensi,
2579 1427 2834 1483 Denanao
2855 1427 3158 1496 Tolosensi,
3190 1428 3482 1499 episcopis,

1905 1524 1961 1570 et
1999 1514 2204 1572 lineo.“
2228 1518 2432 1573 abbati.

1974 1606 2331 1663 Praesentium
2384 1610 2617 1679 portitor
2662 1611 2988 1678 litterarum,
3036 1609 3103 1665 ad
3150 1625 3251 1665 nos
3292 1625 3485 1680 pervc-

1906 1698 2083 1766 niens,
2107 1700 2533 1771 lacrymahiliter
2558 1700 2846 1756 confessus
2873 1710 2958 1756 est
2975 1716 3033 1757 se
3059 1699 3345 1755 fratricidii
3373 1702 3485 1755 cri-

1836 1780 1880 1836 Β
1904 1806 2033 1845 men
2080 1792 2398 1848 incurrisse.
2426 1792 2559 1865 Qui,
2607 1792 2735 1848 licet
2754 1793 2895 1848 tanti
2941 1791 3203 1849 facinoris
3250 1791 3489 1848 elﬁciens

1907 1897 2072 1939 causa
2098 1881 2281 1950 fuerit,
2304 1892 2487 1939 tamen
2514 1884 2740 1940 minime
2763 1900 2863 1940 sua
2893 1886 3171 1939 voluntate
3207 1893 3488 1955 peractum

1908 1976 2195 2031 intimavit.
2220 1974 2360 2031 Cum
2381 1976 2528 2032 enim
2555 1974 2780 2032 fratrem
2811 1993 2971 2032 suum
2993 1977 3361 2033 inimicantem
3386 1977 3490 2033 sibi

1906 2067 2112 2137 paratis
2146 2067 2360 2122 insidiis
2389 2068 2642 2140 cepisset,
2665 2076 2719 2123 et
2747 2069 2925 2139 ipsum
2951 2077 3011 2123 ut
3038 2084 3223 2124 secum
3250 2068 3355 2123 iret
3373 2085 3493 2139 per-

1909 2160 2167 2215 cussione
2191 2159 2372 2230 capuli
2396 2160 2548 2215 ensis
2570 2161 2857 2231 coegisset,
2874 2160 3239 2216 consobrinus
3262 2159 3489 2237 quidam

1909 2266 2043 2306 suus
2071 2266 2255 2306 secum
2285 2251 2625 2321 perveniens,
2657 2252 2775 2307 sine
2812 2251 3039 2307 consilio
3066 2259 3120 2306 et
3144 2250 3458 2322 praemedita
3486 2286 3491 2291 ι

1910 2344 2074 2409 tione,
2128 2343 2247 2399 sine
2278 2344 2559 2398 voluntate
2599 2344 2767 2399 etiam
2809 2343 3004 2413 ipsius,
3028 2342 3332 2411 utastruit,
3362 2358 3489 2397 eum

1908 2435 2198 2491 interfecit.
2240 2433 2344 2491 Cui
2392 2435 2517 2490 licet
2562 2436 2887 2506 condignam
2936 2434 3126 2506 religio
3170 2443 3351 2491 vestra
3400 2434 3489 2489 in-

1905 2527 2149 2597 junxerit
2187 2535 2241 2582 ct
2287 2526 2615 2582 laudabilem
2669 2527 3066 2597 paenitentiam,
3113 2535 3294 2582 tamen
3343 2525 3491 2582 circa

1909 2634 2035 2673 eum
2077 2618 2467 2674 misericordiae
2507 2618 2720 2673 viscera
2764 2618 3103 2685 exhibentes,
3140 2619 3490 2688 praecipimus

1910 2718 1991 2777 ut,
2038 2725 2165 2764 cum
2194 2710 2418 2764 domum
2467 2709 2709 2775 redierit,
2754 2708 3094 2763 medietatem
3122 2709 3292 2764 totius
3320 2708 3494 2780 patri-

1910 2800 2081 2855 monii
2102 2801 2208 2865 sui,
2237 2816 2337 2870 pro
2366 2799 2551 2856 fratris
2598 2801 2904 2870 animaeque
2930 2816 3043 2856 sua:
3072 2799 3313 2855 remedio
3352 2817 3491 2871 pau-

1910 2893 2132 2962 peribus
2150 2893 2372 2959 tribuat,
2417 2892 2643 2947 alterius
2678 2891 2744 2964 [Ῑ.
2779 2890 3029 2962 alteram]
3068 2906 3288 2963 quoque
3316 2893 3491 2948 haeret

1912 2984 2098 3039 ditatis
2126 2984 2574 3054 suae'portionem
2603 2983 2960 3039 nihilominus
2980 2998 3080 3054 pro
3101 2983 3290 3039 eadem
3325 2999 3493 3043 causa

1911 3075 2262 3142 distribuens,
2304 3074 2714 3131 usumfructum
2743 3090 2857 3131 sua:
2895 3075 3206 3131 necessitati
3234 3085 3493 3133 reservet.

1916 3165 1981 3221 Et
2001 3168 2081 3221 sic
2103 3166 2369 3222 ordinatis
2393 3167 2649 3221 omnibus
2687 3167 2822 3234 suis,
2854 3167 2991 3221 liber
3016 3166 3071 3220 in
3099 3168 3496 3224 monasterium

1913 3257 2268 3328 ingrediatur,
2297 3266 2351 3312 et
2377 3258 2452 3311 ibi
2480 3273 2578 3328 per
2603 3273 2773 3312 unum
2804 3273 3014 3312 annum
3045 3258 3359 3328 hujusmodi
3380 3275 3498 3330 pa:-

1915 3349 2139 3404 uitentia
2165 3357 2488 3413 macerctur,
2513 3348 2724 3404 scilicet
2756 3358 2816 3402 ut
2842 3364 2873 3402 a
2900 3348 3216 3405 Pentecoste
3237 3366 3409 3421 usque
3429 3352 3500 3407 ad

1912 3442 2091 3496 sancti
2116 3439 2397 3497 Michaelis
2433 3438 2783 3494 festivitatem
2813 3439 2897 3495 bis
2935 3439 2990 3493 in
3017 3456 3344 3510 unaquaque
3364 3442 3498 3497 heb-

1912 3531 2149 3588 domada
2166 3533 2377 3604 jejunet
2408 3532 2462 3585 in
2493 3546 2633 3601 pane
2660 3539 2716 3586 et
2753 3547 2915 3601 aqua.
2958 3530 3165 3588 Dehinc
3192 3542 3374 3588 autem
3403 3548 3499 3588 us-

1858 3638 1861 3639 '
1914 3639 2022 3694 que
2056 3624 2123 3679 ad
2151 3623 2639 3695 Quadragcsimam
2678 3623 2856 3677 tribus
2895 3622 3087 3678 diebus
3111 3623 3499 3694 jejunetsimi-

1916 3714 2035 3770 liter
2079 3716 2134 3770 in
2162 3730 2302 3787 pane
2329 3723 2383 3770 et
2422 3730 2586 3785 aqua,
2618 3724 2673 3769 et
2721 3723 2842 3768 uta
2883 3718 3112 3785 oorpore
3153 3724 3206 3770 et
3234 3717 3500 3787 sanguine

1917 3805 2132 3861 Domini
2162 3822 2337 3876 usque
2363 3806 2429 3861 ad
2451 3814 2562 3860 tres
2588 3821 2762 3861 annos
2802 3805 3044 3877 expletos
3072 3807 3358 3875 abstineat,
3388 3808 3498 3865 nisi

1914 3898 2218 3968 periculum
2248 3898 2441 3953 mortis
2470 3894 3275 3969 immineat.Quadragesimam
3303 3908 3497 3968 totam,

1827 4000 1832 4006 '
1915 3997 2111 4059 praeter
2133 3990 2247 4045 dies
2267 3989 2602 4057 Dominicos,
2636 3989 2887 4044 similiter
2900 3989 3139 4060 jejunet;
3170 4004 3322 4045 arma
3350 3992 3501 4048 nullo

1918 4082 2081 4137 modo
2121 4081 2177 4136 in
2220 4082 2327 4135 vita
2362 4096 2463 4136 sua
2494 4081 2715 4148 induat;
2748 4080 3003 4151 conjugio
3032 4097 3208 4151 usque
3243 4081 3312 4136 ad
3375 4099 3503 4153 per-

1918 4182 2096 4227 actam
2120 4182 2327 4243 septem
2376 4188 2649 4228 annorum
2695 4173 3073 4243 paenitentiam
3118 4189 3229 4228 non
3273 4181 3497 4240 utatur;

1920 4273 2072 4318 sexta
2108 4254 2262 4331 feria,
2306 4264 2479 4318 donec
2522 4262 2741 4331 vixerit,
2779 4263 3008 4333 jejunet.
3049 4262 3178 4320 Haec
3216 4265 3399 4320 omnia
3425 4266 3501 4322 ita

1921 4355 1998 4409 illi
2036 4355 2425 4436 conjunximus
2466 4362 2551 4422 ut,
2591 4355 2639 4410 si
2679 4354 3051 4410 inﬁrmitatem
3083 4356 3207 4426 ejus
3242 4355 3359 4411 haec
3391 4357 3499 4411 mi-

210 4462 387 4521 ?super
411 4450 758 4505 intolerabili
788 4449 1213 4520 praesumptione
1242 4458 1299 4505 et
1340 4449 1707 4505 inobedientia
1727 4467 1822 4507 ve-
1853 4479 1898 4533 D
1923 4447 2069 4502 nime
2095 4446 2238 4501 ferre
2265 4461 2428 4516 posse
2451 4445 2787 4515 providentia
2823 4454 3005 4501 vestra
3039 4448 3405 4518 praesenserit,
3432 4449 3501 4503 li-

207 4547 356 4608 stra,
372 4542 557 4614 quod,
582 4542 835 4612 quamvis
856 4539 1160 4596 Romanam
1180 4540 1480 4608 Ecclesiam
1505 4540 1818 4612 episcOpum
1855 4594 1861 4600 .

209 4648 347 4690 eum
376 4648 619 4690 censere
643 4641 698 4687 et
718 4633 953 4688 tolerare
982 4631 1376 4703 cognoveritis,
1402 4629 1608 4686 nullius
1636 4639 1823 4687 tamen

213 4727 566 4801 episcopatis
585 4726 907 4781 reverentiae
930 4727 1195 4781 honorem
1227 4724 1332 4781 sibi
1360 4712 1680 4791 attribuitis,
1709 4725 1823 4780 imo

212 4830 273 4877 et
333 4826 670 4889 contemptu
738 4818 858 4889 ejus
912 4817 1100 4874 illicita
1149 4818 1305 4873 vobis
1349 4823 1712 4887 usurpantes,
1767 4816 1825 4872 in

212 4926 427 4983 corpus
459 4910 642 4966 totius
686 4908 946 4966 Ecclesiae
978 4909 1219 4981 graviter
1272 4924 1337 4965 ac
1370 4908 1604 4964 nefande
1645 4908 1823 4966 delirio

214 5002 417 5075 quitis.
456 4999 606 5056 Nam
637 5000 785 5072 quod
811 5000 1322 5057 exeommunicatos
1371 5000 1522 5056 illius
1550 5000 1700 5057 nulla
1731 5017 1826 5057 au-

222 5093 486 5118 A‘--:o-da
520 5088 647 5118 Iulo:
674 5090 948 5118 ο-ιηηῖιαζιζι-
1002 5095 1053 5118 nl
1085 5091 1228 5118 ιιι-,ΛΑ
1278 5088 1394 5118 Λῖεςιη
1422 5103 1617 5118 mnus-cn
1651 5090 1664 5118 ξ

1278 5103 1394 5118 IIII!!!
1422 5103 1617 5118 νυιιικοιη
1651 5106 1800 5118 omn-Iun

1924 4539 2158 4594 centiam
2193 4538 2391 4593 habeat
2424 4537 2740 4606 miserendi,
2763 4544 2928 4609 prout
2946 4536 3257 4609 placuerit,

1924 4743 2219 4818 Αιρερηάῖί
2240 4741 2315 4818 Η
2346 4743 2579 4818 ρρίεεοέα
2599 4649 2875 4818 adegere!
2906 4743 3189 4818 erin
3217 4737 3514 4818 .Hioranhe

2000 4810 2385 4941 [ειἼώραιιίωι
2410 4841 2483 4852 —-
2516 4813 2668 4879 Quod
2693 4811 2875 4867 Judaei
2899 4810 3116 4873 servari
3142 4812 3385 4875 debeant,
3414 4828 3521 4865 non

2000 4901 2107 4941 occ:
2170 4926 2186 4939 .

1994 4901 2186 4941 οοειαι.

2186 4976 2189 4977 ί
2477 4974 2657 5047 (Anno
2690 4970 2970 5042 1061-73.)

2304 5062 2532 5118 lesr-
2557 5065 2762 5118 Concil.
2784 5061 2906 5118 XIX
2922 5103 2937 5118 .
2967 5062 3171 5118 961.1
