4022 5340
545 305 677 356 ίόδῗ

545 518 635 567 tus
658 508 957 581 Gregorius
978 509 1245 579 quosdam
1274 507 1369 579 qui
1399 506 1469 562 ad
1496 520 1594 563 eos
1613 503 1875 562 deicndos
1900 505 2131 561 exarde-

543 602 772 658 scebant
812 600 1117 672 prohibuit,
1145 600 1374 670 impium
1406 613 1529 665 esse
1570 596 1902 654 denuntians
1924 612 2020 653 eos
2040 596 2134 653 de.

541 694 655 750 lere
685 693 841 759 velle,
864 692 963 762 qui
980 691 1077 747 Dei
1107 690 1486 749 misericordia
1515 690 1715 746 servati
1743 697 1893 757 sunt,
1916 697 1995 755 ut,
2032 704 2131 759 pa-

543 786 648 843 tria
693 785 1051 855 libertateque
1100 784 1327 850 amissa,
1354 782 1612 839 diuturna
1653 782 1993 852 poenitentia,
2037 789 2133 850 pa-

539 887 688 935 trum
733 876 1051 949 prazjudicio
1092 876 1146 931 in
1194 875 1464 931 ell‘usione
1512 874 1797 946 sanguinis
1834 872 2134 929 Salvatoris

537 969 812 1036 damnati,
853 985 953 1040 per
980 977 1254 1023 terrarum
1279 967 1429 1022 orbis
1458 967 1646 1038 plagas
1667 965 1899 1036 dispersi
1925 964 2129 1020 vivant.

539 1056 605 1129 (C
616 1080 704 1118 an.
741 1061 828 1128 Il,
855 1061 948 1127 23,
973 1061 1027 1127 4,
1055 1060 1132 1129 8).
1164 1059 1361 1130 Dispar
1401 1058 1664 1114 nimirum
1698 1066 1781 1113 est
1812 1056 2133 1132 Iudteorum

538 1162 594 1209 et
623 1153 1059 1210 Sarracenorum
1089 1168 1277 1210 causa.
1316 1151 1376 1208 In
1412 1152 1536 1206 illos
1565 1149 1734 1218 enim,
1755 1151 1851 1221 qui
1875 1149 2137 1206 Christia-

547 1261 649 1304 nos
687 1251 1096 1319 persequuntur
1146 1254 1201 1301 et
1224 1261 1289 1301 ex
1326 1243 1553 1303 u'rbibus
1577 1252 1632 1298 et
1652 1244 1887 1314 prepriis
1917 1244 2136 1300 sedibus

545 1340 776 1411 pellunt,
807 1340 956 1410 juste
980 1346 1296 1410 pugnatur;
1329 1337 1385 1391 hi
1428 1353 1557 1394 vero
1588 1337 1789 1407 ubique
1809 1336 1984 1406 parati
2004 1344 2137 1391 sunt

547 1433 774 1505 servire.
808 1430 1112 1500 Quemdam
1141 1430 1307 1484 etiam
1338 1429 1656 1500 episcopum
1686 1442 2019 1500 synagogam
2040 1441 2137 1483 eo-

547 1540 671 1580 rum
691 1525 973 1580 destruere
1004 1523 1275 1578 volentem
1296 1521 1596 1593 prohibuit.

1278 1682 1391 1740 CII.

1828 294 2226 353 ALEXAND!“
2264 295 2308 353 Il
2336 296 2549 354 ΡΑΡῶ

542 418 672 474 vina
699 415 875 487 pietas
903 415 970 471 ad
1004 414 1236 471 salutem
1259 410 1683 486 praedestinavit.
1716 410 1805 469 Sic
1819 412 1985 467 etiam
1998 411 2133 468 rbea-
2161 414 2203 471 Α

3671 300 3789 359 1388

2972 408 3085 465 CV.

2231 512 2528 579 Alexandri
2563 520 2636 597 [1
2680 516 2908 595 epistola
2932 524 3002 578 ad
3027 524 3227 597 clerum
3258 534 3311 579 et
3340 526 3587 597 populum
3612 525 3790 584 Lucen-

2302 610 2429 668 sem.
2455 624 2526 668 -_-—
2547 593 2747 668 Contra
2774 610 2957 668 sacras
2983 593 3348 651 ordinationes
3370 593 3420 651 et
3450 597 3791 668 beneﬁciorum

2303 664 2614 721 collatione:
2644 662 3000 720 Simoniacas.
3528 692 3531 695 -

2778 778 2959 851 (Anno
2984 778 3274 853 1061-73.)

2610 869 2839 944 ~[Missa
2870 871 3076 928 Concil.
3103 870 3248 940 XIX,
3280 871 3433 946 985.]

2304 962 2632 1021 ALEXANDER
2662 966 2976 1036 episcopus,
3015 981 3207 1022 servus
3250 981 3534 1022 servorum
3573 966 3682 1035 Dei,
3711 967 3796 1024 Lu-

2233 1058 2414 1114 censis
2451 1056 2709 1113 Ecclesia:
2736 1058 2884 1114 clero
2918 1068 2973 1114 et
3006 1059 3208 1129 populo
3236 1058 3290 1112 in
3317 1068 3657 1129 perpetuum.

2304 1149 2443 1204 Cum
2480 1150 2662 1205 divina
2690 1150 3029 1221 providentia
3046 1138 3257 1207 idcirco
3291 1166 3394 1207 nos
3428 1151 3486 1207 in
3530 1153 3656 1207 sede
3687 1168 3799 1223 apo-

2235 1243 2424 1297 stolica
2461 1241 2795 1298 constituere
2821 1234 3056 1299 valuerit
3094 1252 3154 1298 ut
3181 1242 3428 1299 omnium
3469 1243 3799 1301 ecclesiarum

2235 1335 2540 1407 generalem
2585 1350 2775 1390 curam
2814 1341 3001 1406 gerere
3047 1336 3363 1404 debeamus,
3420 1344 3540 1392 tum
3590 1338 3801 1393 maxime

2236 1424 2313 1481 illi
2336 1426 2590 1482 Ecclesiae
2613 1426 2856 1482 studium
2881 1435 3083 1484 nostra!
3103 1428 3408 1484 devotionis
3433 1428 3715 1486 sollicitius
3732 1439 3802 1485 est

2233 1518 2626 1587 exhibendum,
2659 1519 2714 1573 in
2738 1535 2873 1590 qua,
2908 1529 3034 1575 ante
3060 1518 3374 1591 susceptum
3388 1521 3707 1577 universalis
3730 1538 3802 1577 re-

2238 1596 2459 1685 giminis
2481 1626 2644 1682 opus,
2668 1598 3024 1667 ecclesiastici
3058 1611 3222 1668 cilicii
3258 1613 3587 1669 necessitate
3620 1614 3802 1670 labora-

2237 1704 2439 1770 vimus,
2463 1712 2517 1760 et
2541 1704 2629 1760 cui
2664 1703 2875 1774 privata
2914 1704 3317 1776 quodammodo
3355 1690 3647 1762 dilectione
3673 1706 3805 1777 prius

538 1825 868 1896 Berengario
895 1816 1794 1896 NarbonensiAvicgco‘mitim—Non
1824 1835 1935 1876 esse
1989 1821 2133 1875 occi-
2167 1784 2211 1840 Β
2236 1797 2511 1896 (ίῗδθτνίτθ
2546 1796 2878 1896 δωὼξὴξξυδε
2923 1794 3083 1852 Circa
3433 1798 3623 1896 ίίθίιιξεῗ
3650 1798 3802 1896 Eu?"

1119 1892 1317 1948 dendo:
1328 1891 1547 1946 Judazoa
1555 1931 1568 1945 .

915 2009 1158 2083 (Fragm.
1185 2039 1254 2049 —
1281 2002 1440 2063 Annio
1470 2006 1728 2062 1061-75.

938 2122 1388 2199 [MANSI,'Concil.
1420 2121 1563 2191 XIX,
1592 2120 1746 2194 980.]

610 2232 843 2297 Noverit
871 2240 1161 2312 prudentia
1187 2248 1367 2295 vestra
1391 2238 1549 2293 nobis
1570 2238 1842 2309 placuisse
1867 2236 2016 2308 quod
2039 2235 2137 2293 Ju-

547 2336 694 2395 (κως
716 2335 809 2404 qui
840 2333 951 2400 sub,
977 2345 1159 2390 vestra
1181 2340 1447 2403 potestate
1506 2330 1757 2386 habitant
1808 2330 1968 2385 tutati
2004 2331 2140 2387 estis

549 2444 618 2486 ne
645 2429 1043 2485 occiderentur.
1090 2425 1208 2481 Non
1234 2425 1382 2481 enim
1433 2424 1631 2497 gaudet
1682 2422 1827 2480 Deus
1871 2422 2138 2481 effusione

549 2521 856 2595 sanguinis,
895 2536 1073 2592 neque
1107 2520 1323 2576 laetatur
1347 2518 1404 2573 in
1428 2517 1734 2590 perditione
1758 2519 2052 2575 malorum.

1276 2654 1410 2713 CIII.

586 2836 589 2839 Α
624 2772 862 2846 Wifredo
889 2771 1225 2829 Narbonensi
1248 2764 1835 2843 archiepiscopo.—De
1862 2773 2060 2826 eodem.

934 2884 1435 2959 (Fragm.—Anno
1458 2883 1744 2954 1061-73.)

1014 3002 1231 3075 [Mansn
1260 3001 1465 3058 Concil.
1496 2998 1653 3072 ibid.]

616 3115 840 3173 Noverit
863 3115 1151 3187 prudentia
1177 3123 1360 3171 vestra
1393 3114 1541 3187 quod
1584 3129 1776 3170 omnes
1816 3112 1985 3186 leges,
2025 3124 2135 3170 tam
2167 3138 2208 3198 ο

552 3209 938 3267 ecclesiasticze
977 3224 1143 3280 quam
1169 3208 1483 3277 saeculares,
1540 3207 1863 3265 eﬂltsionem
1910 3208 2138 3264 humani

553 3300 836 3374 sanguinis
857 3300 1167 3373 prohibent.

1277 3436 1413 3495 CIV.

552 3552 934 3627 Gaillelmolle
957 3552 1273 3627 Moiwtrolio
1296 3550 1417 3627 [al.g,
1450 3546 1877 3627 Monasteriolo].
1902 3570 1975 3594 -'—
2017 3542 2143 3608 Nisi

623 3640 806 3696 coram
838 3623 1083 3696 Ecclesia
1116 3623 1577 3696 consanguinitate
1616 3623 1865 3695 probata}
1918 3640 2141 3680 uxorem

541 3772 545 3779 .
626 3694 898 3750 dimittere
918 3710 1020 3749 non
1044 3693 1189 3748 licet.

1099 3807 1281 3877 (Anno
1316 3807 1599 3880 lost-75.)

944 3921 1161 3995 [Mausn
1195 3922 1400 3980 Cencil.
1430 3923 1573 3991 XIX,
1598 3922 1752 3997 980.]

628 4028 919 4093 Multorum
940 4036 1204 4094 relatione
1230 4038 1588 4110 cognovimus
1614 4048 1664 4094 te
1694 4040 1970 4111 propriam
2005 4041 2146 4098 velle

556 4125 796 4197 abjicere
834 4140 1061 4182 uxorem
1085 4138 1140 4183 et
1176 4126 1459 4184 adhaerere
1496 4128 1673 4195 alteri,
1721 4130 2143 4198 praatendentem

556 4217 1051 4290 censanguinitatis
1076 4220 1449 4275 occasionem.
1499 4217 1654 4277 Unde
1693 4222 1991 4291 apostolica
2041 4239 2142 4279 au—

557 4311 807 4367 ctoritate
827 4311 1201 4369 interdicendo
1227 4312 1553 4369 mandamus
1578 4312 1675 4369 tibi
1706 4322 1767 4370 ut
1811 4315 1953 4372 hanc
1976 4333 2143 4388 quam

560 4415 708 4455 nunc
730 4401 900 4458 habes
922 4417 1151 4459 uxorem
1176 4402 1489 4460 nullatenus
1528 4416 1831 4473 praesumas
1869 4407 2143 4464 dimittere

562 4495 644 4549 vel
674 4495 836 4550 aliam
861 4496 1079 4560 ducere,
1113 4497 1287 4554 donec
1339 4497 1721 4567 episcoporum
1763 4500 2147 4573 religiosorum
2182 4509 2226 4563 D

562 4588 1105 4646 eoneiliumcausam
1149 4591 1313 4647 istam
1342 4590 1755 4647 examina‘ve‘rit.

634 4765 701 4822 In
736 4777 1031 4839 sequentem
1068 4770 1349 4840 epistolam
1391 4770 1687 4826 collectoria
1724 4772 2078 4843 prtemonitio.

634 4881 711 4956 Ex
740 4883 1016 4956 nonnullis
1038 4883 1281 4956 epistolae
1333 4900 1497 4956 quam
1528 4885 1618 4941 hic
1654 4885 1883 4940 exhibeo
1916 4886 2150 4955 laciniis,

562 4970 593 5007 a
617 4951 879 5026 Gratiano
900 4951 1288 5026 simul—junctis
1316 4951 1370 5011 et
1389 4956 1612 5026 assutis,
1638 4956 2005 5026 compingitur
2030 4951 2147 5026 epi-l

564 5023 824 5097 stola_illa
851 5025 920 5080 ad
953 5023 1247 5097 Lucenses,
1280 5042 1443 5097 quam
1470 5025 1721 5082 Labbeus
1764 5023 1918 5079 num.
1951 5025 2019 5097 56
2054 5023 2149 5081 de—

561 5094 659 5167 dit.
704 5092 970 5167 Integram
996 5096 1159 5167 duplo
1207 5113 1273 5153 ac
1294 5092 1452 5166 iriplo
1482 5097 1745 5167 majorem
1768 5110 1834 5149 ex
1858 5095 2149 5166 archetypo

554 5161 1015 5237 'Lucensifquem
1044 5161 1264 5223 servant
1286 5161 1520 5222 Archiva
1551 5161 1941 5237 canonieorum
1972 5161 2148 5237 eccle-

566 5234 661 5288 sia:
682 5233 828 5289 illius
839 5233 1178 5307 cathedralis
1222 5239 1404 5307 pluteo
1437 5237 1540 5307 BB.
1582 5234 1622 5301 I,
1676 5233 1915 5307 vulgavit
1936 5235 2149 5307 primus

565 5307 808 5340 omnium
839 5304 1185 5340 Flauonii-nnc
1211 5304 1395 5340 l_\AD'nI1
1424 5308 1476 5340 ἓν.
1500 5305 1673 5340 ιὶηηνη
1726 5304 1985 5340 inani-inin
2040 5305 2147 5340 Mn-

2236 1889 2377 1945 siam
2402 1897 2554 1944 tanto
2575 1887 2867 1959 specialius
2900 1898 3101 1945 nostrae
3138 1889 3443 1946 devotionis
3469 1891 3707 1946 studium
3728 1892 3805 1947 de-

2236 1966 2542 2037 sideramus
2563 1980 2896 2051 impendere,
2933 1988 3140 2051 quanto
3167 1989 3223 2036 et
3251 1979 3329 2035 illi
3369 1980 3585 2051 privata
3623 1982 3733 2053 ejus
3764 1990 3805 2036 el

2236 2073 2453 2145 publica
2480 2071 2728 2128 omnium
2754 2087 2882 2127 cura
2915 2071 3293 2143 compellimur
3329 2072 3639 2143 providere.
3675 2070 3730 2126 In
3754 2086 3807 2127 ca

2235 2166 2402 2237 igitur
2425 2164 2571 2237 quod
2600 2163 2788 2219 multis
2814 2162 3152 2242 temporibus
3173 2163 3313 2219 male
3338 2164 3659 2234 pullulasse,
3686 2171 3736 2219 et
3762 2163 3809 2217 in

2236 2257 2405 2313 robur
2449 2257 2564 2328 jam
2618 2255 2932 2313 inveteratm
2975 2255 3197 2311 malitia":
3231 2257 3605 2327 comperimus
3642 2270 3806 2312 exae-

2235 2350 2403 2414 visse,
2424 2348 2593 2405 divini
2613 2347 2764 2404 verbi
2788 2347 2968 2421 gladio
2993 2348 3294 2414 succidere,
3315 2355 3369 2403 et
3391 2348 3616 2418 penitus
3638 2347 3804 2403 exstir-

2236 2428 2368 2512 pare
2393 2448 2671 2511 optamus,
2704 2448 2785 2506 ut,
2824 2438 2936 2496 Deo
2965 2439 3202 2507 volente,
3241 2441 3418 2495 erutis
3458 2440 3639 2510 spinis
3676 2439 3804 2494 vitio-

2238 2548 2383 2599 rum,
2414 2532 2468 2586 in
2503 2530 2737 2588 fertilem
2759 2531 3107 2603 postmodum
3134 2548 3369 2589 messem
3398 2547 3592 2588 semen
3612 2532 3716 2588 illic
3734 2548 3807 2586 sa-

2236 2633 2355 2679 tum
2382 2624 2559 2679 valeat
2580 2623 2878 2680 abundare.
2930 2622 3009 2679 Ex
3030 2625 3216 2697 multis
3239 2624 3582 2696 temporibus
3612 2626 3711 2681 hoc
3739 2626 3806 2680 de

2238 2716 2489 2774 testabile
2543 2704 2750 2772 malum
2796 2715 2939 2771 intra
2978 2716 3152 2786 ipsam
3192 2703 3497 2772 Ecclesiam
3546 2716 3813 2773 inolevisse

2240 2809 2615 2881 cognovimus,
2639 2816 2701 2865 ut
2728 2808 2864 2864 nulli
2894 2823 3139 2878 unquam
3167 2809 3389 2875 clerico,
3416 2809 3674 2879 quamvis
3701 2808 3813 2864 reli-

2241 2901 2418 2972 gioso,
2456 2900 2710 2971 quamvis
2759 2899 2993 2955 scientia
3025 2909 3079 2954 et
3114 2900 3362 2957 moribus
3406 2901 3641 2971 praedito
3664 2900 3809 2956 eccle-

2241 2992 2525 3048 siasticum
2550 2991 2870 3047 beneﬁcium
2903 2991 3314 3059 concederetur,
3352 2990 3458 3047 nisi
3489 2991 3547 3046 ei
3582 2990 3677 3062 qui
3706 3004 3812 3060 pro-

2242 3086 2373 3140 fano
2407 3082 2651 3154 pecuniae
2684 3098 2911 3138 munere
2940 3082 3074 3137 illud
3105 3098 3287 3139 emere
3316 3084 3653 3151 studuisset;
3677 3082 3816 3138 ﬁebat

2242 3175 2472 3231 ecclesia
2503 3183 2558 3230 et
2583 3190 2672 3231 res
2695 3175 2815 3246 ejus
2847 3175 2920 3230 ita
2949 3175 3180 3243 venalis,
3220 3176 3386 3232 veluti
3406 3177 3676 3247 quaedam
3718 3184 3814 3229 ter—

2243 3283 2375 3323 rena
2423 3278 2477 3321 et
2500 3266 2622 3323 vilis
2655 3282 2808 3322 merx
2843 3282 2875 3322 a
2917 3268 3351 3339 negotiatoribus
3389 3269 3458 3324 ad
3489 3267 3816 3325 vendendum

2242 3358 2509 3428 exposita.
2558 3357 2715 3425 Quod
2738 3360 2945 3413 malum
2971 3375 3136 3431 quam
3177 3359 3518 3428 detestabile,
3569 3371 3816 3433 quantum

2243 3447 2356 3504 Deo
2386 3448 2697 3520 sanctisque
2720 3448 2791 3505 sit
2816 3451 3177 3518 contrarium,
3215 3459 3271 3507 et
3294 3451 3439 3508 sacri
3467 3467 3709 3509 canones
3732 3451 3816 3508 do-

2244 3548 2369 3596 cent
2389 3548 2445 3595 et
2477 3539 2591 3595 fere
2614 3540 2872 3597 omnibus
2906 3540 3259 3598 manifestum
3297 3544 3502 3599 existit.
3539 3545 3815 3601 Chalcedo-

2245 3648 2415 3690 nense
2476 3648 2673 3704 nempe
2720 3634 3036 3703 concilium,
3095 3650 3265 3690 unum
3308 3650 3375 3691 ex
3422 3637 3817 3708 principath

2246 3720 2413 3779 simili
2434 3737 2598 3793 paena
2619 3721 2950 3778 condeth
2971 3738 3068 3781 eos
3087 3723 3180 3794 qui
3193 3739 3407 3781 sacram
3434 3740 3634 3782 manus
3658 3726 3817 3796 impo-

2245 3810 2500 3872 sitiOnem
2529 3812 2649 3884 (per
2668 3829 2834 3884 quam
2862 3813 3096 3885 Spiritus
3115 3824 3339 3872 sanctus
3360 3815 3663 3889 confertur)
3693 3830 3817 3871 mer-

2247 3906 2361 3962 cari
2396 3906 2816 3977 dignoscuntur.
2863 3904 3141 3978 Utrosque
3166 3907 3312 3963 enim
3334 3910 3664 3965 auctoritate
3686 3909 3817 3963 inex-

2245 3997 2547 4070 pugnabili,
2572 3997 2695 4053 illos
2730 4013 2762 4051 a
2791 3997 3076 4066 beneﬁcio,
3115 3998 3252 4055 istos
3278 4012 3438 4055 sacro
3472 3999 3667 4055 ordine
3681 3998 3818 4071 jubet

2246 4090 2453 4160 repelli.
2500 4082 2795 4144 Sacrorum
2840 4104 2973 4145 vero
3005 4105 3279 4146 canonum
3318 4091 3646 4147 auctoritate
3675 4091 3815 4146 doce-

2247 4194 2372 4236 mur
2393 4179 2578 4235 omnia
2600 4194 2723 4251 quae
2755 4178 2868 4234 Deo
2891 4180 2974 4234 vel
2999 4180 3117 4252 ejus
3139 4181 3396 4238 Ecclesia:
3423 4181 3724 4237 offeruntur
3743 4194 3816 4235 δε·

2247 4290 2339 4329 era
2374 4272 2491 4328 ﬁeri
2524 4273 2640 4343 ipsa
2683 4272 2990 4340 oblatione;
3020 4274 3279 4345 nullaque
3311 4283 3495 4331 autem
3536 4290 3695 4332 sacra
3717 4272 3819 4328 ﬁeri

2247 4366 2479 4437 possunt
2506 4362 2611 4421 nisi
2635 4364 2842 4436 Spiritu
2877 4375 3089 4434 sancto,
3121 4382 3153 4421 a
3188 4382 3298 4438 quo
3328 4367 3510 4423 omnis
3540 4365 3817 4423 sanctiﬁca-

2252 4458 2327 4511 tio
2368 4455 2629 4526 procedit.
2684 4454 2841 4523 Nam,
2879 4456 3023 4511 sicut
3064 4458 3246 4512 omnis
3281 4457 3536 4527 quaelibet
3576 4472 3665 4513 res
3707 4469 3817 4511 cum

2253 4547 2571 4618 imperatori
2596 4548 2839 4609 defertur
2867 4549 3166 4619 imperialis
3203 4549 3452 4616 efﬁcitur,
3480 4550 3579 4618 sic,
3605 4565 3725 4604 cum
3760 4562 3816 4599 ex

2252 4649 2381 4694 voto
2421 4638 2533 4693 Deo
2568 4641 2649 4695 vel
2679 4640 2885 4697 sanctis
2930 4641 3176 4711 offertur,
3219 4642 3423 4709 divina,
3477 4658 3542 4697 ac
3585 4658 3684 4712 per
3727 4640 3818 4693 hoc

2252 4731 2586 4788 sanctiﬁcata
2610 4732 2978 4802 cognoscitur.
3033 4731 3151 4789 Non
3196 4734 3363 4806 igitur
3408 4734 3605 4789 mirum
3647 4734 3692 4788 si
3731 4745 3819 4802 par

2253 4838 2414 4895 paena
2437 4823 2762 4896 constringit
2786 4840 2881 4880 eos
2925 4826 3019 4896 qui
3054 4833 3149 4881 aut
3200 4841 3417 4881 sacrum
3455 4827 3697 4881 ordinem
3735 4830 3818 4878 aut

2252 4930 2466 4972 sacram
2500 4930 2617 4970 rem
2664 4915 2920 4973 Ecclesia:
2960 4918 3194 4974 vendere
3237 4932 3335 4975 seu
3378 4935 3558 4975 emere
3585 4917 3815 4979 audent:

2253 5022 2381 5062 cum
2410 5015 2685 5075 neutrum,
2718 5007 2824 5065 nisi
2854 5010 3030 5065 sancti
3068 5009 3302 5079 Spiritus
3333 5012 3477 5067 dono
3500 5011 3675 5066 valeat
3700 5020 3817 5064 san-

2253 5096 2501 5153 ctiﬁcari.
2548 5096 2815 5152 Praeterea
2853 5113 2980 5153 cum
3025 5115 3307 5155 sacrorum
3343 5116 3610 5157 canonum
3645 5105 3818 5154 aucto-

2254 5189 2388 5244 ritas
2421 5184 2657 5258 quatuor
2685 5204 2753 5243 ex
2789 5191 2954 5245 rebus
2979 5189 3233 5247 Ecclesia:
3248 5192 3441 5262 jubeat
3468 5193 3579 5247 ﬂeri
3620 5190 3817 5261 portio-

2256 5295 2373 5340 nes.
2402 5294 2637 5340 quorum
2676 5295 2786 5336 una
2826 5266 3178 5340 pauperibus.
3210 5284 3378 5338 altera
3416 5283 3634 5340 fabricis
3660 5282 3819 5338 eccle-
