4022 5340
251 300 392 357 1589

1432 289 1794 349 ΕΡΙΞΤΟιηΕ
1830 287 1919 345 ΕΤ
1960 286 2379 345 ΒΙΡιΟΜΑΤΑυ

3393 284 3534 342 1590

247 421 362 483 pto,
390 419 444 466 et
468 408 629 465 olllcii
652 408 737 466 sui
757 409 943 464 labore
965 406 1154 464 eodem
1183 405 1345 460 modo
1377 404 1737 461 conferendae.
1776 401 1836 457 in
1865 401 2050 464 Atina
2072 410 2248 457 morte
2268 405 2606 456 monstratur
2629 395 2770 470 (Act.
2785 396 2862 468 v).
2888 394 2947 453 Si
2967 411 3099 471 ergo
3123 396 3202 453 illi
3226 368 3381 453 initio
3409 412 3533 454 sur-

206 561 211 566 _
250 502 429 559 Veteri
453 514 672 573 quothe
695 501 1064 564 Testamento,
1098 512 1226 553 cum
1257 496 1435 551 adhuc
1455 494 1630 565 gratia
1663 492 1836 548 Evan-

248 594 375 666 gelii
408 593 589 647 adhuc
624 608 733 646 non
771 597 1087 647 coruscaret
1115 588 1172 642 in
1208 588 1433 654 mundo,
1462 588 1696 658 legimus
1717 599 1837 643 sce-

247 684 336 738 lus
356 682 464 738 hoc
478 690 744 753 quantum
765 680 1128 737 abominabile
1143 687 1460 745 esset,cum,
1484 686 1728 749 tempore
1755 674 1840 731 Je-

250 775 499 844 roboam,
532 776 845 846 quicunque
868 773 1083 829 volebat
1112 771 1372 843 implebat
1397 788 1623 827 manum
1655 786 1835 839 suam,

247 876 305 923 et
340 868 503 923 ﬁebat
539 868 794 923 sacerdos
815 866 1187 932 excelsorum;
1217 874 1271 919 et
1301 873 1522 934 propter
1544 866 1686 920 hanc
1709 881 1839 920 cau-

249 976 369 1015 sam
414 961 659 1030 peccavit
678 959 875 1015 domus
907 957 1197 1014 Jeroboam
1230 965 1284 1013 et
1314 958 1491 1014 deleta
1532 967 1617 1014 est
1650 959 1717 1014 de
1747 975 1843 1015 su-

250 1050 470 1120 perﬁcie
501 1058 678 1105 terrae.
730 1048 788 1104 Si
807 1064 937 1104 vero
960 1049 1157 1104 domus
1178 1046 1469 1103 Jeroboam
1501 1049 1574 1103 ob
1614 1049 1719 1104 hoc
1746 1050 1841 1105 de-

251 1141 357 1195 leta
390 1150 474 1195 est
530 1141 677 1211 quod
707 1141 993 1211 pecuniam
1032 1140 1308 1210 accipiens
1353 1140 1719 1196 constituebat
1760 1155 1845 1195 sa-

250 1234 505 1289 cerdotes
548 1231 603 1287 in
651 1233 903 1299 excelsis,
940 1246 1049 1287 non
1100 1231 1373 1287 immerito
1423 1231 1491 1286 de
1541 1232 1679 1286 libro
1718 1230 1845 1286 vita:

252 1324 492 1379 caelestis
512 1339 703 1379 eorum
727 1324 952 1378 nomina
981 1323 1248 1390 delentur,
1302 1323 1397 1393 qui
1426 1322 1734 1377 interventu
1755 1337 1846 1392 pe-

250 1416 430 1473 cuniae
459 1416 791 1482 sacerdotes,
832 1416 915 1470 vel
950 1415 1179 1470 clericos
1217 1415 1272 1469 in
1301 1414 1466 1470 domo
1497 1415 1591 1471 Dei
1633 1414 1844 1470 consti-

253 1514 433 1562 tuunt.
488 1505 628 1561 Puto
654 1505 799 1562 enim
839 1504 986 1575 quod
1028 1504 1084 1560 hi
1120 1505 1257 1561 tales
1287 1520 1568 1576 nunquam
1602 1503 1848 1561 adverte-

251 1604 382 1652 runt
401 1596 708 1653 Psalmista:
736 1596 1062 1677 sententiam
1092 1596 1323 1651 dicentis
1354 1616 1366 1651 :
1421 1595 1562 1662 Quia
1617 1613 1721 1650 non
1754 1612 1844 1650 co-

250 1689 404 1761 gnovi
445 1688 888 1760 negotiationem,
921 1688 1151 1751 introibo
1196 1678 1252 1742 iri
1303 1689 1569 1758 potentias
1628 1688 1842 1743 Domini

252 1759 428 1850 (Pint.
455 1759 579 1847 nix,
611 1780 721 1852 l5).
780 1778 917 1836 Nam
953 1780 1001 1836 si
1037 1779 1161 1852 quis
1215 1780 1337 1835 ideo
1369 1780 1536 1834 intrat
1562 1780 1618 1834 in
1657 1789 1845 1851 potcn-
1877 1759 1919 1815 Β

252 1872 359 1927 tias
429 1871 647 1927 Domini
720 1872 849 1943 quia
906 1887 1016 1926 non
1070 1871 1326 1942 cognovit
1378 1871 1841 1943 negotiationem,

250 1972 436 2034 aperte
464 1964 820 2036 consequitur
865 1972 929 2019 ut
958 1979 1071 2019 non
1112 1964 1279 2019 intret
1306 1964 1362 2018 in
1405 1979 1500 2020 eas
1549 1964 1643 2035 qui
1673 1978 1843 2035 nege-

252 2055 507 2110 tiationes
529 2056 764 2111 maxime
792 2055 1290 2111 ecclesiasticarum
1314 2071 1501 2111 rerum
1526 2071 1638 2111 non
1666 2056 1842 2112 solum

251 2147 591 2217 cognoverit,
641 2148 736 2203 sed
780 2147 949 2203 etiam
992 2147 1317 2203 exercuerit.
1367 2145 1428 2202 In
1465 2146 1619 2204 Novo
1660 2157 1843 2205 autem

252 2234 603 2294 Testamento
615 2239 841 2294 humani
859 2239 1073 2311 generis
1085 2238 1433 2311 Redemptor,
1456 2255 1647 2296 omnes
1667 2256 1846 2297 emeno

252 2339 336 2385 tes
358 2338 412 2384 et
432 2331 727 2387 vendentes
761 2332 827 2386 de
866 2331 1070 2401 templo
1102 2331 1345 2403 eiiciens,
1398 2333 1684 2389 cathedras
1714 2349 1846 2388 vcn-

251 2421 497 2477 dentium
540 2423 822 2478 columbas
846 2424 1059 2491 evertit,
1093 2424 1585 2480 nummulariorum
1617 2425 1847 2483 eﬂ‘undit

248 2527 346 2579 aes,
372 2513 630 2583 prtecepti
676 2514 762 2569 sui
798 2515 1121 2570 auctoritate
1144 2516 1476 2572 denuntians
1520 2525 1575 2572 et
1615 2517 1839 2574 dicens:

255 2602 439 2658 Nolite
472 2605 647 2675 facere
674 2605 888 2661 domum
918 2605 1102 2661 Patris
1141 2608 1244 2661 mei
1275 2607 1489 2663 domum
1523 2610 1842 2682 negotiatio-

249 2696 333 2750 nis
366 2694 549 2768 (Joan.
584 2714 644 2764 ll,
666 2698 773 2769 l6).

321 2786 379 2843 In
402 2803 511 2859 quo
540 2788 843 2846 Salvatoris
866 2789 1010 2848 facto
1029 2789 1317 2864 vigilanter
1338 2801 1424 2851 est
1452 2792 1842 2850 advertendum

249 2880 398 2950 quod
440 2896 549 2936 non
599 2882 799 2938 dicitur
839 2884 1132 2940 cathedras
1176 2885 1525 2941 vendentium
1580 2886 1839 2954 movisse,

248 2972 344 3028 sed
364 2974 625 3029 evertisse
648 2974 827 3046 (ibid.,
863 2975 971 3045 15).
1002 2974 1199 3032 Levius
1234 2977 1420 3047 utique
1444 2976 1726 3033 ferendum
1749 2994 1839 3034 es-

248 3071 334 3118 set
386 3063 433 3119 si
471 3065 661 3120 talium
700 3067 1099 3137 negotiatorum
1147 3068 1420 3124 cathedra:
1470 3078 1839 3136 moverentur,
1867 3112 1908 3167 C

248 3169 416 3223 quam
441 3154 488 3211 si
512 3166 902 3226 everterentur,
932 3158 1073 3213 sicut
1108 3173 1206 3229 per
1247 3156 1512 3214 Joannem
1557 3159 1839 3216 Dominica

249 3260 382 3302 voce
438 3248 633 3319 angelo
679 3248 821 3305 idem
857 3249 1197 3321 praedicatori
1226 3250 1425 3322 Ephesi
1455 3248 1711 3307 Ecclesiae
1752 3251 1839 3307 di-

245 3337 429 3394 citur:
462 3339 569 3410 Age
600 3342 983 3411 panitetttiam,
1012 3352 1061 3396 et
1082 3342 1257 3415 prima
1275 3359 1434 3413 opera
1464 3343 1572 3413 fac,
1601 3342 1842 3415 alioquin

249 3430 453 3484 veniam
479 3430 549 3484 ad
573 3439 641 3498 te,
664 3441 715 3486 et
748 3434 956 3487 movebo
997 3432 1374 3488 candelabrum
1418 3443 1567 3488 tuum
1616 3433 1681 3488 de
1726 3434 1841 3488 loco

249 3536 344 3574 suo
375 3520 560 3593 (Apoc.
601 3539 662 3591 ll,
685 3523 761 3596 5).
803 3523 941 3581 lllud
968 3540 1187 3596 quoque
1216 3525 1272 3579 in
1298 3525 1490 3581 eodem
1512 3523 1657 3581 facto
1687 3527 1841 3581 solli-

248 3612 355 3668 cite
375 3613 736 3683 considerate,
760 3617 906 3687 quod
928 3632 1025 3686 per
1048 3624 1221 3671 totum
1244 3624 1450 3671 textum
1473 3616 1646 3673 sancti
1668 3617 1844 3673 Evan-

251 3704 374 3774 gelii
399 3721 671 3776 nusquam
698 3708 967 3779 reperitur
1007 3707 1298 3763 Dominum
1346 3716 1500 3764 tanta
1530 3710 1840 3779 severitate,

251 3803 364 3850 tam
384 3796 635 3855 districta
663 3814 898 3856 censura
929 3799 1155 3870 iustitia:
1178 3808 1465 3871 peccantes
1489 3814 1546 3857 cc
1556 3801 1840 3871 rripuisse,

250 3908 377 3949 cum
410 3907 519 3948 non
546 3892 723 3948 solum
754 3891 972 3963 eloquio
997 3892 1310 3962 increpans,
1331 3907 1521 3947 verum
1553 3892 1718 3948 etiam
1762 3893 1846 3949 fa-

250 3996 341 4043 cto
368 3987 582 4058 ﬂagello
611 3985 679 4040 de
705 3982 964 4041 anieulis
982 3984 1299 4050 verberans,
1326 3999 1519 4039 omnes
1546 3984 1846 4043 eliminavit

251 4080 319 4136 de
355 4079 577 4149 templo,
616 4085 801 4147 aperte
828 4075 1211 4132 demonstrans
1247 4076 1395 4147 quod
1424 4075 1561 4132 tales
1600 4078 1845 4150 negotia-

252 4181 403 4228 tores
445 4170 556 4226 non
594 4169 738 4225 sicut
766 4167 949 4225 caeteri
976 4176 1289 4239 peccatores
1328 4178 1458 4223 sunt
1493 4170 1841 4241 corripiendi,

252 4265 346 4320 sed
376 4280 407 4318 a
434 4263 637 4333 templo
673 4259 791 4329 Dei,
826 4260 881 4316 id
921 4270 1006 4318 est
1048 4276 1081 4316 a
1109 4268 1296 4316 sancta
1333 4258 1597 4329 Ecclesia,
1629 4263 1846 4336 longius

252 4365 383 4412 sunt
406 4354 747 4427 projiciendi.
796 4350 956 4419 Nam,
985 4351 1129 4408 sicut
1167 4368 1264 4423 per
1302 4353 1681 4409 columbarum
1710 4370 1844 4410 ven-

1937 494 2113 566 gentis
2136 494 2396 551 Ecclesia:
2413 502 2524 548 tam
2549 491 2798 547 horribili
2822 507 2985 563 ptena
3006 491 3266 547 divinitus
3284 499 3413 547 sunt
3433 506 3535 562 pu-

1936 585 2037 642 niti
2060 601 2161 657 pro
2178 601 2246 641 eo
2260 584 2606 641 solummodo
2617 584 2764 655 quod
2783 592 2991 654 partem
3003 583 3164 655 pretii
3180 582 3536 640 retinuissent

1938 676 2085 747 quod
2094 675 2214 733 solo
2230 686 2358 733 voto
2369 676 2627 733 Ecclesia:
2636 676 2968 743 obtulerant,
2983 674 3114 746 quid
3135 674 3429 731 dicendum
3449 690 3537 746 es;

1939 768 2006 823 de
2033 768 2118 824 his
2138 768 2537 825 mercatoribus
2568 768 2665 839 qui
2698 781 2811 822 non
2844 782 2996 833 suas,
3039 768 3134 823 sed
3162 782 3251 822 res
3278 766 3536 822 Ecclesia:

1941 860 1996 915 in
2027 876 2162 917 llSllS
2197 875 2329 916 81108
2352 870 2407 916 Cl
2439 861 2874 932 propinquorum
2912 875 3141 916 suorum
3178 874 3290 913 non
3348 874 3537 914 VCI'CII'

1940 958 2033 1007 tur
2044 951 2289 1007 vertere?
2312 949 2586 1021 Profecto,
2611 953 2752 1009 sicut
2771 952 3012 1008 deterius
3025 960 3107 1007 est
3122 950 3427 1007 distrahere
3450 947 3536 1006 vel

1942 1058 2263 1116 comparare
2280 1060 2368 1101 res
2388 1045 2656 1113 ecclesiae,
2691 1061 2800 1101 non
2827 1060 2966 1118 quas
2993 1043 3098 1115 ipsi
3128 1042 3372 1099 ecclesia:
3397 1058 3533 1097 con-

1943 1134 2147 1204 ferunt,
2170 1152 2267 1192 seu
2295 1152 2435 1207 quas
2461 1153 2562 1208 pro
2598 1138 2885 1194 animabus
2913 1136 3030 1193 suis
3068 1136 3255 1191 ﬁdeles
3277 1135 3533 1204 oll’erunt,

1943 1244 2111 1301 quam
2133 1229 2304 1285 solam
2332 1230 2491 1300 pretii
2518 1240 2730 1301 partem
2754 1245 2937 1285 rerum
2968 1244 2999 1283 a
3027 1243 3087 1284 se
3112 1229 3417 1283 oblatarum
3454 1243 3539 1283 re-

1942 1319 2194 1387 tinuisse,
2235 1319 2315 1377 sic
2356 1321 2546 1376 talium
2584 1318 2984 1392 negotiatOrum
3018 1319 3269 1375 interitus
3318 1319 3537 1391 gravior

1942 1421 1999 1468 et
2019 1411 2342 1482 profundior
2362 1429 2527 1484 quam
2550 1412 2766 1467 illorum
2792 1427 2913 1467 esse
2935 1411 3307 1477 convincitur;
3343 1426 3410 1465 ex
3432 1411 3537 1465 hac

1946 1516 2167 1575 quoque
2191 1504 2429 1575 pessima
2453 1503 2762 1560 venditione
2804 1517 2943 1574 pene
2983 1502 3253 1557 malorum
3288 1502 3535 1557 omnium

1948 1595 2158 1652 semina
2185 1596 2453 1666 pullulare
2488 1605 2809 1651 noscuntur.
2863 1592 3001 1648 Nam
3038 1594 3076 1649 ii
3112 1593 3206 1665 qui
3230 1610 3319 1650 res
3346 1592 3535 1649 Eccle-

1948 1684 2155 1743 siarum
2188 1695 2241 1742 et
2263 1688 2476 1757 potiora
2513 1702 2705 1743 earum
2743 1687 2919 1757 pretio
2966 1684 3185 1742 student
3230 1685 3534 1756 acquirere,

1945 1792 2057 1834 non
2081 1777 2195 1835 Deo
2240 1780 2328 1834 vel
2350 1779 2470 1851 ejus
2508 1779 2763 1836 Ecclesiae
2790 1778 2928 1834 velle
2974 1775 3252 1847 famulari,
3297 1777 3393 1832 sed
3433 1777 3536 1832 soli

1947 1885 2276 1927 mammona
2302 1872 2439 1927 velle
2460 1873 2667 1927 servire
2700 1871 2938 1926 veridica
2969 1869 3182 1925 ratione
3211 1868 3531 1940 probantur.

1947 1961 2102 2019 Sicut
2134 1961 2298 2019 etiam
2340 1974 2564 2020 sanctus
2584 1963 2882 2034 Gregorius
2916 1963 2984 2018 de
3015 1960 3344 2018 Simoniacis
3364 1969 3535 2017 testa-

1944 2063 2056 2123 tur,
2100 2068 2212 2111 non
2256 2054 2424 2111 vitam
2474 2055 2720 2111 moribus
2771 2068 3129 2125 componere,
3165 2067 3277 2109 non
3308 2052 3535 2109 scientia

1944 2155 2141 2203 curant
2177 2137 2461 2215 exornare,
2502 2147 2598 2205 sed
2641 2146 2984 2203 solummodo
3026 2160 3223 2202 aurum
3269 2154 3323 2201 et
3372 2161 3536 2216 pecu-

1946 2238 2115 2307 niam,
2144 2240 2367 2311 quibus
2388 2255 2477 2297 res
2519 2248 2705 2295 emant
2726 2238 2991 2305 ecclesiae,
3018 2237 3293 2293 inhiantes
3317 2237 3533 2294 deside-

1944 2340 2069 2385 rant
2096 2318 2445 2404 congregare.
2500 2331 2580 2388 Ac
2618 2331 2665 2387 si
2694 2330 2911 2387 tandem
2940 2330 3162 2385 malitiae
3199 2344 3314 2386 suae
3345 2338 3533 2385 votum

1944 2422 2305 2492 impleverint,
2330 2433 2384 2480 et
2417 2424 2544 2481 data
2566 2437 2859 2479 numerosa
2886 2422 3119 2493 pecunia
3151 2436 3335 2477 rerum
3360 2424 3535 2478 eccle-

1945 2515 2292 2573 siastiearum
2332 2531 2498 2587 penes
2544 2531 2604 2572 se
2652 2515 2958 2571 dominium
2995 2514 3199 2571 habere
3250 2515 3530 2587 cmperint,

1944 2614 2076 2663 tunc
2109 2607 2360 2680 aperiunt
2390 2624 2497 2680 qua
2524 2607 2823 2664 intentione
2861 2606 3118 2663 Ecclesiae
3163 2606 3398 2664 militare
3435 2608 3534 2664 de-

1942 2708 2250 2755 creverunt.
2312 2698 2452 2755 Toto
2493 2699 2641 2756 enim
2688 2698 2889 2756 mentis
2931 2699 3129 2755 adnisn
3172 2699 3536 2772 undecunque

1942 2799 2173 2861 possunt
2204 2791 2491 2847 corradere
2515 2791 2804 2863 pecuniam
2851 2790 3092 2859 student,
3142 2799 3203 2846 ut
3232 2807 3355 2864 quae
3382 2793 3535 2863 prius

1942 2892 2338 2940 evacuaverant
2378 2885 2592 2955 possint
2640 2883 2961 2954 redimplere
3011 2884 3326 2955 marsupia;
3376 2885 3535 2956 cujus

1942 2976 2197 3032 aviditate
2226 2975 2447 3048 impulsi
2476 2975 2648 3033 sacris
2681 2989 2790 3031 non
2822 2983 3055 3046 parcunt
3083 2976 3370 3044 altaribus,
3416 2977 3533 3043 sed,

1941 3068 2107 3124 veluti
2150 3066 2301 3123 fures
2343 3076 2399 3124 et
2443 3067 2716 3139 sacrilegi,
2774 3065 3032 3138 profanas
3074 3066 3156 3122 eis
3201 3082 3399 3126 manus
3452 3068 3536 3122 in-

1938 3160 2158 3232 jiciunt,
2210 3159 2544 3231 pauperibus
2572 3168 2626 3215 et
2654 3160 3013 3216 ecclesiarum
3034 3157 3261 3216 fabricis
3293 3160 3536 3217 decimas

1940 3267 1996 3314 et
2046 3255 2351 3313 oblationes
2392 3256 2539 3326 juste
2576 3262 2631 3310 et
2672 3254 2933 3311 canonice
2976 3261 3345 3324 competentes
3387 3269 3537 3310 more

1941 3349 2258 3421 praedonum
2296 3347 2583 3418 diripiunt,
2629 3362 2662 3401 a
2705 3345 2939 3402 mortuis
2981 3346 3167 3413 etiam,
3209 3347 3371 3415 quasi
3416 3346 3534 3402 ﬁsci

1940 3426 2220 3497 exactores
2245 3481 2262 3507 ,
2323 3437 2655 3510 importunis
2714 3434 3048 3492 clamoribus
3118 3438 3265 3492 velut
3334 3437 3534 3493 tributa

1940 3533 2184 3605 exigunt.
2229 3530 2432 3587 Terras
2457 3544 2695 3603 quoque,
2735 3544 2875 3600 quas
2909 3528 3096 3584 lideles
3129 3544 3228 3599 pro
3255 3528 3373 3585 suis
3402 3546 3535 3601 pec-

1942 3626 2079 3682 catis
2101 3623 2347 3681 ecclesiae
2385 3624 2752 3687 contulerunt,
2787 3621 2916 3691 quia
2945 3636 3040 3677 eas
3070 3636 3137 3677 ex
3161 3630 3275 3678 toto
3300 3624 3536 3680 vendere

1942 3734 2053 3776 non
2074 3725 2322 3790 possunt,
2353 3716 2425 3773 ob
2465 3714 2793 3771 vilissimum
2838 3713 3112 3770 redditum
3155 3714 3386 3785 pecunia
3438 3731 3534 3772 ac-

1942 3820 2097 3883 cepta
2121 3810 2429 3882 quibusque
2456 3807 2781 3864 concedunt.
2824 3804 2971 3863 Inter
3009 3821 3069 3862 se
3109 3815 3293 3862 autem
3328 3807 3421 3863 ubi
3467 3807 3535 3863 de

1941 3907 2059 3979 lege
2080 3904 2285 3972 divina,
2306 3903 2448 3960 etde
2467 3900 2778 3957 animarum
2800 3900 2978 3957 salute
2997 3908 3146 3956 esset
3167 3899 3533 3967 tractandum,

1942 3998 2130 4055 litibus
2156 4005 2211 4052 et
2243 3994 2706 4062 contentionibus,
2737 3992 3071 4049 clamoribus
3104 3992 3159 4048 et
3177 3992 3397 4064 injuriis
3418 4007 3536 4065 per-

1944 4098 2187 4161 strepere
2225 4102 2335 4144 non
2382 4087 2672 4142 desistunt.
2724 4083 2933 4151 Quibus
2979 4084 3049 4138 ad
3095 4084 3377 4139 cumulum
3421 4098 3535 4139 sua:

1943 4180 2310 4238 damnationis
2355 4193 2467 4234 non
2522 4176 2722 4234 sullicit
2762 4177 2909 4247 quod
2974 4175 3079 4246 ipsi
3133 4183 3384 4246 pereunt,
3437 4174 3533 4230 sed

1944 4274 2169 4345 insuper
2200 4271 2394 4338 laicos,
2441 4268 2644 4340 quibus
2669 4268 2927 4324 ducatum
2971 4276 3133 4323 rectae
3168 4266 3272 4321 viae
3292 4266 3534 4337 praebere

1942 4367 2263 4432 debuerant,
2291 4379 2480 4420 secum
2515 4362 2658 4418 malo
2680 4361 2929 4433 exemplo
2958 4361 3182 4416 trahunt
3215 4361 3271 4416 in
3303 4360 3534 4431 profun-

252 4449 461 4505 ditores
483 4447 557 4502 illi
582 4448 912 4504 denotantur
936 4445 1031 4517 qui
1056 4460 1270 4500 sacram
1312 4461 1509 4501 manus
1536 4444 1843 4519 impositio-
1873 4474 1920 4532 ι)
1945 4459 2074 4514 dam
2102 4454 2304 4511 inferni
2333 4453 2671 4526 voraginem.

254 4556 381 4596 nem
407 4541 644 4596 vendere
683 4548 973 4606 conantur,
1008 4538 1087 4593 sic
1109 4553 1206 4609 per
1241 4530 1639 4594 nummularios
1673 4540 1846 4595 eccle—

254 4633 461 4690 siastici
487 4632 736 4689 beneficii
750 4631 1060 4688 venditores
1089 4630 1467 4702 designantur,
1499 4630 1593 4700 qui
1619 4630 1843 4687 domum

255 4725 372 4794 Dei,
412 4735 547 4783 teste
591 4722 905 4796 Evangelio,
947 4721 1261 4795 speluncam
1294 4720 1569 4778 latronum
1611 4721 1847 4778 etliciunt

257 4818 476 4889 (Matth.
509 4835 626 4885 xxx,
664 4817 786 4888 l5);
828 4817 958 4888 quia
996 4815 1066 4871 ab
1098 4814 1414 4886 huiusmodi
1451 4816 1846 4872 mercatoribus

2023 4548 2384 4619 Quapropter,
2427 4561 2530 4618 ego
2564 4544 2892 4615 Alexander,
2921 4552 3124 4600 saneta:
3150 4543 3412 4600 Romanae
3432 4544 3532 4604 Ec-

1951 4640 2129 4698 clesiae
2179 4648 2233 4695 et
2287 4638 2601 4709 apostolicae
2654 4636 2798 4692 sedis
2850 4636 3139 4707 episcopus
3191 4635 3326 4706 (imo
3370 4637 3536 4694 mini-

1951 4743 2067 4799 ster
2095 4730 2396 4804 indignus),
2426 4738 2508 4785 tot
2540 4738 2594 4784 et
2624 4736 2777 4782 tanta
2803 4727 2946 4782 mala
2971 4726 3027 4781 in
3052 4728 3241 4782 multis
3280 4726 3541 4785 Ecclesiis

1950 4834 2005 4881 et
2051 4824 2289 4881 maxime
2332 4822 2389 4878 in
2435 4819 2674 4879 Lucensi
2703 4818 2948 4876 Ecclesia
2989 4835 3057 4875 ex
3099 4818 3285 4887 iniqua
3334 4832 3541 4875 concu-

254 4912 519 4984 quidquid
548 4919 779 4982 possunt
803 4911 1043 4981 capiunt,
1070 4917 1125 4965 et
1148 4908 1327 4982 gladio
1348 4924 1462 4964 suae
1485 4909 1705 4967 malitia:
1734 4926 1851 4966 non
1949 4915 2213 4986 piscentia
2254 4911 2370 4989 ﬁeri
2408 4910 2779 4984 conspiciens,
2816 4924 2885 4964 ne
2910 4909 3132 4979 sanguis
3173 4906 3488 4976 iniquorum
3518 4928 3546 4966 a
3570 4976 3574 4980 _

255 5021 506 5078 corpora,
562 5003 689 5069 sed,
744 5003 892 5074 quod
940 5002 1097 5073 pejus
1147 5008 1260 5068 est,
1313 5001 1526 5058 animos
1571 5003 1844 5058 trucidare
1948 5008 2197 5064 districto
2244 5004 2435 5061 Judice
2462 5005 2553 5074 ﬁde
2594 5016 2765 5061 manu
2820 5006 3010 5071 nostra
3054 4998 3399 5067 requiratur,
3458 5003 3579 5059 ina,

253 5106 578 5155 noscuntur.
628 5092 894 5165 Tempore
926 5108 1058 5149 vero
1082 5094 1479 5164 apostolorum,
1522 5110 1647 5149 cum
1686 5094 1844 5150 multi
1945 5100 2247 5170 exstirpare
2296 5106 2352 5153 ct
2396 5098 2618 5166 penitus
2657 5092 2934 5149 eradicare
2987 5088 3346 5146 decrevimus.
3402 5091 3554 5151 Con-

252 5206 435 5246 rerum
459 5202 687 5246 suarum
708 5187 880 5255 pretia
902 5188 968 5241 ad
989 5186 1152 5256 pedes
1170 5199 1363 5242 eorum
1384 5195 1669 5255 ponerent,
1695 5187 1843 5241 Ana-
1948 5193 2228 5249 stituimus
2292 5190 2414 5246 istis
2452 5232 2471 5254 ,
2546 5203 2602 5248 ει
2669 5182 2921 5256 praesenti
2990 5184 3205 5237 decreto
3267 5179 3561 5241 ἥνυτειγηηξ

251 5283 331 5304 -ἳ-
366 5291 409 5304 Α.
437 5280 668 5304 0--Ιιξ-ιι
707 5278 1007 5306 ξυιΑυιΣ-ιηκίίι
1031 5289 1220 5306 nauata
1253 5276 1460 5308 ῥοῆς-0³011
1510 5290 1637 5308 nonin
1665 5278 1841 5308 ιιι-..Αἶα
1952 5284 2111 5310 /-:---‘
2158 5287 2280 5310 ΑΙΞ...
2311 5283 2484 5310 ...ηε-ος..δῖ
2539 5286 2837 5310 ᾹΑΛΛοΩΓὶνιιί
2896 5272 2941 5310 ΤΟ

2158 5287 2280 5310 ΑΙΞ...
2311 5297 2406 5310 ann
