  <div class='ocr_page' id='page_1' title='image "/cluster/home/n/w/nwhite01/storage/ocr_20150623/146/hvd.32044015471832/705.png"; bbox 0 0 4022 5340; ppageno 0'>
   <div class='ocr_carea' id='block_1_1' title="bbox 548 306 686 363">
    <p class='ocr_par' dir='ltr' id='par_1_1' title="bbox 548 306 686 363">
     <span class='ocr_line' id='line_1_1' title="bbox 548 306 686 363; baseline -0.007 0"><span class='ocrx_word' id='word_1_1' title='bbox 548 306 686 363; x_wconf 74' lang='grc'><strong>1591</strong></span> 
     </span>
    </p>
   </div>
   <div class='ocr_carea' id='block_1_2' title="bbox 1835 307 2555 369">
    <p class='ocr_par' dir='ltr' id='par_1_2' title="bbox 1835 307 2555 369">
     <span class='ocr_line' id='line_1_2' title="bbox 1835 307 2555 369; baseline 0.006 -4"><span class='ocrx_word' id='word_1_2' title='bbox 1835 308 2237 365; x_wconf 65' lang='lat' dir='ltr'><strong>ALEXAND“!</strong></span> <span class='ocrx_word' id='word_1_3' title='bbox 2271 308 2314 363; x_wconf 88' lang='lat' dir='ltr'><strong>ll</strong></span> <span class='ocrx_word' id='word_1_4' title='bbox 2351 307 2555 369; x_wconf 65' lang='lat' dir='ltr'><strong>PAPE</strong></span> 
     </span>
    </p>
   </div>
   <div class='ocr_carea' id='block_1_3' title="bbox 3663 311 3782 371">
    <p class='ocr_par' dir='ltr' id='par_1_3' title="bbox 3663 311 3782 371">
     <span class='ocr_line' id='line_1_3' title="bbox 3663 311 3782 371; baseline 0.025 -3"><span class='ocrx_word' id='word_1_5' title='bbox 3663 311 3782 371; x_wconf 72' lang='lat'><strong>{59!</strong></span> 
     </span>
    </p>
   </div>
   <div class='ocr_carea' id='block_1_4' title="bbox 545 418 3780 490">
    <p class='ocr_par' dir='ltr' id='par_1_4' title="bbox 545 418 3780 490">
     <span class='ocr_line' id='line_1_4' title="bbox 545 418 3780 490; baseline 0.002 -13"><span class='ocrx_word' id='word_1_6' title='bbox 545 421 767 479; x_wconf 87' lang='lat' dir='ltr'><strong>nalitate</strong></span> <span class='ocrx_word' id='word_1_7' title='bbox 797 419 855 477; x_wconf 92' lang='lat' dir='ltr'><strong>in</strong></span> <span class='ocrx_word' id='word_1_8' title='bbox 889 431 1080 479; x_wconf 87' lang='lat' dir='ltr'><strong>sancta</strong></span> <span class='ocrx_word' id='word_1_9' title='bbox 1117 420 1359 479; x_wconf 80' lang='lat' dir='ltr'><strong>Ecclesia</strong></span> <span class='ocrx_word' id='word_1_10' title='bbox 1406 422 1657 479; x_wconf 73' lang='lat' dir='ltr'><strong>studeant</strong></span> <span class='ocrx_word' id='word_1_11' title='bbox 1706 420 1980 479; x_wconf 88' lang='lat' dir='ltr'><strong>ordinare.</strong></span> <span class='ocrx_word' id='word_1_12' title='bbox 2021 421 2133 480; x_wconf 87' lang='lat' dir='ltr'><strong>Nec</strong></span> <span class='ocrx_word' id='word_1_13' title='bbox 2159 425 2207 481; x_wconf 82' lang='grc' dir='ltr'><strong>Λ</strong></span> <span class='ocrx_word' id='word_1_14' title='bbox 2232 420 2524 476; x_wconf 72' lang='lat' dir='ltr'><strong>indiscrete</strong></span> <span class='ocrx_word' id='word_1_15' title='bbox 2557 418 2757 490; x_wconf 85' lang='lat' dir='ltr'><strong>cuique</strong></span> <span class='ocrx_word' id='word_1_16' title='bbox 2800 419 3193 488; x_wconf 90' lang='lat' dir='ltr'><strong>tribuerentur,</strong></span> <span class='ocrx_word' id='word_1_17' title='bbox 3242 428 3304 475; x_wconf 89' lang='lat' dir='ltr'><strong>ut</strong></span> <span class='ocrx_word' id='word_1_18' title='bbox 3339 418 3428 476; x_wconf 87' lang='lat' dir='ltr'><strong>ille</strong></span> <span class='ocrx_word' id='word_1_19' title='bbox 3457 420 3780 483; x_wconf 80' lang='lat' dir='ltr'><strong>sacerdotalis</strong></span> 
     </span>
    </p>
   </div>
   <div class='ocr_carea' id='block_1_5' title="bbox 544 512 2128 587">
    <p class='ocr_par' dir='ltr' id='par_1_5' title="bbox 544 512 2128 587">
     <span class='ocr_line' id='line_1_5' title="bbox 544 512 2128 587; baseline 0.001 -19"><span class='ocrx_word' id='word_1_20' title='bbox 544 512 749 586; x_wconf 76' lang='lat' dir='ltr'><strong>eligant</strong></span> <span class='ocrx_word' id='word_1_21' title='bbox 768 513 823 569; x_wconf 93' lang='lat' dir='ltr'><strong>in</strong></span> <span class='ocrx_word' id='word_1_22' title='bbox 846 513 1009 569; x_wconf 91' lang='lat' dir='ltr'><strong>domo</strong></span> <span class='ocrx_word' id='word_1_23' title='bbox 1033 513 1248 570; x_wconf 89' lang='lat' dir='ltr'><strong>Domini</strong></span> <span class='ocrx_word' id='word_1_24' title='bbox 1280 514 1377 587; x_wconf 88' lang='lat' dir='ltr'><strong>qui</strong></span> <span class='ocrx_word' id='word_1_25' title='bbox 1411 514 1649 585; x_wconf 81' lang='lat' dir='ltr'><strong>majores</strong></span> <span class='ocrx_word' id='word_1_26' title='bbox 1677 515 1928 571; x_wconf 81' lang='lat' dir='ltr'><strong>sacculos</strong></span> <span class='ocrx_word' id='word_1_27' title='bbox 1969 531 2128 585; x_wconf 87' lang='lat' dir='ltr'><strong>pecu-</strong></span> 
     </span>
    </p>
   </div>
   <div class='ocr_carea' id='block_1_6' title="bbox 544 603 2127 677">
    <p class='ocr_par' dir='ltr' id='par_1_6' title="bbox 544 603 2127 677">
     <span class='ocr_line' id='line_1_6' title="bbox 544 603 2127 677; baseline 0.003 -18"><span class='ocrx_word' id='word_1_28' title='bbox 544 604 652 660; x_wconf 62' lang='lat' dir='ltr'><strong>niae</strong></span> <span class='ocrx_word' id='word_1_29' title='bbox 689 603 992 673; x_wconf 81' lang='lat' dir='ltr'><strong>conferant,</strong></span> <span class='ocrx_word' id='word_1_30' title='bbox 1046 606 1140 660; x_wconf 93' lang='lat' dir='ltr'><strong>sed</strong></span> <span class='ocrx_word' id='word_1_31' title='bbox 1187 621 1282 662; x_wconf 92' lang='lat' dir='ltr'><strong>eos</strong></span> <span class='ocrx_word' id='word_1_32' title='bbox 1332 605 1428 677; x_wconf 88' lang='lat' dir='ltr'><strong>qui</strong></span> <span class='ocrx_word' id='word_1_33' title='bbox 1471 605 1714 661; x_wconf 90' lang='lat' dir='ltr'><strong>moribus</strong></span> <span class='ocrx_word' id='word_1_34' title='bbox 1747 614 1802 661; x_wconf 92' lang='lat' dir='ltr'><strong>ct</strong></span> <span class='ocrx_word' id='word_1_35' title='bbox 1842 606 2127 676; x_wconf 87' lang='lat' dir='ltr'><strong>disciplina</strong></span> 
     </span>
    </p>
   </div>
   <div class='ocr_carea' id='block_1_7' title="bbox 546 696 2128 769">
    <p class='ocr_par' dir='ltr' id='par_1_7' title="bbox 546 696 2128 769">
     <span class='ocr_line' id='line_1_7' title="bbox 546 696 2128 769; baseline 0.003 -18"><span class='ocrx_word' id='word_1_36' title='bbox 546 704 711 768; x_wconf 89' lang='lat' dir='ltr'><strong>atque</strong></span> <span class='ocrx_word' id='word_1_37' title='bbox 735 697 961 754; x_wconf 88' lang='lat' dir='ltr'><strong>scientia</strong></span> <span class='ocrx_word' id='word_1_38' title='bbox 990 698 1186 753; x_wconf 78' lang='lat' dir='ltr'><strong>divites</strong></span> <span class='ocrx_word' id='word_1_39' title='bbox 1213 714 1312 769; x_wconf 92' lang='lat' dir='ltr'><strong>pro</strong></span> <span class='ocrx_word' id='word_1_40' title='bbox 1347 696 1524 753; x_wconf 84' lang='lat' dir='ltr'><strong>ollicio</strong></span> <span class='ocrx_word' id='word_1_41' title='bbox 1558 713 1661 754; x_wconf 90' lang='lat' dir='ltr'><strong>suo</strong></span> <span class='ocrx_word' id='word_1_42' title='bbox 1694 697 1869 768; x_wconf 91' lang='lat' dir='ltr'><strong>ipsam</strong></span> <span class='ocrx_word' id='word_1_43' title='bbox 1918 698 2128 755; x_wconf 90' lang='lat' dir='ltr'><strong>valeant</strong></span> 
     </span>
    </p>
   </div>
   <div class='ocr_carea' id='block_1_8' title="bbox 546 788 2127 862">
    <p class='ocr_par' dir='ltr' id='par_1_8' title="bbox 546 788 2127 862">
     <span class='ocr_line' id='line_1_8' title="bbox 546 788 2127 862; baseline 0.001 -19"><span class='ocrx_word' id='word_1_44' title='bbox 546 797 852 844; x_wconf 72' lang='lat' dir='ltr'><strong>sustentare</strong></span> <span class='ocrx_word' id='word_1_45' title='bbox 894 788 1213 847; x_wconf 76' lang='lat' dir='ltr'><strong>Ecclesium.</strong></span> <span class='ocrx_word' id='word_1_46' title='bbox 1274 789 1474 862; x_wconf 91' lang='lat' dir='ltr'><strong>Sponte</strong></span> <span class='ocrx_word' id='word_1_47' title='bbox 1508 789 1712 845; x_wconf 89' lang='lat' dir='ltr'><strong>Christi</strong></span> <span class='ocrx_word' id='word_1_48' title='bbox 1746 789 1971 845; x_wconf 85' lang='lat' dir='ltr'><strong>donaria</strong></span> <span class='ocrx_word' id='word_1_49' title='bbox 2018 806 2127 845; x_wconf 90' lang='lat' dir='ltr'><strong>non</strong></span> 
     </span>
    </p>
   </div>
   <div class='ocr_carea' id='block_1_9' title="bbox 494 879 2126 954">
    <p class='ocr_par' dir='ltr' id='par_1_9' title="bbox 494 879 2126 954">
     <span class='ocr_line' id='line_1_9' title="bbox 494 879 2126 954; baseline 0.002 -20"><span class='ocrx_word' id='word_1_50' title='bbox 494 896 500 907; x_wconf 70' lang='grc' dir='ltr'><strong>ν</strong></span> <span class='ocrx_word' id='word_1_51' title='bbox 545 894 647 950; x_wconf 89' lang='lat' dir='ltr'><strong>pro</strong></span> <span class='ocrx_word' id='word_1_52' title='bbox 692 879 849 935; x_wconf 87' lang='lat' dir='ltr'><strong>lihitu</strong></span> <span class='ocrx_word' id='word_1_53' title='bbox 892 882 1183 954; x_wconf 76' lang='lat' dir='ltr'><strong>cujusque,</strong></span> <span class='ocrx_word' id='word_1_54' title='bbox 1228 884 1398 939; x_wconf 90' lang='lat' dir='ltr'><strong>invito</strong></span> <span class='ocrx_word' id='word_1_55' title='bbox 1437 882 1669 954; x_wconf 90' lang='lat' dir='ltr'><strong>Sponso,</strong></span> <span class='ocrx_word' id='word_1_56' title='bbox 1717 885 1932 941; x_wconf 77' lang='lat' dir='ltr'><strong>venalia</strong></span> <span class='ocrx_word' id='word_1_57' title='bbox 1973 884 2126 952; x_wconf 87' lang='lat' dir='ltr'><strong>ﬁant,</strong></span> 
     </span>
    </p>
   </div>
   <div class='ocr_carea' id='block_1_10' title="bbox 547 972 2129 1044">
    <p class='ocr_par' dir='ltr' id='par_1_10' title="bbox 547 972 2129 1044">
     <span class='ocr_line' id='line_1_10' title="bbox 547 972 2129 1044; baseline 0.003 -18"><span class='ocrx_word' id='word_1_58' title='bbox 547 972 643 1027; x_wconf 90' lang='lat' dir='ltr'><strong>sed</strong></span> <span class='ocrx_word' id='word_1_59' title='bbox 671 972 839 1043; x_wconf 82' lang='lat' dir='ltr'><strong>gratis</strong></span> <span class='ocrx_word' id='word_1_60' title='bbox 879 980 933 1028; x_wconf 91' lang='lat' dir='ltr'><strong>e&#39;t</strong></span> <span class='ocrx_word' id='word_1_61' title='bbox 965 988 1063 1044; x_wconf 89' lang='lat' dir='ltr'><strong>pro</strong></span> <span class='ocrx_word' id='word_1_62' title='bbox 1098 975 1222 1031; x_wconf 67' lang='lat' dir='ltr'><strong>vita:</strong></span> <span class='ocrx_word' id='word_1_63' title='bbox 1266 974 1477 1031; x_wconf 86' lang='lat' dir='ltr'><strong>meritis</strong></span> <span class='ocrx_word' id='word_1_64' title='bbox 1526 976 1855 1042; x_wconf 81' lang='lat' dir='ltr'><strong>tribuantur,</strong></span> <span class='ocrx_word' id='word_1_65' title='bbox 1896 992 1997 1033; x_wconf 90' lang='lat' dir='ltr'><strong>nec</strong></span> <span class='ocrx_word' id='word_1_66' title='bbox 2032 992 2129 1030; x_wconf 90' lang='lat' dir='ltr'><strong>au-</strong></span> 
     </span>
    </p>
   </div>
   <div class='ocr_carea' id='block_1_11' title="bbox 547 1063 2129 1139">
    <p class='ocr_par' dir='ltr' id='par_1_11' title="bbox 547 1063 2129 1139">
     <span class='ocr_line' id='line_1_11' title="bbox 547 1063 2129 1139; baseline 0.003 -22"><span class='ocrx_word' id='word_1_67' title='bbox 547 1063 672 1120; x_wconf 88' lang='lat' dir='ltr'><strong>deat</strong></span> <span class='ocrx_word' id='word_1_68' title='bbox 696 1064 838 1120; x_wconf 91' lang='lat' dir='ltr'><strong>ullus</strong></span> <span class='ocrx_word' id='word_1_69' title='bbox 862 1066 1235 1137; x_wconf 89' lang='lat' dir='ltr'><strong>cujuscunque</strong></span> <span class='ocrx_word' id='word_1_70' title='bbox 1257 1067 1457 1139; x_wconf 86' lang='lat' dir='ltr'><strong>gradus</strong></span> <span class='ocrx_word' id='word_1_71' title='bbox 1478 1066 1550 1122; x_wconf 89' lang='lat' dir='ltr'><strong>sit</strong></span> <span class='ocrx_word' id='word_1_72' title='bbox 1585 1066 1815 1123; x_wconf 89' lang='lat' dir='ltr'><strong>clericus</strong></span> <span class='ocrx_word' id='word_1_73' title='bbox 1845 1083 1940 1138; x_wconf 89' lang='lat' dir='ltr'><strong>per</strong></span> <span class='ocrx_word' id='word_1_74' title='bbox 1962 1083 2020 1123; x_wconf 88' lang='lat' dir='ltr'><strong>se</strong></span> <span class='ocrx_word' id='word_1_75' title='bbox 2048 1066 2129 1122; x_wconf 88' lang='lat' dir='ltr'><strong>vel</strong></span> 
     </span>
    </p>
   </div>
   <div class='ocr_carea' id='block_1_12' title="bbox 549 1156 2128 1231">
    <p class='ocr_par' dir='ltr' id='par_1_12' title="bbox 549 1156 2128 1231">
     <span class='ocr_line' id='line_1_12' title="bbox 549 1156 2128 1231; baseline 0.002 -20"><span class='ocrx_word' id='word_1_76' title='bbox 549 1170 644 1225; x_wconf 90' lang='lat' dir='ltr'><strong>per</strong></span> <span class='ocrx_word' id='word_1_77' title='bbox 687 1156 1060 1227; x_wconf 85' lang='lat' dir='ltr'><strong>interpositam</strong></span> <span class='ocrx_word' id='word_1_78' title='bbox 1101 1174 1388 1228; x_wconf 88' lang='lat' dir='ltr'><strong>personam</strong></span> <span class='ocrx_word' id='word_1_79' title='bbox 1424 1159 1607 1229; x_wconf 90' lang='lat' dir='ltr'><strong>aliquo</strong></span> <span class='ocrx_word' id='word_1_80' title='bbox 1638 1158 1854 1231; x_wconf 81' lang='lat' dir='ltr'><strong>ingenio</strong></span> <span class='ocrx_word' id='word_1_81' title='bbox 1894 1158 2128 1230; x_wconf 86' lang='lat' dir='ltr'><strong>pretium</strong></span> 
     </span>
    </p>
   </div>
   <div class='ocr_carea' id='block_1_13' title="bbox 550 1248 2129 1321">
    <p class='ocr_par' dir='ltr' id='par_1_13' title="bbox 550 1248 2129 1321">
     <span class='ocr_line' id='line_1_13' title="bbox 550 1248 2129 1321; baseline 0.004 -21"><span class='ocrx_word' id='word_1_82' title='bbox 550 1249 634 1303; x_wconf 91' lang='lat' dir='ltr'><strong>vel</strong></span> <span class='ocrx_word' id='word_1_83' title='bbox 668 1248 797 1304; x_wconf 90' lang='lat' dir='ltr'><strong>dare</strong></span> <span class='ocrx_word' id='word_1_84' title='bbox 843 1250 929 1304; x_wconf 90' lang='lat' dir='ltr'><strong>vel</strong></span> <span class='ocrx_word' id='word_1_85' title='bbox 948 1250 1280 1321; x_wconf 88' lang='lat' dir='ltr'><strong>promittere,</strong></span> <span class='ocrx_word' id='word_1_86' title='bbox 1305 1266 1405 1305; x_wconf 86' lang='lat' dir='ltr'><strong>nec</strong></span> <span class='ocrx_word' id='word_1_87' title='bbox 1424 1250 1528 1321; x_wconf 85' lang='lat' dir='ltr'><strong>ipsi</strong></span> <span class='ocrx_word' id='word_1_88' title='bbox 1559 1250 1814 1321; x_wconf 89' lang='lat' dir='ltr'><strong>episcopo</strong></span> <span class='ocrx_word' id='word_1_89' title='bbox 1840 1256 1941 1307; x_wconf 85' lang='lat' dir='ltr'><strong>nec</strong></span> <span class='ocrx_word' id='word_1_90' title='bbox 1966 1250 2129 1306; x_wconf 88' lang='lat' dir='ltr'><strong>alicui</strong></span> 
     </span>
    </p>
   </div>
   <div class='ocr_carea' id='block_1_14' title="bbox 550 1339 2130 1414">
    <p class='ocr_par' dir='ltr' id='par_1_14' title="bbox 550 1339 2130 1414">
     <span class='ocr_line' id='line_1_14' title="bbox 550 1339 2130 1414; baseline 0.003 -21"><span class='ocrx_word' id='word_1_91' title='bbox 550 1339 742 1410; x_wconf 80' lang='lat' dir='ltr'><strong>cxejus</strong></span> <span class='ocrx_word' id='word_1_92' title='bbox 760 1340 1049 1408; x_wconf 88' lang='lat' dir='ltr'><strong>ministris,</strong></span> <span class='ocrx_word' id='word_1_93' title='bbox 1070 1358 1168 1397; x_wconf 90' lang='lat' dir='ltr'><strong>seu</strong></span> <span class='ocrx_word' id='word_1_94' title='bbox 1192 1342 1515 1412; x_wconf 89' lang='lat' dir='ltr'><strong>cuicumque</strong></span> <span class='ocrx_word' id='word_1_95' title='bbox 1536 1358 1747 1414; x_wconf 81' lang='lat' dir='ltr'><strong>magna:</strong></span> <span class='ocrx_word' id='word_1_96' title='bbox 1767 1342 1849 1397; x_wconf 88' lang='lat' dir='ltr'><strong>vel</strong></span> <span class='ocrx_word' id='word_1_97' title='bbox 1872 1342 2130 1398; x_wconf 88' lang='lat' dir='ltr'><strong>mediocri</strong></span> 
     </span>
    </p>
   </div>
   <div class='ocr_carea' id='block_1_15' title="bbox 486 1432 2130 1504">
    <p class='ocr_par' dir='ltr' id='par_1_15' title="bbox 486 1432 2130 1504">
     <span class='ocr_line' id='line_1_15' title="bbox 486 1432 2130 1504; baseline 0.002 -19"><span class='ocrx_word' id='word_1_98' title='bbox 486 1476 489 1479; x_wconf 81' lang='grc'>.</span> <span class='ocrx_word' id='word_1_99' title='bbox 550 1440 645 1486; x_wconf 91' lang='lat' dir='ltr'><strong>aut</strong></span> <span class='ocrx_word' id='word_1_100' title='bbox 667 1448 847 1502; x_wconf 73' lang='lat' dir='ltr'><strong>parvae</strong></span> <span class='ocrx_word' id='word_1_101' title='bbox 869 1449 1131 1504; x_wconf 65' lang='lat' dir='ltr'><strong>personae.</strong></span> <span class='ocrx_word' id='word_1_102' title='bbox 1168 1432 1245 1488; x_wconf 88' lang='lat' dir='ltr'><strong>Ne</strong></span> <span class='ocrx_word' id='word_1_103' title='bbox 1268 1450 1397 1490; x_wconf 90' lang='lat' dir='ltr'><strong>vero</strong></span> <span class='ocrx_word' id='word_1_104' title='bbox 1429 1435 1694 1490; x_wconf 86' lang='lat' dir='ltr'><strong>calliditas</strong></span> <span class='ocrx_word' id='word_1_105' title='bbox 1721 1442 1815 1489; x_wconf 90' lang='lat' dir='ltr'><strong>aut</strong></span> <span class='ocrx_word' id='word_1_106' title='bbox 1837 1433 1988 1489; x_wconf 87' lang='lat' dir='ltr'><strong>fraus</strong></span> <span class='ocrx_word' id='word_1_107' title='bbox 2009 1434 2130 1489; x_wconf 89' lang='lat' dir='ltr'><strong>dia-</strong></span> 
     </span>
    </p>
   </div>
   <div class='ocr_carea' id='block_1_16' title="bbox 548 1524 2132 1597">
    <p class='ocr_par' dir='ltr' id='par_1_16' title="bbox 548 1524 2132 1597">
     <span class='ocr_line' id='line_1_16' title="bbox 548 1524 2132 1597; baseline 0.002 -19"><span class='ocrx_word' id='word_1_108' title='bbox 548 1524 655 1578; x_wconf 91' lang='lat' dir='ltr'><strong>boli</strong></span> <span class='ocrx_word' id='word_1_109' title='bbox 678 1525 781 1580; x_wconf 91' lang='lat' dir='ltr'><strong>sub</strong></span> <span class='ocrx_word' id='word_1_110' title='bbox 807 1524 985 1596; x_wconf 88' lang='lat' dir='ltr'><strong>specie</strong></span> <span class='ocrx_word' id='word_1_111' title='bbox 1010 1525 1288 1596; x_wconf 82' lang='lat' dir='ltr'><strong>religionis</strong></span> <span class='ocrx_word' id='word_1_112' title='bbox 1316 1525 1528 1596; x_wconf 91' lang='lat' dir='ltr'><strong>aliquos</strong></span> <span class='ocrx_word' id='word_1_113' title='bbox 1554 1542 1669 1582; x_wconf 70' lang='lat' dir='ltr'><strong>sua:</strong></span> <span class='ocrx_word' id='word_1_114' title='bbox 1694 1526 1914 1581; x_wconf 66' lang='lat' dir='ltr'><strong>malitiae</strong></span> <span class='ocrx_word' id='word_1_115' title='bbox 1937 1526 2132 1597; x_wconf 84' lang='lat' dir='ltr'><strong>laqueo</strong></span> 
     </span>
    </p>
   </div>
   <div class='ocr_carea' id='block_1_17' title="bbox 550 1616 2133 1685">
    <p class='ocr_par' dir='ltr' id='par_1_17' title="bbox 550 1616 2133 1685">
     <span class='ocr_line' id='line_1_17' title="bbox 550 1616 2133 1685; baseline 0.002 -16"><span class='ocrx_word' id='word_1_116' title='bbox 550 1616 747 1685; x_wconf 86' lang='lat' dir='ltr'><strong>capiat,</strong></span> <span class='ocrx_word' id='word_1_117' title='bbox 793 1617 1177 1672; x_wconf 88' lang='lat' dir='ltr'><strong>constituimus</strong></span> <span class='ocrx_word' id='word_1_118' title='bbox 1217 1623 1273 1671; x_wconf 93' lang='lat' dir='ltr'><strong>et</strong></span> <span class='ocrx_word' id='word_1_119' title='bbox 1311 1617 1501 1673; x_wconf 91' lang='lat' dir='ltr'><strong>eodem</strong></span> <span class='ocrx_word' id='word_1_120' title='bbox 1547 1617 1710 1674; x_wconf 92' lang='lat' dir='ltr'><strong>modo</strong></span> <span class='ocrx_word' id='word_1_121' title='bbox 1752 1618 2035 1673; x_wconf 88' lang='lat' dir='ltr'><strong>ﬁrmamus</strong></span> <span class='ocrx_word' id='word_1_122' title='bbox 2072 1624 2133 1672; x_wconf 87' lang='lat' dir='ltr'><strong>ut</strong></span> 
     </span>
    </p>
   </div>
   <div class='ocr_carea' id='block_1_18' title="bbox 549 1708 2133 1781">
    <p class='ocr_par' dir='ltr' id='par_1_18' title="bbox 549 1708 2133 1781">
     <span class='ocr_line' id='line_1_18' title="bbox 549 1708 2133 1781; baseline 0.002 -20"><span class='ocrx_word' id='word_1_123' title='bbox 549 1709 731 1763; x_wconf 89' lang='lat' dir='ltr'><strong>nullus</strong></span> <span class='ocrx_word' id='word_1_124' title='bbox 764 1708 1140 1779; x_wconf 88' lang='lat' dir='ltr'><strong>cujuscunque</strong></span> <span class='ocrx_word' id='word_1_125' title='bbox 1165 1709 1366 1779; x_wconf 88' lang='lat' dir='ltr'><strong>gradus</strong></span> <span class='ocrx_word' id='word_1_126' title='bbox 1393 1709 1624 1764; x_wconf 89' lang='lat' dir='ltr'><strong>clericus</strong></span> <span class='ocrx_word' id='word_1_127' title='bbox 1645 1726 1746 1781; x_wconf 90' lang='lat' dir='ltr'><strong>pro</strong></span> <span class='ocrx_word' id='word_1_128' title='bbox 1776 1709 2017 1767; x_wconf 64' lang='lat' dir='ltr'><strong>ecclesiae</strong></span> <span class='ocrx_word' id='word_1_129' title='bbox 2043 1708 2133 1764; x_wconf 78' lang='lat' dir='ltr'><strong>be-</strong></span> 
     </span>
    </p>
   </div>
   <div class='ocr_carea' id='block_1_19' title="bbox 2226 511 3781 583">
    <p class='ocr_par' dir='ltr' id='par_1_19' title="bbox 2226 511 3781 583">
     <span class='ocr_line' id='line_1_19' title="bbox 2226 511 3781 583; baseline 0.004 -16"><span class='ocrx_word' id='word_1_130' title='bbox 2226 513 2436 568; x_wconf 89' lang='lat' dir='ltr'><strong>ordinis</strong></span> <span class='ocrx_word' id='word_1_131' title='bbox 2483 512 2644 567; x_wconf 89' lang='lat' dir='ltr'><strong>iniret</strong></span> <span class='ocrx_word' id='word_1_132' title='bbox 2683 511 2925 567; x_wconf 90' lang='lat' dir='ltr'><strong>ofﬁcium</strong></span> <span class='ocrx_word' id='word_1_133' title='bbox 2966 513 3060 583; x_wconf 91' lang='lat' dir='ltr'><strong>qui</strong></span> <span class='ocrx_word' id='word_1_134' title='bbox 3112 514 3343 569; x_wconf 77' lang='lat' dir='ltr'><strong>necdum</strong></span> <span class='ocrx_word' id='word_1_135' title='bbox 3396 513 3555 568; x_wconf 89' lang='lat' dir='ltr'><strong>etiam</strong></span> <span class='ocrx_word' id='word_1_136' title='bbox 3597 517 3781 573; x_wconf 81' lang='lat' dir='ltr'><strong>ostiarii</strong></span> 
     </span>
    </p>
   </div>
   <div class='ocr_carea' id='block_1_20' title="bbox 2224 601 3781 675">
    <p class='ocr_par' dir='ltr' id='par_1_20' title="bbox 2224 601 3781 675">
     <span class='ocr_line' id='line_1_20' title="bbox 2224 601 3781 675; baseline 0.003 -17"><span class='ocrx_word' id='word_1_137' title='bbox 2224 606 2309 659; x_wconf 88' lang='lat' dir='ltr'><strong>vel</strong></span> <span class='ocrx_word' id='word_1_138' title='bbox 2334 603 2553 659; x_wconf 86' lang='lat' dir='ltr'><strong>lectoris</strong></span> <span class='ocrx_word' id='word_1_139' title='bbox 2586 602 2948 659; x_wconf 89' lang='lat' dir='ltr'><strong>ministerium</strong></span> <span class='ocrx_word' id='word_1_140' title='bbox 2996 605 3347 675; x_wconf 86' lang='lat' dir='ltr'><strong>suscepisset.</strong></span> <span class='ocrx_word' id='word_1_141' title='bbox 3380 601 3488 659; x_wconf 82' lang='lat' dir='ltr'><strong>Nec</strong></span> <span class='ocrx_word' id='word_1_142' title='bbox 3516 606 3687 660; x_wconf 85' lang='lat' dir='ltr'><strong>stabili</strong></span> <span class='ocrx_word' id='word_1_143' title='bbox 3708 623 3781 663; x_wconf 53' lang='lat' dir='ltr'><strong>or.</strong></span> 
     </span>
    </p>
   </div>
   <div class='ocr_carea' id='block_1_21' title="bbox 2226 693 3782 766">
    <p class='ocr_par' dir='ltr' id='par_1_21' title="bbox 2226 693 3782 766">
     <span class='ocr_line' id='line_1_21' title="bbox 2226 693 3782 766; baseline 0.002 -15"><span class='ocrx_word' id='word_1_144' title='bbox 2226 696 2351 751; x_wconf 91' lang='lat' dir='ltr'><strong>dine</strong></span> <span class='ocrx_word' id='word_1_145' title='bbox 2382 696 2636 750; x_wconf 89' lang='lat' dir='ltr'><strong>sortitum</strong></span> <span class='ocrx_word' id='word_1_146' title='bbox 2676 693 2852 750; x_wconf 78' lang='lat' dir='ltr'><strong>fuerat</strong></span> <span class='ocrx_word' id='word_1_147' title='bbox 2879 694 3005 766; x_wconf 88' lang='lat' dir='ltr'><strong>quis</strong></span> <span class='ocrx_word' id='word_1_148' title='bbox 3050 696 3344 752; x_wconf 88' lang='lat' dir='ltr'><strong>missarum</strong></span> <span class='ocrx_word' id='word_1_149' title='bbox 3381 696 3638 753; x_wconf 85' lang='lat' dir='ltr'><strong>solemnia</strong></span> <span class='ocrx_word' id='word_1_150' title='bbox 3661 699 3782 754; x_wconf 71' lang='lat' dir='ltr'><strong>cele-</strong></span> 
     </span>
    </p>
   </div>
   <div class='ocr_carea' id='block_1_22' title="bbox 2227 786 3779 859">
    <p class='ocr_par' dir='ltr' id='par_1_22' title="bbox 2227 786 3779 859">
     <span class='ocr_line' id='line_1_22' title="bbox 2227 786 3779 859; baseline 0.002 -16"><span class='ocrx_word' id='word_1_151' title='bbox 2227 788 2417 855; x_wconf 90' lang='lat' dir='ltr'><strong>brare,</strong></span> <span class='ocrx_word' id='word_1_152' title='bbox 2465 789 2589 858; x_wconf 85' lang='lat' dir='ltr'><strong>quis</strong></span> <span class='ocrx_word' id='word_1_153' title='bbox 2620 797 2869 843; x_wconf 91' lang='lat' dir='ltr'><strong>sanctum</strong></span> <span class='ocrx_word' id='word_1_154' title='bbox 2937 786 3290 859; x_wconf 87' lang='lat' dir='ltr'><strong>Evangelium</strong></span> <span class='ocrx_word' id='word_1_155' title='bbox 3336 788 3421 843; x_wconf 93' lang='lat' dir='ltr'><strong>vel</strong></span> <span class='ocrx_word' id='word_1_156' title='bbox 3480 788 3779 858; x_wconf 79' lang='lat' dir='ltr'><strong>Apostolum</strong></span> 
     </span>
    </p>
   </div>
   <div class='ocr_carea' id='block_1_23' title="bbox 2227 878 3781 951">
    <p class='ocr_par' dir='ltr' id='par_1_23' title="bbox 2227 878 3781 951">
     <span class='ocr_line' id='line_1_23' title="bbox 2227 878 3781 951; baseline 0.003 -18"><span class='ocrx_word' id='word_1_157' title='bbox 2227 879 2403 951; x_wconf 81' lang='lat' dir='ltr'><strong>legere</strong></span> <span class='ocrx_word' id='word_1_158' title='bbox 2431 881 2725 935; x_wconf 86' lang='lat' dir='ltr'><strong>debuisset.</strong></span> <span class='ocrx_word' id='word_1_159' title='bbox 2752 878 3171 950; x_wconf 64' lang='lat' dir='ltr'><strong>lndisciplinatis</strong></span> <span class='ocrx_word' id='word_1_160' title='bbox 3191 880 3354 935; x_wconf 89' lang='lat' dir='ltr'><strong>etiam</strong></span> <span class='ocrx_word' id='word_1_161' title='bbox 3377 888 3431 935; x_wconf 88' lang='lat' dir='ltr'><strong>et</strong></span> <span class='ocrx_word' id='word_1_162' title='bbox 3455 883 3781 938; x_wconf 56' lang='lat' dir='ltr'><strong>saecularibus</strong></span> 
     </span>
    </p>
   </div>
   <div class='ocr_carea' id='block_1_24' title="bbox 2228 971 3780 1043">
    <p class='ocr_par' dir='ltr' id='par_1_24' title="bbox 2228 971 3780 1043">
     <span class='ocr_line' id='line_1_24' title="bbox 2228 971 3780 1043; baseline 0.003 -18"><span class='ocrx_word' id='word_1_163' title='bbox 2228 971 2442 1028; x_wconf 88' lang='lat' dir='ltr'><strong>clericis</strong></span> <span class='ocrx_word' id='word_1_164' title='bbox 2484 973 2593 1027; x_wconf 90' lang='lat' dir='ltr'><strong>vita</strong></span> <span class='ocrx_word' id='word_1_165' title='bbox 2637 980 2691 1027; x_wconf 92' lang='lat' dir='ltr'><strong>et</strong></span> <span class='ocrx_word' id='word_1_166' title='bbox 2736 973 2963 1028; x_wconf 86' lang='lat' dir='ltr'><strong>scientia</strong></span> <span class='ocrx_word' id='word_1_167' title='bbox 3004 971 3164 1043; x_wconf 86' lang='lat' dir='ltr'><strong>longe</strong></span> <span class='ocrx_word' id='word_1_168' title='bbox 3188 973 3278 1027; x_wconf 66' lang='lat' dir='ltr'><strong>‘ab</strong></span> <span class='ocrx_word' id='word_1_169' title='bbox 3310 974 3669 1030; x_wconf 80' lang='lat' dir='ltr'><strong>ecclesiastica</strong></span> <span class='ocrx_word' id='word_1_170' title='bbox 3696 975 3780 1030; x_wconf 78' lang='lat' dir='ltr'><strong>do-</strong></span> 
     </span>
    </p>
   </div>
   <div class='ocr_carea' id='block_1_25' title="bbox 2229 1062 3781 1134">
    <p class='ocr_par' dir='ltr' id='par_1_25' title="bbox 2229 1062 3781 1134">
     <span class='ocr_line' id='line_1_25' title="bbox 2229 1062 3781 1134; baseline 0.002 -16"><span class='ocrx_word' id='word_1_171' title='bbox 2229 1062 2405 1119; x_wconf 90' lang='lat' dir='ltr'><strong>ctrina</strong></span> <span class='ocrx_word' id='word_1_172' title='bbox 2443 1064 2726 1133; x_wconf 79' lang='lat' dir='ltr'><strong>sejunctis,</strong></span> <span class='ocrx_word' id='word_1_173' title='bbox 2754 1063 3048 1134; x_wconf 62' lang='lat' dir='ltr'><strong>praelibatce</strong></span> <span class='ocrx_word' id='word_1_174' title='bbox 3070 1065 3349 1120; x_wconf 73' lang='lat' dir='ltr'><strong>canonica:</strong></span> <span class='ocrx_word' id='word_1_175' title='bbox 3371 1065 3781 1131; x_wconf 85' lang='lat' dir='ltr'><strong>conferebantur,</strong></span> 
     </span>
    </p>
   </div>
   <div class='ocr_carea' id='block_1_26' title="bbox 2229 1155 3781 1227">
    <p class='ocr_par' dir='ltr' id='par_1_26' title="bbox 2229 1155 3781 1227">
     <span class='ocr_line' id='line_1_26' title="bbox 2229 1155 3781 1227; baseline 0.004 -19"><span class='ocrx_word' id='word_1_176' title='bbox 2229 1170 2330 1210; x_wconf 90' lang='lat' dir='ltr'><strong>nec</strong></span> <span class='ocrx_word' id='word_1_177' title='bbox 2378 1163 2565 1209; x_wconf 89' lang='lat' dir='ltr'><strong>tamen</strong></span> <span class='ocrx_word' id='word_1_178' title='bbox 2616 1155 2822 1226; x_wconf 86' lang='lat' dir='ltr'><strong>absque</strong></span> <span class='ocrx_word' id='word_1_179' title='bbox 2880 1155 3188 1211; x_wconf 83' lang='lat' dir='ltr'><strong>interventu</strong></span> <span class='ocrx_word' id='word_1_180' title='bbox 3247 1159 3495 1227; x_wconf 70' lang='lat' dir='ltr'><strong>pecunia:</strong></span> <span class='ocrx_word' id='word_1_181' title='bbox 3538 1159 3623 1213; x_wconf 87' lang='lat' dir='ltr'><strong>vel</strong></span> <span class='ocrx_word' id='word_1_182' title='bbox 3640 1160 3781 1214; x_wconf 80' lang='lat' dir='ltr'><strong>etiam</strong></span> 
     </span>
    </p>
   </div>
   <div class='ocr_carea' id='block_1_27' title="bbox 2229 1245 3785 1320">
    <p class='ocr_par' dir='ltr' id='par_1_27' title="bbox 2229 1245 3785 1320">
     <span class='ocr_line' id='line_1_27' title="bbox 2229 1245 3785 1320; baseline 0.004 -21"><span class='ocrx_word' id='word_1_183' title='bbox 2229 1245 2603 1316; x_wconf 80' lang='lat' dir='ltr'><strong>praemiorum,</strong></span> <span class='ocrx_word' id='word_1_184' title='bbox 2630 1247 2723 1317; x_wconf 88' lang='lat' dir='ltr'><strong>qui</strong></span> <span class='ocrx_word' id='word_1_185' title='bbox 2751 1246 2927 1317; x_wconf 87' lang='lat' dir='ltr'><strong>ipsam</strong></span> <span class='ocrx_word' id='word_1_186' title='bbox 2959 1246 3259 1303; x_wconf 83' lang='lat' dir='ltr'><strong>Ecclesiam</strong></span> <span class='ocrx_word' id='word_1_187' title='bbox 3287 1250 3472 1319; x_wconf 89' lang='lat' dir='ltr'><strong>potius</strong></span> <span class='ocrx_word' id='word_1_188' title='bbox 3496 1250 3785 1320; x_wconf 81' lang='lat' dir='ltr'><strong>perturbare</strong></span> 
     </span>
    </p>
   </div>
   <div class='ocr_carea' id='block_1_28' title="bbox 2230 1336 3785 1411">
    <p class='ocr_par' dir='ltr' id='par_1_28' title="bbox 2230 1336 3785 1411">
     <span class='ocr_line' id='line_1_28' title="bbox 2230 1336 3785 1411; baseline 0.002 -18"><span class='ocrx_word' id='word_1_189' title='bbox 2230 1355 2395 1411; x_wconf 87' lang='lat' dir='ltr'><strong>quam</strong></span> <span class='ocrx_word' id='word_1_190' title='bbox 2451 1340 2697 1395; x_wconf 89' lang='lat' dir='ltr'><strong>moribus</strong></span> <span class='ocrx_word' id='word_1_191' title='bbox 2770 1336 3093 1394; x_wconf 85' lang='lat' dir='ltr'><strong>videbantur</strong></span> <span class='ocrx_word' id='word_1_192' title='bbox 3148 1354 3365 1396; x_wconf 87' lang='lat' dir='ltr'><strong>ornare.</strong></span> <span class='ocrx_word' id='word_1_193' title='bbox 3445 1341 3578 1407; x_wconf 66' lang='lat' dir='ltr'><strong>Quae</strong></span> <span class='ocrx_word' id='word_1_194' title='bbox 3626 1342 3785 1396; x_wconf 81' lang='lat' dir='ltr'><strong>omnia</strong></span> 
     </span>
    </p>
   </div>
   <div class='ocr_carea' id='block_1_29' title="bbox 2230 1431 3787 1503">
    <p class='ocr_par' dir='ltr' id='par_1_29' title="bbox 2230 1431 3787 1503">
     <span class='ocr_line' id='line_1_29' title="bbox 2230 1431 3787 1503; baseline 0.001 -16"><span class='ocrx_word' id='word_1_195' title='bbox 2230 1441 2497 1503; x_wconf 87' lang='lat' dir='ltr'><strong>quantum</strong></span> <span class='ocrx_word' id='word_1_196' title='bbox 2531 1432 2643 1487; x_wconf 88' lang='lat' dir='ltr'><strong>Deo</strong></span> <span class='ocrx_word' id='word_1_197' title='bbox 2663 1441 2717 1488; x_wconf 90' lang='lat' dir='ltr'><strong>et</strong></span> <span class='ocrx_word' id='word_1_198' title='bbox 2751 1431 3136 1488; x_wconf 67' lang='lat' dir='ltr'><strong>ecclesiasticae</strong></span> <span class='ocrx_word' id='word_1_199' title='bbox 3164 1432 3413 1503; x_wconf 83' lang='lat' dir='ltr'><strong>religioni</strong></span> <span class='ocrx_word' id='word_1_200' title='bbox 3455 1434 3715 1488; x_wconf 84' lang='lat' dir='ltr'><strong>contraria</strong></span> <span class='ocrx_word' id='word_1_201' title='bbox 3742 1444 3787 1489; x_wconf 88' lang='lat' dir='ltr'><strong>et</strong></span> 
     </span>
    </p>
   </div>
   <div class='ocr_carea' id='block_1_30' title="bbox 2231 1522 3787 1593">
    <p class='ocr_par' dir='ltr' id='par_1_30' title="bbox 2231 1522 3787 1593">
     <span class='ocr_line' id='line_1_30' title="bbox 2231 1522 3787 1593; baseline 0.001 -16"><span class='ocrx_word' id='word_1_202' title='bbox 2231 1522 2453 1577; x_wconf 89' lang='lat' dir='ltr'><strong>inimica</strong></span> <span class='ocrx_word' id='word_1_203' title='bbox 2508 1522 2747 1577; x_wconf 77' lang='lat' dir='ltr'><strong>existant</strong></span> <span class='ocrx_word' id='word_1_204' title='bbox 2803 1522 3015 1576; x_wconf 89' lang='lat' dir='ltr'><strong>nullum</strong></span> <span class='ocrx_word' id='word_1_205' title='bbox 3056 1522 3307 1593; x_wconf 82' lang='lat' dir='ltr'><strong>ignorare</strong></span> <span class='ocrx_word' id='word_1_206' title='bbox 3349 1531 3625 1592; x_wconf 82' lang='lat' dir='ltr'><strong>putamus,</strong></span> <span class='ocrx_word' id='word_1_207' title='bbox 3653 1523 3787 1579; x_wconf 86' lang='lat' dir='ltr'><strong>vobis</strong></span> 
     </span>
    </p>
   </div>
   <div class='ocr_carea' id='block_1_31' title="bbox 2232 1611 3787 1683">
    <p class='ocr_par' dir='ltr' id='par_1_31' title="bbox 2232 1611 3787 1683">
     <span class='ocr_line' id='line_1_31' title="bbox 2232 1611 3787 1683; baseline 0.001 -17"><span class='ocrx_word' id='word_1_208' title='bbox 2232 1621 2416 1666; x_wconf 88' lang='lat' dir='ltr'><strong>autem</strong></span> <span class='ocrx_word' id='word_1_209' title='bbox 2464 1618 2614 1666; x_wconf 86' lang='lat' dir='ltr'><strong>tanto</strong></span> <span class='ocrx_word' id='word_1_210' title='bbox 2648 1611 2833 1665; x_wconf 89' lang='lat' dir='ltr'><strong>verius</strong></span> <span class='ocrx_word' id='word_1_211' title='bbox 2879 1618 3007 1665; x_wconf 90' lang='lat' dir='ltr'><strong>sunt</strong></span> <span class='ocrx_word' id='word_1_212' title='bbox 3039 1611 3254 1683; x_wconf 84' lang='lat' dir='ltr'><strong>cognita</strong></span> <span class='ocrx_word' id='word_1_213' title='bbox 3299 1621 3509 1682; x_wconf 85' lang='lat' dir='ltr'><strong>quanto</strong></span> <span class='ocrx_word' id='word_1_214' title='bbox 3556 1612 3787 1668; x_wconf 89' lang='lat' dir='ltr'><strong>divinitus</strong></span> 
     </span>
    </p>
   </div>
   <div class='ocr_carea' id='block_1_32' title="bbox 2236 1700 3787 1772">
    <p class='ocr_par' dir='ltr' id='par_1_32' title="bbox 2236 1700 3787 1772">
     <span class='ocr_line' id='line_1_32' title="bbox 2236 1700 3787 1772; baseline 0 -13"><span class='ocrx_word' id='word_1_215' title='bbox 2236 1711 2561 1759; x_wconf 86' lang='lat' dir='ltr'><strong>sustentata.</strong></span> <span class='ocrx_word' id='word_1_216' title='bbox 2590 1700 2953 1771; x_wconf 83' lang='lat' dir='ltr'><strong>Quapropter,</strong></span> <span class='ocrx_word' id='word_1_217' title='bbox 3002 1700 3190 1756; x_wconf 89' lang='lat' dir='ltr'><strong>divino</strong></span> <span class='ocrx_word' id='word_1_218' title='bbox 3239 1702 3516 1772; x_wconf 79' lang='lat' dir='ltr'><strong>adjutorio</strong></span> <span class='ocrx_word' id='word_1_219' title='bbox 3551 1703 3700 1758; x_wconf 88' lang='lat' dir='ltr'><strong>simul</strong></span> <span class='ocrx_word' id='word_1_220' title='bbox 3741 1714 3787 1759; x_wconf 86' lang='lat' dir='ltr'><strong>et</strong></span> 
     </span>
    </p>
   </div>
   <div class='ocr_carea' id='block_1_33' title="bbox 550 1782 2129 1871">
    <p class='ocr_par' dir='ltr' id='par_1_33' title="bbox 550 1800 2129 1871">
     <span class='ocr_line' id='line_1_33' title="bbox 550 1800 2129 1871; baseline 0.004 -20"><span class='ocrx_word' id='word_1_221' title='bbox 550 1800 742 1856; x_wconf 86' lang='lat' dir='ltr'><strong>neﬁcio</strong></span> <span class='ocrx_word' id='word_1_222' title='bbox 769 1800 971 1871; x_wconf 88' lang='lat' dir='ltr'><strong>aliquid</strong></span> <span class='ocrx_word' id='word_1_223' title='bbox 1003 1801 1198 1857; x_wconf 91' lang='lat' dir='ltr'><strong>audeat</strong></span> <span class='ocrx_word' id='word_1_224' title='bbox 1226 1800 1473 1857; x_wconf 90' lang='lat' dir='ltr'><strong>conferre</strong></span> <span class='ocrx_word' id='word_1_225' title='bbox 1502 1810 1595 1857; x_wconf 87' lang='lat' dir='ltr'><strong>aut</strong></span> <span class='ocrx_word' id='word_1_226' title='bbox 1637 1801 1856 1858; x_wconf 62' lang='lat' dir='ltr'><strong>fabricae</strong></span> <span class='ocrx_word' id='word_1_227' title='bbox 1879 1802 2129 1858; x_wconf 88' lang='lat' dir='ltr'><strong>ecclesia-</strong></span> 
     </span>
    </p>
   </div>
   <div class='ocr_carea' id='block_1_34' title="bbox 2227 1782 3786 1871">
    <p class='ocr_par' dir='ltr' id='par_1_34' title="bbox 2231 1788 3786 1862">
     <span class='ocr_line' id='line_1_34' title="bbox 2231 1788 3786 1862; baseline 0.001 -16"><span class='ocrx_word' id='word_1_228' title='bbox 2231 1790 2528 1861; x_wconf 88' lang='lat' dir='ltr'><strong>apostolica</strong></span> <span class='ocrx_word' id='word_1_229' title='bbox 2560 1788 2679 1844; x_wconf 90' lang='lat' dir='ltr'><strong>fulti</strong></span> <span class='ocrx_word' id='word_1_230' title='bbox 2706 1790 3054 1857; x_wconf 82' lang='lat' dir='ltr'><strong>auctoritate,</strong></span> <span class='ocrx_word' id='word_1_231' title='bbox 3083 1792 3200 1845; x_wconf 67' lang='lat' dir='ltr'><strong>haec</strong></span> <span class='ocrx_word' id='word_1_232' title='bbox 3220 1790 3482 1862; x_wconf 86' lang='lat' dir='ltr'><strong>deinceps</strong></span> <span class='ocrx_word' id='word_1_233' title='bbox 3516 1793 3786 1847; x_wconf 82' lang='lat' dir='ltr'><strong>resecanda</strong></span> 
     </span>
    </p>
   </div>
   <div class='ocr_carea' id='block_1_35' title="bbox 549 1892 2133 1965">
    <p class='ocr_par' dir='ltr' id='par_1_35' title="bbox 549 1892 2133 1965">
     <span class='ocr_line' id='line_1_35' title="bbox 549 1892 2133 1965; baseline 0.004 -21"><span class='ocrx_word' id='word_1_234' title='bbox 549 1908 693 1959; x_wconf 90' lang='lat' dir='ltr'><strong>rum,</strong></span> <span class='ocrx_word' id='word_1_235' title='bbox 722 1892 806 1947; x_wconf 90' lang='lat' dir='ltr'><strong>vel</strong></span> <span class='ocrx_word' id='word_1_236' title='bbox 831 1892 1072 1948; x_wconf 88' lang='lat' dir='ltr'><strong>donariis</strong></span> <span class='ocrx_word' id='word_1_237' title='bbox 1095 1892 1473 1960; x_wconf 89' lang='lat' dir='ltr'><strong>ecclesiarum,</strong></span> <span class='ocrx_word' id='word_1_238' title='bbox 1509 1908 1605 1949; x_wconf 89' lang='lat' dir='ltr'><strong>seu</strong></span> <span class='ocrx_word' id='word_1_239' title='bbox 1628 1894 1793 1949; x_wconf 87' lang='lat' dir='ltr'><strong>etiam</strong></span> <span class='ocrx_word' id='word_1_240' title='bbox 1823 1894 1968 1965; x_wconf 88' lang='lat' dir='ltr'><strong>quod</strong></span> <span class='ocrx_word' id='word_1_241' title='bbox 1996 1910 2133 1965; x_wconf 85' lang='lat' dir='ltr'><strong>pau-</strong></span> 
     </span>
    </p>
   </div>
   <div class='ocr_carea' id='block_1_36' title="bbox 548 1983 2129 2058">
    <p class='ocr_par' dir='ltr' id='par_1_36' title="bbox 548 1983 2129 2058">
     <span class='ocr_line' id='line_1_36' title="bbox 548 1983 2129 2058; baseline 0.003 -22"><span class='ocrx_word' id='word_1_242' title='bbox 548 1983 770 2052; x_wconf 83' lang='lat' dir='ltr'><strong>peribus</strong></span> <span class='ocrx_word' id='word_1_243' title='bbox 813 1984 885 2040; x_wconf 91' lang='lat' dir='ltr'><strong>sit</strong></span> <span class='ocrx_word' id='word_1_244' title='bbox 916 1984 1303 2053; x_wconf 89' lang='lat' dir='ltr'><strong>tribuendum;</strong></span> <span class='ocrx_word' id='word_1_245' title='bbox 1338 1985 1469 2056; x_wconf 84' lang='lat' dir='ltr'><strong>quia</strong></span> <span class='ocrx_word' id='word_1_246' title='bbox 1504 1986 1661 2058; x_wconf 90' lang='lat' dir='ltr'><strong>(teste</strong></span> <span class='ocrx_word' id='word_1_247' title='bbox 1690 1985 1989 2058; x_wconf 86' lang='lat' dir='ltr'><strong>Scriptura)</strong></span> <span class='ocrx_word' id='word_1_248' title='bbox 2034 1987 2129 2056; x_wconf 90' lang='lat' dir='ltr'><strong>qui</strong></span> 
     </span>
    </p>
   </div>
   <div class='ocr_carea' id='block_1_37' title="bbox 549 2075 2133 2149">
    <p class='ocr_par' dir='ltr' id='par_1_37' title="bbox 549 2075 2133 2149">
     <span class='ocr_line' id='line_1_37' title="bbox 549 2075 2133 2149; baseline 0.001 -19"><span class='ocrx_word' id='word_1_249' title='bbox 549 2075 757 2145; x_wconf 88' lang='lat' dir='ltr'><strong>aliquid</strong></span> <span class='ocrx_word' id='word_1_250' title='bbox 780 2076 919 2132; x_wconf 89' lang='lat' dir='ltr'><strong>male</strong></span> <span class='ocrx_word' id='word_1_251' title='bbox 940 2076 1135 2146; x_wconf 91' lang='lat' dir='ltr'><strong>accipit</strong></span> <span class='ocrx_word' id='word_1_252' title='bbox 1161 2084 1220 2131; x_wconf 85' lang='lat' dir='ltr'><strong>ut</strong></span> <span class='ocrx_word' id='word_1_253' title='bbox 1241 2077 1397 2147; x_wconf 91' lang='lat' dir='ltr'><strong>quasi</strong></span> <span class='ocrx_word' id='word_1_254' title='bbox 1438 2077 1577 2133; x_wconf 91' lang='lat' dir='ltr'><strong>bene</strong></span> <span class='ocrx_word' id='word_1_255' title='bbox 1618 2077 1914 2149; x_wconf 84' lang='lat' dir='ltr'><strong>dispenset,</strong></span> <span class='ocrx_word' id='word_1_256' title='bbox 1952 2078 2133 2148; x_wconf 84' lang='lat' dir='ltr'><strong>potius</strong></span> 
     </span>
    </p>
   </div>
   <div class='ocr_carea' id='block_1_38' title="bbox 549 2167 2131 2239">
    <p class='ocr_par' dir='ltr' id='par_1_38' title="bbox 549 2167 2131 2239">
     <span class='ocr_line' id='line_1_38' title="bbox 549 2167 2131 2239; baseline 0.003 -19"><span class='ocrx_word' id='word_1_257' title='bbox 549 2175 805 2238; x_wconf 80' lang='lat' dir='ltr'><strong>gravatur</strong></span> <span class='ocrx_word' id='word_1_258' title='bbox 840 2183 1005 2237; x_wconf 92' lang='lat' dir='ltr'><strong>quam</strong></span> <span class='ocrx_word' id='word_1_259' title='bbox 1037 2168 1279 2239; x_wconf 86' lang='lat' dir='ltr'><strong>juvatur.</strong></span> <span class='ocrx_word' id='word_1_260' title='bbox 1328 2167 1485 2235; x_wconf 85' lang='lat' dir='ltr'><strong>Quod</strong></span> <span class='ocrx_word' id='word_1_261' title='bbox 1513 2169 1559 2225; x_wconf 92' lang='lat' dir='ltr'><strong>si</strong></span> <span class='ocrx_word' id='word_1_262' title='bbox 1582 2170 2131 2239; x_wconf 86' lang='lat' dir='ltr'><strong>aliquis,diviuorum</strong></span> 
     </span>
    </p>
   </div>
   <div class='ocr_carea' id='block_1_39' title="bbox 550 2260 2133 2335">
    <p class='ocr_par' dir='ltr' id='par_1_39' title="bbox 550 2260 2133 2335">
     <span class='ocr_line' id='line_1_39' title="bbox 550 2260 2133 2335; baseline 0.004 -24"><span class='ocrx_word' id='word_1_263' title='bbox 550 2266 940 2328; x_wconf 63' lang='lat' dir='ltr'><strong>praeceptorum</strong></span> <span class='ocrx_word' id='word_1_264' title='bbox 971 2267 1026 2314; x_wconf 87' lang='lat' dir='ltr'><strong>et</strong></span> <span class='ocrx_word' id='word_1_265' title='bbox 1055 2260 1365 2314; x_wconf 88' lang='lat' dir='ltr'><strong>animarum</strong></span> <span class='ocrx_word' id='word_1_266' title='bbox 1389 2260 1583 2316; x_wconf 87' lang='lat' dir='ltr'><strong>salutis</strong></span> <span class='ocrx_word' id='word_1_267' title='bbox 1607 2262 1913 2330; x_wconf 87' lang='lat' dir='ltr'><strong>immemor,</strong></span> <span class='ocrx_word' id='word_1_268' title='bbox 1936 2262 2133 2335; x_wconf 55' lang='lat' dir='ltr'><strong>praefa-</strong></span> 
     </span>
    </p>
   </div>
   <div class='ocr_carea' id='block_1_40' title="bbox 548 2348 2136 2424">
    <p class='ocr_par' dir='ltr' id='par_1_40' title="bbox 548 2348 2136 2424">
     <span class='ocr_line' id='line_1_40' title="bbox 548 2348 2136 2424; baseline 0.004 -21"><span class='ocrx_word' id='word_1_269' title='bbox 548 2358 664 2403; x_wconf 87' lang='lat' dir='ltr'><strong>tum</strong></span> <span class='ocrx_word' id='word_1_270' title='bbox 707 2348 1031 2405; x_wconf 89' lang='lat' dir='ltr'><strong>beneﬁcium</strong></span> <span class='ocrx_word' id='word_1_271' title='bbox 1069 2352 1313 2408; x_wconf 65' lang='lat' dir='ltr'><strong>ccclesite</strong></span> <span class='ocrx_word' id='word_1_272' title='bbox 1363 2352 1549 2423; x_wconf 88' lang='lat' dir='ltr'><strong>iniqua</strong></span> <span class='ocrx_word' id='word_1_273' title='bbox 1596 2354 1891 2424; x_wconf 84' lang='lat' dir='ltr'><strong>cupiditate</strong></span> <span class='ocrx_word' id='word_1_274' title='bbox 1936 2354 2136 2410; x_wconf 85' lang='lat' dir='ltr'><strong>ductus</strong></span> 
     </span>
    </p>
   </div>
   <div class='ocr_carea' id='block_1_41' title="bbox 548 2442 2130 2516">
    <p class='ocr_par' dir='ltr' id='par_1_41' title="bbox 548 2442 2130 2516">
     <span class='ocr_line' id='line_1_41' title="bbox 548 2442 2130 2516; baseline 0.004 -22"><span class='ocrx_word' id='word_1_275' title='bbox 548 2442 779 2496; x_wconf 84' lang='lat' dir='ltr'><strong>vendere</strong></span> <span class='ocrx_word' id='word_1_276' title='bbox 826 2443 909 2498; x_wconf 90' lang='lat' dir='ltr'><strong>vel</strong></span> <span class='ocrx_word' id='word_1_277' title='bbox 952 2459 1131 2499; x_wconf 89' lang='lat' dir='ltr'><strong>emere</strong></span> <span class='ocrx_word' id='word_1_278' title='bbox 1181 2444 1470 2500; x_wconf 87' lang='lat' dir='ltr'><strong>temerario</strong></span> <span class='ocrx_word' id='word_1_279' title='bbox 1517 2461 1656 2501; x_wconf 90' lang='lat' dir='ltr'><strong>ausu</strong></span> <span class='ocrx_word' id='word_1_280' title='bbox 1703 2446 2130 2516; x_wconf 66' lang='lat' dir='ltr'><strong>praesumpserit,</strong></span> 
     </span>
    </p>
   </div>
   <div class='ocr_carea' id='block_1_42' title="bbox 549 2532 2134 2613">
    <p class='ocr_par' dir='ltr' id='par_1_42' title="bbox 549 2532 2134 2613">
     <span class='ocr_line' id='line_1_42' title="bbox 549 2532 2134 2613; baseline 0.004 -27"><span class='ocrx_word' id='word_1_281' title='bbox 549 2532 691 2588; x_wconf 89' lang='lat' dir='ltr'><strong>sicut</strong></span> <span class='ocrx_word' id='word_1_282' title='bbox 725 2534 780 2589; x_wconf 93' lang='lat' dir='ltr'><strong>in</strong></span> <span class='ocrx_word' id='word_1_283' title='bbox 811 2532 1240 2592; x_wconf 88' lang='lat' dir='ltr'><strong>Chalcedoneusi</strong></span> <span class='ocrx_word' id='word_1_284' title='bbox 1276 2537 1507 2593; x_wconf 89' lang='lat' dir='ltr'><strong>concilio</strong></span> <span class='ocrx_word' id='word_1_285' title='bbox 1553 2536 1836 2594; x_wconf 86' lang='lat' dir='ltr'><strong>deﬁnitum</strong></span> <span class='ocrx_word' id='word_1_286' title='bbox 1873 2547 1980 2608; x_wconf 85' lang='lat' dir='ltr'><strong>est,</strong></span> <span class='ocrx_word' id='word_1_287' title='bbox 2011 2555 2134 2613; x_wconf 81' lang='lat' dir='ltr'><strong>gra-</strong></span> 
     </span>
    </p>
   </div>
   <div class='ocr_carea' id='block_1_43' title="bbox 548 2622 2136 2700">
    <p class='ocr_par' dir='ltr' id='par_1_43' title="bbox 548 2622 2136 2700">
     <span class='ocr_line' id='line_1_43' title="bbox 548 2622 2136 2700; baseline 0.006 -22"><span class='ocrx_word' id='word_1_288' title='bbox 548 2622 652 2680; x_wconf 85' lang='lat' dir='ltr'><strong>dus</strong></span> <span class='ocrx_word' id='word_1_289' title='bbox 697 2625 784 2681; x_wconf 89' lang='lat' dir='ltr'><strong>sui</strong></span> <span class='ocrx_word' id='word_1_290' title='bbox 831 2626 1072 2696; x_wconf 90' lang='lat' dir='ltr'><strong>periculo</strong></span> <span class='ocrx_word' id='word_1_291' title='bbox 1113 2644 1241 2683; x_wconf 89' lang='lat' dir='ltr'><strong>eum</strong></span> <span class='ocrx_word' id='word_1_292' title='bbox 1287 2629 1571 2700; x_wconf 88' lang='lat' dir='ltr'><strong>subjacere</strong></span> <span class='ocrx_word' id='word_1_293' title='bbox 1618 2630 1984 2699; x_wconf 87' lang='lat' dir='ltr'><strong>decernimus,</strong></span> <span class='ocrx_word' id='word_1_294' title='bbox 2034 2648 2136 2687; x_wconf 90' lang='lat' dir='ltr'><strong>nec</strong></span> 
     </span>
    </p>
   </div>
   <div class='ocr_carea' id='block_1_44' title="bbox 549 2715 2132 2791">
    <p class='ocr_par' dir='ltr' id='par_1_44' title="bbox 549 2715 2132 2791">
     <span class='ocr_line' id='line_1_44' title="bbox 549 2715 2132 2791; baseline 0.006 -22"><span class='ocrx_word' id='word_1_295' title='bbox 549 2715 849 2772; x_wconf 89' lang='lat' dir='ltr'><strong>ministrari</strong></span> <span class='ocrx_word' id='word_1_296' title='bbox 880 2719 1054 2788; x_wconf 90' lang='lat' dir='ltr'><strong>possit</strong></span> <span class='ocrx_word' id='word_1_297' title='bbox 1094 2718 1372 2788; x_wconf 55' lang='lat' dir='ltr'><strong>Ecclesia,</strong></span> <span class='ocrx_word' id='word_1_298' title='bbox 1401 2736 1566 2791; x_wconf 88' lang='lat' dir='ltr'><strong>quam</strong></span> <span class='ocrx_word' id='word_1_299' title='bbox 1616 2723 1844 2790; x_wconf 86' lang='lat' dir='ltr'><strong>pecunia</strong></span> <span class='ocrx_word' id='word_1_300' title='bbox 1889 2725 2132 2779; x_wconf 87' lang='lat' dir='ltr'><strong>venalem</strong></span> 
     </span>
    </p>
   </div>
   <div class='ocr_carea' id='block_1_45' title="bbox 550 2805 2137 2883">
    <p class='ocr_par' dir='ltr' id='par_1_45' title="bbox 550 2805 2137 2883">
     <span class='ocr_line' id='line_1_45' title="bbox 550 2805 2137 2883; baseline 0.005 -22"><span class='ocrx_word' id='word_1_301' title='bbox 550 2805 665 2861; x_wconf 81' lang='lat' dir='ltr'><strong>ﬁeri</strong></span> <span class='ocrx_word' id='word_1_302' title='bbox 691 2810 1021 2879; x_wconf 89' lang='lat' dir='ltr'><strong>concupivit,</strong></span> <span class='ocrx_word' id='word_1_303' title='bbox 1042 2820 1095 2866; x_wconf 88' lang='lat' dir='ltr'><strong>et</strong></span> <span class='ocrx_word' id='word_1_304' title='bbox 1119 2811 1361 2883; x_wconf 88' lang='lat' dir='ltr'><strong>insuper,</strong></span> <span class='ocrx_word' id='word_1_305' title='bbox 1394 2812 1621 2867; x_wconf 88' lang='lat' dir='ltr'><strong>terribili</strong></span> <span class='ocrx_word' id='word_1_306' title='bbox 1646 2815 2007 2869; x_wconf 79' lang='lat' dir='ltr'><strong>anatliematis</strong></span> <span class='ocrx_word' id='word_1_307' title='bbox 2021 2832 2137 2869; x_wconf 79' lang='lat' dir='ltr'><strong>mu-</strong></span> 
     </span>
    </p>
   </div>
   <div class='ocr_carea' id='block_1_46' title="bbox 548 2898 2133 2975">
    <p class='ocr_par' dir='ltr' id='par_1_46' title="bbox 548 2898 2133 2975">
     <span class='ocr_line' id='line_1_46' title="bbox 548 2898 2133 2975; baseline 0.005 -21"><span class='ocrx_word' id='word_1_308' title='bbox 548 2915 711 2954; x_wconf 83' lang='lat' dir='ltr'><strong>crone</strong></span> <span class='ocrx_word' id='word_1_309' title='bbox 742 2898 1022 2969; x_wconf 82' lang='lat' dir='ltr'><strong>perfossus</strong></span> <span class='ocrx_word' id='word_1_310' title='bbox 1067 2902 1196 2975; x_wconf 86' lang='lat' dir='ltr'><strong>(nisi</strong></span> <span class='ocrx_word' id='word_1_311' title='bbox 1237 2905 1566 2975; x_wconf 84' lang='lat' dir='ltr'><strong>resipuerit),</strong></span> <span class='ocrx_word' id='word_1_312' title='bbox 1607 2905 1675 2959; x_wconf 91' lang='lat' dir='ltr'><strong>ab</strong></span> <span class='ocrx_word' id='word_1_313' title='bbox 1718 2904 1960 2961; x_wconf 89' lang='lat' dir='ltr'><strong>Ecclesia</strong></span> <span class='ocrx_word' id='word_1_314' title='bbox 2002 2906 2133 2975; x_wconf 90' lang='lat' dir='ltr'><strong>Dei,</strong></span> 
     </span>
    </p>
   </div>
   <div class='ocr_carea' id='block_1_47' title="bbox 547 2992 1811 3060">
    <p class='ocr_par' dir='ltr' id='par_1_47' title="bbox 547 2992 1811 3060">
     <span class='ocr_line' id='line_1_47' title="bbox 547 2992 1811 3060; baseline 0.005 -15"><span class='ocrx_word' id='word_1_315' title='bbox 547 3006 713 3060; x_wconf 89' lang='lat' dir='ltr'><strong>quam</strong></span> <span class='ocrx_word' id='word_1_316' title='bbox 742 2992 900 3059; x_wconf 71' lang='lat' dir='ltr'><strong>lazsit,</strong></span> <span class='ocrx_word' id='word_1_317' title='bbox 939 2994 1116 3050; x_wconf 90' lang='lat' dir='ltr'><strong>modis</strong></span> <span class='ocrx_word' id='word_1_318' title='bbox 1144 2996 1404 3051; x_wconf 90' lang='lat' dir='ltr'><strong>omnibus</strong></span> <span class='ocrx_word' id='word_1_319' title='bbox 1440 2996 1811 3051; x_wconf 86' lang='lat' dir='ltr'><strong>abscindatur.</strong></span> 
     </span>
    </p>
   </div>
   <div class='ocr_carea' id='block_1_48' title="bbox 617 3080 2133 3153">
    <p class='ocr_par' dir='ltr' id='par_1_48' title="bbox 617 3080 2133 3153">
     <span class='ocr_line' id='line_1_48' title="bbox 617 3080 2133 3153; baseline 0.008 -19"><span class='ocrx_word' id='word_1_320' title='bbox 617 3080 730 3153; x_wconf 80' lang='lat' dir='ltr'><strong>Ego</strong></span> <span class='ocrx_word' id='word_1_321' title='bbox 754 3082 1060 3139; x_wconf 78' lang='lat' dir='ltr'><strong>Alexander</strong></span> <span class='ocrx_word' id='word_1_322' title='bbox 1088 3087 1257 3141; x_wconf 89' lang='lat' dir='ltr'><strong>solius</strong></span> <span class='ocrx_word' id='word_1_323' title='bbox 1280 3086 1495 3141; x_wconf 87' lang='lat' dir='ltr'><strong>Domini</strong></span> <span class='ocrx_word' id='word_1_324' title='bbox 1522 3081 1893 3143; x_wconf 80' lang='lat' dir='ltr'><strong>misericordia</strong></span> <span class='ocrx_word' id='word_1_325' title='bbox 1931 3099 2133 3146; x_wconf 72' lang='lat' dir='ltr'><strong>sanctae</strong></span> 
     </span>
    </p>
   </div>
   <div class='ocr_carea' id='block_1_49' title="bbox 549 3169 2132 3247">
    <p class='ocr_par' dir='ltr' id='par_1_49' title="bbox 549 3169 2132 3247">
     <span class='ocr_line' id='line_1_49' title="bbox 549 3169 2132 3247; baseline 0.008 -22"><span class='ocrx_word' id='word_1_326' title='bbox 549 3169 807 3229; x_wconf 68' lang='lat' dir='ltr'><strong>Romanae</strong></span> <span class='ocrx_word' id='word_1_327' title='bbox 827 3183 882 3228; x_wconf 88' lang='lat' dir='ltr'><strong>et</strong></span> <span class='ocrx_word' id='word_1_328' title='bbox 909 3176 1218 3246; x_wconf 72' lang='lat' dir='ltr'><strong>apostolicae</strong></span> <span class='ocrx_word' id='word_1_329' title='bbox 1245 3174 1502 3233; x_wconf 81' lang='lat' dir='ltr'><strong>Ecclesiae</strong></span> <span class='ocrx_word' id='word_1_330' title='bbox 1526 3179 1744 3247; x_wconf 61' lang='lat' dir='ltr'><strong>pratsul,</strong></span> <span class='ocrx_word' id='word_1_331' title='bbox 1776 3189 1830 3234; x_wconf 91' lang='lat' dir='ltr'><strong>et</strong></span> <span class='ocrx_word' id='word_1_332' title='bbox 1868 3178 2132 3237; x_wconf 86' lang='lat' dir='ltr'><strong>Lucensis</strong></span> 
     </span>
    </p>
   </div>
   <div class='ocr_carea' id='block_1_50' title="bbox 547 3262 1951 3335">
    <p class='ocr_par' dir='ltr' id='par_1_50' title="bbox 547 3262 1951 3335">
     <span class='ocr_line' id='line_1_50' title="bbox 547 3262 1951 3335; baseline 0.008 -18"><span class='ocrx_word' id='word_1_333' title='bbox 547 3262 855 3335; x_wconf 85' lang='lat' dir='ltr'><strong>episcopus,</strong></span> <span class='ocrx_word' id='word_1_334' title='bbox 887 3266 942 3322; x_wconf 92' lang='lat' dir='ltr'><strong>in</strong></span> <span class='ocrx_word' id='word_1_335' title='bbox 968 3267 1071 3323; x_wconf 88' lang='lat' dir='ltr'><strong>hoc</strong></span> <span class='ocrx_word' id='word_1_336' title='bbox 1095 3268 1312 3325; x_wconf 89' lang='lat' dir='ltr'><strong>decreto</strong></span> <span class='ocrx_word' id='word_1_337' title='bbox 1332 3269 1400 3324; x_wconf 90' lang='lat' dir='ltr'><strong>ad</strong></span> <span class='ocrx_word' id='word_1_338' title='bbox 1420 3269 1853 3326; x_wconf 85' lang='lat' dir='ltr'><strong>conﬁrmandum</strong></span> <span class='ocrx_word' id='word_1_339' title='bbox 1876 3288 1951 3328; x_wconf 92' lang='lat' dir='ltr'><strong>ss.</strong></span> 
     </span>
    </p>
   </div>
   <div class='ocr_carea' id='block_1_51' title="bbox 1267 3381 1401 3439">
    <p class='ocr_par' dir='ltr' id='par_1_51' title="bbox 1267 3381 1401 3439">
     <span class='ocr_line' id='line_1_51' title="bbox 1267 3381 1401 3439; baseline 0 0"><span class='ocrx_word' id='word_1_340' title='bbox 1267 3381 1401 3439; x_wconf 83' lang='lat' dir='ltr'><strong>CVI.</strong></span> 
     </span>
    </p>
   </div>
   <div class='ocr_carea' id='block_1_52' title="bbox 550 3470 2129 3532">
    <p class='ocr_par' dir='ltr' id='par_1_52' title="bbox 550 3470 2129 3532">
     <span class='ocr_line' id='line_1_52' title="bbox 550 3470 2129 3532; baseline 0.004 -7"><span class='ocrx_word' id='word_1_341' title='bbox 550 3470 850 3527; x_wconf 73' lang='lat' dir='ltr'><strong>Alexander</strong></span> <span class='ocrx_word' id='word_1_342' title='bbox 902 3472 966 3527; x_wconf 87' lang='grc'><strong>11</strong></span> <span class='ocrx_word' id='word_1_343' title='bbox 1020 3475 1082 3530; x_wconf 83' lang='lat' dir='ltr'><strong>de</strong></span> <span class='ocrx_word' id='word_1_344' title='bbox 1136 3474 1392 3530; x_wconf 73' lang='lat' dir='ltr'><strong>Ecclesia:</strong></span> <span class='ocrx_word' id='word_1_345' title='bbox 1434 3475 1687 3532; x_wconf 79' lang='lat' dir='ltr'><strong>Lucensis</strong></span> <span class='ocrx_word' id='word_1_346' title='bbox 1737 3478 2039 3532; x_wconf 82' lang='lat' dir='ltr'><strong>muneribus</strong></span> <span class='ocrx_word' id='word_1_347' title='bbox 2075 3480 2129 3532; x_wconf 85' lang='lat' dir='ltr'><strong>in</strong></span> 
     </span>
    </p>
   </div>
   <div class='ocr_carea' id='block_1_53' title="bbox 615 3543 2128 3667">
    <p class='ocr_par' dir='ltr' id='par_1_53' title="bbox 615 3543 2128 3667">
     <span class='ocr_line' id='line_1_53' title="bbox 615 3543 2128 3667; baseline 0.004 -72"><span class='ocrx_word' id='word_1_348' title='bbox 615 3544 803 3665; x_wconf 60' lang='lat' dir='ltr'><strong>llarobos</strong></span> <span class='ocrx_word' id='word_1_349' title='bbox 858 3543 1200 3667; x_wconf 57' lang='lat' dir='ltr'><strong>dsctrinaaue</strong></span> <span class='ocrx_word' id='word_1_350' title='bbox 1247 3548 1532 3602; x_wconf 81' lang='lat' dir='ltr'><strong>instructos</strong></span> <span class='ocrx_word' id='word_1_351' title='bbox 1603 3549 1741 3604; x_wconf 78' lang='lat' dir='ltr'><strong>viros</strong></span> <span class='ocrx_word' id='word_1_352' title='bbox 1800 3548 2128 3618; x_wconf 76' lang='lat' dir='ltr'><strong>conferendis</strong></span> 
     </span>
     <span class='ocr_line' id='line_1_54' title="bbox 642 3624 992 3667; baseline 0 0"><span class='ocrx_word' id='word_1_353' title='bbox 642 3629 756 3667; x_wconf 80' lang='lat' dir='ltr'><strong>eaes</strong></span> <span class='ocrx_word' id='word_1_354' title='bbox 790 3630 887 3667; x_wconf 86' lang='lat' dir='ltr'><strong>con</strong></span> <span class='ocrx_word' id='word_1_355' title='bbox 929 3624 992 3667; x_wconf 76' lang='lat' dir='ltr'><strong>rt.</strong></span> 
     </span>
    </p>
   </div>
   <div class='ocr_carea' id='block_1_54' title="bbox 642 3624 992 3683">
    <p class='ocr_par' dir='ltr' id='par_1_54' title="bbox 642 3624 992 3683">
     <span class='ocr_line' id='line_1_55' title="bbox 642 3624 992 3683; baseline 0.006 -16"><span class='ocrx_word' id='word_1_356' title='bbox 642 3629 756 3683; x_wconf 79' lang='lat' dir='ltr'><strong>eges</strong></span> <span class='ocrx_word' id='word_1_357' title='bbox 790 3624 992 3669; x_wconf 72' lang='lat' dir='ltr'><strong>condit.</strong></span> 
     </span>
    </p>
   </div>
   <div class='ocr_carea' id='block_1_55' title="bbox 1073 3708 1612 3780">
    <p class='ocr_par' dir='ltr' id='par_1_55' title="bbox 1073 3708 1612 3780">
     <span class='ocr_line' id='line_1_56' title="bbox 1073 3708 1612 3780; baseline 0.004 -19"><span class='ocrx_word' id='word_1_358' title='bbox 1073 3708 1272 3780; x_wconf 84' lang='lat' dir='ltr'><strong>(Anno</strong></span> <span class='ocrx_word' id='word_1_359' title='bbox 1306 3708 1568 3763; x_wconf 78' lang='grc'><strong>1061-75.</strong></span> <span class='ocrx_word' id='word_1_360' title='bbox 1592 3708 1612 3779; x_wconf 91' lang='grc'>)</span> 
     </span>
    </p>
   </div>
   <div class='ocr_carea' id='block_1_56' title="bbox 835 3792 1825 3873">
    <p class='ocr_par' dir='ltr' id='par_1_56' title="bbox 835 3792 1825 3873">
     <span class='ocr_line' id='line_1_57' title="bbox 835 3792 1825 3873; baseline 0.004 -22"><span class='ocrx_word' id='word_1_361' title='bbox 835 3792 1109 3869; x_wconf 70' lang='grc' dir='ltr'><strong>[υοηειιι</strong></span> <span class='ocrx_word' id='word_1_362' title='bbox 1128 3838 1142 3866; x_wconf 89' lang='grc'><strong><em>,</em></strong></span> <span class='ocrx_word' id='word_1_363' title='bbox 1176 3797 1346 3853; x_wconf 82' lang='lat' dir='ltr'><strong>Italia</strong></span> <span class='ocrx_word' id='word_1_364' title='bbox 1371 3816 1549 3868; x_wconf 81' lang='lat' dir='ltr'><strong>sacra,</strong></span> <span class='ocrx_word' id='word_1_365' title='bbox 1574 3797 1628 3867; x_wconf 88' lang='lat' dir='ltr'><strong>l,</strong></span> <span class='ocrx_word' id='word_1_366' title='bbox 1664 3798 1761 3854; x_wconf 78' lang='lat' dir='ltr'><strong>8M</strong></span> <span class='ocrx_word' id='word_1_367' title='bbox 1782 3798 1825 3873; x_wconf 76' lang='lat'><strong>}.</strong></span> 
     </span>
    </p>
   </div>
   <div class='ocr_carea' id='block_1_57' title="bbox 619 3886 2128 3960">
    <p class='ocr_par' dir='ltr' id='par_1_57' title="bbox 619 3886 2128 3960">
     <span class='ocr_line' id='line_1_58' title="bbox 619 3886 2128 3960; baseline 0.007 -22"><span class='ocrx_word' id='word_1_368' title='bbox 619 3886 946 3940; x_wconf 72' lang='lat' dir='ltr'><strong>ALEXANDER</strong></span> <span class='ocrx_word' id='word_1_369' title='bbox 978 3887 1289 3958; x_wconf 89' lang='lat' dir='ltr'><strong>episcopus,</strong></span> <span class='ocrx_word' id='word_1_370' title='bbox 1314 3905 1505 3946; x_wconf 89' lang='lat' dir='ltr'><strong>servus</strong></span> <span class='ocrx_word' id='word_1_371' title='bbox 1542 3905 1826 3947; x_wconf 89' lang='lat' dir='ltr'><strong>servorum</strong></span> <span class='ocrx_word' id='word_1_372' title='bbox 1853 3891 1980 3960; x_wconf 89' lang='lat' dir='ltr'><strong>Dei,</strong></span> <span class='ocrx_word' id='word_1_373' title='bbox 2020 3892 2128 3949; x_wconf 83' lang='lat' dir='ltr'><strong>Lu-</strong></span> 
     </span>
    </p>
   </div>
   <div class='ocr_carea' id='block_1_58' title="bbox 550 3975 2124 4050">
    <p class='ocr_par' dir='ltr' id='par_1_58' title="bbox 550 3975 2124 4050">
     <span class='ocr_line' id='line_1_59' title="bbox 550 3975 2124 4050; baseline 0.003 -19"><span class='ocrx_word' id='word_1_374' title='bbox 550 3976 730 4033; x_wconf 86' lang='lat' dir='ltr'><strong>censis</strong></span> <span class='ocrx_word' id='word_1_375' title='bbox 750 3975 1005 4033; x_wconf 71' lang='lat' dir='ltr'><strong>Ecclesire</strong></span> <span class='ocrx_word' id='word_1_376' title='bbox 1024 3980 1327 4045; x_wconf 88' lang='lat' dir='ltr'><strong>canonicis,</strong></span> <span class='ocrx_word' id='word_1_377' title='bbox 1342 3995 1406 4034; x_wconf 90' lang='lat' dir='ltr'><strong>ac</strong></span> <span class='ocrx_word' id='word_1_378' title='bbox 1420 3979 1545 4034; x_wconf 83' lang='lat' dir='ltr'><strong>ﬁliis</strong></span> <span class='ocrx_word' id='word_1_379' title='bbox 1566 3995 1664 4050; x_wconf 87' lang='lat' dir='ltr'><strong>per</strong></span> <span class='ocrx_word' id='word_1_380' title='bbox 1685 3982 1868 4035; x_wconf 88' lang='lat' dir='ltr'><strong>omnia</strong></span> <span class='ocrx_word' id='word_1_381' title='bbox 1891 3983 2124 4050; x_wconf 89' lang='lat' dir='ltr'><strong>dilectis,</strong></span> 
     </span>
    </p>
   </div>
   <div class='ocr_carea' id='block_1_59' title="bbox 548 4068 1736 4140">
    <p class='ocr_par' dir='ltr' id='par_1_59' title="bbox 548 4068 1736 4140">
     <span class='ocr_line' id='line_1_60' title="bbox 548 4068 1736 4140; baseline 0.003 -19"><span class='ocrx_word' id='word_1_382' title='bbox 548 4082 849 4138; x_wconf 89' lang='lat' dir='ltr'><strong>eorumque</strong></span> <span class='ocrx_word' id='word_1_383' title='bbox 870 4068 1279 4125; x_wconf 87' lang='lat' dir='ltr'><strong>successoribus</strong></span> <span class='ocrx_word' id='word_1_384' title='bbox 1307 4069 1362 4124; x_wconf 91' lang='lat' dir='ltr'><strong>in</strong></span> <span class='ocrx_word' id='word_1_385' title='bbox 1393 4078 1736 4140; x_wconf 88' lang='lat' dir='ltr'><strong>perpetuum.</strong></span> 
     </span>
    </p>
   </div>
   <div class='ocr_carea' id='block_1_60' title="bbox 619 4159 2127 4232">
    <p class='ocr_par' dir='ltr' id='par_1_60' title="bbox 619 4159 2127 4232">
     <span class='ocr_line' id='line_1_61' title="bbox 619 4159 2127 4232; baseline 0.002 -18"><span class='ocrx_word' id='word_1_386' title='bbox 619 4159 884 4227; x_wconf 85' lang='lat' dir='ltr'><strong>Quamvis</strong></span> <span class='ocrx_word' id='word_1_387' title='bbox 935 4161 1323 4218; x_wconf 73' lang='lat' dir='ltr'><strong>ecclesiastica:</strong></span> <span class='ocrx_word' id='word_1_388' title='bbox 1372 4161 1659 4231; x_wconf 87' lang='lat' dir='ltr'><strong>disciplina</strong></span> <span class='ocrx_word' id='word_1_389' title='bbox 1722 4174 1991 4229; x_wconf 62' lang='lat' dir='ltr'><strong>censurae,</strong></span> <span class='ocrx_word' id='word_1_390' title='bbox 2025 4178 2127 4232; x_wconf 90' lang='lat' dir='ltr'><strong>pro</strong></span> 
     </span>
    </p>
   </div>
   <div class='ocr_carea' id='block_1_61' title="bbox 547 4251 2124 4326">
    <p class='ocr_par' dir='ltr' id='par_1_61' title="bbox 547 4251 2124 4326">
     <span class='ocr_line' id='line_1_62' title="bbox 547 4251 2124 4326; baseline 0.001 -19"><span class='ocrx_word' id='word_1_391' title='bbox 547 4251 730 4309; x_wconf 85' lang='lat' dir='ltr'><strong>ofﬁcio</strong></span> <span class='ocrx_word' id='word_1_392' title='bbox 759 4269 791 4309; x_wconf 86' lang='lat' dir='ltr'><strong>a</strong></span> <span class='ocrx_word' id='word_1_393' title='bbox 818 4252 929 4309; x_wconf 90' lang='lat' dir='ltr'><strong>Deo</strong></span> <span class='ocrx_word' id='word_1_394' title='bbox 965 4254 1126 4310; x_wconf 87' lang='lat' dir='ltr'><strong>nobis</strong></span> <span class='ocrx_word' id='word_1_395' title='bbox 1175 4254 1501 4321; x_wconf 86' lang='lat' dir='ltr'><strong>commisso,</strong></span> <span class='ocrx_word' id='word_1_396' title='bbox 1535 4268 1638 4309; x_wconf 87' lang='lat' dir='ltr'><strong>nos</strong></span> <span class='ocrx_word' id='word_1_397' title='bbox 1672 4253 1961 4308; x_wconf 85' lang='lat' dir='ltr'><strong>admoneat</strong></span> <span class='ocrx_word' id='word_1_398' title='bbox 1984 4255 2124 4326; x_wconf 82' lang='lat' dir='ltr'><strong>vigi-</strong></span> 
     </span>
    </p>
   </div>
   <div class='ocr_carea' id='block_1_62' title="bbox 546 4343 2123 4402">
    <p class='ocr_par' dir='ltr' id='par_1_62' title="bbox 546 4343 2123 4402">
     <span class='ocr_line' id='line_1_63' title="bbox 546 4343 2123 4402; baseline 0.001 -3"><span class='ocrx_word' id='word_1_399' title='bbox 546 4344 681 4400; x_wconf 89' lang='lat' dir='ltr'><strong>lanti</strong></span> <span class='ocrx_word' id='word_1_400' title='bbox 710 4360 843 4401; x_wconf 89' lang='lat' dir='ltr'><strong>cura</strong></span> <span class='ocrx_word' id='word_1_401' title='bbox 895 4344 1166 4401; x_wconf 84' lang='lat' dir='ltr'><strong>universis</strong></span> <span class='ocrx_word' id='word_1_402' title='bbox 1207 4343 1466 4402; x_wconf 89' lang='lat' dir='ltr'><strong>Ecclesiis</strong></span> <span class='ocrx_word' id='word_1_403' title='bbox 1516 4344 1633 4401; x_wconf 86' lang='lat' dir='ltr'><strong>toto</strong></span> <span class='ocrx_word' id='word_1_404' title='bbox 1682 4345 1814 4401; x_wconf 88' lang='lat' dir='ltr'><strong>orbe</strong></span> <span class='ocrx_word' id='word_1_405' title='bbox 1853 4354 2123 4402; x_wconf 77' lang='lat' dir='ltr'><strong>terrarum</strong></span> 
     </span>
    </p>
   </div>
   <div class='ocr_carea' id='block_1_63' title="bbox 546 4436 2121 4509">
    <p class='ocr_par' dir='ltr' id='par_1_63' title="bbox 546 4436 2121 4509">
     <span class='ocr_line' id='line_1_64' title="bbox 546 4436 2121 4509; baseline 0.003 -19"><span class='ocrx_word' id='word_1_406' title='bbox 546 4436 759 4493; x_wconf 81' lang='lat' dir='ltr'><strong>diﬁ‘usis</strong></span> <span class='ocrx_word' id='word_1_407' title='bbox 793 4437 1098 4508; x_wconf 88' lang='lat' dir='ltr'><strong>providere,</strong></span> <span class='ocrx_word' id='word_1_408' title='bbox 1145 4438 1366 4508; x_wconf 88' lang='lat' dir='ltr'><strong>speciali</strong></span> <span class='ocrx_word' id='word_1_409' title='bbox 1392 4446 1576 4492; x_wconf 88' lang='lat' dir='ltr'><strong>tamen</strong></span> <span class='ocrx_word' id='word_1_410' title='bbox 1614 4438 1987 4509; x_wconf 86' lang='lat' dir='ltr'><strong>speculatione</strong></span> <span class='ocrx_word' id='word_1_411' title='bbox 2018 4454 2121 4495; x_wconf 82' lang='lat' dir='ltr'><strong>no-</strong></span> 
     </span>
    </p>
   </div>
   <div class='ocr_carea' id='block_1_64' title="bbox 547 4527 2124 4600">
    <p class='ocr_par' dir='ltr' id='par_1_64' title="bbox 547 4527 2124 4600">
     <span class='ocr_line' id='line_1_65' title="bbox 547 4527 2124 4600; baseline 0.001 -18"><span class='ocrx_word' id='word_1_412' title='bbox 547 4536 676 4582; x_wconf 72' lang='lat' dir='ltr'><strong>strze</strong></span> <span class='ocrx_word' id='word_1_413' title='bbox 703 4527 939 4583; x_wconf 85' lang='lat' dir='ltr'><strong>Lucensi</strong></span> <span class='ocrx_word' id='word_1_414' title='bbox 961 4528 1218 4585; x_wconf 52' lang='lat' dir='ltr'><strong>Ecclesia;</strong></span> <span class='ocrx_word' id='word_1_415' title='bbox 1246 4545 1347 4599; x_wconf 88' lang='lat' dir='ltr'><strong>pro</strong></span> <span class='ocrx_word' id='word_1_416' title='bbox 1365 4545 1527 4598; x_wconf 88' lang='lat' dir='ltr'><strong>posse</strong></span> <span class='ocrx_word' id='word_1_417' title='bbox 1547 4545 1649 4583; x_wconf 87' lang='lat' dir='ltr'><strong>nos</strong></span> <span class='ocrx_word' id='word_1_418' title='bbox 1678 4528 1932 4598; x_wconf 87' lang='lat' dir='ltr'><strong>opitulari</strong></span> <span class='ocrx_word' id='word_1_419' title='bbox 1957 4546 2124 4600; x_wconf 87' lang='lat' dir='ltr'><strong>opor-</strong></span> 
     </span>
    </p>
   </div>
   <div class='ocr_carea' id='block_1_65' title="bbox 547 4618 2127 4692">
    <p class='ocr_par' dir='ltr' id='par_1_65' title="bbox 547 4618 2127 4692">
     <span class='ocr_line' id='line_1_66' title="bbox 547 4618 2127 4692; baseline 0.003 -19"><span class='ocrx_word' id='word_1_420' title='bbox 547 4628 644 4685; x_wconf 87' lang='lat' dir='ltr'><strong>tet,</strong></span> <span class='ocrx_word' id='word_1_421' title='bbox 679 4618 837 4690; x_wconf 84' lang='lat' dir='ltr'><strong>cujus</strong></span> <span class='ocrx_word' id='word_1_422' title='bbox 876 4621 1118 4692; x_wconf 81' lang='lat' dir='ltr'><strong>regimen</strong></span> <span class='ocrx_word' id='word_1_423' title='bbox 1140 4663 1154 4689; x_wconf 93' lang='lat'><strong>,</strong></span> <span class='ocrx_word' id='word_1_424' title='bbox 1190 4631 1483 4692; x_wconf 88' lang='lat' dir='ltr'><strong>antequam</strong></span> <span class='ocrx_word' id='word_1_425' title='bbox 1535 4621 1603 4676; x_wconf 88' lang='lat' dir='ltr'><strong>ad</strong></span> <span class='ocrx_word' id='word_1_426' title='bbox 1634 4621 1945 4691; x_wconf 64' lang='lat' dir='ltr'><strong>apostolicae</strong></span> <span class='ocrx_word' id='word_1_427' title='bbox 1979 4623 2127 4679; x_wconf 87' lang='lat' dir='ltr'><strong>sedis</strong></span> 
     </span>
    </p>
   </div>
   <div class='ocr_carea' id='block_1_66' title="bbox 549 4712 2122 4784">
    <p class='ocr_par' dir='ltr' id='par_1_66' title="bbox 549 4712 2122 4784">
     <span class='ocr_line' id='line_1_67' title="bbox 549 4712 2122 4784; baseline 0.003 -19"><span class='ocrx_word' id='word_1_428' title='bbox 549 4726 738 4765; x_wconf 89' lang='lat' dir='ltr'><strong>curam</strong></span> <span class='ocrx_word' id='word_1_429' title='bbox 761 4724 1104 4780; x_wconf 87' lang='lat' dir='ltr'><strong>vocaremur,</strong></span> <span class='ocrx_word' id='word_1_430' title='bbox 1117 4713 1298 4768; x_wconf 88' lang='lat' dir='ltr'><strong>divina</strong></span> <span class='ocrx_word' id='word_1_431' title='bbox 1309 4712 1468 4767; x_wconf 90' lang='lat' dir='ltr'><strong>nobis</strong></span> <span class='ocrx_word' id='word_1_432' title='bbox 1483 4712 1745 4784; x_wconf 86' lang='lat' dir='ltr'><strong>imposuit</strong></span> <span class='ocrx_word' id='word_1_433' title='bbox 1764 4713 2122 4783; x_wconf 77' lang='lat' dir='ltr'><strong>providentia.</strong></span> 
     </span>
    </p>
   </div>
   <div class='ocr_carea' id='block_1_67' title="bbox 552 4798 2125 4875">
    <p class='ocr_par' dir='ltr' id='par_1_67' title="bbox 552 4798 2125 4875">
     <span class='ocr_line' id='line_1_68' title="bbox 552 4798 2125 4875; baseline 0.003 -19"><span class='ocrx_word' id='word_1_434' title='bbox 552 4798 707 4856; x_wconf 80' lang='lat' dir='ltr'><strong>Unde</strong></span> <span class='ocrx_word' id='word_1_435' title='bbox 725 4817 851 4856; x_wconf 85' lang='lat' dir='ltr'><strong>cum</strong></span> <span class='ocrx_word' id='word_1_436' title='bbox 875 4803 1132 4857; x_wconf 87' lang='lat' dir='ltr'><strong>omnibus</strong></span> <span class='ocrx_word' id='word_1_437' title='bbox 1155 4802 1494 4872; x_wconf 89' lang='lat' dir='ltr'><strong>simpliciter,</strong></span> <span class='ocrx_word' id='word_1_438' title='bbox 1529 4802 1659 4859; x_wconf 87' lang='lat' dir='ltr'><strong>huic</strong></span> <span class='ocrx_word' id='word_1_439' title='bbox 1680 4813 1861 4858; x_wconf 84' lang='lat' dir='ltr'><strong>tamen</strong></span> <span class='ocrx_word' id='word_1_440' title='bbox 1894 4803 2125 4875; x_wconf 84' lang='lat' dir='ltr'><strong>duplici-</strong></span> 
     </span>
    </p>
   </div>
   <div class='ocr_carea' id='block_1_68' title="bbox 547 4893 2152 4966">
    <p class='ocr_par' dir='ltr' id='par_1_68' title="bbox 547 4893 2152 4966">
     <span class='ocr_line' id='line_1_69' title="bbox 547 4893 2152 4966; baseline 0.004 -19"><span class='ocrx_word' id='word_1_441' title='bbox 547 4902 650 4961; x_wconf 89' lang='lat' dir='ltr'><strong>ter,</strong></span> <span class='ocrx_word' id='word_1_442' title='bbox 677 4894 895 4949; x_wconf 91' lang='lat' dir='ltr'><strong>oculum</strong></span> <span class='ocrx_word' id='word_1_443' title='bbox 924 4903 1123 4949; x_wconf 67' lang='lat' dir='ltr'><strong>nostra:</strong></span> <span class='ocrx_word' id='word_1_444' title='bbox 1147 4893 1536 4964; x_wconf 89' lang='lat' dir='ltr'><strong>speculationis</strong></span> <span class='ocrx_word' id='word_1_445' title='bbox 1576 4894 1856 4950; x_wconf 88' lang='lat' dir='ltr'><strong>intendere</strong></span> <span class='ocrx_word' id='word_1_446' title='bbox 1891 4905 2152 4966; x_wconf 80' lang='lat' dir='ltr'><strong>oportet.’</strong></span> 
     </span>
    </p>
   </div>
   <div class='ocr_carea' id='block_1_69' title="bbox 548 4984 2125 5057">
    <p class='ocr_par' dir='ltr' id='par_1_69' title="bbox 548 4984 2125 5057">
     <span class='ocr_line' id='line_1_70' title="bbox 548 4984 2125 5057; baseline 0.003 -19"><span class='ocrx_word' id='word_1_447' title='bbox 548 4984 687 5040; x_wconf 87' lang='lat' dir='ltr'><strong>Nam</strong></span> <span class='ocrx_word' id='word_1_448' title='bbox 719 4987 868 5057; x_wconf 81' lang='lat' dir='ltr'><strong>quia,</strong></span> <span class='ocrx_word' id='word_1_449' title='bbox 898 4986 1119 5041; x_wconf 85' lang='lat' dir='ltr'><strong>inimico</strong></span> <span class='ocrx_word' id='word_1_450' title='bbox 1153 4985 1378 5041; x_wconf 86' lang='lat' dir='ltr'><strong>humani</strong></span> <span class='ocrx_word' id='word_1_451' title='bbox 1410 4987 1626 5057; x_wconf 81' lang='lat' dir='ltr'><strong>generis</strong></span> <span class='ocrx_word' id='word_1_452' title='bbox 1658 4986 1967 5054; x_wconf 88' lang='lat' dir='ltr'><strong>insidiante,</strong></span> <span class='ocrx_word' id='word_1_453' title='bbox 1993 5003 2125 5043; x_wconf 83' lang='lat' dir='ltr'><strong>san-</strong></span> 
     </span>
    </p>
   </div>
   <div class='ocr_carea' id='block_1_70' title="bbox 2232 1878 3789 1951">
    <p class='ocr_par' dir='ltr' id='par_1_70' title="bbox 2232 1878 3789 1951">
     <span class='ocr_line' id='line_1_71' title="bbox 2232 1878 3789 1951; baseline 0.002 -15"><span class='ocrx_word' id='word_1_454' title='bbox 2232 1879 2370 1943; x_wconf 78' lang='lat' dir='ltr'><strong>etin</strong></span> <span class='ocrx_word' id='word_1_455' title='bbox 2419 1879 2615 1935; x_wconf 90' lang='lat' dir='ltr'><strong>melius</strong></span> <span class='ocrx_word' id='word_1_456' title='bbox 2657 1878 3005 1951; x_wconf 75' lang='lat' dir='ltr'><strong>reformando</strong></span> <span class='ocrx_word' id='word_1_457' title='bbox 3056 1881 3443 1949; x_wconf 88' lang='lat' dir='ltr'><strong>decernimus,</strong></span> <span class='ocrx_word' id='word_1_458' title='bbox 3496 1898 3563 1937; x_wconf 92' lang='lat' dir='ltr'><strong>eo</strong></span> <span class='ocrx_word' id='word_1_459' title='bbox 3606 1883 3789 1939; x_wconf 86' lang='lat' dir='ltr'><strong>scilicet</strong></span> 
     </span>
    </p>
   </div>
   <div class='ocr_carea' id='block_1_71' title="bbox 2231 1974 3787 2047">
    <p class='ocr_par' dir='ltr' id='par_1_71' title="bbox 2231 1974 3787 2047">
     <span class='ocr_line' id='line_1_72' title="bbox 2231 1974 3787 2047; baseline 0.002 -18"><span class='ocrx_word' id='word_1_460' title='bbox 2231 1986 2441 2041; x_wconf 88' lang='lat' dir='ltr'><strong>tenore,</strong></span> <span class='ocrx_word' id='word_1_461' title='bbox 2492 1975 2593 2029; x_wconf 88' lang='lat' dir='ltr'><strong>hac</strong></span> <span class='ocrx_word' id='word_1_462' title='bbox 2628 1974 2839 2029; x_wconf 90' lang='lat' dir='ltr'><strong>ratione</strong></span> <span class='ocrx_word' id='word_1_463' title='bbox 2881 1983 2942 2028; x_wconf 92' lang='lat' dir='ltr'><strong>ut</strong></span> <span class='ocrx_word' id='word_1_464' title='bbox 2967 1990 3033 2029; x_wconf 83' lang='lat' dir='ltr'><strong>ex</strong></span> <span class='ocrx_word' id='word_1_465' title='bbox 3075 1974 3299 2046; x_wconf 78' lang='lat' dir='ltr'><strong>triginta</strong></span> <span class='ocrx_word' id='word_1_466' title='bbox 3335 1976 3618 2032; x_wconf 81' lang='lat' dir='ltr'><strong>ordinibus</strong></span> <span class='ocrx_word' id='word_1_467' title='bbox 3637 1977 3787 2047; x_wconf 87' lang='lat' dir='ltr'><strong>quiin</strong></span> 
     </span>
    </p>
   </div>
   <div class='ocr_carea' id='block_1_72' title="bbox 2226 2062 3785 2134">
    <p class='ocr_par' dir='ltr' id='par_1_72' title="bbox 2226 2062 3785 2134">
     <span class='ocr_line' id='line_1_73' title="bbox 2226 2062 3785 2134; baseline 0.002 -17"><span class='ocrx_word' id='word_1_468' title='bbox 2226 2063 2340 2134; x_wconf 90' lang='lat' dir='ltr'><strong>jam</strong></span> <span class='ocrx_word' id='word_1_469' title='bbox 2392 2064 2674 2118; x_wconf 85' lang='lat' dir='ltr'><strong>nominata</strong></span> <span class='ocrx_word' id='word_1_470' title='bbox 2710 2062 2941 2119; x_wconf 88' lang='lat' dir='ltr'><strong>ecclesia</strong></span> <span class='ocrx_word' id='word_1_471' title='bbox 2985 2078 3107 2120; x_wconf 86' lang='lat' dir='ltr'><strong>esse</strong></span> <span class='ocrx_word' id='word_1_472' title='bbox 3142 2074 3484 2133; x_wconf 87' lang='lat' dir='ltr'><strong>noscuntur,</strong></span> <span class='ocrx_word' id='word_1_473' title='bbox 3532 2067 3785 2123; x_wconf 87' lang='lat' dir='ltr'><strong>duodecim</strong></span> 
     </span>
    </p>
   </div>
   <div class='ocr_carea' id='block_1_73' title="bbox 2232 2155 3787 2228">
    <p class='ocr_par' dir='ltr' id='par_1_73' title="bbox 2232 2155 3787 2228">
     <span class='ocr_line' id='line_1_74' title="bbox 2232 2155 3787 2228; baseline 0.001 -18"><span class='ocrx_word' id='word_1_474' title='bbox 2232 2156 2566 2228; x_wconf 81' lang='lat' dir='ltr'><strong>presbyteris</strong></span> <span class='ocrx_word' id='word_1_475' title='bbox 2595 2155 2960 2222; x_wconf 86' lang='lat' dir='ltr'><strong>traderentur,</strong></span> <span class='ocrx_word' id='word_1_476' title='bbox 2986 2156 3082 2225; x_wconf 91' lang='lat' dir='ltr'><strong>qui</strong></span> <span class='ocrx_word' id='word_1_477' title='bbox 3110 2157 3353 2225; x_wconf 87' lang='lat' dir='ltr'><strong>quotidie</strong></span> <span class='ocrx_word' id='word_1_478' title='bbox 3396 2158 3682 2212; x_wconf 87' lang='lat' dir='ltr'><strong>missarum</strong></span> <span class='ocrx_word' id='word_1_479' title='bbox 3712 2173 3787 2212; x_wconf 46' lang='lat' dir='ltr'><strong>sos</strong></span> 
     </span>
    </p>
   </div>
   <div class='ocr_carea' id='block_1_74' title="bbox 2232 2249 3789 2322">
    <p class='ocr_par' dir='ltr' id='par_1_74' title="bbox 2232 2249 3789 2322">
     <span class='ocr_line' id='line_1_75' title="bbox 2232 2249 3789 2322; baseline 0.001 -17"><span class='ocrx_word' id='word_1_480' title='bbox 2232 2250 2430 2305; x_wconf 90' lang='lat' dir='ltr'><strong>lemnia</strong></span> <span class='ocrx_word' id='word_1_481' title='bbox 2454 2261 2506 2306; x_wconf 91' lang='lat' dir='ltr'><strong>et</strong></span> <span class='ocrx_word' id='word_1_482' title='bbox 2528 2267 2650 2321; x_wconf 74' lang='lat' dir='ltr'><strong>quze</strong></span> <span class='ocrx_word' id='word_1_483' title='bbox 2676 2250 2999 2306; x_wconf 88' lang='lat' dir='ltr'><strong>sacerdotali</strong></span> <span class='ocrx_word' id='word_1_484' title='bbox 3024 2249 3199 2306; x_wconf 88' lang='lat' dir='ltr'><strong>oﬁicio</strong></span> <span class='ocrx_word' id='word_1_485' title='bbox 3219 2260 3533 2322; x_wconf 83' lang='lat' dir='ltr'><strong>congruunt</strong></span> <span class='ocrx_word' id='word_1_486' title='bbox 3563 2265 3789 2322; x_wconf 78' lang='lat' dir='ltr'><strong>peragere</strong></span> 
     </span>
    </p>
   </div>
   <div class='ocr_carea' id='block_1_75' title="bbox 2231 2339 3787 2411">
    <p class='ocr_par' dir='ltr' id='par_1_75' title="bbox 2231 2339 3787 2411">
     <span class='ocr_line' id='line_1_76' title="bbox 2231 2339 3787 2411; baseline -0.001 -15"><span class='ocrx_word' id='word_1_487' title='bbox 2231 2350 2474 2411; x_wconf 89' lang='lat' dir='ltr'><strong>possent.</strong></span> <span class='ocrx_word' id='word_1_488' title='bbox 2502 2339 2719 2411; x_wconf 90' lang='lat' dir='ltr'><strong>Septem</strong></span> <span class='ocrx_word' id='word_1_489' title='bbox 2744 2356 2870 2395; x_wconf 89' lang='lat' dir='ltr'><strong>vero</strong></span> <span class='ocrx_word' id='word_1_490' title='bbox 2884 2341 3173 2407; x_wconf 88' lang='lat' dir='ltr'><strong>diaconos,</strong></span> <span class='ocrx_word' id='word_1_491' title='bbox 3199 2342 3425 2395; x_wconf 89' lang='lat' dir='ltr'><strong>totidem</strong></span> <span class='ocrx_word' id='word_1_492' title='bbox 3452 2341 3787 2396; x_wconf 78' lang='lat' dir='ltr'><strong>subdiaconos</strong></span> 
     </span>
    </p>
   </div>
   <div class='ocr_carea' id='block_1_76' title="bbox 2234 2431 3787 2504">
    <p class='ocr_par' dir='ltr' id='par_1_76' title="bbox 2234 2431 3787 2504">
     <span class='ocr_line' id='line_1_77' title="bbox 2234 2431 3787 2504; baseline -0.003 -16"><span class='ocrx_word' id='word_1_493' title='bbox 2234 2434 2289 2489; x_wconf 91' lang='lat' dir='ltr'><strong>in</strong></span> <span class='ocrx_word' id='word_1_494' title='bbox 2324 2434 2412 2489; x_wconf 89' lang='lat' dir='ltr'><strong>his</strong></span> <span class='ocrx_word' id='word_1_495' title='bbox 2444 2450 2658 2504; x_wconf 88' lang='lat' dir='ltr'><strong>semper</strong></span> <span class='ocrx_word' id='word_1_496' title='bbox 2680 2433 2984 2501; x_wconf 83' lang='lat' dir='ltr'><strong>ordinibus,</strong></span> <span class='ocrx_word' id='word_1_497' title='bbox 3012 2434 3107 2504; x_wconf 92' lang='lat' dir='ltr'><strong>qui</strong></span> <span class='ocrx_word' id='word_1_498' title='bbox 3157 2441 3531 2501; x_wconf 84' lang='lat' dir='ltr'><strong>competenter</strong></span> <span class='ocrx_word' id='word_1_499' title='bbox 3560 2431 3787 2487; x_wconf 82' lang='lat' dir='ltr'><strong>ecclesia-</strong></span> 
     </span>
    </p>
   </div>
   <div class='ocr_carea' id='block_1_77' title="bbox 2233 2521 3786 2594">
    <p class='ocr_par' dir='ltr' id='par_1_77' title="bbox 2233 2521 3786 2594">
     <span class='ocr_line' id='line_1_78' title="bbox 2233 2521 3786 2594; baseline -0.002 -17"><span class='ocrx_word' id='word_1_500' title='bbox 2233 2525 2431 2579; x_wconf 89' lang='lat' dir='ltr'><strong>sticum</strong></span> <span class='ocrx_word' id='word_1_501' title='bbox 2448 2522 2685 2579; x_wconf 84' lang='lat' dir='ltr'><strong>ollicium</strong></span> <span class='ocrx_word' id='word_1_502' title='bbox 2706 2523 2862 2594; x_wconf 85' lang='lat' dir='ltr'><strong>juxta</strong></span> <span class='ocrx_word' id='word_1_503' title='bbox 2892 2524 3136 2579; x_wconf 88' lang='lat' dir='ltr'><strong>ordinem</strong></span> <span class='ocrx_word' id='word_1_504' title='bbox 3164 2538 3323 2577; x_wconf 89' lang='lat' dir='ltr'><strong>suum</strong></span> <span class='ocrx_word' id='word_1_505' title='bbox 3353 2522 3647 2593; x_wconf 85' lang='lat' dir='ltr'><strong>adimplere</strong></span> <span class='ocrx_word' id='word_1_506' title='bbox 3661 2521 3786 2575; x_wconf 58' lang='lat' dir='ltr'><strong>valca</strong></span> 
     </span>
    </p>
   </div>
   <div class='ocr_carea' id='block_1_78' title="bbox 2231 2609 3783 2684">
    <p class='ocr_par' dir='ltr' id='par_1_78' title="bbox 2231 2609 3783 2684">
     <span class='ocr_line' id='line_1_79' title="bbox 2231 2609 3783 2684; baseline -0.003 -16"><span class='ocrx_word' id='word_1_507' title='bbox 2231 2624 2381 2681; x_wconf 88' lang='lat' dir='ltr'><strong>rent;</strong></span> <span class='ocrx_word' id='word_1_508' title='bbox 2410 2615 2653 2684; x_wconf 89' lang='lat' dir='ltr'><strong>reliquos</strong></span> <span class='ocrx_word' id='word_1_509' title='bbox 2674 2629 2803 2667; x_wconf 89' lang='lat' dir='ltr'><strong>vero</strong></span> <span class='ocrx_word' id='word_1_510' title='bbox 2825 2614 2995 2668; x_wconf 88' lang='lat' dir='ltr'><strong>choro</strong></span> <span class='ocrx_word' id='word_1_511' title='bbox 3010 2611 3390 2667; x_wconf 88' lang='lat' dir='ltr'><strong>tantummodo</strong></span> <span class='ocrx_word' id='word_1_512' title='bbox 3412 2609 3783 2681; x_wconf 88' lang='lat' dir='ltr'><strong>deputavimus.</strong></span> 
     </span>
    </p>
   </div>
   <div class='ocr_carea' id='block_1_79' title="bbox 2232 2700 3787 2775">
    <p class='ocr_par' dir='ltr' id='par_1_79' title="bbox 2232 2700 3787 2775">
     <span class='ocr_line' id='line_1_80' title="bbox 2232 2700 3787 2775; baseline -0.005 -17"><span class='ocrx_word' id='word_1_513' title='bbox 2232 2703 2343 2759; x_wconf 81' lang='lat' dir='ltr'><strong>Nos</strong></span> <span class='ocrx_word' id='word_1_514' title='bbox 2359 2721 2490 2775; x_wconf 83' lang='lat' dir='ltr'><strong>ergo</strong></span> <span class='ocrx_word' id='word_1_515' title='bbox 2511 2705 2565 2758; x_wconf 93' lang='lat' dir='ltr'><strong>in</strong></span> <span class='ocrx_word' id='word_1_516' title='bbox 2587 2703 2827 2775; x_wconf 64' lang='lat' dir='ltr'><strong>praefatis</strong></span> <span class='ocrx_word' id='word_1_517' title='bbox 2844 2701 3130 2758; x_wconf 87' lang='lat' dir='ltr'><strong>ordinibus</strong></span> <span class='ocrx_word' id='word_1_518' title='bbox 3150 2702 3224 2756; x_wconf 85' lang='lat' dir='ltr'><strong>ita</strong></span> <span class='ocrx_word' id='word_1_519' title='bbox 3245 2701 3371 2772; x_wconf 83' lang='lat' dir='ltr'><strong>eligi</strong></span> <span class='ocrx_word' id='word_1_520' title='bbox 3391 2700 3717 2755; x_wconf 87' lang='lat' dir='ltr'><strong>decrevimus</strong></span> <span class='ocrx_word' id='word_1_521' title='bbox 3737 2706 3787 2751; x_wconf 86' lang='lat' dir='ltr'><strong>ut</strong></span> 
     </span>
    </p>
   </div>
   <div class='ocr_carea' id='block_1_80' title="bbox 2233 2788 3784 2864">
    <p class='ocr_par' dir='ltr' id='par_1_80' title="bbox 2233 2788 3784 2864">
     <span class='ocr_line' id='line_1_81' title="bbox 2233 2788 3784 2864; baseline -0.005 -15"><span class='ocrx_word' id='word_1_522' title='bbox 2233 2795 2279 2849; x_wconf 88' lang='lat' dir='ltr'><strong>si</strong></span> <span class='ocrx_word' id='word_1_523' title='bbox 2302 2794 2542 2864; x_wconf 90' lang='lat' dir='ltr'><strong>quando,</strong></span> <span class='ocrx_word' id='word_1_524' title='bbox 2569 2793 2681 2848; x_wconf 89' lang='lat' dir='ltr'><strong>Deo</strong></span> <span class='ocrx_word' id='word_1_525' title='bbox 2716 2801 2966 2859; x_wconf 90' lang='lat' dir='ltr'><strong>vocante,</strong></span> <span class='ocrx_word' id='word_1_526' title='bbox 2993 2793 3191 2863; x_wconf 85' lang='lat' dir='ltr'><strong>aliquis</strong></span> <span class='ocrx_word' id='word_1_527' title='bbox 3236 2807 3433 2845; x_wconf 91' lang='lat' dir='ltr'><strong>eorum</strong></span> <span class='ocrx_word' id='word_1_528' title='bbox 3468 2806 3533 2845; x_wconf 76' lang='lat' dir='ltr'><strong>ex</strong></span> <span class='ocrx_word' id='word_1_529' title='bbox 3564 2789 3660 2845; x_wconf 84' lang='lat' dir='ltr'><strong>hac</strong></span> <span class='ocrx_word' id='word_1_530' title='bbox 3684 2788 3784 2844; x_wconf 87' lang='lat' dir='ltr'><strong>luce</strong></span> 
     </span>
    </p>
   </div>
   <div class='ocr_carea' id='block_1_81' title="bbox 2232 2883 3785 2957">
    <p class='ocr_par' dir='ltr' id='par_1_81' title="bbox 2232 2883 3785 2957">
     <span class='ocr_line' id='line_1_82' title="bbox 2232 2883 3785 2957; baseline -0.001 -18"><span class='ocrx_word' id='word_1_531' title='bbox 2232 2886 2557 2954; x_wconf 88' lang='lat' dir='ltr'><strong>decesserit,</strong></span> <span class='ocrx_word' id='word_1_532' title='bbox 2606 2887 2728 2942; x_wconf 92' lang='lat' dir='ltr'><strong>loco</strong></span> <span class='ocrx_word' id='word_1_533' title='bbox 2761 2887 2882 2957; x_wconf 88' lang='lat' dir='ltr'><strong>ejus</strong></span> <span class='ocrx_word' id='word_1_534' title='bbox 2927 2887 3109 2940; x_wconf 89' lang='lat' dir='ltr'><strong>nullus</strong></span> <span class='ocrx_word' id='word_1_535' title='bbox 3146 2886 3289 2940; x_wconf 90' lang='lat' dir='ltr'><strong>alius</strong></span> <span class='ocrx_word' id='word_1_536' title='bbox 3317 2886 3661 2956; x_wconf 82' lang='lat' dir='ltr'><strong>subrogetur,</strong></span> <span class='ocrx_word' id='word_1_537' title='bbox 3697 2883 3785 2937; x_wconf 89' lang='lat' dir='ltr'><strong>nisi</strong></span> 
     </span>
    </p>
   </div>
   <div class='ocr_carea' id='block_1_82' title="bbox 2234 2972 3785 3047">
    <p class='ocr_par' dir='ltr' id='par_1_82' title="bbox 2234 2972 3785 3047">
     <span class='ocr_line' id='line_1_83' title="bbox 2234 2972 3785 3047; baseline -0.001 -18"><span class='ocrx_word' id='word_1_538' title='bbox 2234 2976 2322 3030; x_wconf 92' lang='lat' dir='ltr'><strong>ille</strong></span> <span class='ocrx_word' id='word_1_539' title='bbox 2353 2977 2447 3047; x_wconf 89' lang='lat' dir='ltr'><strong>qui</strong></span> <span class='ocrx_word' id='word_1_540' title='bbox 2489 2977 2801 3031; x_wconf 86' lang='lat' dir='ltr'><strong>decedentis</strong></span> <span class='ocrx_word' id='word_1_541' title='bbox 2825 2977 3062 3030; x_wconf 83' lang='lat' dir='ltr'><strong>ollicium</strong></span> <span class='ocrx_word' id='word_1_542' title='bbox 3112 2976 3420 3047; x_wconf 83' lang='lat' dir='ltr'><strong>integritate</strong></span> <span class='ocrx_word' id='word_1_543' title='bbox 3443 2975 3568 3030; x_wconf 68' lang='lat' dir='ltr'><strong>vita:</strong></span> <span class='ocrx_word' id='word_1_544' title='bbox 3591 2985 3641 3029; x_wconf 89' lang='lat' dir='ltr'><strong>et</strong></span> <span class='ocrx_word' id='word_1_545' title='bbox 3658 2972 3785 3044; x_wconf 81' lang='lat' dir='ltr'><strong>puri-</strong></span> 
     </span>
    </p>
   </div>
   <div class='ocr_carea' id='block_1_83' title="bbox 2234 3062 3784 3137">
    <p class='ocr_par' dir='ltr' id='par_1_83' title="bbox 2234 3062 3784 3137">
     <span class='ocr_line' id='line_1_84' title="bbox 2234 3062 3784 3137; baseline -0.005 -16"><span class='ocrx_word' id='word_1_546' title='bbox 2234 3077 2341 3121; x_wconf 89' lang='lat' dir='ltr'><strong>tate</strong></span> <span class='ocrx_word' id='word_1_547' title='bbox 2368 3068 2607 3122; x_wconf 75' lang='lat' dir='ltr'><strong>scientire</strong></span> <span class='ocrx_word' id='word_1_548' title='bbox 2634 3069 2809 3120; x_wconf 89' lang='lat' dir='ltr'><strong>valeat</strong></span> <span class='ocrx_word' id='word_1_549' title='bbox 2852 3067 3165 3136; x_wconf 88' lang='lat' dir='ltr'><strong>adimplere,</strong></span> <span class='ocrx_word' id='word_1_550' title='bbox 3192 3075 3253 3120; x_wconf 89' lang='lat' dir='ltr'><strong>ut</strong></span> <span class='ocrx_word' id='word_1_551' title='bbox 3279 3066 3322 3121; x_wconf 92' lang='lat' dir='ltr'><strong>si</strong></span> <span class='ocrx_word' id='word_1_552' title='bbox 3346 3066 3625 3137; x_wconf 80' lang='lat' dir='ltr'><strong>presbyter</strong></span> <span class='ocrx_word' id='word_1_553' title='bbox 3647 3062 3784 3119; x_wconf 78' lang='lat' dir='ltr'><strong>fuerit</strong></span> 
     </span>
    </p>
   </div>
   <div class='ocr_carea' id='block_1_84' title="bbox 2159 3143 3783 3228">
    <p class='ocr_par' dir='ltr' id='par_1_84' title="bbox 2159 3143 3783 3228">
     <span class='ocr_line' id='line_1_85' title="bbox 2159 3143 3783 3228; baseline -0.006 -16"><span class='ocrx_word' id='word_1_554' title='bbox 2159 3143 2198 3198; x_wconf 64' lang='grc' dir='ltr'><strong>(ἶ</strong></span> <span class='ocrx_word' id='word_1_555' title='bbox 2233 3158 2508 3224; x_wconf 87' lang='lat' dir='ltr'><strong>decessor,</strong></span> <span class='ocrx_word' id='word_1_556' title='bbox 2540 3157 2661 3211; x_wconf 92' lang='lat' dir='ltr'><strong>loco</strong></span> <span class='ocrx_word' id='word_1_557' title='bbox 2691 3157 2811 3226; x_wconf 90' lang='lat' dir='ltr'><strong>ejus</strong></span> <span class='ocrx_word' id='word_1_558' title='bbox 2841 3157 2926 3211; x_wconf 86' lang='lat' dir='ltr'><strong>vel</strong></span> <span class='ocrx_word' id='word_1_559' title='bbox 2975 3156 3257 3228; x_wconf 80' lang='lat' dir='ltr'><strong>presbyter</strong></span> <span class='ocrx_word' id='word_1_560' title='bbox 3286 3155 3665 3220; x_wconf 88' lang='lat' dir='ltr'><strong>substituatur,</strong></span> <span class='ocrx_word' id='word_1_561' title='bbox 3714 3151 3783 3203; x_wconf 82' lang='lat' dir='ltr'><strong>vel</strong></span> 
     </span>
    </p>
   </div>
   <div class='ocr_carea' id='block_1_85' title="bbox 2233 3241 3781 3320">
    <p class='ocr_par' dir='ltr' id='par_1_85' title="bbox 2233 3241 3781 3320">
     <span class='ocr_line' id='line_1_86' title="bbox 2233 3241 3781 3320; baseline -0.005 -18"><span class='ocrx_word' id='word_1_562' title='bbox 2233 3250 2329 3320; x_wconf 84' lang='lat' dir='ltr'><strong>qui</strong></span> <span class='ocrx_word' id='word_1_563' title='bbox 2368 3250 2557 3303; x_wconf 85' lang='lat' dir='ltr'><strong>eodem</strong></span> <span class='ocrx_word' id='word_1_564' title='bbox 2600 3263 2745 3303; x_wconf 89' lang='lat' dir='ltr'><strong>anno</strong></span> <span class='ocrx_word' id='word_1_565' title='bbox 2779 3247 3103 3319; x_wconf 77' lang='lat' dir='ltr'><strong>presbyterii</strong></span> <span class='ocrx_word' id='word_1_566' title='bbox 3132 3248 3312 3301; x_wconf 80' lang='lat' dir='ltr'><strong>valeat</strong></span> <span class='ocrx_word' id='word_1_567' title='bbox 3356 3246 3621 3303; x_wconf 89' lang='lat' dir='ltr'><strong>honorem</strong></span> <span class='ocrx_word' id='word_1_568' title='bbox 3663 3241 3781 3297; x_wconf 72' lang='lat' dir='ltr'><strong>seei--</strong></span> 
     </span>
    </p>
   </div>
   <div class='ocr_carea' id='block_1_86' title="bbox 2233 3336 3785 3412">
    <p class='ocr_par' dir='ltr' id='par_1_86' title="bbox 2233 3336 3785 3412">
     <span class='ocr_line' id='line_1_87' title="bbox 2233 3336 3785 3412; baseline -0.004 -17"><span class='ocrx_word' id='word_1_569' title='bbox 2233 3358 2379 3412; x_wconf 88' lang='lat' dir='ltr'><strong>pere.</strong></span> <span class='ocrx_word' id='word_1_570' title='bbox 2436 3341 2696 3395; x_wconf 89' lang='lat' dir='ltr'><strong>Similiter</strong></span> <span class='ocrx_word' id='word_1_571' title='bbox 2738 3341 2804 3395; x_wconf 90' lang='lat' dir='ltr'><strong>de</strong></span> <span class='ocrx_word' id='word_1_572' title='bbox 2836 3339 3160 3395; x_wconf 84' lang='lat' dir='ltr'><strong>diaconibus</strong></span> <span class='ocrx_word' id='word_1_573' title='bbox 3185 3349 3241 3393; x_wconf 90' lang='lat' dir='ltr'><strong>et</strong></span> <span class='ocrx_word' id='word_1_574' title='bbox 3268 3339 3335 3394; x_wconf 91' lang='lat' dir='ltr'><strong>de</strong></span> <span class='ocrx_word' id='word_1_575' title='bbox 3386 3336 3785 3395; x_wconf 85' lang='lat' dir='ltr'><strong>subdiaconibus</strong></span> 
     </span>
    </p>
   </div>
   <div class='ocr_carea' id='block_1_87' title="bbox 2229 3432 3339 3504">
    <p class='ocr_par' dir='ltr' id='par_1_87' title="bbox 2229 3432 3339 3504">
     <span class='ocr_line' id='line_1_88' title="bbox 2229 3432 3339 3504; baseline -0.004 -14"><span class='ocrx_word' id='word_1_576' title='bbox 2229 3435 2417 3490; x_wconf 90' lang='lat' dir='ltr'><strong>eadem</strong></span> <span class='ocrx_word' id='word_1_577' title='bbox 2456 3435 2599 3489; x_wconf 85' lang='lat' dir='ltr'><strong>ratio</strong></span> <span class='ocrx_word' id='word_1_578' title='bbox 2622 3434 2873 3504; x_wconf 88' lang='lat' dir='ltr'><strong>idemque</strong></span> <span class='ocrx_word' id='word_1_579' title='bbox 2903 3433 3037 3489; x_wconf 87' lang='lat' dir='ltr'><strong>ordo</strong></span> <span class='ocrx_word' id='word_1_580' title='bbox 3058 3432 3339 3504; x_wconf 90' lang='lat' dir='ltr'><strong>procedat.</strong></span> 
     </span>
    </p>
   </div>
   <div class='ocr_carea' id='block_1_88' title="bbox 2304 3518 3785 3587">
    <p class='ocr_par' dir='ltr' id='par_1_88' title="bbox 2304 3518 3785 3587">
     <span class='ocr_line' id='line_1_89' title="bbox 2304 3518 3785 3587; baseline -0.005 -9"><span class='ocrx_word' id='word_1_581' title='bbox 2304 3524 2511 3580; x_wconf 80' lang='lat' dir='ltr'><strong>Horum</strong></span> <span class='ocrx_word' id='word_1_582' title='bbox 2567 3533 2749 3580; x_wconf 89' lang='lat' dir='ltr'><strong>autem</strong></span> <span class='ocrx_word' id='word_1_583' title='bbox 2793 3524 3039 3579; x_wconf 91' lang='lat' dir='ltr'><strong>omnium</strong></span> <span class='ocrx_word' id='word_1_584' title='bbox 3096 3524 3502 3579; x_wconf 87' lang='lat' dir='ltr'><strong>ordinationem</strong></span> <span class='ocrx_word' id='word_1_585' title='bbox 3551 3521 3649 3587; x_wconf 72' lang='lat' dir='ltr'><strong>ita,</strong></span> <span class='ocrx_word' id='word_1_586' title='bbox 3691 3518 3785 3571; x_wconf 81' lang='lat' dir='ltr'><strong>Deo</strong></span> 
     </span>
    </p>
   </div>
   <div class='ocr_carea' id='block_1_89' title="bbox 2230 3608 3785 3682">
    <p class='ocr_par' dir='ltr' id='par_1_89' title="bbox 2230 3608 3785 3682">
     <span class='ocr_line' id='line_1_90' title="bbox 2230 3608 3785 3682; baseline -0.001 -14"><span class='ocrx_word' id='word_1_587' title='bbox 2230 3624 2526 3682; x_wconf 89' lang='lat' dir='ltr'><strong>annuente,</strong></span> <span class='ocrx_word' id='word_1_588' title='bbox 2572 3614 2826 3669; x_wconf 89' lang='lat' dir='ltr'><strong>volumus</strong></span> <span class='ocrx_word' id='word_1_589' title='bbox 2867 3615 3125 3669; x_wconf 89' lang='lat' dir='ltr'><strong>canonice</strong></span> <span class='ocrx_word' id='word_1_590' title='bbox 3152 3614 3292 3679; x_wconf 86' lang='lat' dir='ltr'><strong>ﬁeri,</strong></span> <span class='ocrx_word' id='word_1_591' title='bbox 3329 3622 3392 3668; x_wconf 92' lang='lat' dir='ltr'><strong>ut</strong></span> <span class='ocrx_word' id='word_1_592' title='bbox 3430 3613 3581 3668; x_wconf 84' lang='lat' dir='ltr'><strong>nulla</strong></span> <span class='ocrx_word' id='word_1_593' title='bbox 3608 3608 3785 3668; x_wconf 61' lang='grc' dir='ltr'><strong>*ωηο</strong></span> 
     </span>
    </p>
   </div>
   <div class='ocr_carea' id='block_1_90' title="bbox 2228 3700 3787 3777">
    <p class='ocr_par' dir='ltr' id='par_1_90' title="bbox 2228 3700 3787 3777">
     <span class='ocr_line' id='line_1_91' title="bbox 2228 3700 3787 3777; baseline -0.005 -16"><span class='ocrx_word' id='word_1_594' title='bbox 2228 3708 2358 3762; x_wconf 88' lang='lat' dir='ltr'><strong>tatis</strong></span> <span class='ocrx_word' id='word_1_595' title='bbox 2404 3707 2587 3774; x_wconf 83' lang='lat' dir='ltr'><strong>fraus,</strong></span> <span class='ocrx_word' id='word_1_596' title='bbox 2640 3708 2726 3761; x_wconf 84' lang='lat' dir='ltr'><strong>vel</strong></span> <span class='ocrx_word' id='word_1_597' title='bbox 2758 3707 3003 3777; x_wconf 75' lang='lat' dir='ltr'><strong>pecunia:</strong></span> <span class='ocrx_word' id='word_1_598' title='bbox 3040 3706 3383 3761; x_wconf 86' lang='lat' dir='ltr'><strong>interventus</strong></span> <span class='ocrx_word' id='word_1_599' title='bbox 3414 3704 3601 3774; x_wconf 88' lang='lat' dir='ltr'><strong>aliqua</strong></span> <span class='ocrx_word' id='word_1_600' title='bbox 3636 3700 3787 3771; x_wconf 83' lang='lat' dir='ltr'><strong>possit</strong></span> 
     </span>
    </p>
   </div>
   <div class='ocr_carea' id='block_1_91' title="bbox 2229 3793 3784 3867">
    <p class='ocr_par' dir='ltr' id='par_1_91' title="bbox 2229 3793 3784 3867">
     <span class='ocr_line' id='line_1_92' title="bbox 2229 3793 3784 3867; baseline -0.005 -15"><span class='ocrx_word' id='word_1_601' title='bbox 2229 3796 2439 3852; x_wconf 87' lang='lat' dir='ltr'><strong>ratione</strong></span> <span class='ocrx_word' id='word_1_602' title='bbox 2475 3796 2782 3867; x_wconf 87' lang='lat' dir='ltr'><strong>subripere,</strong></span> <span class='ocrx_word' id='word_1_603' title='bbox 2807 3796 2900 3851; x_wconf 92' lang='lat' dir='ltr'><strong>sed</strong></span> <span class='ocrx_word' id='word_1_604' title='bbox 2932 3797 3102 3866; x_wconf 85' lang='lat' dir='ltr'><strong>gratis</strong></span> <span class='ocrx_word' id='word_1_605' title='bbox 3133 3804 3188 3851; x_wconf 89' lang='lat' dir='ltr'><strong>et</strong></span> <span class='ocrx_word' id='word_1_606' title='bbox 3218 3796 3427 3865; x_wconf 87' lang='lat' dir='ltr'><strong>absque</strong></span> <span class='ocrx_word' id='word_1_607' title='bbox 3476 3793 3637 3851; x_wconf 90' lang='lat' dir='ltr'><strong>ullius</strong></span> <span class='ocrx_word' id='word_1_608' title='bbox 3657 3808 3784 3848; x_wconf 82' lang='lat' dir='ltr'><strong>eom—</strong></span> 
     </span>
    </p>
   </div>
   <div class='ocr_carea' id='block_1_92' title="bbox 2232 3887 3783 3955">
    <p class='ocr_par' dir='ltr' id='par_1_92' title="bbox 2232 3887 3783 3955">
     <span class='ocr_line' id='line_1_93' title="bbox 2232 3887 3783 3955; baseline -0.006 -10"><span class='ocrx_word' id='word_1_609' title='bbox 2232 3890 2383 3945; x_wconf 89' lang='lat' dir='ltr'><strong>modi</strong></span> <span class='ocrx_word' id='word_1_610' title='bbox 2431 3891 2644 3944; x_wconf 90' lang='lat' dir='ltr'><strong>ratione</strong></span> <span class='ocrx_word' id='word_1_611' title='bbox 2693 3889 2995 3955; x_wconf 78' lang='lat' dir='ltr'><strong>consistat,</strong></span> <span class='ocrx_word' id='word_1_612' title='bbox 3050 3888 3156 3944; x_wconf 91' lang='lat' dir='ltr'><strong>nisi</strong></span> <span class='ocrx_word' id='word_1_613' title='bbox 3187 3887 3526 3943; x_wconf 85' lang='lat' dir='ltr'><strong>ordinandus</strong></span> <span class='ocrx_word' id='word_1_614' title='bbox 3559 3902 3661 3941; x_wconf 86' lang='lat' dir='ltr'><strong>non</strong></span> <span class='ocrx_word' id='word_1_615' title='bbox 3685 3892 3783 3938; x_wconf 83' lang='lat' dir='ltr'><strong>sta—</strong></span> 
     </span>
    </p>
   </div>
   <div class='ocr_carea' id='block_1_93' title="bbox 2230 3978 3784 4052">
    <p class='ocr_par' dir='ltr' id='par_1_93' title="bbox 2230 3978 3784 4052">
     <span class='ocr_line' id='line_1_94' title="bbox 2230 3978 3784 4052; baseline -0.006 -15"><span class='ocrx_word' id='word_1_616' title='bbox 2230 3991 2347 4037; x_wconf 86' lang='lat' dir='ltr'><strong>tuto</strong></span> <span class='ocrx_word' id='word_1_617' title='bbox 2369 3983 2565 4052; x_wconf 90' lang='lat' dir='ltr'><strong>pretio,</strong></span> <span class='ocrx_word' id='word_1_618' title='bbox 2592 3982 2685 4036; x_wconf 89' lang='lat' dir='ltr'><strong>sed</strong></span> <span class='ocrx_word' id='word_1_619' title='bbox 2712 3996 2811 4035; x_wconf 90' lang='lat' dir='ltr'><strong>sua</strong></span> <span class='ocrx_word' id='word_1_620' title='bbox 2846 3989 3065 4051; x_wconf 87' lang='lat' dir='ltr'><strong>sponte,</strong></span> <span class='ocrx_word' id='word_1_621' title='bbox 3111 3981 3178 4035; x_wconf 89' lang='lat' dir='ltr'><strong>ad</strong></span> <span class='ocrx_word' id='word_1_622' title='bbox 3206 3980 3497 4033; x_wconf 84' lang='lat' dir='ltr'><strong>utilitatem</strong></span> <span class='ocrx_word' id='word_1_623' title='bbox 3538 3978 3618 4034; x_wconf 84' lang='lat' dir='ltr'><strong>vel</strong></span> <span class='ocrx_word' id='word_1_624' title='bbox 3641 3980 3784 4031; x_wconf 71' lang='lat' dir='ltr'><strong>hone-</strong></span> 
     </span>
    </p>
   </div>
   <div class='ocr_carea' id='block_1_94' title="bbox 2229 4068 3783 4144">
    <p class='ocr_par' dir='ltr' id='par_1_94' title="bbox 2229 4068 3783 4144">
     <span class='ocr_line' id='line_1_95' title="bbox 2229 4068 3783 4144; baseline -0.007 -13"><span class='ocrx_word' id='word_1_625' title='bbox 2229 4084 2421 4131; x_wconf 76' lang='lat' dir='ltr'><strong>statem</strong></span> <span class='ocrx_word' id='word_1_626' title='bbox 2462 4074 2706 4129; x_wconf 68' lang='lat' dir='ltr'><strong>ecclesiae</strong></span> <span class='ocrx_word' id='word_1_627' title='bbox 2745 4073 2953 4142; x_wconf 85' lang='lat' dir='ltr'><strong>aliquid</strong></span> <span class='ocrx_word' id='word_1_628' title='bbox 2992 4073 3178 4144; x_wconf 85' lang='lat' dir='ltr'><strong>largiri</strong></span> <span class='ocrx_word' id='word_1_629' title='bbox 3222 4071 3476 4126; x_wconf 88' lang='lat' dir='ltr'><strong>voluerit.</strong></span> <span class='ocrx_word' id='word_1_630' title='bbox 3504 4068 3783 4126; x_wconf 84' lang='lat' dir='ltr'><strong>Avaritiam</strong></span> 
     </span>
    </p>
   </div>
   <div class='ocr_carea' id='block_1_95' title="bbox 2225 4163 3783 4235">
    <p class='ocr_par' dir='ltr' id='par_1_95' title="bbox 2225 4163 3783 4235">
     <span class='ocr_line' id='line_1_96' title="bbox 2225 4163 3783 4235; baseline -0.005 -14"><span class='ocrx_word' id='word_1_631' title='bbox 2225 4168 2427 4222; x_wconf 88' lang='lat' dir='ltr'><strong>etenim</strong></span> <span class='ocrx_word' id='word_1_632' title='bbox 2466 4167 2531 4221; x_wconf 90' lang='lat' dir='ltr'><strong>de</strong></span> <span class='ocrx_word' id='word_1_633' title='bbox 2584 4165 2785 4235; x_wconf 90' lang='lat' dir='ltr'><strong>templo</strong></span> <span class='ocrx_word' id='word_1_634' title='bbox 2836 4163 2933 4218; x_wconf 89' lang='lat' dir='ltr'><strong>Dei</strong></span> <span class='ocrx_word' id='word_1_635' title='bbox 2996 4164 3383 4219; x_wconf 87' lang='lat' dir='ltr'><strong>climinandam</strong></span> <span class='ocrx_word' id='word_1_636' title='bbox 3452 4177 3668 4220; x_wconf 87' lang='lat' dir='ltr'><strong>sacrum</strong></span> <span class='ocrx_word' id='word_1_637' title='bbox 3714 4167 3783 4213; x_wconf 54' lang='lat' dir='ltr'><strong>tea</strong></span> 
     </span>
    </p>
   </div>
   <div class='ocr_carea' id='block_1_96' title="bbox 2229 4253 3782 4329">
    <p class='ocr_par' dir='ltr' id='par_1_96' title="bbox 2229 4253 3782 4329">
     <span class='ocr_line' id='line_1_97' title="bbox 2229 4253 3782 4329; baseline -0.006 -15"><span class='ocrx_word' id='word_1_638' title='bbox 2229 4267 2406 4315; x_wconf 88' lang='lat' dir='ltr'><strong>statur</strong></span> <span class='ocrx_word' id='word_1_639' title='bbox 2458 4257 2813 4329; x_wconf 83' lang='lat' dir='ltr'><strong>Evangelium</strong></span> <span class='ocrx_word' id='word_1_640' title='bbox 2845 4298 2860 4324; x_wconf 95' lang='lat'><strong>,</strong></span> <span class='ocrx_word' id='word_1_641' title='bbox 2941 4257 3091 4327; x_wconf 91' lang='lat' dir='ltr'><strong>quod</strong></span> <span class='ocrx_word' id='word_1_642' title='bbox 3158 4254 3329 4311; x_wconf 88' lang='lat' dir='ltr'><strong>refert</strong></span> <span class='ocrx_word' id='word_1_643' title='bbox 3394 4263 3451 4315; x_wconf 85' lang='lat' dir='ltr'><strong>et</strong></span> <span class='ocrx_word' id='word_1_644' title='bbox 3521 4253 3782 4309; x_wconf 84' lang='lat' dir='ltr'><strong>Dominum</strong></span> 
     </span>
    </p>
   </div>
   <div class='ocr_carea' id='block_1_97' title="bbox 2226 4347 3780 4421">
    <p class='ocr_par' dir='ltr' id='par_1_97' title="bbox 2226 4347 3780 4421">
     <span class='ocr_line' id='line_1_98' title="bbox 2226 4347 3780 4421; baseline -0.006 -16"><span class='ocrx_word' id='word_1_645' title='bbox 2226 4366 2322 4421; x_wconf 90' lang='lat' dir='ltr'><strong>per</strong></span> <span class='ocrx_word' id='word_1_646' title='bbox 2354 4366 2413 4406; x_wconf 89' lang='lat' dir='ltr'><strong>se</strong></span> <span class='ocrx_word' id='word_1_647' title='bbox 2444 4351 2620 4421; x_wconf 91' lang='lat' dir='ltr'><strong>ipsum</strong></span> <span class='ocrx_word' id='word_1_648' title='bbox 2664 4349 3157 4403; x_wconf 82' lang='lat' dir='ltr'><strong>nummulariorum</strong></span> <span class='ocrx_word' id='word_1_649' title='bbox 3200 4363 3277 4404; x_wconf 70' lang='lat' dir='ltr'><strong>tes</strong></span> <span class='ocrx_word' id='word_1_650' title='bbox 3319 4347 3594 4413; x_wconf 73' lang='lat' dir='ltr'><strong>eﬂ‘udisse,</strong></span> <span class='ocrx_word' id='word_1_651' title='bbox 3623 4354 3673 4400; x_wconf 90' lang='lat' dir='ltr'><strong>et</strong></span> <span class='ocrx_word' id='word_1_652' title='bbox 3700 4357 3780 4397; x_wconf 81' lang='lat' dir='ltr'><strong>ca-</strong></span> 
     </span>
    </p>
   </div>
   <div class='ocr_carea' id='block_1_98' title="bbox 2227 4436 3779 4497">
    <p class='ocr_par' dir='ltr' id='par_1_98' title="bbox 2227 4436 3779 4497">
     <span class='ocr_line' id='line_1_99' title="bbox 2227 4436 3779 4497; baseline -0.008 0"><span class='ocrx_word' id='word_1_653' title='bbox 2227 4443 2446 4497; x_wconf 83' lang='lat' dir='ltr'><strong>thedras</strong></span> <span class='ocrx_word' id='word_1_654' title='bbox 2503 4440 2851 4495; x_wconf 89' lang='lat' dir='ltr'><strong>vendentium</strong></span> <span class='ocrx_word' id='word_1_655' title='bbox 2892 4441 3175 4495; x_wconf 89' lang='lat' dir='ltr'><strong>columbas</strong></span> <span class='ocrx_word' id='word_1_656' title='bbox 3229 4440 3513 4495; x_wconf 66' lang='lat' dir='ltr'><strong>evenisse.</strong></span> <span class='ocrx_word' id='word_1_657' title='bbox 3562 4436 3779 4495; x_wconf 77' lang='lat' dir='ltr'><strong>Ollicium</strong></span> 
     </span>
    </p>
   </div>
   <div class='ocr_carea' id='block_1_99' title="bbox 2225 4525 3781 4603">
    <p class='ocr_par' dir='ltr' id='par_1_99' title="bbox 2225 4525 3781 4603">
     <span class='ocr_line' id='line_1_100' title="bbox 2225 4525 3781 4603; baseline -0.008 -14"><span class='ocrx_word' id='word_1_658' title='bbox 2225 4542 2404 4589; x_wconf 88' lang='lat' dir='ltr'><strong>autem</strong></span> <span class='ocrx_word' id='word_1_659' title='bbox 2429 4534 2600 4603; x_wconf 89' lang='lat' dir='ltr'><strong>ipsius</strong></span> <span class='ocrx_word' id='word_1_660' title='bbox 2626 4531 2882 4588; x_wconf 70' lang='lat' dir='ltr'><strong>Ecclesia:</strong></span> <span class='ocrx_word' id='word_1_661' title='bbox 2912 4532 2983 4586; x_wconf 88' lang='lat' dir='ltr'><strong>ita</strong></span> <span class='ocrx_word' id='word_1_662' title='bbox 3014 4532 3079 4587; x_wconf 90' lang='lat' dir='ltr'><strong>ad</strong></span> <span class='ocrx_word' id='word_1_663' title='bbox 3110 4532 3373 4586; x_wconf 86' lang='lat' dir='ltr'><strong>honorem</strong></span> <span class='ocrx_word' id='word_1_664' title='bbox 3396 4530 3490 4584; x_wconf 88' lang='lat' dir='ltr'><strong>Dei</strong></span> <span class='ocrx_word' id='word_1_665' title='bbox 3512 4529 3621 4584; x_wconf 86' lang='lat' dir='ltr'><strong>ﬁeri</strong></span> <span class='ocrx_word' id='word_1_666' title='bbox 3650 4525 3781 4581; x_wconf 58' lang='lat' dir='ltr'><strong>volu»</strong></span> 
     </span>
    </p>
   </div>
   <div class='ocr_carea' id='block_1_100' title="bbox 2226 4620 3779 4682">
    <p class='ocr_par' dir='ltr' id='par_1_100' title="bbox 2226 4620 3779 4682">
     <span class='ocr_line' id='line_1_101' title="bbox 2226 4620 3779 4682; baseline -0.006 -3"><span class='ocrx_word' id='word_1_667' title='bbox 2226 4641 2350 4680; x_wconf 89' lang='lat' dir='ltr'><strong>mus</strong></span> <span class='ocrx_word' id='word_1_668' title='bbox 2384 4633 2443 4679; x_wconf 91' lang='lat' dir='ltr'><strong>ut</strong></span> <span class='ocrx_word' id='word_1_669' title='bbox 2480 4625 2629 4679; x_wconf 91' lang='lat' dir='ltr'><strong>omni</strong></span> <span class='ocrx_word' id='word_1_670' title='bbox 2668 4625 2756 4682; x_wconf 89' lang='lat' dir='ltr'><strong>die</strong></span> <span class='ocrx_word' id='word_1_671' title='bbox 2785 4640 2895 4678; x_wconf 87' lang='lat' dir='ltr'><strong>una</strong></span> <span class='ocrx_word' id='word_1_672' title='bbox 2928 4624 3191 4679; x_wconf 89' lang='lat' dir='ltr'><strong>solemnis</strong></span> <span class='ocrx_word' id='word_1_673' title='bbox 3219 4624 3390 4678; x_wconf 85' lang='lat' dir='ltr'><strong>missa</strong></span> <span class='ocrx_word' id='word_1_674' title='bbox 3419 4637 3541 4678; x_wconf 88' lang='lat' dir='ltr'><strong>cum</strong></span> <span class='ocrx_word' id='word_1_675' title='bbox 3574 4620 3779 4675; x_wconf 85' lang='lat' dir='ltr'><strong>diacono</strong></span> 
     </span>
    </p>
   </div>
   <div class='ocr_carea' id='block_1_101' title="bbox 2223 4702 3776 4771">
    <p class='ocr_par' dir='ltr' id='par_1_101' title="bbox 2223 4702 3776 4771">
     <span class='ocr_line' id='line_1_102' title="bbox 2223 4702 3776 4771; baseline -0.01 0"><span class='ocrx_word' id='word_1_676' title='bbox 2223 4724 2279 4771; x_wconf 86' lang='lat' dir='ltr'><strong>et</strong></span> <span class='ocrx_word' id='word_1_677' title='bbox 2308 4716 2642 4771; x_wconf 88' lang='lat' dir='ltr'><strong>subdiacono</strong></span> <span class='ocrx_word' id='word_1_678' title='bbox 2665 4716 2803 4769; x_wconf 86' lang='lat' dir='ltr'><strong>hora</strong></span> <span class='ocrx_word' id='word_1_679' title='bbox 2820 4713 2982 4768; x_wconf 88' lang='lat' dir='ltr'><strong>tertia</strong></span> <span class='ocrx_word' id='word_1_680' title='bbox 3014 4713 3318 4770; x_wconf 86' lang='lat' dir='ltr'><strong>celebretur</strong></span> <span class='ocrx_word' id='word_1_681' title='bbox 3361 4726 3485 4766; x_wconf 91' lang='lat' dir='ltr'><strong>eum</strong></span> <span class='ocrx_word' id='word_1_682' title='bbox 3527 4702 3776 4764; x_wconf 89' lang='lat' dir='ltr'><strong>canonicis</strong></span> 
     </span>
    </p>
   </div>
   <div class='ocr_carea' id='block_1_102' title="bbox 2227 4794 3773 4885">
    <p class='ocr_par' dir='ltr' id='par_1_102' title="bbox 2227 4794 3773 4885">
     <span class='ocr_line' id='line_1_103' title="bbox 2227 4794 3773 4885; baseline -0.009 -22"><span class='ocrx_word' id='word_1_683' title='bbox 2227 4809 2398 4875; x_wconf 83' lang='lat' dir='ltr'><strong>horis,</strong></span> <span class='ocrx_word' id='word_1_684' title='bbox 2429 4808 2575 4863; x_wconf 88' lang='lat' dir='ltr'><strong>sicut</strong></span> <span class='ocrx_word' id='word_1_685' title='bbox 2597 4805 2935 4863; x_wconf 84' lang='lat' dir='ltr'><strong>consuetudo</strong></span> <span class='ocrx_word' id='word_1_686' title='bbox 2978 4805 3228 4875; x_wconf 87' lang='lat' dir='ltr'><strong>deposcit</strong></span> <span class='ocrx_word' id='word_1_687' title='bbox 3254 4802 3497 4858; x_wconf 88' lang='lat' dir='ltr'><strong>matricis</strong></span> <span class='ocrx_word' id='word_1_688' title='bbox 3542 4794 3773 4885; x_wconf 59' lang='lat' dir='ltr'><strong>ecclesia.</strong></span> 
     </span>
    </p>
   </div>
   <div class='ocr_carea' id='block_1_103' title="bbox 2226 4892 3775 4986">
    <p class='ocr_par' dir='ltr' id='par_1_103' title="bbox 2226 4892 3775 4986">
     <span class='ocr_line' id='line_1_104' title="bbox 2226 4892 3775 4986; baseline -0.006 -34"><span class='ocrx_word' id='word_1_689' title='bbox 2226 4897 2362 4954; x_wconf 88' lang='lat' dir='ltr'><strong>lllud</strong></span> <span class='ocrx_word' id='word_1_690' title='bbox 2386 4914 2605 4970; x_wconf 86' lang='lat' dir='ltr'><strong>quoque</strong></span> <span class='ocrx_word' id='word_1_691' title='bbox 2627 4914 2737 4953; x_wconf 89' lang='lat' dir='ltr'><strong>non</strong></span> <span class='ocrx_word' id='word_1_692' title='bbox 2766 4897 2991 4952; x_wconf 83' lang='lat' dir='ltr'><strong>minima</strong></span> <span class='ocrx_word' id='word_1_693' title='bbox 3036 4896 3377 4952; x_wconf 89' lang='lat' dir='ltr'><strong>correctione</strong></span> <span class='ocrx_word' id='word_1_694' title='bbox 3410 4892 3640 4963; x_wconf 76' lang='lat' dir='ltr'><strong>indigere</strong></span> 
     </span>
    </p>
   </div>
   <div class='ocr_carea' id='block_1_104' title="bbox 2225 4986 3775 5061">
    <p class='ocr_par' dir='ltr' id='par_1_104' title="bbox 2225 4986 3775 5061">
     <span class='ocr_line' id='line_1_105' title="bbox 2225 4986 3775 5061; baseline -0.01 -16"><span class='ocrx_word' id='word_1_695' title='bbox 2225 4991 2523 5061; x_wconf 82' lang='lat' dir='ltr'><strong>speximus,</strong></span> <span class='ocrx_word' id='word_1_696' title='bbox 2552 4990 2700 5060; x_wconf 88' lang='lat' dir='ltr'><strong>quod</strong></span> <span class='ocrx_word' id='word_1_697' title='bbox 2712 4989 2939 5060; x_wconf 88' lang='lat' dir='ltr'><strong>quidam</strong></span> <span class='ocrx_word' id='word_1_698' title='bbox 2958 4988 3310 5055; x_wconf 86' lang='lat' dir='ltr'><strong>clericorum,</strong></span> <span class='ocrx_word' id='word_1_699' title='bbox 3333 4986 3452 5056; x_wconf 85' lang='lat' dir='ltr'><strong>plus</strong></span> <span class='ocrx_word' id='word_1_700' title='bbox 3471 4998 3583 5040; x_wconf 68' lang='lat' dir='ltr'><strong>sua:</strong></span> <span class='ocrx_word' id='word_1_701' title='bbox 3614 4990 3775 5033; x_wconf 61' lang='lat' dir='ltr'><strong>avartv</strong></span> 
     </span>
    </p>
   </div>
   <div class='ocr_carea' id='block_1_105' title="bbox 548 5070 3771 5120">
    <p class='ocr_par' dir='ltr' id='par_1_105' title="bbox 548 5070 3771 5120">
     <span class='ocr_line' id='line_1_106' title="bbox 548 5070 3771 5120; baseline 0.003 -8"><span class='ocrx_word' id='word_1_702' title='bbox 548 5085 650 5112; x_wconf 71' lang='lat' dir='ltr'><strong>Man</strong></span> <span class='ocrx_word' id='word_1_703' title='bbox 679 5077 869 5114; x_wconf 70' lang='lat' dir='ltr'><strong>matria</strong></span> <span class='ocrx_word' id='word_1_704' title='bbox 913 5076 1170 5116; x_wconf 64' lang='grc' dir='ltr'><strong>ιῖρηῑοαίω</strong></span> <span class='ocrx_word' id='word_1_705' title='bbox 1208 5079 1747 5118; x_wconf 62' lang='lat' dir='ltr'><strong>onmnnoitno‘ﬁvnmc</strong></span> <span class='ocrx_word' id='word_1_706' title='bbox 1785 5078 1861 5118; x_wconf 69' lang='lat' dir='ltr'><strong>ah</strong></span> <span class='ocrx_word' id='word_1_707' title='bbox 1888 5080 2126 5120; x_wconf 68' lang='lat' dir='ltr'><strong>nntinuic</strong></span> <span class='ocrx_word' id='word_1_708' title='bbox 2224 5082 2311 5120; x_wconf 68' lang='lat' dir='ltr'><strong>lion</strong></span> <span class='ocrx_word' id='word_1_709' title='bbox 2337 5097 2498 5120; x_wconf 69' lang='lat' dir='ltr'><strong>aulam</strong></span> <span class='ocrx_word' id='word_1_710' title='bbox 2522 5080 2777 5120; x_wconf 72' lang='lat' dir='ltr'><strong>Rnnlnci-u</strong></span> <span class='ocrx_word' id='word_1_711' title='bbox 2797 5080 3144 5120; x_wconf 66' lang='lat' dir='ltr'><strong>nnnqnlmslpa</strong></span> <span class='ocrx_word' id='word_1_712' title='bbox 3214 5078 3269 5120; x_wconf 77' lang='lat' dir='ltr'><strong>in</strong></span> <span class='ocrx_word' id='word_1_713' title='bbox 3292 5078 3499 5120; x_wconf 65' lang='lat' dir='ltr'><strong>(lusibus</strong></span> <span class='ocrx_word' id='word_1_714' title='bbox 3525 5073 3604 5120; x_wconf 74' lang='lat' dir='ltr'><strong>vel</strong></span> <span class='ocrx_word' id='word_1_715' title='bbox 3632 5070 3771 5120; x_wconf 84' lang='lat' dir='ltr'><strong>etiam</strong></span> 
     </span>
    </p>
   </div>
  </div>
