4022 5340
201 301 340 359 1395

1360 297 1720 354 ΕΡΙδἸῸΙΛΕ
1756 297 1842 351 ΕΤ
1882 296 2294 355 υιΡιοΜΑτΑ.

3324 299 3461 357 Ιῦω

199 417 486 474 ﬁrmamus
527 415 734 470 nullum
776 414 871 483 qui
912 412 969 467 in
1005 412 1201 483 majori
1233 420 1285 467 et
1316 410 1529 466 matriei
1550 410 1777 465 ecclesia
1807 410 1853 466 Α
1878 410 2218 468 diversorum
2243 428 2529 468 munerum
2552 415 2834 470 exactione
2875 414 3119 485 profanis
3138 414 3461 487 quibusdam

198 507 454 577 deinceps
477 506 640 561 fuerit
669 506 970 570 ordinatus,
1006 505 1168 559 aliam
1198 512 1393 573 prater
1419 503 1592 572 ipsam
1616 515 1780 571 posse

201 609 384 655 tenere
402 597 723 661 Ecclesiam,
757 596 872 662 sed,
909 595 1051 651 sicut
1090 595 1230 651 sacri
1262 595 1579 666 praecipiunt
1608 609 1777 648 cano—

201 706 318 757 nes,
356 689 473 760 ipsa
496 698 549 751 et
578 688 692 745 sola
726 695 1034 755 contentus,
1059 696 1119 741 ut
1141 695 1453 757 competens
1476 685 1531 740 in
1562 701 1627 740 ea
1648 700 1778 755 pos-

200 782 272 837 sit
291 796 545 838 exercere
575 780 876 835 servitium.
923 778 1036 835 Nec
1062 787 1237 849 vaget,
1286 788 1341 833 et
1373 777 1642 833 instabilis
1673 779 1779 833 huc

200 872 437 944 illucque
456 873 749 938 discurrat,
778 872 871 927 sed
903 871 1168 942 singulari
1213 870 1456 926 ecclesia
1495 884 1601 942 qua
1640 869 1779 925 ﬁxus

198 974 285 1022 est
310 965 606 1021 immobilis
658 971 983 1035 perseveret.
1034 962 1191 1031 Quod
1235 964 1281 1019 si
1322 963 1445 1033 quis
1490 961 1780 1017 temerario

198 1072 343 1112 ausu
383 1058 498 1113 hac
540 1056 745 1122 omnia,
777 1071 900 1126 qua
926 1040 1217 1111 salubriter
1245 1055 1311 1109 ad
1346 1053 1631 1109 utilitatem
1663 1070 1784 1109 sau-

199 1156 304 1205 cia
332 1147 588 1205 Ecclesia
615 1148 909 1205 constituta
949 1154 1098 1213 sunt,
1146 1147 1349 1202 violare
1379 1147 1460 1201 vel
1490 1145 1783 1216 infringere

200 1241 512 1307 tentaverit,
536 1242 748 1296 noverit
783 1255 841 1295 se
867 1238 1164 1310 apostolica
1192 1239 1537 1305 auctoritate,
1561 1238 1667 1293 nisi
1694 1255 1780 1293 re-

200 1331 451 1403 sipuerit,
477 1333 679 1404 gradus
722 1333 811 1388 sui
852 1333 1094 1403 periculo
1123 1332 1425 1401 subjacere,
1453 1340 1507 1384 et
1528 1331 1784 1385 ecclesia-

200 1424 325 1479 stici
354 1425 603 1480 beneﬁcii
629 1424 744 1480 ﬁeri
767 1432 1063 1494 expertem,
1092 1433 1145 1478 et
1176 1423 1415 1493 insuper,
1449 1437 1548 1492 pro
1565 1437 1663 1476 sua
1701 1430 1783 1476 te-

201 1516 453 1573 meritate
484 1532 517 1571 a
546 1517 692 1572 clero
715 1517 984 1586 repulsus,
1013 1516 1278 1571 laicorum
1312 1524 1523 1570 tantum
1547 1530 1789 1569 commu-

201 1608 353 1662 nioni
390 1608 693 1678 deputetur.
743 1607 801 1662 Si
844 1622 976 1664 vero
1024 1609 1201 1663 adhuc
1248 1624 1465 1677 quoque
1512 1606 1787 1661 obstinato

199 1700 389 1757 animo
410 1700 466 1754 in
492 1700 680 1758 eadem
708 1699 1005 1770 pertinacia
1036 1716 1256 1755 manere
1280 1699 1707 1769 praesumpserit,
1736 1707 1789 1755 et

198 1790 515 1847 admonitus
552 1792 619 1848 ad
664 1792 769 1847 hoc
801 1792 947 1863 quod
976 1792 1268 1847 salubriter
1302 1791 1663 1845 decrevimus
1696 1809 1784 1846 re—

198 1883 341 1938 verti
375 1882 630 1950 noluerit,
668 1899 700 1940 a
739 1883 1020 1939 liminibus
1060 1891 1261 1938 sancta
1288 1882 1477 1938 matris
1507 1880 1784 1951 Ecclesia,

198 1990 375 2045 quam
396 1976 718 2048 impugnare
747 1991 860 2039 non
891 1976 1112 2042 desinit,
1143 1975 1355 2031 alienus
1384 1975 1598 2029 existat.
1636 1975 1786 2030 Con-

197 2073 453 2123 servator
474 2076 654 2124 autem
680 2067 845 2138 hujus
867 2077 1067 2123 nostra
1089 2067 1365 2123 canonica
1392 2067 1785 2137 dispositionis,

199 2158 502 2229 apostolica
540 2160 611 2216 sit
635 2160 878 2217 munitus
899 2160 1306 2227 intercessione,
1330 2168 1383 2215 et
1423 2160 1654 2232 gaudeat
1678 2176 1791 2215 co:-

199 2250 326 2309 bsti
360 2252 598 2322 repletus
630 2252 1024 2309 benedictione.

272 2341 389 2414 Ego
412 2342 734 2408 Alexander,
773 2344 944 2398 solius
977 2343 1069 2398 Dei
1109 2342 1507 2410 misericordia,
1547 2344 1673 2398 licet
1714 2342 1791 2398 in~

198 2434 426 2506 dignus,
464 2443 668 2491 sancta
692 2433 953 2490 Romana
976 2443 1030 2491 et
1052 2434 1362 2507 apostolica
1377 2434 1632 2491 Ecclesia
1660 2452 1793 2505 pra-

198 2527 291 2582 sul
315 2535 371 2581 et
388 2525 652 2583 Lucensis
672 2527 979 2598 episcopus,
1010 2528 1064 2582 in
1092 2529 1198 2583 hoc
1226 2528 1444 2586 decreto
1471 2544 1505 2585 a
1530 2544 1616 2583 me
1648 2526 1792 2583 facto

199 2618 274 2679 ad
302 2618 736 2681 confirmandum
764 2620 977 2692 scripsi.

534 2814 541 2819 ,
959 2766 1000 2819 V
1055 2808 1068 2821 .

200 2857 498 2916 Alexandri
548 2766 1134 2940 II_privilegifmi:tro
1173 2859 1399 2940 ecclesia
1448 2858 1693 2915 Lucenst.
1723 2888 1797 2901 -——

616 2929 769 2989 Bona
803 2928 916 3002 ejus
956 2928 1184 2983 alienari
1223 2938 1381 2999 vetat_.

756 3041 943 3113 (Anno
976 3041 1250 3111 1061-73.)
1292 3042 1307 3083 3

529 3133 823 3207 [υςιιειιλλ⁸
854 3132 1024 3188 Italia
1053 3149 1228 3200 sacra,
1249 3132 1289 3199 l,
1326 3131 1479 3204 812.]

276 3246 603 3302 Acutum“
632 3248 939 3318 episcopus,
966 3261 1158 3302 servus
1179 3260 1460 3301 servorum
1485 3244 1602 3312 Dei,
1650 3245 1803 3300 clero

203 3344 261 3391 et
296 3337 500 3407 populo
527 3334 583 3390 S.
612 3336 874 3395 Lucensis
904 3335 1157 3392 Ecclesia
1187 3335 1240 3389 in
1276 3343 1617 3405 perpetuum.

278 3427 542 3495 Quamvis
580 3428 724 3483 circa
756 3444 949 3485 omnes
976 3427 1251 3483 Eeelesias
1286 3442 1382 3497 per
1414 3427 1602 3482 orbem
1630 3436 1801 3482 terra-

207 3536 334 3576 rum
357 3520 517 3591 louge
563 3520 778 3590 lateque
802 3518 1028 3575 diffusas
1060 3535 1162 3589 pro
1184 3534 1373 3587 earum
1405 3518 1799 3590 gubernatione

206 3613 433 3669 oculum
488 3619 691 3667 nostra
746 3612 1135 3682 speculationis
1184 3612 1464 3667 intendere
1508 3618 1794 3682 oporteat,

208 3704 483 3774 pracipue
510 3712 691 3758 tamen
737 3720 863 3776 erga
906 3703 1184 3760 Lucanam
1211 3702 1509 3759 Ecclesiam
1555 3704 1799 3759 attentis-

208 3796 349 3851 sime
371 3796 594 3867 vigilare
615 3811 715 3851 nos
733 3797 1014 3863 convenit;
1039 3796 1166 3866 quia
1195 3796 1245 3851 ei
1266 3804 1320 3850 et
1340 3803 1561 3866 prepter
1579 3796 1797 3865 episco-

207 3896 373 3957 patus
394 3888 635 3957 suscepti
670 3888 1221 3954 administrationem,
1254 3897 1308 3944 et
1335 3904 1433 3959 pro
1472 3886 1798 3944 universalis

210 3980 524 4050 apostolica
541 3979 736 4053 [cura]
757 3980 1194 4036 consideratione
1221 3981 1509 4051 dupliciter
1537 3980 1799 4052 quodam-

209 4072 667 4142 modoprovidere
677 4073 1083 4143 compellimur;
1104 4074 1289 4143 quade
1306 4088 1472 4128 causa
1496 4073 1609 4129 hac
1623 4072 1798 4129 nostri

207 4164 414 4230 cordis,
442 4163 553 4219 Deo
575 4165 868 4236 aspirante,
905 4166 1158 4221 voluntas
1185 4181 1397 4236 semper
1418 4165 1682 4219 inharere
1706 4164 1799 4219 de-

209 4254 361 4311 bebit
391 4264 452 4311 ut
478 4273 601 4327 qua
628 4257 685 4311 in
713 4274 798 4325 ea,
850 4259 937 4313 vel
965 4258 1174 4317 incuria
1198 4258 1283 4314 vel
1310 4256 1516 4312 malitia
1543 4271 1802 4326 quorum-

209 4348 360 4415 dam,
380 4347 648 4405 hactenus
674 4350 815 4405 male
841 4350 1108 4419 pullulare
1137 4349 1515 4418 cognovimus,
1550 4362 1801 4402 resecare

209 4448 266 4493 et
284 4440 581 4496 emendare
601 4441 939 4507 Studeamus,
966 4449 1021 4495 et
1044 4456 1167 4511 qua
1190 4440 1258 4495 ad
1291 4440 1554 4494 honorem
1577 4446 1631 4493 et
1660 4439 1801 4493 salu-

212 4540 322 4587 tem
361 4533 535 4603 ipsius
567 4529 813 4589 ecclesia
842 4541 1087 4604 spectare
1111 4532 1420 4599 videantur,
1446 4546 1689 4602 congrue
1718 4547 1803 4585 or-

212 4623 407 4683 dinare
456 4632 511 4680 et
537 4624 767 4679 ﬁrmiter
802 4633 1043 4682 statuere
1066 4623 1382 4679 debeamus.
1431 4623 1572 4677 Ante
1614 4630 1801 4677 nostra

214 4715 418 4772 ctenim
443 4723 691 4785 tempora
712 4716 1141 4787 pradecessores
1174 4715 1347 4770 nostri
1366 4715 1459 4785 qui
1491 4713 1666 4768 eidem
1706 4728 1799 4767 ec-

216 4805 396 4861 clesia
420 4820 655 4877 praesse
676 4808 778 4864 visi
808 4816 954 4875 sunt,
980 4823 1076 4863 seu
1102 4814 1324 4877 pr0pter
1347 4805 1651 4861 carnalium
1678 4819 1802 4876 pro-

217 4897 550 4973 pinquorum
576 4900 821 4969 affectus,
865 4917 960 4956 seu
989 4899 1235 4969 pecunia
1272 4913 1460 4953 amore
1493 4897 1677 4965 illecti,
1719 4895 1803 4950 vel

217 4990 383 5049 etiam
427 4991 794 5062 quorumdam
837 4991 1140 5063 potentium
1188 4987 1358 5043 nimia
1396 4990 1807 5058 importunitate

218 5079 434 5151 devicti,
465 5083 708 5151 castella,
737 5092 927 5150 terras,
953 5081 1327 5152 possessiones
1356 5080 1528 5149 ipsius
1550 5080 1807 5139 Ecclesia

218 5170 292 5228 ita
318 5176 612 5232 indiscrete
641 5178 910 5247 superﬂua
942 5172 1205 5230 eil'usione
1220 5171 1408 5240 largiti
1439 5182 1588 5243 sunt,
1617 5184 1676 5232 ut
1704 5186 1806 5229 nec

217 5264 321 5321 sibi
369 5284 471 5324 nec
499 5266 717 5323 familia
748 5285 858 5326 sua
902 5265 988 5321 vel
1018 5264 1242 5336 reliquis
1286 5262 1398 5317 sibi
1440 5264 1807 5324 ministranti-

1881 512 1935 557 ct
1957 504 2190 575 indignis
2219 506 2548 572 tribuerunt,
2574 514 2648 571 et,
2672 508 2817 577 quod
2839 522 3032 563 omnes
3055 509 3352 564 catholicos
3377 508 3466 565 de-

1879 596 2068 650 testari
2089 604 2142 651 et
2172 598 2477 652 abominari
2512 606 2743 668 oportet,
2772 600 2838 654 de
2867 609 3041 654 morte
3078 599 3274 654 anima
3295 599 3463 654 vitam

1882 687 2128 757 corporis
2162 696 2552 745 sustentarent.
2604 689 2857 756 Proinde,
2897 690 3081 745 divina
3108 690 3466 761 inspiratione

1882 780 2222 847 commoniti,
2276 795 2348 834 ne
2386 780 2454 836 de
2484 790 2680 837 eatero
2725 790 2837 836 tam
2872 797 3034 854 grave
3080 790 3360 852 peceatum
3398 798 3465 837 ex

1883 871 2173 927 occasione
2234 873 2569 943 paupertatis
2625 881 2887 945 emergat,
2936 875 3191 944 praesenti
3247 872 3466 929 decreto

1883 963 2269 1019 constituimus
2298 972 2352 1018 et
2390 966 2684 1033 apostolica
2724 965 3048 1021 auctoritate
3095 966 3379 1021 ﬁrmamus
3405 973 3470 1021 ut

1883 1053 2067 1109 utilius
2105 1055 2362 1125 deinceps
2392 1056 2709 1126 pontiﬁcum
2758 1057 2959 1127 quibus
2985 1057 3101 1127 ipsa
3130 1062 3319 1112 sancta
3362 1054 3466 1111 Ec-

1884 1146 2048 1201 clesia
2094 1147 2390 1201 commissa
2438 1146 2619 1215 fuerit,
2675 1150 2914 1215 castella,
2970 1163 3212 1215 mansos,
3269 1155 3466 1211 terras,

1883 1239 2281 1307 possessiones,
2310 1254 2448 1309 quas
2472 1256 2579 1294 non
2609 1240 2772 1295 modo
2802 1241 2871 1295 ad
2900 1255 3097 1295 manus
3130 1246 3348 1295 nostras
3379 1238 3472 1293 ba-

1884 1330 2098 1395 bemus,
2147 1330 2228 1383 vel
2270 1346 2408 1400 quas
2442 1330 2557 1400 ipsa
2586 1329 2826 1387 Ecclesia
2876 1331 2929 1385 in
2964 1339 3144 1398 antea,
3199 1330 3309 1386 Deo
3356 1330 3469 1384 lar-

1887 1421 2085 1492 giente,
2134 1437 2271 1493 pure
2315 1430 2368 1477 et
2413 1423 2619 1493 absque
2665 1423 3092 1479 contradictione
3135 1421 3469 1493 acquisitura

1887 1522 1989 1579 est,
2022 1522 2216 1583 prater
2243 1514 2333 1569 illa
2360 1531 2480 1586 qua
2508 1516 2560 1569 in
2590 1514 2913 1571 beneﬁcium
2960 1531 3106 1570 nunc
3151 1529 3324 1585 usque
3353 1512 3472 1567 dari

1890 1614 2313 1674 consueverunt,
2351 1608 2534 1677 aliquo
2581 1607 2798 1678 ingenio
2832 1607 3090 1673 alienare,
3124 1608 3209 1661 vel
3236 1604 3470 1670 auferre,

1892 1710 1986 1752 seu
2019 1697 2181 1752 alicui
2209 1697 2341 1753 dare
2364 1699 2621 1752 moliatur
2644 1698 2770 1769 (nisi
2799 1698 3121 1753 necessitate
3148 1705 3374 1769 cogente
3417 1695 3474 1749 iu

1889 1789 2085 1859 pignus
2114 1804 2175 1843 ea
2200 1789 2317 1844 sine
2339 1790 2482 1843 malo
2502 1790 2721 1860 ingenio
2746 1790 2813 1843 ad
2836 1797 3048 1860 tempus
3076 1789 3386 1855 tradiderit;
3411 1804 3475 1843 ea

1888 1881 2096 1935 ratione
2118 1889 2179 1935 ut
2197 1890 2323 1936 ante
2354 1889 2617 1937 statutum
2655 1891 2869 1951 tempus
2901 1897 2996 1936 eas
3026 1882 3299 1952 persolvat
3318 1888 3371 1935 et
3391 1896 3478 1935 re-

1888 1972 2071 2043 cipiat.
2109 1972 2189 2027 ita
2211 1989 2343 2029 sane
2366 1989 2583 2029 omnem
2607 1975 2989 2029 alienationem
3016 1982 3070 2028 et
3092 1988 3478 2044 quamcunque

1888 2066 2159 2120 dationem
2191 2067 2408 2135 penitus
2430 2067 2827 2133 interdicimus,
2855 2075 2916 2123 ut
2933 2082 3094 2121 nemo
3116 2068 3170 2121 in
3197 2074 3479 2137 posterum

1889 2167 2186 2228 praesumat
2205 2159 2491 2229 pradictas
2511 2174 2601 2214 res
2647 2159 2891 2214 ecclesia
2912 2159 2997 2214 vel
3026 2174 3124 2229 per
3156 2158 3480 2214 beneﬁcium

1891 2251 2041 2317 dare,
2073 2260 2168 2305 aut
2196 2267 2292 2322 per
2324 2252 2565 2307 libellum
2606 2251 2923 2317 concedere,
2960 2259 3055 2305 aut
3094 2251 3289 2321 quovis
3316 2250 3482 2305 modo

1892 2344 2054 2399 alicui
2081 2360 2330 2415 persona
2360 2346 2619 2411 tribucre,
2656 2343 2762 2399 nisi
2794 2331 3286 2414 tantunragricoiis
3325 2349 3379 2396 et
3402 2341 3472 2395 la-

1893 2436 2236 2503 borantibus,
2264 2444 2318 2491 et
2344 2436 2446 2507 ipsi
2469 2438 2723 2509 episcopo
2751 2437 2834 2493 vel
2883 2437 3002 2508 ejus
3036 2438 3209 2495 misso
3246 2446 3341 2491 aut
3373 2436 3479 2490 mi-

1894 2529 2156 2584 nisteriaii
2185 2530 2451 2583 rationem
2492 2529 2878 2595 reddentibus;
2918 2530 3012 2584 sed
3040 2529 3190 2584 omni
3238 2537 3484 2598 tempore

1896 2620 2112 2676 intacta
2131 2629 2184 2674 et
2207 2621 2387 2675 illasae
2424 2620 2729 2675 subsistant
2758 2622 2827 2675 ad
2850 2620 3137 2676 utilitatem
3162 2618 3402 2692 episcopi
3430 2628 3484 2673 et

1896 2729 2011 2767 sua
2060 2713 2441 2769 necessitatem
2492 2711 2712 2768 familia
2771 2713 3204 2773 sustentandam.
3246 2710 3325 2766 Ne
3353 2727 3485 2767 vero

1897 2805 1953 2859 in
1981 2805 2206 2861 dubium
2232 2805 2416 2860 venire
2444 2804 2617 2873 possit
2651 2821 2682 2859 a
2711 2819 2945 2874 quarum
2972 2819 3158 2859 rerum
3194 2802 3486 2859 traditione

1897 2911 2000 2951 nos
2032 2905 2360 2966 nostrosque
2386 2910 2737 2952 successores
2764 2890 2869 2966 per
2899 2896 3084 2951 omnia
3110 2896 3365 2951 volumus
3386 2895 3483 2948 ab-

1898 2987 2122 3053 stinere,
2147 2988 2431 3056 prasentis
2464 2988 2666 3044 decreti
2692 2987 2888 3060 pagina
2910 2988 3233 3042 nominatim
3258 2987 3379 3042 illas
3402 2987 3488 3040 in-

1898 3094 2081 3133 serere
2114 3079 2364 3133 adnotari
2392 3080 2757 3150 pracipimus,
2783 3094 2852 3134 ne
2885 3080 2969 3133 vel
3007 3078 3155 3148 ipsos
3177 3080 3485 3149 episcopos,

1899 3169 1984 3223 vel
2028 3185 2287 3238 procaces
2328 3178 2382 3223 et
2422 3169 2765 3238 importunos
2804 3170 3065 3240 petitores
3109 3171 3275 3224 latere
3317 3169 3489 3239 possit

1900 3258 2141 3331 ipsarum
2165 3275 2348 3317 rerum
2374 3261 2585 3316 notitia.
2624 3259 2729 3315 llic
2757 3270 3063 3315 enumerata
3086 3260 3220 3315 bona
3250 3260 3489 3315 consulta

1900 3351 2295 3422 relinquuntur.

1971 3483 2098 3541 Haec
2120 3484 2305 3556 itaque
2325 3485 2509 3540 omnia
2528 3500 2654 3556 qua
2673 3484 2929 3555 prasenti
2949 3485 3167 3541 decreto
3190 3500 3488 3540 connume-

1900 3578 2162 3643 ravimus,
2206 3586 2262 3631 et
2309 3578 2356 3632 si
2396 3593 2519 3647 qua
2562 3577 2669 3632 alia
2710 3578 2925 3632 noviter
2959 3577 3312 3648 acquirenda,
3366 3591 3488 3647 quae

1901 3668 2044 3723 Deus
2070 3669 2125 3725 in
2155 3683 2351 3724 manus
2372 3677 2589 3723 nostras
2612 3668 2698 3723 vel
2740 3676 3056 3723 nostrorum
3085 3683 3485 3735 successorum,

1902 3760 2043 3815 sicut
2071 3760 2321 3830 superius
2347 3759 2551 3814 dictum
2589 3767 2693 3826 est,
2741 3760 2873 3815 dare
2914 3760 3164 3827 voluerit,
3208 3774 3275 3815 eo
3325 3763 3489 3815 modo

1901 3853 2222 3910 ordinamus
2243 3860 2300 3907 et
2326 3852 2483 3907 ﬁrma
2503 3850 2800 3907 stabilitate
2818 3852 3220 3922 componimus,
3251 3860 3312 3905 ut
3342 3865 3488 3906 sem-

1901 3960 1999 4015 per
2025 3945 2280 4015 deinceps
2306 3945 2374 3999 ad
2400 3959 2594 3999 manus
2630 3942 2893 3999 Lucensis
2933 3944 3174 4014 episcopi
3203 3951 3487 3999 teneantur

1902 4046 1957 4095 et
1980 4038 2046 4093 ad
2076 4037 2315 4109 privatas
2343 4036 2465 4107 ejus
2487 4037 2726 4091 rationes
2748 4044 2994 4106 spectare
3011 4036 3315 4103 videantur,
3342 4045 3402 4090 ut
3421 4052 3487 4091 ex
3524 4024 3533 4035 ’

1903 4130 1990 4188 bis
2014 4131 2193 4186 valeat
2210 4146 2325 4185 sua
2347 4128 2568 4183 utilitati
2603 4127 2768 4184 simul
2794 4136 2849 4183 et
2888 4128 3161 4183 honestati
3181 4128 3486 4193 consulere,

1904 4242 1969 4280 ac
1997 4241 2111 4281 sua
2135 4223 2354 4278 familia
2399 4223 2654 4277 decenter
2693 4219 3004 4276 necessitati
3044 4233 3381 4274 succurrere.
3430 4218 3486 4273 Id

1906 4314 1953 4374 si
1980 4318 2104 4387 quis
2134 4323 2449 4372 nostrorum
2470 4327 2853 4369 successorum
2878 4311 3013 4378 hac,
3041 4325 3164 4381 qua
3196 4309 3489 4365 salubriter

1832 4410 1877 4463 D
1903 4411 1971 4465 ad
1992 4408 2247 4464 Ecclesia
2287 4407 2628 4461 honestatem
2652 4411 2707 4459 et
2727 4403 2900 4473 ipsius
2928 4400 3168 4471 episcopi
3197 4401 3488 4458 utilitatem

1907 4509 2109 4559 statuta
2138 4506 2289 4565 sunt,
2317 4496 2608 4552 temerario
2634 4510 2772 4550 ausu
2806 4492 3102 4563 infringere
3156 4492 3240 4547 vel
3282 4492 3493 4549 violare

1906 4591 2333 4664 prasumpserit,
2382 4589 2467 4643 vel
2498 4586 2704 4643 carnali
2729 4599 2915 4640 amore
2943 4585 3029 4639 vel
3059 4583 3246 4654 iniqua
3272 4583 3490 4652 cupidi-

1906 4694 2017 4741 tate
2043 4684 2288 4742 devictus
2309 4688 2510 4737 contra
2526 4681 2643 4735 hac
2668 4677 2851 4749 aliquo
2872 4676 3089 4747 ingenio
3111 4674 3299 4730 venire
3320 4683 3495 4730 tenta-

1906 4778 2064 4845 verit,
2086 4790 2187 4847 pro
2214 4790 2312 4829 sua
2343 4770 2767 4842 prasumptione
2801 4768 2947 4824 nodo
2967 4765 3497 4824 excommunicatio-

1906 4868 1993 4924 nis
2013 4878 2068 4925 et
2099 4862 2497 4923 maledictionis
2525 4862 2804 4930 alligatum
2845 4872 2904 4912 se
2928 4874 3052 4913 esse
3086 4860 3405 4924 cognoscat,
3447 4863 3504 4910 et

1906 4962 1977 5018 ab
2007 4956 2304 5034 episcopali
2344 4953 2522 5010 ofﬁcio
2546 4965 2722 5022 usque
2752 4949 2821 5005 ad
2848 4947 3277 5004 satisfactionem
3313 4958 3533 5017 remos

1904 5058 2166 5119 vendam,
2196 5051 2272 5103 ita
2296 5056 2359 5103 ut
2383 5061 2547 5103 omne
2571 5047 2837 5102 damnum
2867 5040 3018 5107 quod
3051 5053 3119 5093 ex
3150 5048 3251 5088 sua
3290 5036 3521 5096 malitia

1907 5146 2130 5206 sibimet
2157 5141 2261 5213 ipsi
2286 5148 2341 5195 et
2364 5138 2620 5195 Ecclesia
2657 5148 2726 5188 ex
2759 5133 2864 5186 hac
2895 5143 2958 5183 re
3002 5125 3205 5190 intulit,
3234 5132 3531 5187 resarcire

1908 5254 2160 5315 cogatur.
2220 5233 2293 5290 Ut
2314 5246 2440 5289 vero
2462 5229 2650 5287 omnia
2676 5238 2799 5295 qua
2831 5222 3089 5289 superius
3111 5214 3535 5315 comprehensa

2496 5332 2508 5340 ι
2598 5319 2709 5340 Π-ι-
2750 5320 2974 5340 -..Αθηκιι
3027 5313 3314 5340 Mm!-
3368 5304 3493 5332 ι.-η
3524 5328 3529 5329 ,
