4022 5340
522 246 662 338 uos
1687 328 1695 335 ι
1803 258 2076 319 nexas

2179 258 2204 316 ,ι
2244 258 2288 317 Il
2323 258 2528 321 ΡΑΡᾸΞ
3657 273 3793 334 ιω.

517 366 661 440 apud
688 365 809 421 illos
851 362 1168 435 scrupulum
1217 379 1390 435 nuper
1414 366 1582 422 etiam
1611 366 1755 425 inter
1782 385 1880 428 vos
1921 387 2099 427 cmer—
2130 377 2175 433 Α
2199 374 2324 445 dius
2363 378 2590 448 perjurit
2633 394 2814 451 pmna,
2862 396 3025 453 quam
3055 398 3152 454 pro
3180 384 3416 443 vitandis
3445 386 3624 457 culpis
3664 402 3793 446 eon-

516 463 657 531 sisse
682 457 1073 532 cognovimus;
1100 474 1263 529 super
1290 477 1398 530 qua
1430 462 1723 519 nonnullos
1758 464 2099 542 perniciosos
2198 474 2390 541 trahit,
2412 475 2738 548 indulgenda
2760 487 2864 544 est,
2888 494 3055 550 quam
3077 495 3239 550 poena
3259 483 3484 553 perjurii
3508 500 3641 541 cum
3670 500 3787 557 per.

515 555 841 624 interpretes
863 568 928 609 ac
950 550 1322 621 disputatores
1349 564 1541 609 contra
1583 555 1835 613 veritatis
1851 561 2096 629 regulam

514 660 818 716 sanamque
855 645 1161 700 doctrinam
1197 646 1567 718 dogmatizare
1586 647 1854 707 dolemus.
1887 650 2096 708 Seden-

515 749 597 800 tes
626 738 773 793 enim
811 737 868 793 in
915 739 1175 812 cathedra
1206 739 1527 810 pestilentiae
1568 740 1778 798 dictant
1815 744 1943 814 jura
1975 762 2097 816 quae

511 829 786 897 nesciunt,
809 841 865 887 et
888 831 1086 894 docent
1124 832 1217 888 illa
1262 848 1385 903 qua:
1424 835 1736 891 nullatenus
1765 836 2091 898 didicerunt.

508 920 671 991 Nam,
707 934 769 979 ut
796 922 997 997 fertur,
1026 925 1099 980 ita
1127 922 1506 997 generationes
1526 944 1556 983 a
1583 928 1798 987 duobus
1832 931 2095 991 fratribus

508 1016 837 1074 altrinsecus
862 1017 1193 1090 prodeuntes
1213 1031 1539 1089 enumerant
1560 1032 1618 1078 ut
1640 1039 1831 1083 eorum
1859 1026 2094 1084 invicem

508 1105 650 1163 ﬁlios
673 1116 949 1178 quartam,
972 1117 1197 1180 nepotes
1226 1118 1457 1179 sextam,
1487 1121 1813 1183 pronepotes
1842 1123 2092 1172 octavam

506 1201 912 1270 generationem
958 1216 1082 1259 esse
1135 1204 1475 1274 perhibeant.
1528 1204 1644 1261 Hoc
1701 1207 1885 1278 itaque
1929 1209 2092 1283 modo

507 1306 955 1365 unumquemque
977 1296 1345 1366 generationis
1373 1297 1624 1371 gradum,
1651 1298 1747 1369 qui
1786 1316 1930 1355 unus
1959 1317 2091 1372 pro-

505 1383 592 1439 cul
625 1372 793 1441 dubio
817 1386 1082 1444 dicendus
1103 1397 1208 1457 est,
1232 1389 1500 1457 dividunt,
1520 1398 1684 1461 atque
1710 1394 1958 1464 imperite
1983 1410 2089 1449 nu-

504 1478 825 1541 merandam
852 1482 1176 1554 progeniem
1195 1483 1451 1539 desecare
1487 1486 1843 1542 contendunt.
1869 1486 1976 1568 Qui
2006 1487 2091 1543 ni—

504 1568 705 1624 mirum
734 1587 1083 1645 nequaquam
1124 1574 1181 1630 in
1210 1576 1375 1648 hujus
1397 1576 1587 1634 fetoris
1612 1588 1803 1635 ructus
1824 1581 2089 1651 pestilen-

503 1668 588 1715 ter
626 1661 1016 1735 irrumperent,
1068 1667 1115 1723 si
1147 1685 1318 1731 sacra:
1364 1671 1625 1740 pabulum
1673 1670 1969 1744 Scriptura:
2000 1674 2084 1731 vi-

501 1755 649 1812 vacis
675 1756 877 1829 ingenii
914 1758 1166 1818 faucibus
1213 1763 1571 1826 ruminarent.
1614 1763 1750 1827 Nam
1779 1768 1924 1838 quod
1946 1766 2085 1823 duo-

500 1864 624 1905 rum
652 1849 905 1921 fratrum,
941 1856 1056 1911 sive
1101 1866 1380 1929 nepotum,
1409 1860 1493 1915 vel
1520 1860 1777 1933 deinceps
1826 1865 2084 1937 utrinque

499 1939 944 2000 descendentium
987 1948 1385 2017 generationes,
1418 1966 1530 2007 non
1570 1951 1800 2009 diversae
1827 1954 1957 2024 dici,
1986 1956 2084 2014 sed

498 2032 690 2087 eodem
733 2049 798 2090 ac
839 2036 942 2092 sub
978 2053 1087 2094 uno
1111 2040 1331 2097 nomine
1358 2041 1591 2099 debeant
1617 2043 1962 2101 uniformiter
1986 2062 2083 2119 ap-

498 2128 710 2209 pellari,
735 2137 969 2187 testatur
991 2134 1125 2189 liber
1145 2135 1441 2205 Gencseos,
1473 2153 1600 2194 cum
1620 2139 1780 2195 dicit:
1819 2141 2083 2206 Visulae

496 2222 622 2291 scph
667 2233 875 2279 centum
915 2226 1090 2287 decem
1128 2230 1301 2284 annis.
1349 2229 1419 2284 Et
1467 2232 1597 2287 vidit
1641 2232 1896 2305 Ephraim
1935 2238 2078 2308 ﬁlios

497 2327 659 2383 usque
694 2315 765 2375 ad
788 2318 999 2372 tertiam
1026 2321 1435 2390 generationem.
1465 2321 1596 2378 Filii
1621 2342 1820 2396 quoque
1846 2327 2075 2400 Machir,

494 2406 599 2476 ﬁlii
640 2408 907 2481 Manasse,
963 2418 1076 2469 noti
1109 2426 1231 2470 sunt
1266 2418 1321 2471 in
1343 2420 1557 2488 genibus
1588 2420 1781 2495 Ioseph
1824 2422 1976 2497 (Gen.
2020 2443 2074 2496 L,

493 2502 609 2575 22).
643 2504 817 2563 Porro
846 2518 1027 2565 autem
1081 2511 1128 2566 si
1178 2513 1257 2568 sic
1285 2517 1639 2588 cognationes
1668 2521 1951 2590 supputari
1982 2521 2077 2577 de-

492 2596 685 2681 berent
704 2611 765 2657 ut
790 2606 958 2660 vestri
987 2607 1354 2677 disputatores
1380 2620 1688 2680 autumant,
1718 2615 1849 2671 dum
1875 2615 2076 2688 Ioseph

492 2706 558 2746 ex
596 2700 830 2766 utroque
863 2695 996 2764 lilio,
1040 2697 1303 2768 Ephraim
1343 2702 1553 2758 scilicet
1586 2711 1641 2759 et
1674 2704 1945 2775 Manasse,
1976 2723 2080 2781 ne:

490 2796 646 2860 potes
689 2791 936 2863 haberet,
965 2810 1311 2867 nequaquam
1363 2797 1645 2870 Scriptura
1688 2801 1911 2877 diceret,
1943 2805 2079 2875 quia

489 2882 628 2941 vidit
648 2884 793 2944 lilios
818 2886 1080 2958 prraim
1108 2906 1283 2962 usque
1312 2892 1380 2948 ad
1417 2895 1655 2962 tertiam,
1679 2897 1771 2952 sed
1800 2914 1977 2970 usque
2004 2901 2082 2956 ad.

487 2983 698 3031 sextam
717 2981 1139 3050 generationem.
1159 2982 1291 3039 Item
1307 2986 1502 3044 beatus
1522 3004 1741 3060 quoque
1753 2990 2069 3064 Gregorius,

2199 565 2779 631 severantiacriminis
2805 569 2888 624 vel
2930 570 3130 626 delicti.
3165 570 3364 629 Tribus
3389 574 3629 648 denique
3660 592 3791 648 pec-

2199 664 2349 711 cator
2399 656 2501 715 iste
2551 666 2771 713 notatur
2797 660 3141 729 criminibus,
3191 663 3451 734 perjurio,
3493 664 3815 734 adulterio,

2197 751 2427 809 incestu.
2456 753 2705 826 Perjurio
2733 773 2989 828 namque,
3020 759 3150 830 quia
3196 760 3343 831 quod
3378 761 3675 820 observare
3704 763 3786 818 le-

2195 848 2386 919 galiter
2408 865 2517 906 non
2538 853 2716 921 potuit
2741 855 2860 910 sine
2882 854 3089 925 judicio
3115 866 3401 927 parentum
3429 860 3514 915 vel
3531 859 3783 931 iudicum

2195 945 2397 994 temere
2418 939 2607 1011 jurare
2648 946 3034 1016 praesumpsit;
3076 949 3344 1006 adulterio
3370 950 3617 1021 quidem,
3646 968 3784 1023 quo-

2192 1035 2341 1091 niam
2370 1038 2596 1096 alterius
2646 1044 3145 1112 sponsamvivente
3191 1048 3440 1117 proximo
3467 1051 3783 1120 concupivit

2192 1136 2246 1185 et
2276 1131 2521 1201 seduxit;
2555 1133 2789 1204 incestu,
2817 1138 2966 1208 quia,
2984 1151 3170 1196 contra
3187 1142 3400 1198 decreta
3421 1141 3674 1209 Patrum,
3702 1146 3783 1199 vi-

2194 1224 2372 1282 cinius
2396 1243 2564 1298 quam
2618 1229 2777 1286 liceat
2798 1231 3131 1302 permiscere
3158 1235 3477 1306 sanguinem
3523 1237 3780 1307 sanguini

2191 1330 2301 1372 non
2329 1326 2567 1373 veretur.
2620 1318 2759 1377 Item
2796 1321 2960 1392 infra.
3003 1321 3154 1378 Nosti
3190 1325 3327 1395 quid
3368 1326 3513 1381 sacri
3544 1342 3781 1383 canones

2191 1425 2356 1482 super
2384 1414 2761 1485 hujuscemodi
2807 1418 3029 1475 homine
3075 1419 3450 1490 decreverunt,
3478 1423 3775 1479 videlicet:

2190 1505 2240 1561 si
2281 1506 2486 1575 laicus,
2530 1519 2591 1565 ut
2616 1526 2726 1567 non
2754 1521 3139 1582 promoveatur
3163 1515 3233 1585 ad
3262 1515 3507 1587 clerum;
3538 1517 3591 1575 si
3617 1518 3776 1575 cleris

2190 1612 2309 1667 cus,
2326 1599 2556 1657 ulterius
2577 1616 2687 1658 non
2714 1604 2992 1661 ascendat.

2896 1700 3060 1759 CXV.

2182 1812 2479 1894 Alexandri
2516 1814 2586 1875 Η
2613 1818 2844 1894 epistola
2872 1821 2942 1874 ad
2982 1821 3347 1894 Amulgerium
3393 1824 3777 1882 Civitatem

2251 1886 2571 1972 episcopum.
2842 1886 3166 1962 paenitentia'
3194 1886 3484 1966 presbyteri
3516 1900 3610 1968 qui
3654 1915 3776 1968 pre-

2252 1955 2519 2026 sbyterum
2548 1959 2765 2015 occidit.

2727 2051 2921 2125 (Anno.
2949 2054 3238 2129 1061-75.)

2571 2141 2788 2216 Diana,
2821 2144 3025 2202 Conril.
3057 2147 3199 2217 XIX,
3224 2148 3399 2222 962.}

2251 2232 2430 2290 Fratri
2457 2234 2608 2305 huic,
2644 2253 2808 2308 quem
2849 2241 3148 2312 perpetrati
3188 2241 3469 2299 homicidii
3518 2253 3678 2301 reatu
3704 2245 3773 2302 ad

2173 2325 2441 2396 judicium
2464 2329 2739 2387 canonica:
2758 2331 3088 2401 ptenitentiae
3110 2334 3519 2405 suscipiendum
3549 2337 3618 2392 ad
3648 2353 3774 2408 apo-

2176 2418 2428 2475 stolicam
2480 2421 2664 2477 sedem
2707 2421 2926 2491 misisti,
2979 2426 3198 2481 noveris
3225 2441 3327 2482 nos
3352 2426 3519 2497 hujus
3560 2429 3770 2487 ordinis

2175 2511 2552 2581 pmnitentiam
2580 2512 2972 2575 misericordia).
2995 2526 3247 2589 respectu
3272 2518 3600 2590 injunxisse.
3630 2519 3766 2577 Nam

2176 2602 2306 2674 quia
2333 2604 2612 2677 presbyter
2637 2606 3015 2678 presbyterum
3066 2608 3284 2681 occidit,
3315 2609 3764 2681 quadrupliciter,

2174 2695 2365 2767 viginti
2394 2705 2516 2753 octo
2543 2698 2794 2754 videlicet
2845 2699 3024 2767 annis,
3054 2715 3181 2756 eum
3220 2701 3487 2772 paenitere
3510 2712 3760 2773 oportet;

2175 2788 2585 2858 quatuordecim
2642 2804 2815 2845 annos
2855 2791 2959 2848 sibi
2987 2791 3413 2849 misericorditer
3440 2793 3761 2860 indiximus,

2174 2879 2667 2950 irrecnperabiliter
2737 2881 3052 2951 dejicientes
3096 2899 3221 2940 eum
3276 2884 3657 2957 presbyteratu
3711 2895 3764 2942 et

2172 2971 2322 3026 omni
2352 2971 2823 3027 administratione
2850 2973 3226 3042 altaris.Qnos
3254 2976 3476 3046 quidem
3504 2987 3764 3048 quatuor-

486 3065 621 3124 dum
646 3084 812 3142 super
839 3071 1139 3146 Anglorum
1180 3077 1450 3149 coniugiis
1492 3082 1775 3151 scriberet,
1803 3087 1919 3144 hac
1951 3088 2064 3147 fere
2098 3073 2138 3130 (ζ
2172 3063 2346 3119 decim
2393 3078 2566 3119 annos
2611 3064 2716 3119 hoc
2741 3064 2933 3121 ordine
2974 3066 3306 3123 observabit.
3337 3066 3540 3125 Tribus
3565 3069 3761 3139 priori-

486 3162 654 3218 verba
680 3165 1033 3239 deprompsit.
1057 3169 1315 3238 Quaedam
1330 3173 1487 3230 lexin
1513 3174 1761 3236 Romana
1783 3183 2063 3253 republica

485 3258 744 3329 praecepit
775 3268 836 3316 ut
868 3262 1100 3320 duorum
1122 3264 1377 3335 fratrum,
1404 3269 1491 3325 vel
1510 3287 1758 3328 sororum
1785 3274 1948 3343 ﬁlius,
1977 3277 2064 3333 vel

485 3348 619 3441 lilia,
661 3351 717 3407 in
750 3355 1005 3428 conjugio
1024 3360 1431 3430 copularentur.
1475 3361 1579 3420 Sed
1605 3367 1831 3424 omnino
1856 3384 2061 3441 cogno~

484 3437 657 3494 scitur
683 3455 748 3496 ex
772 3442 884 3499 hoc
906 3447 1163 3519 conjugio
1203 3449 1446 3505 sobolem
1492 3467 1602 3507 non
1644 3469 1808 3523 posse
1844 3437 2065 3515 succre-

482 3545 655 3588 scere.
690 3533 844 3594 Unde
869 3555 1095 3599 necesse
1115 3551 1278 3600 estut
1297 3544 1414 3615 jam
1446 3556 1683 3617 quatuor
1708 3550 1791 3609 vel
1820 3552 2064 3623 quinque

482 3625 716 3686 invicem
764 3636 1141 3704 generationes
1175 3640 1518 3712 copulentur.
1569 3642 1627 3698 In
1667 3645 1868 3716 quibus
1892 3648 2059 3703 nimi-

481 3737 608 3777 rum
634 3725 817 3783 verbis
859 3729 980 3786 luee
1011 3732 1216 3790 clarius
1245 3744 1392 3806 patet
1438 3737 1586 3808 quia,
1617 3739 1747 3793 dum
1767 3740 1958 3796 doctor
1979 3743 2063 3797 in-

481 3814 656 3885 signis
682 3817 917 3876 duorum
938 3821 1169 3881 fratrum
1184 3827 1401 3885 soboles
1425 3830 1679 3900 prohibet
1707 3833 1759 3886 in
1775 3834 2061 3890 matrimo-

482 3906 577 3963 nio
597 3908 776 3982 jungi,
809 3911 864 3967 in
891 3924 1089 3983 quarta
1114 3934 1245 3974 vero
1272 3923 1620 3990 generatione
1649 3926 1912 3993 permittit
1937 3943 2065 3983 neo-

481 3998 679 4071 phytos
702 4004 966 4073 copulari,
1014 4022 1380 4080 nequaquam,
1431 4022 1491 4066 ut
1534 4015 1775 4072 cultores
1822 4020 2061 4087 perversi

481 4088 754 4161 dogmatis
781 4103 1053 4165 astruunt,
1085 4101 1363 4170 generatio
1385 4112 1581 4175 quarta
1608 4105 1665 4161 in
1689 4107 1924 4164 duorum
1952 4107 2061 4165 fra-

483 4186 629 4238 trum
657 4182 782 4242 ﬁliis
808 4187 987 4244 valeat
1004 4187 1256 4269 inveniri.

2163 3155 2269 3211 bus
2297 3156 2455 3211 annis
2484 3164 2635 3212 extra
2664 3158 2949 3213 ecclesiam
2973 3200 2989 3226 ,
3032 3158 3139 3215 nisi
3168 3160 3236 3215 ad
3265 3167 3509 3216 extrema
3542 3161 3755 3228 mortis,

2164 3247 2371 3320 absque
2421 3249 2828 3319 communione,
2872 3257 2927 3305 et
2975 3266 3181 3307 mensae
3234 3253 3760 3325 participatione,,et

2165 3356 2297 3411 pace
2325 3340 2415 3399 sit.
2451 3339 2615 3405 Sed‘a
2635 3339 2807 3397 Coena
2833 3341 3051 3397 Domini
3071 3344 3423 3403 solummodo.
3440 3344 3756 3402 reconcilie-

2164 3438 2254 3487 tur
2274 3447 2449 3503 usque
2467 3431 2535 3488 ad
2560 3441 2783 3488 octavas
2796 3433 3165 3492 Pentecostes.
3192 3434 3306 3492 Hac
3333 3436 3594 3508 praesenti
3615 3434 3756 3503 Qua-

2162 3522 2469 3595 dragesima
2519 3526 2760 3596 quotidie
2800 3525 3009 3596 jejunet
3038 3527 3092 3582 in
3123 3543 3262 3597 pane
3289 3539 3346 3584 et
3386 3544 3528 3600 aqua
3560 3528 3753 3583 diebus

2162 3615 2340 3671 tribus
2392 3616 2765 3684 hebdomadae,
2804 3634 3000 3688 {usque
3048 3618 3101 3673 in
3159 3617 3390 3675 Pascha.
3434 3620 3519 3675 Ab
3546 3620 3755 3675 octavis

2162 3705 2512 3764 Pentecostes
2544 3724 2717 3779 usque
2747 3709 2799 3762 in
2831 3708 3032 3764 festum
3074 3711 3249 3767 sancti
3276 3711 3585 3780 Michaelis,
3613 3713 3751 3768 duo-

2162 3799 2266 3855 bus
2288 3800 2514 3869 diebus;
2551 3801 2745 3857 deinde
2774 3801 2970 3858 tribus.
3019 3800 3150 3858 Post
3182 3813 3295 3860 tres
3321 3820 3516 3872 annos,
3548 3805 3751 3861 reddita

2164 3892 2270 3946 sibi
2322 3894 2702 3949 communione
2751 3893 2997 3949 ecclesia:
3035 3903 3092 3950 et
3128 3912 3351 3964 mensae,
3384 3897 3527 3952 inter
3557 3897 3753 3953 idiotas

2164 3983 2235 4038 sit
2282 4000 2456 4056 usque
2503 3985 2571 4039 ad
2616 3985 2861 4056 expletos
2892 3995 3100 4056 septem
3141 4002 3334 4056 annos,
3361 3989 3555 4045 eodem
3592 3990 3751 4045 modo

2163 4083 2336 4132 totum
2364 4077 2697 4148 poenitentia:
2724 4087 2938 4150 tempus
2978 4094 3220 4136 servans.
3251 4078 3318 4136 Et
3337 4080 3475 4152 quia
3497 4084 3749 4138 convenit

2162 4183 2287 4224 eum
2332 4183 2454 4226 esse
2488 4169 2591 4226 sub
2620 4170 2883 4241 regimine
2927 4171 3160 4240 abbatis,
3207 4174 3535 4230 mandamus
3562 4175 3664 4231 tibi
3690 4186 3747 4231 ut

2162 4261 2350 4316 mittas
2377 4276 2501 4315 eum
2559 4261 2610 4315 in
2661 4262 2846 4332 aliquo
2894 4265 3247 4331 monasterio,
3290 4275 3351 4320 ut
3376 4266 3452 4322 ibi
3479 4268 3763 4341 condigne.

2161 4353 2433 4423 paenitens
2462 4353 2720 4420 salvetur,
2752 4365 2806 4410 et
2837 4355 2883 4411 si
2923 4356 3017 4411 tibi
3044 4357 3128 4412 vel
3150 4357 3333 4412 abbati
3361 4359 3598 4427 videtur,
3643 4360 3745 4416 sibi

480 4407 774 4520 Διεξξέᾳέ
803 4414 866 4471 II
888 4419 1115 4520 epistol?
1134 4407 1629 4520 uiguit-stantium
1648 4431 1924 4518 Arretinum
1947 4439 2057 4506 epi-
2093 4414 2135 4468 Ῑ)
2160 4407 2454 4513 remittere,
2498 4445 2546 4501 si
2574 4445 2721 4503 hunc
2755 4447 3076 4511 observasse
3116 4449 3488 4520 pcenitentiam
3520 4452 3742 4520 videris,

816 4517 889 4527 -—-
925 4488 996 4545 Ut
1013 4492 1107 4576 qui
1129 4496 1570 4576 concubimesuce
1590 4488 2053 4576 consanguineum,

727 4548 1137 4646 ‘despomatizm,
1160 4548 1377 4623 uxorein
1418 4548 1592 4640 duxit,
1618 4548 2058 4646 caﬁf';;3h;3"}'éi

1028 4725 1210 4797 (Anno
1242 4730 1529 4806 1061-75.)

874 4810 1090 4886 [311mm,
1125 4819 1332 4878 Concil.
1356 4823 1499 4893 XIX,
1520 4826 1670 4900 96L]

548 4925 828 5000 Scripsisti
875 4932 1167 4999 quemdam
1210 4935 1465 4994 Ecclesim
1492 4950 1601 4997 tua:
1641 4941 1813 4999 lilium
1854 4960 2057 5002 concu-

475 5018 615 5078 binae
656 5040 770 5082 suae
818 5026 873 5084 in
916 5033 1111 5093 quarta
1151 5026 1292 5091 linea
1321 5033 1803 5104 consanguineam,
1834 5037 2057 5094 alterius

473 5112 681 5160 δηίιίορι
706 5116 1089 5160 dncmncolnm
1164 5133 1262 5160 nm
1287 5120 1518 5160 nnninrrn
1555 5124 1779 5160 Αιινῖοοη
1837 5125 2027 5160 Ῐιηυινη

2157 4546 2282 4609 post
2307 4545 2418 4593 tres
2446 4553 2620 4594 annos
2648 4539 2793 4595 licet.

2857 4630 3042 4687 CXVI.

2161 4716 2455 4792 Alexandri
2490 4712 2556 4773 ΙΙ
2594 4722 2820 4792 epistola
2850 4725 2921 4778 ad
2961 4724 3158 4779 clerum
3208 4724 3635 4784 Vulturnensem.
3672 4762 3741 4772 —

2239 4789 2311 4844 De
2334 4789 2785 4866 ptenitentio‘ejus
2803 4797 2897 4865 qui
2920 4796 3279 4866 presbyterum
3315 4799 3371 4851 in
3398 4815 3452 4853 se
3475 4801 3643 4854 armis
3667 4801 3739 4854 ir-

2232 4870 2468 4916 ruentem
2492 4862 2833 4933 interfeeerit.

2695 4956 2875 5028 (Anno
2914 4957 3200 5029 1061-73.)

2539 5044 2753 5119 [Mansn
2784 5047 2990 5105 Concil.
3032 5048 3151 5104 XIX
3180 5093 3195 5117 ,
3226 5051 3392 5124 962.],

2228 5135 2507 5160 “.-..2‘-..-
2538 5142 2787 5160 __...--..4'
