4022 5340
230 200 364 253 1405
403 247 408 253 .

1383 179 1745 242 ΕΡὶΒῒΟΙιιΕ
1782 180 1861 235 Εἰ
1911 172 2325 233 υιιιωδιΑτΑ.

3332 167 3492 231 -Ηοϐ

229 310 356 369 scha
377 304 585 377 ieiunet
623 302 802 360 tribus
822 296 1033 358 diebus
1058 315 1155 372 per
1192 299 1554 371 septimanam
1585 298 1639 354 in
1662 310 1801 368 pane
1834 296 1874 365 Α
1902 291 1989 349 cio
2014 293 2188 350 sancti
2216 290 2453 363 Spiritus
2477 303 2574 346 eos
2611 286 2707 360 qui
2730 286 2802 343 in
2830 285 3009 344 tribus
3023 284 3198 343 sacris
3212 284 3490 358 gradibus.

130 384 139 389 ’
229 411 282 458 et
319 412 480 470 aqua,
507 405 565 452 et
591 411 698 451 non
727 403 915 449 utatur
937 392 1320 450 calceamentis
1348 408 1523 464 neque
1551 390 1683 447 lino.
1713 388 1796 453 Ab
1899 386 2277 456 prcshytcratu
2326 382 2532 439 scilicet
2564 423 2579 449 ,
2639 381 2932 436 diaconatu
2992 386 3047 433 et
3095 377 3491 453 subdiaconatu

228 500 413 550 octava
432 488 779 545 Pentecostes
797 501 968 558 usque
991 486 1059 541 ad
1086 484 1434 542 festivitatem
1461 483 1635 539 sancti
1663 480 1799 535 Mar-

228 584 325 645 tini
348 581 556 653 ieiunet
581 580 796 636 duobus
822 579 1016 635 dicbu‘s
1044 592 1139 648 per
1165 577 1546 648 septimanam,
1576 582 1632 631 et
1659 589 1690 628 a
1718 570 1799 627 fe-

230 674 461 732 stivitate
506 673 682 736 sancti
729 670 949 726 Martini
998 684 1174 741 usque
1225 669 1294 726 ad
1321 660 1555 724 natalem
1585 663 1799 722 Domini

227 777 321 831 aut
365 764 531 823 faciat
566 778 864 829 carcerem,
906 762 1164 833 ieiunans
1209 761 1455 833 quotidie
1480 759 1536 814 in
1572 772 1711 828 pane
1746 765 1803 812 et

227 873 387 929 aqua,
416 865 512 911 aut
536 864 623 911 eat
645 854 803 911 exsul
829 863 885 909 et
906 854 1118 925 ieiunet
1157 852 1335 909 tribus
1361 851 1557 907 diebus
1580 850 1636 905 in
1664 863 1803 920 pane

224 958 279 1006 et
302 964 463 1019 aqua.
499 947 583 1002 Ab
621 955 813 1004 octava
841 945 1157 1018 Epiphania;
1185 960 1359 1015 usque
1395 944 1463 1001 ad
1490 942 1804 1013 Quadrage-

227 1043 420 1099 simam
443 1039 652 1110 ieiunet
675 1040 891 1100 duobus
931 1039 1143 1094 diebus.
1173 1037 1219 1091 Α
1246 1037 1674 1107 Quadragesima
1704 1049 1802 1089 us—

225 1147 328 1203 que
373 1146 431 1185 tn
473 1129 685 1191 Pascha
718 1131 930 1201 ieiunet
972 1131 1151 1186 tribus
1200 1130 1392 1186 diebus
1437 1128 1494 1184 in
1565 1142 1706 1198 pane
1747 1133 1804 1180 et

225 1238 398 1294 aqua;
428 1229 485 1277 et
509 1222 629 1278 haec
655 1220 822 1277 faciat
839 1237 1013 1293 usque
1040 1222 1107 1277 ad
1127 1236 1299 1277 annos
1326 1222 1588 1292 quinque.
1619 1218 1704 1273 Ab
1727 1219 1807 1273 in—

224 1329 411 1387 gressu
431 1322 616 1370 autem
643 1314 885 1379 ecclesiae
905 1323 959 1371 et
982 1314 1368 1379 communione
1395 1321 1603 1385 septem
1630 1325 1802 1371 annos

225 1391 511 1462 abstineat.

902 1476 1113 1541 CXVII.

223 1546 513 1607 Alexandri
537 1545 603 1601 ΙΙ
623 1547 845 1617 epistola
867 1550 935 1602 ad
956 1548 1269 1603 Wltinensis
1286 1546 1537 1603 Ecclesiae
1557 1546 1796 1603 clericos.

289 1649 359 1690 -ςῖ
392 1617 568 1682 Quam
605 1620 856 1689 imposuit
912 1620 1275 1689 paenitentiam
1320 1618 1659 1687 Theoderico,
1707 1621 1798 1690 qui

288 1686 464 1765 ﬁlium
500 1704 603 1743 non
623 1686 804 1760 sponte
835 1686 1048 1745 occidit.

750 1781 932 1853 (Anno
967 1780 1256 1852 1061-75.)

594 1871 822 1945 [Mansn
847 1872 1051 1928 Concil.
1080 1872 1220 1937 XIX,
1251 1872 1417 1947 966.]

288 1964 579 2035 Diligentia
600 1973 783 2021 vestra
806 1974 998 2021 noscat
1022 1966 1150 2023 huic
1184 1966 1521 2022 Theoderico
1558 1966 1791 2039 [Tende‘

222 2055 365 2128 rice]
398 2072 502 2127 pro
550 2057 865 2127 parricidio,
909 2055 1161 2114 videlicet
1191 2068 1368 2114 morte
1406 2059 1503 2113 lilii
1542 2059 1648 2126 sui,
1689 2076 1799 2114 non

223 2155 409 2215 sponte
455 2146 774 2213 commisso,
816 2148 1142 2203 auctoritate
1176 2148 1617 2204 beatissimorum
1668 2163 1801 2218 apo-

222 2238 487 2292 stolorum
526 2245 582 2292 et
628 2253 903 2293 canonum
946 2240 1325 2309 paenitentiam
1368 2256 1470 2297 nos
1518 2242 1801 2312 septennio

221 2330 594 2399 composuisse
611 2328 1030 2403 [imposuisse],
1063 2331 1117 2386 in
1140 2332 1331 2388 eodem
1371 2342 1602 2403 peracta:
1622 2332 1800 2403 potni-

223 2419 399 2475 tcntia:
433 2430 653 2490 tempus
675 2431 1133 2478 connumerantes
1154 2422 1241 2495 [in
1277 2424 1469 2480 eodem
1496 2435 1657 2495 pacto
1681 2440 1800 2494 ραι*

221 2512 317 2571 nit.
351 2514 928 2588 connumeravimus],
955 2516 1029 2570 ita
1072 2524 1134 2570 ut
1177 2517 1376 2574 amodo
1418 2532 1593 2588 usque
1626 2516 1804 2573 sancti

221 2603 440 2660 Martini
460 2604 658 2661 festum
681 2606 896 2661 duobus
913 2605 1124 2675 ieiunet
1149 2607 1204 2661 in
1228 2607 1566 2663 hebdomada
1586 2608 1799 2673 diebus,

219 2705 409 2766 quarta
446 2695 583 2755 feria
624 2697 875 2753 videlicet
912 2707 968 2753 et
994 2709 1147 2754 sexta
1178 2741 1192 2765 ,
1226 2700 1282 2754 in
1308 2716 1447 2770 pane
1481 2710 1536 2755 et
1563 2715 1725 2771 aqua.
1754 2701 1800 2755 A

219 2789 388 2843 sancti
417 2787 639 2843 Martini
673 2788 966 2845 festivitate
1004 2806 1177 2861 usque
1203 2792 1270 2846 ad
1300 2791 1515 2846 Domini
1550 2792 1803 2847 nativita-

219 2887 345 2947 tem,
373 2880 697 2937 continuum
734 2890 860 2952 agat
893 2881 1162 2952 jejunium
1193 2883 1246 2936 in
1275 2898 1415 2953 pane
1434 2893 1487 2938 et
1515 2899 1678 2953 aqua,
1702 2899 1800 2937 ex-

218 2971 383 3041 ecptis
403 2971 707 3028 Dominicis
733 2983 788 3028 et
814 2974 1020 3044 quintis
1048 2974 1215 3043 feriis,
1246 2975 1300 3028 in
1331 2975 1532 3044 quibus
1563 2975 1801 3045 quadra-

215 3063 469 3132 gesimali
488 3065 615 3120 cibo
634 3066 996 3121 vescatur.Ab
1016 3066 1224 3121 octavis
1239 3065 1605 3136 Theophanis:
1624 3082 1811 3149 usque.

213 3155 278 3208 ad
315 3153 827 3228 Quadragesimam,
856 3159 1071 3215 duobus
1114 3159 1170 3212 in
1208 3158 1547 3213 hebdomada
1590 3158 1799 3229 ieiunet

213 3245 427 3316 diebus,
460 3258 657 3319 quarta
683 3259 738 3305 et
770 3261 921 3306 sexta
960 3249 1113 3317 feria,
1146 3251 1199 3304 in
1231 3266 1371 3320 pane
1407 3259 1463 3306 et
1502 3266 1667 3321 aqua,
1706 3266 1801 3306 ex-

213 3338 385 3409 ceptis
412 3340 569 3399 festis
604 3342 1013 3412 principalibus,
1043 3343 1099 3397 in
1133 3343 1331 3413 quibus
1358 3343 1701 3414 eleemosyna
1739 3358 1800 3398 se

213 3429 465 3494 redimat.
491 3432 549 3486 In
571 3432 1035 3506 Quadragesimali
1053 3450 1182 3489 vero
1211 3443 1454 3505 tempore
1476 3434 1797 3491 continuum

212 3523 482 3593 agendum
514 3533 597 3580 est
617 3517 885 3595 jejunium
916 3526 971 3579 in
1004 3541 1143 3596 pane
1169 3536 1223 3581 et
1243 3542 1406 3597 aqua,
1429 3527 1671 3599 exceptis
1692 3525 1799 3599 De:

211 3614 452 3672 minicis.
477 3614 539 3671 In
559 3617 751 3686 quinta
773 3615 907 3671 feria
936 3626 1168 3685 tantum,
1191 3619 1378 3673 vinum
1401 3619 1452 3674 ei
1476 3619 1661 3675 bibere
1673 3618 1797 3692 [al.,

208 3713 394 3767 tamen
445 3708 636 3767 vinum
663 3708 1027 3782 exhibere]et
1060 3710 1517 3783 quadragesimali
1558 3711 1633 3767 uti
1675 3712 1798 3768 cibo

208 3800 590 3863 concedimus.
629 3800 762 3858 Post
789 3817 1159 3871 annumvero
1197 3803 1549 3874 completum,
1588 3803 1643 3858 in
1684 3813 1797 3861 toto

206 3902 354 3946 anno
398 3892 618 3949 duobus
662 3891 855 3948 diebus
894 3892 949 3947 in
995 3908 1320 3968 unaquaque
1359 3892 1699 3949 hebdomada
1741 3895 1798 3950 in

182 3992 443 4053 ,paue-et
484 3999 627 4055 aqua
651 3984 879 4055 ieiunet.
916 3983 976 4039 In
1012 3984 1430 4058 quadragesima
1457 3995 1639 4042 tamen
1661 4002 1795 4044 con-

204 4070 425 4130 tinuum
454 4085 580 4149 agat
619 4076 887 4148 jejunium
921 4077 974 4133 in
1011 4094 1151 4149 pane
1184 4088 1237 4134 et
1273 4094 1435 4151 aqua.
1469 4078 1535 4135 Et
1572 4079 1625 4134 in
1654 4097 1795 4137 uno-

204 4181 432 4240 quoque
461 4186 607 4241 anno
631 4186 805 4242 usque
829 4172 896 4227 ad
925 4173 1196 4244 expletum
1220 4172 1554 4243 poenitentiae
1580 4182 1796 4245 tempus

202 4257 530 4332 huiusmodi
559 4264 828 4339 jejunium
859 4266 1127 4337 agendum
1150 4273 1252 4330 est,
1281 4272 1334 4318 et
1362 4280 1394 4318 a
1423 4280 1589 4320 carne
1616 4282 1675 4320 se
1699 4268 1795 4321 ab—

201 4352 425 4411 stineat.
468 4356 569 4413 Per
597 4374 766 4415 unum
795 4374 1003 4413 annum
1044 4357 1331 4413 ecclesiam
1360 4357 1411 4413 ei
1439 4358 1790 4430 denegamus.
1827 4395 1871 4449 Β

202 4443 335 4504 Post
374 4449 688 4521 ingressum
726 4451 990 4518 ecclesia},
1017 4450 1191 4509 tribus
1226 4451 1389 4508 annis
1411 4467 1535 4508 eum
1565 4467 1597 4507 a
1638 4468 1791 4508 eom-

200 4544 468 4602 munionc
502 4562 842 4618 separamus,
872 4545 978 4606 nisi
1019 4543 1212 4603 mortis
1246 4544 1410 4601 fuerit
1438 4543 1631 4601 timore
1655 4562 1794 4617 prae-

166 4645 412 4699 ,veutus.
442 4636 509 4695 Si
537 4640 662 4711 quis
692 4649 874 4696 autem
902 4640 1211 4715 episcopus,
1238 4638 1321 4693 vel
1350 4637 1638 4710 religiosus
1667 4654 1791 4710 pre-

195 4728 396 4800 sbyter,
430 4746 608 4788 causa
636 4732 851 4802 pietatis
880 4731 1083 4802 aliquid
1114 4731 1220 4787 sibi
1261 4732 1506 4788 relaxare
1537 4733 1791 4800 voluerit,

197 4820 304 4877 hoc
328 4821 381 4878 ei
406 4824 709 4896 apostolica
737 4825 1057 4895 auctoritate
1083 4825 1455 4884 concedimus.

209 4981 484 5067 Domiti-{co
538 4985 816 5067 ({radensi
856 4917 1293 5067 ἕαξνῖἑξυξήωβ-
1321 4989 1400 5067 De
1452 4989 1791 5067 presbyteris,

366 5056 626 5122 diaconis,
658 5060 1000 5119 subdiaconis
1021 5070 1162 5114 caste
1181 5074 1284 5111 non
1310 5056 1618 5118 viventibus:

581 5145 1090 5232 (Fragm.--'—Anno
1118 5149 1398 5225 1061-75.)

566 5233 801 5340 [ditus],
839 5243 1044 5301 Concil.
1077 5240 1215 5306 XIX,
1242 5241 1402 5320 977.]

1899 476 2083 547 positi,
2101 475 2459 531 mulierculas
2479 489 2588 529 non
2613 472 2933 543 abiecerunt
2956 479 3011 525 et
3036 479 3185 525 caste
3215 483 3325 524 non
3348 467 3495 523 vixe-

1902 577 2050 637 runt,
2073 567 2361 635 excludere
2404 565 2474 621 ab
2523 563 2841 621 corumdent
2891 562 3160 635 graduum
3207 559 3496 631 dignitate.

1900 659 1978 716 De
2004 659 2312 716 manifestis
2340 657 2651 730 loquimur;
2677 664 3013 713 secretorum
3032 662 3216 718 autem
3245 649 3500 727 cOgnitor

1901 760 1956 808 et
1978 750 2148 824 iudex
2174 749 2321 807 Deus
2347 759 2450 806 est.

2597 822 2787 883 CXIX.

2117 920 2197 978 De
2234 920 2477 991 episcopo
2506 915 2814 974 Simoniaco
2845 924 2894 971 et
2916 915 3262 987 fornicatam.

2295 1012 2536 1085 (Fragm.
2552 1041 2622 1052 -—
2637 1008 2797 1065 Anno
2813 1007 3103 1080 1061-75.)

2296 1105 2514 1179 [Μλκεμ
2546 1102 2750 1159 Concil.
2781 1101 2924 1169 XIX,
2970 1100 3101 1175 978]

1974 1198 2239 1254 Laucium
2269 1196 2590 1253 Micernium
2618 1194 2936 1265 episcopum
2965 1194 3035 1248 ab
3075 1192 3353 1265 cpiscopio
3398 1191 3496 1247 de-

1901 1293 2083 1365 posui,
2114 1292 2240 1362 quia
2271 1301 2563 1347 accusatus
2587 1296 2673 1345 est
2703 1296 2756 1342 et
2791 1287 3077 1343 convictus
3129 1288 3198 1343 de
3250 1287 3494 1343 fornica-

1902 1386 2051 1439 tione
2079 1392 2133 1438 et
2160 1383 2470 1438 Simoniaca
2497 1381 2844 1452 episcopatus
2866 1378 3152 1451 adeptione
3177 1395 3493 1436 sacrorum-

1903 1490 2013 1547 que
2044 1475 2298 1537 ordinum
2325 1474 2656 1531 venditione.

2608 1562 2773 1620 CXX.

1831 1653 1874 1710 B
1902 1658 2056 1716 Clero
2078 1667 2129 1713 et
2152 1657 2347 1729 populo
2379 1655 3061 1729 Florentium—Monachi
3084 1656 3227 1709 intra
3254 1654 3498 1729 claustra

1974 1724 2267 1792 morentur,
2299 1739 2348 1784 et
2372 1746 2404 1782 a
2427 1728 2810 1799 prwdicatione
2833 1727 3156 1795 abstineant,
3195 1741 3299 1780 non
3330 1724 3495 1779 mitti—

1974 1810 2165 1855 δινεηι.

2292 1890 2535 1966 (Fragm.
2550 1923 2616 1933 —
2633 1890 2791 1944 Anno
2816 1886 3099 1957 1061-75.)

2287 1983 2502 2057 [iussn
2542 1980 2747 2038 Concil.
2779 1979 2922 2047 XIX,
2955 1976 3110 2052 979.]

1968 2076 2129 2131 Juxta
2159 2074 2622 2132 Chalcedonensis
2646 2082 2887 2129 tenorem
2917 2070 3106 2142 optimi
3131 2069 3501 2137 concilii,mo-

1903 2169 2113 2234 nachis,
2140 2168 2393 2239 quamvis
2428 2164 2722 2236 religiosis,
2753 2164 2820 2219 ad
2852 2178 3103 2217 normam
3127 2162 3303 2217 sancti
3328 2162 3499 2218 Bene-

1900 2261 2051 2323 dicti,
2086 2261 2226 2314 intra
2253 2260 2555 2316 claustrum
2582 2256 2786 2312 morari
2810 2254 3187 2326 praecipimus:
3207 2253 3379 2319 vicos,
3405 2268 3499 2309 ca-

1902 2353 2079 2417 stella,
2111 2352 2360 2407 civitates
2410 2364 2699 2420 peragrare
2754 2346 3132 2418 prohibemus,
3188 2344 3297 2399 nisi
3354 2344 3499 2398 forte

1902 2444 2045 2513 quis,
2076 2438 2143 2498 de
2166 2458 2281 2497 sua:
2308 2441 2505 2496 animae
2531 2441 2706 2495 salute
2729 2437 3016 2505 sollicitus,
3050 2445 3111 2492 ut
3167 2450 3359 2492 eorum
3393 2436 3496 2490 ha-

1903 2536 2074 2591 bitum
2110 2542 2378 2601 assumat,
2428 2547 2524 2588 eos
2570 2531 2713 2587 intra
2750 2531 3049 2588 claustrum
3079 2527 3366 2585 consulere
3401 2541 3498 2582 vo-

1902 2627 2085 2682 luerit.

2598 2692 2793 2749 CXXI.

1906 2788 2152 2859 Mangiso
2182 2786 2456 2842 Venctensi
2480 2782 3030 2856 episcopo.——anlis
3054 2782 3397 2853 eleentosyms
3422 2795 3500 2834 ro-

2077 2880 2211 2935 dimi
2239 2896 2410 2950 posse,
2439 2879 2569 2949 quin
2593 2877 2971 2947 consanguinei
2990 2884 3323 2945 separentur.

2291 2970 2791 3041 (Fragm.——Anno
2815 2966 3102 3037 imit-73.)

2296 3060 2514 3133 [Mansn
2546 3059 2753 3115 Concil.
2785 3057 2930 3125 XIX,
2943 3056 3096 3128 979.]
3245 3124 3267 3145 θ

1971 3153 2147 3224 Ilujus
2169 3152 2274 3208 viri
2303 3168 2527 3209 causam
2555 3167 2721 3222 super
2760 3166 2872 3221 qua
2920 3148 3275 3220 apostolicam
3314 3145 3499 3203 sedem

1900 3244 2224 3301 consuluisti
2255 3251 2638 3309 retractantes,
2668 3242 2713 3297 si
2742 3258 2855 3312 quo
2880 3242 3044 3296 modo
3070 3239 3500 3295 misericorditer

1899 3337 2254 3407 coniunctam
2311 3335 2418 3391 sibi
2478 3334 2669 3390 illicite
2742 3331 3209 3403 consanguineam
3264 3329 3499 3384 retinere

1897 3437 2085 3500 posset
2107 3436 2162 3482 et
2193 3426 2558 3490 orationibus,
2580 3424 2909 3496 ieiuniis,ac
2925 3422 3259 3478 hmreditatis
3274 3429 3329 3475 et
3348 3420 3496 3476 elec—

1900 3535 2254 3592 mosynarum
2286 3533 2346 3574 se
2375 3517 2663 3589 largitione
2683 3515 2972 3579 redimere,
3004 3514 3209 3569 nullam
3249 3512 3495 3569 auctori-

1898 3621 2067 3668 tatem
2096 3610 2467 3681 comperimus
2494 3624 2603 3680 qua
2638 3607 2742 3664 sibi
2771 3605 3217 3663 concederemus.
3242 3618 3247 3627 '

2577 3696 2807 3775 cxxu.

1904 3796 2150 3869 Epistola
2177 3793 2472 3850 Alexandri
2502 3791 2567 3847 II
2598 3792 2666 3875 ad
2698 3789 3018 3846 Romaldum
3047 3788 3161 3860 (24)
3193 3786 3495 3844 Cumanum

2541 3878 2867 3933 episcopum.

1972 3959 2149 4031 Super
2176 3973 2376 4014 causas
2415 3953 2668 4012 Gissandi
2717 3951 3040 4025 presbyteri,
3079 3950 3146 4007 de
3168 3960 3345 4007 morte
3372 3951 3492 4021 epi-

1899 4053 2049 4123 scopi
2074 4053 2158 4108 sui
2181 4045 2708 4122 praedecessoris‘tui
2736 4043 3006 4109 infamati,
3022 4043 3076 4097 in
3105 4042 3341 4099 medium
3359 4058 3492 4097 con-

1802 4144 1809 4172 ‘
1898 4144 2188 4201 suluimus.
2236 4141 2427 4211 Itaque
2462 4138 2607 4194 circa
2652 4135 2900 4192 omnium
2931 4134 3229 4190 astantium
3256 4132 3492 4189 fratrum

1898 4250 2130 4291 assensu
2170 4231 2416 4287 unanimi
2444 4239 2552 4285 tua:
2593 4227 2871 4283 dilectioni
2910 4225 3268 4281 rescribimus
3296 4224 3494 4295 prtefa-

1896 4335 2015 4381 tum
2037 4323 2366 4380 Gissandum
2397 4322 2522 4375 ante
2554 4329 2605 4374 te
2638 4316 3101 4390 przesentandum,
3131 4315 3244 4381 ubi,
3273 4315 3318 4371 si
3356 4316 3494 4373 certi

1897 4422 2246 4470 accusatores
2289 4409 2586 4489 defuerint,
2637 4417 2789 4474 tunc,
2844 4404 3340 4477 dictantejustitia,
3372 4407 3493 4465 sine

1896 4507 2047 4563 omni
2077 4502 2449 4562 controversia
2505 4501 2789 4573 presbyter
2810 4513 3153 4569 quaecunque
3180 4497 3251 4553 ob
3273 4490 3381 4555 hoc
3402 4499 3491 4554 in-

1889 4600 2040 4671 juste
2065 4596 2269 4662 amisit,
2298 4610 2362 4650 ac
2387 4591 2757 4649 sacerdotium
2796 4596 2851 4645 et
2884 4589 3093 4662 integra
3130 4589 3364 4659 accipiat
3394 4591 3492 4646 be-

1895 4670 2107 4747 neficia.
2131 4687 2518 4760 Purgationem
2537 4683 2851 4756 (25)tamen
2883 4670 3009 4737 ante
3039 4690 3112 4747 te,
3147 4680 3368 4737 duobus
3395 4683 3497 4738 tibi

1896 4780 2273 4855 sacerdotibus
2297 4779 2527 4849 junctis,
2560 4776 2653 4831 ubi
2682 4783 2974 4833 accusator
2999 4770 3313 4836 cessaverit,
3340 4787 3502 4827 eunt-s

1897 4876 2020 4931 dem
2057 4891 2126 4929 ex
2154 4889 2214 4930 se
2237 4872 2479 4943 praebere
2510 4876 2607 4924 tuo
2646 4865 3047 4926 committimus
3074 4860 3322 4917 arbitrio.
3367 4862 3506 4918 Vul-

1897 4984 2080 5040 garem
2122 4967 2358 5036 denique
2397 4956 2597 5035 legem,
2649 4979 2680 5019 a
2708 4957 2860 5017 nulla
2912 4953 3177 5034 canonica
3214 4954 3516 5014 'sanctione

1897 5057 2395 5125 fultam,ferventis
2430 5052 2646 5112 scilicet
2668 5053 2787 5110 sive
2812 5046 3031 5121 frigidae
3064 5056 3218 5112 aqua:
3238 5039 3523 5120 ignitique

1899 5151 2027 5209 ferri
2076 5158 2413 5217 contactum,
2452 5154 2549 5202 aut
2581 5140 2888 5217 cuiuslibet
2923 5132 3204 5213 popularis
3233 5131 3524 5195 inventio-

1816 5260 1819 5263 '
1900 5245 1988 5302 nis
2023 5244 2171 5319 (quia
2202 5241 2507 5300 fabricaute
2531 5237 2653 5295 haec
2676 5240 2811 5294 sunt
2834 5222 3073 5290 omnino
3112 5224 3249 5279 facta
3282 5222 3527 5304 invidia)

3253 5330 3391 5340 -.Α---
