4022 5340
538 329 669 387 MM

490 436 491 439 “
1180 438 1463 495 CXXXIV.

536 531 780 587 Fratrem
826 539 918 586 aut
950 548 1178 585 sororem
1213 533 1395 585 uxoris
1435 530 1693 602 azquivoce
1737 541 1941 585 tantum
1994 531 2109 593 dici,

1178 610 1448 672 cognatos.

898 691 1135 764 (Fragm.
1160 723 1231 734 -—-
1253 693 1413 748 Anno
1456 692 1739 763 mill-73.)

914 784 1130 857 [Mausn
1161 784 1366 840 Concil.
1393 783 1536 850 XIX,
1565 782 1718 855 981.]

600 876 758 946 Quod
778 884 959 932 autem
989 876 1158 932 frater
1183 892 1406 932 sororve
1437 875 1626 930 uxoris
1656 882 1763 929 tuas
1789 875 2004 945 cognati
2025 873 2107 929 tui

532 971 807 1035 dicuntur,
835 969 1282 1039 aequivoeatiouis
1311 969 1434 1039 jure
1460 967 1521 1022 fit
1548 976 1603 1023 et
1639 967 1961 1022 necessitate
1983 967 2106 1021 vul-

533 1062 680 1133 garis
701 1060 1098 1132 appellationis,
1123 1061 1305 1131 potius
1326 1075 1491 1131 quam
1514 1059 1623 1114 ulla
1642 1074 1809 1114 causa
1831 1059 2109 1129 cognatio-

534 1156 640 1211 nis.
661 1153 811 1209 Uxor
829 1154 977 1209 enim
1006 1152 1192 1209 fratris
1219 1152 1469 1208 fratrissa
1493 1152 1674 1222 potius
1695 1167 1860 1222 quam
1876 1160 2108 1224 cognata

534 1257 780 1304 vocatur.
809 1246 984 1301 Mariti
1022 1245 1191 1300 frater
1228 1246 1365 1300 levir
1388 1245 1606 1301 dicitur.
1650 1244 1891 1299 Duorum
1926 1253 2108 1300 autem

534 1354 733 1395 uxores
776 1337 1365 1405 voeanturjanitrices,
1390 1337 1549 1407 quasi
1591 1338 1836 1391 eamdem
1882 1338 2106 1407 januam

535 1440 799 1496 tenentes,
850 1430 932 1484 vel
974 1445 1072 1498 per
1113 1429 1357 1483 eamdem
1395 1430 1622 1499 januam
1663 1430 1947 1485 intrantes.
2000 1430 2109 1485 Viri

534 1539 692 1579 soror
716 1523 833 1594 glos
873 1520 1192 1591 appellatur.
1240 1519 1458 1575 Sororis
1493 1528 1675 1577 autem
1700 1521 1784 1576 vir
1812 1537 1921 1577 non
1948 1523 2111 1579 habet

535 1631 731 1671 nomen
762 1614 1015 1685 speciale,
1048 1628 1159 1668 non
1181 1614 1372 1669 uxoris
1403 1612 1590 1669 frater.

1188 1724 1373 1779 CXXX
1387 1724 1423 1779 ν
1435 1767 1448 1780 .

694 1816 983 1888 Responsio
1011 1816 1082 1870 ad
1103 1817 1334 1887 episcOpi
1369 1816 1647 1887 cujusdam
1676 1817 1951 1889 inquisita.

911 1917 914 1920 '
1071 1908 1252 1977 (Anno
1283 1906 1562 1980 103L715.)

919 1998 1136 2072 [tim],
1165 1999 1369 2055 Concil.
1394 1998 1537 2067 xm,
1570 1999 1721 2073 981.]

608 2089 985 2146 Fraternitatis
1008 2099 1115 2146 tute
1138 2090 1395 2147 studiosae
1424 2091 1909 2164 sagacitati,frater
1934 2107 2118 2148 aman-

535 2181 624 2248 de,
655 2183 782 2253 quia
830 2181 1023 2250 debeo,
1074 2183 1254 2239 refero
1302 2191 1516 2255 grates;
1564 2184 1826 2254 quoniam
1870 2186 2115 2255 quaesisti

536 2289 660 2344 qua:
683 2273 938 2342 debuisti,
959 2275 1263 2345 jucundum
1289 2292 1376 2331 mc
1394 2276 1697 2332 reddidisti.
1728 2275 1883 2332 Unde
1908 2279 2117 2349 placide

518 2364 607 2419 'ad
642 2365 900 2437 inquisita
929 2368 1254 2438 respondeo.
1293 2366 1487 2423 Sedem
1533 2368 1885 2438 apostolicam
1919 2387 2118 2426 consu-

536 2457 649 2512 lere
679 2456 966 2513 deerevisti
1014 2458 1062 2514 si
1099 2458 1315 2525 mulier,
1351 2459 1545 2529 copula
1581 2458 1811 2529 nuptiali
1856 2468 2117 2518 extraneo

536 2548 881 2620 virojuncta,
904 2549 1213 2621 cognationi
1244 2549 1364 2621 ejus
1393 2550 1678 2620 pertineat,
1706 2551 1753 2606 si
1775 2566 1841 2606 eo
1864 2550 2119 2608 defuncto

538 2640 791 2711 cognatio
814 2649 1033 2695 maneat
1054 2641 1265 2709 eadem,
1298 2642 1381 2697 vel
1404 2642 1450 2697 si
1477 2642 1545 2697 ab
1575 2643 1683 2698 alio
1703 2642 1822 2698 viro
1847 2645 2122 2716 cognatio-

538 2731 624 2785 nis
646 2732 910 2786 voeabula
933 2730 1171 2804 [vincula
1185 2730 1241 2805 ?]
1264 2733 1653 2801 dissolvantur,
1672 2735 1760 2789 vel
1781 2735 1828 2791 si
1853 2746 2120 2806 suscepta:

538 2822 757 2878 soboles
785 2824 1000 2892 possint
1020 2824 1259 2893 legitime
1281 2825 1348 2878 ad
1382 2825 1580 2894 prioris
1607 2826 1709 2881 viri
1739 2828 2115 2898 cognationem

538 2911 926 2984 [cognationis]
972 2914 1211 2969 transire
1261 2915 1651 2985 cepulam.Est
1695 2917 1841 2971 enim
1890 2918 2116 2973 verbum

545 3004 759 3059 Domini
789 3004 1030 3059 validum
1060 3014 1115 3060 et
1156 3004 1316 3073 forte,
1350 3015 1436 3062 est
1467 3007 1734 3075 durabile,
1773 3018 1856 3065 est
1889 3025 2120 3081 prreser-

537 3096 717 3150 vabile
737 3104 791 3149 et
811 3096 1170 3163 immutabile,
1196 3112 1307 3151 non
1333 3106 1916 3166 momentaneummon
1934 3107 2118 3155 trans-

1797 322 2194 381 ALEXANDRJ
2232 321 2274 377 ll
2312 319 2516 378 ΡΑΡιΕ

3608 366 3613 367 ,
3646 318 3791 374 “I2

2130 443 2174 499 Α
2200 439 2361 510 pheta
2386 457 2399 492 :
2426 436 2687 503 Quoniam
2712 434 2821 505 ipse
2844 434 3002 503 dixit,
3035 446 3088 490 et
3112 437 3258 507 facta
3291 443 3443 500 sunt;
3475 436 3591 506 ipse
3630 452 3792 489 man—

2206 529 2354 583 davit
2389 537 2441 583 et
2467 534 2645 582 creata
2684 535 2849 581 sunt:
2885 529 3076 581 statuit
3124 544 3187 581 ea
3238 528 3296 581 in
3342 536 3600 582 internum
3644 535 3701 582 et
3729 529 3791 580 in

2205 619 2458 675 swculum
2483 618 2665 674 surculi
2678 634 2697 683 ;
2718 627 3032 689 praeceptum
3055 618 3251 689 posuit,
3272 627 3323 673 et
3362 628 3465 672 non
3485 619 3790 689 prateribit

2208 710 2383 782 (Psal.
2409 726 2630 776 chvm,
2648 708 2872 780 5).Nam
2898 724 2993 779 per
3012 710 3237 766 verbum
3259 726 3420 766 suum
3451 720 3620 781 atque
3644 727 3789 781 pra:—

2207 811 2423 872 c’eptum
2443 802 2652 856 efficere
2680 801 2790 856 duo
2811 816 3031 857 carnem
3063 817 3250 869 unam,
3280 801 3334 857 id
3353 810 3438 858 est
3469 804 3787 858 masculum

2207 902 2261 947 et
2314 892 2594 960 feminam,
2637 892 2732 963 qui
2780 893 3124 948 innumeram
3168 894 3567 950 multitudinem
3618 904 3787 951 sexus

2208 984 2491 1054 utriusque
2516 998 2626 1038 non
2650 984 2859 1039 destitit
2889 1000 3074 1041 secum
3106 984 3285 1041 facere
3309 1001 3501 1054 unum,
3514 987 3658 1041 sicut
3686 996 3789 1057 per

2208 1090 2269 1130 se
2288 1074 2673 1131 Veritasdixit:
2702 1074 2824 1130 Non
2846 1093 2969 1148 rogo
2992 1094 3086 1148 pro
3111 1078 3194 1131 his
3225 1086 3451 1145 tantum,
3476 1078 3567 1133 sed
3588 1065 3685 1149 pro
3703 1079 3785 1134 eis

2208 1168 2297 1238 qui
2319 1167 2575 1221 credituri
2604 1175 2726 1220 sunt
2769 1184 2861 1237 per
2884 1169 3094 1222 verbum
3124 1185 3303 1222 eorum
3328 1170 3383 1223 in
3406 1186 3506 1237 me,
3531 1178 3594 1223 ut
3619 1186 3785 1223 unum

2208 1260 2316 1312 sint
2340 1260 2478 1313 sicut
2514 1268 2593 1326 tu,
2631 1258 2814 1325 Pater,
2838 1261 2895 1313 in
2918 1277 3016 1326 me,
3048 1268 3098 1314 et
3125 1276 3217 1331 ego
3238 1261 3296 1313 in
3321 1268 3389 1327 te,
3432 1271 3493 1314 ut
3515 1270 3568 1315 et
3594 1262 3698 1331 ipsi
3726 1264 3788 1315 in

2211 1352 2356 1406 stabis
2393 1369 2556 1408 unum
2586 1352 2692 1406 sint
2737 1352 2916 1423 (Joan.
2953 1369 3082 1421 xvii,
3113 1351 3225 1421 20).
3261 1351 3317 1407 Si
3358 1354 3483 1423 quis
3516 1354 3787 1425 sacrilego

2209 1452 2263 1498 et
2287 1443 2577 1499 temerario
2597 1459 2735 1498 ausu
2756 1446 2811 1499 in
2831 1443 3085 1500 defuncto
3110 1444 3305 1515 quierit
3324 1445 3787 1517 propinquitatem

2210 1536 2294 1591 vel
2321 1536 2423 1592 sub
2446 1536 2615 1591 altero
2636 1536 2909 1592 affinitatis
2929 1537 3195 1594 vocabula
3215 1537 3506 1608 dissipare,
3528 1547 3582 1594 et
3604 1554 3790 1595 susce-

2210 1635 2331 1697 ptas
2359 1627 2574 1684 soboles
2601 1627 2825 1683 alterius
2845 1629 3054 1698 copula:
3070 1628 3295 1684 credens
3316 1629 3556 1700 legitime
3583 1630 3789 1687 sociari

2213 1718 2601 1788 pr0pinquitati
2622 1718 2845 1788 prioris,
2874 1718 2964 1775 hic
2989 1726 3153 1791 negat
3178 1718 3273 1776 Dei
3293 1721 3519 1776 verbum
3545 1722 3786 1777 validum

2148 1825 2190 1879 Β
2216 1825 2338 1865 esse
2360 1809 2445 1864 vel
2473 1808 2630 1865 forte.

2284 1901 2354 1957 Et
2379 1902 2508 1972 quia
2536 1910 2649 1957 tam
2676 1901 2834 1959 facile
2861 1912 2916 1959 et
2936 1912 3046 1958 tam
3075 1903 3335 1959 velociter
3361 1902 3557 1974 quaerit
3584 1904 3788 1962 dissol-

2215 2008 2361 2061 vere,
2382 1993 2475 2049 hic
2492 2008 2603 2049 non
2631 1994 2804 2052 credit
2820 1994 3046 2050 verbum
3074 1994 3287 2053 Domini
3306 2012 3528 2052 manere
3551 1996 3609 2051 in
3633 2005 3793 2053 aeter-

2214 2100 2366 2140 num.
2397 2084 2752 2142 Conﬁce......
2784 2101 2851 2142 ex
2877 2096 3113 2158 quatuor
3142 2088 3279 2144 locis
3305 2104 3336 2143 a
3364 2104 3423 2144 se
3458 2090 3793 2146 distantibus

2216 2193 2410 2251 magna
2455 2177 2880 2249 intercapedine,
2926 2188 2982 2235 et
3036 2179 3283 2235 confecta
3314 2189 3369 2236 et
3412 2181 3789 2252 conglutinata

2214 2268 2355 2342 ﬁnge
2382 2271 2759 2342 cujuscunque
2794 2272 2982 2343 figurae
3023 2273 3108 2328 vel
3134 2272 3516 2331 immensitatis
3549 2273 3793 2329 volueris

2216 2377 2432 2432 Corpus.
2446 2360 2701 2433 Nunquid
2721 2363 2827 2419 erit
2847 2364 3148 2419 humanum
3170 2364 3449 2436 ingenium
3469 2365 3619 2435 quod
3641 2365 3791 2436 ipsas

2216 2460 2449 2523 quatuor
2468 2462 2651 2523 partes
2677 2454 2746 2509 ab
2780 2455 3012 2511 invicem
3040 2455 3215 2510 valeat
3240 2470 3543 2527 segregare,
3565 2463 3632 2511 ut
3648 2472 3790 2512 una-

2215 2559 2444 2613 quasque
2463 2542 2638 2614 possit
2658 2544 2902 2616 agnosci,
2925 2545 3068 2602 sicut
3090 2560 3122 2600 a
3145 2554 3377 2616 quatuor
3393 2545 3512 2602 avis
3532 2546 3645 2602 duo
3657 2561 3791 2602 con-

2215 2636 2475 2691 ficiuntur
2498 2636 2554 2689 in
2578 2651 2769 2703 unum,
2799 2645 2853 2691 et
2891 2637 2957 2692 de
2992 2637 3204 2693 duobus
3244 2636 3306 2692 ﬁt
3342 2639 3619 2694 concretio
3649 2638 3790 2693 una?

2215 2725 2301 2781 An
2324 2726 2736 2784 similitudinem
2763 2728 2832 2783 de
2867 2737 3103 2798 quatuor
3120 2729 3422 2797 elementis,
3457 2730 3602 2786 unde
3624 2731 3790 2788 homo

2217 2826 2504 2875 concretus
2537 2826 2641 2886 est,
2670 2827 2826 2890 potes
2854 2820 3126 2892 colligere,
3158 2820 3203 2876 si
3226 2836 3415 2877 eorum
3448 2839 3792 2896 unaquaeque

2216 2911 2445 2981 species,
2471 2910 2733 2982 quoniam
2763 2911 2821 2966 in
2864 2913 3065 2967 multas
3110 2912 3405 2970 divisiones
3440 2917 3642 2985 partita
3684 2925 3789 2984 est,

2218 3003 2485 3060 discretas
2502 3004 2663 3060 inter
2683 3018 2742 3058 se
2767 3002 3019 3060 conferas
3048 3014 3228 3075 partes
3260 3006 3504 3077 aliquas?
3536 3007 3624 3063 Fit
3647 3008 3789 3064 idem

2220 3095 2276 3149 in
2316 3095 2570 3163 metallis,
2599 3096 2706 3150 hoc
2731 3095 2898 3150 etiam
2942 3096 3000 3150 in
3046 3097 3375 3167 liquoribus;
3404 3099 3601 3168 probat
3624 3101 3792 3156 etiam

538 3185 761 3239 itorium
791 3202 806 3251 ;
866 3185 942 3240 ait
968 3192 1147 3240 autem
1189 3201 1286 3256 per
1319 3201 1379 3242 se
1409 3187 1525 3257 ipsa
1553 3185 1787 3255 Veritas,
1816 3204 1937 3259 qua:
1976 3189 2121 3246 Deus
2148 3185 2189 3241 C
2223 3187 2277 3241 in
2299 3188 2573 3243 coloribus
2601 3187 2776 3258 pictor
2803 3188 2900 3258 qui
2921 3188 3168 3258 sequitur
3194 3198 3312 3244 arte
3337 3197 3614 3259 naturam,
3653 3191 3793 3249 fucis

538 3284 644 3343 est,
671 3284 726 3330 et
748 3274 980 3331 Verbum
1002 3275 1127 3331 Dei:
1149 3275 1349 3331 Caelum
1373 3286 1423 3332 et
1451 3288 1592 3333 terra
1618 3281 1937 3348 transibunt,
1967 3282 2121 3337 verba

541 3377 719 3422 autem
743 3384 855 3422 mea
878 3385 981 3422 non
1005 3370 1309 3424 transibunt
1332 3370 1529 3442 (Marc.
1555 3388 1675 3439 xm,
1691 3372 1800 3444 5i).
1816 3373 2119 3446 Antequam

541 3457 685 3514 Deus
707 3459 760 3514 iu
775 3476 939 3516 carne
962 3461 1103 3516 inter
1122 3462 1373 3518 homines
1393 3471 1695 3534 appareret,
1714 3480 1780 3519 eo
1800 3465 2116 3536 inspirante,

539 3551 679 3607 dixit
698 3553 749 3608 ei
771 3552 944 3608 Adam
978 3572 991 3608 :
1023 3553 1372 3619 Quamobrem
1413 3550 1666 3628 relinquet
1719 3556 1872 3610 homo
1915 3567 2121 3628 patrem

538 3660 715 3711 suum,
761 3652 812 3698 et
844 3653 1088 3712 matrem,
1114 3655 1165 3699 et
1200 3646 1490 3700 adhmrcbit
1530 3648 1688 3701 uxori
1723 3664 1853 3715 sum,
1890 3659 1943 3703 et
1967 3660 2120 3705 erunt

540 3734 646 3787 duo
675 3733 732 3787 in
759 3749 916 3789 carne
946 3750 1052 3788 una
1090 3732 1242 3807 (Gen.
1286 3752 1347 3804 ιι,
1374 3735 1500 3807 24);
1524 3736 1614 3792 cui
1652 3752 1762 3793 non
1793 3741 2119 3797 contradixit

541 3822 827 3879 Dominus.
1535 3866 1539 3871 -
1692 3822 1695 3825 Δ
1746 3884 1753 3889 ,

609 3914 833 3980 Deinde,
864 3930 989 3970 cum
1016 3913 1234 3971 Veritas
1262 3918 1502 3972 oriretur
1531 3918 1599 3973 de
1619 3926 1784 3987 terra,
1817 3921 1873 3976 in
1895 3930 2039 3979 terra
2066 3931 2122 3979 ct

540 4004 773 4060 visibilis
802 4005 855 4059 in
889 4006 1229 4061 humanitate
1257 4009 1528 4077 apparuit,
1556 4008 1942 4082 interrogatum
1966 4022 2050 4068 est
2072 4014 2120 4069 si

540 4095 754 4150 licitum
776 4103 922 4150 esset
957 4096 1163 4150 homini
1204 4113 1429 4152 uxorem
1461 4098 1783 4169 relinquere.
1813 4100 1968 4167 Quod
1992 4118 2119 4172 per-

542 4185 737 4241 bibens
763 4186 934 4241 vetuit
961 4185 1100 4254 fieri,
1132 4188 1437 4257 praesertim
1465 4188 1511 4244 si
1546 4186 1836 4246 fornicatio
1869 4192 1983 4247 sola
2023 4207 2119 4247 ex-

540 4277 784 4333 cluderet
803 4278 1052 4348 copulam
1079 4279 1418 4335 maritalem:
1446 4280 1588 4335 unde
1608 4281 1834 4351 protulit
1857 4282 2039 4337 statim
2063 4283 2119 4340 in

540 4368 783 4425 medium
813 4369 1059 4425 eamdem
1098 4370 1274 4441 ipsam
1316 4373 1641 4429 sententiam
1673 4388 1836 4442 quam
1859 4381 1984 4428 ante
2018 4389 2120 4430 sm-

542 4460 661 4516 cula
708 4475 938 4516 manens
979 4476 1106 4516 cum
1150 4460 1312 4517 Patre
1364 4459 1603 4517 Verbum
1650 4461 2011 4532 inspiraverat
2060 4463 2115 4518 in

540 4550 738 4617 Adam,
783 4552 899 4620 ipse
941 4551 1275 4607 confirmans
1317 4552 1464 4623 quod
1490 4552 1606 4622 ipse
1642 4552 1855 4622 primus
1895 4555 2120 4625 protulit
2151 4534 2195 4587 Ῑ)

540 4642 709 4697 homo
734 4660 745 4695 :
772 4640 1119 4706 Quamobrem
1149 4644 1407 4715 relinquet
1433 4645 1585 4699 homo
1614 4653 1828 4716 patrem
1862 4663 2038 4714 suum,
2066 4658 2117 4703 et

541 4738 784 4797 matrem,
833 4739 883 4784 et
917 4731 1203 4787 adhaerebit
1255 4735 1411 4789 uxori
1446 4750 1578 4803 suae,
1624 4744 1676 4790 et
1722 4746 1877 4791 erunt
1929 4738 2033 4792 duo
2061 4739 2118 4794 in

542 4837 701 4875 carne
731 4837 858 4874 una.

615 4912 673 4967 Si
700 4928 811 4983 una
841 4928 969 4968 caro
993 4913 1151 4981 fiunt,
1189 4915 1463 4984 quomodo
1491 4925 1672 4985 potest
1699 4918 1898 4990 aliquis
1923 4934 2114 4977 eorum

534 5004 880 5077 propinquus
933 5005 1027 5061 uni
1084 5006 1392 5075 pertinere,
1449 5008 1557 5062 nisi
1600 5011 1869 5079 pertineat
1926 5013 2117 5069 alteri?

535 5097 687 5168 quod
737 5096 960 5154 minime
985 5096 1103 5152 fieri
1130 5112 1293 5167 posse
1322 5100 1653 5159 credendum
1686 5111 1806 5170 est;
1848 5120 1975 5160 nam
2005 5121 2115 5160 uno

2220 3278 2569 3337 admiscendo
2590 3279 2801 3335 colores
2821 3295 2888 3335 ex
2911 3279 3276 3337 invisibilibus
3299 3296 3528 3352 corpora
3557 3283 3790 3355 fingens.

2221 3370 2327 3427 Sed
2345 3386 2415 3426 ne
2440 3368 2546 3425 alia
2570 3369 2785 3426 Domini
2805 3373 3124 3427 constitutio
3151 3373 3235 3428 vel
3257 3372 3436 3443 jussio
3457 3384 3792 3443 cassaretur,

2217 3471 2273 3518 et
2297 3478 2364 3517 ne
2388 3462 2545 3518 tellus
2573 3477 2606 3518 a
2631 3463 2853 3534 proprio
2880 3474 3098 3519 vacaret
3116 3474 3334 3532 ornatu,
3361 3463 3571 3535 Spiritu
3602 3477 3795 3524 sancto

2217 3554 2461 3622 reﬂante,
2483 3554 2664 3626 posuit
2687 3555 2976 3610 terminum
2999 3556 3318 3612 constitutio
3350 3555 3550 3612 Sancta
3580 3569 3795 3614 sancto-

2220 3662 2356 3701 rum.
2396 3645 2487 3700 Ait
2529 3654 2708 3701 autem
2740 3648 3029 3718 praeceptio
3072 3656 3260 3704 sancta
3287 3648 3470 3705 divina
3498 3669 3513 3705 :
3539 3649 3790 3718 Crescite,

2217 3746 2267 3791 et
2323 3736 2778 3807 multiplicamini,
2827 3748 2877 3793 et
2937 3740 3127 3811 replete
3177 3750 3373 3795 terram
3419 3740 3573 3813 (Gen.
3605 3760 3683 3811 lx,
3718 3744 3789 3814 l).

2216 3826 2409 3884 Posuit
2434 3830 2580 3884 enim
2602 3829 2865 3886 Dominus
2892 3833 3155 3888 terminos
3185 3833 3386 3900 causis,
3415 3834 3671 3891 aetatibus
3694 3852 3793 3892 sa:-

2218 3920 2322 3976 culi
2364 3922 2527 3977 finem
2568 3923 2774 3989 statuit,
2811 3924 3165 3995 compagibus
3206 3925 3581 3982 membrorum
3616 3929 3792 4005 homi—

2216 4028 2347 4066 num
2371 4014 2555 4083 posuit
2580 4030 2891 4070 numerum.
2924 4015 3031 4071 Lex
3063 4016 3320 4073 Ecclesiaa
3342 4002 3640 4089 regulaque
3667 4002 3792 4075 san-

2217 4111 2429 4159 ctorum
2451 4107 2760 4177 cognatioui
2780 4108 3111 4174 mortalium,
3133 4107 3345 4185 agnatis
3366 4118 3530 4180 atque
3542 4110 3792 4166 amnibus

2216 4195 2508 4252 terminum
2537 4198 2982 4269 reciprocationis
3008 4200 3246 4257 instituit
3270 4219 3285 4269 ;
3324 4203 3471 4272 quod
3496 4202 3655 4259 valde
3680 4217 3792 4257 me-

2217 4288 2478 4343 tuendum
2525 4290 2880 4346 exterminari
2908 4292 3207 4349 sancimus.
3232 4291 3494 4365 Quisquis
3533 4294 3792 4349 extermi—

2216 4378 2337 4434 nari
2382 4397 2490 4436 non
2521 4381 2730 4449 metuit,
2770 4383 3073 4441 catholicus
3108 4399 3221 4440 non
3248 4400 3370 4440 esse
3425 4385 3787 4441 convincitur.

2853 4497 3141 4553 CXXXVI.

2222 4584 2346 4641 Nisi
2368 4588 2615 4643 canonice
2629 4587 2933 4662 judicatum
2952 4591 3247 4661 episcopum
3277 4590 3367 4661 qui
3396 4592 3776 4662 comprehende.

2603 4659 2672 4712 rit
2704 4658 2875 4713 laicus
2903 4658 3401 4716 excommunice'tur.

2595 4749 2836 4821 (Fragm.
2863 4750 3115 4827 —-Anno‘
3131 4750 3407 4823 1061-73.)

2590 4840 2805 4914 [ΜΑιιεῃ
2838 4842 3042 4899 Concil.
3083 4840 3224 4910 XIX,
3253 4841 3405 4916 982.]

2289 4932 2347 4988 Si
2374 4932 2499 5003 quis
2520 4932 2774 5004 deinceps
2797 4935 3066 5004 priorum,
3092 4942 3186 4989 aut
3213 4936 3592 5007 cujuscunque
3613 4937 3775 5009 digni

2213 5025 2340 5080 tatis
2381 5025 2466 5079 vel
2507 5024 2878 5096 cujuscunque
2904 5027 3112 5082 ordinis
3154 5027 3421 5083 laicorum
3472 5029 3784 5100 episcopum

2214 5116 2699 5184 comprehenderit,
2730 5120 3077 5184 percusserit,
3107 5116 3202 5174 aut
3223 5119 3405 5184 aliqua
3428 5119 3481 5175 vi
3507 5136 3538 5175 a
3567 5121 3783 5184 propria
