4022 5340
102 300 115 313 ε
209 215 349 274 1H5

837 301 1172 383 cxxxvﬁj

205 419 493 476 Alexandri
542 418 604 475 Η
635 420 864 491 epistola
895 419 965 501 ad
993 416 1322 473 Adclardunt
1363 415 1792 472 Suessionetuem

836 504 1156 561 episcopum.

576 584 839 657 {(Fragm.
851 614 925 623 —
937 583 1096 638 Anno
1120 580 1401 652 1064—73.)

596 675 813 750 [Musa
851 674 1056 732 Cancri.
1084 671 1226 739 XIX,
1258 669 1410 746 989.]

279 792 437 861 Quod
484 806 597 847 xxx
638 804 911 846 annorum
956 786 1349 859 longitudinem
1409 786 1688 844 homicidii
1740 788 1795 842 in

207 893 355 942 terra
381 883 478 938 Dei
497 882 626 939 facti
650 880 1027 952 paenitentiam
1055 877 1397 945 extendistis,
1418 880 1797 935 constitutioni

211 977 341 1033 huic
378 973 754 1032 auctoritatem
800 989 908 1029 non
952 973 1171 1038 damus,
1212 973 1341 1043 quia
1388 973 1447 1028 in
1483 972 1657 1029 sacris
1698 973 1802 1028 hoc

211 1067 512 1125 canonibus
538 1082 647 1122 non
691 1066 1020 1123 invenimus.
1067 1065 1293 1133 Tamen,
1330 1065 1590 1136 quoniam
1612 1081 1643 1120 a
1668 1080 1803 1136 prue-

212 1160 469 1217 dentibus
503 1167 559 1215 et
598 1159 876 1232 religionis
921 1158 1056 1214 viris
1098 1167 1248 1213 treva
1296 1157 1393 1214 Dei
1434 1172 1534 1229 pro
1579 1172 1803 1213 conser-

213 1252 391 1307 vanda
434 1251 491 1306 in
530 1251 733 1322 populo
763 1266 897 1323 pace
943 1256 1029 1306 est
1070 1250 1392 1317 constituta,
1427 1248 1654 1305 omnino
1693 1262 1804 1303 non

216 1342 597 1413 reprobamus.

841 1438 1173 1512 cxxxvuL

244 1556 421 1629 ‘Bulla
439 1562 734 1628 Alexandri
758 1554 824 1626 Π
841 1571 905 1625 de
927 1570 1333 1625 canonizatione
1368 1552 1424 1625 Β.
1453 1554 1762 1625 ΤΙιεοὺαῚάὶ.

754 1686 938 1759 (Anno
984 1686 1274 1756 10662-75.)

436 1799 690 1874 [Mutua
716 1800 855 1855 Acta
880 1797 982 1855 SS.
1008 1798 1206 1854 Bened.
1233 1798 1324 1867 Vl,
1350 1816 1411 1867 ιι,
1438 1800 1591 1873 182.]

296 1915 620 1970 Αιειλξωεκ
652 1914 966 1985 episcopus,
1002 1930 1196 1972 servus
1219 1923 1508 1971 servorum
1540 1916 1659 1985 Dei,
1684 1933 1808 1973 om-

222 2009 388 2065 nibus
414 2007 574 2064 fldem
594 2006 797 2063 Christi
820 2007 1126 2064 colentibus
1162 2008 1394 2081 gratiam
1439 2017 1494 2063 et
1543 2012 1808 2081 apostoli-

224 2115 348 2156 cam
379 2099 834 2156 benedictionem.

295 2189 464 2247 Multa
486 2191 747 2263 prmcIara
768 2199 823 2248 et
847 2191 1213 2248 admiratione
1266 2192 1428 2266 digna
1474 2193 1543 2251 de
1571 2194 1810 2266 quodam

225 2285 451 2341 eremita
486 2285 743 2357 religioso
763 2286 903 2353 viro,
930 2281 1243 2342 Theobaldo
1292 2287 1532 2355 nomine,
1583 2288 1813 2345 celebris

227 2380 375 2437 fama
397 2380 670 2454 divulgat;
714 2396 881 2454 quam
913 2390 1099 2437 sancte
1121 2390 1176 2436 et
1220 2381 1472 2453 religiose
1511 2382 1727 2449 vixerit,
1761 2390 1816 2439 et

228 2482 426 2531 exutus
476 2474 733 2531 omnibus
778 2473 1061 2531 Dominica
1127 2481 1396 2547 praecepta
1439 2482 1659 2530 secutus
1709 2475 1811 2543 sit,

228 2570 356 2623 cum
380 2566 437 2621 in
458 2568 876 2639 praesentiarum
903 2565 1117 2635 fuisset,
1140 2566 1428 2624 manifeste
1460 2576 1626 2639 patet.
1653 2566 1817 2622 Mira-

232 2659 484 2715 culorum
508 2674 641 2715 vero
686 2659 888 2715 indicia
947 2659 1248 2715 indubitata
1292 2658 1397 2714 fide
1446 2659 1565 2730 ejus
1620 2658 1816 2715 merita

233 2751 640 2818 commendant,
665 2751 852 2806 multis
872 2750 1142 2822 religiosis
1165 2749 1300 2806 viris
1325 2766 1489 2821 super
1514 2750 1599 2805 bis
1624 2752 1815 2823 cogni-

231 2846 364 2897 tact
381 2856 510 2897 vera
538 2840 915 2897 referentibus.
958 2839 1319 2913 QuaprOpter,
1360 2843 1485 2899 vitae
1526 2842 1646 2913 ejus
1681 2858 1817 2898 con-

232 2931 541 2989 versatione
565 2932 781 3005 cognita
805 2941 859 2987 ct
892 2930 1284 2989 miraculorum
1327 2933 1541 2989 indiciis
1574 2934 1819 3004 probatis

234 3040 331 3096 per
354 3040 466 3080 non
499 3023 714 3080 fallacia
742 3024 1074 3093 testimonia,
1114 3026 1528 3097 suggerentibus
1558 3026 1716 3083 nobis
1754 3026 1820 3085 de

236 3133 303 3175 eo
324 3117 608 3173 Mainardo
628 3126 682 3172 et
703 3114 969 3171 Damiano
1012 3110 1283 3189 episcopis
1326 3124 1382 3172 et
1401 3110 1698 3173 Vincentiae
1720 3134 1821 3189 po-

230 3210 389 3281 pulo,
414 3209 569 3266 illum
591 3208 789 3266 celebri
823 3202 1086 3264 memoria
1110 3208 1333 3281 dignum
1360 3207 1606 3264 Romana
1636 3211 1821 3265 decre-

235 3303 314 3358 vit
345 3299 608 3359 Ecclesia.
636 3301 722 3368 Et,
748 3302 875 3373 quia
895 3301 1083 3372 procul
1108 3300 1273 3356 dubio
1300 3316 1422 3355 cum
1446 3300 1631 3356 electis
1659 3317 1821 3357 coro-

238 3404 401 3457 natur
431 3396 486 3450 in
533 3394 706 3462 curiis,
762 3400 824 3449 ut
866 3394 985 3464 ejus
1031 3393 1316 3459 memoria,
1377 3392 1538 3448 sicuti
1588 3393 1822 3448 aliorum

239 3496 560 3543 sanctorum
585 3528 601 3555 ,
656 3485 1002 3559 praecipimus
1049 3484 1367 3541 solemniter
1410 3484 1715 3540 celebretur
1765 3485 1822 3540 in

240 3580 425 3636 terris.

236 3784 533 3841 Alexandri
570 3782 637 3838 ΙΙ
664 3688 1357 3858 epistolacfdxljggl‘ielmum
1404 3800 1573 3858 regent
1615 3785 1823 3858 Anglo-

383 3872 532 3923 rum,
567 3870 662 3926 pro
694 3852 987 3910 exactione
1033 3854 1241 3909 denarii
1276 3852 1475 3908 sancti'
1506 3852 1679 3911 Petri.

505 3966 938 4041 (Fragmentum.
980 3997 1054 4007 —
1080 3966 1240 4023 Anno
1276 3967 1563 4041 ωδε-75.)

651 4079 866 4153 [Musa
906 4079 1066 4137 Coac.
1091 4080 1234 4149 XIX,
1263 4081 1417 4155 949.]

309 4197 640 4251 ALBXANDBR
668 4191 956 4250 Wlusulo
986 4194 1101 4266 regi
1129 4194 1450 4266 Anglorum.

309 4286 474 4343 Novit
501 4285 788 4357 prudentia
824 4293 918 4340 tua
961 4285 1264 4357 Anglorum
1311 4268 1566 4359 regnum,
1596 4303 1664 4343 ex
1713 4305 1826 4361 quo

240 4394 443 4435 nomen
470 4376 674 4434 Christi
704 4376 779 4431 ibi
807 4376 1162 4432 clarificatum
1186 4385 1291 4444 est,
1322 4379 1426 4434 sub
1448 4382 1822 4450 apostolorum

240 4470 513 4543 Principis
538 4485 704 4525 manu
730 4477 782 4524 et
819 4470 985 4524 tutela
1010 4469 1304 4538 exstitisse,
1346 4470 1520 4527 donec
1576 4473 1822 4543 quidam,

242 4562 491 4617 membra
547 4560 676 4616 mali
718 4561 911 4631 capitis
956 4559 1161 4625 effecti,
1214 4546 1453 4618 zelantes
1480 4578 1483 4581 λ
1511 4565 1825 4635 superbiam

244 4652 419 4721 patris
443 4651 529 4708 sui
562 4649 797 4719 Satanae,
824 4660 1042 4722 pactum
1076 4650 1171 4707 Dei
1200 4653 1517 4724 abiecerunt
1539 4664 1593 4711 et
1626 4657 1828 4728 Anglo—

246 4759 371 4797 rum
397 4743 660 4814 populum
688 4757 719 4797 a
743 4742 831 4798 via
869 4742 1115 4799 veritatis
1161 4754 1493 4802 averterunt.
1550 4747 1622 4802 Et
1662 4748 1823 4819 paulo

246 4844 361 4905 post
380 4851 399 4889 :
425 4832 585 4902 Nam,
612 4842 673 4888 ut
698 4835 836 4891 bene
862 4835 1031 4901 nosti,
1060 4836 1234 4893 donec
1253 4836 1412 4909 Angli
1435 4840 1621 4897 ﬁdeles
1645 4850 1821 4909 erant,

247 4927 350 4998 pia
375 4926 682 4983 devotionis
731 4935 979 4999 respectu
1027 4927 1096 4981 ad
1142 4928 1511 5001 cognitionem
1547 4934 1827 5005 religionis

246 5034 488 5075 annuam
520 5017 834 5087 pensionem
859 5018 1172 5089 apostolicae
1206 5020 1321 5075 sedi
1363 5024 1716 5093 exhibebant,
1759 5042 1826 5082 ex

245 5128 352 5185 qua
376 5126 508 5184 pars
530 5096 777 5166 Romano
825 5110 1095 5183 pontifici,
1134 5126 1261 5181 pars
1312 5114 1566 5175 ecclesize
1614 5117 1829 5175 Sancta:

241 5204 449 5271 Mariae,
496 5215 620 5272 quas
652 5213 879 5260 vocatur
933 5200 1133 5257 Schola
1180 5200 1509 5277 Anglorum,
1559 5212 1614 5268 in
1663 5225 1829 5269 usum

242 5297 479 5340 fratrum
507 5291 860 5340 deferebatur-

1377 208 1740 269 EPISTOLIE
1780 208 1868 265 ET
1905 205 2324 265 DIPLOMATA.

1822 324 1870 383 Α
1964 323 2093 393 ficia
2122 317 2480 393 abdicaverat,
2502 320 2556 393 si
2581 320 2771 393 deinde
2798 331 3163 393 conmtescens
3196 328 3485 377 monachus

3344 205 3485 261 HM

1963 390 2083 462 ﬁeri
2101 392 2259 461 nolit,
2296 391 2546 463 beneﬁcia
2569 390 2653 446 illi
2684 391 3051 446 restituantur.

1909 475 1917 483 ’
2448 484 2629 554 (Anno
2659 481 2932 553 1066-73.)

2283 575 2503 649 [Massa
2534 574 2740 631 Coucil.
2773 573 2917 641 XIX,
2943 573 3097 647 960.]

1965 668 2292 723 ALEXANDER
2310 668 2624 739 episcopus,
2639 681 2832 722 servus
2855 668 3145 721 servorum
3166 664 3285 734 Dei,
3309 665 3488 724 Uooa't

1898 754 2214 815 Trevircnsi
2242 801 2256 826 ,
2310 768 2366 814 et
2408 757 2757 815 Tueonontco
2800 754 3137 814 Virdu‘nensi
3184 758 3487 831 episc0pis,

1900 852 2132 909 salutem
2160 860 2478 922 perpetuam
2772 854 2775 855 ⁷

1969 944 2331 1000 Praesentium
2405 944 2546 999 lator
2614 933 2883 999 Cosaldus
2947 940 3232 1017 presbyter
3282 943 3354 999 ad
3422 942 3495 1001 li-

1901 1036 2051 1091 mina
2106 1036 2483 1107 apostolorum
2550 1036 2776 1092 veniens
2834 1036 3115 1106 querelam
3172 1032 3490 1107 apostolicae

1903 1127 2020 1184 sedi
2072 1127 2345 1198 deposuit,
2394 1128 2720 1183 beneﬁcium
2750 1136 2807 1184 et
2831 1124 3026 1184 altaria
3066 1144 3191 1199 qua:
3252 1126 3349 1199 per
3397 1144 3493 1184 ca-

1904 1218 2161 1276 nonicam
2239 1218 2603 1276 Virdunensis
2680 1219 2937 1276 Ecclesia:
3010 1220 3263 1276 obtinere
3344 1219 3493 1276 sole-

1906 1313 2036 1380 bat,
2097 1327 2128 1367 a
2181 1312 2423 1384 quodam
2467 1311 2732 1379 diacono,
2778 1310 3035 1367 Richerio
3088 1312 3329 1380 nomine,
3387 1311 3502 1367 sibi

1906 1404 2089 1461 ablata
2109 1420 2252 1461 esse.
2279 1403 2427 1459 Dixit
2452 1406 2600 1459 enim
2652 1403 2803 1474 quod
2851 1404 3132 1474 quondam
3167 1404 3224 1459 in
3266 1398 3495 1459 inﬁrmi-

1909 1503 2041 1563 tate,
2080 1496 2296 1552 fervore
2324 1496 2595 1567 passionis
2615 1510 2935 1566 oppressus,
2970 1497 3303 1553 monachum
3328 1511 3392 1552 se
3414 1495 3498 1553 ia-

1909 1604 2034 1645 cere
2060 1588 2393 1659 promiserit,
2422 1594 2531 1642 n‘on
2563 1596 2744 1643 tamen
2776 1594 2837 1641 ut
2852 1588 3184 1642 monasterio
3208 1587 3291 1642 vel
3313 1588 3498 1643 abbati

1838 1669 1882 1725 Β
1908 1697 1968 1737 se
1990 1680 2276 1737 tradiderit
2307 1680 2391 1735 vel
2424 1679 2848 1751 promissionem
2877 1677 3180 1748 scripserit,
3206 1678 3301 1734 sed
3327 1679 3499 1733 conﬁ-

1907 1781 2055 1828 tetur
2101 1773 2251 1843 quod
2278 1772 2604 1828 beneﬁcium
2652 1771 2708 1826 in
2757 1787 2924 1826 manu
2964 1770 3215 1825 advocati
3256 1770 3501 1826 ecclesize

1905 1864 2246 1920 refutaverit.
2269 1865 2341 1918 At
2371 1874 2664 1935 postquam
2707 1863 3007 1928 convaluit,
3036 1862 3368 1918 monachum
3392 1860 3501 1934 [se]

1911 1956 2092 2014 facere
2120 1972 2251 2013 mox
2279 1956 2516 2028 negavit.
2542 1955 2691 2010 Dixit
2714 1955 2880 2010 etiam
2905 1953 3075 2024 quod,
3098 1969 3224 2010 cum
3247 1953 3506 2012 inﬁrmus

1905 2049 2133 2120 iaceret,
2166 2049 2475 2120 praedictus
2518 2047 2812 2103 Richerius
2858 2046 3183 2101 beneﬁcium
3232 2060 3396 2101 suum
3431 2045 3504 2102 ab

1912 2142 2170 2212 episcopo
2197 2139 2530 2196 Virdunensi
2570 2140 2856 2209 acquirere
2893 2137 3183 2208 potuisset,
3211 2137 3342 2208 quia
3366 2138 3506 2207 dixit

1912 2248 2040 2289 eum
2064 2233 2396 2288 monachum
2406 2233 2523 2304 jam
2561 2230 2768 2287 factum
2793 2245 2937 2286 esse.
2968 2228 3150 2285 Causa
3175 2229 3423 2286 differtur
3443 2230 3503 2286 in

1915 2324 2293 2380 Trevirensem
2327 2325 2621 2397 synodum,
2668 2324 2723 2377 in
2763 2338 2872 2392 qua
2903 2320 3163 2392 praefatus
3213 2319 3506 2378 Richerius

1914 2415 2179 2471 diaconus
2212 2416 2356 2470 mala
2379 2415 2484 2471 fide
2506 2414 2815 2485 acquisisse
2830 2428 2901 2467 ac
2928 2412 3072 2468 male
3108 2412 3347 2473 intrasse
3367 2427 3503 2469 con-

1915 2506 2093 2562 victus
2119 2514 2223 2562 est.
2242 2506 2588 2577 Quapropter
2608 2505 2742 2575 quia
2778 2492 2925 2565 beati
2950 2503 3250 2571 Benedicti,
3277 2506 3507 2560 canoni-

1917 2611 2090 2666 caque
2130 2605 2183 2653 et
2211 2598 2481 2667 praecipue
2532 2596 2712 2653 Patris
2758 2603 2814 2651 et
2858 2595 3279 2667 praedecessoris
3312 2597 3503 2653 nostri

1919 2688 2093 2744 sancti
2154 2687 2402 2761 Gregorii
2454 2705 2641 2760 papae,
2693 2687 3016 2744 constitutio
3058 2687 3336 2744 interdicit
3377 2695 3509 2745 ante

1919 2777 2085 2833 unius
2113 2779 2243 2833 anni
2268 2780 2645 2849 probationem
2669 2778 2809 2834 etlici
2854 2778 3189 2834 monachum
3208 2819 3225 2846 ,
3255 2778 3303 2834 si
3326 2778 3400 2835 ita
3421 2786 3509 2834 est

1922 2878 1982 2925 ut
2000 2870 2156 2937 dixit,
2184 2871 2498 2941 judicamus
2522 2883 2578 2929 et
2607 2872 2933 2928 auctoritate
2980 2870 3276 2941 apostolica
3313 2871 3508 2941 preci-

1922 2962 2104 3032 pimus
2130 2969 2192 3017 ut
2240 2962 2520 3033 diligentia
2546 2972 2726 3020 vestra
2768 2972 2932 3034 atque
2981 2964 3269 3035 clementia
3307 2964 3506 3021 harum

1920 3053 2175 3122 portitor,
2218 3052 2487 3110 Cosaldus
2534 3055 2819 3127 presbyter
2862 3054 3137 3123 videlicet,
3164 3056 3427 3113 beneﬁcia
3452 3065 3511 3114 et

1921 3145 2114 3201 altaria
2135 3146 2383 3216 recipiat,
2407 3146 2604 3202 habeat
2624 3155 2680 3202 et
2698 3146 2881 3217 quiete
2903 3148 3135 3204 retineat

2593 3237 2777 3293 CXLI.

1923 3329 2183 3401 Epistola
2202 3328 2493 3401 Alexandri
2516 3328 2653 3401 PP:
2674 3328 2741 3382 ΙΙ
2773 3330 2845 3384 ad
2879 3328 3119 3386 Udonem
3153 3332 3510 3401 archiepisco-

1990 3416 2116 3471 pum
2142 3398 2514 3471 Trevirensem.
2542 3397 2693 3454 —De
2727 3401 3039 3471 paenitentia
3082 3397 3376 3457 sacerdotis
3426 3404 3512 3457 in-

1991 3470 2220 3524 cestuosi
2238 3478 2511 3540 perpetua.

2154 3624 2161 3633 ἢ
2457 3560 2642 3631 (Anno
2678 3560 2965 3634 l066-75.)

2066 3649 2396 3724 [nonnum
2434 3649 2579 3706 Hist.
2627 3651 2828 3708 Trevir.
2856 3653 3101 3725 diplom.,
3131 3652 3174 3721 Ι,
3210 3654 3365 3730 4-16.]

1994 3742 2319 3797 Διειλκυειι
2343 3741 2651 3814 episcopus,
2681 3760 2871 3800 servus
2894 3760 3180 3800 servorum
3206 3744 3323 3812 Dei,
3357 3742 3511 3804 Uno-

1924 3850 1977 3890 NI
2008 3835 2334 3891 charissima
2357 3834 2533 3901 fratri,
2562 3835 2914 3891 Trevirorum
2941 3836 3314 3909 archiprazsuli
3335 3880 3351 3905 ,
3371 3839 3517 3895 salu-

1926 3935 2035 3982 tem
2058 3935 2111 3983 et
2137 3926 2496 3997 apostolicam
2522 3928 2976 3984 benedictionem.

1996 4017 2217 4074 Litteris
2238 4018 2370 4085 tuis,
2394 4018 2746 4074 dilectissime
2784 4017 2974 4085 frater,
3001 4021 3291 4092 susceptis,
3317 4039 3513 4093 quem-

1927 4105 2052 4161 dam
2092 4108 2428 4161 sacerdotem
2452 4108 2644 4163 matris
2668 4115 2722 4162 et
2750 4107 2875 4163 filiae
2921 4110 3305 4166 commistione
3331 4115 3514 4183 pollu-

1926 4204 2044 4251 tum
2074 4196 2383 4264 didicimus,
2411 4199 2794 4269 eumdemque,
2821 4197 2997 4255 ollicio
3028 4201 3305 4270 prohibito
3330 4219 3519 4261 susce-

1925 4295 2129 4359 ptoque
2175 4288 2473 4358 pmnitendi
2518 4287 2749 4360 judicio,
2805 4290 3102 4346 missarum
3131 4291 3305 4349 otlicia
3347 4311 3517 4351 usur-

1928 4394 2089 4449 passe
2110 4378 2495 4450 cognovimus;
2522 4379 2651 4434 item
2679 4381 3005 4451 depositum,
3031 4385 3349 4454 psalmodiis
3374 4404 3517 4460 quo-

1931 4466 2153 4522 tidianis
2201 4464 2497 4535 addictum,
2558 4469 2819 4525 carnibus
2840 4471 3018 4528 vetitis
3040 4473 3519 4545 jejuniomacera-

1933 4564 2048 4611 tum
2074 4556 2437 4614 intelleximus
2464 4575 2479 4613 :
2510 4567 2818 4629 propterea,
2861 4562 3006 4632 quod
3036 4579 3069 4619 a
3104 4573 3157 4619 te
3178 4574 3338 4623 caute
3392 4585 3523 4641 pro-

1933 4648 2111 4704 visum
2133 4649 2515 4720 sapienterque
2535 4649 2865 4720 dispositum
2904 4662 3008 4721 est,
3036 4670 3102 4709 ex
3125 4663 3241 4709 toto
3266 4672 3488 4716 commu
3506 4692 3523 4703 -

1933 4750 2051 4797 tare
2084 4740 2363 4811 indignum
2392 4757 2408 4807 ;
2435 4741 2530 4797 sed
2553 4749 2613 4795 ut
2635 4741 2692 4813 in
2716 4743 2823 4800 hac
2843 4744 3162 4815 poenitentia
3189 4760 3314 4799 eum
3338 4752 3526 4805 omni-

1933 4835 2037 4891 bus
2062 4833 2252 4890 diebus
2271 4831 2398 4887 vitm
2433 4850 2549 4890 suae
2588 4833 2762 4893 facias
2810 4852 3155 4908 permanere,
3189 4836 3349 4892 nobis
3385 4842 3532 4898 scias

1934 4941 2031 4998 per
2058 4922 2242 4981 omnia
2265 4924 2625 4993 complacere.
2687 4926 3099 4990 Verumtamen,
3150 4924 3277 4994 quia
3319 4941 3424 4995 per
3447 4932 3541 4987 ba-

1935 5022 2123 5077 culum
2156 5013 2418 5086 principis
2442 5018 2821 5088 apostolorum
2864 5017 3038 5087 Petri,
3089 5030 3250 5085 quem
3279 5031 3386 5086 per
3424 5041 3545 5079 ma-

1932 5128 2042 5175 nus
2093 5107 2268 5167 sancti
2320 5103 2582 5163 Eucharii
2630 5109 2888 5182 discipuli
2938 5106 3161 5166 Domini
3222 5116 3546 5184 suscepisti,

1934 5223 2048 5279 pm
2067 5197 2325 5261 omnibus
2358 5194 2549 5255 Gallia:
2579 5207 2633 5254 et
2660 5201 2971 5259 Germania:
3000 5199 3276 5264 sull'ultus,
3314 5202 3554 5263 vicinio.

1934 5300 1981 5340 νί
2017 5291 2282 5340 nimirum
2315 5286 2581 5340 Romamn
2602 5292 2748 5340 sedis
2769 5291 3032 5340 afﬁnitate
3071 5291 3126 5340 in
3154 5287 3397 5340 Domino
3439 5301 3555 5340 uln-
