4022 5340
489 240 632 298 1415

1746 229 2146 292 ALEXAND!“
2184 229 2226 284 Il
2265 227 2470 284 ΡΑΡΑΕ

3614 225 3746 283 ιλιι
3846 310 3859 325 ⁸

486 374 707 431 quoque
741 373 855 431 prae
890 357 1103 415 czeteris
1132 356 1322 414 Callite
1348 365 1403 413 et
1439 354 1744 413 Germaniae
1762 354 1854 426 pia
1878 351 2066 408 mode-
2093 350 2141 407 Α
2164 345 2333 402 frater
2370 350 2560 401 noster
2580 341 2932 409 Laurentius,
2951 340 3179 398 licenter
3198 342 3303 414 'per
3334 341 3518 398 omnia
3562 357 3750 397 mona-

489 452 701 507 ratione
721 450 990 522 episcopis
1033 450 1266 520 propriae
1305 448 1651 504 discretionis
1700 445 1926 502 arbitrio
1953 442 2082 500 funa.

487 543 635 614 garis
663 562 677 610 ;
707 550 977 615 quatenus
997 549 1051 596 et
1085 540 1459 597 alllietioribus
1483 548 1533 594 et
1562 539 1755 610 spiritu
1787 538 2071 594 contritio-

487 632 640 688 ribus
664 631 879 687 frenum
906 630 1209 700 disciplinae
1255 630 1344 700 pia
1392 628 1765 684 moderatione
1794 627 2071 681 remittere

487 723 745 790 suﬂicias,
771 721 1023 794 superbis
1049 735 1180 776 vero
1215 720 1520 792 jugumque
1564 717 1866 787 disciplinae
1890 715 2072 770 Domi-

487 816 542 870 ni
565 813 995 872 detrectantibus
1035 813 1224 868 eadem
1278 810 1539 885 ligamina
1576 811 1726 881 justa
1784 807 2071 863 severitate

485 904 861 975 constringere
902 903 1216 975 pran‘aleas.
1541 914 1549 921 '

558 994 710 1052 Vale.

560 1087 693 1144 Data
719 1085 928 1154 Romae,
958 1094 1059 1140 etc.

1157 1190 1363 1255 CXLII.

484 1296 779 1357 Alexandri
811 1293 875 1349 II
922 1293 1149 1364 epistola
1209 1293 1279 1347 ad
1314 1290 1679 1364 Lanfrancam
1710 1282 2067 1346 Cantaurian-

556 1385 664 1422 sent
714 1361 1184 1437 afcliiepisCOpunt.
1234 1393 1306 1404 -—
1349 1361 1805 1437 Prajdccessoi'uin
1852 1376 2070 1437 suorum

499 1442 505 1449 ‘
558 1438 768 1492 decreta
816 1431 1118 1506 conﬁrmat,
1144 1442 1202 1487 ut
1266 1433 1537 1487 monachis
1586 1431 1837 1486 ecclesias
1889 1431 2072 1484 cathe-

552 1508 730 1564 drata
751 1505 984 1565 obtinere
1006 1505 1185 1561 liceat.

1018 1597 1199 1668 (Auno
1258 1595 1538 1665 ton-75.)

878 1692 1097 1765 [Mssa],
1128 1689 1334 1746 εωωει.
1358 1688 1502 1755 XIX,
1526 1684 1678 1761 969.]

534 1788 883 1843 causamn
898 1785 1211 1857 episcopus,
1234 1798 1430 1839 servus
1466 1796 1751 1837 servorum
1771 1779 1888 1847 Dei,
1918 1791 2072 1836 reve-

485 1880 816 1937 rendissimo
856 1877 1013 1934 fratri
1060 1877 1115 1931 in
1154 1875 1378 1931 Christo
1413 1874 1729 1931 Lssresuco
1774 1872 2075 1928 venerabili

485 1970 868 2027 Cantuariensi
886 1969 1319 2039 archiepiscopo,
1351 1967 1586 2022 salutem
1619 1975 1675 2022 et
1714 1966 2070 2038 apostolicam

485 2063 916 2120 benedictionem

557 2155 732 2228 (Edit.
754 2156 896 2210 inter
929 2148 1089 2225 epist.
1137 2152 1454 2223 Lanfranci)
1502 2150 1830 2220 Accepimus
1870 2166 1903 2205 a
1949 2149 2073 2221 quia

484 2248 720 2304 busdam
743 2246 1093 2303 venientibus
1130 2246 1199 2301 de
1246 2245 1495 2315 partibus
1522 2242 1721 2299 vestris
1765 2243 1832 2298 ad
1882 2243 2073 2299 limina

484 2349 802 2396 sanctorum
833 2339 1203 2410 apostolorum
1232 2335 1379 2392 Petri
1405 2345 1461 2391 et
1492 2334 1650 2390 Pauli
1673 2336 1820 2406 quod
1848 2335 2072 2406 quidam

486 2433 692 2501 clerici,
704 2432 979 2488 associato
997 2431 1103 2487 sibi
1131 2438 1362 2485 terrenae
1379 2428 1682 2499 potestatis,
1707 2428 1972 2484 laicorum
1991 2427 2076 2485 via-

481 2525 698 2589 delicet,
737 2524 962 2590 auxilio,
985 2522 1256 2578 diabolico
1282 2520 1487 2591 Spiritu
1538 2520 1749 2590 repleti,
1777 2520 2074 2576 moliuntur

483 2618 554 2673 de
572 2616 805 2672 ecclesia
827 2614 1013 2672 Sancti
1042 2612 1343 2669 Salvatoris
1369 2613 1423 2667 in
1454 2611 1809 2677 Dorobernia,
1832 2628 1955 2682 qua:
1991 2620 2076 2668 est

485 2708 805 2779 metropolis
826 2708 994 2764 totius
1023 2705 1341 2770 Britanniae,
1367 2705 1665 2760 monachos
1704 2704 1976 2774 expellere
2020 2712 2077 2761 et

485 2800 715 2857 clericos
744 2800 881 2855 inibi
903 2799 1257 2855 constituere.
1301 2796 1404 2853 Cui
1459 2796 1672 2852 nefario
1714 2797 1864 2866 operi
1913 2797 2075 2851 moli~

485 2893 653 2949 tionis
673 2907 791 2948 sua:
824 2893 929 2948 hoc
967 2891 1499 2961 adjicereconantur
1545 2896 1605 2943 ut
1658 2888 1715 2943 in
1757 2888 1911 2944 omni
1950 2890 2078 2945 sede

2174 438 2404 494 chorum
2431 435 2757 507 regulariter
2782 434 3084 489 viventium
3100 434 3491 489 habitationem
3515 440 3746 501 statuat;

2172 529 2467 600 apostolica
2497 520 2819 583 auctoritate
2838 525 3189 582 decernentes
3232 534 3293 581 ut
3318 526 3425 598 ipsi
3450 536 3646 581 vestra:
3665 541 3752 581 sa-

2170 620 2301 676 lutis
2350 620 2735 688 praedicatores
2801 618 3057 673 monachi
3089 618 3483 674 monachorum
3536 633 3751 689 gregem

2171 715 2379 768 associe
2403 720 2463 779 it,
2487 720 2541 767 et
2560 726 2752 767 eorum
2772 710 2941 766 vitam
2965 708 3312 766 sanctitatum
3329 709 3579 763 moribus
3592 722 3755 763 exor—

2171 813 2320 860 nent.
2351 803 2483 870 Qua:
2525 812 2714 858 nostra
2737 803 2959 858 decreta
2980 802 3029 857 si
3058 801 3184 872 quis
3221 816 3607 857 successorum
3654 815 3752 855 no-

2171 900 2434 958 strorum,
2466 907 2657 964 regum
2685 892 2803 947 sive
2837 891 3242 962 episcoporum,
3267 882 3592 947 clericorum
3641 889 3755 946 sive

2170 982 2434 1040 laicorum
2484 985 2638 1039 irrita
2693 982 2875 1040 facere
2928 983 3232 1050 tentaverit,
3270 998 3304 1037 a
3339 981 3586 1052 principe
3625 996 3753 1051 apoa

2170 1074 2438 1129 stolorum
2484 1073 2647 1130 Petro
2700 1082 2754 1142 et
2797 1089 2830 1129 a
2880 1073 3092 1129 cunctis
3145 1072 3563 1129 successoribus
3616 1073 3750 1137 suis,

2169 1167 2535 1222 anathematis
2581 1165 2800 1221 vinculo
2859 1166 3157 1234 subjaccat,
3187 1165 3581 1235 qudadusque,
3608 1164 3753 1234 quod

2169 1259 2460 1314 temerario
2497 1268 2636 1335 ausu
2679 1258 2914 1329 peregit,
2955 1256 3067 1313 Deo
3131 1256 3328 1328 placita
3384 1255 3756 1312 satisfactione

2169 1349 2449 1419 poeniteat,
2495 1358 2549 1405 et
2607 1348 2773 1419 hujus
2823 1344 3220 1418 inquietudinis
3245 1356 3440 1403 vestra:
3488 1347 3753 1404 emendae

2170 1442 2373 1497 tionem
2430 1443 2730 1513 promittat.
2771 1462 2790 1495 ι
2848 1430 3034 1511 Unde,
3085 1443 3215 1513 quia
3247 1442 3461 1497 ratione
3513 1441 3753 1497 dictante

2170 1532 2337 1603 quieti
2380 1532 2749 1590 Eeclesiarum
2799 1534 2937 1589 utile
2977 1549 3098 1589 esse
3160 1533 3558 1604 perspeximus,
3611 1544 3751 1603 pra-

2171 1640 2296 1680 sens
2339 1625 2616 1681 decretum
2682 1624 3201 1696 praenominatorum
3263 1622 3489 1680 Patrum
3556 1622 3753 1680 contir-

2170 1730 2404 1783 mamus,
2435 1726 2489 1771 et
2515 1717 2633 1772 vice
2662 1718 3034 1787 apostolorum
3065 1717 3170 1772 sub
3192 1717 3380 1773 eodem
3403 1719 3753 1773 anathemate

2172 1820 2267 1864 eos
2287 1809 2713 1881 constringimus
2743 1809 3061 1881 quicunque
3098 1808 3230 1866 huic
3262 1809 3485 1866 obviare
3518 1817 3751 1867 conten-

2172 1898 2369 1955 derint.
3624 1897 3635 1901 ’

2837 2016 3065 2081 CXLIII.

2172 2109 2466 2172 Alexandri
2502 2115 2568 2170 II
2600 2112 2824 2187 epistola
2868 2119 2938 2171 ad
2986 2117 3350 2187 LanfranCum
3396 2110 3757 2173 Cantaurian-

2240 2203 2347 2241 sem
2380 2184 2850 2258 archiepiscopum.
2874 2207 2947 2228 -ι-
2968 2184 3147 2244 Monet
3175 2198 3235 2244 tu
3262 2189 3580 2243 monasterii
3598 2189 3752 2244 Win-

2240 2258 2490 2313 toniensis
2512 2267 2711 2313 statum
2747 2266 2979 2315 tueatur.

2716 2349 2897 2419 (Anno
2922 2348 3211 2422 1071-73.)

2480 2437 2731 2513 [Μλιιιιι.
2762 2439 2960 2496 Annal.
3005 2440 3202 2497 Bened.
3235 2433 3302 2511 γ,

2243 2524 2570 2586 Ataxsunea
2624 2531 2933 2601 episcopus,
2987 2547 3178 2589 servus
3221 2548 3509 2591 servorum
3552 2528 3674 2600 Dei,
3700 2530 3756 2589 in

2172 2622 2394 2677 Christo
2446 2622 2602 2677 fratri
2642 2622 2957 2680 Lanrnmco
3011 2623 3432 2681 Cantuariorum
3479 2626 3755 2697 archiepi‘

2175 2728 2364 2783 scopo,
2407 2713 2638 2769 salutem
2665 2721 2719 2767 et
2732 2713 3092 2784 apostolicam
3126 2713 3587 2771 benedictionem.

2246 2801 2498 2859 Pervenit
2543 2804 2610 2859 ad
2664 2819 2827 2859 aures
2870 2814 3088 2861 nostras
3154 2806 3300 2876 quod
3355 2809 3755 2865 monasterium

2175 2892 2470 2948 Wintonize
2502 2894 2703 2949 multas
2731 2895 3144 2965 persecutiones
3163 2902 3218 2950 et
3252 2895 3504 2968 indignas
3523 2912 3755 2968 oppres.

485 2984 782 3055 episcopali
810 2984 947 3038 ordo
990 2983 1387 3038 monachorum
1422 2980 1773 3051 exstirpetur,
1804 2980 1963 3052 quasi
2019 2981 2077 3037 in
2178 2984 2363 3040 siones
2386 2984 2565 3039 abhis
2587 2985 2854 3043 Sustineat
2897 2998 3133 3055 quorum
3178 2985 3537 3044 immoderata
3576 2989 3757 3059 pravi.

485 3075 569 3130 eis
588 3090 697 3130 non
717 3075 897 3145 vigeat
916 3073 1220 3129 auaoritas
1243 3072 1544 3143 religionis.

556 3166 677 3233 Qua
701 3167 769 3221 de
789 3181 869 3232 re,
898 3166 1013 3220 zelo
1024 3164 1118 3221 Dei
1141 3165 1432 3235 compulsi,
1461 3164 1789 3221 scrutinium
1812 3165 1879 3221 de
1900 3167 2074 3237 privi-

488 3252 646 3329 legiis
676 3256 1048 3315 Ecclesiarum
1071 3256 1187 3312 ﬁeri
1214 3256 1592 3327 praecepimus,
1618 3265 1673 3313 et
1691 3258 1837 3313 venit
1858 3258 1927 3313 ad
1954 3275 2075 3315 ma-

487 3365 596 3407 nus
615 3358 882 3407 statutum
912 3348 1337 3419 prmdecessoris
1374 3349 1547 3403 nostri
1592 3349 1763 3404 beatae
1800 3352 2079 3406 memoria:

486 3438 736 3514 Gregorii
761 3438 1002 3512 Majoris,
1030 3441 1098 3497 de
1126 3439 1387 3496 Ecelesiis
1405 3440 1633 3512 Anglias,
1660 3443 1934 3511 quomodo
1966 3444 2077 3499 sci-

487 3534 615 3591 licet
655 3534 912 3605 prtecepit
929 3533 1258 3605 Augustino,
1286 3533 1465 3604 gentis
1486 3541 1680 3588 vestrae
1727 3535 1994 3603 apostolo,
2019 3544 2080 3592 ut

488 3626 736 3697 ejusdem
765 3624 976 3681 ordinis
995 3625 1165 3692 viros,
1196 3624 1355 3695 cujus
1393 3632 1448 3679 et
1494 3623 1609 3694 ipse
1655 3627 1903 3682 noscitur
1931 3643 2076 3695 esse,

489 3718 792 3790 poneretin
834 3714 1058 3787 praefata
1097 3717 1225 3772 sede
1274 3716 1709 3787 mctropolitana.
1737 3715 1908 3789 Cujus
1947 3735 2082 3790 prte-

489 3809 769 3879 ceptiones
787 3809 930 3862 inter
962 3808 1069 3861 alia
1113 3808 1230 3863 haec
1277 3808 1524 3863 subnexa
1563 3817 1729 3864 sunt:
1761 3828 1779 3860 ι
1808 3809 1969 3878 Quia,
1996 3812 2081 3866 in-

489 3901 633 3969 quit,
671 3907 764 3953 tua
796 3897 1109 3953 fraternitas
1141 3898 1462 3953 monasterii
1507 3901 1710 3970 regulis
1759 3903 1993 3970 erudita,
2024 3905 2080 3959 in

490 3990 734 4046 Ecclesia
744 3989 1064 4062 Anglorum,
1091 4005 1213 4060 qua:
1233 4006 1424 4061 nuper,
1450 3999 1670 4047 auctore
1683 3991 1811 4059 Deo,
1826 3994 1894 4048 ad
1916 3994 2076 4050 fidem

491 4083 753 4154 perducta
778 4090 881 4149 est,
905 4083 1048 4138 hanc
1065 4082 1224 4137 debet
1277 4084 1747 4140 conversationem
1793 4086 2081 4145 instituere

488 4190 616 4247 qua:
635 4175 691 4229 in
717 4175 871 4229 initio
893 4175 1167 4230 nascentis
1193 4173 1450 4231 Ecclesiae
1468 4175 1830 4232 fuitPatribus
1853 4181 2081 4247 nostris,

493 4268 552 4323 in
570 4268 773 4339 quibus
783 4267 967 4322 nullus
984 4282 1176 4322 eorum
1197 4283 1262 4321 cx
1286 4267 1354 4322 iis
1368 4284 1491 4338 qua:
1506 4268 1856 4338 possidebant
1877 4270 2080 4340 aliquid

493 4375 658 4415 suum
679 4375 801 4416 esse
824 4359 1054 4425 dicebat,
1078 4359 1172 4415 sed
1198 4368 1355 4415 erant
1376 4360 1453 4414 illi
1473 4360 1656 4415 omnia
1677 4362 1988 4417 communia
2012 4381 2024 4415 :
2058 4378 2076 4415 ι

493 4451 671 4518 Quam
726 4451 1129 4506 communionis
1175 4451 1421 4522 regulam
1461 4451 1636 4507 ordini
1685 4454 2079 4509 monachorum

495 4541 832 4614 permaxime
854 4557 1173 4613 congruere,
1193 4558 1353 4598 nemo
1380 4543 1478 4614 qui
1501 4543 1734 4600 dubitat.
1761 4543 1901 4602 Hinc
1922 4547 2085 4604 habe

495 4641 589 4688 tur
614 4632 843 4703 epistola
865 4632 1151 4701 Bonifacii,
1186 4634 1281 4705 qui
1304 4643 1534 4705 quartus
1559 4651 1592 4691 a
1626 4637 1785 4692 beato
1818 4636 2081 4709 Gregorio

497 4724 759 4782 Ecclesiae
809 4724 1098 4793 Romanae,
1128 4726 1217 4782 cui
1263 4736 1488 4784 auctore
1535 4726 1648 4782 Deo
1702 4729 2080 4799 praesidemus,

497 4816 737 4888 praefuit,
760 4833 927 4888 quam
952 4817 1230 4873 Atelberto
1257 4819 1373 4891 regi
1395 4818 1695 4890 Anglorum
1709 4828 1764 4875 et
1788 4819 2083 4876 Laurentio

498 4909 887 4980 praedecessori
913 4918 1095 4965 vestro
1121 4910 1300 4979 misit;
1329 4912 1383 4966 in
1422 4927 1530 4981 qua
1572 4912 1873 4982 praemissis
1898 4913 2086 4983 hujus.

499 5002 651 5056 modi
709 5016 940 5057 censura
962 5002 1327 5058 anathematis
1351 5017 1484 5058 usus
1498 5010 1585 5057 est
1612 5021 1625 5057 :
1667 5021 1687 5053 ι
1719 5002 1987 5070 Gloriose,
2007 5004 2085 5059 in.

495 5094 644 5165 quit,
677 5093 777 5161 illi,
805 5094 954 5165 quod
974 5094 1044 5149 ab
1071 5095 1370 5165 apostolica
1405 5094 1533 5151 sede
1573 5109 1668 5164 per
1694 5095 2081 5167 coepiscopum

502 5194 757 5241 nostra!!!
800 5184 1062 5240 Mellitum
1102 5185 1409 5255 postulasti,
1447 5184 1634 5239 libenti
1679 5185 1866 5241 animo
1889 5201 2084 5243 conce-

2103 3061 2144 3118 (ἶ
2178 3082 2261 3131 tas
2290 3075 2536 3129 ordinem
2566 3083 2621 3131 et
2641 3074 2877 3131 cilicium
2900 3078 3298 3134 monachorum
3319 3080 3445 3136 inde
3469 3081 3671 3153 ejicere
3693 3096 3757 3138 ac

2174 3182 2403 3238 prorsus
2426 3169 2694 3238 expellere
2715 3177 2905 3225 certat.
2930 3167 3153 3239 Verum,
3177 3173 3304 3242 quia
3325 3174 3486 3230 nobis
3507 3168 3620 3229 non
3644 3176 3757 3231 lere

2174 3260 2387 3314 videtur
2435 3267 2547 3314 tam
2605 3262 2859 3329 antiquas
2906 3262 3347 3330 constitutiones,
3406 3273 3480 3332 et,
3536 3274 3599 3321 ut
3619 3267 3755 3322 dicie

2177 3358 2287 3414 tur,
2324 3365 2355 3403 a
2386 3348 2544 3405 beato
2575 3348 2884 3420 Augustino
2909 3351 3265 3421 praedicatore
3285 3353 3405 3423 ejus
3440 3362 3602 3410 terrae
3638 3372 3757 3426 pro-

2177 3441 2348 3498 fectas
2370 3450 2424 3497 et
2447 3442 2661 3509 ductas,
2698 3442 2879 3497 subita
2913 3450 2968 3498 et
3003 3442 3311 3500 inconsulta
3357 3448 3757 3516 permutatione

2176 3535 2415 3600 diruere,
2448 3548 2549 3589 nec
2583 3549 2677 3590 eas
2723 3534 3003 3611 catholicae
3053 3534 3179 3589 fidei
3212 3536 3614 3595 eruditionibus
3652 3539 3753 3595 ob‘

2178 3626 2328 3682 viare
2350 3626 2619 3692 videmus,
2644 3626 3042 3682 fraternitatem
3065 3634 3213 3682 tuam
3268 3630 3512 3699 rogando
3565 3648 3755 3686 mones

2182 3733 2307 3773 mus
2343 3727 2403 3771 ut
2426 3717 2512 3772 his
2560 3717 2655 3788 qui
2679 3718 2805 3772 talia
2847 3724 3119 3773 conantur
3145 3719 3398 3788 prudenti
3439 3718 3756 3778 defensione

2179 3807 2419 3874 resistat,
2441 3815 2495 3861 et
2517 3805 2801 3876 praefatum
2850 3807 3245 3863 monasterium
3277 3823 3308 3863 a
3335 3817 3479 3864 statu
3500 3821 3557 3865 et
3613 3813 3756 3867 ordi-

2182 3914 2250 3954 ne
2282 3898 2598 3953 monastica:
2630 3897 3067 3968 congregationis
3107 3897 3422 3955 labefactari
3455 3906 3552 3956 aut
3593 3900 3757 3958 destio

2182 3991 2282 4057 tui,
2308 3991 2488 4061 quoad
2528 3998 2722 4059 potest,
2770 3989 3084 4046 nullatenus
3118 3992 3355 4061 patiatur
3407 4009 3587 4066 neque
3632 4012 3757 4066 pero

2182 4084 2381 4140 mittat.
2411 4082 2677 4139 Praeterea
2701 4084 2769 4139 de
2788 4083 3113 4139 liberatione
3138 4086 3282 4156 capti
3302 4085 3565 4156 episcopi,
3613 4088 3758 4160 quod

2182 4175 2527 4245 experientia:
2573 4183 2680 4229 tuae
2727 4174 3129 4243 commisimus,
3168 4176 3323 4232 valde
3358 4178 3633 4233 miramur
3690 4196 3760 4234 an

2185 4268 2290 4322 hoc
2317 4276 2408 4321 tua
2436 4266 2845 4336 praetermiserit
2877 4266 3225 4338 negligentia,
3262 4283 3331 4323 an
3361 4269 3508 4340 regis
3541 4286 3759 4341 ptenam

2185 4357 2446 4428 adjiciens
2490 4357 2878 4427 contempserit
2933 4357 3315 4414 inobedientia.
3372 4358 3476 4415 Per
3518 4376 3762 4431 praesen-

2185 4450 2320 4504 tium
2346 4449 2511 4504 etiam
2554 4450 2782 4506 latorem
2830 4450 3175 4507 dilectionem
3211 4458 3361 4506 tuam
3415 4452 3763 4525 interpellare

2181 4542 2517 4608 curavimus,
2570 4550 2633 4597 ut
2676 4558 2800 4614 quae
2842 4543 2988 4613 apud
3028 4553 3082 4598 te
3128 4543 3422 4614 impetrare
3463 4545 3759 4615 desiderat,

2183 4631 2480 4687 dummodo
2513 4632 2857 4687 concedenda
2898 4631 3028 4699 sint,
3071 4640 3165 4691 tua
3186 4632 3292 4689 sibi
3326 4634 3644 4708 benignitas
3663 4653 3763 4709 pro

2182 4730 2375 4778 nostra
2402 4722 2668 4779 charitate
2701 4722 2979 4779 concedat.

2183 4933 2477 4989 Alexandri
2500 4933 2530 4988 1
2536 4933 2566 4988 Ι
2585 4842 3429 5009 epistotgiiLgrt‘gi-sgationem
3455 4940 3766 4997 monasterii

2781 5004 3181 5062 Wintanieasis.

2717 5096 2900 5167 (Anno
2950 5097 3233 5169 1071-75.)

2469 5184 2748 5258 [Μλκςιιη
2784 5185 2985 5242 Annal.
3013 5186 3235 5254 Bentt,
3270 5186 3336 5254 γ,
3362 5188 3484 5262 56.]
