4022 5340
219 236 366 293 ,1317

1379 237 1741 297 EPISTOLIE
1781 236 1868 293 ET
1908 233 2319 291 DIPLOMATA.

3364 232 3505 291 “[8

230 367 286 411 et
313 354 719 425 autumet-ibus
753 353 935 426 gentis
964 360 1164 410 xcetra
1189 352 1530 410 sedidicisse
1578 353 1816 410 confessi
1847 357 1894 415 Α
1919 350 2245 407 charissima
2293 348 2477 405 Sancti
2511 347 2657 405 Petri
2708 347 2818 407 tilia
2842 387 2861 415 ,
2909 346 3254 418 imperatrice
3295 343 3505 419 Agnetc

228 453 383 512 sunt,
409 445 700 501 ecclesiam
725 452 968 501 vestram
1015 457 1049 498 a
1089 450 1307 499 vetusta
1327 443 1719 499 constitutione
1758 442 1814 497 in

228 536 431 592 ordine
460 544 518 592 et
536 535 715 591 officio
738 542 901 607 atque
925 533 1076 589 cultu
1098 534 1496 590 monachorum
1541 532 1820 589 exstitisse

232 630 393 685 nobis
441 630 837 684 indicaverunt.
885 626 1027 682 Sunt
1052 628 1220 682 etiam
1255 627 1505 682 nonnulli
1538 626 1632 697 qui
1665 640 1818 681 asse—

232 727 381 787 runt,
408 718 521 775 fere
552 734 745 775 omnes
768 718 1005 788 majores
1038 718 1301 774 ecclesias
1344 719 1468 789 ejus
1494 728 1655 774 terrai
1678 733 1816 774 con-

228 813 578 868 suetudinem
622 810 911 866 monastici
947 810 1158 865 ordinis
1190 826 1260 867 ex
1303 825 1370 866 eo
1413 810 1623 881 cepisse
1656 818 1712 864 et
1732 819 1816 864 te-

230 902 440 970 nuisse,
476 903 625 974 quod
647 902 704 957 S.
729 901 1089 973 Augustinus,
1112 901 1321 973 legatus
1339 902 1643 958 beatissimi
1664 916 1819 972 papae

228 995 477 1068 Gregorii
497 1005 553 1052 et
571 998 693 1068 ejus
713 1007 872 1053 terra:
914 995 1258 1064 prie-licator,
1285 1011 1426 1068 quos
1446 1002 1725 1067 ~percepta
1759 993 1820 1048 ﬁ-

228 1087 298 1142 de
317 1087 386 1142 ad
410 1089 740 1160 obsequium
792 1092 962 1147 divini
1001 1089 1293 1147 ministerii
1332 1096 1387 1143 et
1412 1085 1817 1143 ecclesiasticos

227 1181 451 1236 ordines
471 1182 769 1251 perducere
798 1184 978 1254 potuit
1002 1184 1056 1238 in
1085 1183 1190 1238 bac
1239 1180 1416 1236 forma
1445 1178 1725 1249 religionis
1761 1186 1819 1233 et

225 1272 377 1327 cultu
396 1273 669 1344 prmdpue
693 1275 980 1330 constituit
1018 1282 1075 1329 et
1099 1270 1390 1327 ordinavit.
1440 1267 1652 1336 Quibus
1675 1283 1816 1339 quo-

226 1364 373 1419 niam
408 1364 570 1435 longe
606 1380 708 1420 nos
743 1364 983 1436 impares
1020 1379 1145 1420 esse
1173 1360 1580 1433 cognoscimur,
1611 1365 1815 1413 statuta

224 1466 439 1512 mutare
466 1455 553 1512 vel
574 1456 868 1529 infringere
901 1457 1183 1529 indignum
1217 1469 1339 1511 esse
1365 1453 1638 1519 ducimus,
1674 1466 1816 1523 prte-

225 1550 418 1606 sertim
441 1565 568 1605 cum
597 1566 661 1606 ea
687 1551 968 1606 catholicae
1015 1550 1137 1605 ﬁdei
1186 1547 1586 1605 eruditionibus
1619 1546 1814 1601 obesse

222 1656 333 1695 non
357 1639 686 1696 invenimus.
719 1639 875 1696 Unde
897 1656 995 1712 per
1028 1639 1318 1711 praesentia
1355 1637 1560 1707 scripta
1609 1635 1807 1693 statui-

221 1745 346 1784 mus
366 1738 422 1784 et
440 1730 834 1785 conﬁrmamus
871 1738 931 1785 ut
956 1728 1186 1786 ecclesia
1221 1738 1404 1784 vestra
1453 1727 1509 1781 in
1554 1742 1623 1782 eo
1663 1734 1809 1781 statu

220 1821 519 1877 monastici
550 1823 790 1887 ordinis,
843 1837 956 1894 quo
990 1821 1254 1876 hactenus
1282 1818 1502 1885 mansit,
1556 1816 1811 1887 deinceps

219 1913 341 1968 sine
373 1913 525 1968 omni
558 1913 782 1969 laesione
807 1920 863 1967 et
904 1910 1318 1983 perturbatione
1352 1908 1642 1964 consistat.
1698 1906 1811 1964 Vos

218 2014 407 2060 autem
441 2014 502 2060 ut
541 2005 900 2061 charissimos
928 2004 1071 2059 ﬁlios
1104 2003 1492 2067 admonemus,
1540 2007 1810 2071 quatenus

216 2098 563 2171 propositum
588 2106 783 2153 vestrm
807 2094 1170 2169 professionis
1193 2108 1257 2149 ea
1281 2093 1594 2149 sinceritate
1616 2100 1671 2147 et
1695 2100 1811 2147 stu—

216 2189 314 2244 dio
338 2189 406 2244 de
428 2189 515 2243 die
542 2188 598 2243 in
639 2189 807 2255 diem,
861 2187 1155 2257 adjuvante
1200 2184 1455 2251 Domino,
1504 2183 1561 2238 in
1612 2182 1811 2239 melius

215 2280 554 2350 proticiendo
579 2280 854 2354 peragatis
881 2289 940 2335 ut
959 2296 1025 2334 ex
1051 2278 1303 2333 interiori
1324 2276 1664 2332 conscientia
1709 2290 1808 2331 ve-

215 2381 334 2427 stra
362 2372 597 2428 servitus
632 2380 688 2427 et
712 2372 931 2427 devotio
981 2370 1175 2429 divino
1212 2368 1533 2439 conspectui
1596 2368 1811 2439 placeat

214 2473 275 2520 et
298 2464 585 2520 exterioris
627 2463 804 2521 forma
840 2463 1283 2520 conversationis
1326 2461 1463 2516 nulli
1518 2461 1811 2532 reprehen«

216 2555 382 2612 dendi
406 2570 505 2611 vos
525 2558 872 2612 occasionem
916 2554 1140 2620 tribuat,
1188 2554 1283 2609 sed
1322 2553 1581 2609 omnibus
1622 2567 1809 2608 exem-

215 2648 371 2718 plum
400 2649 727 2714 sanctitatis,
752 2658 807 2704 et
832 2664 961 2720 erga
992 2646 1335 2719 diligentiam
1361 2653 1558 2701 vestrae
1584 2644 1808 2713 religio-

216 2740 305 2793 nis
327 2754 573 2794 amorem
616 2747 672 2795 et
714 2740 1048 2795 desiderium
1074 2737 1463 2795 conﬁrmanda:
1500 2735 1809 2792 dilectionis

215 2830 475 2901 praebeat.
520 2829 790 2886 Caeterum
840 2832 888 2886 si
923 2832 1047 2903 quis
1100 2829 1295 2885 audaci
1350 2828 1677 2896 temeritate,
1723 2829 1808 2883 vel

216 2917 391 2992 pravo
426 2923 627 2989 studio,
654 2923 801 2978 hunc
828 2930 1030 2977 statum
1055 2931 1111 2977 et
1130 2921 1382 2977 ordinem
1426 2921 1673 2977 ecclesiae
1714 2936 1808 2976 ve-

1917 456 2135 512 semper
2153 443 2422 511 Augusta,
2446 440 2719 497 indicante
2749 440 2908 496 nobis
2950 449 3021 506 te,
3049 440 3105 494 in
3134 438 3398 495 subnrbio
3425 436 3505 495 ci—

1917 533 2102 589 vitatis
2123 539 2251 598 tuae,
2273 533 2434 603 juxta
2457 540 2676 604 portum
2701 532 2942 604 praedicti
2964 531 3206 588 ﬂuminis
3241 528 3397 599 Oeni,
3434 528 3505 587 ad

1918 640 2266 681 communem
2313 632 2370 680 et
2422 625 2724 695 regularem
2767 624 3159 679 canonicorum
3195 623 3386 690 vitam,
3414 638 3507 679 ec-

1918 717 2142 783 clesiam
2179 716 2579 784 construxisse,
2615 724 2691 783 et,
2725 723 2787 770 ut
2815 730 2957 778 eam,
2982 714 3131 786 juxta
3154 712 3504 785 propositum

1917 813 2026 860 tua:
2054 804 2361 860 devotionis
2384 814 2441 860 et
2466 803 2896 871 constitutionis,
2938 804 3255 874 apostolicis
3285 804 3510 876 privile-

1915 898 2020 968 giis
2054 899 2421 964 ﬁrmaremus,
2443 905 2557 951 tum
2575 897 2691 968 ipsa
2718 903 2901 967 partes
2926 905 3049 952 tuas
3071 893 3357 963 referente,
3386 905 3507 957 tum

1916 989 2038 1060 ipso
2060 1004 2160 1060 pro
2191 996 2245 1044 te
2280 988 2628 1044 sanctissimo
2661 989 2932 1044 desiderio
2961 989 3271 1059 postulante
3294 1030 3310 1056 ,
3349 997 3508 1046 tanto

1916 1082 2225 1152 promptius
2254 1081 2542 1151 utriusque
2576 1080 2846 1145 voluntati
2876 1080 3228 1137 annuendum
3257 1095 3381 1136 esse
3412 1080 3508 1153 ju-

1913 1173 2219 1228 dicavimus
2248 1180 2457 1243 quanto
2486 1179 2541 1227 et
2576 1180 2667 1226 tua
2697 1180 2825 1227 vota
2844 1172 2995 1243 justa
3026 1187 3149 1229 esse
3179 1172 3385 1229 certius
3412 1170 3509 1227 “ine

1916 1264 2229 1335 telligimus,
2256 1272 2309 1320 et
2335 1263 2480 1318 illius
2510 1263 2777 1320 desideria
2820 1264 3005 1319 divino
3031 1279 3261 1320 accensa
3295 1263 3505 1335 Spiritu

1916 1356 2118 1429 ubique
2150 1355 2459 1428 prosperari
2481 1355 2753 1425 cupimus.
2791 1354 3163 1411 Coneedentes
3192 1356 3359 1428 igitur
3400 1355 3505 1413 tibi

1913 1459 1970 1505 et
2021 1448 2261 1521 praafataa
2288 1449 2533 1506 ecclesiae
2557 1449 2720 1519 hujus
2750 1450 2924 1505 nostri
2965 1449 3250 1519 apostolici
3296 1449 3505 1505 decreti

1911 1543 2255 1613 privilegium
2286 1583 2303 1608 ,
2348 1541 2630 1598 sancimus
2700 1551 2757 1596 et
2814 1541 3114 1611 apostolica
3173 1541 3502 1597 auctoritate

1910 1635 2209 1691 statuimus
2246 1641 2305 1688 ut
2337 1633 2519 1688 clerici
2550 1634 2644 1704 qui
2668 1633 2751 1689 vel
2781 1648 2931 1689 nunc
2959 1632 3014 1688 in
3049 1633 3237 1689 eadem
3267 1634 3500 1690 ecclesia

1844 1704 1887 1758 Β
1911 1735 2043 1782 sunt
2084 1724 2325 1781 ordinati
2368 1725 2471 1780 sub
2518 1724 2797 1782 communi
2837 1739 3053 1794 semper
3086 1725 3197 1780 vita
3249 1733 3307 1781 et
3349 1725 3502 1781 clau-

1911 1817 2066 1874 strati
2094 1816 2510 1874 conversatione
2533 1817 2859 1873 consistant.
2881 1817 2965 1872 Ad
2990 1831 3229 1888 quorum
3244 1830 3502 1873 commu-

1910 1914 2036 1964 ne‘m
2058 1925 2221 1965 usum
2242 1908 2637 1965 conﬁrmamus
2652 1917 2709 1964 et
2721 1907 3251 1965 incommutabiliter
3263 1908 3502 1965 tenenda

1904 2000 2259 2057 decernimus
2287 2002 2647 2057 determinate
2677 2001 2903 2073 quidem
2950 2008 3006 2056 et
3036 2016 3101 2056 ea
3130 2016 3255 2072 qua:
3279 2015 3499 2071 praeno~

1910 2093 2117 2148 minata
2145 2094 2464 2164 imperatrix
2494 2093 2739 2165 Augusta
2766 2108 2866 2165 pro
2894 2092 3365 2149 remedio‘animm
3382 2106 3499 2150 sua

1908 2185 2151 2241 donavit.
3206 2258 3213 2265 δ

1981 2278 2296 2348 (Enumerat
2317 2279 2687 2350 possessiones,
2726 2287 2838 2333 tum
2866 2278 2932 2332 ab
2973 2278 3339 2349 imperatrice,
3383 2286 3500 2334 tu

1908 2370 1974 2424 ab
2000 2373 2239 2441 episcopo
2272 2371 2398 2425 huic
2429 2372 2663 2426 ecclesia:
2696 2370 2968 2441 donatas.)

1979 2462 2125 2527 Haec,
2164 2464 2410 2534 inquam,
2458 2464 2645 2520 omnia
2673 2472 2731 2519 et
2765 2477 3109 2534 quaecunque
3133 2462 3299 2518 etiam
3337 2461 3499 2518 inno-

1910 2555 2113 2610 minata
2145 2556 2290 2609 bona
2321 2556 2498 2610 eidem
2526 2555 2775 2612 ecclesiae
2816 2555 2902 2609 vel
2950 2569 3099 2613 nunc
3122 2553 3273 2624 iuste
3299 2555 3499 2610 collata

1906 2655 2059 2713 sunt,
2083 2647 2166 2701 vel
2197 2647 2252 2701 in
2276 2656 2557 2717 posterum
2604 2646 2719 2703 Deo
2759 2647 3081 2717 disponente
3122 2644 3452 2702 conferenda
3476 2685 3494 2712 ,

1908 2754 1976 2793 eo
2018 2745 2206 2794 tenore
2232 2748 2288 2794 et
2330 2739 2656 2795 auctoritate
2688 2739 2763 2794 ad
2791 2752 3136 2794 communem
3179 2753 3342 2795 usum
3385 2736 3501 2794 fra-

1911 2840 2059 2885 trum
2091 2832 2293 2887 ibidem
2327 2830 2439 2886 Deo
2473 2830 2857 2886 famulantium
2886 2830 3237 2887 decernimus
3276 2838 3335 2885 et
3372 2844 3501 2887 cor-

1908 2925 2256 2990 roboramus,
2285 2932 2349 2981 ut
2376 2938 2723 2979 communem
2761 2931 2817 2979 et
2849 2923 3156 2995 regularem
3188 2923 3358 2978 vitam
3394 2922 3501 2979 du-

217 3024 351 3071 straa
400 3022 616 3070 mutare
671 3015 757 3070 vel
797 3014 1133 3071 confundere
1190 3012 1564 3081 attentaverit,
1617 3014 1807 3085 procul
1837 3050 1879 3106 ε
1906 3027 2116 3084 centes,
2159 3017 2297 3071 nihil
2325 3018 2395 3073 de
2421 3016 2582 3072 bonis
2624 3016 2871 3072 ecclesiae
2896 3015 3192 3086 praeposito
3219 3023 3278 3071 et
3305 3014 3499 3086 singu-

220 3107 394 3161 dubio
422 3107 560 3161 sciat
583 3121 642 3162 se
683 3106 1023 3163 iracundiam
1079 3105 1395 3177 apostolicae
1442 3103 1587 3161 sedis
1626 3105 1811 3159 incur-
1847 3103 1878 3106 ⁷
1910 3109 2014 3163 lari
2044 3110 2168 3164 usui
2191 3109 2483 3165 vindicent.
2511 3107 2583 3164 Ut
2608 3110 2724 3165 hac
2741 3108 2908 3180 igitur
2929 3115 3119 3162 nostra
3138 3106 3378 3172 decreta,
3401 3105 3500 3160 ade

222 3214 369 3264 rere,
404 3207 479 3265 et,
523 3200 629 3255 nisi
686 3207 884 3268 cesset,
938 3198 1305 3253 anathematis
1347 3197 1492 3253 inse
1538 3195 1809 3268 judicium

222 3302 552 3364 provocare.

914 3414 1120 3471 CXLV.

218 3532 517 3590 Alexandri
545 3529 610 3585 11
635 3530 971 3602 priuilegium
1009 3546 1105 3600 pro
1124 3527 1350 3602 ecclesia
1388 3527 1455 3580 ab
1501 3526 1809 3602 Altmauno,

299 3602 606 3658 Pataviensi
629 3597 893 3673 episcopo,
922 3601 992 3655 ad
1010 3597 1311 3671 regularem
1332 3598 1707 3654 cationicorum
1735 3597 1813 3651 vi-

302 3684 409 3729 tam
438 3674 734 3743 mitiﬁcato.

817 3763 999 3834 (Anno
1039 3760 1221 3832 1075.)

259 3856 482 3923 ῘΜωιει,
511 3854 714 3912 Concil.
743 3853 1149 3995 XlX,£76,lfx]
1171 3851 1453 3923 Metropoli
1481 3850 1808 3923 Salisburg.,

960 3940 1033 3978 m.
1109 3966 1120 3977 .

960 3940 1033 3978 nl.
1059 3940 1120 3977 ll.

277 4021 603 4075 Atexssnsn
625 4017 933 4087 episc0pus,
959 4030 1153 4071 servus
1189 4029 1475 4069 servorum
1515 4011 1612 4067 Dei
1632 4056 1648 4081 ,
1676 4014 1804 4069 dileo

222 4123 316 4167 cto
341 4111 497 4166 fratri
529 4110 584 4164 in
619 4108 843 4164 Christo
871 4108 1165 4161 ALTIANNO
1205 4105 1394 4160 Patav.
1432 4106 1711 4176 episcopo,
1756 4116 1813 4162 et

222 4221 325 4276 per
366 4218 492 4258 cum
534 4201 775 4257 ecclesiae
808 4216 972 4270 quam
1008 4200 1065 4252 in
1093 4199 1372 4253 territorio
1406 4197 1650 4268 ejusdem
1678 4196 1812 4251 civi-

227 4297 356 4352 tatis
390 4296 445 4349 in
474 4303 635 4365 portu
659 4289 796 4347 Oeni
821 4290 1062 4346 ﬂuminis
1082 4290 1409 4355 construxit,
1436 4297 1491 4343 et
1518 4289 1574 4341 in
1603 4289 1811 4344 honore

1906 3201 2133 3271 juvante
2165 3199 2420 3267 Domino,
2451 3201 2693 3271 undique
2726 3199 2886 3256 ﬁrma
2916 3200 3234 3269 illibataque
3277 3212 3501 3269 perma-

1912 3298 2097 3357 neant,
2131 3291 2427 3361 apostolica
2456 3291 2783 3348 auctoritate
2809 3290 3201 3347 constituimus
3228 3289 3502 3344 ut‘nullus

1910 3398 2028 3450 rex,
2061 3384 2377 3453 imperator,
2410 3383 2540 3450 dux,
2588 3397 2793 3449 comes,
2825 3382 3136 3452 episcopus,
3186 3381 3273 3436 vel
3318 3380 3503 3436 archi-

1911 3476 2224 3546 episcopus,
2253 3489 2351 3530 seu
2377 3474 2562 3545 aliqua
2595 3487 2833 3544 persona
2872 3472 3152 3529 sazcularis
3190 3476 3291 3526 aut
3328 3470 3502 3527 eccle»

1914 3567 2155 3633 siastica,
2184 3565 2467 3638 praefatam
2494 3564 2781 3624 ecclesiam
2810 3566 2881 3621 ab
2898 3571 3137 3620 eolstatu
3166 3570 3224 3619 et
3262 3562 3458 3618 ordine
3482 3603 3498 3628 ,

1912 3675 2078 3730 quem
2109 3659 2365 3730 superius
2391 3658 2858 3721 confirmavimus,
2890 3655 3146 3712 divellere
3181 3664 3279 3711 aut
3317 3654 3502 3725 aliqua

1915 3752 2325 3823 perturbatione
2352 3750 2617 3821 impedire
2638 3751 2957 3820 praesumat,
2982 3748 3070 3803 vel
3104 3747 3406 3818 quidquam
3432 3744 3503 3802 de

1915 3844 2080 3900 rebus
2109 3852 2167 3899 et
2195 3844 2357 3899 bonis
2379 3842 2626 3898 ecclesiae
2656 3841 2911 3897 invadere
2944 3848 3040 3894 aut
3066 3839 3391 3905 diminuere,
3416 3838 3503 3893 vel

1914 3937 1986 3992 ab
2020 3952 2123 3992 usu
2149 3935 2428 3992 fructuum
2461 3935 2783 3991 subtrahere
2806 3933 3022 3988 audeat.
3053 3931 3113 3987 Si
3147 3932 3273 4002 quis
3317 3937 3502 3986 autem

1915 4038 2105 4086 contra
2147 4028 2314 4100 hujus
2353 4036 2556 4083 nostrae
2599 4024 2903 4082 sanctionis
2944 4025 3170 4080 decreta-
3206 4022 3504 4079 temerario

1913 4136 2054 4176 ausu
2082 4121 2268 4175 venire
2292 4119 2601 4185 tentaverit,
2630 4131 2807 4187 usque
2834 4116 2903 4171 ad
2929 4116 3150 4186 dignam
3173 4113 3504 4169 satisfactio-

1915 4230 2039 4269 nem
2074 4211 2436 4267 anatbematis
2466 4211 2662 4279 laqueo
2705 4224 2764 4263 se
2809 4207 3079 4261 irretitum
3118 4206 3349 4263 noverit.
3395 4203 3503 4271 Qui

1914 4318 2047 4360 vero
2115 4303 2233 4358 hze'c
2291 4302 2482 4357 eadem
2524 4300 2667 4355 ﬁdeli
2719 4298 3006 4354 devotione
3063 4297 3355 4352 observare
3406 4310 3505 4352 cu-

226 4384 433 4444 sanctaé
461 4384 744 4439 Trinitatis
768 4426 783 4449 ,
812 4391 866 4438 et
907 4380 1181 4453 passionis
1219 4380 1435 4434 Domini
1474 4379 1650 4433 nostri
1680 4378 1807 4436 Jesu
1847 4405 1889 4459 ο
1914 4395 2134 4459 nvem,
2173 4394 2373 4449 divina,
2418 4390 2876 4447 [emunemﬁonis
2918 4390 3149 4460 gratiam
3189 4397 3243 4444 ει
3285 4397 3505 4459 θροειο.

227 4480 456 4546 Christi.
492 4486 548 4533 ει
581 4484 896 4532 sanctorum
926 4474 1155 4528 Αηῧτθω
1182 4472 1436 4543 θροειοην
1467 4470 1815 4527 Pantaleon“
1864 4546 1867 4547 ν
1918 4487 2035 4542 lica:
2052 4484 2446 4541 benedictionis
2470 4484 2559 4539 hic
2581 4491 2636 4538 et
2656 4483 2713 4537 in
2735 4482 2919 4538 futuro
2939 4489 3308 4551 consequatur
3330 4481 3506 4538 abun-

230 4570 510 4643 martyris,
552 4577 606 4622 et
630 4568 803 4623 sancti
837 4565 1044 4622 Nieolai
1068 4562 1401 4620 confessoris
1434 4562 1813 4631 consecravit,
1918 4579 2183 4635 (iamiam.

230 4664 289 4719 in
323 4669 667 4733 perpetuum
981 4737 987 4742 _
1991 4671 2186 4725 Datum
2236 4668 2442 4735 Romze,
2486 4684 2520 4722 ν
2561 4665 2703 4721 Non.
2747 4666 2949 4733 Martii,
2970 4683 3066 4738 per
3106 4679 3306 4720 manus
3338 4665 3512 4735 Petri,

305 4752 574 4809 Convenit
612 4744 913 4820 apostolico
960 4744 1319 4802 moderamini
1361 4745 1631 4815 religiosis
1673 4742 1812 4800 desi-

1921 4772 2123 4818 sanctze
2144 4760 2405 4815 Romanae
2428 4757 2688 4815 Ecclesia:
2708 4759 2945 4830 presbyt.
2985 4756 3283 4815 cardinalis
3326 4773 3397 4815 ac
3438 4759 3519 4813 bi-

233 4846 399 4902 deriis
430 4853 484 4900 et
512 4842 862 4915 petitionibus
883 4856 946 4895 ea
968 4838 1295 4911 benignitate
1320 4845 1374 4890 et
1395 4837 1613 4906 pietatis
1634 4836 1815 4893 studio
1924 4852 2266 4910 blimhecarii
2290 4894 2304 4917 ν
2350 4865 2497 4909 anno
2535 4866 2617 4906 ιιι
2643 4850 2993 4920 pontiﬁcatus
3025 4846 3235 4906 domini
3277 4847 3528 4918 Αιεμιι..

234 4936 671 4994 condescendere
700 4934 1057 5000 effectumque
1082 4930 1323 5001 praebere
1364 4938 1445 4994 ut,
1492 4929 1624 4984 dum
1651 4926 1812 5000 spiri-

1923 4946 2009 5003 dri
2032 4945 2077 5002 ll
2102 4959 2276 5016 papae,
2304 4943 2606 5001 indictione
2630 4957 2705 4996 xi.

236 5031 398 5085 tualis
444 5026 745 5083 auctoritas
788 5023 945 5080 oﬁicii
989 5023 1075 5077 sui
1124 5019 1371 5077 debitum
1403 5020 1654 5092 peragit,
1684 5021 1815 5075 dum
2613 5052 2844 5108 CXL“.

236 5122 323 5192 pi“
368 5112 1200 5223 ἷίῖ¹ῗ¹ί¹¹¹¹ἔ,⁸¹⁰ίῗ¹¹²η¹ξῖ¹ῗ⁴ἶ¹³¹¹ῗῗ
1230 5108 1819 5223 Ῑεῗῗθῖἰῗῖἷίδωδῗῗῖδ
1925 5153 2396 5223 Alexandrinam
2419 5152 2483 5207 II
2512 5146 2855 5223 ρτίυὶιεςίητεῑ
2891 5163 2986 5215 Pro
3018 5135 3262 5223 ,εσείεὲἔα
3317 5135 3571 5223 sane!"

232 5212 545 5282 praesidium
569 5206 899 5266 defensionis
927 5203 1207 5273 impendit,
1230 5199 1362 5253 hinc
1374 5201 1602 5261 aﬁ'ectus
1626 5216 1812 5272 super-

1925 5199 2777 5288 ’··”’“·’“·’ἀάττίάίέιιςάρειειῑω
2810 5199 3242 5271 νεὶαήιεοηεηθὶ.
3332 5234 3337 5237 -
3393 5199 3475 5227 κν·
3528 5216 3537 5225 ~
