4022 5340
496 210 636 285 ista

1780 190 2175 264 Atexannui
2218 204 2257 259 ιι
2283 196 2500 257 mea

3643 177 3773 235 ιιεο

496 336 600 398 nos
637 332 926 395 ecclesiam
954 321 1168 389 Sancta
1204 329 1390 386 Maria:
1417 325 1774 399 Magdalenae,
1804 324 1971 379 sitam
1995 320 2089 375 Bi-
2118 324 2167 381 Α
2191 319 2317 374 dem
2371 313 2487 369 loci
2537 306 2970 378 archiepiscopo.
3020 342 3037 357 .
3087 336 3167 399 .-.
3211 337 3228 354 .
3273 336 3287 352 .
3327 336 3343 352 .
3387 335 3402 350 .
3443 331 3465 348 .›
3504 329 3519 348 .
3565 332 3583 360 _.
3631 334 3646 346 .
3692 336 3704 346 .
3754 330 3771 346 .

497 431 662 490 soutii
690 431 832 486 ultra
866 427 1069 484 ﬂumen
1096 423 1354 487 Dubium,
1389 421 1545 490 juxta
1576 425 1798 488 pontem
1833 414 2081 485 ejusdem

500 523 645 582 ﬂuvii
680 521 1059 586 constitutum,
1090 518 1159 573 ab
1184 515 1411 587 llugone
1432 512 1591 568 bonae
1619 506 1919 574 memoriae,
1940 505 2090 577 ejus-

2213 442 2217 447 -
2262 408 2459 461 Datum
2518 351 2795 464 Laterani,
2842 351 2914 452 ιζ
2944 392 3067 449 Kal.
3098 388 3250 457 Maii,
3291 401 3439 444 anno
3471 401 3550 441 xu
3590 385 3773 456 ponti-

2196 501 2396 557 ﬁcatus
2412 490 2709 551 Alexandri
2734 487 2962 547 secundi
2980 498 3162 558 papae,
3193 479 3499 537 indictione
3522 492 3602 531 ιι.

1959 612 2307 793 DUBIA.

1162 861 1420 922 CXLVII.

502 1005 796 1063 Alexandri
827 1004 850 1059 1
858 1004 887 1059 Ι
913 1003 1135 1076 epistola
1175 1002 1265 1076 uti
1286 998 1591 1076 Liemarum
1612 990 2093 1076 .qunteurgense’rn

575 1059 1046 1148 ὲιῖἑῆέέρίεωρὲιηι.
1062 1103 1134 1148 -τ
1169 1072 1266 1127 Illi
1296 1069 1524 1141 pallium
1553 1065 1720 1120 mittit
1742 1071 1793 1120 et
1817 1059 2096 1132 privilegia

536 1193 540 1196 .
578 1144 834 1206 Ecclesiae
853 1144 966 1216 eius
993 1144 1299 1214 conﬁrmat.
1862 1170 1887 1185 -.
2044 1164 2048 1169 -

1100 1275 1282 1350 (Anno
1323 1272 1506 1344 1075.)
1650 1344 1653 1349 ι
1736 1348 1741 1354 ,

687 1397 1078 1472 [Ιιλνιιεκιιειιᾳ
1118 1389 1414 1459 Hamburg.
1452 1384 1691 1441 Urlt'und.
1735 1381 1780 1448 l,
1805 1378 1924 1453 99.]

582 1521 910 1577 Aurunca
933 1516 1242 1587 episcopus,
1274 1520 1466 1567 servus
1481 1521 1768 1565 servorum
1796 1503 1917 1569 Dei,
1950 1514 2105 1556 reveo

515 1613 833 1673 rentissimo
861 1618 918 1665 et
943 1605 1293 1664 sanctissimo
1320 1602 1588 1668 Lmusao,
1615 1605 1821 1654 sanctae
1846 1592 2110 1648 ﬂamma-

511 1702 815 1775 ‘burgensis
843 1699 1101 1756 Ecclesia
1119 1695 1534 1766 archiepiscopo
1563 1690 1791 1760 suisque
1814 1690 2107 1743 successo-

517 1797 901 1867 ribus,pacem
921 1800 977 1848 et
1002 1791 1234 1848 salutem
1256 1788 1311 1843 in
1338 1794 1690 1858 perpetuum.

591 1887 859 1946 Convenit
872 1885 1174 1958 apostolico
1193 1876 1555 1938 moderamini
1580 1876 1673 1947 pia
1699 1873 1965 1944 religione
1992 1869 2117 1941 pol—

519 1982 763 2038 lentibus
782 1978 1043 2034 benevola
1068 1972 1458 2045 compassione
1480 1981 1806 2026 succurrere
1818 1974 1874 2018 et
1887 1976 2117 2034 poscen—

522 2076 661 2131 tium
685 2071 883 2129 animis
907 2068 1079 2125 alacri
1101 2066 1393 2123 devotione
1411 2060 1701 2133 impertiri.
1724 2056 1805 2113 Ex
1833 2057 1941 2111 hoc
1966 2053 2113 2109 enim

523 2166 663 2222 lucri
677 2162 1024 2235 potissimum
1048 2158 1334 2230 praemium
1351 2155 1493 2226 apud
1510 2151 1848 2209 conditorem
1868 2146 2117 2202 omnium

524 2257 821 2314 Dominum
850 2252 1044 2324 procul
1071 2251 1240 2307 dubio
1280 2260 1685 2319 promeremur,
1716 2242 1849 2298 dum
1886 2252 2119 2294 venera-

526 2351 660 2419 bili‘a
682 2349 802 2404 loca
834 2352 1140 2418 Opportune
1159 2342 1227 2397 ad
1248 2340 1529 2395 meliorem
1550 2335 1754 2391 fuerint
1779 2338 1980 2388 statum
2004 2329 2123 2385 sine

527 2441 697 2499 dubio
726 2438 1007 2511 perducta.
1043 2433 1230 2505 Igitur,
1264 2431 1392 2502 quia
1412 2426 1776 2500 postulastisa
1800 2423 1960 2483 nobis
1984 2434 2123 2492 qua-

528 2541 690 2590 tenus
715 2531 940 2604 pallium
958 2528 1054 2585 tibi
1081 2524 1580 2583 transmitteremus
1600 2527 1660 2575 et
1686 2516 2123 2586 archiepiscopa-

531 2637 650 2682 tum
679 2619 1201 2692 Hammaburgensis
1235 2614 1493 2671 Ecclesiae
1532 2619 1715 2668 totum
1752 2610 1811 2665 in
1851 2608 2125 2677 integrum

531 2718 633 2774 tibi
690 2716 1165 2779 eonﬁrmaremus,
1208 2694 1371 2766 sicut}
1397 2705 1859 2778 apraedeeessore
1908 2706 2122 2765 nostro,

527 2808 760 2867 domino
793 2806 1040 2872 Nicolao,
1068 2803 1235 2874 hujus
1264 2799 1578 2871 apostolica:
1609 2796 1777 2862 sedis,
1821 2802 1877 2849 et
1914 2792 2127 2848 caeteris

536 2899 952 2959 successoribus
979 2898 1097 2954 suis
1136 2896 1418 2951 decretum
1462 2900 1566 2957 est,
1608 2887 1861 2944 inclinati
1903 2884 2128 2957 petitio-

538 2995 702 3049 nibus
750 2991 939 3047 domni
974 2988 1040 3043 II.
1066 2987 1407 3043 Francorum
1460 2991 1517 3038 et
1540 2980 1920 3036 Romanorum
1955 2976 2124 3047 regis,

539 3084 840 3155 apostolica
870 3079 1196 3137 auctoritate
1239 3074 1731 3134 concedimus......
1759 3068 2127 3137 decernimus,

541 3186 597 3231 et
616 3177 671 3230 in
700 3174 884 3229 omnia
907 3172 1166 3243 praedicta
1192 3184 1359 3241 regna
1381 3177 1456 3231 te,
1481 3166 1600 3221 vice
1651 3172 1860 3231 nostra,
1890 3162 2131 3234 legatum

540 3266 950 3326 constituimus.
988 3263 1321 3334 Deinceps...
1371 3275 1494 3316 esse
1538 3267 1592 3313 et
1631 3256 1838 3313 vocari.
1882 3254 2134 3327 Legatio-

543 3377 670 3417 nem
735 3373 957 3430 quoque
1008 3365 1065 3412 et
1118 3352 1639 3426 archiepiscopalem
1691 3357 2021 3421 potestatem
2077 3347 2135 3402 in

2191 834 2308 901 est,
2333 824 2562 894 ejusque
2590 815 2901 891 sororibus,
2925 819 3037 866 tam
3073 792 3434 882 praesentibus
3483 816 3656 875 quam
3700 796 3784 855 fu—

2200 917 2341 975 turis
2365 916 2421 971 in
2450 919 2794 986 perpetuum.
3294 970 3297 971 ν

2270 981 2867 1075 Convenit—apostolico
2888 990 3245 1051 moderamini
3270 990 3358 1062 pia
3385 987 3653 1058 religione
3673 981 3788 1056 pol—

2195 1100 2462 1164 lentibus,
2492 1093 2755 1151 benevola
2782 1085 3161 1159 compassione
3191 1094 3542 1145 succurrere,
3574 1086 3631 1132 et
3660 1092 3789 1147 pos-

2200 1192 2440 1267 centium
2466 1186 2667 1244 animis
2696 1181 2864 1238 alacri
2878 1178 3165 1236 devotione
3187 1171 3790 1250 impertiri‘assensum.

2198 1260 2458 1355 Poposcit
2520 1276 2744 1350 quidem
2779 1290 2812 1329 a
2873 1270 3031 1327 nobis
3076 1265 3354 1323 veneratio
3393 1272 3507 1328 tua,
3533 1259 3793 1332 religiosa

2201 1349 2338 1431 Alda
2358 1349 2665 1443 abbatissa,
2695 1373 2966 1438 quatenus
2996 1350 3392 1417 monasterium
3415 1351 3639 1409 Domini
3668 1349 3789 1404 Sal-

2200 1463 2428 1530 vatoris,
2455 1469 2511 1517 et
2538 1466 2760 1537 sanctae
2792 1454 2950 1512 Iuliae
2977 1450 3201 1522 virginis
3220 1456 3275 1505 et
3295 1444 3578 1518 martyris,
3610 1450 3782 1525 caete-

2204 1532 2789 1629 raquc'monastcria,
2830 1561 2957 1605 cum
3006 1540 3280 1598 universis
3340 1533 3586 1594 basilicis
3616 1524 3697 1593 ad
3743 1549 3800 1589 se

2207 1625 2809 1722 pertinentibus,quod
2851 1656 2893 1713 ac
2931 1634 3192 1709 piissimae
3235 1630 3397 1687 Ausa‘.
3433 1627 3645 1700 reginae
3676 1625 3809 1696 jure

2207 1717 2588 1803 constructum
2609 1749 2729 1791 esse
2744 1730 3019 1796 noscitur,
3044 1732 3244 1793 nostrae
3265 1720 3610 1805 auctoritatis
3637 1717 3807 1789 privi-

2120 1821 2122 1825 ’
2210 1816 2370 1904 Ιῡέόἰὶδ
2392 1839 2449 1901 et
2476 1827 2637 1895 sicuti
2665 1825 2734 1881 ab
2774 1819 3218 1897 antecessoribus
3244 1814 3470 1880 nostris,
3492 1813 3804 1867 decoretur.

2213 1903 2712 1997 Quapropter,piis
2762 1914 3049 1973 desideriis
3093 1909 3300 1987 vestris
3334 1913 3669 1970 annuentes,
3707 1903 3811 1956 hac

2214 1994 2403 2073 nostra
2424 2011 2747 2069 auctoritate
2770 2009 2844 2075 id,
2877 2006 3025 2079 quod
3051 2011 3197 2067 recte
3224 1999 3563 2072 exposeitur,
3592 1994 3812 2052 cll‘ectui

2147 2108 2190 2163 B
2216 2107 2616 2177 maneipamus.
2648 2101 2754 2157 Per
2800 2096 3094 2170 prteseutis
3136 2094 3301 2169 igitur
3338 2090 3528 2161 scripti
3552 2087 3812 2159 paginam

2220 2198 2627 2265 constituimus,
2659 2202 2721 2249 ut
2749 2193 2892 2249 idem
2920 2187 3311 2263 monasterium
3340 2184 3444 2247 sub
3497 2179 3817 2253 apostolica:

2223 2291 2369 2348 sedis
2400 2287 2757 2363 protectione,
2790 2292 2845 2339 et
2898 2282 3047 2353 regia
3087 2277 3402 2353 defensione
3448 2273 3814 2337 submissum,

2234 2366 2438 2447 nullius
2470 2393 2713 2449 unquam
2757 2374 2982 2430 alterius
3007 2366 3480 2442 jurisdietionibus
3524 2364 3817 2420 submitta—

2230 2483 2342 2541 tur,
2372 2473 2508 2530 adco
2538 2479 2598 2526 ut
2636 2468 2943 2542 quisquam,
2967 2462 3334 2527 sacerdotum,
3365 2458 3470 2513 nisi
3520 2458 3594 2511 ab
3643 2455 3815 2525 ipsius

2208 2566 2334 2622 loci
2383 2563 2660 2621 abbatissa
2708 2559 2877 2617 fuerit
2923 2556 3205 2631 invitatus,
3243 2567 3346 2609 nec
3396 2550 3697 2605 missarum
3744 2547 3819 2602 ibi

2225 2656 2495 2715 solemnia
2530 2654 2810 2709 celebrare
2858 2655 3173 2722 praesumat.
3201 2641 3593 2701 Possessiones
3637 2648 3819 2694 autem

2227 2748 2400 2821 ipsius
2434 2747 2560 2813 loci,
2585 2760 2708 2817 quae
2736 2743 2804 2798 ab
2829 2742 2950 2798 aliis
2983 2739 3232 2795 ﬁdelibus
3260 2735 3507 2806 legaliter
3547 2745 3823 2787 concessae

2227 2848 2374 2906 sunt,
2407 2839 2524 2905 tibi,
2552 2824 2775 2907 tuisque
2799 2832 3104 2898 sororibus,
3135 2837 3190 2887 et
3222 2828 3307 2883 his
3336 2841 3460 2898 quae
3486 2832 3615 2895 post
3638 2838 3736 2893 vos
3767 2822 3824 2874 in

2227 2932 2415 2997 eadem
2465 2928 2730 3001 religione
2754 2922 3115 2994 susceperint,
3139 2919 3533 2975 conﬁrmamus
3569 2933 3582 2968 :
3617 2914 3826 2969 scilicet

2231 3032 2436 3083 curtes.
2459 3020 2639 3088 villas,
2663 3017 2908 3093 castella,
2928 3031 3055 3085 cum
3078 3012 3333 3071 omnibus
3357 3008 3628 3081 basilicis,
3652 3007 3826 3065 inter-

2230 3116 2309 3171 ris
2325 3114 2441 3186 jam
2471 3114 2618 3169 dicto
2663 3110 3001 3181 monasterio
3026 3106 3425 3183 pertinentibus
3471 3103 3825 3166 constructis,

2232 3215 2287 3262 et
2314 3206 2499 3261 omnia
2545 3205 2722 3260 eidem
2751 3200 3088 3258 monasterio
3114 3198 3460 3270 pertinentia.
3479 3195 3827 3265 Quaecunque

2235 3306 2495 3370 praeterea
2516 3298 2572 3351 in
2597 3295 2869 3365 futurum,
2890 3294 3151 3364 largiente
3163 3288 3454 3359 Deo,justc
3478 3296 3647 3357 atque
3668 3301 3828 3341 cano-

2238 3392 2358 3446 nice
2374 3389 2621 3460 poteritis
2639 3372 2890 3458 adipisci,
2904 3387 3061 3440 firma
3078 3383 3175 3437 tibi
3190 3382 3408 3452 tuisque
3423 3378 3831 3435 suceessatrici-

543 3454 730 3548 (mnia
758 3467 926 3548 "igua
944 3445 1724 3548 δθριθῃῐτίοξὶῗιίὢᾹᾺΜΝω,
1742 3442 1970 3546 some?"
1998 3439 2135 3546 Sile-
2163 3457 2203 3515 C
2236 3439 2363 3548 iiiis,
2632 3439 2990 3545 monasterio,
3007 3439 3834 3545 illibataquepermanéant.De-

548 3546 770 3611 dorum,
797 3542 1203 3609 Norvenorum,
1244 3539 1639 3596 lslaudieorum
1676 3544 1732 3591 et
1762 3535 2010 3590 omnium
2045 3533 2134 3587 in-

548 3637 793 3695 sularum
825 3636 891 3692 iis
916 3635 1102 3706 regnis
1123 3631 1489 3704 adjacentium
1518 3629 1616 3684 tibi
1639 3638 1694 3683 et
1719 3627 1975 3683 omnibus
2002 3640 2137 3681 suc-

549 3728 867 3786 cessoribus
892 3725 1003 3782 tuis
1025 3733 1289 3797 perpetuo
1323 3723 1557 3779 tenenda
1596 3719 1970 3777 concedimus.
2001 3716 2136 3773 Om-

550 3836 679 3876 nem
707 3835 929 3892 quoque
957 3820 1337 3873 adversantem
1359 3817 1447 3870 vel
1468 3813 1952 3879 contradicentem,
1973 3818 2139 3881 atque

551 3912 660 3982 piis
680 3911 887 3966 nostris
920 3909 1116 3964 studiis
1143 3908 1386 3978 quolibet
1409 3908 1573 3962 modo
1604 3905 1975 3970 insidiantem,
2007 3919 2141 3959 ana-

552 4003 815 4058 thematis
842 4016 1105 4057 mucrone
1134 3999 1492 4072 pereutimus,
1513 4006 1893 4069 perpetuaeque
1916 3995 2141 4051 ultionis

552 4088 714 4151 reum
751 4094 1019 4151 diabolica
1040 4102 1191 4149 sorte
1215 4095 1562 4160 damnamus;
1588 4101 1651 4146 ut
1676 4091 1897 4146 culmen
1920 4095 2144 4159 aposto-

555 4189 724 4245 licum
781 4202 935 4243 more
960 4187 1427 4257 praedecessorum
1480 4192 1819 4251 nostrorum,
1865 4195 2144 4252 causaque

557 4282 656 4337 Dei
684 4298 785 4352 pro
814 4282 1011 4337 aﬂ‘ectu
1042 4280 1281 4336 zelantes
1303 4279 1372 4335 ab
1399 4277 1644 4333 adversis
1679 4278 1809 4332 hinc
1829 4275 1954 4331 inde
1976 4275 2145 4346 parti-

570 4374 676 4429 bus
706 4376 1041 4431 muniamus.
1070 4373 1476 4428 Auctoritate...
1506 4378 1799 4425 mereatur.

635 4463 770 4519 Data
794 4482 848 4520 iv
873 4464 1061 4522 Nonas
1074 4464 1376 4531 Februarii,
1400 4462 1697 4518 indictione
1720 4477 1772 4523 ν,
1797 4475 1895 4530 per
1921 4472 2146 4514 manum

565 4553 940 4625 Hildebrandi,
974 4558 1284 4616 cancellarii
1314 4557 1371 4614 S.
1393 4556 1541 4613 Petri
1555 4563 1716 4626 atque
1741 4552 1952 4608 abbatis
1975 4551 2149 4607 sancti

2238 3575 2515 3632 cernimus
2529 3587 2664 3644 ergo
2682 3579 2748 3627 ut
2768 3572 2951 3626 nullus
2970 3568 3280 3639 episcopus,
3302 3566 3435 3630 dux,
3457 3563 3730 3627 marchio,
3745 3578 3833 3616 co-

2239 3684 2376 3735 mes,
2400 3666 2726 3731 vicecomes,
2753 3664 2837 3717 vel
2877 3662 3059 3733 aliqua
3081 3673 3299 3730 magna,
3326 3670 3609 3727 parvaque
3646 3670 3831 3724 perso-

2240 3759 2488 3826 na,idgm
2513 3756 2911 3812 monasterium
2934 3762 3137 3808 temere
3159 3749 3356 3805 audeat
3380 3746 3728 3818 perturbare,
3746 3754 3834 3799 aut

2240 3851 2360 3922 ejus
2384 3839 2762 3920 possessiones
2799 3844 3037 3911 auferre,
3069 3843 3154 3899 vel
3186 3842 3397 3896 ablatas
3445 3839 3711 3901 retinere,
3738 3837 3836 3891 mi-

2243 3946 2444 4009 nuere,
2493 3941 2581 3996 vel
2623 3938 2932 3997 temerariis
2989 3934 3374 3992 vexationibus
3427 3930 3697 4003 fatigare;
3746 3937 3836 3983 aut

2243 4033 2426 4095 ullum,
2445 4032 2753 4089 districtum
2783 4030 2840 4084 iu
2861 4028 3135 4099 aliquibus
3155 4027 3293 4082 locis
3320 4025 3496 4096 ipsius
3520 4020 3836 4079 monasterii

2240 4125 2489 4196 judicare
2514 4143 2528 4178 :
2560 4139 2657 4179 seu
2673 4122 2894 4192 aliquod
2914 4121 3196 4190 placitum,
3216 4118 3425 4188 absque
3441 4116 3668 4171 licentia
3693 4114 3838 4169 alian

2247 4218 2396 4274 tissze
2442 4216 2645 4271 habere
2693 4222 3017 4285 praesumat;
3070 4218 3167 4267 aut
3216 4210 3430 4280 aliquas
3450 4224 3541 4263 res
3597 4206 3837 4276 ejusdem

2247 4308 2571 4366 monasterii
2598 4306 2795 4378 quovis
2835 4305 3001 4361 modo
3021 4304 3282 4368 alienare,
3315 4300 3399 4355 vel
3426 4300 3502 4355 ibi
3534 4297 3838 4353 molestiam

2249 4400 2485 4467 inferre;
2510 4407 2605 4455 aut
2645 4397 2888 4464 fodrum,
2910 4397 2995 4452 vel
3038 4393 3520 4458 mansionaticum,
3552 4406 3654 4447 seu
3691 4390 3843 4460 ripa-

2251 4492 2443 4558 ticum,
2470 4499 2566 4546 aut
2614 4498 2859 4561 paratas,
2884 4488 3002 4544 sive
3042 4486 3254 4556 aliquas
3295 4484 3495 4539 audeat
3536 4480 3844 4536 functiones

2250 4584 2496 4655 exigere;
2521 4582 2614 4638 sed
2641 4581 2823 4636 omnia
2849 4580 3062 4650 integra
3081 4582 3478 4635 conserventur
3492 4588 3711 4641 earum,
3752 4586 3844 4642 pro

534 4732 539 4735 ν
566 4647 744 4705 Ρ²υ¹ιο
2018 4656 2021 4661 ’
2251 4647 2489 4746 quarum
2503 4672 2903 4739 sustentatione
2914 4647 3389 4743 etvgubernatioue
3407 4680 3677 4723 concessa
3701 4670 3841 4726 sunt,

528 4774 549 4866 ιλ
1228 4764 1504 4822 CXLVIII.
1690 4840 1693 4845 ἡ
2188 4798 2235 4854 D
2259 4767 2452 4823 usibus
2522 4764 2781 4827 omnibus
2822 4762 3130 4834 profutura.
3174 4760 3427 4817 Decimae
3485 4767 3772 4828 praiterea,
3795 4762 3842 4807 et

562 4871 865 4951 Aleeandri
936 4896 1086 4951 papa:
1122 4878 1209 4951 II,
1245 4880 1608 4951 _privilegium
1663 4893 1758 4951 pro
1825 4875 2122 4941 monauen't

2234 4858 2532 4929 primitias
2554 4858 2804 4912 laborum
2837 4864 3168 4921 vestrorum,
3198 4863 3256 4908 et
3297 4851 3610 4909 districtum
3657 4862 3840 4904 servo-

644 4949 703 5006 S.
739 4939 1037 5006 Saluatoris
1063 4960 1114 5005 et
1144 4939 1205 5005 S.
1228 4939 1395 5005 Julia:
1430 4939 1745 5003 B'rixiens'is.
2258 4966 2403 5017 rum,
2443 4958 2499 5004 et
2544 4948 2917 5005 laboratorum
2955 4947 3022 5002 ad
3050 4954 3295 5002 vestrum
3327 4942 3644 5001 emnobium
3677 4939 3838 5011 perti-

2258 5040 2528 5106 nentium,
2575 5039 2985 5097 conﬁrmamus.
3013 5037 3156 5093 Sane
3204 5035 3481 5092 abbatissa
3521 5032 3697 5104 ipsius
3744 5030 3840 5086 loci

2260 5131 2539 5187 licentiam
2576 5132 2774 5189 habeat
2819 5131 2889 5186 ad
2936 5130 3202 5187 honorem
3250 5126 3351 5182 Dei
3401 5125 3666 5187 ecclesias
3710 5137 3839 5179 con-

2262 5221 2530 5287 struendi,
2573 5229 2896 5286 mercatum,
2916 5228 2972 5274 et
3004 5219 3224 5275 castella
3255 5218 3315 5273 in
3356 5216 3519 5273 terris
3551 5216 3621 5271 ad
3656 5212 3841 5284 praefa-

2268 5324 2321 5340 ..ι
2332 5329 2380 5340 an
2407 5322 2618 5340 nunnnn.

1000 5087 1181 5156 (Anno
1203 5086 1362 5152 1065,
1387 5085 1587 5155 Aprilis
1617 5084 1731 5154 I9.)

574 5193 908 5266 [MARGMHNI
939 5195 1245 5250 Bullarium
1290 5196 1593 5266 Catinense,
1636 5203 1772 5266 tom.
1802 5193 1876 5261 II,
1907 5211 2027 5266 pag.
2066 5196 2155 5263 98,

721 5211 908 5251 .GMHNI
939 5211 1245 5250 uuuarmm
1290 5211 1593 5259 uasmense,
1636 5211 1772 5249 tom.
1805 5211 1876 5261 ιι,
1907 5212 1971 5264 pa

721 5280 787 5319 ex
835 5267 1079 5323 archivio
1106 5275 1349 5322 amonast.
1391 5266 1448 5320 S.
1476 5265 1635 5320 Iuliae
1668 5211 2015 5337 Brixieusisﬁ

2626 5313 2794 5340 ηηέ-..νι
2849 5310 3242 5340 ..Λ-ιιζ-σηι-ηηυεο
3294 5308 3607 5340 "hianna-In
3663 5305 3839 5340 νΛΙιιΩι.
