4022 5340
241 318 263 370 1
276 317 372 373 421

1400 305 1761 364 EPISTOLA‘J
1803 304 1890 360 ΕΤ
1931 302 2342 360 DIPLOMATA.

3318 266 3516 346 ‘itas

241 432 352 488 silii
394 421 653 497 sanioris,
678 429 980 484 secundum
1010 425 1104 481 Dei
1140 426 1395 480 timorem
1452 431 1507 479 et
1555 423 1698 478 beati
1721 421 1824 476 Be-
1853 421 1900 478 Α
1927 434 2072 473 mus.
2100 416 2171 473 Ut
2197 425 2420 472 senator
2444 412 2748 478 constituit,
2767 410 3173 478 multorumque
3199 415 3517 462 nostrorum

239 522 437 577 nedicti
493 521 740 592 regulam
790 518 1074 590 elegerint.
1098 517 1350 572 Chrisma
1373 530 1614 585 quoque,
1643 514 1825 568 oleum

239 621 489 668 sanctum
507 611 941 668 consecrationis
973 610 1228 665 altarium
1272 617 1437 678 atque
1470 607 1826 662 basilicarum

236 704 598 759 brdinationis
619 703 930 767 abbatissae,
957 702 1043 755 vel
1073 701 1471 755 monachorum
1511 698 1628 753 sive
1667 696 1828 752 cleri-

237 812 449 862 corum,
474 795 570 866 qui
596 796 664 850 ad
712 809 900 850 sacros
948 791 1152 848 fuerint
1175 791 1397 846 ordines
1448 789 1826 862 promovendi,

237 903 334 942 seu
366 887 630 958 quidquid
657 885 725 941 ad
755 902 975 943 sacrum
1010 885 1332 956 mysterium
1364 883 1618 954 pertinet,
1642 898 1672 937 a
1705 883 1828 952 qui-

235 977 562 1048 buscunque
588 978 875 1033 catholicis
901 977 1226 1048 przesulibus
1248 975 1508 1030 malueris
1531 974 1826 1046 postulare,

235 1070 402 1139 gratis
414 1069 786 1136 concedimus,
800 1077 853 1122 et
873 1068 1079 1139 absque
1089 1067 1510 1138 reprehensione
1521 1065 1826 1133 tribuenda,

234 1161 376 1215 sicut
395 1160 727 1232 Anselperga
748 1160 921 1231 prima
945 1160 1220 1215 abbatissa
1247 1159 1492 1229 ejusdem
1511 1157 1830 1214 monasterii

233 1267 264 1306 a
293 1251 466 1306 Paulo
497 1252 669 1307 beata:
717 1252 997 1307 memoriae
1019 1250 1335 1322 apostolicae
1380 1250 1525 1305 sedis
1549 1249 1826 1319 pontifice,

233 1359 332 1412 pro
351 1343 642 1414 fragilitate
676 1341 895 1398 feminei
943 1360 1107 1410 exus,
1137 1342 1391 1397 obtinuit.
1434 1341 1491 1395 Si
1523 1357 1628 1412 qua
1666 1342 1829 1412 igitur

233 1434 288 1490 in
345 1435 590 1490 futurum
626 1435 994 1491 ecclesiastica
1022 1434 1368 1491 saecularisve
1425 1448 1684 1504 persona,
1732 1440 1815 1487 te-

233 1527 472 1582 merario
499 1543 662 1593 ausu,
698 1526 846 1598 quod
895 1543 1004 1581 non
1038 1534 1316 1597 optamus,
1347 1535 1541 1580 contra
1580 1525 1686 1578 hoc
1723 1538 1828 1577 no-

232 1626 408 1676 strum
433 1619 776 1690 privilegium
793 1627 996 1688 temere
1019 1620 1204 1674 venire
1252 1619 1561 1683 tentaverit,
1588 1617 1829 1672 secundo

232 1710 458 1765 tertiove
469 1711 873 1778 commonita,si
887 1727 993 1764 non
1010 1708 1382 1766 satisfactione
1395 1725 1636 1778 congrua
1647 1724 1828 1762 emen-

231 1803 460 1867 daverit,
488 1802 795 1872 potestatis,
822 1801 1160 1872 honorisque
1209 1800 1295 1856 sui
1323 1800 1586 1872 dignitate
1615 1809 1820 1867 careat,

232 1909 494 1964 reamque
516 1909 575 1949 se
601 1894 786 1948 divino
803 1893 1010 1963 judicio
1032 1894 1264 1948 existere
1292 1893 1360 1948 de
1383 1894 1678 1948 commissa
1713 1892 1822 1946 ini-

230 1987 438 2056 quitate
472 1995 786 2057 cognoscat,
808 1996 1024 2057 atquea
1066 1986 1443 2041 sacratissimo
1482 1984 1580 2041 Dei
1622 1994 1677 2041 et
1718 1985 1820 2040 Do-

231 2078 366 2132 mini
391 2078 748 2148 redemptoris
786 2078 956 2133 nostri
981 2077 1109 2133 Jesu
1125 2077 1330 2134 Christi
1355 2093 1586 2148 corpore
1613 2087 1668 2132 et
1695 2094 1824 2133 san-

232 2169 394 2240 guine
435 2169 609 2224 aliena
651 2169 764 2236 ﬁat,
788 2185 852 2224 ac
906 2170 958 2224 in
997 2179 1242 2225 extremo
1282 2161 1533 2224 examine
1562 2169 1824 2224 districta:

234 2261 428 2316 ultioni
481 2261 780 2331 subjaceat.
818 2261 1043 2317 Cunctis
1095 2271 1279 2316 autem
1330 2261 1504 2316 eidem
1552 2261 1674 2316 loco
1697 2261 1824 2330 jura

231 2368 330 2407 sua
355 2353 700 2408 servantibus
727 2354 796 2408 sit
829 2370 933 2423 pax
973 2352 1189 2407 Domini
1227 2351 1402 2407 nostri
1444 2350 1573 2408 Jesu
1595 2353 1821 2421 Christi,

230 2453 502 2514 quatenus
533 2453 588 2499 et
627 2445 717 2499 hic
741 2444 980 2504 fructum
1035 2446 1193 2499 bonae
1239 2443 1471 2498 actionis
1496 2444 1820 2514 percipiant,

230 2543 284 2587 et
302 2535 446 2604 apud
467 2536 773 2591 districtum
795 2535 1040 2591 Judicem
1057 2536 1278 2607 praemia
1299 2544 1514 2590 mternze
1547 2536 1697 2608 pacis
1737 2537 1820 2590 in-

230 2626 472 2680 veniant.
499 2627 692 2682 Amen.

303 2717 578 2788 Scriptum
608 2735 704 2789 per
747 2735 972 2774 manum
1004 2720 1222 2775 Antonii
1263 2721 1556 2792 regionarii
1599 2721 1819 2788 notarii,

229 2818 285 2863 et
319 2810 595 2865 scriniarii
637 2820 839 2867 sancta:
891 2810 1153 2867 Romana:
1196 2811 1476 2880 Ecclesia,
1525 2814 1822 2869 indictione

228 2900 426 2970 prima.

301 2990 498 3046 Datum
531 3009 629 3046 xm
653 2992 772 3048 Kal.
808 2993 952 3061 Maii,
985 3011 1080 3065 per
1097 3010 1318 3048 manum
1335 2993 1563 3050 Joannis
1579 2995 1820 3066 episc0pi

227 3092 434 3139 sanctae
465 3085 793 3142 Albanensis
817 3085 1072 3142 Ecclesiae
1098 3096 1150 3141 et
1185 3085 1583 3142 bibliothecarii
1619 3099 1820 3144 sanctae
1847 3105 1888 3162 ο

230 3173 491 3231 Romanae
513 3176 788 3245 Ecclesim,
817 3194 962 3233 anno
991 3177 1213 3233 Domini
1243 3179 1418 3234 nostri
1446 3178 1577 3234 Jesu
1613 3179 1818 3234 Christi

228 3267 390 3335 1075,
419 3284 566 3322 anno
615 3285 746 3324 vero
789 3270 1138 3340 pontificatus
1168 3270 1355 3326 domni
1383 3269 1488 3325 PP.
1526 3270 1817 3326 Alexandri

229 3358 474 3415 Junioris
501 3377 581 3428 ιιι,
621 3361 917 3417 indictione
951 3363 1144 3432 prima.

907 3496 1112 3552 CXLIX
1125 3538 1138 3550 .

224 3608 790 3687 Alexandrilfbulla‘
809 3614 1209 3687 conﬁrmatoria
1236 3617 1470 3668 omnium
1519 3615 1818 3687 privilegio-

296 3697 414 3758 rum
441 3682 719 3758 etAjurium
750 3685 1059 3758 monasterii
1093 3701 1373 3758 sa_crarum_
1408 3682 1672 3758 virginum
1709 3682 1814 3741 ’Τί-

295 3753 615 3819 ‹τὶιιεηδίιιηι,
642 3754 782 3824 quod
805 3754 1105 3824 appellatur
1129 3753 1422 3810 Seuatoris.

829 3867 1214 3938 (AnnoiOGlJ

497 3956 837 4028 [Munuom,
866 3960 1048 4030 Antiq.
1089 3958 1245 4024 Itat.,
1279 3959 1343 4025 Υ,
1377 3959 1534 4033 995.]

299 4068 355 4123 ln
389 4070 611 4124 nomine
636 4079 903 4127 sanctaeet
929 4072 1219 4128 individua:
1241 4073 1547 4144 Trinitatis,
1563 4076 1814 4133 Arnuu-

223 4175 328 4213 υειι
359 4161 685 4217 universalis
717 4179 874 4234 papa.
925 4163 1196 4231 Quoniam
1246 4167 1515 4222 universm
1558 4168 1815 4226 Ecclesiae

223 4259 339 4305 toto
371 4252 507 4307 orbe
532 4253 741 4308 diffusa
767 4256 1031 4322 studium,
1058 4273 1248 4311 curam
1277 4273 1340 4312 ac
1367 4260 1607 4328 regimen
1628 4261 1811 4317 divina

222 4342 584 4412 dispositione
605 4345 763 4400 nobis
789 4347 1120 4413 habendum,
1141 4349 1243 4401 etsi
1265 4349 1508 4415 indigno,
1552 4353 1811 4407 commis-

1928 509 2392 580 praedecessorum
2415 513 2468 559 et
2492 519 2686 576 regum
2712 501 3038 556 auctoritate
3081 499 3360 554 firmatum
3407 507 3514 565 est,

1927 599 2075 652 nulla
2107 598 2385 654 abbatissa
2407 596 2516 650 illic
2535 595 2837 658 ordinetur,
2875 592 2983 647 nisi
3009 606 3175 660 quam
3214 589 3516 645 secundum

1929 689 2173 760 regulam
2197 689 2340 744 beati
2360 685 2637 742 Benedicti
2665 683 2920 738 universa
2945 697 3012 736 ex
3051 680 3240 735 eadem
3284 695 3517 751 congre-

1929 781 2147 851 gatione
2171 779 2520 850 congregatio
2551 776 2793 848 elegerit.
2823 774 2889 829 Et
2931 791 3040 840 res,
3101 789 3240 844 quas
3294 780 3517 828 senator

1929 886 2028 942 pro
2055 870 2304 924 mercede
2328 871 2524 925 animze
2547 885 2660 923 suae
2677 868 2749 922 ad
2770 867 3025 922 alendum
3051 864 3516 933 sanctimoniales,

1927 963 2012 1017 vel
2050 963 2313 1032 quidquid
2351 962 2425 1016 ibi
2468 962 2751 1017 monachae
2789 960 3054 1014 ordinatae
3104 960 3514 1030 acquisiverint,

1927 1053 2014 1108 vel
2045 1052 2142 1107 Dei
2163 1051 2536 1108 misericordia
2564 1052 2847 1123 acquirere
2869 1058 3188 1121 potuerunt,
3225 1059 3286 1104 ut
3312 1049 3516 1104 multo-

1927 1161 2052 1200 rum
2084 1160 2271 1214 regum
2299 1143 2586 1214 prmceptis
2619 1150 2885 1199 statutum
2903 1150 3006 1207 est,
3033 1149 3222 1196 nostra
3264 1141 3517 1206 tuitione,

1927 1237 2267 1305 protectione
2302 1244 2466 1305 atque
2505 1250 2658 1300 cura,
2697 1233 2848 1288 omni
2883 1233 3153 1298 molestia,
3205 1233 3522 1302 apostolica)

1929 1327 2074 1382 sedis
2107 1328 2451 1393 auctoritate,
2479 1325 2751 1380 immunes
2772 1311 3101 1380 conservare
3121 1323 3515 1394 disposuimus,

1930 1427 1991 1472 ut
2020 1433 2120 1472 nec
2147 1417 2453 1473 Ticinensis
2489 1432 2728 1487 praesens
2757 1415 3074 1485 episcopus,
3099 1424 3198 1469 aut
3231 1414 3323 1484 qui
3356 1414 3520 1468 ἰιιιιιι-Δ

1929 1517 2015 1564 tea
2043 1509 2162 1579 ejus
2183 1511 2300 1564 vice
2326 1509 2611 1564 ordinatus
2626 1507 2810 1572 fuerit,
2832 1507 3069 1577 aliquam
3097 1506 3404 1561 molestiam
3429 1506 3516 1559 in-

1931 1600 2088 1667 ferat,
2115 1617 2216 1656 nec
2243 1602 2411 1656 ullum
2440 1600 2766 1665 dominium,
2802 1614 2904 1653 nec
2933 1598 3172 1668 aliquam
3213 1597 3516 1667 subjectio-

1929 1708 2056 1746 nem
2087 1693 2211 1748 inde
2242 1693 2457 1759 habeat,
2491 1708 2591 1747 nec
2628 1692 2793 1746 etiam
2828 1690 3137 1745 celebrandi
3171 1689 3356 1760 aliqua
3400 1689 3519 1744 olli-

1927 1785 2010 1840 cia
2041 1784 2184 1839 intra
2211 1793 2461 1839 teneatur
2481 1783 2904 1849 monasterium,
2938 1782 3046 1837 nisi
3080 1797 3247 1838 causa
3296 1781 3517 1838 concilii

1926 1877 2009 1931 vel
2035 1877 2489 1943 consecrationis,
2523 1892 2648 1931 cum
2681 1875 2942 1931 invitatus
2965 1873 3146 1930 fuerit.
3187 1873 3255 1929 Et
3280 1875 3326 1930 si
3367 1874 3519 1931 Tiei~

1926 1968 2114 2024 nensis
2145 1984 2388 2038 praesens
2426 1969 2737 2038 episcopus,
2774 1977 2867 2021 aut
2889 1968 3088 2038 aliquis
3115 1983 3182 2023 ex
3225 1982 3517 2023 successo-

1925 2059 2080 2114 ribus
2107 2060 2223 2114 suis
2246 2075 2412 2114 causa
2440 2076 2553 2115 sua:
2577 2058 2922 2114 auctoritatis
2946 2060 3031 2114 vel
3053 2060 3332 2128 potentias,
3360 2059 3520 2112 aliter

1925 2151 2216 2221 disponere
2244 2150 2329 2205 vel
2356 2150 2611 2205 ordinare
2633 2150 2887 2217 voluerit,
2923 2150 3106 2205 statim
3124 2148 3517 2204 monasterium

1924 2258 2022 2314 per
2066 2243 2304 2298 debitam
2342 2243 2705 2299 obedientiam
2758 2251 2962 2297 nostrae
3014 2242 3209 2296 ditioni
3255 2241 3516 2300 dimittat.

1925 2335 2051 2405 quia
2080 2351 2182 2390 nec
2217 2350 2339 2402 nos,
2365 2351 2466 2390 nec
2491 2335 2690 2406 aliquis
2721 2335 2878 2390 aliter
2915 2351 3082 2406 quam
3118 2343 3339 2390 senator
3359 2335 3518 2388 bona;

1925 2427 2224 2493 memoria},
2254 2443 2379 2483 eum
2408 2427 2518 2482 Deo
2543 2429 2879 2484 constituere
2905 2427 3254 2484 valemus.Et
3280 2444 3366 2483 res
3384 2443 3515 2482 suas

1925 2516 1981 2572 in
2007 2515 2334 2573 Dertonensi
2359 2519 2674 2589 episcopatu
2700 2520 2931 2590 positas,
2956 2520 3024 2575 ad
3053 2520 3343 2574 utilitatem
3364 2533 3517 2573 soro-

1927 2625 2076 2674 rum,
2110 2608 2362 2664 videlicet
2399 2609 2655 2680 Viqueria
2682 2626 2807 2665 cum
2832 2611 3038 2681 capella
3083 2609 3270 2664 Sancti
3297 2607 3513 2673 Hilarii,

1925 2701 2187 2756 cassellas
2219 2710 2275 2756 et
2298 2700 2712 2757 Fauratundum
2735 2718 2860 2758 cum
2883 2703 3106 2772 capellis
3132 2700 3347 2755 Sanctae
3371 2699 3516 2754 Mar-

1924 2793 2131 2863 garitze,
2160 2809 2286 2848 cum
2317 2792 2624 2864 integritate
2647 2794 2734 2849 sui
2762 2793 2990 2848 honoris
3036 2793 3153 2848 sine
3203 2789 3353 2844 omni
3388 2805 3512 2844 mo-

1922 2883 2080 2939 lestia
2097 2892 2335 2940 teneant.
2371 2884 2429 2938 in
2458 2884 2740 2940 Parmensi
2767 2884 3039 2940 territorio
3064 2883 3262 2937 Ilivum
3283 2881 3513 2952 Nigzum

1921 2985 1976 3031 et
2006 2974 2372 3033 Costi'cellam.
2401 2976 2462 3032 In
2493 2977 2794 3034 Veronensi
2824 2977 3140 3048 episc0patu
3161 2984 3368 3030 curtem
3397 2972 3509 3027 Co-

1923 3068 2061 3125 dena
2083 3079 2136 3126 et
2154 3069 2507 3137 Ambariana,
2539 3079 2595 3125 et
2621 3078 2846 3136 terram,
2897 3083 3021 3139 qua:
3055 3065 3259 3121 Career
3323 3064 3510 3134 appel-

1922 3161 2092 3229 latur;
2122 3171 2176 3217 et
2212 3171 2434 3228 terram,
2459 3177 2582 3232 quae
2604 3162 2673 3217 ad
2702 3161 3035 3231 Area-rupta
3058 3159 3292 3224 dicitur;
3321 3167 3374 3211 ct
3402 3165 3510 3210 ter-

1920 3268 2060 3320 ram,
2092 3269 2215 3323 quae
2249 3261 2334 3309 est
2367 3255 2434 3309 ad
2460 3253 2689 3310 Pontem
2711 3253 2868 3325 juxta
2894 3262 3110 3324 portam
3155 3250 3412 3306 civitatis.
3445 3247 3504 3303 In

1919 3342 2178 3398 Brixiano
2207 3345 2524 3415 episcopatu
2548 3347 2734 3400 fictum
2749 3345 2872 3410 olei,
2891 3354 2944 3398 et
2955 3354 3177 3410 terram,
3197 3360 3319 3413 quae
3337 3342 3510 3396 Acar-

1919 3432 2084 3488 ferria
2103 3433 2321 3490 dicitur.
2354 3433 2414 3488 in
2450 3434 2724 3491 Laudensi
2760 3436 3081 3506 episcopatu
3137 3435 3323 3488 villam
3373 3433 3507 3487 Pul-

1917 3526 2232 3597 pignianam
2259 3543 2382 3582 cum
2413 3527 2619 3598 capella
2644 3526 2832 3582 Sancti
2857 3525 3158 3592 Michaelis,
3187 3533 3241 3580 et
3265 3525 3514 3595 Crispia-

1917 3628 2040 3673 uem
2061 3633 2187 3673 cum
2214 3617 2400 3674 Sancti
2433 3620 2681 3686 Andrem,
2705 3627 2759 3674 et
2783 3628 3003 3685 terram,
3046 3634 3168 3688 quae
3199 3619 3265 3672 ad
3306 3616 3512 3672 Becca-

1918 3709 2119 3764 nellum
2149 3720 2202 3765 et
2235 3710 2537 3781 Bagnolum
2560 3712 2808 3765 habetur.
2839 3709 2896 3765 In
2918 3710 3238 3765 Placentino
3287 3709 3505 3779 episco-

1917 3809 2046 3870 patu
2081 3803 2379 3858 Sarmitum
2405 3819 2529 3859 cum
2560 3804 2767 3874 capella
2795 3811 2996 3859 sanctae
3025 3802 3211 3858 Maria:
3236 3810 3290 3857 et
3305 3811 3502 3868 terras,

1915 3909 2038 3964 quae
2056 3910 2177 3950 esse
2205 3897 2274 3950 ad
2302 3895 2662 3954 Cantuariam
2703 3896 2989 3963 dicuntur;
3029 3904 3084 3952 et
3121 3909 3344 3950 mansos
3393 3902 3509 3949 tres

1915 3985 1984 4040 ad
2015 3984 2275 4042 Sanctum
2311 3987 2624 4060 Georgium.
2652 3987 2713 4042 In
2736 3988 2984 4043 Cumano
3022 3987 3340 4058 episcopatu
3387 3994 3502 4063 ter-

1915 4095 2035 4134 ram
2055 4081 2221 4136 etiam
2254 4098 2380 4138 cum
2417 4092 2577 4154 portu
2601 4092 2656 4139 et
2677 4093 2887 4139 curtem
2942 4099 3065 4154 quae
3085 4091 3170 4138 est
3203 4098 3367 4152 supra
3415 4081 3496 4137 la-

1914 4191 2040 4231 cum
2070 4175 2399 4243 Cumanum,
2431 4195 2559 4234 cum
2605 4180 2752 4234 omni
2804 4195 2902 4233 sua
2926 4179 3257 4249 integritate,
3310 4179 3498 4236 villam

1915 4267 2092 4324 Nessii
2119 4270 2176 4323 in
2204 4272 2343 4324 valle
2359 4270 2652 4325 Volterinaa
2671 4312 2685 4337 ,
2715 4287 2841 4326 cum
2868 4270 3100 4325 ecclesia
3127 4279 3328 4324 sancta:
3347 4269 3496 4344 Aga-

1914 4361 2022 4414 thxe
2049 4360 2116 4415 de
2141 4359 2343 4427 Vcdeo,
2371 4377 2496 4416 cum
2520 4363 2774 4432 piscaria,
2807 4371 2862 4416 et
2889 4378 3014 4416 cum
3047 4370 3232 4416 monte
3281 4362 3347 4416 de
3386 4361 3490 4418 Ve-

223 4448 346 4488 διυη
381 4436 617 4503 Videtur,
649 4453 749 4507 ιπο
771 4439 952 4508 (ιυίοιο
972 4448 1026 4493 ei
1050 4455 1182 4509 P303
1209 4438 1576 4495 Εοειθείπυῐη
1609 4442 1663 4495 in
1711 4443 1807 4499 Dei
1841 4439 1886 4494 Ι)
1912 4459 2121 4518 terano,
2161 4459 2216 4507 et
2244 4453 2365 4508 aliis
2398 4453 2662 4520 ecclesiis,
2716 4453 2920 4508 scilicet
2964 4452 3164 4508 Sancta
3207 4452 3375 4508 Maria
3428 4456 3497 4511 de

221 4529 543 4597 peragendis
575 4530 848 4596 laudibus,
871 4539 926 4585 et
951 4539 1197 4586 nostrum
1220 4532 1458 4586 ollicium
1496 4536 1804 4604 peragenda

221 4620 719 4688 congauderemus,
765 4636 1066 4692 earumque
1111 4622 1450 4678 calamitates
1515 4634 1568 4678 et
1618 4627 1804 4694 lapsus

222 4709 372 4762 omni
401 4713 688 4766 conamine
737 4715 1035 4784 suppositis
1070 4714 1313 4769 humeris
1368 4716 1801 4786 sublevaremus,

221 4800 408 4855 solerti
434 4803 616 4858 studio
639 4818 845 4875 regere,
879 4807 1202 4876 gubernare,
1236 4807 1377 4860 tueri
1414 4816 1578 4878 atque
1611 4809 1800 4865 defen-

220 4890 349 4947 dere
375 4908 490 4959 eas,
517 4897 845 4966 competenti
870 4897 1054 4954 labore
1078 4899 1420 4953 incessanter
1466 4909 1655 4956 nostra
1701 4917 1801 4970 pa-

223 4990 372 5038 terna
394 4994 642 5056 satagere
662 4987 818 5044 debet
838 5004 989 5054 cura,
1029 4999 1322 5062 quatenus,
1373 4989 1468 5045 Dei
1501 4994 1804 5062 opitulante

1913 4541 2339 4616 Massemanego,
2368 4554 2422 4600 et
2449 4543 2682 4601 Sanctus
2709 4545 2978 4611 Julianus,
3003 4545 3097 4615 qui
3116 4553 3201 4600 est
3223 4545 3278 4599 in
3311 4559 3498 4604 monte

1912 4635 1980 4688 de
2006 4633 2435 4709 Massemanego,
2459 4644 2512 4692 et
2547 4635 2783 4693 Sanctus
2817 4636 3094 4705 Quiricus,
3124 4639 3219 4708 qui
3239 4648 3324 4694 est
3343 4640 3502 4709 juxta

1912 4726 2067 4780 illum
2097 4736 2361 4794 montem,
2399 4738 2452 4784 et
2485 4728 2717 4784 confinis
2755 4730 2985 4785 istarum
3019 4730 3379 4788 ecclesiarum
3414 4742 3504 4787 est

1913 4833 1945 4871 a
1975 4833 2136 4873 mane
2159 4820 2331 4877 curtis
2359 4821 2426 4876 de
2474 4820 2692 4875 Rubino
2719 4821 2773 4876 in
2817 4831 3002 4878 monte
3035 4830 3090 4878 et
3144 4822 3199 4875 in
3226 4823 3392 4892 plano
3416 4833 3502 4878 est

1910 4910 2200 4980 episcopus
2225 4911 2294 4968 de
2322 4909 2530 4978 Laude,
2559 4920 2613 4966 et
2633 4929 2664 4967 a
2693 4927 2816 4969 sero
2837 4913 2903 4969 de
2947 4914 3218 4985 Coregho,
3279 4924 3340 4971 et
3385 4917 3508 4970 istae

1912 5010 2069 5056 terrae
2091 5002 2321 5058 istarum
2345 5004 2702 5062 ecclesiarum
2730 4997 2984 5062 tenentur
3016 5006 3087 5060 ab
3100 5003 3376 5067 omnibus
3393 5023 3514 5079 par-

221 5072 525 5138 clementia,
551 5093 581 5131 a
605 5077 856 5180 luporum
871 5077 1151 5147 faucibus,
1187 5088 1394 5149 Quanto
1415 5080 1538 5150 plus
1562 5084 1800 5153 aliquam
1907 5093 2053 5148 tibus
2083 5109 2258 5164 usque
2289 5095 2345 5149 in
2372 5098 2592 5160 culmis,
2628 5104 2736 5149 et'a
2780 5096 2929 5150 nullo
2972 5097 3107 5150 hora
3159 5101 3376 5158 tenent
3397 5072 3523 5167 per

224 5172 533 5190 unuﬁga—aom
574 5172 690 5190 ---!--
705 5187 742 5190 Α-
775 5187 797 5190 ς
811 5185 825 5190 -
839 5185 866 5190 _
881 5183 956 5190 -..Δ
