4022 5340
549 305 688 362 “‘33

1817 313 2212 370 ALEXANDRI
2251 313 2293 369 ll
2331 309 2532 369 ΡΑΡᾹΞ

3674 310 3816 367 “2‘

546 435 874 492 quocunque
901 423 1026 479 velit
1050 423 1148 492 ire,
1181 433 1234 481 et
1259 425 1458 482 flumen
1479 427 1647 484 Cusin
1696 444 1821 483 eum
1863 429 2116 499 piscaria.
2151 433 2196 488 Α
2220 438 2324 496 est,
2347 429 2413 484 ad
2447 427 2777 499 agnitionem
2801 423 3214 498 omnigenarum
3235 424 3545 497 linguarum
3572 426 3682 482 hoc
3707 429 3812 482 sub

544 510 607 568 In
627 511 951 571 Taurinensi
985 518 1260 573 territorio
1290 527 1488 574 terram
1520 520 1586 575 de
1619 517 1849 591 Vanglo,
1897 529 1952 575 et
2000 535 2122 590 quin

545 603 602 658 in
633 601 977 662 Sanctadona
1006 609 1291 664 habentur.
1329 609 1387 666 In
1410 611 1732 666 monarchia
1771 612 1950 667 adhuc
1972 612 2121 683 regia

543 696 733 767 viginti
763 699 1004 769 quinque
1033 715 1256 757 mansos
1283 718 1407 758 cum
1435 703 1638 772 capella
1666 703 1851 758 Sancti
1869 702 2115 758 Joannis.

545 785 603 842 In
637 787 908 845 Tieinensi
939 791 1201 848 suhurhio
1242 794 1540 851 aecclesiam
1599 793 1786 850 Sancti
1825 794 2042 866 Georgii
2066 803 2121 850 et

545 876 731 936 Sancti
757 881 998 950 Patricii,
1015 884 1068 938 in
1091 883 1349 942 Bone-alia
1373 894 1486 943 tres
1514 885 1851 943 Massaritias
1875 902 1942 942 ex
1965 899 2120 956 parte

544 967 730 1042 Regia.
762 971 822 1027 ln
863 972 1008 1029 Pado
1059 977 1310 1045 piscaria,
1353 995 1478 1048 quae
1525 979 1724 1034 dicitur
1764 977 2114 1033 Collateralii.

539 1057 640 1116 Vel
663 1065 925 1136 quidquid
964 1067 1160 1124 habere
1207 1069 1460 1124 videntur
1503 1079 1613 1125 tam
1657 1071 1802 1125 intra
1843 1070 2117 1126 civitatem

536 1149 1037 1228 Papiae,qnamqne
1085 1167 1140 1214 ct
1181 1159 1334 1226 foris,
1375 1161 1458 1216 vel
1517 1162 1825 1232 ubicunque
1855 1178 1952 1232 per
1997 1162 2117 1216 lora

540 1243 683 1299 infra
708 1245 955 1304 Italicum
977 1266 1202 1320 regnum
1231 1253 1447 1316 habent,
1462 1253 1568 1321 vel,
1585 1252 1692 1308 Deo
1716 1261 2009 1318 annuente,
2023 1253 2117 1322 ju-

539 1341 621 1389 ste
643 1339 930 1407 acquirere
957 1343 1254 1411 potuerint,
1287 1345 1438 1398 omni
1458 1355 1667 1400 remota
1696 1346 1964 1412 molsstia,
1989 1359 2114 1400 cum

537 1428 848 1502 integritate
875 1435 958 1489 sui
988 1436 1212 1492 honoris
1237 1446 1455 1495 teneant
1475 1449 1638 1512 atque
1655 1441 1990 1510 possideant,
2017 1456 2118 1496 nec

536 1521 646 1576 nlla
675 1539 868 1595 magna
895 1527 979 1581 vel
1009 1539 1174 1598 parva
1202 1543 1435 1599 persona
1459 1547 1552 1587 eas
1579 1533 1868 1587 molestare
1909 1547 2116 1602 praesu-

536 1621 668 1667 mat.
705 1613 761 1668 Si
789 1616 913 1686 quis
941 1617 1106 1687 hujus
1127 1629 1328 1677 nostrze
1353 1621 1715 1679 institutionis
1735 1621 1988 1695 paginam
2017 1622 2116 1676 ali-

535 1719 646 1772 quo
695 1705 914 1776 ingenio
959 1709 1166 1766 violare
1197 1714 1637 1786 praesumpserit,
1689 1730 1753 1770 ex
1804 1723 1958 1790 parte
2016 1711 2112 1768 Dei

535 1795 926 1866 omnipotentis
953 1808 1006 1854 et
1035 1802 1206 1859 beata:
1224 1803 1462 1876 Virginis
1483 1806 1686 1873 Mariae,
1715 1815 1770 1862 et
1797 1815 2112 1862 sanctorum

534 1889 904 1956 apostolorum
926 1889 1074 1948 Petri
1107 1903 1162 1950 et
1197 1894 1372 1964 Pauli,
1401 1906 1456 1954 et
1503 1900 1746 1954 omnium
1795 1906 2110 1954 sanctorum

534 1993 636 2033 nec
665 1995 774 2036 non
810 1991 864 2038 et
892 1987 1202 2055 apostolicae
1225 1989 1370 2062 sedis
1393 1997 1448 2045 et
1475 2000 1684 2057 nostra,
1709 1991 1847 2047 sciat
1872 2006 1930 2045 sc
1976 2004 2112 2046 ana-

532 2071 790 2129 thematis
846 2075 1064 2132 vinculo
1102 2079 1380 2152 alligatum
1421 2097 1562 2150 esse,
1597 2091 1760 2154 atque
1803 2099 1928 2138 cum
1973 2081 2112 2138 Juda

531 2164 809 2232 proditore
836 2175 890 2222 et
936 2183 1060 2224 cum
1085 2173 1340 2228 omnibus
1367 2174 1635 2244 reprohis.
1667 2174 1773 2230 nisi
1800 2175 2108 2246 resipuerit,

533 2253 587 2308 in
613 2254 796 2311 futuro
825 2257 1032 2328 judicio
1058 2268 1183 2316 ante
1208 2263 1444 2320 tribunal
1473 2263 1691 2320 Domini
1713 2265 2111 2321 maledictionis

532 2349 854 2404 sententiam
878 2352 1158 2423 percipiat,
1185 2363 1238 2410 et
1258 2370 1435 2424 poena:
1447 2357 1669 2412 nomine
1695 2365 1914 2413 centum
1941 2357 2110 2414 libras

531 2437 650 2491 auri
676 2449 989 2520 componat,
1016 2444 1360 2500 medietatem
1382 2461 1536 2516 papae
1579 2447 1894 2518 apostolicae
1940 2448 2108 2514 sedis,

528 2539 583 2583 et
612 2529 954 2588 medietatem
975 2535 1369 2602 monachabus,
1396 2551 1518 2608 quae
1547 2538 1682 2594 inibi
1703 2538 1967 2593 ordinatae
1992 2537 2110 2593 fue-

527 2618 658 2676 rint.
691 2621 806 2678 ﬂoc
847 2640 978 2681 vero
1014 2634 1076 2681 ut
1141 2626 1410 2684 habeatur
1447 2628 1680 2698 ﬁrmius,
1728 2646 1832 2687 nos
1889 2631 2107 2702 propria

529 2730 694 2773 manu
718 2721 905 2776 subter
928 2723 1288 2793 ﬁrmavimus,
1313 2741 1379 2782 ac
1407 2731 1583 2783 nostri
1633 2727 1795 2799 sigilli
1827 2730 2108 2784 notatione

528 2811 778 2884 insigniri
808 2815 1056 2876 fecimus.

597 2903 712 2974 Ego
731 2905 1053 2977 Alexander,
1085 2911 1310 2968 humilis
1339 2912 1654 2982 apostolica:
1699 2913 1844 2969 sedis
1889 2913 2106 2984 episco-

526 3011 650 3066 pus,
682 2997 788 3054 hoc
809 3000 1150 3073 privilegium
1178 3003 1351 3059 beatas
1372 3001 1558 3060 Mariae
1579 3011 1633 3059 et
1659 3004 1804 3060 beati
1824 3005 2106 3062 Aureliani

529 3105 695 3143 manu
732 3091 951 3160 propria
977 3092 1318 3149 conﬁrmavi.

600 3178 873 3251 Scriptum
899 3198 996 3252 per
1014 3199 1213 3242 manus
1236 3183 1463 3244 Joannis
1487 3187 1771 3260 scriptoris
1796 3187 1956 3244 dicta:
1987 3186 2102 3244 Ro-

527 3286 704 3328 mana:
725 3273 998 3332 Ecclesiae.

597 3363 990 3424 Conﬁrmatum
1015 3385 1112 3440 per
1129 3359 1334 3428 manus
1359 3371 1606 3446 Gregorii
1627 3374 1870 3447 episcopi
1897 3382 1952 3432 et
1979 3391 2105 3432 car-

525 3457 724 3514 dinalis
754 3469 956 3518 sanctae
988 3463 1304 3534 apostolicae
1331 3466 1496 3522 sedis.

593 3548 706 3619 Ego
733 3549 991 3620 Joannes,
1018 3556 1270 3627 quamvis
1292 3557 1545 3631 indignus
1572 3558 1861 3632 episcopus
1884 3568 1938 3616 et
1983 3576 2106 3618 car-

523 3639 740 3710 dinalis,
779 3645 1096 3718 subscripsi.

592 3732 706 3804 Ego
767 3735 1108 3808 Stephanus,
1163 3741 1428 3800 diaconus
1489 3754 1544 3800 et
1587 3745 1919 3815 cardinalis,
1975 3749 2104 3805 sub-

524 3826 736 3896 scripsi.

591 3916 707 3989 Ego
769 3919 1120 3992 Benedictus,
1169 3925 1434 3992 diaconus
1477 3937 1529 3983 et
1570 3931 1918 4000 eapellanus,
1973 3935 2104 3990 sub-

525 4013 738 4080 scripsi.

592 4102 706 4176 Ego
727 4105 940 4174 Petrus,
983 4109 1354 4167 subdiaconus
1377 4111 1637 4170 Romanae
1671 4115 1948 4186 Ecclesiae,
1972 4119 2102 4176 sub-

524 4197 740 4268 scripsi.
836 4193 866 4206 “

591 4287 787 4346 Datum
827 4291 1100 4362 Laterani,
1125 4313 1178 4350 vi
1205 4295 1478 4358 Kalendas
1502 4298 1646 4368 Maii,
1689 4317 1834 4357 anno
1880 4303 2103 4374 pontiﬁ-

523 4391 680 4437 catus
709 4386 964 4442 aatcdicti
985 4387 1275 4444 Alexandri
1301 4407 1452 4462 papa:
1480 4410 1578 4461 xu,
1613 4409 1757 4450 anno
1805 4395 2102 4452 Dominicae

527 4470 920 4533 lncarnationis
949 4479 1104 4548 l06l,
1142 4482 1440 4540 indictione
1463 4503 1580 4540 xm.

1251 4605 1358 4661 CL.

513 4697 812 4776 Alexandri
851 4699 910 4754 11
958 4705 1407 4776 prieilegiumpro
1437 4708 1658 4763 ecclesia
1703 4709 1760 4766 S.
1802 4709 2100 4768 Saluatoris

662 4769 1101 4842 Wissegradcnsi,
1145 4769 1177 4830 ξι
1223 4769 1519 4833 Ηίίαιίειαο
1556 4780 1686 4834 duce
1726 4783 1958 4838 condita.

1111 4889 1291 4959 (Auno
1327 4890 1508 4962 1062.)

907 4998 1123 5072 [Massn
1159 5001 1362 5058 Concil.
1393 5003 1538 5072 XIX,
1575 5005 1727 5079 999.]

597 5089 912 5126 Ᾱνυι-ιινιιιιι,
993 5109 1180 5126 animula
1229 5109 1510 5126 οαωιιηκηινι
1568 5097 1658 5126 nn:
1724 5099 1874 5126 οε-Ιιεη
1917 5099 2101 5126 “ns-nn-

2225 521 2590 591 chirographo
2627 518 2920 590 propagari
2963 518 3236 575 volumus.
3291 517 3536 575 Primum
3582 519 3812 590 quidem

2221 611 2651 668 misericordiam
2697 611 2792 666 Dei
2825 625 2990 681 super
3023 625 3127 668 nos
3165 610 3417 667 diﬂ‘usam
3462 612 3675 682 liquide
3715 629 3814 668 an-

2219 702 2558 758 nuntiamus.
2617 701 2981 758 Bohemorum
3015 702 3124 758 dux
3149 701 3497 771 Wratislaus,
3521 703 3610 757 vir
3641 701 3818 758 Chrid

2219 794 2454 859 stianus,
2484 793 2610 849 ﬁdei
2639 794 3021 865 integerrimus
3045 803 3274 859 amator,
3311 795 3472 850 rebus
3507 795 3566 850 in
3596 794 3810 850 bellicis

2219 886 2540 956 magniﬁcus
2579 885 2940 956 triumphator
2961 927 2976 952 ,
3017 885 3162 956 quod
3213 885 3561 944 screnissime
3601 885 3814 956 ubique

2222 983 2488 1032 terrarum
2531 977 2752 1045 claruit,
2786 977 2972 1032 limina
3003 977 3373 1048 apostolorum
3396 976 3545 1032 Petri
3567 986 3624 1032 et
3650 976 3805 1032 Pauli

2219 1067 2477 1124 honestos
2497 1084 2598 1140 per
2617 1071 2836 1125 nuntios
2859 1069 3099 1141 quotidie
3121 1070 3369 1136 visitans,
3391 1085 3512 1134 nos,
3545 1078 3804 1125 caeteros-

2217 1173 2324 1228 que
2343 1158 2400 1212 in
2426 1157 2522 1213 Dei
2551 1160 2770 1216 servitio
2789 1159 3168 1216 devotissimos
3205 1161 3354 1216 omni
3389 1160 3659 1216 beneﬁcio
3695 1177 3805 1214 non

2217 1252 2441 1308 minime
2473 1255 2790 1324 praeteriens
2818 1254 2920 1324 pie
2956 1254 3154 1310 mentis
3189 1253 3476 1309 devotione
3519 1253 3801 1308 innotuit:

2217 1342 2381 1399 Multa
2413 1353 2539 1400 ante
2563 1353 2808 1416 tempora
2836 1354 3020 1401 votum
3045 1345 3156 1401 Deo
3175 1345 3298 1401 vovi
3323 1345 3470 1416 quod
3499 1345 3689 1400 adhuc
3713 1359 3806 1398 ne-

2217 1449 2490 1506 quaquam
2513 1435 2748 1506 implevi.
2795 1436 3089 1493 Ecclesiam
3120 1437 3179 1492 in
3215 1437 3476 1492 honorem
3503 1435 3804 1492 Salvatoris

2218 1527 2412 1594 nostri,
2470 1527 2628 1599 cujus
2675 1529 2876 1599 ubique
2914 1527 3250 1599 protecti-ine
3299 1527 3566 1592 munitus,
3609 1535 3804 1582 vestrae

2217 1617 2434 1686 pietatis
2463 1619 2668 1675 auxilio
2699 1619 2966 1675 aediﬁcare
2995 1620 3174 1691 cupio.
3220 1619 3389 1676 Dictis
3413 1619 3616 1674 talibus
3643 1617 3804 1672 audi—

2217 1707 2308 1772 tis,
2337 1709 2665 1779 pontilicalis
2688 1725 2824 1782 apex
2863 1719 2925 1765 ut
2959 1719 3316 1775 accresceret,
3345 1718 3667 1765 sanctorum
3695 1707 3804 1762 Pa-

2147 1783 2188 1838 Β
2216 1807 2362 1854 trum
2391 1817 2620 1858 numero
2637 1802 2982 1874 septuaginta
3002 1803 3232 1858 duorum
3258 1801 3534 1858 communi
3566 1801 3802 1856 consilio

2213 1892 2430 1960 penitus
2479 1894 2928 1951 collaudavimus.
2976 1894 3146 1966 Igitur
3196 1895 3265 1950 ad
3313 1895 3431 1950 haec
3470 1894 3801 1964 perﬁcienda

2213 1981 2477 2038 Joannem
2511 1987 2832 2057 episcopum
2859 1986 3346 2054 Tusculanensem,
3379 1985 3804 2040 fundamentum

2213 2073 2343 2129 dare
2362 2076 2636 2146 misimus,
2675 2079 2834 2149 cujus
2863 2079 2917 2133 in
2943 2079 3230 2150 praesentia
3264 2079 3378 2149 ipse
3404 2076 3669 2149 praefatus
3690 2076 3800 2130 dux

2211 2166 2476 2237 cophinos
2508 2177 2654 2225 terra
2677 2180 2962 2227 onustatos
2985 2171 3271 2227 duodecim
3291 2170 3530 2240 prppriis
3553 2169 3802 2224 humeris

2210 2266 2459 2327 portasse
2493 2261 2795 2318 videbatur.
2842 2261 3020 2318 Locus
3053 2277 3202 2334 ergo,
3247 2263 3302 2316 in
3331 2277 3442 2332 quo
3469 2268 3557 2318 est
3594 2267 3800 2324 erecta,

2212 2349 2562 2423 Wissegrada
2583 2355 3020 2425 cognominatur,
3046 2355 3193 2425 quod
3217 2364 3375 2409 sonat
3396 2353 3706 2409 litteraliter
3729 2351 3802 2404 al-

2210 2441 2318 2497 tior
2353 2443 2682 2500 civitatibus.
2739 2443 2915 2512 Quam
2945 2453 3352 2501 sacrosanctam
3373 2443 3677 2500 Ecelesiam
3716 2452 3799 2497 to-

2208 2533 2318 2590 tius
2341 2535 2638 2606 provincize
2667 2545 2832 2608 caput
2861 2537 2989 2604 dici,
3023 2536 3270 2592 venerari
3301 2537 3618 2602 sanximus;
3659 2549 3800 2606 prte-

2207 2623 2334 2692 diis,
2365 2627 2674 2698 mancipiis,
2703 2645 2860 2697 auro,
2897 2636 3143 2701 argento,
3166 2629 3484 2698 czeterisque
3503 2642 3800 2681 ornamen-

2209 2715 2278 2771 tis
2320 2717 2548 2774 ditatam
2577 2721 2966 2791 comperimus.
3026 2703 3279 2790 Episccpi
3320 2719 3440 2790 ejus
3476 2719 3582 2774 sub
3615 2718 3794 2774 domi-

2207 2807 2302 2862 nio
2323 2809 2441 2868 suis
2471 2811 2538 2865 de
2573 2811 2822 2879 decimis,
2849 2819 3124 2868 trecentos
3149 2813 3402 2868 homines
3442 2811 3511 2866 ad
3545 2812 3796 2866 eamdem

2205 2899 2490 2956 ecclesiam
2527 2913 2982 2974 segregaverunt;
3009 2903 3210 2974 przesul
3249 2901 3542 2973 Pragensis
3585 2903 3795 2958 ducen-

2205 2996 2314 3058 tos,
2337 2990 2717 3052 Olomuccnsis
2743 3003 2985 3063 centum,
3014 2995 3245 3050 fratrum
3275 3007 3503 3050 suorum
3533 2993 3795 3060 Conradi,

2164 3079 2421 3148 ,Ottonis
2490 3101 2784 3143 consensu.
2841 3085 2956 3142 Hoc
3011 3086 3200 3142 itidem
3267 3086 3481 3158 asylum
3540 3086 3796 3142 tutamini

2206 3172 2268 3228 B.
2288 3173 2432 3231 Petri
2445 3177 2708 3248 principis
2719 3179 3113 3250 apostolorum,
3125 3179 3446 3248 cunctisque
3457 3179 3514 3232 in
3529 3178 3656 3248 ejus
3671 3179 3795 3233 sede

2205 3268 2442 3324 sessuris
2473 3270 2700 3326 ﬁrmiter
2739 3271 3160 3328 commendavit.
3217 3270 3426 3334 Marcas
3469 3286 3546 3324 xu
3587 3271 3658 3326 de
3699 3286 3790 3326 ea-

2204 3357 2328 3414 dem
2349 3361 2578 3418 ecclesia
2613 3363 2680 3418 ad
2719 3364 2884 3434 pedes
2911 3363 3235 3420 universalis
3259 3377 3432 3434 papae,
3472 3361 3791 3432 quicunque

2203 3449 2327 3517 erit,
2369 3453 2518 3507 omni
2558 3469 2704 3510 anno
2745 3455 3050 3510 oﬁ‘crendas
3096 3455 3200 3511 sub
3238 3453 3441 3510 Christi
3479 3453 3796 3508 testimonio

2205 3540 2516 3599 destinavit.
2561 3542 2738 3616 Hujus
2781 3561 2914 3600 vero
2959 3546 3292 3602 conditionis
3351 3545 3525 3618 gratia
3580 3544 3794 3599 cunctis

2204 3634 2402 3688 celsior
2428 3635 2482 3690 in
2507 3637 2696 3691 eadem
2721 3637 2942 3708 regione
2969 3646 3030 3692 ut
3061 3633 3336 3694 videretur
3359 3637 3631 3704 ccclesiis,
3665 3652 3795 3710 qua-

2203 3723 2460 3798 licunque
2483 3737 2872 3799 apparamento
2901 3738 3107 3800 septem
3131 3730 3436 3785 cardinales
3471 3729 3634 3784 altari
3662 3731 3793 3784 San-

2203 3818 2274 3871 cti
2310 3818 2454 3874 Petri
2477 3820 2793 3875 ministrare
2827 3822 3064 3888 student,
3101 3822 3285 3888 mitra,
3317 3821 3604 3887 sandaliis,
3627 3821 3790 3876 simili

2204 3910 2368 3964 modo
2421 3911 2594 3980 ipsius
2643 3911 2889 3967 ecclesiae
2944 3913 3331 3982 praepositum,
3385 3913 3786 3984 presbyterum,

2202 4000 2516 4068 diaconum,
2549 4003 2947 4059 subdiaconum
2983 4003 3232 4059 incedere
3255 4003 3622 4074 principimus.
3648 4001 3792 4057 Lau-

2203 4091 2318 4160 des,
2349 4110 2488 4165 quas
2515 4095 2619 4150 sub
2640 4082 2946 4150 diademate
2977 4095 3194 4150 statutis
3229 4095 3420 4150 diebus
3449 4095 3790 4165 proclamare

2204 4185 2468 4252 solemus,
2513 4185 2858 4240 solummodo
2897 4186 2950 4240 in
2984 4186 3087 4241 ista
3136 4187 3364 4242 ecclesia
3410 4193 3627 4241 astante
3655 4187 3791 4242 duce

2203 4291 2420 4332 summa
2449 4277 2727 4347 diligentia
2759 4275 3040 4333 Christum
3066 4277 3376 4333 eollaudare
3397 4277 3786 4348 permittimus,

2203 4368 2444 4424 chrisma
2465 4368 2794 4438 baptizandi,
2817 4369 3286 4424 consecrationem
3307 4368 3657 4436 clericorum,
3677 4371 3790 4440 epi-

2136 4475 2179 4530 ι)
2205 4475 2404 4530 scopus
2454 4460 2558 4515 loci
2605 4459 2751 4514 illius
2783 4459 2990 4515 invidia
3034 4460 3236 4515 diaboli
3260 4468 3496 4516 attactus
3521 4461 3790 4532 abnegane

2209 4551 2254 4606 si
2283 4552 2708 4622 prmsumpscrit,
2732 4553 2906 4608 nostri
2929 4552 3355 4622 decretijudicio
3384 4551 3528 4622 apud
3557 4553 3792 4624 quemli-

2203 4645 2297 4700 bet
2319 4645 2637 4714 episcopum
2679 4645 2922 4699 inveniat
2962 4653 3017 4698 et
3049 4644 3298 4714 accipiat.
3342 4641 3570 4698 Nemine
3608 4654 3787 4699 autem

2207 4736 2567 4805 praepediente
2589 4751 2808 4791 omnem
2837 4736 3091 4806 injuriam
3118 4736 3173 4790 in
3201 4735 3445 4790 Romana
3478 4735 3689 4806 synodo
3721 4735 3785 4788 li-

2209 4826 2334 4881 bere
2373 4829 2686 4896 proclamet.
2745 4825 2957 4897 Scripta
2997 4827 3227 4883 istarum
3264 4827 3568 4882 litterarum
3613 4826 3786 4898 sigillo

2207 4915 2474 4986 impresso
2503 4934 2667 4990 supra
2696 4919 3068 4974 venerandum
3109 4933 3310 4988 corpus
3355 4917 3415 4972 B.
3462 4917 3610 4972 Petri
3651 4933 3786 4988 apo-

2207 5005 2332 5060 stoli
2382 5006 2689 5074 posuimus,
2729 5007 2968 5061 maxime
3010 5021 3076 5061 ea
3117 5021 3219 5077 pro
3263 5021 3429 5061 causa
3472 5013 3534 5060 ut
3579 5007 3628 5061 si
3663 5006 3787 5076 quis

2329 5096 2582 5126 :n:m:hnu.‘
2616 5097 3108 5126 mnnAAOA-Icmnn-n
3136 5098 3254 5126 σιξ-ιη
3301 5106 3646 5126 “Α“.ΛΙἉ“⁶Λ-
3683 5099 3786 5126 La.-
