4022 5340
237 337 261 391 Ι
272 336 375 392 425

958 459 1087 515 CLI.

229 538 524 598 Alexandri
568 543 637 599 II
674 563 829 618 papa:
857 552 1189 677 prgilegium
1219 570 1313 623 pro
1348 558 1561 613 abbatia
1593 559 1818 614 Montis-

964 639 1123 677 cum.

692 710 872 780 (Anno
920 713 1078 782 l07l,
1115 715 1234 772 Oct.
1278 717 1357 789 1.)

480 797 829 870 [Maneantnn
864 803 1075 861 Bullar.
1113 806 1321 876 Casin.,
1346 810 1410 879 II,
1442 812 1589 887 105.]

299 886 625 948 ALEXAND“
654 894 965 965 episcopus,
997 912 1190 955 servus
1224 915 1508 958 servorum
1541 904 1657 975 Dei,
1688 921 1812 961 om—

225 977 390 1034 nibus
434 978 693 1039 Ecclesiae
725 987 1007 1043 catholicae
1039 989 1165 1046 filiis
1197 993 1427 1048 salutem
1457 1004 1513 1050 et
1546 998 1811 1066 apostoli-

224 1083 346 1122 cam
382 1070 835 1131 benedictionem.

291 1158 593 1219 Pastoralis
639 1168 1022 1228 sollicitudinis
1061 1184 1266 1232 nostrae
1304 1177 1509 1235 bonum
1556 1179 1602 1234 si
1653 1181 1812 1237 debet

221 1254 539 1323 prospicere
561 1267 615 1312 et
640 1262 901 1328 proiicere
923 1267 1181 1323 omnibus
1225 1270 1391 1324 etiam
1432 1273 1729 1339 extraneis,
1756 1282 1810 1328 et

220 1342 556 1436 longinquis,
608 1353 782 1408 multo
828 1358 1004 1427 magis
1038 1359 1355 1418 domesticis
1383 1372 1439 1417 et
1465 1365 1804 1436 propinquis.

218 1432 360 1504 Ipsis
390 1440 590 1511 quippe
621 1447 861 1502 secundo
885 1450 1054 1520 gradu
1096 1462 1221 1521 post
1254 1452 1366 1509 Deu
1390 1472 1422 1508 η
1466 1432 1808 1513 admouenda

216 1536 301 1581 est
323 1528 611 1589 invisibilis
626 1536 887 1605 charitas,
902 1549 961 1594 ut
980 1558 1075 1611 per
1092 1560 1206 1607 eos,
1226 1547 1371 1600 velut
1394 1549 1643 1616 qualam
1668 1549 1806 1603 visi-

216 1618 345 1676 bilis
366 1620 543 1680 forma
568 1630 835 1696 gradatim
859 1633 925 1686 ad
959 1636 1281 1691 remotiores
1314 1655 1564 1709 quosque
1592 1640 1806 1696 discur—

214 1719 320 1765 rat.
369 1712 481 1771 Piis
510 1733 641 1791 ergo
679 1722 834 1789 locis,
870 1732 924 1779 et
953 1725 1134 1782 divina
1177 1729 1437 1800 religione
1477 1733 1804 1788 venerabili—

214 1803 341 1872 bus,
375 1807 570 1865 debitae
601 1815 996 1873 consolationis
1035 1828 1089 1874 et
1126 1819 1460 1881 defensionis
1497 1827 1802 1893 porrecturi
1836 1809 1879 1864 Β

211 1912 434 1966 manus,
466 1901 598 1957 illud
631 1908 842 1962 cazteris
884 1909 1284 1979 praeferendum
1311 1929 1422 1969 non
1450 1917 1799 1988 ambigimus,

209 1991 363 2057 quod
423 1997 739 2054 monasticae
799 2016 1007 2058 normae
1062 2013 1282 2065 constat
1330 2022 1453 2062 esse
1502 2009 1803 2080 principale

208 2085 580 2154 gymnasium,
604 2098 658 2144 et
684 2101 874 2149 sancto
894 2093 1076 2162 Petro,
1099 2105 1155 2152 et
1178 2100 1492 2169 apostolica:
1517 2102 1630 2157 sedi
1663 2118 1800 2163 con-

208 2172 446 2242 tignum,
479 2193 644 2248 quem
692 2183 839 2241 cives
881 2184 1280 2257 Romanorum,
1324 2189 1514 2247 Patres
1550 2193 1801 2251 videlicet

206 2264 418 2334 eximii,
448 2269 803 2343 Benedictus,
834 2276 1060 2335 Maurus
1092 2289 1148 2335 et
1176 2280 1450 2350 Placidus,
1487 2301 1613 2341 cum
1654 2302 1800 2342 non-

206 2356 375 2413 nullis
431 2361 556 2419 aliis
600 2364 984 2437 fundaverunt,
1034 2386 1307 2443 quemque
1345 2390 1378 2429 a
1417 2378 1670 2447 gentibus
1705 2379 1799 2434 de-

206 2456 501 2520 structum,
544 2458 879 2515 sanctissimi
920 2464 1349 2531 pnedecessores
1377 2472 1551 2523 nostri
1593 2469 1800 2542 Grego-

206 2542 323 2598 rius
353 2552 409 2599 et
441 2545 738 2608 Zacharias
786 2562 1187 2623 restruxeruut,
1230 2565 1285 2612 et
1320 2560 1619 2632 privilegiis
1659 2578 1795 2634 apo-

202 2636 437 2704 stolicis,
484 2643 695 2699 caeteris
726 2647 992 2702 ctenobiis
1025 2652 1400 2719 praetulerunt,
1445 2661 1653 2724 utpote,
1686 2672 1796 2711 non

201 2729 390 2784 studio
411 2732 715 2802 hominum,
745 2738 840 2792 sed
863 2737 958 2793 Dei
986 2739 1215 2810 imperio
1245 2750 1300 2797 et
1320 2746 1670 2801 sanctissimo
1694 2762 1796 2817 pa-

201 2825 284 2873 tre
308 2819 605 2878 Benedicto
638 2836 1014 2884 constructum
1042 2840 1157 2899 est;
1203 2849 1441 2903 quorum
1479 2852 1582 2893 nos
1624 2852 1797 2894 sacrm

200 2912 568 2982 auctoritatis,
602 2917 745 2974 sicut
776 2928 1021 2992 tempore
1060 2933 1122 2979 et
1153 2922 1276 2982 loco
1315 2931 1680 3000 succedimus,
1713 2933 1795 2988 sic

196 3017 396 3059 eorum
445 3010 729 3081 exemplis,
778 3001 844 3067 ut
885 3026 1118 3085 oportet,
1169 3019 1474 3077 innitimur.
1523 3025 1627 3081 Sed
1663 3027 1791 3096 quia

197 3109 388 3151 rerum
425 3108 701 3169 gestarum
730 3106 901 3161 series
924 3108 993 3163 ad
1014 3108 1117 3165 hoc
1139 3109 1444 3169 litterarum
1480 3117 1603 3172 ﬁdei
1648 3119 1792 3173 innio

197 3194 413 3258 tuntur,
438 3207 507 3248 ne
536 3194 629 3249 illa
665 3196 865 3253 veritas
890 3210 1233 3269 posterorum
1263 3208 1541 3264 memoriae
1572 3211 1792 3267 subtra—

197 3280 397 3350 hatur;
434 3298 499 3338 ea
538 3301 662 3356 qua:
702 3290 908 3345 nostris
949 3295 1289 3372 temporibus
1328 3306 1449 3353 acta
1492 3309 1620 3355 sunt
1663 3318 1794 3372 pan-

195 3371 328 3429 dere
355 3389 634 3433 curamus.
662 3378 801 3435 Nam
827 3398 953 3438 eum
993 3385 1225 3443 dilectus
1262 3370 1406 3446 Iilius
1435 3400 1623 3450 noster
1646 3370 1793 3451 Desi-

193 3463 386 3521 derius
405 3470 655 3526 eamdem
679 3480 967 3529 renovaret
987 3477 1294 3548 ecclesiam,
1331 3490 1385 3536 et
1412 3484 1611 3540 atrium
1637 3487 1788 3542 basi-

193 3555 314 3612 lica:
335 3559 650 3630 disponeret
690 3566 997 3637 adaequare,
1028 3585 1156 3625 cum
1180 3580 1290 3628 tres
1312 3589 1422 3628 non
1458 3577 1618 3632 ulnas
1645 3579 1789 3634 inte—

193 3664 324 3719 gras
352 3650 579 3709 fodisset
601 3657 658 3710 in
690 3658 883 3714 dextro
906 3661 1097 3718 altaris
1126 3663 1313 3732 latere,
1353 3669 1575 3737 reperiit
1600 3679 1786 3726 tumu-

192 3740 331 3807 lum,
359 3743 604 3812 ejusdem
626 3749 958 3808 confessoris
984 3769 1185 3825 corpus
1209 3757 1608 3828 continentem;
1641 3778 1789 3817 cum-

190 3847 299 3902 que
333 3834 641 3907 fragmenta
663 3842 852 3900 altaris
881 3854 1090 3902 remota
1118 3843 1371 3917 fuissent,
1396 3852 1603 3907 invenit
1622 3870 1786 3925 super

189 3926 484 3996 sepulchra
514 3933 812 4002 syndonem
835 3952 1131 4008 expansam
1160 3944 1624 4014 candidissimam,
1663 3964 1785 4018 qua:

188 4033 320 4110 cum
361 4025 689 4094 tangebatur
712 4042 821 4082 non
845 4033 1225 4088 evaneseebat.
1259 4033 1373 4090 Hac
1407 4037 1620 4095 ratione
1665 4055 1784 4097 cer-

188 4113 444 4170 tissimus
469 4116 735 4185 redditus,
762 4123 991 4177 reserari
1010 4126 1339 4181 sanctissimi
1363 4127 1542 4184 Patris
1576 4146 1780 4200 praece-

184 4206 265 4275 pit
294 4199 599 4277 tumulum;
633 4226 743 4280 quo
777 4212 941 4281 facto,
988 4219 1331 4275 sanctissima
1375 4237 1604 4291 corpora
1642 4223 1781 4278 inte-

183 4307 423 4368 merata,
453 4310 509 4357 et
537 4302 866 4360 indiminuta
905 4307 1266 4377 invenientes,
1298 4313 1519 4368 nuntios
1557 4323 1779 4369 nostros

182 4392 487 4461 asciscens,
517 4396 913 4465 pretiosissima
947 4415 1178 4470 corpora
1208 4403 1287 4457 eis
1312 4405 1623 4471 ostendens,
1666 4414 1776 4461 tam

1375 347 1736 406 EPISTOLE
1779 352 1865 407 ΕΤ
1906 354 2318 409 οιΡιΟΜΑτΑ.

3366 358 3507 425 me

1847 472 1891 527 Α
1918 476 2013 523 aut
2047 477 2129 522 ter
2156 468 2469 523 admonitus
2498 483 2609 522 non
2641 470 3030 536 emendaverit,
3063 470 3199 525 sciat
3238 486 3294 526 se
3322 482 3508 528 aucta"

1919 560 2079 614 ritate
2101 558 2193 614 Dei
2221 560 2630 631 omnipotentis,
2657 569 2711 615 et
2735 561 2906 617 beatae
2928 561 3112 617 Mante
3147 578 3361 633 semper
3384 562 3506 617 Vir-

1917 651 2079 722 ginis,
2126 659 2177 705 et
2211 653 2491 707 beatorum
2535 654 2907 723 apostolorum
2943 653 3090 709 Petri
3128 663 3183 709 et
3225 654 3402 721 Pauli,
3451 665 3506 711 et

1916 743 2061 798 beati
2083 742 2380 812 Benedicti,
2407 753 2461 799 et
2499 746 2743 800 omnium
2780 754 3115 813 sanctorum,
3144 761 3265 802 esse
3289 762 3505 803 execut-

1916 836 2277 900 municatum,
2309 844 2363 891 et
2398 845 2661 907 perpetuo
2684 837 3049 893 anathematis
3091 838 3309 895 vinculo
3338 839 3501 893 inno-

1914 927 2123 994 datum,
2153 935 2207 981 et
2237 943 2267 982 a
2310 944 2476 998 regno
2510 927 2606 985 Dei
2637 930 2953 997 alienatum,
2994 938 3048 985 et
3096 946 3220 986 cum
3260 930 3501 999 diabolo,

1912 1026 1968 1072 et
1989 1019 2108 1089 ejus
2123 1020 2485 1076 atrocissimis
2501 1023 2735 1092 pompis,
2757 1030 2811 1077 et
2833 1020 2994 1087 Juda,
3011 1019 3140 1076 Jesu
3161 1020 3364 1078 Christi
3392 1022 3501 1077 Do—‘

1912 1110 2046 1166 mini
2075 1113 2249 1166 nostri
2272 1112 2567 1182 proditore,
2604 1123 2809 1169 aeterno
2844 1114 3133 1185 supplicio,
3176 1121 3503 1185 aeternaeque

1910 1202 2280 1258 maledictioni
2322 1204 2680 1274 deputatum;
2728 1214 2785 1261 et
2831 1206 2975 1261 sicut
3023 1205 3259 1261 lucerna:
3288 1206 3501 1261 exstin-

1910 1301 2172 1366 guuntur,
2202 1295 2275 1350 ita
2296 1304 2423 1350 ante
2453 1295 2625 1350 Deum
2654 1296 2873 1352 lucerna
2913 1298 3059 1353 illius
3083 1298 3498 1368 exstinguatur;

1909 1386 2015 1441 nisi
2052 1385 2188 1441 forte
2215 1403 2305 1442 res
2331 1387 2533 1458 injuste
2556 1387 2776 1443 invasas
2816 1398 3007 1445 sancto
3050 1387 3342 1444 Benedicto
3371 1388 3496 1443 red-

1908 1476 2124 1544 diderit,
2153 1487 2208 1533 et
2234 1479 2504 1535 dictorum
2545 1480 2921 1550 paenitentiam
2959 1481 3204 1553 gesserit.
3257 1481 3329 1536 At
3366 1494 3497 1535 vero

1908 1569 2004 1638 qui
2029 1569 2193 1640 hujus
2221 1571 2507 1641 apostolici
2533 1571 2815 1626 constituti
2844 1573 3164 1627 observator
3201 1571 3494 1639 exstiterit,

1908 1660 2303 1719 benedictionis
2330 1664 2560 1734 gratiam
2585 1679 2618 1717 a
2643 1661 2875 1718 Domino
2906 1662 3019 1719 Deo
3058 1658 3269 1731 nostro,
3292 1679 3388 1735 per
3410 1664 3495 1718 in-

1909 1755 2295 1810 tercessionem
2332 1756 2477 1811 beati
2507 1755 2781 1810 Benedicti
2810 1763 3200 1825 consequatur,
3239 1764 3293 1810 et
3324 1755 3501 1811 vitam

1904 1856 2163 1902 aeternam
2204 1847 2453 1918 accipere
2511 1857 2806 1904 mereatur.
2867 1848 3174 1904 Statuimus
3212 1849 3377 1904 etiam
3433 1856 3496 1903 ut

1903 1938 2216 2009 quicunque
2246 1939 2474 1995 devotus
2508 1939 2576 1995 ad
2618 1940 2864 2010 ejusdem
2911 1941 3156 1996 ecclesiae
3197 1941 3496 1997 dedicatio-

1902 2046 2027 2085 nem
2055 2031 2361 2086 annualiter
2387 2032 2617 2098 venerit,
2640 2032 2707 2087 de
2727 2034 2964 2103 peccatis
2995 2032 3112 2089 suis
3132 2033 3507 2105 quadraginta

1902 2122 2114 2177 dierum
2146 2122 2527 2179 remissionem
2550 2124 2801 2194 accipiat.

1972 2212 2170 2269 Datum
2217 2214 2272 2270 in
2309 2214 2507 2271 Castro
2545 2215 2768 2284 Casino,
2805 2216 2893 2272 die
2925 2215 3291 2272 Kalendarum
3327 2215 3493 2273 Octo;

1900 2303 2034 2371 bris,
2083 2322 2180 2376 per
2221 2322 2418 2363 manus
2467 2306 2633 2375 Petri,
2684 2316 2887 2364 sanctre
2931 2308 3192 2364 Romana:
3235 2307 3492 2365 Ecclesia:

1901 2396 2241 2465 subdiaconi,
2289 2407 2453 2469 atque
2488 2400 2608 2455 vice
2637 2399 2824 2455 domni
2860 2400 3106 2457 Annonis
3140 2400 3488 2455 Coloniensis

1899 2490 2291 2561 archiepisc0pi
2304 2490 2720 2558 bibliothecarii,
2737 2508 2884 2547 anno
2904 2492 3116 2563 decimo
3136 2486 3488 2563 pontificatus

1898 2581 2091 2637 domni
2107 2582 2401 2638 Alexandri
2421 2597 2575 2653 papae
2595 2584 2839 2650 secundi,
2866 2585 2936 2639 ab
2956 2582 3335 2663 Incarnatione
3359 2597 3488 2637 vero

1897 2670 2114 2726 Domini
2152 2673 2440 2730 millesimo
2483 2674 2883 2747 septuagesimo
2931 2675 3140 2746 primo,
3191 2673 3488 2730 indictione

1896 2779 2039 2819 nona
2048 2806 2061 2818 .

2611 2878 2769 2934 CLII.

1895 2968 2056 3022 Bulla
2079 2970 2376 3026 Alexandri
2398 2969 2643 3097 “stragem
2666 2972 3029 3041 conﬁrmantis
3056 2972 3191 3027 bona
3215 2979 3487 3026 monaste-

2352 3043 2422 3096 rii
2503 3082 2516 3096 .
2616 3043 2719 3096 reri
2743 3043 2798 3096 in
2819 3041 3022 3097 Classe.

2352 3043 2422 3096 rii
2458 3041 2516 3096 S.
2546 3041 2719 3097 Severi
2743 3043 2798 3096 in
2819 3041 3022 3098 Classe.

2220 3132 2399 3203 (Anno
2435 3133 2594 3200 1062,
2618 3151 2674 3189 vi
2714 3133 2832 3188 Kal.
2871 3132 3163 3204 Januarii.)

1894 3221 2282 3294 [Mtr'ransntn
2313 3224 2508 3278 Annal.
2538 3214 2865 3293 Camaldul.,
2892 3234 3020 3281 tom.
3052 3224 3115 3292 II,
3143 3225 3386 3293 col.i79,
3412 3239 3482 3279 ex

2070 3294 2297 3363 antiquo
2315 3297 2656 3366 autographa
2671 3297 2916 3366 ejusdem
2937 3294 3301 3368 monasterii.]

1961 3406 2286 3461 Au-zxmosn
2308 3408 2619 3477 episcopus,
2654 3424 2847 3465 servus
2881 3424 3163 3465 servorum
3192 3407 3310 3477 Dei,
3343 3409 3479 3465 dile—

1891 3499 1993 3552 etis
2027 3498 2153 3553 filiis
2181 3498 2401 3567 Boslzo,
2425 3501 2606 3556 abbati
2630 3499 2818 3556 Sancti
2848 3499 3033 3555 Severi
3061 3500 3288 3568 Classis,
3322 3500 3483 3570 ejus‘

1889 3605 1996 3659 que
2022 3589 2304 3657 fratribus,
2319 3599 2429 3645 tam
2451 3592 2811 3661 praesentibus
2827 3607 2991 3662 quam
3014 3589 3235 3659 futuris,
3254 3593 3472 3664 regula—

1889 3696 2002 3735 rem
2034 3683 2198 3737 vitam
2238 3683 2501 3753 professis
2522 3684 2576 3737 in
2606 3692 2946 3754 perpetuum.

1957 3773 2182 3840 Quoties
2204 3791 2233 3829 a
2255 3775 2413 3831 nobis
2443 3775 2645 3845 petitur
2673 3775 2822 3845 quod
2845 3773 3097 3846 religioni
3118 3782 3171 3830 et
3198 3776 3473 3830 honestati

1886 3866 2177 3921 convenire
2196 3866 2554 3938 dignoscitur,
2579 3867 2762 3922 animo
2785 3882 2887 3922 nos
2906 3867 3259 3922 decetlibenti
3276 3883 3473 3922 conce-

1885 3957 2014 4014 dere
2038 3967 2093 4012 et
2115 3960 2414 4029 petentium
2440 3958 2723 4015 desideriis
2750 3959 3003 4015 elI‘eetum
3028 3970 3335 4029 congruum
3363 3959 3468 4014 im-

1883 4050 2091 4119 pertiri.
2124 4050 2200 4105 Ea
2226 4059 2466 4121 propter,
2488 4051 2669 4106 dilecti
2695 4051 2751 4105 in
2776 4049 3007 4106 Domino
3019 4050 3135 4118 lilii,
3154 4050 3352 4107 vestris
3376 4051 3468 4120 ju-

1883 4142 1989 4197 stis
2012 4143 2473 4211 postulationibus
2514 4143 2809 4197 clementer
2838 4142 3161 4208 annuimus,
3189 4150 3245 4197 et
3271 4142 3468 4211 praefa-
3527 4201 3537 4208 ,

1882 4240 1994 4287 tam
2031 4235 2319 4290 ecclesiam
2351 4234 2404 4288 in
2431 4250 2539 4303 qua
2575 4233 2762 4287 divino
2792 4234 2925 4288 estis
2953 4234 3218 4304 obsequio
3251 4237 3466 4290 manci-

1880 4326 2022 4394 pati,
2073 4327 2142 4380 ad
2189 4325 2465 4395 exemplar
2510 4324 2681 4380 felicis
2734 4324 3128 4380 recordationis
3168 4324 3464 4391 Anastasii,

1880 4416 2079 4473 Leonis
2128 4427 2183 4473 et
2242 4418 2536 4485 Benedicti,
2573 4415 2946 4472 Romanorum
2990 4416 3330 4487 pontiﬁcum,
3363 4419 3493 4475 sub.

179 4492 484 4553 prazsentes
515 4501 684 4557 quam
720 4488 935 4546 futuros
964 4493 1303 4549 certissimos
1344 4503 1397 4550 et
1426 4495 1680 4552 indubios
1711 4499 1777 4554 de
1812 4493 1854 4546 ί)
1881 4510 2023 4565 beati
2044 4506 2189 4566 Petri
2214 4519 2267 4565 et
2288 4519 2476 4566 nostra
2502 4509 2839 4580 protectione
2865 4508 3215 4578 suscipimus,
3244 4498 3299 4564 et
3326 4527 3465 4580 prte-

180 4577 555 4635 sanctissimis
610 4582 934 4650 corporibus
989 4585 1239 4640 reddidit.
1303 4586 1472 4658 Igitur
1522 4604 1647 4645 cum
1706 4591 1776 4645 ad

176 4670 433 4725 eamdem
477 4672 1281 4735 dedieandamdevenissemus
1323 4680 1631 4748 ecclesiam,
1664 4698 1774 4740 una

175 4776 306 4818 cum
337 4763 527 4819 decem
568 4766 1014 4838 archiepiscopis,
1046 4780 1100 4823 et
1145 4771 1503 4841 quadraginta
1537 4782 1775 4845 quatuor

174 4855 478 4924 episcopis,
513 4858 769 4929 cleroque
796 4867 997 4915 sanctae
1018 4860 1277 4917 Romana:
1308 4861 1565 4921 Ecclesiae
1584 4909 1597 4932 ,
1629 4867 1771 4923 idem

172 4945 325 5002 ﬁlius
348 4957 539 5004 uoster
552 4949 864 5008 Desiderius
878 4962 1210 5021 conquestus
1222 4962 1322 5020 est,
1339 4969 1459 5010 esse
1479 4959 1767 5027 quosdam,

173 5054 277 5094 nec
324 5038 502 5095 Deum
546 5043 814 5109 timentes,
854 5059 955 5100 nec
1004 5044 1254 5099 homines
1296 5058 1625 5119 reverentes,
1676 5041 1771 5121 qui

172 5131 562 5199 possessiones
590 5135 733 5192 beati
772 5136 1044 5192 Benedicti
1084 5153 1181 5209 per
1217 5138 1430 5193 diversa
1459 5141 1581 5198 loca
1615 5141 1769 5199 Casi—

172 5223 335 5278 nensi
373 5226 629 5282 coenobio
661 5232 986 5296 auferentes,
1030 5230 1086 5285 in
1118 5244 1278 5286 suum
1325 5237 1645 5305 retorquere
1671 5236 1769 5289 d0-

168 5324 405 5340 κιί-ιζ---υι
460 5324 569 5340 Α-.-
587 5336 633 5340 -..

1878 4603 2049 4658 sentis
2084 4603 2271 4672 scripti
2318 4602 2600 4674 privilegio
2625 4601 3051 4658 communimus.
3088 4599 3360 4670 Imprimis
3389 4604 3466 4658 si-

1876 4694 2092 4764 quidem
2135 4702 2459 4762 statuentes,
2501 4702 2562 4748 ut
2589 4694 2723 4749 ordo
2766 4694 3105 4748 monastieus
3140 4693 3472 4763 qui-secun-

1874 4786 2005 4841 dum
2043 4788 2187 4841 beati
2224 4787 2501 4843 Benedicti
2535 4788 2779 4858 regulam
2821 4787 2874 4840 in
2907 4795 3090 4842 vestro
3128 4789 3466 4842 monasterio

1875 4880 2121 4935 noscitur
2149 4878 2479 4947 institutum,
2502 4879 2779 4950 perpetuis
2800 4878 2999 4934 ibidem
3024 4877 3366 4944 temporibus
3384 4881 3469 4937 iu-

1873 4972 2194 5028 violabiliter
2213 4971 2553 5029 observetur.
2583 4970 2849 5027 Praeterea
2872 4980 3230 5041 quascunque
3247 4970 3475 5035 posses.

1872 5063 2076 5129 siones,
2107 5076 2450 5133 quaecunque
2472 5065 2617 5119 bona
2646 5063 2788 5118 idem
2824 5055 3226 5118 monasterium
3252 5054 3311 5112 in
3338 5078 3481 5131 pm.

1872 5157 2173 5211 sentiarum
2193 5154 2341 5225 juste
2365 5164 2422 5210 et
2445 5155 2712 5212 canonice
2733 5153 3002 5221 possidet,
3024 5153 3123 5205 aut
3143 5145 3198 5197 in
3224 5144 3491 5213 futurum

1870 5247 2226 5305 concessione
2252 5247 2600 5314 pontiﬁcum,
2639 5242 2935 5312 largitione
2972 5251 3167 5311 regum
3200 5238 3289 5290 νεὶ
3332 5249 3495 5313 priu—
