4022 5340
544 333 686 391 1427

1289 339 1688 396 ALEXAND!“
1726 341 1770 399 ιι
1807 342 2011 398 mm
2048 326 2411 403 EPISTOLE
2446 350 2534 406 nr
2566 352 2978 416 DIPLOMATA.

3676 370 3809 429 ιω

539 471 664 555 rum
690 454 1005 555 Gaudentii:
1026 455 1229 527 Sergii,
1252 455 1546 555 rl‘beodori,
1568 466 1622 513 et
1643 457 1858 514 Sanctae
1880 458 2125 530 Agnetis,
2155 461 2202 518 Δ
2228 476 2352 530 suo,
2402 474 2458 520 et
2493 466 2610 523 suis
2642 469 3087 544 babitaroribus,
3130 485 3185 533 et
3227 478 3458 538 fundum
3510 482 3805 555 Famaelo,

537 554 595 603 et
612 546 942 602 Sanctorum
964 546 1179 603 Cosmte
1193 557 1248 602 et
1268 547 1539 616 Damiani,
1567 556 1622 605 et
1645 550 1831 605 omnia
1852 551 1982 605 olim
2002 567 2126 622 qu:e

538 638 764 694 fuerunt
798 640 901 695 sita
934 640 989 694 in
1024 640 1241 696 civitate
1275 639 1483 697 Classis
1514 656 1639 696 cum
1669 641 1927 698 omnibus
1961 643 2127 699 rebus

539 740 595 786 et
619 731 1062 800 possessionibus
1091 748 1307 800 eorum,
1346 734 1451 789 sita
1472 741 1588 788 tam
1614 734 1669 788 in
1695 735 1932 802 civitate,
1959 749 2125 805 quam

536 832 713 889 extra,
729 824 815 880 vel
853 822 907 878 in
942 825 1163 881 civitate
1197 825 1487 892 Ravennae,
1515 826 1601 880 vel
1626 827 1935 898 ubicunque
1975 829 2127 883 inve-

536 916 768 972 niuntur
809 931 907 987 per
942 918 1158 975 diversa
1202 917 1355 983 loca;
1401 926 1455 973 et
1499 919 1893 975 monasterium
1939 918 2127 976 Sancti

537 1006 766 1065 Joannis
793 1018 851 1065 et
872 1009 1159 1081 Stephani,
1184 1012 1334 1082 quod
1360 1011 1562 1066 dicitur
1597 1011 1665 1068 ad
1697 1011 1903 1079 Titum,
1930 1010 2126 1068 funda-

536 1110 656 1157 tum
691 1102 898 1158 dudum
926 1102 1158 1172 Classis,
1196 1105 1251 1159 in
1290 1105 1416 1161 loco
1456 1103 1550 1175 qui
1592 1103 1792 1161 dicitur
1831 1103 2122 1173 Armeniae,

539 1194 688 1263 quod
722 1210 870 1251 nunc
909 1196 1227 1252 demolitum
1262 1211 1388 1253 esse
1422 1196 1656 1263 videtur,
1692 1211 1821 1252 cum
1868 1199 2125 1256 omnibus

539 1290 657 1346 suis
678 1289 897 1359 juribus
918 1299 972 1345 et
999 1289 1441 1361 possessionibus
1468 1290 1610 1360 ejus,
1629 1297 1685 1345 et
1703 1291 1966 1363 quidquid
1982 1291 2126 1363 juris

539 1384 733 1439 habuit
771 1385 829 1440 in
862 1384 1081 1440 civitate
1104 1384 1220 1455 jam
1244 1382 1407 1450 dicta,
1437 1390 1493 1438 et
1519 1382 1576 1438 in
1601 1382 1821 1440 civitate
1843 1384 2122 1452 Ravenna,

537 1479 624 1533 vel
657 1478 712 1532 in
739 1478 1000 1534 comitatu
1038 1477 1352 1544 Deeimano,
1397 1476 1510 1532 sive
1552 1475 1605 1531 in
1648 1478 1908 1534 comitatu
1943 1477 2126 1534 Bono—

538 1572 738 1638 niensi,
768 1580 864 1628 aut
908 1572 963 1627 in
1005 1571 1267 1627 comitatu
1296 1568 1637 1627 Corneliensi
1670 1572 1756 1626 vel
1801 1570 2121 1640 Faventino,

537 1674 635 1722 aut
675 1664 937 1731 Liviensi,
986 1665 1101 1721 sive
1136 1663 1451 1736 Pupulensi,
1478 1679 1691 1720 necnon
1719 1662 2005 1731 Cesenate,
2030 1671 2125 1719 aut

534 1754 860 1814 Ficoclensi.
903 1757 971 1812 Et
1015 1758 1301 1813 ecclesiam
1349 1755 1535 1813 Sancti
1570 1756 1760 1829 Angeli
1806 1758 1860 1812 in
1904 1757 2122 1813 civitate

536 1850 772 1905 Arimini
802 1865 947 1905 cum
982 1849 1249 1920 parochia,
1286 1857 1343 1904 et
1385 1864 1491 1904 suo,
1533 1850 1868 1916 coemeterio,
1905 1856 1961 1905 et
1995 1864 2122 1906 cum

530 1941 689 1999 omni
710 1941 833 2012 jure
857 1958 980 1998 suo.
1003 1942 1299 1997 Ecclesiam
1317 1941 1531 1996 Sanctae
1553 1940 1737 1995 Maria:
1749 1940 1801 1994 in
1818 1940 2123 1996 Mariniano

537 2048 665 2089 cum
701 2034 959 2089 omnibus
1001 2035 1117 2091 suis
1156 2034 1316 2088 bonis
1345 2041 1399 2088 et
1436 2033 1744 2103 portionem
1777 2033 1844 2089 de
1877 2032 2032 2104 plebe
2056 2033 2124 2089 de

537 2125 838 2181 Candelara
864 2142 990 2183 eum
1018 2127 1278 2182 omnibus
1305 2126 1421 2182 suis
1446 2126 1633 2193 bonis;
1667 2126 1951 2182 ecclesiam
1978 2124 2123 2181 San-

538 2219 615 2274 cti
646 2218 834 2275 Jacobi
876 2220 933 2274 in
975 2219 1193 2275 civitate
1234 2218 1582 2274 Pesauriensi
1604 2235 1730 2274 cum
1777 2218 2037 2289 parochia
2069 2226 2125 2274 et

537 2309 873 2377 cmmeterio,
905 2316 960 2366 et
977 2309 1234 2366 omnibus
1264 2309 1379 2366 suis
1400 2310 1767 2381 pertinentiis,
1791 2316 1847 2364 et
1867 2309 2122 2365 omnibus

536 2399 704 2454 rebus
738 2406 791 2455 et
828 2401 1294 2470 possessionibus,
1320 2410 1376 2455 et
1403 2415 1531 2456 cum
1576 2399 1832 2455 omnibus
1865 2415 1988 2471 quae
2018 2401 2122 2455 ba-

536 2489 681 2546 betis
705 2490 761 2545 in
788 2492 903 2562 jam
931 2493 1075 2548 dicta
1106 2491 1340 2558 civitate,
1378 2500 1434 2548 et
1460 2492 1516 2547 in
1550 2492 1669 2563 ejus
1701 2493 1984 2559 comitatu,
2028 2500 2124 2547 aut

536 2582 594 2637 in
618 2583 881 2638 comitatu
907 2583 1170 2641 Faucstne
1192 2585 1279 2641 vel
1314 2585 1369 2640 in
1400 2585 1664 2640 comitatu
1692 2582 2013 2656 Senogaliaa,
2035 2583 2110 2639 vi-

538 2673 735 2729 delicet
748 2690 761 2725 :
775 2676 1060 2732 ecclesiam
1085 2675 1269 2733 Sancti
1284 2676 1557 2733 Benedicti
1568 2680 1636 2736 de
1657 2675 2124 2746 Castaniola,qute

537 2774 625 2821 est
651 2765 875 2823 fundata
897 2768 953 2823 in
983 2766 1152 2824 fundo
1184 2768 1411 2825 Brozale
1428 2786 1553 2826 cum
1583 2768 1838 2824 omnibus
1864 2768 1982 2823 suis
2000 2782 2125 2838 per-

538 2859 815 2926 tinentiis,.
855 2868 910 2915 et
943 2877 1045 2917 suo
1076 2862 1220 2933 jure,
1260 2870 1317 2918 et
1344 2877 1468 2917 cum
1509 2860 1676 2915 t‘undo
1712 2861 1781 2915 de
1812 2860 2121 2932 lngildruda

539 2964 675 3004 eum,
701 2950 1033 3009 molendinis
1054 2960 1108 3009 et
1132 2954 1451 3025 aquimolis;
1476 2952 1774 3008 Ecclesiam
1802 2949 1986 3007 Sancti
2007 2951 2121 3005 An-

540 3041 705 3107 dreae,
739 3058 861 3113 quae
889 3052 974 3101 est
1012 3043 1235 3100 fundata
1278 3045 1432 3116 juxta
1460 3044 1579 3115 rigo
1614 3043 1680 3099 de
1713 3043 1766 3098 lo
1802 3042 2120 3113 Trepuntio,

2224 555 2460 624 fundum
2485 559 2686 617 Lecese
2726 571 2782 618 et
2803 562 3081 634 Camolia,
3113 567 3446 641 Taveliesea,
3489 584 3546 630 et
3577 573 3807 633 fundum

2226 652 2278 706 le
2305 651 2454 708 Cone
2485 662 2540 709 et
2563 653 2792 712 fundum
2817 658 2873 713 lo
2894 657 3174 730 Remorto,
3196 680 3321 719 cum
3341 666 3572 723 ecclesxa
3598 667 3810 727 Sanctae

2227 740 2430 810 Mariae,
2453 761 2579 815 quae
2611 746 2687 801 ibi
2709 757 2794 804 est
2840 748 3089 819 fundata,
3116 768 3243 810 cum
3272 758 3535 826 parocbia
3566 767 3623 814 et
3659 760 3808 815 deci-

2226 834 2353 900 mis,
2384 844 2439 890 et
2462 851 2588 891 cum
2609 840 2758 893 omni
2779 840 2904 909 jure
2942 859 3075 911 suo;
3109 847 3398 903 ecclesiam
3427 848 3620 906 Sancti
3643 850 3807 908 Blasii

2226 927 2295 982 de
2337 928 2390 982 la
2445 928 2624 986 insula
2657 930 2779 986 delo
2809 931 3068 990 Remorto
3102 951 3227 991 cum
3259 940 3544 1008 parochia,
3577 948 3637 995 et
3682 956 3806 998 eum

2227 1016 2346 1088 ipsa
2371 1017 2552 1074 insula
2582 1020 2649 1075 de
2673 1021 2863 1078 Alama
2890 1039 3051 1081 casco
3072 1041 3197 1081 cum
3223 1028 3537 1099 aquimolis,
3564 1039 3628 1086 et
3640 1032 3809 1087 omni-

2227 1111 2332 1167 bus
2359 1111 2721 1182 pertinentiis,
2775 1113 3005 1172 fundum
3048 1117 3352 1187 Felcareto,
3399 1120 3638 1180 fundum
3673 1124 3808 1182 Rata

2225 1201 2596 1271 Marcanesca,
2634 1203 2866 1262 fundum
2894 1206 3079 1265 Vavile
3113 1211 3353 1267 medium
3379 1228 3507 1270 cum
3543 1216 3808 1273 molendi-

2226 1299 2349 1365 nis,
2386 1299 2709 1357 decursibus
2750 1317 3042 1373 aquarum,
3096 1314 3151 1361 et
3185 1306 3302 1363 suis
3346 1308 3717 1378 pertinentiis,
3757 1320 3811 1367 et

2225 1387 2453 1444 fundum
2480 1389 2530 1445 le
2557 1388 2752 1458 Senze,
2780 1400 2835 1447 et
2863 1391 3093 1449 fundum
3124 1395 3175 1449 le
3214 1394 3428 1452 Mad....
3464 1405 3520 1453 et
3549 1399 3812 1456 medietao

2225 1486 2335 1535 tem
2364 1479 2516 1536 silva:
2559 1481 2627 1537 de
2665 1481 2721 1538 lo
2766 1481 3440 1556 Guardengo;ecclesiam
3477 1487 3669 1546 Sancti
3692 1491 3811 1549 Ste.

2224 1572 2390 1644 phani
2415 1574 2482 1631 de
2527 1573 2728 1632 Li......
2755 1579 3035 1649 parochia,
3072 1589 3127 1637 et
3147 1583 3466 1639 cosmeterio
3486 1592 3542 1639 et
3562 1584 3810 1652 decimis,

2225 1672 2279 1720 et
2305 1663 2473 1723 fundo
2495 1667 2708 1742 integro
2718 1686 2843 1725 cum
2864 1686 3058 1729 eorum
3075 1674 3362 1731 vocabulis
3385 1683 3578 1732 etcum
3599 1676 3808 1733 suis....

2225 1754 2463 1812 Laureto
2486 1758 2692 1830 majore
2728 1777 2852 1817 cum
2892 1764 3151 1834 parocbia
3177 1773 3232 1820 et
3251 1766 3566 1823 cmmeterio

2223 1850 2482 1908 omnibus
2509 1851 2625 1908 suis
2646 1853 3011 1924 pertinentiis,
3041 1855 3271 1911 fundum
3292 1856 3513 1912 Fabrati
3540 1874 3671 1913 eum
3696 1859 3810 1913 suis

2222 1944 2568 2014 pertinentiis
2590 1987 2606 2013 ,
2638 1944 2870 2002 fundum
2919 1947 3178 2005 Albareto
3204 1965 3329 2006 cum
3360 1950 3478 2006 suis
3523 1950 3809 2021 pertinen-

2224 2035 2350 2104 tiis;
2403 2038 2691 2094 ecclesiam
2744 2038 2930 2097 Sancti
2976 2040 3225 2098 Cassiani
3273 2059 3399 2099 cum
3461 2042 3729 2113 parochi:
3760 2050 3810 2097 et

2222 2129 2537 2186 cmmeterio
2557 2145 2587 2184 e
2617 2138 2733 2186 toto
2767 2130 2933 2187 fondo
2958 2148 3083 2188 cum
3112 2133 3368 2189 omnibus
3387 2134 3505 2189 suis
3533 2133 3812 2204 pertinen-

2225 2216 2335 2284 tiis,
2367 2216 2596 2272 fundum
2625 2227 2810 2275 monte
2857 2221 2925 2276 de
2958 2221 3013 2276 lo
3044 2221 3198 2290 Vico,
3227 2222 3453 2279 fundum
3488 2222 3808 2288 Fontanele,

2224 2305 2452 2364 fundum
2468 2309 2528 2363 lo
2546 2308 2713 2377 Pozo,
2738 2309 2969 2366 fundum
2997 2310 3185 2368 Sancti
3208 2312 3514 2369 Marcelli...
3531 2329 3664 2369 cum
3689 2328 3809 2367 om-

2222 2405 2385 2461 nibus
2408 2405 2526 2461 suis
2572 2408 2937 2478 pertinentiis,
2962 2416 3017 2463 et
3040 2408 3098 2462 in
3134 2409 3397 2464 comitatu
3443 2408 3662 2464 Amone
3689 2422 3810 2461 mo-

2210 2495 2525 2551 nasterium
2562 2494 2778 2552 Sanctae
2826 2495 3011 2553 Maria:
3038 2497 3106 2554 de
3151 2496 3378 2569 Tugano
3409 2513 3536 2553 cum
3559 2497 3809 2560 decimis,

2221 2587 2480 2656 parochia
2504 2596 2559 2643 et
2588 2588 2891 2658 sepultura,
2920 2597 2975 2643 et
3008 2587 3180 2643 fundo
3209 2588 3423 2661 integro
3461 2604 3591 2643 cum
3633 2586 3811 2643 omni—

2222 2674 2330 2731 bus
2353 2676 2469 2733 suis
2495 2677 2860 2747 pertinentiis,
2882 2677 3132 2733 videlicet
3155 2676 3386 2733 fundum
3418 2677 3486 2732 de
3516 2675 3809 2732 Camorata

2223 2781 2347 2823 cum
2387 2770 2617 2825 ecclesia
2668 2768 2884 2825 Sanctae
2922 2768 3109 2825 Mariae
3149 2785 3278 2826 cum
3335 2767 3489 2825 omni
3518 2769 3650 2838 jure
3686 2781 3808 2830 suo,

2223 2857 2569 2915 fundum.....
2635 2867 2690 2916 te
2719 2848 3044 2926 Valentino,
3090 2859 3322 2915 fundum
3378 2858 3645 2930 Lupicelli
3684 2874 3809 2913 cum

2223 2950 2478 3006 cursibus
2504 2966 2772 3021 aquarum
2787 2992 2803 3018 ,
2847 2949 3077 3006 fundum
3108 2950 3365 3006 Friviano
3386 2958 3441 3006 et
3462 2949 3769 3005 Rivianelo
3789 2992 3806 3017 ,

2223 3042 2452 3099 fundum
2493 3042 2790 3098 Amariano
2822 3050 2878 3098 et
2910 3041 3199 3108 Roveloto,
3232 3035 3465 3098 'fundum
3520 3041 3667 3097 Casa
3707 3057 3810 3097 no-

540 3140 598 3187 et
626 3134 762 3189 silva
785 3135 865 3189 de
887 3135 1200 3191 Castaniola
1229 3152 1355 3192 cum
1385 3135 1630 3203 decimis,
1663 3136 1845 3203 terris,
1878 3136 2031 3192 silvis
2053 3144 2124 3191 'et
2149 3154 2192 3212 (ς
2222 3137 2347 3191 vula
2371 3135 2536 3190 livalli
2558 3141 2744 3190 monte
2770 3134 2838 3190 de
2861 3135 2912 3189 la
2942 3135 3157 3202 abbate,
3191 3133 3421 3190 fundum
3444 3134 3512 3188 de
3539 3134 3666 3189 Sala
3685 3148 3806 3190 cum

541 3224 872 3282 molendinis
912 3242 1038 3283 cum
1083 3228 1373 3299 aquimolis
1409 3229 1465 3283 in
1503 3228 1620 3301 rigo
1650 3228 1766 3299 jam
1805 3229 1951 3285 dicto
1986 3227 2122 3285 Tre-

540 3317 735 3388 puntio
785 3325 840 3372 et
878 3334 1004 3373 cum
1050 3320 1201 3375 omni
1244 3320 1369 3391 jure
1416 3335 1555 3388 suo;
1615 3323 1902 3378 ecclesiam
1937 3322 2123 3379 Sancti

540 3408 780 3465 Joannis
795 3410 862 3466 de
884 3409 1211 3483 Pergumato
1232 3430 1356 3469 cum
1377 3414 1497 3485 ipso
1523 3413 1713 3481 fundo,
1737 3422 1792 3470 et
1811 3414 2124 3470 molendino

541 3511 678 3557 cum
709 3503 986 3574 aquimolo
1021 3520 1123 3561 suo
1157 3506 1216 3561 in
1242 3506 1361 3577 rigu
1382 3505 1713 3576 Trepuntio;
1745 3507 2033 3562 ecclesiam
2058 3507 2125 3563 de

541 3592 743 3650 Orzolo
791 3611 917 3651 cum
948 3597 1175 3654 decimis
1203 3607 1259 3653 et
1284 3599 1540 3655 omnibus
1562 3599 1906 3669 pertinentiis
1932 3601 2047 3656 suis
2070 3608 2126 3655 et

542 3686 728 3741 omnia
753 3687 895 3743 bona
921 3705 1042 3760 qua:
1069 3689 1293 3746 fuerunt
1322 3692 1388 3746 de
1422 3690 1699 3747 Bernardo
1731 3690 2010 3754 Carbone;
2035 3707 2125 3748 ec-

542 3777 769 3833 clesiam
793 3777 975 3835 Sancti
1006 3780 1224 3839 Martini
1244 3783 1310 3838 de
1337 3782 1679 3838 Salmariano
1714 3799 1839 3838 eum
1862 3784 2123 3854 parocbia

542 3876 599 3923 et
629 3877 813 3925 castro
838 3870 953 3941 jam
984 3872 1130 3929 dicto
1158 3874 1226 3929 de
1257 3872 1598 3930 Salmeriano
1633 3890 1759 3930 cum
1800 3875 2124 3931 habitatori-

541 3960 649 4015 bus
670 3961 820 4027 suis,
839 3970 896 4018 et
926 3979 1051 4018 cum
1078 3966 1335 4022 omnibus
1369 3967 1485 4022 suis
1525 3967 1899 4036 pertinentiis;
1929 3975 1984 4022 et
2010 3983 2126 4023 me-

543 4050 799 4107 dietatem
826 4053 908 4108 de~
928 4062 1081 4111 curte
1103 4056 1169 4110 de
1197 4055 1398 4111 Lisano
1425 4072 1549 4111 cum
1581 4057 1838 4113 omnibus
1859 4058 1974 4114 suis
1998 4073 2124 4127 per-

542 4144 819 4213 tinentiis;
844 4147 1129 4203 ecclesiam
1144 4147 1329 4204 Sancti
1348 4147 1577 4204 Joannis
1594 4149 1659 4204 de
1678 4148 1978 4204 Cornutula
2000 4166 2125 4204 cum

542 4237 817 4306 parocbia
844 4246 901 4294 et
923 4239 1169 4306 decimis,
1213 4248 1271 4294 et
1303 4239 1453 4295 omni
1489 4240 1614 4310 jure
1662 4256 1794 4308 suo;
1839 4241 2125 4297 ecclesiam

547 4329 741 4387 Sancti
757 4329 990 4388 Joannis
1003 4332 1069 4387 de
1083 4331 1350 4388 Cassiano
1369 4348 1494 4387 cum
1509 4332 1771 4401 parocbia
1796 4341 1851 4388 et
1877 4333 2123 4399 decimis,

2225 3228 2481 3283 omnibus
2506 3243 2694 3283 eorum
2717 3227 3086 3297 pertinentiis;
3102 3226 3388 3282 ecclesiam
3412 3224 3600 3280 Sancti
3623 3225 3807 3296 Λιιεώ

2224 3320 2292 3375 de
2329 3319 2547 3375 Salicliu
2576 3335 2702 3375 cum
2727 3319 2989 3389 parocbia
3023 3326 3079 3375 et
3108 3318 3366 3384 decimis,
3392 3332 3518 3371 cum
3551 3326 3737 3372 castro
3756 3323 3810 3371 et

2225 3412 2480 3469 omnibus
2506 3411 2621 3469 suis
2648 3412 2990 3482 pertinentiis
3013 3419 3070 3467 et
3097 3426 3223 3465 cum
3247 3418 3361 3465 tota
3385 3424 3572 3464 massa
3605 3408 3675 3464 de
3703 3406 3807 3463 Pa-

2224 3505 2382 3559 riano
2410 3519 2532 3559 cum
2557 3519 2748 3558 eorum
2779 3502 3081 3577 vocabulis,
3107 3510 3161 3557 et
3181 3509 3426 3557 castrum
3446 3501 3514 3556 de
3535 3499 3807 3564 Leemosi,

2225 3596 2455 3651 fundum
2502 3594 2691 3663 Faldo,
2729 3610 2856 3651 cum
2883 3594 3113 3651 ecclesia
3144 3592 3331 3649 Sancti
3359 3591 3553 3664 Angeli
3580 3590 3639 3647 in
3668 3590 3807 3646 Tur-

2224 3688 2345 3749 ricli
2396 3703 2521 3743 cum
2563 3687 2820 3743 omnibus
2865 3700 3058 3742 eorum
3109 3683 3476 3756 pertinentiis,
3518 3681 3808 3738 ecclesiam

2228 3780 2442 3835 Sanctae
2477 3778 2664 3834 Mariae
2687 3778 2753 3834 de
2781 3776 3019 3833 Mimano
3046 3792 3173 3832 cum
3204 3784 3387 3831 castro
3415 3782 3471 3830 et
3496 3773 3668 3828 fundo
3694 3772 3809 3828 suis

2224 3872 2588 3944 pertinentiis,
2622 3870 2911 3927 ecclesiam
2935 3868 3123 3925 Sancti
3151 3867 3367 3940 Cyriaci
3390 3882 3518 3922 cum
3547 3863 3808 3936 parocbia

2224 3974 2281 4021 et
2322 3963 2635 4021 coemeterio
2664 3977 2790 4018 cum
2832 3959 3005 4017 fundo
3032 3960 3263 4032 integro,
3303 3974 3429 4015 cum
3455 3957 3714 4013 omnibus
3755 3963 3808 4010 et

2227 4057 2343 4112 suis
2370 4054 2713 4126 pertinentiis
2738 4094 2754 4120 ,
2802 4061 2856 4108 et
2888 4052 3117 4108 fundum
3169 4051 3471 4118 Cozziano;
3519 4047 3806 4104 ecclesiam

2229 4146 2443 4203 Sancta
2476 4145 2660 4200 Maria
2695 4145 2763 4200 de
2787 4143 3056 4215 Aguliano
3084 4143 3428 4199 medietatem
3464 4157 3593 4197 cum
3625 4139 3805 4196 omni—

2226 4239 2331 4296 bus
2365 4238 2481 4294 suis
2508 4236 2699 4304 bonis;
2724 4235 3011 4292 ecclesiam
3034 4235 3224 4291 Sancti
3242 4232 3472 4289 Joannis
3500 4233 3569 4288 de
3586 4231 3805 4286 Palam-

2226 4331 2334 4388 bici
2354 4346 2479 4386 cum
2501 4329 2749 4395 decimis,
2767 4336 2821 4384 et
2841 4327 3011 4384 fundo
3035 4327 3276 4398 integro;
3301 4324 3590 4380 ecclesiam
3621 4322 3806 4378 Sancti

544 4430 752 4479 etcum
784 4424 967 4480 t‘undo‘
987 4439 1090 4479 suo
1116 4424 1344 4496 integro,
1371 4432 1430 4479 et
1448 4440 1573 4480 cum
1599 4425 1749 4481 omni
1773 4426 1897 4496 jure
1931 4441 2053 4493 suo,
2075 4434 2129 4481 et
2158 4490 2192 4496 _
2227 4423 2456 4479 Joannis
2476 4423 2542 4478 de
2575 4422 2746 4493 Agelli
2771 4437 2899 4478 eum
2931 4420 3178 4486 decimis,
3203 4418 3551 4484 molendinis,
3575 4426 3631 4472 et
3652 4416 3806 4487 aqui-

545 4520 661 4568 tota
710 4514 897 4570 insula,
930 4516 998 4570 de
1036 4515 1093 4570 la
1130 4490 1306 4572 Pbaia
1332 4490 1465 4571 cum
1491 4517 1740 4572 districtu
1769 4490 1890 4584 suo,
1913 4525 1969 4573 et
2001 4490 2124 4573 cum
2158 4490 2203 4545 D
2228 4516 2410 4582 molis,
2454 4522 2510 4570 et
2555 4490 2725 4570 fundo
2760 4515 2972 4584 integro
2996 4528 3122 4568 cum
3144 4526 3336 4567 eorum
3377 4510 3692 4574 vocabulis;
3714 4524 3804 4563 ec-

546 4603 719 4660 fundo
761 4606 829 4660 de
877 4606 932 4660 lo
969 4606 1135 4674 Pozo,
1182 4616 1236 4663 et
1276 4608 1542 4678 quidquid
1594 4610 1805 4665 habetis
1856 4611 1910 4664 in
1958 4609 2127 4665 fundo

548 4696 617 4752 de
644 4697 697 4751 la
735 4695 1018 4763 Vaccaria,
1068 4706 1124 4753 et
1169 4700 1226 4753 in
1259 4698 1549 4767 Catiliano,
1603 4709 1659 4757 et
1702 4702 1759 4756 in
1813 4700 2124 4770 Albiniano,

548 4797 606 4843 et
659 4796 912 4859 quartam
955 4797 1165 4857 partem
1211 4791 1279 4846 de
1337 4792 1389 4847 la
1440 4793 1701 4861 Colliula;
1762 4801 1816 4848 et
1861 4794 2126 4848 medieta-

548 4888 662 4935 tem
723 4879 790 4934 de
821 4880 1055 4935 ecclesia
1111 4881 1297 4938 Sancti
1349 4883 1467 4939 Gali
1519 4900 1642 4940 cum
1696 4886 1950 4941 omnibus
2012 4886 2127 4941 suis

550 4971 746 5039 bonis;
799 4979 856 5027 et
911 4971 1141 5029 fundum
1194 4975 1261 5030 de
1291 4973 1559 5045 Campore
1613 4990 1738 5031 cum
1786 4978 1982 5045 terris,
2041 4978 2126 5032 vi-

550 5064 671 5119 neis
717 5071 772 5119 et
818 5065 1076 5122 omnibus
1122 5066 1241 5122 suis
1270 5067 1642 5136 pertinentiis;
1693 5075 1750 5122 et
1782 5069 2125 5124 medietatem

552 5155 620 5198 (In
664 5164 846 5198 naeirn
874 5157 942 5198 do
974 5157 1196 5198 lnnnnn
1234 5172 1357 5198 num
1396 5158 1652 5198 nmnihuc
1703 5158 1818 5198 anic
1852 5160 2009 5198 ltnnic
2074 5170 2122 5198 nl

2227 4608 2452 4662 clesiam
2504 4604 2697 4660 Sancti
2734 4604 2967 4660 Andreae
3020 4605 3088 4660 de
3127 4603 3183 4658 lo
3212 4602 3491 4672 Sterpeto;
3520 4601 3804 4655 ecclesiam

2229 4697 2415 4754 Sancti
2431 4696 2786 4753 Laurentiide
2807 4696 3074 4763 Laureto;
3098 4694 3383 4751 ecclesiam
3412 4691 3631 4748 Sancta:
3653 4690 3806 4746 Bati-

2225 4791 2461 4847 leaeeum
2483 4790 2741 4846 omnibus
2764 4803 2955 4842 earum
2982 4787 3344 4858 pertinentiis,
3365 4783 3580 4855 etquod
3596 4783 3806 4838 habetis

2227 4882 2283 4937 in
2313 4883 2575 4938 comitatu
2601 4879 2932 4945 Auximano,
2954 4887 3009 4934 et
3030 4880 3087 4933 in
3118 4879 3384 4934 comitatu
3411 4875 3671 4942 Callemi,
3691 4890 3806 4929 mo-

2229 4974 2532 5031 nasterium
2566 4972 2754 5029 Sancti
2786 4969 3025 5038 Abundi,
3057 4979 3113 5026 et
3140 4970 3296 5041 plebe
3316 4967 3506 5026 Sancti
3535 4966 3729 5037 Angeli
3752 4966 3809 5020 in

2230 5066 2505 5123 Claudeda
2545 5082 2675 5121 cum
2697 5062 2952 5119 omnibus
2983 5061 3201 5132 juribus
3223 5075 3435 5126 earum,
3458 5066 3519 5113 et
3538 5058 3689 5129 quod
3709 5058 3809 5111 ba-

2233 5159 2371 5198 lnei:
2393 5158 2447 5198 in
2472 5158 2730 5198 nomilgtn
2757 5153 3107 5198 Enmlhiongi-
3122 5161 3177 5198 et
3198 5152 3251 5198 in
3274 5150 3494 5198 civitate
3514 5148 3739 5198 Castelli
3757 5158 3810 5198 el
