4022 5340
259 290 401 352 “99

1338 291 1677 348 APPENDIX
1721 291 1811 347 AD
1848 289 2323 350 ALEXANDRUM
2362 291 2429 350 II.

3377 291 3530 352 μεθ

255 409 464 480 absque
512 405 939 464 contradictione
970 406 1148 477 aliqua
1171 405 1424 462 retinere.
1463 405 1603 462 Cum
1645 416 1828 462 autem
1860 413 1899 468 Α
1930 398 2972 476 divinojudicio-existeredeperpetrata
2989 406 3276 478 iniquitate
3292 422 3531 479 cognos-

256 499 507 571 generale
531 499 875 554 interdictum
902 506 1060 553 terra:
1094 497 1280 566 fuerit,
1309 499 1469 553 liceat
1491 499 1664 563 vobis,
1689 498 1835 553 clau-

255 591 334 648 sis
357 590 565 660 januis,
608 605 718 644 non
748 589 979 660 pulsatis
1001 590 1301 658 campanis,
1346 589 1586 645 exclusis
1607 601 1832 643 excom-

255 681 548 738 municatis
575 689 630 735 et
659 681 985 746 interdictis,
1007 695 1301 750 suppressa
1325 695 1478 746 voce,
1500 679 1685 735 divina
1711 677 1834 734 offi-

253 773 338 827 cia
351 773 646 828 celebrare.
667 771 890 842 Sepultu
897 787 1014 825 ram
1024 779 1279 840 praeterea
1293 771 1464 840 ipsius
1476 771 1582 826 loci
1601 771 1833 825 liberam

251 880 377 918 esse
419 863 784 930 decernimus,
829 873 892 918 ut
931 877 1121 918 eorum
1169 862 1444 918 devotioni
1488 871 1544 916 et
1577 871 1836 918 extrema:

255 955 520 1009 voluntati
543 955 638 1024 qui
668 970 728 1009 se
744 955 856 1010 illic
879 955 1098 1025 sepeliri
1109 953 1542 1018 deliberaverint,
1566 953 1674 1008 nisi
1693 951 1836 1007 forte

253 1042 710 1097 excommunicati
733 1042 818 1097 vel
871 1042 1145 1098 interdicti
1192 1042 1321 1107 sint,
1351 1041 1534 1097 nullus
1559 1041 1832 1106 obsistat,

255 1137 405 1189 salva
431 1145 611 1190 tamen
630 1134 843 1204 justitia
861 1135 1254 1204 parochialium
1277 1135 1632 1190 ecclesiarum
1653 1149 1684 1189 a
1707 1134 1834 1204 qui,

255 1225 359 1278 bus
371 1233 714 1279 mortuorum
728 1239 957 1293 corpora
979 1232 1353 1278 assumuntur.
1370 1221 1614 1278 Obeunte
1634 1238 1764 1278 vero
1783 1231 1835 1277 te

255 1331 402 1370 nunc
427 1315 672 1385 ejusdem
695 1313 801 1368 loci
851 1314 1069 1379 abbate,
1091 1314 1178 1368 vel
1206 1322 1428 1369 tuorum
1440 1313 1682 1383 quolibet
1707 1328 1835 1369 suo.-

255 1421 559 1471 cessorum,
594 1406 776 1460 nullus
800 1405 873 1460 ibi
902 1405 1144 1476 qualibet
1176 1405 1545 1475 subreptionis
1563 1405 1714 1460 vel...
1733 1421 1834 1461 seu

253 1497 510 1552 violentia
540 1504 906 1566 praeponatur,
955 1495 1062 1550 nisi
1096 1511 1258 1564 quem
1315 1496 1512 1556 fratres
1553 1496 1833 1552 communi

253 1603 549 1654 consensu,
581 1588 664 1641 vel
701 1585 932 1640 fratrum
960 1602 1088 1656 pars
1109 1586 1322 1641 consilii
1347 1587 1611 1652 sanioris,
1637 1602 1835 1644 secun—

253 1679 383 1732 dum
406 1677 500 1732 Dei
532 1679 782 1733 timorem
803 1686 857 1733 et
903 1677 1048 1732 beati
1084 1676 1359 1732 Benedicti
1407 1678 1674 1748 regulam,
1703 1693 1832 1748 pro-

253 1770 468 1825 videant
481 1771 836 1840 eligere.......
865 1769 1187 1826 auctoritate
1207 1769 1506 1840 apostolica
1524 1769 1834 1825 inhibemus

253 1871 316 1916 ut
342 1862 395 1918 in
417 1877 514 1917 vos
539 1863 623 1916 vel
667 1862 894 1917 clericos
933 1869 1169 1926 vestros,
1202 1869 1298 1915 aut
1341 1860 1400 1916 in
1448 1860 1712 1915 ecclesias
1741 1875 1836 1916 ve-

252 1963 398 2009 stras
439 1952 1020 2009 excommunicationis
1058 1953 1142 2006 vel
1192 1952 1463 2008 interdicti
1509 1952 1832 2007 sententiam

252 2046 459 2116 absque
483 2043 770 2100 manifesta
815 2053 869 2100 et
915 2045 1226 2100 rationabili
1269 2061 1437 2102 causa
1471 2046 1653 2100 nullus
1701 2060 1832 2114 pro-

254 2137 476 2208 mulget,
501 2152 600 2192 nec
621 2151 792 2191 novas
817 2145 911 2192 aut
933 2136 1205 2193 indebitae
1230 2138 1830 2194 exsecutiones’mona-

252 2228 420 2283 sterio
450 2235 651 2293 vestro,
696 2228 781 2282 vel
817 2229 1066 2286 ccclesiis
1095 2229 1229 2301 ipsis
1270 2229 1536 2299 imponat.
1575 2228 1832 2284 Decerni-

251 2335 376 2374 mus
397 2335 526 2390 ergo
554 2327 612 2376 ut
634 2320 767 2373 nulli
806 2321 1028 2374 omnino
1052 2320 1334 2375 hominum
1361 2321 1522 2377 liceat
1547 2319 1833 2391 prmfatum

252 2412 646 2465 monasterium
691 2419 895 2466 temere
943 2413 1284 2481 perturbare,
1333 2421 1428 2468 aut
1467 2413 1587 2482 ejus
1621 2428 1834 2484 posses-

253 2503 435 2556 siones
477 2501 713 2568 auferre,
765 2503 849 2556 vel
893 2503 1102 2558 ablatas
1153 2504 1406 2571 retinere,
1443 2505 1688 2560 minuere
1735 2520 1836 2560 seu

251 2593 587 2664 quibuslibet
617 2593 996 2648 vexationibus
1026 2593 1274 2666 fatigare,
1298 2596 1393 2651 sed
1417 2596 1601 2651 omnia
1625 2596 1832 2667 integra

251 2693 646 2740 conserventur
690 2701 878 2740 eorum
923 2702 1022 2756 pro
1065 2703 1302 2758 quorum
1347 2688 1740 2758 gubernatione
1770 2703 1833 2744 ac

252 2777 651 2832 sustentatione
736 2793 998 2833 concessa
1042 2787 1211 2844 sunt,
1263 2779 1456 2834 usibus
1504 2779 1834 2837 omnimodis

252 2867 563 2938 profutura,
592 2869 740 2924 salva
763 2869 908 2924 sedis
933 2871 1245 2940 apostolica:
1269 2872 1591 2926 auctoritate
1616 2880 1670 2926 et
1697 2872 1833 2927 dia:-

252 2962 438 3015 eesani
459 2961 700 3031 episcopi
730 2962 991 3018 canonica
1027 2962 1262 3032 justitia.
1303 2961 1361 3016 Si
1407 2979 1515 3033 qua
1566 2963 1735 3034 igitur
1777 2963 1833 3017 in

1937 506 2044 562 cat,
2058 505 2114 552 et
2123 513 2154 552 a
2167 499 2540 555 sacratissimo
2553 512 2784 568 corpore
2795 508 2848 554 et
2859 498 3125 568 sanguine
3137 497 3231 552 Dei
3241 509 3294 554 et
3307 498 3528 556 Domini

1935 587 2313 658 Redemptoris
2333 592 2507 647 nostri
2543 590 2672 645 Jesu
2699 589 2905 646 Christi
2927 591 3104 646 aliena
3131 590 3245 658 ﬁat,
3276 600 3441 662 atque
3466 592 3524 648 in

1934 687 2182 735 extremo
2205 683 2458 738 examine
2497 682 2759 738 districtis
2783 682 2978 736 ultioni
3025 682 3326 753 subjaceat.
3371 684 3523 738 Cun-

1936 772 2040 826 ctis
2064 779 2250 827 autem
2270 773 2445 828 eidem
2481 774 2602 829 loco
2629 787 2729 830 sua
2761 774 2902 844 jura
2914 773 3280 839 servantibus,
3307 773 3378 829 sit
3396 788 3522 844 pars

1935 861 2154 918 Domini
2179 866 2357 920 nostri
2378 864 2507 921 Jesu
2531 865 2757 932 Christi,
2781 871 3057 935 quatenus
3084 872 3138 920 et
3175 865 3264 920 hic
3284 863 3522 918 fructum

1935 954 2095 1010 bona;
2118 956 2350 1012 actionis
2392 957 2712 1027 percipiant,
2744 964 2800 1012 et
2841 957 2985 1027 apud
3034 955 3344 1013 districtum
3364 955 3523 1013 Iudi-

1936 1061 2055 1100 cem
2083 1049 2304 1116 praemia
2330 1057 2546 1103 aeterna;
2573 1047 2725 1118 pacis
2753 1047 3053 1103 inveniant.
3078 1048 3272 1104 Amen.

2172 1192 2441 1248 Salutart's
2471 1200 2665 1245 noster.
2704 1192 2915 1262 Adjuva
2947 1207 3061 1258 nos,
3093 1190 3256 1248 Deut.

2002 1321 2042 1387 1-
2094 1317 2206 1388 Ego
2252 1314 2575 1380 Alexander,
2639 1315 2918 1371 catholica:
2979 1313 3235 1371 Ecclesia:
3300 1314 3518 1386 episco-

1935 1423 2182 1571 “is;
2222 1497 2506 1564 Henricus,
2553 1497 2870 1553 Portuensis
2919 1497 3129 1554 Sancta:
3176 1497 3385 1552 Rufina!
3427 1513 3514 1552 se-

1935 1590 2049 1752 d“;
2075 1607 2189 1754 E320
2251 1681 2393 1747 Leo,
2465 1679 2747 1750 presbyter
2817 1678 3109 1734 cardinalis
3166 1679 3246 1732 tit.
3329 1678 3514 1734 Sancti

1868 1746 1910 1800 Β
1934 1746 2234 1840 Μελ-οἰξεε.

2005 1865 2047 1934 -ξ-
2070 1863 2186 1934 Ego
2210 1862 2426 1928 Petrus,
2453 1860 2750 1916 cardinalis
2776 1860 2859 1914 tit.
2889 1858 3103 1914 Sanctae
3129 1859 3413 1928 Susanna,
3433 1875 3516 1918 ss.

2003 1957 2043 2024 σι-
2062 1954 2175 2024 Ego
2209 1952 2469 2019 Joannes,
2500 1951 2780 2022 presbyter
2831 1951 3125 2007 cardinalis
3171 1952 3411 2007 basilica:
3435 1966 3516 2009 ut

1935 2047 2308 2117 apostolorum
2327 2086 2343 2111 ,
2369 2059 2448 2100 ss.

1996 2138 2037 2209 -ι-
2061 2137 2171 2208 Ego
2209 2136 2470 2202 Ubaldus,
2497 2135 2780 2206 presbyter
2819 2134 3113 2191 cardinalis
3139 2134 3352 2189 Sancta:
3399 2133 3516 2189 Ma-

1934 2231 2030 2284 ria:
2061 2228 2454 2292 transtiberim,
2478 2227 2560 2281 tit.
2595 2225 2808 2291 Calisti,
2839 2242 2915 2281 ss.

2001 2323 2041 2391 -ξ-
2061 2320 2174 2390 Ego
2205 2318 2364 2390 Wgo,
2391 2317 2579 2373 Sancti
2615 2315 2874 2388 Stephani
2898 2317 2951 2381 in
2981 2314 3155 2370 (Idalio
3178 2324 3362 2368 monte
3383 2330 3514 2384 pre-.

1935 2413 2117 2486 sbyter
2149 2412 2323 2477 card.,
2353 2426 2430 2466 ss.

2001 2504 2044 2573 νι-
2092 2502 2206 2573 Ego
2256 2501 2385 2569 Leo,
2428 2500 2693 2557 diaconus
2740 2499 2890 2560 card.
2935 2496 3377 2556 SanctaMariae
3413 2512 3521 2553 co-.

1935 2595 2164 2666 smydyn
2191 2610 2268 2648 ss.

1998 2687 2040 2758 -ι-
2059 2686 2172 2757 Ego
2197 2685 2490 2752 Rubertus,
2521 2685 2788 2741 diaconus
2813 2683 2998 2739 Sancti
3023 2682 3294 2738 Theodori
3321 2698 3395 2738 ss.

2003 2779 2043 2848 ἰ-
2071 2777 2184 2849 F40
2204 2777 2540 2843 Arduvinus,
2581 2775 2908 2832 Sanctorum
2953 2774 3167 2842 Cosma:
3190 2783 3246 2830 et
3263 2773 3514 2828 Damiani

1935 2869 2200 2925 diaconus
2226 2870 2376 2924 card.
2414 2884 2500 2925 ss.

2005 2960 2201 3016 Datum
2239 2961 2501 3031 Anagniae
2523 2976 2620 3031 per
2644 2975 2869 3015 manum
2922 2958 3128 3013 Alberti
3173 2963 3377 3013 sancta
3403 2953 3520 3011 Ro-

252 3051 502 3108 futurum
556 3053 925 3113 ecclesiastica
998 3053 1342 3121 saecularisve
1397 3069 1634 3124 persona
1692 3054 1834 3110 hanc
1861 3078 1902 3136 ο
1937 3068 2112 3108 mana:
2147 3051 2405 3109 Ecclesia:
2429 3052 2734 3124 presbyteri
2777 3050 3068 3108 cardinalis
3094 3059 3149 3106 et
3181 3047 3526 3114 cancellarii,

253 3152 456 3200 nostrae
490 3145 890 3202 constitutionis
935 3145 1186 3216 paginam
1245 3146 1426 3202 sciens
1465 3153 1654 3200 contra
1707 3160 1829 3199 eam

253 3234 440 3290 venire
463 3237 768 3302 tentaverit,
811 3237 1048 3291 secundo
1081 3238 1307 3292 tertiove
1332 3237 1690 3303 commonita,
1723 3237 1832 3290 nisi

255 3334 470 3380 reatum
505 3343 664 3382 suum
707 3343 946 3398 congrua
981 3327 1354 3384 satisfactione
1379 3328 1699 3396 correxerit,
1729 3343 1833 3401 po-

258 3418 475 3473 testatis
498 3419 832 3490 honorisque
861 3420 1144 3475 suieareat
1167 3420 1450 3492 dignitate,
1479 3423 1739 3494 ream’que
1782 3435 1844 3486 se

1934 3160 1988 3198 vi
2017 3143 2136 3198 Kal.
2157 3142 2424 3208 Januarii,
2457 3143 2752 3198 indictione
2773 3159 2864 3209 xv,
2897 3141 3296 3198 lncarnationis
3323 3139 3516 3194 Domi-

1936 3236 2072 3291 nica:
2108 3249 2252 3288 anno
2290 3234 2448 3299 1062,
2477 3235 2828 3303 pontificatus
2850 3249 2981 3290 vero
3009 3233 3195 3290 domui
3222 3231 3527 3289 Alexandri

1937 3341 2092 3398 papa:
2118 3325 2162 3380 ll
2186 3339 2330 3380 anno
2354 3325 2620 3380 secundo.

267 3559 3513 3598 Μ

1520 3717 2240 3832 APPENDIX

782 3925 888 3986 AD
938 3921 1374 3988 EPISTOLAS
1429 3921 1538 3982 ET
1578 3917 2054 3982 DlPLOMATA
2103 3917 2573 3980 ALEXANDRI
2619 3917 2675 3980 II
2718 3917 2972 3981 PAPIE.

816 4188 1448 4282 EPISTOLAE
1523 4121 1871 4276 BEATI
1951 4188 2306 4276 PETRI
2388 4185 2900 4276 DAMIANI

1399 4357 1493 4412 an
1529 4317 2006 4414 ALEXANDRUM
2048 4352 2091 4409 ιι
2134 4355 2386 4411 PAPAM.

930 4494 1092 4570 (Vide
1127 4496 1266 4552 inter
1308 4495 1479 4567 Opera
1517 4494 1585 4550 Β.
1626 4495 1778 4550 Petri
1816 4494 2068 4549 Damiani
2108 4495 2456 4567 Patrologiw,
2496 4506 2535 4550 ι.
2579 4495 2855 4566 CXLIV.)

1589 4735 2212 4827 EPISTOL/E

1114 4906 1598 5007 SIGEFRIDI
1643 4905 2069 5004 EPISGOPI
2124 4903 2678 5006 MOGUNTINI’

1531 5068 1621 5121 AD
1662 5065 2136 5122 ALEXANDRUM
2180 5066 2242 5121 11.

1022 5177 1222 5255 (Apud
1259 5178 1451 5246 lanna,
1487 5180 1691 5236 ϐοηθεῖ.
1719 5187 1851 5234 tom.
1886 5180 1977 5248 IX,
2003 5197 2124 5252 pag.
2161 5180 2319 5243 H99,
2359 5181 2517 5246 1206,
2558 5178 2741 5245 1254.)

1677 5294 2122 5314 -——————-
