4022 5340
261 274 399 330 1135

645 269 935 327 APPEND.
975 269 1068 323 AD
1105 267 1255 325 EPP.
1295 268 1502 323 ALEX.
1538 268 1601 325 11.
1638 267 1977 323 SlGEFRlDI
2012 267 2323 325 MOGUNT.
2364 268 2682 326 ARCIIIEP.
2728 270 3109 331 EPISTOLJE.

3388 275 3527 332 ηδι

255 403 381 446 rcus
407 384 655 441 criminis
688 399 800 455 quo
832 384 1187 440 insimulatur
1223 399 1255 437 a
1296 383 1559 453 dignitate
1584 382 1841 451 rejicere-
1867 388 1915 446 Α
1944 383 2251 439 retulimus.
2297 382 2513 439 Nostra:
2543 383 2775 440 favendo
2795 386 2957 456 parti,
2986 395 3046 442 ut
3076 397 3284 457 patrem
3320 388 3524 453 decuit,

252 490 364 545 tur,
416 485 511 531 aut
554 477 820 531 innocens
847 476 1112 530 canonice
1150 483 1588 529 consecraretur.
1619 473 1678 529 In
1733 475 1840 529 hoc

254 569 416 626 etiam
441 569 596 639 parui
624 576 818 623 vestra:
838 567 1173 632 auctoritati,
1200 568 1443 622 invitatis
1466 567 1723 636 praedicto
1745 582 1837 620 ar-

253 662 600 732 chiepiscopo
631 669 684 714 et
712 658 998 726 fratribus,
1023 660 1205 714 locum
1236 667 1291 713 et
1318 659 1462 714 diem
1492 658 1835 729 przescripsi;

255 754 350 811 sed
391 736 682 809 concilium
759 752 1146 807 celebrandum
1213 750 1551 820 perturbavit
1614 751 1839 806 indictio

254 845 415 916 regia:
436 845 745 915 potestatis,
772 860 974 915 cogens
1006 859 1093 898 me
1118 852 1173 899 et
1199 844 1340 899 alios
1382 844 1534 915 regni
1560 845 1839 914 principes

248 939 306 993 iu
336 937 587 992 militiam
615 951 729 991 suae
748 936 1131 1007 expeditionis.
1170 935 1229 990 ln
1267 951 1377 1007 qua
1426 953 1484 991 re
1522 937 1755 991 obsecro
1781 948 1841 991 ut

251 1029 519 1084 sanctitas
554 1037 736 1083 vestra
778 1028 1105 1098 obsequium
1154 1043 1337 1082 meum
1384 1029 1582 1083 habeat
1611 1043 1841 1083 excusa-

250 1130 370 1176 tum
397 1139 411 1176 :
434 1129 489 1175 et
526 1120 634 1175 nisi
674 1120 991 1190 impedirer,
1030 1120 1343 1190 implessem
1367 1129 1701 1191 prreccptum
1746 1136 1839 1175 ve-

250 1219 448 1266 strum.

321 1301 591 1359 Praeterea
639 1302 874 1359 relatum
928 1312 1014 1358 est
1058 1304 1217 1359 nobis
1263 1304 1392 1375 quia
1440 1304 1597 1375 regia
1638 1305 1838 1374 legatie

254 1395 504 1451 eumdem
544 1395 893 1467 designatum
932 1396 1250 1467 episcopum
1290 1397 1357 1451 ad
1391 1411 1491 1452 vos
1532 1397 1836 1452 discutien-

254 1486 382 1541 dum
436 1488 983 1559 consecrandumque
1035 1488 1288 1543 deducat.
1343 1487 1402 1542 In
1444 1505 1553 1559 qua
1604 1506 1661 1543 re
1707 1489 1835 1558 quid

253 1578 525 1649 aequitatis
560 1587 615 1633 et
648 1578 877 1648 justitiaz
927 1580 1019 1646 sit,
1055 1580 1408 1635 discretionis
1458 1590 1654 1636 vestrae
1700 1582 1836 1636 libra

252 1682 398 1730 recte
445 1672 727 1744 dijudicet.
793 1670 946 1744 Rogo
981 1680 1163 1727 autem
1219 1674 1594 1728 excellentiam
1642 1683 1838 1728 vestra:

1943 472 2012 526 ad
2038 472 2265 529 meliora
2289 474 2585 530 direxistis.
2626 473 2801 543 Unde,
2824 476 2969 531 sicut
3009 485 3245 546 oportet,
3272 491 3527 534 reveren-

1939 563 2181 619 dissima:
2199 566 2510 621 celsitudini
2538 575 2737 621 vestrae
2759 566 3085 637 multiplices
3111 569 3408 638 gratiarum
3436 584 3527 624 ac-

1939 656 2139 722 tiones,
2178 666 2229 712 et
2268 657 2473 713 humile
2516 660 2840 715 exhibemus
2886 661 3192 727 incliuium,
3245 661 3526 717 continuis

1941 748 2253 802 orationum
2302 751 2540 806 victimis
2579 751 2821 807 divinam
2852 762 3143 809 exorantes
3179 755 3524 809 clementiam

1939 850 2001 894 ut
2022 841 2091 895 ad
2118 841 2466 896 stabilitatem
2489 852 2691 897 sanctae
2727 843 2983 900 Ecclesia:
3004 861 3116 901 suae
3141 846 3447 918 longaevum
3472 854 3528 902 et

1940 931 2216 987 incolume
2241 935 2517 989 custodiat
2541 936 2910 1005 apostolatum
2936 945 3198 992 vestrum.

2009 1022 2182 1077 Porro
2205 1024 2384 1080 adlme
2433 1028 2717 1095 antiquam
2754 1038 2999 1083 nostram
3037 1044 3202 1098 super
3232 1030 3527 1086 rebellibus

1940 1114 1983 1168 Τ
1989 1116 2239 1187 buringis
2270 1119 2722 1187 conquestionem
2767 1122 2836 1175 ad
2883 1121 3133 1176 notitiam
3178 1122 3337 1179 alma:
3376 1123 3527 1178 sedis

1938 1216 2135 1263 vestne
2169 1208 2477 1276 referimus,
2523 1210 2721 1266 obnixe
2745 1222 3001 1283 rogantes
3033 1222 3095 1268 ut
3118 1222 3331 1269 armata
3358 1230 3524 1269 manu

1940 1300 2120 1372 gladio
2167 1300 2403 1370 Spiritus
2468 1303 2664 1367 sancti,
2715 1320 2890 1373 usque
2950 1306 3018 1360 ad
3075 1307 3523 1377 expurgationem

1937 1408 2129 1447 eorum
2161 1394 2323 1448 nobis
2355 1394 2633 1448 dexteram
2679 1394 2866 1450 feratis
2905 1398 3113 1450 auxilii.
3169 1396 3528 1469 Suggerimus

1938 1496 2161 1552 quoque
2209 1485 2486 1540 sanctitati
2520 1496 2714 1541 vestne
2747 1488 2894 1556 quod
2922 1489 3190 1559 synodum
3232 1505 3397 1560 super
3439 1491 3527 1545 bis

1940 1584 2067 1642 post
2089 1574 2297 1631 Pascha
2335 1578 2615 1633 celebrare
2643 1579 3012 1646 decrevimus,
3046 1581 3113 1635 ad
3145 1596 3312 1650 quam
3343 1583 3411 1637 de
3442 1583 3526 1636 la—

1939 1673 2055 1721 tere
2076 1677 2260 1723 vcstro
2282 1669 2490 1739 legatos
2521 1670 2660 1724 mitti
2686 1671 3053 1741 postulamus,
3083 1673 3177 1742 qui
3203 1674 3529 1729 auctoritate

251 1766 598 1839 paternitatis
630 1764 778 1836 quod
825 1765 872 1820 si
913 1764 988 1819 ita
1019 1780 1210 1819 verum
1259 1773 1362 1832 est,
1396 1781 1463 1820 ne
1518 1766 1636 1835 ipse
1675 1767 1778 1821 boc
1805 1783 1836 1820 a

1946 1767 2118 1812 vestra
2147 1769 2200 1813 et
2230 1760 2330 1830 ipsi
2365 1762 2574 1832 synodo
2602 1763 2845 1830 praesint,
2871 1773 2921 1817 et
2949 1765 3067 1818 haec
3098 1780 3221 1835 quae
3264 1766 3330 1819 de
3379 1766 3530 1821 Thu-

252 1859 404 1913 vobis
440 1858 692 1927 accipiat,
723 1858 871 1928 quod
905 1857 1063 1924 mihi,
1088 1858 1181 1927 qui
1212 1858 1316 1912 hoc
1351 1858 1618 1912 canonice
1658 1858 1839 1913 facere

252 1946 442 2013 debeo,
491 1946 793 2001 auctoritas
831 1955 1013 2001 vestra
1053 1948 1429 2003 interdixerat.
1474 1946 1612 2014 Quia
1673 1950 1720 2004 si
1764 1950 1837 2004 ita

254 2037 362 2105 ﬁet,
391 2038 519 2093 inde
541 2039 716 2109 magis
742 2038 964 2093 videbor
997 2054 1253 2109 peccasse
1272 2040 1502 2111 principi
1526 2056 1670 2107 meo,
1693 2042 1840 2111 quod

254 2129 375 2200 plus
417 2130 548 2185 odio
606 2145 934 2186 consecrare
974 2147 1101 2187 eum
1148 2133 1443 2200 noluerim,
1499 2150 1663 2203 quam
1690 2135 1840 2203 justa

255 2237 419 2277 causa
451 2222 536 2276 vel
567 2231 838 2293 praecepto
865 2232 1068 2278 vestro.
1115 2223 1171 2278 Si
1202 2241 1332 2295 ergo
1370 2241 1398 2279 a
1430 2226 1585 2281 vobis
1624 2227 1840 2281 discus—

256 2327 369 2381 sus,
409 2314 677 2370 innocens
725 2314 891 2370 fuerit
931 2315 1207 2383 inventus,
1255 2318 1514 2372 remittite
1538 2334 1663 2373 eum
1707 2320 1841 2373 Inibi

256 2413 309 2462 et
328 2403 595 2461 fratribus
648 2405 785 2460 meis
827 2409 1285 2474 consecrandum,
1334 2418 1395 2464 ut
1441 2410 1583 2465 sicut
1629 2420 1845 2480 oportet

257 2510 289 2551 α
342 2496 506 2552 nobis
560 2498 825 2553 canonice
876 2500 1108 2568 accipiat
1156 2502 1337 2555 oleum
1386 2503 1838 2559 consecrationis.

258 2582 369 2642 Hoc
391 2595 576 2643 autem
605 2589 661 2643 in
687 2587 867 2646 fronte
905 2591 1034 2646 ctiu
1075 2592 1226 2649 calce
1260 2603 1447 2649 nostra
1492 2604 1672 2650 teneat
1724 2596 1839 2665 epi-

261 2678 417 2745 stola,
467 2681 615 2750 quod
645 2696 755 2735 non
790 2691 876 2737 est
902 2684 1069 2738 homo
1102 2685 1294 2741 vivens
1320 2689 1412 2755 qui
1442 2688 1747 2756 promptior
1774 2688 1846 2741 sit

261 2786 347 2827 me
385 2772 455 2827 ad
502 2774 688 2829 omnia
739 2785 933 2831 vestra:
980 2776 1249 2847 jussionis
1292 2780 1576 2849 obsequia.
1612 2779 1715 2846 Qui
1748 2797 1845 2834 vos

262 2863 521 2934 praevenit
542 2864 597 2920 in
620 2866 1092 2924 benedictionibus
1134 2871 1462 2937 dulcedinis,
1490 2881 1658 2941 ponat
1680 2889 1845 2941 super

262 2964 424 3027 caput
445 2965 690 3013 vestrum
724 2974 985 3015 coronam
1008 2970 1227 3016 aeterna:
1257 2963 1609 3017 beatitudinis
1633 2963 1767 3033 (9.6).

818 3091 1153 3149 EPISTOLA
1194 3095 1284 3151 ΙΙΙ.

261 3199 627 3276 Alemandrum
657 3216 805 3276 rogat
837 3216 893 3260 ut
940 3210 1189 3263 cationice
1208 3210 1503 3264 ulciscatur
1538 3221 1587 3266 el
1625 3215 1845 3267 severis-

330 3274 464 3349 sime
490 3276 683 3349 puniat
714 3274 1000 3347 nefandam
1030 3280 1264 3335 Cimonis
1295 3283 1676 3349 archiepiscopi
1717 3282 1843 3338 Tre-

333 3345 555 3399 virensis
574 3345 790 3413 aedem,
825 3359 873 3401 et
903 3360 957 3403 ut
985 3350 1048 3403 de
1077 3351 1242 3405 latere
1268 3368 1365 3405 suo
1401 3345 1636 3408 homines
1667 3355 1847 3409 mittet

329 3417 422 3485 qui
441 3418 645 3486 synodo
664 3421 1041 3490 congreganda:
1069 3423 1307 3487 prwsiut.

332 3503 548 3561 Domno
579 3508 914 3576 beatissimo,
965 3520 1020 3565 et
1066 3527 1194 3566 vere
1252 3514 1536 3583 apostolici
1588 3515 1847 3572 culminis

264 3595 474 3649 honore
509 3598 826 3667 reverendo,
852 3612 1043 3655 sancto
1082 3611 1299 3670 patrum
1328 3605 1491 3672 patri,
1528 3612 1585 3660 et
1625 3621 1846 3662 summo

265 3686 561 3753 praesulum
598 3689 814 3757 praesuli
860 3690 1186 3746 ALEXANDBO
1231 3689 1297 3757 ll,
1329 3693 1580 3750 Sll-‘BIDUS
1621 3695 1847 3767 Mogun-

267 3775 391 3831 tina;
436 3779 744 3847 speculator
781 3777 1055 3849 Ecclesiae,
1086 3785 1351 3855 quidquid
1404 3786 1548 3841 filius
1595 3788 1768 3856 patri,
1796 3802 1850 3844 et

266 3869 575 3923 membrum
602 3870 787 3939 capiti.

336 3961 666 4031 Apostolicte
681 3962 1039 4026 institutionis
1061 3965 1391 4023 documento
1411 3968 1702 4026 didicimus
1728 3988 1847 4026 ma-

267 4057 406 4107 trem
424 4069 488 4107 ac
511 4054 747 4109 radicem
764 4056 1024 4111 virtutum
1048 4074 1168 4113 esse
1192 4061 1545 4126 charitatem;
1572 4063 1661 4117 cui
1686 4064 1848 4133 quid-

268 4144 399 4212 quid
441 4145 703 4200 inseritur
753 4148 882 4202 boni
919 4150 1121 4219 operis,
1172 4150 1398 4206 Christo
1449 4153 1847 4208 incrementum

1946 1848 2119 1919 ringis
2162 1850 2379 1919 agimus
2438 1851 2701 1906 canonice
2739 1854 3052 1921 tcrmincnt,
3084 1864 3138 1908 et
3189 1854 3235 1909 si
3268 1871 3390 1924 quae
3422 1856 3530 1910 alia

1937 1939 2258 2009 corrigenda
2281 1941 2640 1995 occurret-int.
2671 1940 2829 2008 Quod
2854 1943 2900 1997 si
2917 1944 3033 1998 ﬁeri
3056 1946 3264 2014 nequit,
3288 1946 3409 2000 aliis
3432 1960 3530 2001 vos

1939 2032 2336 2100 occupantibus
2370 2033 2622 2103 negotiis,
2652 2034 2843 2088 saltem
2880 2035 3117 2104 petimus
3155 2037 3330 2107 ipsam
3368 2054 3533 2109 syno-

1940 2122 2070 2177 dum
2103 2133 2369 2190 nostram,
2396 2141 2520 2195 qua:
2545 2126 2735 2196 utique
2767 2135 2820 2181 et
2845 2136 3027 2182 vestra
3062 2137 3165 2195 est,
3215 2132 3531 2199 apostolicis

1941 2214 2249 2270 sanctitatis
2276 2224 2472 2271 vestra:
2501 2217 2698 2272 litteris
2722 2218 2992 2285 roborari,
3019 2234 3141 2287 quae
3161 2229 3215 2273 et
3239 2222 3531 2275 rebellibus

1942 2306 2230 2361 anathema
2256 2307 2600 2375 denuntient,
2633 2318 2686 2363 et
2719 2324 3064 2380 quaecunque
3091 2311 3225 2365 inibi
3263 2313 3531 2368 canonice

1942 2407 2111 2468 gesta,
2146 2408 2328 2455 vestra
2351 2401 2673 2456 auctoritate
2697 2404 3039 2457 confirment.
3256 2475 3268 2482 _

2016 2490 2154 2556 Quia
2179 2507 2309 2546 vero
2332 2493 2568 2547 maxima
2614 2509 2847 2563 quaeque
2874 2495 3260 2551 ecclesiasticae
3290 2495 3532 2564 discipli-

1946 2598 2031 2636 nae
2058 2584 2274 2653 negotia
2304 2584 2373 2638 ab
2403 2585 2523 2654 ipso
2554 2587 2851 2654 prmsulutn
2880 2587 3083 2641 vertice
3107 2587 3531 2643 debentexami—

1946 2677 2087 2742 nari,
2124 2678 2284 2747 cujus
2305 2693 2369 2732 ex
2399 2677 2643 2746 injuncta
2669 2679 2917 2732 omnium
2945 2680 3300 2734 ecclesiarum
3326 2679 3531 2735 sollici-

1948 2768 2154 2834 tudine,
2184 2770 2525 2840 privilegium
2561 2779 2666 2837 est,
2705 2772 2853 2841 quod
2894 2787 2991 2841 per
3046 2788 3147 2827 nos
3194 2789 3305 2827 non
3334 2789 3533 2843 possu-

1947 2876 2071 2916 mus
2121 2862 2417 2932 corrigere,
2445 2862 2510 2916 ad
2534 2863 2898 2931 patrocinium
2933 2864 3196 2920 almitatis
3234 2873 3427 2920 vestrae
3453 2880 3533 2921 ro-
3563 2910 3566 2914 λ

1948 2951 2195 3018 ferimus,
2227 2954 2375 3023 quod
2419 2954 2586 3009 etiam
2625 2955 2834 3025 pridem
2866 2957 2934 3011 ad
2958 2971 3059 3013 vos
3094 2959 3409 3027 pervenisse
3437 2974 3532 3014 co-

1949 3044 2239 3114 gnovimus
2266 3046 2333 3101 dc
2358 3033 2735 3103 crudelissima
2763 3056 2819 3101 et
2846 3048 3090 3103 inaudita
3110 3065 3244 3105 nece
3263 3052 3533 3124 designati

1899 3148 1915 3168 δ
1950 3134 2367 3192 Treverensium
2397 3140 2661 3225 episcopi,
2686 3140 2784 3209 qui
2809 3140 3144 3198 Christianis
3170 3145 3532 3214 temporibus,

1951 3226 2337 3284 nefantiissima
2374 3239 2427 3284 et
2455 3232 2877 3286 sceleratissima
2906 3231 3231 3290 Neroniana:
3257 3244 3313 3290 et
3342 3235 3534 3292 Decia—

1949 3335 2035 3374 na:
2065 3321 2464 3389 persecutionis
2487 3324 2856 3379 cruciamenta
2894 3333 3170 3393 expertus,
3210 3325 3457 3382 horribili
3480 3338 3535 3384 et

1949 3412 2269 3469 exsecrabili
2296 3428 2585 3482 pmnarum
2621 3430 2817 3485 genere
2854 3416 3103 3471 addictus
3132 3426 3215 3472 est
3238 3418 3423 3475 morti.
3449 3422 3535 3477 Ad

1949 3503 2110 3572 cujus
2148 3514 2513 3561 monstruosa:
2552 3506 2706 3562 necis
2746 3508 3028 3573 ultionem,
3082 3513 3395 3567 testamenti
3446 3508 3535 3569 sui

1949 3597 2271 3653 recordatus
2296 3599 2533 3666 primum
2578 3606 2832 3672 assurgat
2869 3598 3136 3655 Dominus
3171 3600 3332 3658 Jesus
3373 3602 3535 3658 Chri-

1950 3698 2092 3754 stus,
2118 3689 2313 3744 deinde
2330 3700 2524 3745 vestra:
2547 3691 2889 3744 auctoritatis
2905 3690 3208 3747 fortissima
3220 3702 3276 3748 et
3297 3696 3532 3763 patrociv

1950 3783 2092 3837 nalis
2130 3798 2346 3837 manus.
2382 3782 2564 3838 Sacris
2584 3798 2820 3852 namque
2843 3798 3119 3837 canonum
3147 3784 3383 3841 decretis
3401 3800 3538 3840 san-

1950 3875 2120 3929 citum
2143 3883 2226 3929 est
2264 3884 2326 3928 ut
2373 3874 2547 3929 sicubi
2595 3874 2884 3943 episcopus
2920 3875 3225 3943 ordinetur,
3280 3877 3373 3947 qui
3422 3879 3534 3932 vita

1950 3967 2036 4021 vel
2064 3967 2373 4022 moribus'a
2402 3975 2552 4020 tanta
2586 3967 2858 4035 discrepet
2897 3965 3184 4037 dignitate,
3213 3969 3299 4023 vel
3340 3970 3435 4040 qui
3466 3968 3535 4024 ad

1954 4069 2164 4114 tantum
2198 4058 2458 4113 ascendat
2491 4058 2699 4127 apicem
2726 4058 3078 4126 subi-optione
3108 4075 3217 4114 non
3247 4061 3534 4128 electione,

1952 4151 2002 4204 ci
2029 4149 2363 4204 audientiam
2391 4163 2502 4201 non
2524 4148 2735 4216 negari,
2766 4156 2822 4201 et
2847 4149 2953 4202 hoc
2994 4149 3161 4203 etiam
3190 4159 3388 4218 praeter
3409 4168 3536 4207 sen-

267 4236 451 4305 dante,
507 4240 650 4308 parit
693 4237 930 4295 fructum
971 4251 1187 4297 aeternae
1212 4243 1583 4298 beatitudinis.
1626 4243 1754 4300 Haec
1794 4247 1847 4299 in
1953 4240 2179 4295 tentiam
2210 4240 2441 4293 llomani
2469 4239 2744 4308 pontiﬁcis
2779 4255 2888 4292 lan
2931 4239 3130 4294 debere
3169 4241 3305 4295 ficri.
3338 4241 3397 4297 In
3426 4258 3537 4313 qua

270 4332 619 4388 sanctissimo
641 4342 860 4403 pectore
894 4343 1076 4388 vestro
1114 4342 1372 4389 aaternam
1411 4334 1594 4404 posuit
1640 4336 1847 4402 sedem,
1924 4328 2034 4394 ‘rc,
2072 4330 2118 4385 si
2154 4347 2211 4385 se
2234 4330 2411 4384 clerus
2448 4329 2531 4382 vel
2561 4329 2796 4398 populus
2840 4329 3132 4397 cujuslibet
3155 4331 3396 4389 civitatis
3427 4351 3536 4391 sa:—

267 4431 317 4478 θι
350 4422 405 4477 in
432 4422 823 4479 fecundissima
845 4425 1090 4495 carparis
1126 4426 1294 4481 vestri
1343 4435 1487 4481 terra
1517 4428 1685 4482 altum
1734 4428 1851 4482 ﬁxit.
1884 4458 1929 4516 Β
1956 4422 2125 4479 eulari
2155 4421 2395 4491 potentia
2422 4421 2621 4476 viderit
2644 4421 3074 4491 prtegravari,ad
3104 4438 3319 4478 sacram
3343 4436 3547 4482 vestras

268 4515 539 4583 radicem;
573 4517 639 4572 de
671 4533 798 4588 qua,
825 4533 948 4571 rore
969 4518 1207 4572 caelestis
1235 4518 1421 4590 gratia:
1444 4518 1724 4590 irrigante,
1754 4536 1851 4589 per
1885 4512 1917 4516 ν
1961 4514 2105 4570 sedis
2157 4512 2531 4568 defensionem
2573 4512 2772 4567 habeat
2838 4512 3177 4582 confugium,
3221 4516 3310 4569 cui
3349 4520 3547 4587 przeci-

269 4618 443 4664 totam
492 4619 697 4665 sancta:
737 4609 993 4665 Ecclesiae
1048 4625 1232 4664 aream
1296 4611 1626 4680 multiplices
1683 4627 1853 4667 sacra:
1961 4607 2140 4677 picnte
2169 4605 2403 4659 Domino
2427 4605 2708 4691 delegatus
2748 4612 2832 4660 est
2858 4605 3125 4673 primatus
3154 4609 3400 4664 omnium
3434 4611 3545 4666 Ec-

270 4700 534 4757 doctrinte
575 4710 628 4757 et
647 4702 918 4757 bonorum
962 4717 1190 4771 operum
1238 4704 1642 4773 protenduntur
1686 4705 1848 4768 rami,
1958 4700 2269 4755 clesiarum.
2300 4695 2455 4753 Nunc
2478 4713 2630 4764 vero,
2662 4712 2731 4753 ne
2776 4697 2905 4751 dum
2965 4699 3052 4753 isti
3085 4700 3154 4753 de
3199 4714 3311 4768 quo
3362 4704 3553 4774 agitur

271 4807 509 4863 quorum
544 4792 824 4849 fructifera
854 4795 1099 4850 ubertate
1134 4796 1377 4861 aluntur,
1408 4806 1464 4849 et
1502 4797 1695 4852 tttnbra
1726 4812 1853 4865 pro-
1960 4791 2225 4847 canonica
2250 4790 2477 4845 daretur
2502 4790 2802 4856 audientia,
2844 4806 2911 4845 nc
2931 4793 3063 4846 dum
3086 4792 3251 4846 vestri
3273 4797 3549 4849 examinis

274 4892 528 4956 teguntur
569 4901 699 4940 oves
747 4902 886 4958 quas
930 4887 1233 4956 pascendas
1269 4888 1591 4957 suscepistis
1632 4888 1749 4943 vice
1783 4888 1851 4941 il-
1961 4891 2369 4954 exspectaretur
2424 4884 2716 4949 sententia,
2757 4883 2915 4952 quasi
2972 4883 3173 4937 furtiva
3211 4883 3559 4941 latrocinan‘

274 4975 381 5032 lius
413 4977 596 5047 magni
632 4976 797 5033 Petri.
838 4977 952 5032 Hac
985 4994 1117 5049 ergo
1161 4979 1422 5045 dictante,
1454 4995 1558 5036 nos
1612 4996 1853 5051 quoque,
1956 4981 2100 5034 tium
2123 4989 2287 5029 manu
2317 4984 2514 5045 captus
2534 4983 2590 5028 et
2631 4976 2920 5046 spoliatus,
2949 4977 3075 5031 dein
3115 4974 3443 5044 gravissima
3485 4980 3554 5033 de

275 5065 371 5136 qui
420 5067 768 5124 sanctissimo
811 5069 1140 5139 apostolatui
1177 5079 1358 5126 vestro
1416 5072 1472 5125 in
1518 5070 1857 5130 fructiferam
1961 5073 2086 5129 loco
2114 5068 2179 5123 ad
2203 5068 2391 5120 locum
2438 5066 2915 5138 transportatione
2951 5068 3200 5131 amictus,
3226 5068 3475 5138 tandem,
3499 5081 3567 5126 ut

277 5157 475 5213 olivam
500 5174 688 5215 sumus
711 5159 922 5226 inserti,
953 5166 1008 5214 ct
1031 5162 1134 5217 sub
1154 5160 1421 5232 clavigera
1445 5167 1586 5223 tanti
1631 5163 1856 5235 pontiﬁ-
1964 5168 2238 5224 asserunt,
2266 5159 2547 5214 communi
2579 5160 2801 5216 illorum
2826 5160 3058 5214 consilio
3089 5164 3263 5211 morte
3301 5164 3566 5233 turpiss'k-

278 5249 356 5304 eis
378 5264 571 5316 manu,
597 5249 652 5304 in
673 5268 811 5324 opus
828 5250 1117 5307 ministerii
1137 5256 1403 5323 assumpti
1424 5275 1437 5310 :
1462 5273 1590 5328 nos,
1611 5260 1855 5326 inquam,
1967 5278 2056 5318 ma
2075 5254 2376 5313 mulctatus
2407 5260 2510 5308 est.
3212 5246 3223 5255 ’
