4022 5340
287 223 436 281 £537
472 285 480 293 η

1559 231 1838 288 NOTlTlA
1871 232 2248 290 HISTORICA.

3407 221 3544 280 N58

315 354 3541 403 ΝΜ

1627 518 1765 557 ANNO
1793 518 1979 557 DOIINI
2006 519 2206 558 luxv.

1142 693 1476 895 DE
1519 691 2350 900 ODUIN
2373 692 2694 900 US

1489 1015 1892 1073 LEODIENSIS
1928 1015 2322 1073 EPISCOPUS.

761 1305 1270 1399 NOTITIA
1339 1306 1988 1398 HISTORICA
2049 1308 2187 1446 IN
2267 1305 3035 1397 DEODUINUM.

1163 1497 1366 1570 (Gallia
1396 1498 1726 1564 Christiana,
1756 1514 1881 1552 nov.
1909 1497 2064 1565 edit.,
2097 1505 2228 1552 tom.
2261 1495 2348 1564 ΙΙΙ,
2384 1513 2506 1568 pag.
2538 1498 2688 1569 868.)

365 1784 676 1840 Deoduinus
698 1779 856 1851 quiet
886 1777 1239 1846 Theoduinus,
1267 1779 1554 1835 Dietwinus
1577 1797 1640 1837 ac
1657 1779 1869 1835 Tietwi-
1899 1781 1943 1837 Α
1970 1797 2000 1836 a
2033 1781 2397 1839 fundamentis
2421 1784 2616 1839 evexit.
2647 1782 2756 1838 Hoc
2798 1783 2916 1853 ipso
2944 1799 3108 1850 anno,
3135 1799 3260 1839 cum
3289 1784 3546 1843 Anselmo

295 1895 414 1942 nus,
438 1876 657 1930 natione
685 1872 916 1929 Noricus
945 1874 1012 1928 de
1045 1873 1290 1939 Bavaria,
1308 1875 1744 1944 consanguineus
1770 1872 1872 1926 im-

294 1965 582 2036 peratoris,
632 1963 708 2017 ait
752 1963 1038 2018 Albericus
1075 1963 1128 2016 in
1169 1962 1464 2028 Chronico,
1507 1978 1574 2018 ex
1616 1962 1872 2032 praefecto

296 2056 355 2111 S.
381 2053 666 2111 Donatiani
693 2054 1002 2125 Brugensis,
1023 2053 1175 2108 aiunt
1196 2053 1622 2117 Sammarthani,
1650 2053 1872 2107 Wasoni

294 2162 586 2202 successor
607 2145 769 2199 datus
795 2153 879 2199 est
898 2146 967 2199 ab
995 2143 1229 2199 Henrico
1249 2143 1314 2196 lll
1341 2144 1688 2213 imperatore,
1713 2155 1772 2198 ut
1798 2135 1873 2198 ait

293 2254 399 2294 ms.
453 2237 622 2292 codex
665 2237 920 2291 Alnensis
978 2236 1094 2307 (qui
1144 2244 1198 2290 et
1251 2235 1714 2306 consanguineum
1753 2235 1872 2305 ejus

293 2331 464 2385 fuisse
486 2329 727 2396 asserit),
760 2338 884 2384 ante
911 2328 1179 2383 Kalendas
1203 2328 1433 2398 AuguSti
1461 2343 1604 2383 anno
1627 2327 1783 2392 1048,
1814 2336 1872 2381 ιιι

293 2429 441 2490 patet
467 2435 532 2474 ex
567 2419 686 2488 ejus
713 2419 1005 2488 diplomate
1038 2433 1136 2488 pro
1174 2417 1373 2472 lluensi
1406 2418 1650 2481 basilica,
1682 2419 1735 2470 in
1764 2433 1873 2487 quo

293 2512 413 2580 ejus
449 2526 626 2565 annus
673 2511 917 2565 decimus
959 2525 1136 2564 nonus
1179 2509 1526 2579 conjungitur
1571 2524 1695 2563 cum
1728 2525 1872 2564 anno

294 2601 500 2656 Christi
523 2601 812 2656 millesimo
836 2601 1174 2671 sexagesimo
1197 2610 1368 2654 sexto.
1400 2599 1534 2654 Eum
1558 2599 1873 2655 Leodiensis

296 2690 553 2746 Ecclesiae
586 2690 854 2760 placidum
883 2690 1028 2743 sidus
1055 2690 1324 2759 appellant
1352 2691 1724 2744 commentarii
1758 2706 1871 2744 cas-
1920 2711 1926 2714 ·

297 2781 446 2836 nobii
471 2779 530 2835 S.
562 2779 858 2835 Laurentii.
905 2779 1032 2834 Belli
1073 2779 1312 2833 motibus
1344 2779 1496 2833 initia
1525 2780 1874 2848 pontificatus

299 2877 419 2946 ejus
433 2875 646 2929 turbata
662 2883 815 2928 sunt:
837 2881 1020 2926 motus
1043 2873 1096 2925 in
1116 2870 1398 2925 llollandia
1421 2871 1596 2926 ciebat
1622 2871 1872 2925 Theodo-

298 2969 449 3024 ricus
472 2967 738 3031 marchio,
763 2980 862 3020 nec
890 2965 1184 3033 reprimere
1206 2964 1380 3032 potuit
1405 2964 1605 3018 Caesar.
1635 2962 1705 3017 At
1728 2979 1874 3018 anno

303 3058 552 3129 sequenti
590 3056 728 3112 1049
757 3055 1070 3110 Deoduinus
1099 3055 1213 3124 ipse
1233 3069 1359 3108 cum
1394 3053 1774 3121 Ultrajectensi
1811 3069 1874 3108 ac

300 3150 526 3206 Metensi
568 3149 909 3219 praesulibus,
958 3146 1296 3215 finitimaque
1335 3145 1615 3200 nobilitate
1645 3145 1876 3214 conjun-

302 3242 404 3298 ctis
423 3241 596 3311 copiis
622 3240 764 3294 viam
786 3238 954 3311 glacie
981 3237 1254 3307 aperiente
1275 3235 1598 3291 Theodorici
1617 3235 1877 3290 ditionem

301 3334 623 3406 penetravit,
659 3341 714 3387 et
734 3333 912 3402 ipsum
944 3345 1231 3387 occurrere
1265 3344 1460 3383 ausum
1490 3328 1637 3393 vicit,
1662 3334 1714 3381 et
1735 3328 1877 3382 ccci-

304 3427 403 3491 dit,
436 3424 790 3481 Godefridum
829 3422 1108 3492 suppetias
1149 3419 1406 3475 ferentem
1451 3420 1780 3489 expugnavit
1817 3434 1880 3472 ac

305 3515 461 3572 fudit.
493 3515 584 3571 Sic
613 3515 938 3570 Leodienses
957 3520 1230 3578 auctores,
1258 3526 1570 3582 quanquam
1591 3510 1748 3581 longe
1777 3510 1865 3564 ali-

303 3617 386 3665 ter
414 3607 649 3663 referant
680 3606 946 3661 Hollandi.
979 3604 1181 3658 Eodem
1214 3602 1326 3657 fere
1352 3610 1595 3671 tempore
1619 3599 1880 3655 Leodium

305 3700 522 3755 advenit
572 3699 682 3753 Leo
729 3696 794 3750 IX
847 3696 942 3766 qui
989 3711 1174 3766 pacem
1224 3693 1478 3748 restituit.
1522 3692 1680 3746 Anno
1720 3692 1878 3756 1050,

304 3806 495 3861 sparso
521 3805 738 3844 rumore
767 3789 834 3844 de
861 3788 1093 3844 concilio
1123 3785 1419 3841 Parisiensi
1445 3783 1705 3839 adversus
1735 3781 1879 3837 lien-

302 3883 478 3937 ricum
507 3882 947 3952 Andegavensem
969 3879 1286 3948 episcopum
1306 3885 1360 3932 et
1389 3875 1790 3946 Berengarium,
1815 3876 1882 3929 ab

307 3972 540 4027 llenrico
559 3988 686 4042 rege
714 3972 936 4035 indicto,
959 3969 1167 4025 litteras
1189 3969 1257 4024 ad
1286 3969 1462 4037 ipsum
1487 3967 1663 4033 dedit,
1685 3966 1883 4037 quibus

307 4079 337 4117 a
361 4064 576 4118 concilii
608 4063 967 4118 celebratione
994 4062 1332 4125 dehortatur,
1362 4075 1426 4112 eo
1449 4057 1718 4128 praecipue
1739 4058 1884 4126 quod

307 4170 430 4210 cum
456 4155 743 4225 episcopus
767 4154 884 4209 sine
909 4152 1206 4223 apostolica
1233 4150 1556 4205 auctoritate
1578 4149 1884 4205 damnatio-

305 4248 392 4302 nis
423 4247 605 4302 subire
643 4245 968 4301 sententiam
1013 4259 1124 4297 non
1169 4241 1362 4311 possit,
1407 4239 1671 4309 quidquid
1694 4247 1884 4294 contra

305 4339 428 4393 illos
455 4337 562 4403 flet,
596 4336 910 4391 scandalum
940 4335 994 4388 in
1015 4333 1261 4387 omnium
1293 4332 1530 4386 fidelium
1565 4330 1764 4399 populo
1788 4345 1875 4398 ge-

1976 1868 2032 1923 S.
2081 1868 2353 1923 Lamberti
2407 1869 2691 1931 canonico,
2724 1869 2818 1936 qui
2854 1868 3237 1923 nonnullorum
3278 1868 3544 1925 Leodien-

1973 1961 2114 2016 sium
2145 1960 2436 2030 praesulum
2448 1969 2596 2029 gesta
2621 1957 2964 2028 conscripsit,
2995 1958 3222 2014 Romam
3250 1961 3546 2030 profectus,

1973 2051 2046 2105 ibi
2078 2050 2471 2106 Theodericum
2503 2049 2863 2103 Laubiensem
2902 2050 3232 2102 monachum
3275 2048 3549 2120 Jerosoly-

1973 2142 2241 2197 mitanum
2271 2142 2373 2196 iter
2397 2157 2710 2211 aggressum
2733 2140 2954 2209 reperit,
2985 2155 3297 2209 quanquam
3323 2139 3554 2194 Fulden-

1974 2233 2128 2288 sibus
2172 2233 2456 2287 monachis
2500 2231 2866 2301 professorem
2910 2231 3252 2300 designatum
3283 2232 3337 2285 in
3367 2231 3548 2285 locum

1973 2321 2212 2378 defuncti
2255 2321 2506 2376 Adelardi
2552 2322 2950 2392 Andaginensis
2989 2322 3200 2376 abbatis
3270 2323 3550 2377 substituit

1973 2429 2118 2467 anno
2146 2413 2303 2476 1055,
2330 2421 2388 2466 ut
2417 2411 2579 2465 refert
2606 2411 2723 2464 Vita
2755 2411 3094 2476 Theoderici,
3118 2411 3236 2464 Act.
3270 2409 3544 2464 Benedict.

1975 2503 2111 2558 Sacc.
2140 2502 2227 2569 Vl,
2264 2512 2416 2573 parte
2455 2521 2513 2568 ιι,
2546 2520 2599 2572 p.
2646 2503 2767 2556 567.
2807 2502 2909 2555 An.
2956 2503 3205 2571 sequenti
3245 2501 3436 2555 allatas
3479 2515 3547 2559 ex

1974 2597 2222 2652 Callaecia
2255 2598 2323 2650 ab
2361 2596 2690 2651 llerimanuo
2714 2597 2937 2650 consule
2967 2596 3033 2650 de
3066 2593 3202 2650 Grez
3227 2603 3280 2649 ct
3310 2593 3550 2648 Roberto

1976 2689 2033 2745 S.
2068 2691 2255 2746 Jacobi
2304 2690 2520 2744 Leodic.
2564 2689 2836 2743 monacho
2879 2688 3137 2757 reliquias
3172 2687 3337 2756 jussit
3365 2686 3551 2741 debito

1973 2781 2200 2846 honore,
2231 2779 2577 2848 maximaque
2617 2793 2814 2848 pompa
2846 2778 2900 2830 in
2933 2777 3121 2831 urbem
3153 2775 3359 2840 induci,
3403 2783 3456 2828 et
3494 2774 3551 2828 in

1975 2870 2310 2925 monasterio
2337 2869 2442 2923 sub
2485 2867 2541 2923 S.
2581 2868 2827 2936 Apostoli
2858 2867 3077 2922 nomine
3103 2866 3283 2920 dicato
3307 2863 3552 2920 recondi.

1975 2955 2272 3011 Ecclesiam
2287 2955 2346 3007 B.
2364 2953 2542 3008 Maria:
2557 2952 2830 3016 Iloieusis,
2847 2966 3012 3020 quam
3024 2960 3104 3005 tot
3117 2949 3535 3018 sumptibus-per
3551 2983 3558 2990 ο

1977 3047 2180 3103 fecerat
2200 3061 2308 3100 una
2324 3061 2450 3101 eum
2461 3045 2718 3115 episcopo
2731 3041 3111 3097 Cameracensi
3128 3040 3399 3094 Lietherto
3411 3040 3554 3094 dedi-

1978 3140 2275 3193 cavitanno
2296 3136 2812 3204 1066,pontiﬁcatus
2824 3133 2910 3189 sui
2933 3147 3078 3188 anno
3099 3131 3187 3198 19,
3209 3147 3304 3185 vni
3327 3129 3550 3185 Kalend.

1979 3228 2282 3297 Septembr.
2303 3226 2367 3280 Ei
2391 3224 2759 3281 deserviendae
2782 3223 2848 3277 15
2868 3221 3183 3286 canonicos,
3203 3219 3552 3288 totidemjam

1978 3326 2132 3372 antea
2165 3316 2383 3381 creatis,
2425 3315 2704 3384 adjunxit;
2735 3328 2798 3366 ac
2819 3313 2998 3366 triduo
3023 3319 3145 3379 post
3163 3309 3375 3363 civibus
3397 3309 3557 3362 liber-

1979 3419 2142 3462 tatem
2185 3408 2400 3476 aliaque
2450 3405 2732 3475 privilegia
2779 3401 3051 3458 concessit
3088 3400 3214 3455 dato
3263 3400 3557 3469 diplomate

1979 3503 2125 3574 quod
2161 3502 2381 3557 exhibet
2415 3497 2748 3568 Chapeavill.
2787 3495 2934 3550 Gest.
2980 3494 3146 3548 Leod.
3173 3491 3391 3563 pontif.,
3418 3501 3551 3546 tom.

1978 3593 2044 3660 ll,
2074 3611 2124 3663 p.
2162 3611 2234 3648 iv.
2269 3593 2328 3646 ln
2362 3593 2550 3646 charta
2596 3597 2775 3642 tamen
2817 3584 3135 3648 dotationis,
3184 3599 3348 3652 quam
3393 3580 3559 3636 refert

1979 3686 2214 3751 Miraaus,
2230 3683 2394 3740 Notit.
2417 3683 2549 3738 eccl.
2569 3679 2878 3750 Belg.,data
2902 3674 3268 3732 dicitur1066.
3293 3675 3399 3728 An.
3421 3672 3552 3726 1071

1982 3779 2246 3835 Richildis
2277 3774 2548 3831 Flandrize
2588 3780 2643 3827 et.
2684 3769 2986 3825 Hannoniaa
3025 3767 3326 3831 comitissa,
3370 3779 3494 3819 cum
3525 3779 3558 3818 a

1983 3870 2163 3926 mariti
2187 3869 2354 3922 fratre
2373 3862 2628 3918 Flandria
2651 3861 2821 3916 armis
2854 3866 3115 3929 occupata
3147 3856 3362 3920 fuisset,
3389 3855 3555 3909 ultio-

1982 3961 2070 4016 nis
2097 3968 2335 4014 azstuans
2362 3953 2652 4019 desiderio,
2678 3953 3001 4006 immensam
3025 3947 3269 4018 pecuniae
3287 3958 3559 4001 summam

1982 4070 2014 4107 a
2050 4051 2331 4106 Deoduino
2360 4045 2672 4117 postulavit,
2704 4043 2960 4110 deditque
2993 4039 3236 4094 vicissim
3263 4034 3561 4090 Harmoniae

1984 4143 2323 4204 comitatum,
2375 4153 2540 4207 quem
2571 4136 2641 4190 ab
2667 4149 2733 4188 eo
2764 4142 2947 4202 postea
2979 4129 3182 4199 recepit
3221 4128 3274 4180 in
3318 4124 3556 4179 feodum.

1985 4235 2178 4303 Ingens
2213 4245 2344 4285 sane
2377 4229 2546 4282 decus
2587 4241 2652 4280 ac
2680 4223 2920 4294 potentia
2951 4221 3081 4276 huic
3119 4216 3376 4273 Ecclesia:
3420 4214 3559 4268 Leo-

1983 4326 2161 4381 diensi
2205 4323 2491 4384 advenere,
2537 4317 2632 4372 sed
2661 4317 2729 4370 ad
2765 4313 3084 4369 solutionem
3124 4306 3343 4377 expilati
3376 4304 3563 4360 basili-

305 4399 698 4498 nerabitpquia
744 4442 884 4496 quos
927 4424 1185 4480 videbunt
1232 4421 1547 4492 impunitos,
1583 4429 1637 4474 et
1672 4435 1881 4488 nequa-
1910 4443 1951 4498 ο
1985 4429 2171 4472 carum
2201 4409 2468 4474 thesauri,
2493 4422 2623 4461 vasa
2653 4405 2768 4475 ipsa
2791 4418 2945 4457 sacra
2975 4399 3176 4498 abillis
3198 4404 3490 4498 asportata,
3511 4403 3566 4450 et

305 4535 469 4590 quam
497 4535 528 4573 a
560 4519 645 4574 sui
680 4518 880 4588 gradus
912 4517 1119 4571 honore
1159 4514 1418 4583 dejectos,
1463 4512 1680 4566 eosdem
1721 4519 1879 4580 puta-
1916 4489 1951 4498 ν
1979 4509 2100 4566 aliis
2126 4504 2298 4560 nihilo
2316 4499 2648 4571 aequioribus
2669 4496 2845 4551 modis
2871 4491 3171 4562 consignita
3195 4489 3429 4590 pecunia
3443 4503 3560 4542 em-

306 4612 441 4665 bunt
468 4611 537 4664 ab
570 4609 719 4664 omni
762 4607 995 4663 concilio
1035 4615 1132 4662 aut
1157 4605 1302 4660 vinci
1331 4621 1438 4659 non
1484 4603 1746 4673 potuisse,
1789 4611 1883 4656 aut

307 4710 565 4772 purgatos
589 4715 729 4755 esse.
758 4699 988 4756 Prolatis
1011 4697 1203 4753 deinde
1226 4695 1501 4750 nonnullis
1533 4692 1632 4748 SS.
1658 4691 1882 4746 Patrum

305 4791 932 4857 auetoritatibus,varios
954 4805 1143 4846 eorum
1170 4802 1380 4842 errores
1407 4785 1668 4841 confutat.

376 4881 710 4948 Ann01053,
727 4883 927 4937 bellum
947 4881 1139 4936 iterum
1155 4879 1532 4948 imperatorem
1548 4879 1685 4932 inter
1695 4885 1749 4930 et
1764 4876 1886 4931 Bal-

304 4975 536 5030 duinum
558 4972 1081 5029 Flandriaecomitem
1093 4969 1388 5025 recruduit.
1405 4968 1502 5024 Hic
1524 4970 1759 5039 primum
1782 4968 1886 5023 im-

303 5077 495 5138 petum
510 5063 636 5119 fecit
651 5065 704 5120 in
717 5063 1099 5121 Leodiensium
1113 5062 1250 5116 ﬁnes
1270 5077 1283 5123 ;
1301 5060 1416 5128 ipse
1440 5059 1798 5124 Thudinium,
1824 5061 1888 5115 ﬁ-

304 5160 413 5213 lius
457 5159 795 5225 cognominis
833 5153 1050 5222 Hoium,
1086 5151 1250 5220 capit,
1279 5148 1538 5218 incendit,
1575 5168 1639 5208 ac
1669 5150 1889 5218 penitus

304 5247 517 5304 evertit.
554 5245 774 5304 Pietatis
798 5261 862 5300 ac
890 5240 1272 5300 munificentiae
1307 5239 1592 5298 Deoduino
1628 5245 1887 5297 occasio—

1981 4604 2221 4675 ptionem
2269 4592 2614 4650 confirmavit
2664 4591 2956 4658 imperator
3005 4583 3271 4640 Henricus
3312 4580 3403 4647 ιγ,
3441 4581 3567 4634 dato

1983 4673 2270 4765 praecepto,
2293 4684 2437 4756 quod
2460 4682 2644 4738 retulit
2674 4678 2946 4750 IEgidius,
2977 4676 3070 4746 qui
3105 4673 3220 4743 jam
3259 4685 3404 4765 an_no

1987 4760 2222 4848 cedenti,
2261 4780 2615 4834 decessorum
2662 4788 2889 4829 suorum
2946 4766 3266 4827 donationes
3311 4760 3572 4816 Ecclesia

1988 4872 2275 4931 Leodiensi
2324 4869 2498 4926 factas
2543 4867 2836 4936 diplomate
2864 4871 3016 4916 ratas
3056 4855 3338 4910 habuerat.
3383 4851 3573 4904 Eccle-

1989 4967 2126 5022 siam
2153 4965 2210 5018 S.
2239 4962 2532 5015 Evermaro
2556 4952 2900 5011 consecravit
2943 4955 3065 5021 post
3089 4948 3364 5013 patratum
3408 4940 3476 4994 ab
3513 4953 3580 4993 eo

1989 5057 2334 5113 miraculum.
2349 5053 2488 5106 Cum
2504 5049 2608 5104 sub
2620 5057 2824 5101 annum
2853 5043 2992 5095 1074
3011 5031 3454 5090 TheodoricusS.
3473 5029 3583 5085 llu-

1991 5147 2128 5203 berti
2152 5146 2319 5200 abbas
2335 5143 2564 5198 Romam
2588 5153 2713 5194 cum
2735 5133 3073 5188 llerimanno
3087 5122 3314 5179 Metensi
3327 5125 3586 5193 episcOpo

1991 5237 2267 5311 profectus
2285 5243 2450 5296 esset,
2479 5247 2508 5284 a
2531 5224 2793 5299 Gregorio
2820 5221 2940 5288 VII,
2963 5219 3050 5276 cui
3075 5211 3403 5311 jampridem
3428 5210 3588 5309 fami-

2995 5326 3017 5340 ρ
3041 5313 3120 5340 ηει
3165 5309 3214 5340 nt
3238 5299 3584 5340 nrivilnoilnn

2465 5335 2529 5340 __-
2544 5321 2718 5340 -_ZAA..
2756 5321 2986 5340 A'nAnI-u
