4022 5340
487 302 630 359 1439

1572 299 1895 355 DEODUINI
1932 298 2337 358 LEODIENSIS
2375 301 2685 359 EPISCOPI

3616 300 3754 356 illo

486 416 610 470 silio
668 414 906 486 graviter
956 413 1079 469 tulit
1136 412 1449 469 Deoduinus
1478 455 1493 478 ,
1546 413 1756 469 litteras
1813 416 2071 484 apostoli-
2100 421 2146 477 Α
2171 419 2301 489 quia
2339 418 2394 473 in
2429 418 2690 474 extremis
2716 416 2931 489 positus
2958 417 3269 485 videbatur,
3304 432 3431 473 eum
3458 431 3491 471 a
3519 416 3757 487 peccatis

484 525 580 564 cas
624 509 853 578 rejecit,
904 518 958 564 et
1017 508 1271 563 abbatem
1324 525 1356 562 a
1404 524 1505 562 suo
1555 517 1845 578 conspectu
1903 524 2071 577 repu-

486 602 564 657 lit.
611 600 768 668 Quod
809 617 934 656 cum
977 601 1275 669 accepisset
1305 600 1601 671 Gregorius
1631 598 1740 666 Vll,
1767 601 1975 655 litteras
2017 601 2071 655 ei

486 693 705 762 scripsit
734 682 890 747 datas
912 693 977 746 l0
998 692 1167 761 April.
1193 692 1321 746 anni
1348 692 1646 761 sequentis,
1670 692 1872 761 quibus
1893 691 2072 747 Theo-

484 784 732 839 dericum
755 791 982 839 excusat
1012 783 1317 854 asseritque
1344 783 1481 837 nihil
1523 791 1715 839 contra
1750 783 1928 854 ipsius
1962 783 2068 839 Ec-

484 875 665 931 clesiae
701 875 962 929 honorem
991 874 1204 941 iecisse,
1235 884 1418 930 monet
1440 886 1493 931 et
1518 884 1672 947 rogat
1697 885 1758 931 ut
1777 891 1901 930 eum
1925 884 2071 931 tran-

483 966 651 1037 quille
698 981 858 1037 agere
910 967 1205 1037 permittat.
1256 966 1505 1023 Graviter
1556 983 1681 1022 eum
1726 969 2070 1038 reprehendit

483 1058 629 1130 quod
654 1059 811 1128 plura
831 1058 884 1112 in
912 1060 1225 1129 episcopatu
1248 1059 1512 1115 adversus
1537 1057 1636 1113 SS.
1662 1058 1885 1115 Patrum
1913 1060 2069 1115 insti-

483 1156 601 1204 tuta
644 1151 990 1219 perpetrarit,
1018 1150 1270 1205 videlicet
1301 1150 1356 1204 in
1380 1150 1780 1206 venditionibus
1805 1152 2066 1207 ecclesia-

484 1242 748 1297 sticarum
764 1242 1089 1313 dignitatum
1111 1252 1165 1297 et
1190 1242 1578 1298 canonicarum
1609 1244 2022 1312 przebendarum
2052 1264 2064 1298 :

483 1332 681 1387 asserit
715 1333 925 1388 ratione
954 1333 1178 1403 justitiae
1199 1334 1287 1390 his
1314 1334 1380 1389 de
1401 1335 1583 1389 causis
1610 1335 1875 1390 sententia
1901 1335 1955 1388 in
1984 1337 2068 1406 ip-

483 1438 608 1477 sum
634 1424 1174 1480 animadvertendum
1210 1440 1353 1491 esse,
1380 1426 1473 1480 sed
1502 1440 1725 1494 parcere
1753 1440 1811 1479 se
1850 1434 2071 1495 propter

484 1515 710 1570 senilem
743 1525 977 1583 aetatem,
1010 1524 1065 1570 et
1092 1517 1220 1585 quia
1249 1514 1616 1571 Herimannus
1649 1516 1906 1571 Metensis
1946 1517 2065 1586 epi-

485 1619 686 1677 scopus
726 1622 853 1661 eum
893 1608 1036 1677 apud
1082 1622 1141 1661 se
1189 1608 1436 1677 pluribus
1476 1617 1795 1674 excusarat;
1833 1608 2068 1679 denique

490 1756 3159 1808 Μ

2171 510 2422 564 absolvit.
2456 508 2552 565 llis
2573 510 2768 566 litteris
2794 519 3102 565 commotus
3121 511 3431 579 episcopus,
3463 515 3591 578 post
3610 506 3752 560 mul-

2168 609 2255 656 tas
2281 602 2760 672 tergiversationes
2783 600 3179 657 Theodericum
3208 600 3415 655 audivit
3440 601 3493 653 in
3515 596 3754 669 Hoyensi

2171 703 2439 748 conventu
2468 703 2521 748 et
2547 694 2797 749 absolvit.
2827 692 2942 747 Non
2979 692 3150 748 multo
3192 701 3317 763 post
3348 693 3513 747 rebus
3554 692 3754 746 huma-

2171 786 2259 841 nis
2278 786 2512 841 excessit
2544 785 2859 842 Deoduinus
2890 802 2946 841 ιι
2968 784 3086 840 Kal.
3123 784 3316 850 Julias,
3334 784 3444 839 imo
3468 782 3752 848 KalJulii,

2176 877 2353 947 inquit
2385 894 2490 933 ms.
2522 878 2641 934 cod.
2663 877 2941 946 Albensis,
2983 894 3127 933 anno
3154 877 3504 948 episcopatus
3531 876 3625 943 26,
3651 877 3755 931 hoc

2173 970 2361 1023 eodem
2384 985 2530 1025 anno
2559 969 2717 1036 1075,
2746 979 2805 1026 ιιι
2831 969 3065 1025 refertur
3089 970 3144 1025 in
3169 968 3291 1024 Vita
3318 969 3378 1023 Β.
3406 968 3753 1035 Theoderici,

2173 1060 2292 1115 Act.
2318 1060 2542 1116 Bened..
2571 1070 2703 1117 tom.
2730 1060 2818 1129 Vl,
2843 1072 2984 1132 part.
3016 1079 3075 1129 ιι,
3101 1079 3154 1133 p.
3184 1062 3309 1129 576;
3333 1069 3589 1116 asserunt
3613 1059 3758 1131 Egi—

2174 1151 2299 1206 dius
2352 1152 2494 1221 apud
2545 1152 2904 1223 Chapeavill.,
2947 1163 2985 1208 t.
3035 1152 3100 1221 ll,
3152 1169 3206 1224 p.
3257 1153 3346 1220 Si,
3394 1161 3448 1207 et
3495 1151 3753 1205 Chronic.

2174 1241 2476 1299 Leodicnse
2511 1244 2654 1313 apud
2682 1243 2853 1300 Labb.
2888 1242 3026 1299 Hist.
3057 1260 3185 1310 ms.,
3220 1252 3353 1298 tom.
3385 1241 3428 1309 Ι,
3454 1257 3509 1312 p.
3541 1240 3670 1307 337,
3700 1249 3759 1294 ut

2175 1340 2229 1387 et
2258 1331 2545 1387 Albericus
2589 1334 2644 1386 in
2684 1332 2980 1401 Chronico,
3028 1348 3343 1404 quanquam
3385 1333 3505 1402 ejus
3547 1330 3758 1386 obitum

2175 1441 2320 1482 anno
2343 1425 2667 1497 praecedenti
2681 1425 2967 1496 consignat
2995 1425 3156 1480 breve
3176 1424 3432 1489 Chronic.
3466 1421 3756 1485 Lobiense,

2172 1517 2315 1586 apud
2366 1515 2590 1570 Marteu.
2634 1515 2923 1580 Anecdot.,
2951 1522 2992 1569 t.
3025 1513 3111 1579 lll,
3142 1515 3246 1568 col.
3290 1513 3451 1569 1419-
3500 1509 3758 1579 Sepultus

2172 1617 2256 1663 est
2292 1607 2425 1680 Hoyi
2456 1609 2509 1662 in
2530 1607 2664 1673 aede,
2694 1622 2861 1678 quam
2891 1605 3133 1675 Deipara:
3155 1603 3363 1674 Virgini
3386 1610 3756 1658 consecrarat.

3111 1759 3759 1794 τρεπέ

1114 1943 2005 2057 nnonunvr
2102 1938 3164 2109 Lnomntvsrs

1742 2150 1835 2205 AD
1872 2146 2232 2205 HENRICUM
2271 2147 2507 2204 REGEM

648 2324 1221 2458 MNTRA
1337 2326 2181 2456 BRUNONEM.
2242 2326 2410 2454 ΕΤ
2514 2316 3598 2449 BERENGARIUM

1782 2565 2454 2687 EPISTOLA.

934 2790 965 2816 ς
1131 2772 1134 2775 ’
1476 2759 1800 2845 (Gutum,
1842 2771 2085 2826 Veterum
2112 2770 2342 2825 Patrum
2362 2768 2739 2840 Bibliotheca.)

1960 2928 2030 2947 -‘

2037 2931 2350 2949 κ*

555 3051 966 3110 Gioriosissimo
1005 3060 1061 3107 et
1099 3050 1462 3107 invictissimo
1516 3050 1630 3121 regi
1679 3050 2018 3108 Francorum
2045 3095 2062 3119 ,
2095 3056 2138 3116 Β
2166 3051 2370 3106 dientia
2392 3048 2572 3105 sancti
2598 3046 2815 3103 concilii
2844 3046 3010 3117 (sicut
3037 3046 3140 3117 ipsi
3162 3046 3230 3101 de
3257 3061 3418 3117 paena
3446 3047 3629 3102 securi
3652 3062 3748 3116 po—

483 3141 745 3209 Henntco,
763 3142 1051 3197 Dnnmnus
1071 3140 1424 3213 [Dsonomus]
1443 3140 1790 3198 Leodicensis
1812 3144 2063 3211 antistes,

485 3233 805 3305 temporalis
835 3234 988 3304 regni
1012 3232 1463 3304 gubernationem
1504 3232 1579 3288 ita
1610 3233 1906 3302 moderari,
1930 3245 1989 3289 ut
2010 3236 2065 3289 in

484 3334 751 3383 aeternum
802 3341 927 3380 cum
974 3324 1180 3381 sanctis
1206 3323 1278 3379 ab
1309 3324 1686 3396 omnipotente
1715 3325 1826 3381 Deo
1868 3327 2065 3385 merito

483 3417 677 3473 debeat
695 3416 969 3471 coronari.

460 3530 465 3539 ι
553 3507 723 3565 Fama
766 3522 1053 3577 supremos
1079 3505 1268 3562 Galliae
1308 3506 1447 3562 ﬁnes
1478 3517 1863 3579 praetergressa
1892 3516 2062 3564 totam

483 3598 833 3653 Germaniam
868 3599 1127 3668 pervasit,
1150 3600 1375 3670 jamque
1409 3599 1654 3654 omnium
1696 3607 1949 3655 nostrum
1977 3616 2067 3656 re-

481 3690 648 3759 plevit
687 3705 880 3756 aures,
928 3691 1164 3761 qualiter
1193 3690 1378 3745 Bruno
1406 3690 1812 3761 Andcgavensis
1853 3692 2067 3762 episco-

483 3797 609 3852 pus,
634 3782 760 3837 item
776 3780 1144 3853 Bereugarius
1168 3782 1527 3849 Turonensis,
1553 3784 1808 3853 antiquas
1829 3784 2064 3839 hatreses

481 3873 759 3927 modernis
790 3874 1125 3943 temporibus
1155 3874 1569 3941 introducendo,
1597 3883 1846 3930 astruant
1865 3890 2065 3945 corpus

482 3962 703 4017 Domini
727 3980 837 4019 non
860 3973 972 4018 tam
1004 3981 1206 4035 coapus
1223 3981 1347 4020 esse
1377 3956 1821 4035 quam'umbram
1850 3975 1907 4022 et
1932 3966 2067 4039 ﬁgu-

482 4068 601 4108 ram
634 4055 881 4124 corporis
906 4055 1152 4124 Domini;
1192 4056 1431 4127 legitima
1467 4057 1719 4128 coniugia
1758 4058 2061 4127 destruant,

480 4153 537 4200 et
586 4154 854 4217 quantum
906 4147 961 4201 in
997 4148 1132 4218 ipsis
1173 4156 1278 4215 est,
1331 4145 1663 4217 baptismum
1710 4150 2061 4217 parvulorum

479 4246 744 4293 evertant.
775 4237 928 4305 Quos
967 4240 1033 4294 ad
1073 4238 1462 4295 revincendum
1494 4254 1559 4294 ac
1599 4240 1814 4308 publice
1863 4240 2061 4296 confu-

478 4328 726 4395 tandum,
760 4344 826 4384 eo
869 4330 988 4385 zelo
1037 4343 1213 4400 eoque
1245 4328 1462 4384 fervore
1498 4344 1611 4399 quo
1642 4344 1771 4401 erga
1815 4339 2057 4387 sanctam

2170 3142 2394 3213 stulant)
2435 3140 2805 3211 permittatur,
2852 3155 2977 3195 cum
3019 3140 3089 3195 de
3134 3148 3284 3194 tanta
3330 3140 3749 3209 praesumptione

2168 3236 2404 3290 revictos
2465 3232 2650 3303 puniri
2715 3231 2941 3286 minime
2999 3232 3332 3287 concedatur
3356 3272 3371 3297 ,
3427 3231 3746 3301 gravissima

2168 3325 2427 3381 scandala
2466 3324 2521 3379 in
2549 3324 2701 3379 omni
2738 3323 2942 3393 populo
2985 3322 3227 3379 ﬁdelium
3272 3324 3545 3393 generari.
3591 3320 3748 3376 Certe

2166 3434 2309 3489 quos
2334 3414 2595 3472 videbunt
2620 3415 2951 3485 impunitos,
2979 3423 3035 3470 et
3064 3429 3409 3485 nequaquam
3434 3429 3464 3467 a
3500 3414 3587 3468 sui
3623 3430 3745 3484 gra-

2165 3511 2269 3567 dus
2291 3510 2499 3566 honore
2522 3509 2785 3578 deiectos,
2814 3508 3037 3564 eosdem
3059 3508 3329 3577 putabunt
3353 3506 3423 3560 ab
3443 3505 3596 3560 omni
3621 3520 3748 3559 con-

2165 3603 2293 3659 cilio
2321 3610 2416 3657 aut
2459 3601 2602 3657 vinci
2647 3617 2758 3657 non
2788 3600 3052 3670 potuisse,
3101 3609 3195 3655 aut
3217 3600 3550 3670 justiﬁeatos
3577 3614 3701 3656 esse
3729 3618 3744 3663 ;

2164 3703 2441 3765 eruntque,
2480 3702 2542 3748 ut
2572 3692 2646 3747 ita
2686 3693 2889 3761 dicam,
2936 3694 3222 3748 novissima
3248 3692 3429 3763 pejora
3455 3693 3751 3762 prioribus-

2166 3782 2309 3857 Ergo
2338 3785 2682 3855 majestatem
2710 3793 2948 3839 vestram
2970 3800 3161 3840 omnes
3174 3794 3452 3841 exoratam
3466 3784 3746 3848 vellemus,

2165 3885 2227 3932 ut
2254 3877 2471 3933 interim
2504 3878 2725 3932 illorum
2754 3876 3003 3946 impiam,
3042 3876 3365 3947 sacrilegam
3395 3883 3449 3930 et
3482 3874 3748 3929 nefariam

2165 3970 2526 4024 assertionem
2567 3969 2758 4025 audire
2808 3969 3256 4033 contemneretis,
3283 3968 3479 4034 donec,
3526 3976 3746 4038 accepta

2164 4058 2426 4114 Romanae
2453 4059 2597 4114 sedis
2627 4059 2927 4125 audientia,
2953 4059 3247 4115 damnandi
3275 4068 3605 4128 potestatem
3646 4060 3745 4113 ha-

2162 4148 2385 4205 beretis.
2417 4148 2741 4219 Quanquam
2772 4150 3087 4221 huiusmodi
3120 4149 3371 4205 homines
3403 4165 3745 4220 nequaquam

2162 4249 2413 4311 oporteat
2439 4241 2644 4307 audiri,
2685 4257 2865 4311 neque
2901 4251 3012 4297 tam
3060 4250 3144 4297 est
3170 4256 3270 4311 pro
3301 4240 3408 4297 illis
3451 4242 3745 4296 concilium

2163 4332 2566 4399 advocandum,
2602 4348 2767 4402 quam
2804 4332 2873 4388 de
2903 4333 3120 4388 illorum
3164 4332 3429 4403 supplicio
3453 4332 3747 4401 exquiren-

479 4412 779 4475 Ecclesiam
811 4419 992 4476 divina
1022 4421 1380 4491 inspiratione
1409 4420 1706 4491 plurimum
1734 4436 1947 4491 semper
1972 4438 2061 4478 ar-
2088 4405 2130 4463 Ο
2164 4426 2315 4481 dum.
2350 4426 2503 4481 Tunc
2524 4426 2724 4496 quippe
2742 4425 2985 4481 haeretici
3015 4426 3324 4481 necessario
3349 4424 3608 4480 audiendi
3630 4425 3738 4481 fue-

478 4510 637 4577 detis,
664 4512 817 4566 aiunt
838 4527 936 4567 vos
960 4513 1252 4569 concilium
1274 4513 1595 4579 advocasse,
1626 4512 1717 4566 ubi
1751 4514 1966 4568 tandem
1990 4514 2057 4568 il-

479 4599 571 4654 lud
608 4601 776 4656 totius
810 4603 1139 4659 nobilissimi
1163 4602 1319 4673 regni
1346 4602 1515 4658 vestri
1542 4602 1671 4674 (heu
1708 4601 1871 4658 nimis
1902 4611 2062 4673 turpe

480 4692 888 4764 opprobrium!)
922 4695 989 4750 de
1027 4694 1207 4750 medio
1249 4692 1532 4760 auferatis,
1585 4702 1641 4748 et
1670 4694 1727 4748 in
1768 4703 2058 4764 teternum,

477 4784 525 4839 si
553 4784 667 4839 ﬁeri
692 4792 891 4854 potest,
923 4786 993 4840 ab
1018 4787 1134 4855 ipsa
1154 4785 1401 4841 omnium
1446 4786 1711 4841 memoria
1736 4785 1980 4842 deleatis.
2014 4786 2060 4841 Ο

477 4875 567 4945 pia
589 4876 863 4942 voluntas,
886 4884 943 4930 et
983 4891 1110 4931 vere
1138 4892 1264 4947 rege
1299 4877 1653 4947 dignissima!
1683 4894 1808 4948 quae
1844 4878 2058 4934 utinam

475 4964 725 5022 effectum
758 4968 959 5023 habere
993 4976 1198 5038 posset,
1241 4976 1303 5023 ut
1326 4968 1381 5022 in
1408 4976 1561 5024 tanto
1599 4970 1886 5040 sacrilegio
1922 4985 2057 5025 con—

474 5059 648 5115 victos
676 5059 845 5133 (quod
875 5069 1021 5116 certe
1052 5059 1373 5115 facillimum
1401 5060 1517 5132 est)
1562 5060 1769 5130 absque
1811 5060 1921 5116 ulla
1973 5059 2057 5114 di-

476 5151 681 5207 latione
731 5152 908 5207 debita
949 5151 1088 5208 ultio
1132 5155 1590 5222 consequeretur!
1645 5152 1749 5209 Sed
1794 5155 2056 5225 despera-

473 5254 597 5295 mus
622 5243 676 5296 id
705 5244 822 5296 ﬁeri
875 5260 1055 5296 nosse.
1105 5260 1228 5288 cum
1264 5243 1451 5296 Rruuo
1494 5246 1695 5296 existat
1723 5245 2052 5296 enisconus:

2163 4527 2322 4585 runt,
2361 4518 2581 4588 quando
2628 4527 2682 4572 et
2735 4518 2820 4573 ha:
2869 4519 3002 4587 ipsa:
3035 4525 3091 4572 et
3126 4517 3445 4587 bujusmodi
3485 4518 3744 4587 quaestio-

2163 4624 2284 4676 nes,
2314 4618 2501 4679 utpote
2529 4625 2652 4679 qua:
2673 4609 2917 4664 nondum
2955 4609 3024 4663 ad
3050 4623 3291 4678 unguem
3322 4608 3589 4665 discussae
3608 4608 3743 4663 fuis-

2161 4708 2306 4767 sent,
2338 4699 2394 4754 in
2422 4700 2648 4755 dubium
2681 4700 2866 4754 venire
2891 4707 3213 4769 potuerunt,
3247 4706 3306 4751 ut
3344 4714 3439 4767 per
3480 4713 3739 4769 congres-

2162 4808 2285 4847 sum
2309 4790 2626 4847 certaminis
2648 4799 2953 4860 patesceret
2983 4800 3261 4861 utrapars
3291 4798 3497 4847 astaret
3523 4806 3624 4860 pro
3648 4791 3745 4845 de-

2161 4882 2410 4938 fensione
2452 4883 2718 4938 veritatis.
2764 4881 2921 4949 Quod
2963 4881 3106 4937 idem
3159 4894 3309 4936 nunc
3344 4879 3589 4950 profecto
3622 4880 3736 4939 ﬁeri

2160 4990 2271 5029 non
2318 4982 2561 5044 oportet,
2599 4974 2729 5044 quia
2773 4973 3119 5029 creberrimis
3164 4980 3482 5029 sanctorum
3514 4972 3735 5028 Patrum

2158 5065 2423 5131 conciliis,
2455 5066 2763 5120 tum'etiam
2795 5064 3186 5120 venerabilium
3227 5064 3515 5120 doctorum
3542 5064 3735 5120 claris.-

2157 5158 2314 5214 simis
2346 5158 2651 5224 sententiis,
2678 5157 2751 5212 ita
2784 5158 2965 5213 omnia
3001 5165 3129 5213 sunt
3156 5157 3419 5227 eliqu'ata,
3444 5166 3505 5212 ut
3535 5173 3601 5211 ne
3629 5158 3731 5211 mi-

2156 5250 2366 5296 nimum
2403 5250 2532 5296 ηιιίιι
2578 5251 2843 5296 resederit
2887 5250 2954 5296 de
2998 5248 3144 5296 nmni
3195 5248 3326 5296 {mea
3356 5248 3728 5296 dubitationis-
