4022 5340
256 286 415 342 14η
1382 306 1389 313 π
1459 287 1799 344 EPISTOLA
1830 288 1924 343 AD
1956 291 2239 353 IBIADUM.
3241 298 3246 307 ’
3393 301 3537 358 ηιξ

254 400 352 453 nis
395 396 597 454 Christi
644 398 950 470 ambigatis.
978 398 1111 456 Item
1143 409 1367 458 sanctus
1389 400 1626 475 Cyrillus
1669 421 1681 456 :
1724 402 1848 459 Non
1878 407 1924 467 Α
1951 408 2078 472 slia,
2128 410 2235 478 ﬁde
2263 410 2621 464 existimanda
2648 427 2751 465 non
2777 428 2964 482 specie,
2993 427 3085 467 nec
3118 414 3377 470 exteriore
3410 432 3532 470 cert-

254 504 597 542 communem
622 506 854 555 carnem,
897 490 1097 562 inquit,
1124 495 1458 564 accipientes,
1500 497 1591 550 sed
1631 514 1745 552 vere
1773 500 1852 552 vi—
1951 500 2117 553 senda
2158 499 2292 566 visu,
2332 500 2423 555 sed
2471 502 2720 556 interiore
2760 502 2972 570 affectu.
3022 501 3265 557 Hilarius
3311 519 3532 575 quoque

251 579 644 648 vilicationem,
681 589 734 633 et
753 581 920 650 ipsius
959 581 1111 637 Verbi
1143 586 1416 655 propriam
1437 586 1657 656 factam.
1686 586 1847 659 Ergo,

252 670 313 726 si
339 672 580 741 propria,
613 673 894 742 quomodo
932 675 1165 731 umbra?
1206 678 1254 732 si
1291 679 1542 750 propria,
1572 683 1850 751 quomodo

249 760 475 831 ﬁgura?
500 758 631 815 Item
652 761 847 817 beatus
874 762 1232 820 Ambrosius:
1253 765 1336 820 Ne
1363 777 1526 835 esset,
1567 769 1662 835 ait,
1710 769 1848 825 velut

247 850 484 918 quidam
511 851 699 905 horror
723 853 953 920 cruoris,
983 854 1075 909 sed
1099 864 1331 911 maneret
1354 865 1529 912 tamen
1549 861 1727 930 gratia
1752 860 1850 916 Re-

247 940 573 1010 demptoris,
604 943 719 997 ideo
749 943 1157 1001 similitudinem
1199 949 1417 1019 accipis,
1449 950 1541 1004 sed
1575 968 1707 1007 verte
1748 970 1848 1007 na-

249 1041 400 1085 turae
434 1034 688 1104 gratiam,
713 1036 1062 1109 virtutemque
1089 1042 1440 1112 consequeris.
1471 1040 1606 1098 Item
1636 1044 1754 1114 ipse
1789 1045 1846 1099 in

246 1121 404 1177 libro
434 1123 503 1179 de
533 1125 906 1184 Sacramentis
936 1148 949 1183 :
984 1128 1125 1195 Quid
1151 1132 1257 1199 hic,
1286 1132 1389 1200 ait,
1416 1137 1612 1205 quwris
1636 1146 1846 1193 natura:

247 1214 503 1268 ordinem
532 1216 589 1269 in
615 1216 819 1273 Christi
840 1234 1074 1290 corpore,
1099 1238 1217 1276 cum
1254 1232 1447 1293 praeter
1481 1234 1731 1280 naturam
1771 1228 1843 1281 sit

244 1306 372 1374 ipse
394 1306 649 1363 Dominus
687 1308 846 1364 Jesus
883 1321 1070 1382 partus
1096 1330 1161 1368 ea:
1193 1313 1447 1385 Virgine?
1469 1316 1604 1372 Ante
1633 1318 1845 1373 benedi-

243 1399 485 1453 ctionem
513 1399 625 1454 alia
654 1404 847 1472 species
878 1406 1202 1473 nominatur,
1224 1416 1342 1477 post
1374 1411 1839 1478 consecrationem,

245 1506 450 1561 corpus
493 1493 732 1562 efficitur.
766 1494 903 1554 Item
928 1496 1049 1565 ipse
1089 1496 1146 1552 in
1201 1498 1394 1555 eodem
1430 1519 1444 1555 :
1498 1500 1719 1569 Vinum,
1756 1503 1842 1557 in-

245 1582 400 1651 quit,
447 1592 500 1637 et
533 1601 673 1655 aqua
716 1586 774 1639 in
815 1587 1036 1642 calicem
1082 1590 1344 1659 mittitur,
1393 1593 1485 1647 sed
1526 1594 1588 1663 ﬁt
1621 1596 1840 1664 sanguis

245 1675 650 1729 consecratione
674 1678 813 1731 verbi
836 1679 1088 1747 calestis;
1107 1684 1393 1752 pretiosum
1421 1687 1730 1757 sanguinem
1758 1687 1840 1741 bi-

1953 590 2189 660 idipsum
2216 599 2448 649 testatur
2479 611 2492 647 :
2524 592 2602 648 De
2628 595 2866 660 veritate,
2904 593 3099 664 inquit,
3131 595 3308 649 carnis
3334 607 3387 650 et
3404 613 3531 650 san-

1950 684 2126 753 guinis
2153 699 2256 738 non
2282 693 2360 739 est
2390 683 2603 740 relictus
2637 686 2941 756 ambigendi
2974 684 3140 741 locus.
3181 686 3347 743 Plura
3386 704 3529 758 pra:-

1952 784 2034 832 ter
2071 778 2190 833 haec
2217 779 2463 848 exempla
2488 794 2780 849 congerere
2810 792 3121 848 possemus,
3165 779 3274 835 nisi
3298 780 3529 837 vitarem

1949 869 2171 925 modum
2202 870 2483 926 excedere.
2506 868 2665 925 Nunc
2685 870 2752 925 de
2777 869 3054 941 Baptismo
3078 872 3432 941 parvulorum
3459 887 3529 928 ex

1947 960 2087 1016 libro
2109 960 2220 1015 divi
2252 961 2546 1032 Augustini
2585 962 2651 1017 de
2694 961 2878 1017 verbis
2916 962 3132 1017 Domini
3156 978 3331 1033 pauca
3357 977 3527 1032 pone-

1946 1068 2073 1108 mus
2099 1052 2195 1108 ubi
2222 1053 2311 1109 ille
2332 1054 2416 1110 sic
2439 1054 2553 1109 ait:
2583 1053 2852 1108 Parvulus
2882 1055 2953 1107 ad
2982 1054 3136 1109 verba
3165 1053 3342 1108 aliena
3366 1071 3529 1108 sana-

1948 1154 2053 1211 tur,
2095 1147 2223 1216 quia
2264 1146 2338 1200 ad
2370 1146 2572 1216 factum
2608 1146 2839 1201 alienum
2878 1145 3205 1203 vulneratur.
3250 1145 3448 1203 Credis
3468 1145 3526 1202 in

1944 1234 2131 1291 Jesum
2170 1235 2486 1291 Christum?
2551 1237 2615 1306 ﬁt
2673 1237 3038 1308 interrogatio.
3094 1236 3458 1307 Respondetur
3502 1250 3523 1290 :

1944 1325 2155 1381 Credo:
2188 1343 2283 1397 pro
2307 1344 2408 1382 non
2446 1327 2708 1399 loquente,
2752 1345 2846 1398 pro
2886 1328 3094 1394 silente,
3125 1343 3222 1398 pro
3261 1328 3438 1397 ﬂente,
3472 1335 3525 1382 et

1943 1417 2117 1485 ﬂendo
2143 1418 2531 1488 quodammodo
2577 1430 2636 1474 ut
2663 1420 3219 1486 subveniaturorante,
3247 1418 3528 1489 responde-

1946 1517 2051 1562 tur.
2098 1507 2231 1564 Item
2266 1526 2279 1564 :
2312 1509 2443 1576 Ubi,
2472 1511 2671 1581 inquit,
2715 1512 2868 1581 ponis
2912 1510 3160 1581 parvulos
3190 1511 3526 1581 baptizatos?

1942 1599 2192 1670 Profecto
2213 1603 2270 1657 in
2298 1618 2513 1657 numero
2557 1603 2900 1658 credentium.
2937 1601 3150 1658 Rursus
3178 1602 3296 1672 ipse
3327 1621 3340 1656 :
3376 1601 3526 1656 Inter

1942 1692 2208 1746 credentes
2242 1695 2408 1764 igitur
2451 1695 2749 1764 baptizatos
2784 1695 3033 1765 parvulos
3059 1695 3392 1761 numerabis,
3431 1710 3525 1749 nec

244 1760 363 1828 bis,
399 1772 457 1816 ut
486 1764 663 1819 nullus
695 1767 883 1822 horror
918 1773 1124 1825 cruoris
1154 1774 1247 1840 sit,
1282 1782 1332 1828 et
1357 1743 1636 1845 prarmium
1661 1786 1838 1832 tamen
1868 1743 1913 1803 Β
1934 1783 2183 1852 judicare
2220 1743 2335 1839 ullo
2371 1743 2714 1841 modoraliter
2738 1743 2979 1853 audebis,
3024 1789 3071 1841 si
3116 1803 3220 1841 non
3248 1787 3325 1840 vis
3347 1794 3527 1856 aperte

244 1866 503 1925 operetur
547 1859 940 1929 redemptionis.
992 1863 1060 1918 Et
1100 1866 1292 1923 beatus
1337 1867 1678 1940 Augustinus
1708 1871 1841 1929 dicit

245 1946 330 2001 ita
359 1963 372 1998 :
395 1946 462 2001 In
494 1948 610 2019 ipsa
638 1968 795 2006 carne
817 1955 1131 2025 ambulavit,
1158 1968 1206 2012 et
1233 1959 1403 2029 ipsam
1435 1978 1648 2017 carnem
1687 1965 1838 2019 nobis

244 2038 687 2095 manducandum
712 2043 782 2096 ad
807 2044 1035 2100 salutem
1064 2048 1406 2122 dedit.Ergo,
1428 2052 1475 2107 si
1504 2054 1703 2124 ipsam,
1727 2073 1839 2112 non

244 2130 533 2198 umbram,
553 2149 664 2188 non
698 2134 952 2207 ﬁguram,
979 2148 1039 2193 ut
1070 2140 1255 2197 Bruno
1283 2152 1333 2199 et
1362 2144 1726 2219 Berengarius
1752 2149 1839 2204 al-

242 2222 498 2277 ﬁrmant.
534 2223 602 2279 Et
624 2226 678 2281 in
703 2229 812 2283 alio
842 2230 962 2286 loco
991 2233 1136 2289 idem
1159 2236 1274 2306 ipse
1299 2253 1577 2309 exponens
1606 2244 1840 2313 qualiter

243 2313 465 2369 dictum
496 2316 566 2373 sit
588 2318 656 2374 de
678 2318 867 2389 David,
895 2326 1211 2395 efferebatur
1249 2333 1490 2387 manibus
1511 2337 1622 2389 suis
1648 2352 1667 2389 :
1696 2337 1841 2402 Quo-

243 2403 434 2470 modo,
459 2403 657 2477 inquit,
694 2410 1029 2484 intelligatur
1052 2418 1108 2470 in
1132 2419 1245 2489 ipso
1268 2420 1459 2491 David,
1505 2442 1607 2480 non
1640 2428 1841 2483 inveni-

245 2510 372 2548 mus
402 2501 690 2554 secundum
716 2503 973 2579 litteram,
991 2510 1048 2563 in
1076 2511 1286 2568 Christo
1306 2526 1483 2572 autem
1504 2520 1794 2576 invenimus
1817 2539 1836 2576 :

245 2586 525 2655 ferebatur
565 2595 706 2648 enim
760 2596 1005 2655 Christus
1052 2605 1107 2657 in
1154 2610 1394 2663 manibus
1439 2614 1579 2678 suis,
1622 2616 1834 2684 quando

244 2684 626 2739 commendans
694 2705 883 2760 corpus
938 2710 1126 2771 suum,
1186 2701 1285 2766 ait,
1343 2699 1459 2759 Hoc
1500 2714 1585 2760 est
1638 2722 1839 2778 corpus

243 2785 472 2842 meum;
508 2778 776 2846 ferebatur
797 2785 937 2839 enim
966 2787 1105 2843 illud
1135 2807 1324 2862 corpus
1350 2795 1407 2848 in
1430 2797 1672 2853 manibus
1701 2801 1833 2855 suis.

243 2864 469 2936 Corpus
496 2885 658 2926 suum
686 2874 1141 2945 dieit,non,sicut
1172 2881 1357 2941 Bruno
1377 2894 1431 2941 et
1452 2887 1833 2963 Berengarius,

246 2960 508 3015 umbram
535 2972 587 3017 et
617 2964 868 3035 ﬁguram.
908 2968 1041 3025 Item
1070 2971 1309 3031 Basilius
1348 2996 1360 3031 :
1400 2977 1444 3032 0
1484 2960 1836 3038 miraculum!

1941 1891 2051 1928 esse
2091 1875 2390 1932 haereticus.
2442 1876 2519 1932 De
2557 1877 2803 1949 legitimo
2849 1885 3034 1932 autem
3079 1875 3359 1946 conjugio,
3397 1890 3525 1930 eum

1940 1966 2079 2022 Novi
2127 1978 2182 2025 et
2229 1968 2445 2024 Veteris
2480 1967 2838 2024 Instrumenti
2870 1967 3158 2038 multiplici
3200 1966 3527 2029 auctoritate

1941 2060 2316 2128 conﬁrmetur,
2347 2077 2586 2131 cumque
2627 2077 2739 2116 non
2770 2061 2933 2116 modo
2979 2059 3300 2125 Christiani,
3334 2074 3525 2113 verum

1939 2153 2135 2222 Judaei,
2174 2156 2286 2211 imo
2310 2155 2476 2210 etiam
2507 2153 2757 2226 gentiles,
2785 2153 3043 2223 legalium
3088 2153 3403 2222 nuptiarum
3432 2166 3528 2205 co-

1939 2250 2088 2321 pulis
2125 2248 2493 2315 laederentur;
2543 2263 2717 2303 unum
2766 2246 3033 2302 duntaxat
3067 2244 3330 2305 adversus
3373 2241 3527 2297 testi-

1940 2342 2187 2397 monium
2211 2340 2455 2396 sufﬁcere
2486 2346 2685 2411 potest.
2717 2337 2814 2393 Est
2837 2337 3001 2407 igitur
3029 2336 3087 2390 in
3133 2333 3526 2391 constitutione

1938 2433 2185 2503 ejusdem
2215 2432 2432 2487 concilii
2477 2431 2778 2501 capitulum
2810 2429 2876 2484 l7
2902 2449 2915 2484 :
2946 2427 3007 2484 Si
3049 2429 3166 2500 quis
3209 2427 3406 2481 dixerit
3443 2425 3523 2479 vel

1941 2525 2225 2579 crediderit
2272 2524 2523 2595 conjugia
2550 2523 2823 2578 hominum
2865 2537 2985 2594 qua:
3028 2519 3316 2576 secundum
3356 2517 3524 2588 legem

1939 2618 2174 2672 divinam
2210 2617 2330 2671 licet
2358 2616 2565 2683 habere,
2587 2613 2937 2669 exsecrabilia
2962 2629 3091 2679 esse,
3116 2610 3399 2665 anathema
3426 2610 3518 2666 sit.

1939 2708 2307 2776 Quamobrem
2342 2708 2654 2764 Brunonem
2693 2715 2746 2761 et
2791 2704 3182 2774 Berengarium
3220 2701 3335 2773 jam
3383 2716 3519 2756 ana-

1938 2802 2320 2859 thematizatos
2350 2801 2709 2856 arbitramur.
2745 2797 2902 2867 Quod
2928 2796 2976 2853 si
3004 2797 3078 2851 ita
3105 2803 3215 2863 est,
3259 2809 3386 2849 vere
3414 2792 3521 2847 illis

1939 2893 2217 2950 audientia
2261 2893 2478 2950 concilii
2523 2893 2840 2964 deneganda
2888 2898 3005 2956 est,
3049 2896 3104 2944 et
3150 2901 3278 2943 cum
3320 2882 3517 2940 vestris

1938 3001 2175 3056 cumque
2208 2986 2414 3042 nostris
2438 2986 2728 3057 episcOpis,
2760 2984 2807 3039 si
2837 2983 2993 3038 vobis
3025 2981 3100 3035 ita
3125 2978 3365 3044 videtur,
3391 2991 3519 3032 enm

243 3047 320 3155 Est
344 3050 446 3105 Dei
473 3054 530 3106 in
559 3071 651 3110 nos
691 3056 1069 3129 benevolentia,
1100 3065 1195 3134 ait,
1226 3069 1318 3139 qui
1347 3086 1558 3125 sursum
1584 3075 1729 3130 sedat
1765 3076 1836 3130 ad
1864 3097 1907 3155 ο
1939 3047 2119 3133 amico
2145 3086 2329 3133 vestro
2357 3047 2704 3148 imperatore,
2746 3090 2874 3131 cum
2914 3074 3035 3144 ipso
3056 3086 3217 3142 papa,
3247 3083 3370 3139 quae
3395 3068 3521 3121 vin-

242 3140 526 3197 dexteram
556 3145 764 3215 Patris,
800 3154 1057 3223 sacriﬁcii
1099 3164 1275 3212 tamen
1303 3170 1534 3230 tempore
1567 3162 1838 3219 hominum
1866 3140 1906 3155 ν
1937 3166 2081 3220 dicta
2105 3166 2159 3219 in
2182 3166 2305 3221 illos
2329 3140 2619 3232 statuatur,
2658 3140 3090 3219 deliberandum.
3122 3157 3220 3212 Est
3245 3154 3391 3211 enim
3414 3154 3507 3223 ju-

246 3234 499 3288 munibus
526 3240 841 3311 continetur,
872 3246 1205 3319 traditurque
1239 3250 1469 3306 lambere
1509 3256 1838 3325 cupientibus

242 3335 391 3376 eum.
436 3322 569 3381 Item
594 3326 866 3388 Eusebius
893 3334 1063 3391 dicit:
1107 3336 1234 3393 Vere
1274 3342 1432 3396 unica
1469 3322 1701 3415 perfecta
1736 3346 1835 3401 ho-

1941 3266 2085 3311 stum
2117 3264 2179 3310 ut
2208 3273 2442 3325 quorum
2479 3273 2666 3310 manus
2693 3255 2805 3310 sint
2832 3262 3014 3308 contra
3042 3264 3240 3316 omnes,
3283 3244 3525 3303 omnium

1943 3363 2132 3401 manus
2159 3348 2325 3402 etiam
2349 3357 2531 3402 contra
2552 3350 2693 3419 ipsos
2716 3348 3029 3401 excitentur.

243 3484 3511 3524 .__._._.__________________________________________(

594 3625 1177 3733 EPISTOLA
1249 3646 1363 3732 D.
1440 3645 1988 3739 EPISCOPI
2064 3647 2213 3735 AD
2290 3647 2369 3736 Ι.
2450 3642 3166 3741 EPISCOPUM.

1674 3839 1855 3909 (Anno
1886 3839 2065 3911 1071).

755 3994 973 4049 Gratias
1004 3996 1116 4066 agit
1139 3996 1204 4049 de
1224 4013 1455 4063 munere,
1482 4000 1796 4070 exponitque
1821 4000 1868 4053 ei
1898 3996 2220 4066 triumphum
2245 3995 2301 4051 S.
2331 3996 2567 4051 Remaeli
2589 3997 2653 4051 de
2677 3995 3014 4081 adversariis.

1384 4149 1662 4222 [Mauram
1714 4151 1890 4221 Ampl.
1924 4149 2127 4205 collect.
2164 4150 2215 4216 ἰ,
2242 4149 2395 4221 491.]

312 4320 526 4408 Domno
548 4348 589 4404 l.
625 4350 700 4423 (l)
724 4349 897 4422 gratia
922 4348 1019 4404 Dei
1046 4351 1633 4422 venerabilijepiscopo,
1661 4351 1723 4405 ο.
1751 4351 1828 4423 (2)
1860 4355 1910 4413 ι)
1938 4367 2079 4418 eam,
2111 4351 2369 4422 mysteria
2412 4366 2477 4405 ex
2523 4350 2639 4420 ipsa
2661 4350 2739 4403 rei
2777 4349 3004 4405 veritate
3029 4365 3126 4419 per
3158 4350 3253 4407 Dei
3282 4356 3510 4425 gratiam

237 4444 620 4516 coepiscopus,
647 4442 802 4497 ﬁdele
832 4442 1112 4497 servitium
1136 4457 1261 4496 cum
1291 4442 1652 4498 orationibus.

312 4535 582 4607 Sepositis
632 4534 871 4600 interim,
917 4533 1236 4589 dulcissime
1265 4534 1340 4588 mi
1365 4534 1601 4602 domine,
1632 4535 1832 4590 veteri-

240 4628 345 4684 bus
370 4629 674 4697 iisdemque
718 4624 1087 4682 celeberrimis
1126 4632 1323 4681 vestrae
1356 4627 1411 4681 in
1452 4641 1555 4683 nos
1601 4625 1825 4682 muniti-

240 4718 435 4777 centiae
463 4716 778 4786 impendiis,
803 4714 1103 4769 novissima
1126 4730 1249 4785 qua:
1277 4716 1476 4785 palatio
1501 4732 1611 4770 non
1644 4716 1831 4772 incon-

240 4823 376 4876 grua
399 4815 453 4862 et
479 4804 792 4861 futurorum
821 4806 1246 4861 demonstrativa
1272 4805 1405 4861 satis
1425 4806 1694 4876 exquisite
1718 4806 1827 4860 mi-

243 4898 413 4964 sistis,
447 4905 597 4951 tanta
624 4913 748 4952 cum
790 4895 1156 4952 exsultatione
1206 4897 1498 4967 amplexati
1547 4915 1741 4955 sumus
1762 4913 1829 4957 ac

245 5003 592 5056 veneramur,
621 4998 827 5060 quanto
858 5002 970 5042 non
1021 4996 1131 5044 tam
1161 4987 1304 5043 dona
1333 5005 1520 5060 quam,
1556 5001 1617 5047 ut
1638 4991 1712 5046 ita
1737 4989 1826 5046 di-

267 5211 280 5216 _
315 5142 391 5215 (l)
418 5142 602 5216 lmado
645 5143 839 5216 procul
874 5140 1529 5216 dubionPaderbornensi,
1570 5146 1665 5216 qui
1715 5143 1830 5199 Rb-

1934 4440 2097 4504 facta,
2123 4442 2317 4495 altiore
2338 4441 2611 4494 intellectu
2631 4440 2968 4507 proﬁtemur.
2994 4437 3223 4496 Misistis
3249 4443 3393 4498 enim
3425 4462 3516 4501 ur-

1935 4548 2026 4587 sos
2055 4548 2178 4585 cum
2206 4532 2386 4599 melle,
2418 4530 2705 4601 mellisque
2733 4529 2975 4597 alumno,
3008 4532 3355 4603 pretiosaque
3374 4552 3511 4591 con-

1936 4632 2099 4688 texta,
2128 4622 2331 4692 quibus
2375 4631 2610 4692 quatuor
2643 4621 2950 4693 insignibus
2982 4630 3036 4677 et
3064 4623 3212 4678 aliud
3251 4625 3511 4695 quiddam

1936 4714 2114 4768 innuit
2135 4728 2225 4768 res
2256 4722 2425 4783 gesta.
2463 4711 2599 4766 Nam
2635 4713 2764 4783 quid
2784 4727 2880 4782 per
2902 4710 3240 4769 ferocitatem
3262 4716 3511 4773 ursinam

1936 4808 2139 4863 nullius
2192 4815 2302 4861 tam
2345 4808 2424 4862 rei
2480 4822 2648 4877 quam
2704 4806 2879 4862 mellis
2938 4807 3171 4875 avidam,
3219 4808 3327 4862 nisi
3379 4827 3514 4881 gens

1935 4903 2025 4956 illa
2056 4897 2520 4956 liemaucensium
2548 4899 2647 4970 (5),
2685 4914 2807 4969 qua:
2838 4915 3053 4971 semper
3073 4910 3395 4967 exasperata
3430 4911 3515 4957 est

1934 4997 2076 5051 inter
2096 4991 2294 5047 ﬂuctus
2322 4991 2614 5060 bellorum,
2644 4993 2922 5063 signatur?
2942 4991 3084 5059 Quid
3102 5004 3233 5044 vero
3257 5006 3355 5060 per
3376 4995 3516 5049 mel-

1939 5155 1997 5211 S.
2032 5146 2277 5205 Remacli
2318 5162 2523 5216 corpus
2556 5146 2818 5202 Leodium
2865 5145 3100 5216 delatum
3139 5152 3281 5216 estea
3317 5144 3527 5206 Stabu-
