4022 5340
497 288 638 351 ms

1568 289 1897 348 DEODUlNl
1930 291 2336 349 LEODIENSIS
2372 288 2673 347 EPISCOI’I

3623 285 3761 341 ιω

494 409 563 465 lis
604 409 910 474 alumnum,
948 406 1056 462 nisi
1086 420 1267 478 regem
1296 407 1601 466 dixerimus
1646 409 1939 467 Dominum
1972 426 2073 465 no-
2102 421 2150 474 Α
2180 410 2490 479 speratione
2531 407 2732 462 labitur
2760 405 2817 459 in
2858 403 3018 471 iram,
3058 412 3114 458 et
3139 417 3239 473 pro
3281 402 3542 472 precibus
3587 402 3761 458 solitis

494 498 710 571 stram]?
735 497 911 564 Quam
933 498 1065 554 dum
1084 508 1288 554 sanctas
1311 498 1406 554 Dei
1427 501 1706 573 genitricis
1719 502 2077 559 beatissima-

493 602 604 659 que
652 587 898 644 ecclesia
944 591 1201 660 martyris
1244 590 1323 662 (4)
1351 593 1714 662 mancipando
1757 592 2076 661 substernit,

495 681 628 751 quid
652 682 805 737 aliud
834 682 943 737 nisi
963 683 1286 738 indomitam
1330 685 1534 740 rabiem
1563 701 1618 739 ιιι
1638 685 1892 740 melleum
1914 701 2078 757 sapo-

494 786 613 826 rem
639 773 941 828 convertit?
966 789 1032 829 ac
1056 775 1407 845 postmodum
1443 791 1575 846 pace
1597 774 1889 832 informata
1907 778 2083 833 haere-

495 861 740 932 dumque
784 865 1134 920 successione
1180 866 1421 933 exclusa,
1455 867 1712 938 pretiosis
1743 868 1903 940 quasi
1928 868 2084 925 invo-

498 952 612 1007 luta
674 955 942 1010 contextis
997 957 1346 1026 requiescere
1390 960 1545 1014 novit
1594 974 1804 1015 secum.
1861 959 1951 1015 Sic
2002 959 2085 1015 sic

499 1044 659 1098 xenia
683 1053 887 1113 vestra,
913 1046 1088 1103 dulcis
1110 1048 1303 1114 amice,
1331 1063 1439 1102 non
1456 1058 1566 1104 tam
1589 1059 1719 1105 sunt
1741 1051 2083 1121 dona,quam

501 1134 660 1205 signa
680 1136 985 1207 signiﬁcata
1011 1154 1108 1209 per
1147 1140 1432 1195 charitatis
1466 1141 1739 1209 allectum,
1772 1142 1868 1198 sed
1902 1144 2085 1213 potius

501 1227 647 1282 edita
673 1242 768 1297 per
801 1227 1067 1299 Spiritum
1121 1241 1406 1300 sanctum;
1437 1248 1501 1288 ac
1540 1249 1609 1288 ne
1650 1234 1783 1306 quid
1829 1234 1986 1290 vobis
2019 1235 2087 1292 de

499 1318 845 1389 iucunditate
891 1322 1066 1378 nostri
1110 1333 1413 1379 conventus
1456 1326 1810 1392 subtraham,
1851 1342 1916 1381 ea
1964 1343 2087 1399 qua:

504 1411 742 1481 gloriose
769 1410 910 1467 facta
931 1422 1060 1469 sunt
1085 1413 1229 1485 apud
1251 1430 1354 1471 nos
1376 1416 1464 1471 his
1489 1417 1683 1473 diebus
1707 1404 1937 1472 fideliter
1961 1434 2088 1489 ape-

504 1503 663 1557 riam.
700 1502 834 1558 Post
879 1506 1081 1559 multas
1114 1506 1358 1576 corporis
1387 1507 1691 1563 beatissimi
1736 1507 1979 1564 Remacli
2006 1510 2085 1581 (‘5)

505 1594 870 1663 repulsiones,
901 1596 1272 1666 exquisitione
1317 1598 1588 1653 honorum
1628 1599 2089 1656 Malmundarien—

505 1685 649 1739 sium
685 1685 852 1740 etiam
882 1702 1031 1741 nunc
1049 1688 1190 1758 apud
1214 1703 1316 1745 nos
1354 1698 1626 1746 retentare
1648 1691 1750 1747 fuit
1772 1693 2085 1760 consilium,

2181 516 2401 556 omnem
2429 502 2720 557 verborum
2737 500 2993 571 ingemat
3022 495 3448 553 contumeliam:
3472 493 3574 549 Vel
3594 511 3758 559 nunc,

2179 593 2454 663 inquiunt,
2492 592 2844 664 ignavissime
2878 605 3063 656 senex,
3089 589 3210 644 luce
3236 587 3439 643 clarius
3464 593 3616 658 patet
3632 586 3764 657 quid

2179 684 2381 751 valeas,
2433 684 2652 754 quando
2704 684 2761 737 in
2810 681 3043 737 adventu
3094 688 3190 735 tuo
3233 678 3432 734 nedum
3487 677 3765 749 postulata

2181 784 2548 842 consummet,
2584 777 2751 832 etiam
2797 775 2920 830 loco
2951 780 3097 829 stare
3129 771 3443 842 indignatur
3490 770 3641 843 regia
3665 784 3769 839 po-

2182 875 2372 923 testas.
2422 864 2519 923 His
2565 877 2728 939 atque
2758 866 3029 922 similibus
3080 863 3299 936 hymnis
3332 863 3388 918 in
3415 861 3617 935 eodem
3645 863 3770 918 loco

2175 970 2396 1016 noctem
2427 961 2874 1016 circumsazviunt
2905 973 3093 1024 unam,
3121 972 3246 1012 cum
3282 971 3443 1011 mane
3468 955 3565 1011 vix
3586 965 3772 1011 extor-

2183 1052 2339 1123 queri
2358 1062 2562 1123 posset,
2601 1062 2663 1108 ut
2692 1052 2990 1107 referretur
3012 1050 3067 1104 in
3097 1049 3407 1115 ecclesiam,
3437 1049 3533 1104 ubi
3572 1065 3772 1104 conso.

2184 1144 2344 1200 ciatis
2383 1145 2636 1214 prmsulis
2678 1145 2965 1214 utriusque
3012 1141 3245 1208 meritis,
3285 1150 3435 1196 tanta
3475 1139 3770 1196 confestim

2186 1237 2477 1292 subsecuta
2506 1244 2591 1292 est
2631 1236 2824 1308 gratia,
2852 1242 2914 1290 ut
2942 1249 3139 1289 manus
3181 1249 3245 1289 ac
3291 1233 3455 1303 pedes
3499 1232 3773 1287 contracti

2186 1309 2548 1394 solverentur,
2581 1328 2784 1384 orbatae
2806 1326 3055 1382 mulieris
3082 1325 3227 1380 oculi
3254 1316 3626 1394 aperirentur,
3650 1321 3774 1377 Ele-

2186 1418 2367 1473 celluti
2389 1418 2677 1488 cujusdam
2702 1418 2868 1488 pedes
2910 1417 3128 1472 distorti
3160 1417 3556 1481 relocarentur,
3582 1414 3641 1468 in
3663 1430 3775 1483 quo

2185 1511 2321 1565 nulli
2348 1510 2574 1566 dubium
2602 1509 2715 1565 fuit
2742 1494 3065 1564 Trinitatem
3092 1514 3336 1564 sanctam
3379 1505 3638 1561 ﬁdelibus
3657 1505 3774 1561 suis

2186 1602 2466 1659 evidenter
2498 1600 2762 1669 adfuisse,
2812 1602 2906 1656 ubi
2928 1617 3026 1672 per
3062 1600 3260 1654 merita
3291 1607 3609 1654 sanctorum
3661 1606 3775 1652 tres

2188 1695 2268 1749 illi
2309 1695 2430 1750 sani
2459 1694 2786 1750 videbantur
2826 1702 3027 1749 astare.
3060 1690 3150 1746 Fit
3179 1690 3564 1746 inenarrabilis
3586 1689 3777 1759 populi

504 1784 568 1829 ut
595 1777 753 1846 quasi
795 1778 939 1848 quod
982 1794 1079 1848 per
1102 1795 1161 1835 se
1182 1797 1290 1835 non
1318 1784 1757 1853 poterat,'pietas
1780 1786 1962 1839 divina
1992 1801 2089 1855 per
2121 1771 2162 1825 Β
2189 1786 2507 1853 commotio,
2544 1793 2729 1841 cantat
2773 1785 3027 1851 ecclesia,
3076 1782 3451 1839 contremiscit
3493 1781 3640 1846 aula,
3676 1796 3776 1834 rex

505 1876 917 1937 cooperatorem
953 1871 1242 1940 suppleret
1262 1872 1631 1930 Lambertum.
1659 1875 1894 1931 Ventum
1916 1886 1998 1932 est
2017 1878 2086 1932 ad

505 1972 608 2014 nos
637 1974 761 2016 cum
794 1961 1107 2017 admirabili
1153 1964 1327 2034 plebis
1347 1967 1695 2023 multitudine
1715 1968 1879 2025 simul
1909 1984 1975 2024 ac
1991 1970 2086 2024 de-

505 2052 747 2118 vatione,
785 2052 1157 2125 feretrumque
1187 2056 1454 2126 jactatum
1485 2073 1649 2129 super
1687 2075 1936 2115 mensam
1964 2077 2088 2117 cum

504 2142 815 2211 devotione,
864 2161 990 2201 cum
1037 2163 1106 2201 ne
1133 2148 1214 2203 sic
1257 2149 1477 2219 quidem
1519 2166 1616 2205 cor
1659 2153 1822 2223 regis,
1853 2153 1997 2223 quod
2033 2153 2088 2208 in

506 2249 672 2289 manu
697 2234 791 2290 Dei
813 2244 917 2304 est,
958 2237 1027 2292 ad
1068 2238 1502 2296 misericordiam
1547 2242 1951 2311 devolveretur;
1990 2245 2086 2300 sed

506 2327 689 2397 potius
710 2329 776 2383 ad
811 2329 1152 2386 iracundiam
1188 2334 1512 2402 concitatus,
1548 2335 1808 2392 exsiliens
1837 2337 1904 2392 de
1925 2353 2088 2393 accu-

505 2418 620 2473 bitu
665 2421 1021 2491 conclavique
1072 2433 1325 2493 receptus
1376 2440 1560 2481 secum
1615 2428 2084 2496 stomacharetur;

506 2525 616 2580 qua
639 2512 1044 2581 perturbatione
1064 2530 1195 2585 grex
1223 2525 1382 2571 antea
1405 2517 1714 2587 devolutus,
1730 2520 1878 2574 velut
1904 2535 1973 2575 ex
1993 2520 2090 2576 de-

1798 2682 2085 2692 *—

588 2773 666 2857 (4)
695 2773 947 2848 Martyris
975 2774 1014 2831 S
1061 2775 1336 2832 Lamberti
1384 2776 1704 2834 Leodiensis
1742 2794 1989 2835 ecclesue
2011 2795 2102 2851 pa-

513 2852 968 2988 ιΝξὲἴῐιιιοειτιιῐι
1013 2914 1276 2986 triumphi
1308 2914 1365 2971 S.
1406 2916 1650 2973 Remacli
1685 2918 1971 2975 historiam
1994 2919 2094 2974 lia-

2191 1879 2430 1934 accurrit
2469 1878 2722 1944 anhelus,
2750 1877 2896 1933 bona
2937 1892 3060 1947 qua:
3100 1875 3397 1931 abstulerat
3424 1872 3779 1930 sanctissimo

2190 1971 2410 2041 corpori
2454 1970 2700 2041 utrisque
2748 1976 3103 2040 repraesentat
3146 1967 3420 2022 manibus.
3470 1964 3650 2031 Unde,
3698 1963 3780 2017 mi

2186 2062 2356 2117 frater
2375 2071 2431 2118 et
2458 2063 2699 2129 domine,
2722 2062 2835 2128 cui,
2867 2060 3055 2116 Jesum
3087 2068 3279 2125 testor,
3303 2058 3475 2114 debeo
3504 2053 3782 2127 quidquid

2184 2156 2313 2210 boni
2335 2155 2518 2211 deberi
2566 2163 2748 2226 potest
2791 2154 3004 2210 homini
3052 2153 3121 2209 ab
3155 2151 3397 2218 homine,
3446 2149 3505 2204 in
3557 2162 3782 2204 summo

2191 2263 2415 2304 munere
2438 2263 2591 2320 rogo,
2627 2256 2689 2303 ut
2732 2248 2871 2304 meis
2916 2246 3101 2301 verbis
3146 2244 3387 2299 divinam
3432 2242 3781 2313 maiestatem

2193 2340 2421 2395 adorare
2470 2340 2650 2395 velitis
2691 2354 2855 2409 super
2883 2339 2988 2394 lioc
3030 2336 3233 2407 duplici
3274 2335 3510 2405 negotio,
3542 2332 3690 2404 quod
3720 2332 3781 2385 in

2193 2440 2437 2503 tempore
2461 2430 2634 2487 nostri
2661 2431 3010 2500 episcopatus
3059 2436 3172 2483 tam
3208 2425 3535 2482 mirabiliter
3556 2422 3781 2495 operari

2195 2524 2251 2578 iu
2274 2523 2434 2580 nobis
2460 2523 2715 2595 dignatus
2741 2531 2824 2577 est
2851 2521 3136 2577 Dominus.

2218 2675 3782 2710 Μ

2202 2781 2301 2836 hes
2344 2779 2487 2849 apud
2523 2778 2956 2849 Chapeavillam,
2993 2776 3062 2849 ad
3109 2776 3315 2849 calcem
3364 2774 3501 2849 tom_i
3551 2772 3777 2849 secundi

2202 2851 2269 2905 de
2327 2842 2950 2920 Gestismepi'scoporum‘
2993 2846 3380 2903 Leodiensium
3425 2842 3781 2916 (Patrologic

2202 2928 2334 2975 tom.
2375 2918 2631 2991 CXLIX).
2746 2918 2761 2920 ν
2880 2946 2886 2951 -

1124 3084 2015 3201 πεουπιιιιι
2088 3082 3145 3202 ιεουιειπειε

1737 3299 2545 3390 PRIVILEGIUM
3117 3284 3119 3286 ’

1298 3492 1436 3548 PRO
1472 3487 1911 3548 COLLEGIATA
1948 3489 2010 3544 B.
2051 3487 2294 3544 MARUE
2333 3489 2671 3547 ECCLESIA
2704 3488 2999 3547 HOIENSI.

1949 3600 2130 3672 (Auno
2162 3597 2345 3669 1066.)

795 3720 1195 3791 Amplissimam
1222 3719 1270 3773 ei
1294 3719 1430 3787 facit
1507 3718 1848 3773 donationem
1874 3715 1929 3769 in
1949 3715 2117 3785 ipsius
2147 3714 2499 3781 dedicatione,
2528 3732 2745 3787 eamque
2763 3715 2913 3786 eligit
2934 3731 3028 3786 pro
3054 3713 3338 3784 sepultura:
3359 3713 3489 3771 loco.

1506 3829 1664 3902 (Dom
1689 3830 1965 3897 Manu-1m,
2000 3827 2254 3899 Ampliss.
2281 3826 2523 3895 Collect.,
2550 3827 2591 3895 Ι,
2628 3827 2778 3899 467.)

588 4120 649 4177 in
691 4122 911 4178 nomine
953 4129 1158 4178 sancta!
1199 4129 1256 4177 et
1301 4120 1595 4179 individua:
1624 4121 1927 4178 Trinitatis.
1954 4117 2105 4175 Bona
2133 4118 2174 4175 C
2206 4124 2436 4173 notata:
2488 4115 2780 4172 ecclesiam
2827 4115 2894 4170 de
2935 4112 3160 4179 Houslc,
3200 4111 3490 4168 ecclesiam
3525 4110 3596 4167 de
3655 4109 3783 4167 Fre-

514 4213 641 4269 vitaa
686 4211 974 4284 praesentis
1020 4210 1277 4267 omnibus
1325 4211 1422 4281 qui
1463 4226 1584 4265 eam
1625 4210 1859 4281 diligunt
1889 4222 2054 4265 avare
2081 4248 2097 4274 ,

522 4304 723 4371 nullam
767 4303 1021 4368 salutem,
1048 4301 1145 4358 sed
1165 4309 1399 4358 mortem
1421 4301 1645 4372 pariunt
1687 4301 2095 4372 sempiternam.

515 4395 622 4465 Qui
665 4405 848 4453 autem
888 4412 986 4468 per
1020 4396 1212 4452 eadem
1279 4396 1423 4453 bona
1485 4396 1745 4467 operibus
1790 4392 2101 4448 misericor-

516 4491 621 4546 dia:
655 4488 849 4546 florere
907 4490 1238 4557 studuerint,
1277 4500 1468 4546 serunt
1514 4489 1737 4560 quidem
1780 4483 2099 4556 temporalia

517 4583 777 4652 centuplo
819 4581 1004 4638 fructu
1051 4582 1172 4637 sine
1221 4581 1327 4636 ﬁne
1370 4598 1652 4637 mansura.
1709 4578 1949 4633 Proinde
1999 4576 2101 4647 igi-

518 4680 608 4726 tur
648 4685 750 4742 ego
791 4669 1090 4726 Dietwinus
1132 4670 1451 4727 Leodiensis
1509 4671 1683 4743 gratia
1742 4668 1837 4724 Dei
1891 4668 2101 4738 episco-

517 4779 622 4835 pus
669 4762 919 4834 exemplo
952 4762 1139 4818 domni
1185 4763 1450 4830 Richarii,
1506 4762 1732 4817 Evracri
1759 4803 1774 4829 ,
1820 4759 2044 4830 Notgeri
2081 4800 2097 4826 ,

516 4855 860 4926 aliorumque
897 4853 1238 4910 diversorum
1259 4853 1424 4924 hujus
1454 4853 1620 4919 sedis,
1655 4852 1752 4924 qui
1793 4868 1903 4907 non
1922 4851 2100 4907 solum

517 4944 860 5000 extrinsecus
900 4941 1208 5014 acquisitis,
1234 4942 1329 4998 sed
1359 4943 1529 4996 multa
1556 4941 1723 4996 etiam
1762 4940 1866 4996 sibi
1900 4948 1954 4994 et
1974 4954 2102 4995 suc-

2201 4208 2495 4275 deis-villa,
2544 4209 2808 4278 capellam
2845 4207 2913 4263 de
2960 4205 3018 4262 S.
3065 4204 3461 4270 Petri-monte,
3504 4202 3778 4258 teloneum

2201 4301 2270 4357 de
2316 4299 2647 4372 Havelange,
2712 4299 2978 4371 przedium
3021 4297 3169 4369 quod
3214 4295 3415 4351 ibidem
3460 4302 3516 4351 et
3583 4303 3783 4350 terram

2202 4406 2369 4461 quam
2411 4391 2465 4446 in
2514 4389 2825 4445 Heristallio
2888 4386 3177 4459 acquisivi,
3247 4393 3499 4441 octavam
3574 4393 3785 4455 partem

2203 4483 2387 4539 allodii
2418 4483 2474 4536 in
2514 4482 2641 4536 villa
2662 4480 2958 4547 Hisemale,
2996 4478 3262 4551 przedium
3291 4476 3441 4547 quod
3489 4476 3783 4546 acquisivi,

2203 4577 2260 4631 in
2301 4576 2423 4632 loco
2461 4572 2722 4645 Ungravi,
2777 4581 2987 4643 partem
3025 4570 3242 4627 comitis
3291 4568 3591 4635 Godefridi,
3618 4584 3783 4639 quam

2202 4667 2394 4722 habuit
2435 4668 2490 4722 in
2546 4666 2690 4720 villis
2741 4663 2983 4736 Langen,
3021 4650 3413 4728 Lettafambre,
3458 4658 3782 4730 Engelrode.

2202 4765 2257 4813 et
2298 4758 2353 4812 in
2391 4755 2624 4813 ecclesia
2669 4771 2792 4827 quae
2827 4764 2913 4810 est
2960 4755 3016 4809 in
3050 4752 3184 4808 villa
3234 4750 3515 4822 Reymest,
3550 4747 3611 4804 in
3658 4750 3782 4803 villa

2204 4848 2481 4905 Taolieres
2515 4864 2741 4904 mansos
2770 4847 2931 4913 duos,
2976 4855 3186 4900 curtem
3229 4842 3421 4897 Lustin
3446 4857 3573 4896 cum
3610 4841 3783 4896 eccle-

2204 4940 2285 4996 sia
2322 4948 2379 4995 et
2423 4939 2681 4994 omnibus
2725 4936 3049 5008 appenditiis
3121 4934 3260 5000 suis,
3321 4931 3582 4988 allodium
3637 4930 3781 5001 quod
