4022 5340
247 289 388 345 1445

1377 277 1676 333 υιίιωΜΑ
1713 283 1849 338 PRO
1885 279 2220 337 ECCLESIA
2251 276 2545 331 HOiENSl.

3380 274 3520 332 1446

245 400 518 472 prebenda
574 400 802 455 fratrum
843 399 1222 466 distinximus,
1277 400 1459 470 itaque
1511 400 1828 454 distinctam
1860 403 1902 458 Α
1930 393 2312 452 Lamcraccnsi
2333 393 2609 462 episcopo,
2641 390 2941 446 Gosbertus
2964 389 3384 446 archidiaconus
3411 391 3521 444 alta

247 502 508 562 perpetuo
549 507 770 547 manere
819 493 1074 548 volumus
1123 492 1192 546 ab
1221 493 1452 547 ecclesia
1480 491 1666 546 Sancti
1703 491 1826 546 Ste-

244 583 433 652 phani,
470 599 644 653 usque
689 583 757 637 ad
799 592 1022 653 pontem
1063 581 1228 637 Mosa:
1270 584 1325 637 in
1362 584 1560 638 atrium
1609 584 1829 640 dedica-

245 687 390 738 mus,
451 673 509 726 in
555 688 666 742 quo
693 673 800 728 nisi
829 674 1022 728 domos
1057 671 1286 727 fratrum
1331 683 1385 728 et
1409 674 1677 744 hospitale
1711 674 1828 728 ﬁeri

248 761 351 818 sub
400 762 746 817 anathemate
802 762 1204 817 interdiximus.
1237 760 1341 817 Ubi
1378 763 1565 830 etiam,
1593 764 1720 834 quia
1748 763 1830 818 lo-

245 866 344 905 cus
393 860 512 905 erat
565 862 744 921 aptus,
795 868 1019 908 cursum
1059 868 1215 922 aqua:
1262 853 1600 923 adjicientes,
1628 856 1831 910 molen-

243 941 432 996 dinum
497 943 728 998 fratrum
774 944 891 998 fieri
925 945 1287 1000 decrevimus.
1324 945 1744 1012 Quoniamvero
1774 949 1828 1002 in

242 1034 433 1088 eadem
473 1035 705 1090 ecclesia
746 1036 992 1106 requiem
1038 1038 1175 1109 elegi
1227 1039 1284 1092 in
1306 1039 1570 1094 saeculum
1617 1040 1826 1106 szeculi,

242 1140 364 1180 eam
411 1141 536 1179 cum
589 1126 1002 1196 appendicibus,
1050 1130 1317 1196 ecclesiis,
1372 1138 1427 1184 et
1482 1130 1632 1184 omni
1682 1131 1829 1187 clero

243 1216 314 1270 ab
370 1218 518 1271 omni
575 1218 913 1288 subjectione
941 1220 1333 1286 archidiaconi,
1377 1221 1498 1292 ipso
1557 1231 1830 1276 annuente

243 1321 298 1367 et
334 1320 450 1368 tota
484 1312 776 1369 Leodiensi
821 1315 1075 1382 ecclesia,
1111 1316 1468 1383 absolvimus,
1523 1325 1580 1370 et
1639 1332 1830 1371 eorum

243 1404 489 1459 omnium
519 1420 709 1460 curam
749 1405 956 1460 decano
978 1405 1220 1476 ejusdem
1277 1405 1662 1478 delegavimus.
1728 1405 1831 1460 De-

243 1497 520 1552 crevimus
566 1498 730 1553 etiam
770 1507 832 1552 ut
889 1515 1069 1570 neque
1115 1498 1322 1554 familia
1365 1500 1435 1554 ad
1475 1499 1650 1554 altare
1705 1515 1831 1568 per—

247 1586 462 1653 tinens,
514 1603 694 1659 neque
739 1590 1020 1659 possessio
1058 1590 1243 1662 aliqua
1279 1591 1448 1646 libere
1497 1591 1692 1646 tradita
1729 1607 1832 1646 sae—

245 1679 485 1734 cularem
538 1682 624 1736 vel
683 1683 1042 1739 substitutum
1092 1684 1316 1738 haberet
1349 1683 1696 1751 advocatum,
1735 1683 1832 1738 sed

1928 503 2064 543 voce
2103 485 2353 540 recitavit
2392 485 2511 538 sine
2555 483 3008 538 contradictione.
3068 481 3183 552 Ego
3241 490 3424 536 autem
3468 489 3526 537 et

1929 576 2224 650 praedictus
2249 576 2541 646 episcopus
2573 584 2835 645 perpetuo
2867 575 3214 629 anathemate
3252 571 3522 642 obligavi-

1930 686 2055 725 mus
2108 667 2367 740 quisquis
2412 664 2617 736 aliquid
2665 679 2857 718 eorum
2904 663 3111 718 violare
3156 677 3523 732 praesumpse-

1927 761 2018 827 rit,
2056 770 2117 816 ut
2162 767 2400 815 aeternos
2447 756 2727 812 cruciatus
2771 770 2897 809 cum
2951 753 3171 807 diabolo
3211 761 3266 806 et
3313 751 3522 821 angelis

1929 855 2049 924 ejus
2101 852 2364 924 perferat,
2414 849 2520 903 nisi
2587 847 2654 902 de
2712 845 2912 916 injuria
2961 841 3284 898 satisfaciat.
3327 839 3521 896 Visum

1929 955 2013 1000 est
2063 951 2244 998 autem
2291 949 2349 997 et
2399 941 2723 994 advocatum
2770 944 2826 991 et
2865 943 3035 990 testes
3085 934 3274 989 subter
3340 947 3519 986 anno-

1931 1045 2046 1091 tare
2105 1034 2563 1095 archidiaconos;
2601 1027 2971 1082 Ilerimannus
3007 1024 3357 1094 praapositus,
3413 1019 3521 1076 Go-

1931 1128 2234 1192 descalcus,
2261 1123 2629 1195 Godescalcus
2654 1163 2668 1186 ,
2701 1119 3065 1174 Godescalcus
3096 1117 3306 1181 tertius,
3355 1113 3518 1180 Boso,

1931 1221 2265 1276 Dietwimus.
2298 1219 2568 1273 Praeterea
2591 1213 2906 1268 Wolbertus
2935 1212 3176 1265 decanus
3195 1250 3211 1276 ,
3264 1206 3522 1262 Asculfus

1927 1323 2144 1380 cantor,
2164 1313 2372 1367 Franco
2404 1306 2788 1366 scholasticus.
2821 1304 2968 1359 Laici
2996 1317 3124 1358 vero
3146 1317 3331 1357 comes
3356 1300 3521 1354 Adel-

1931 1406 2139 1471 bertus,
2207 1421 2392 1460 comes
2453 1399 2776 1463 Heinricus,’
2818 1411 3003 1452 comes
3037 1394 3212 1459 Cono,
3268 1392 3524 1447 Walche-

1932 1514 2027 1551 rus
2073 1498 2372 1551 advocatus
2414 1495 2678 1560 ecclesrae,
2717 1489 3086 1545 Godescalcus
3131 1487 3198 1541 de
3243 1485 3522 1549 Cennaco,

1933 1587 2258 1643 Godefridus
2325 1595 2380 1641 et
2401 1584 2663 1640 Arnulfus
2695 1581 2767 1638 de
2814 1578 3072 1643 Florinis,
3097 1575 3434 1630 Theodricus
3457 1573 3524 1628 de

1933 1679 2192 1734 Floreﬁia:
2223 1689 2277 1733 et
2320 1678 2487 1734 frater
2533 1678 2653 1747 ejus
2692 1671 3032 1730 Christinus.
3070 1667 3436 1722 llcrimannus
3457 1666 3524 1720 de

243 1770 523 1841 legitimus
558 1774 858 1830 advocatus
907 1776 988 1830 eis
1024 1785 1281 1844 praeesset
1330 1775 1398 1830 ad
1431 1775 1826 1840 defensionem,
1865 1758 1903 1812 Β
1932 1774 2097 1839 Gers,
2139 1771 2448 1842 Stephanus
2491 1770 2560 1824 de
2631 1768 2824 1823 Faule.
2868 1763 3032 1817 Facta
3067 1770 3195 1816 sunt
3236 1760 3351 1814 haec
3377 1772 3525 1812 anno

243 1877 354 1916 non
399 1864 468 1918 ad
512 1866 872 1921 exactionem.
908 1865 1036 1923 Haec
1075 1868 1262 1922 omnia
1290 1884 1417 1923 vero
1456 1877 1676 1938 peracta
1709 1868 1828 1936 ipso

244 1954 333 2008 die
366 1971 476 2025 quo
510 1959 798 2013 ecclesiam
819 1959 1094 2026 dedicavi,
1126 1961 1414 2030 adjuvante
1441 1960 1716 2015 Lietberto
1747 1959 1824 2030 (7)

317 2069 396 2138 (7)
439 2067 745 2148 Lietbertus
772 2088 916 2125 anno
950 2072 1091 2148 lima
1112 2071 1354 2148 Gerardo
1375 2071 1829 2148 episcopocame-

245 2140 458 2194 racensi
483 2140 740 2196 suffectus
773 2151 883 2206 est;
915 2142 1186 2195 abbatiam
1228 2142 1284 2195 S.
1322 2140 1572 2212 Sepulcri
1615 2143 1825 2196 urd.nis

247 2298 1567 2333 Mm:
1575 2305 1610 2326 ξ

787 2304 1536 2329 *Μ’-...Ν

1933 1865 2282 1934 episcopatus
2325 1863 2514 1918 domni
2545 1860 2800 1916 Dietwini
2820 1871 2960 1913 xvm
2980 1896 2994 1920 ,
3027 1852 3174 1924 regis
3213 1866 3346 1906 vero
3377 1848 3524 1904 Hen-

1932 1959 2032 2012 rici
2071 1973 2216 2011 anno
2251 1973 2324 2010 ιι.
2363 1955 2474 2026 Ego
2495 1954 2708 2009 France
2736 1949 3106 2008 schoiasttcus
3142 1943 3451 2016 recognovi.

1937 2069 1992 2122 S.
2024 2069 2320 2134 Benedicti,
2354 2070 2406 2122 in
2439 2083 2548 2138 qua
2586 2067 2837 2138 conditus
2868 2062 3040 2131 jacet,
3079 2059 3362 2126 fundavit;
3390 2058 3527 2114 obiit

1933 2141 2140 2195 meritis
2170 2142 2362 2209 plenus
2387 2137 2531 2194 anno
2567 2137 2722 2190 1076.

1983 2305 2250 2314 ο--ρ--ι

3243 2290 3521 2323 Ἀ

1580 2295 3354 2333 W‘

1654 2703 2127 2783 DIPLOMA
2255 2649 2258 2654 ’

944 2879 1059 2945 Quo
1093 2883 1145 2934 in
1170 2879 1413 2947 ecclesia,
1449 2877 1668 2933 Hoiensi
1689 2893 1779 2933 seu
1807 2876 1996 2933 Hiemi
2022 2879 2316 2950 qza-htdecim
2347 2883 2624 2936 canonicos
2650 2883 2908 2937 instituit.

1700 3015 1881 3084 (Anno
1913 3015 2098 3086 1036.)

1260 3166 1528 3236 (sinamus,
1567 3166 1700 3236 Opp.
1733 3166 1980 3237 diplom.,
2006 3178 2139 3222 tom.
2175 3167 2213 3235 l,
2241 3187 2360 3239 pag.
2392 3169 2505 3237 68.)

323 3494 402 3569 (8)
424 3493 538 3566 Ego
559 3488 1002 3557 Deoduinus,Dei
1037 3486 1211 3560 gratia
1239 3485 1590 3542 Leodicensis
1618 3485 1834 3555 episco-
1862 3492 1904 3548 C
1936 3460 2286 3556 postmodum
2315 3487 2636 3544 dimidiavit.
2668 3529 2670 3532 μ

255 3605 379 3659 pus,
399 3596 587 3642 notum
611 3599 734 3640 esse
762 3584 886 3637 volo
915 3592 1026 3636 tam
1049 3580 1408 3651 praesentibus
1431 3594 1594 3649 quam
1614 3577 1833 3642 futuris,

255 3680 490 3748 qualiter
530 3685 652 3746 post
712 3675 1020 3730 libertatem
1074 3671 1326 3728 Hoiensis
1365 3671 1626 3736 ecclesire,
1669 3683 1836 3740 quam

256 3769 535 3824 Maternus
586 3768 757 3822 beatae
805 3765 1082 3821 memoria:
1127 3763 1416 3833 episcopus
1465 3760 1837 3816 consecrando

256 3861 599 3931 primitiavit,
644 3859 934 3928 adjecerim
964 3857 1269 3910 libertatem
1305 3854 1468 3908 etiam
1491 3853 1650 3907 villze.
1685 3851 1834 3907 Prte-

254 3953 422 4007 fatam
481 3951 748 4021 siquidem
806 3948 1091 4003 ecclesiam
1140 3963 1171 4000 a
1226 3945 1596 4000 fundamentis
1641 3945 1709 4000 ad
1755 3945 1838 3998 la-

255 4043 500 4114 quearia,
549 4058 578 4096 a
608 4040 958 4110 laquearibus
1002 4047 1055 4093 et
1097 4039 1241 4093 ultra
1290 4037 1633 4104 reaediﬁcavi,
1672 4053 1835 4106 quam

255 4137 421 4190 etiam
464 4136 520 4189 in
551 4149 705 4199 auro,
730 4141 974 4202 argento,
1000 4131 1228 4201 gemmis
1249 4139 1300 4184 et
1323 4130 1558 4200 praediis,
1591 4144 1690 4199 pro
1719 4146 1836 4183 mo—

254 4227 386 4283 dulo
409 4241 533 4281 meo
567 4224 754 4289 ditavi,
785 4232 838 4278 et
869 4224 936 4278 de
974 4222 1117 4293 Agar
1145 4222 1336 4275 Saram
1361 4236 1483 4275 esse
1511 4219 1634 4275 feci.

327 4315 730 4371 Praenominata
766 4330 898 4368 vero
918 4313 1042 4366 villa
1070 4327 1168 4379 pro
1196 4312 1443 4364 libertate
1468 4326 1565 4363 sua
1589 4310 1656 4364 ad
1687 4325 1838 4364 sum-

2011 3577 2196 3632 Prima
2242 3579 2464 3634 libertas
2509 3581 2626 3636 haec
2672 3589 2773 3647 est,
2821 3581 2968 3652 quod
3002 3580 3260 3637 defuncto
3304 3581 3359 3637 in
3393 3599 3527 3655 pace

1937 3671 2216 3740 episcopo,
2245 3685 2419 3740 usque
2440 3672 2508 3724 ad
2530 3671 2827 3741 plenariam
2852 3673 3078 3728 alterius
3103 3673 3524 3740 institutionem,

1940 3760 2250 3832 Burgenses
2276 3763 2436 3829 villze,
2470 3763 2612 3818 bona
2641 3763 2746 3818 fide
2767 3773 2822 3819 et
2840 3764 2984 3820 bono
3004 3765 3255 3830 consilio,
3281 3775 3549 3832 castrum,

1942 3854 2178 3911 Hoiense
2219 3857 2286 3912 de
2323 3858 2590 3915 reditibus
2637 3859 2781 3915 villae
2830 3859 3254 3916 conservabunt.
3299 3857 3356 3911 Si
3398 3873 3526 3912 vero

1941 3963 2062 4014 nos,
2081 3949 2164 4004 vel
2186 3951 2386 4020 aliquis
2408 3968 2788 4008 successorum
2819 3961 3132 4007 nostrorum
3155 3948 3524 4020 praescriptam

1943 4041 2271 4111 libertatem,
2305 4045 2389 4098 vel
2432 4045 2614 4114 aliqua
2653 4044 2781 4115 jura
2825 4060 3016 4099 eorum
3048 4043 3214 4113 (quod
3244 4042 3408 4111 absit)
3439 4043 3524 4095 inv

1945 4132 2184 4206 fringere
2249 4138 2569 4204 tentaverit,
2618 4137 2971 4191 concedimus
3016 4145 3071 4189 et
3119 4135 3412 4189 statuimus
3471 4143 3524 4186 ut

1943 4229 2051 4281 dux
2076 4228 2463 4297 Lotharingim,
2495 4237 2549 4282 et
2578 4229 2669 4282 alii
2695 4237 2803 4281 tam
2835 4227 3018 4282 clerici
3047 4240 3210 4296 quam
3244 4226 3368 4279 laici
3397 4225 3516 4279 sub-

1945 4324 2116 4376 notati
2157 4323 2225 4376 ad
2267 4320 2693 4377 conservandam
2726 4320 3053 4384 libertatem,
3097 4327 3152 4372 et
3179 4317 3303 4387 jura
3334 4331 3526 4370 eorum

256 4418 383 4481 ptus
405 4407 649 4464 ecclesiae
689 4405 1047 4468 necessarios,
1081 4403 1262 4456 omnia
1291 4401 1509 4454 mobilia
1533 4416 1630 4454 sua
1663 4401 1838 4470 primo
1873 4437 1916 4491 Β
1944 4415 2337 4486 (admonitione
2366 4423 2550 4468 tamen
2580 4410 2883 4484 praemissa)
2927 4411 3008 4467 eis
3038 4409 3329 4465 ρωεειρίιριο
3383 4409 3525 4465 assi-

257 4501 394 4556 mihi
438 4499 705 4565 tertiavit;
735 4512 844 4567 qua
888 4495 1137 4550 libertate
1179 4502 1239 4547 ut
1268 4493 1501 4562 amplius
1545 4492 1834 4558 frueretur,

329 4637 406 4760 ‘8)
450 4634 758 4690 Theoduini
805 4632 1062 4702 diploma,
1119 4631 1213 4685 sed
1264 4627 1539 4710 mutilum,
1573 4625 1836 4713 ‘IEgidius

329 4709 428 4760 lllS
464 4707 658 4760 Aureae
689 4704 1014 4760 monachus.
1058 4701 1440 4755 Brusthemius
1469 4709 1521 4752 et
1549 4699 1835 4760 Lhappea-

256 4698 428 4762 Vallis
464 4707 658 4761 Aureae
689 4698 1014 4766 monachus,
1058 4699 1440 4755 Brusthemius
1469 4709 1521 4752 et
1549 4698 1835 4766 Chappea-

255 4778 438 4842 villus,
466 4793 652 4830 rerum
687 4772 1070 4830 Leodiensium
1095 4772 1407 4840 scriptores,
1430 4768 1655 4824 redtant
1689 4767 1837 4836 quod

256 4849 479 4918 quidem
509 4847 812 4918 signarunt,
840 4851 906 4918 _u_t_
934 4842 1098 4896 iidem
1129 4842 1422 4911 scriptores
1444 4847 1698 4897 asserunt
1723 4856 1734 4890 :

326 4914 674 4972 Hermannus
702 4914 1141 4980 archidiaconus,

228 4983 236 4996 ”
327 4988 728 5044 Godesehalcus
757 4982 1101 5056 praepositus,

322 5058 642 5114 Wolbortus
663 5059 925 5119 decanus,

329 5127 648 5196 Aistulphus
670 5135 882 5189 cantor,

327 5199 541 5252 Franco
560 5197 940 5270 scholasticus,

1944 4517 2085 4562 stere
2124 4522 2232 4562 non
2260 4507 2533 4561 omittant.

2017 4643 2342 4700 Godefridus
2363 4651 2417 4696 et
2438 4640 2702 4696 Arnulfus
2726 4640 2792 4696 de
2814 4639 3084 4705 Florines,

2018 4713 2342 4771 Godefridus
2364 4713 2431 4767 de
2456 4712 2721 4778 Floreflia,

2014 4784 2360 4854 Christianus
2382 4784 2502 4854 ejus
2523 4782 2713 4837 frater.

2016 4856 2284 4910 Czeterum
2326 4846 2472 4909 Boio
2513 4854 2957 4916 archidiaconus,
2979 4861 3034 4904 et
3061 4847 3230 4902 abbas
3261 4847 3318 4900 S.
3349 4846 3533 4903 Maria:

1949 4929 2017 4984 15
2039 4925 2330 4981 canonicos
2352 4925 2409 4978 in
2432 4924 2658 4979 liuiensi
2683 4922 2741 4978 S.
2767 4919 2953 4976 Mariae
2986 4918 3215 4973 ecclesia
3251 4928 3530 4985 posuerat.

1950 4999 2045 5055 His
2085 4997 2220 5050 alios
2246 4997 2470 5049 totidem
2516 4992 2876 5049 Theoduinus
2911 4989 3198 5060 cpiscopus
3227 4986 3450 5060 addidit,
3481 4998 3538 5044 et

1943 5068 2193 5128 eamdem
2236 5066 2544 5137 ecclesiam,
2569 5082 2600 5120 a
2627 5056 3004 5137 fundamentis
3023 5056 3284 5137 usquead
3307 5056 3536 5126 laquea—

1949 5144 2029 5198 ria
2065 5156 2093 5193 a
2139 5152 2197 5191 se
2237 5128 2555 5204 perfectam,
2589 5149 2737 5190 anno
2775 5130 2925 5204 _l066
2951 5128 3234 5204 dedicavit,
3270 5139 3541 5204 pransi-me

1949 5196 2648 5268 Lietberto'Cameracensi
2699 5200 2986 5270 episcopo.
3035 5196 3200 5270 iidem
3253 5197 3542 5270 pontifices
