4022 5340
488 213 628 289 14ιῖ
1274 213 1330 268 S.
1363 194 1798 270 UETBERTUS
1836 213 2368 275 (MMERACENSIS
2405 221 3012 287 EPISC.-—NOT|TIA.
3634 229 3760 286 tua

555 310 649 379 Die
697 332 859 381 tertio
912 324 1271 381 dedicationis
1333 325 1586 382 lloieusis
1633 327 1899 393 ecclesiae,
1960 328 2075 384 haec
2107 351 2149 405 Α
2181 340 2462 402 pressione
2504 342 2665 413 sigilli
2715 345 2891 399 nostri
2918 344 3177 415 praedicta
3222 346 3499 405 voluimus
3524 363 3741 406 comam

482 417 667 472 omnia
692 417 1007 488 supradicta
1037 433 1066 472 a
1099 416 1306 487 mcipso
1331 419 1682 473 corroborata
1714 428 1844 474 sunt
1871 428 1924 474 et
1948 435 2078 475 con-

2181 434 2306 501 niri,
2332 435 2434 489 sub
2456 448 2684 490 assensu
2707 443 2761 491 et
2781 436 3095 492 testimonio
3117 446 3230 493 tam
3248 428 3574 495 clericorum
3600 458 3760 514 quam

483 506 721 575 ﬁrmata,
746 510 848 565 sub
864 510 1228 564 anathematis
1250 510 1490 578 vinculo,
1515 519 1568 564 et
1594 527 1624 565 a
1651 520 1931 583 compatre
1952 527 2075 567 meo
2164 528 2467 583 ‘laicorum.

480 607 534 652 et
569 609 924 670 cooperatore
970 599 1246 655 Lietberto
1286 601 1672 658 Cameracensi
1707 604 1986 673 episcopo,
2022 614 2076 659 et

2251 623 2384 676 Acta
2416 630 2544 677 sunt
2594 622 2711 677 hzce
2766 636 2910 677 anno
2937 620 3152 677 Domini
3190 621 3329 702 1066
3368 622 3668 679 indictione
3688 640 3758 691 ιν,

482 690 552 743 ab
574 692 831 746 θωηίδυε
863 691 1240 785 εθιοθτάοίίδιιε
1282 693 1419 747 inibi
1460 693 1790 748 θείεὶηῑίδυδο
1828 692 1895 749 Εί
1923 709 1991 747 ne
2022 694 2076 748 ίη
2181 714 2532 785 pontiﬁcatus
2563 715 2736 769 nostri
2766 730 2910 769 anno
2933 731 3087 781 xvm,
3117 694 3268 785 reéni
3288 729 3422 770 vero
3442 712 3662 770 Henriei
3686 732 3756 768 xl.

427 817 433 827 ι
482 791 762 849 posterum
790 778 949 853 prece
975 784 1056 838 vel
1079 784 1253 854 pretio
1275 785 1377 841 ista
1400 794 1624 855 possent
1648 786 1948 852 immutari,
1976 786 2078 840 im-

2350 948 2891 958 ﬁ'wl
2903 946 2975 959 σου
2984 945 3196 958 ,θεᾷ-

1810 1081 1947 1123 ANNO
1984 1081 2170 1122 DOHINI
2207 1081 2433 1123 ILXXVI.

1038 1136 1893 1409 SANCTUS
2005 1252 3203 1411 LlETBERTUS
3293 1368 3303 1378 .

1636 1517 2172 1575 CAMERACENSIS
2210 1518 2612 1576 EPISCOPUS.

949 1816 1461 1911 NOTITIA
1529 1817 2174 1912 HISTORICA
2252 1819 2378 1910 IN
2454 1811 3275 1917 LIETBERTUM'.
3572 1760 3753 1933 ".3,

1395 2008 1479 2081 (D.
1506 2008 1739 2077 Lecur,
1772 2006 2119 2065 Camer-acum
2151 2009 2539 2079 Christianum,
2570 2028 2692 2085 pag.
2718 2012 2834 2083 24.)

543 2306 601 2364 S.
633 2305 959 2373 Lietbertus,
985 2302 1374 2372 Brabantinus,
1399 2319 1567 2377 nepos
1592 2302 1649 2359 S.
1685 2303 1912 2361 Gerardi
1942 2305 2059 2377 epi-
2090 2308 2132 2369 B
2161 2316 2326 2375 quam
2366 2303 2532 2359 matri
2568 2302 2814 2359 ecclesia:
2840 2302 3119 2359 subditum
3150 2310 3287 2369 erat,
3316 2300 3753 2398 petiergqtque'a

472 2398 645 2468 scopi,
676 2396 765 2452 cui
789 2396 1105 2451 educandus
1133 2395 1367 2450 traditus
1388 2403 1491 2461 est,
1516 2410 1582 2449 ex
1610 2394 1874 2465 magistro
1899 2395 2061 2451 scho-

469 2488 556 2556 lae,
592 2486 980 2543 archidiacono
1008 2494 1063 2541 et
1101 2486 1412 2557 praeposito,
1445 2484 1622 2540 factus
1651 2495 1735 2540 est
1769 2486 2062 2556 episcopus

470 2578 886 2636 Cameracensis
924 2594 1014 2632 an.
1054 2576 1210 2643 1049,
1255 2594 1322 2631 ex
1351 2576 1537 2631 charta
1579 2575 1635 2630 S.
1667 2575 1812 2631 Petri
1843 2575 2058 2634 Iiasno-

468 2677 729 2743 nicnsis;‘
755 2674 902 2745 quod
937 2673 1227 2728 conﬁrmat
1265 2673 1691 2727 instrumentum
1732 2671 2060 2728 Corbeiense

467 2770 536 2825 de
558 2768 797 2826 comitiis
819 2766 974 2837 regni
1000 2765 1198 2821 ibidem
1217 2764 1417 2821 habitis
1442 2780 1533 2818 an.
1556 2763 1718 2832 1065,
1749 2763 1939 2818 indiet.
1973 2780 2056 2831 ιιι,

467 2869 659 2932 epacta
693 2875 772 2925 χι,
816 2865 1078 2929 regnante
1125 2854 1374 2926 Philippo
1416 2871 1542 2926 rege
1587 2870 1676 2908 an.
1725 2870 1799 2918 vr,
1848 2855 2056 2924 episco-

467 2960 631 3022 pante
652 2950 927 3005 Lietberto
952 2948 1338 3003 Cameracensi
1369 2963 1458 3000 an.
1488 2962 1618 3000 xvu.
1648 2944 1705 2999 Si
1728 2945 1874 2999 enim
1897 2945 2058 3001 annis

469 3041 609 3095 1049
631 3041 817 3095 decem
840 3047 893 3093 et
915 3047 1122 3107 septem
1144 3037 1431 3101 addantur,
1456 3035 1667 3089 habetis
1696 3035 1863 3102 1065;
1887 3049 2059 3106 quare

467 3130 696 3185 vitiosas
725 3138 983 3199 putamus
1011 3126 1274 3196 temporis
1300 3134 1461 3181 notas
1484 3126 1538 3180 in
1567 3125 1845 3180 chartario
1870 3123 1927 3181 S.
1955 3123 2056 3182 Se-

465 3221 673 3295 pulcri,
718 3221 811 3276 ubi
866 3220 1098 3291 legimus
1134 3235 1263 3275 cum
1297 3220 1427 3275 huic
1460 3220 1796 3274 monasterio
1831 3234 2058 3276 conces—

465 3313 608 3371 sisse
630 3312 821 3368 altaria
848 3311 916 3366 de
943 3310 1150 3367 Bullari
1173 3318 1228 3367 et
1251 3310 1317 3366 de
1340 3309 1641 3382 Brugeletis
1664 3327 1755 3366 an.
1786 3309 1943 3378 1070,
1970 3312 2057 3369 sui

464 3405 811 3474 episcopatus
832 3404 925 3458 24.
953 3403 1207 3459 Attamen
1237 3402 1448 3459 tardius
1471 3402 1759 3461 ordinatus
1785 3410 1900 3469 est;
1926 3418 2054 3458 nam

460 3508 531 3548 ex
551 3492 673 3562 ejus
690 3489 826 3545 Vitae
854 3491 1141 3560 scriptore,
1172 3490 1439 3559 habemus
1466 3490 1633 3561 hujus
1658 3491 1899 3562 episcopi
1925 3508 2055 3549 eon-

460 3583 825 3638 scerationem
859 3581 1047 3639 Remis
1073 3597 1196 3639 esse
1222 3579 1428 3639 factam
1453 3582 1509 3636 in
1536 3583 1728 3638 eodem
1757 3594 2048 3651 conventu,

460 3675 521 3729 in
555 3689 667 3745 quo
712 3674 1005 3731 celebrata:
1037 3682 1169 3733 sunt
1210 3674 1415 3744 nuptiae
1454 3672 1674 3732 llenrici
1714 3673 2050 3732 Francorum
2079 3665 2120 3722 C

462 3764 604 3835 regis
635 3780 763 3821 cum
794 3762 973 3831 Anna,
1010 3780 1150 3835 quas
1189 3763 1363 3825 factas
1390 3765 1565 3821 fuisse
1592 3782 1683 3821 an.
1722 3766 1856 3823 1051
1885 3783 2049 3823 nemo

462 3856 660 3910 nescit.
1328 3900 1345 3921 λ

532 3944 667 4017 Ejus
700 3944 758 4001 in
784 3948 1119 4005 monasteria
1160 3950 1401 4007 studium
1432 3950 1607 4020 patuit
1633 3968 1760 4023 erga
1808 3951 2045 4009 Santan-

454 4037 728 4094 dreanum
768 4052 799 4092 a
830 4054 932 4095 suo
961 4039 1251 4098 decessore
1292 4041 1348 4097 in
1370 4050 1555 4098 castro
1584 4041 1641 4097 S.
1669 4042 1853 4101 Mariis
1887 4045 2049 4101 condi

459 4139 722 4202 emptum,
763 4133 911 4203 quod
955 4134 1213 4202 perlicere
1250 4134 1518 4190 sollicitus
1564 4132 1822 4190 fuit'fere
1863 4136 2047 4192 statim

459 4233 583 4294 post
628 4242 770 4281 onus
796 4228 1070 4297 pastorale
1113 4236 1446 4297 susceptum.
1493 4226 1816 4283 Coenobium
1851 4227 1907 4283 S.
1946 4227 2047 4284 Se-

356 4342 359 4347 ν
461 4319 635 4386 pulcri
668 4320 722 4374 in
752 4320 871 4389 ipsa
900 4319 1034 4375 urbe
1062 4318 1446 4375 Cameracensi
1489 4336 1578 4375 an.
1612 4319 1751 4377 1064
1779 4320 2045 4387 fundavit,

460 4424 527 4462 ex
556 4411 985 4481 peregrinatione
1010 4428 1167 4468 sacra
1199 4428 1452 4475 reversus
1482 4412 1579 4483 (1).

532 4498 740 4555 Eodem
788 4517 932 4557 anno
980 4504 1128 4558 dedit
1170 4504 1514 4574 privilegium
1564 4519 1663 4573 pro
1708 4506 2044 4561 monasterio

465 4590 795 4658 Eihamensi,
821 4594 1082 4647 territorii
1122 4593 1526 4662 Bracbatensis,
1562 4596 1706 4666 quod
1738 4612 1863 4651 eum
1890 4597 2043 4666 prius

460 4682 753 4749 tloruisSet,
782 4692 910 4738 tunc
933 4685 1002 4739 ob
1024 4687 1293 4747 bellorum
1319 4689 1657 4744 calamitates
1675 4689 1923 4759 jacebat;
1947 4691 2040 4746 sed

2161 2395 2439 2452 Lietberto
2460 2396 2720 2467 episcopo
2743 2405 2806 2451 ut
2828 2396 3010 2465 amplo
3034 2396 3321 2467 privilegio
3348 2395 3553 2453 novum
3583 2399 3757 2476 dona-

2160 2497 2244 2543 ret
2275 2489 2611 2543 coenobium.
2661 2488 2801 2544 Huic
2847 2488 3130 2559 privilegio
3173 2488 3620 2560 subscripserunt
3650 2490 3754 2547 Ge-

2160 2581 2356 2637 rardus
2376 2582 2701 2651 praapositus
2722 2590 2774 2637 et
2799 2580 3241 2657 archidiaconus,
3264 2582 3509 2651 quinque
3543 2582 3638 2637 alii
3660 2599 3752 2637 ar—

2159 2673 2489 2739 chidiaconi,
2518 2671 2947 2728 Erchcmbaldus
2972 2673 3143 2728 abbas
3169 2671 3570 2741 Atrebatensis,
3594 2675 3754 2730 Alar-

2159 2764 2262 2820 dus
2294 2764 2686 2831 Lauhacensis,
2717 2763 3041 2820 Guirdricus
3064 2764 3131 2819 de
3158 2762 3215 2819 S.
3240 2763 3527 2834 Ghisleno,
3553 2767 3749 2822 Alber—

2161 2865 2248 2912 tus
2270 2857 2663 2913 Maricolensis.
2696 2857 3003 2913 Walbertus
3039 2856 3141 2913 fuit
3160 2857 3373 2928 primus
3400 2857 3749 2915 Eibamensis

2157 2950 2346 3006 abbas.
2384 2977 2393 2980 ~

2228 3062 2334 3118 An.
2364 3061 2521 3130 1066,
2537 3063 2736 3123 amotis
2760 3064 3043 3120 canonicis
3070 3063 3445 3131 saecularibus,
3469 3065 3750 3136 regulares

2159 3156 2440 3211 substituit
2469 3156 2524 3210 in
2561 3154 2947 3231 Cameracensi
2976 3156 3033 3211 S.
3062 3156 3313 3212 Autberti
3353 3158 3632 3225 coenobio,
3668 3158 3749 3213 uti

2157 3250 2390 3319 probant
2418 3250 2663 3320 ejusdem
2697 3251 2910 3318 litterze,
2939 3266 3079 3322 quas
3109 3249 3304 3306 recitat
3346 3250 3589 3320 Miraeus,
3631 3263 3747 3307 tum

2158 3359 2277 3413 cap.
2311 3344 2400 3409 '56,
2428 3352 2562 3399 tom.
2595 3343 2637 3411 Ι,
2664 3344 2890 3415 diplom.
2921 3343 3145 3415 Bclgic.,
3174 3354 3310 3399 tum.
3346 3360 3466 3416 cap.
3496 3346 3568 3400 96
3600 3346 3748 3400 noti-

2158 3436 2245 3490 tia:
2271 3435 2467 3491 ecclcs.
2496 3435 2643 3507 Belg.
2674 3421 2904 3491 Eosdem
2943 3437 3222 3507 regulares
3252 3435 3473 3492 admisit
3495 3436 3553 3490 in
3578 3437 3747 3491 abba-

2153 3530 2285 3584 tiam
2312 3527 2509 3584 Montis
2547 3527 2603 3583 S.
2631 3527 2809 3599 Etigii,
2842 3543 2989 3585 anno
3020 3527 3176 3596 1070,
3201 3535 3416 3600 petente
3444 3527 3748 3587 Eustachii)

2156 3623 2395 3680 Bolonite
2423 3611 2641 3679 comite.

2225 3760 2465 3831 Collegio
2523 3760 2918 3816 canonicorum
2972 3760 3335 3818 Lensensium
3385 3761 3559 3818 multa
3613 3779 3745 3819 con-

2155 3854 2320 3908 cessit
2354 3853 2656 3925 privilegia,
2697 3854 2764 3909 de
2793 3854 2994 3927 quibus
3037 3853 3274 3922 Μίνωας,
3313 3871 3433 3926 cap.
3468 3854 3538 3911 58
3564 3866 3621 3911 ct
3648 3857 3740 3924 39,

2152 3948 2377 4018 diplom.
2413 3947 2559 4019 Belg.
2605 3946 3011 4004 Bruxellensem
3034 3947 3322 4003 ecclesiam
3354 3949 3408 4002 in
3433 3964 3542 4020 qua
3579 3948 3742 4005 Lam-

2153 4040 2340 4096 bertus
2384 4056 2570 4096 comes
2604 4041 2903 4097 canonicos
2942 4050 3201 4111 posuerat
3232 4041 3479 4097 libertate
3517 4042 3744 4097 donavit

2151 4146 2296 4185 anno
2337 4132 2685 4201 episcopatus
2728 4132 2820 4199 ‘25,
2863 4132 2959 4202 qui
3000 4132 3293 4202 respondet
3325 4147 3416 4186 an.
3452 4132 3615 4200 1072,
3655 4134 3737 4189 vel

2155 4223 2311 4279 1075.
2341 4221 2500 4278 Plura
2529 4224 2596 4279 de
2625 4224 2898 4279 similibus
2926 4224 3152 4294 pietatis
3170 4224 3429 4294 operibus
3455 4240 3587 4296 erga
3620 4241 3737 4281 mo-

2149 4317 2389 4371 nasteria
2420 4315 2622 4372 referre
2648 4317 2996 4387 supersedeo.
3025 4315 3216 4371 Adfuit
3241 4317 3583 4372 coronationi
3610 4316 3738 4372 Phi.

2150 4407 2279 4477 lippi
2307 4407 2448 4476 regis
2485 4406 2641 4461 facta:
2673 4404 2862 4463 Remis
2896 4404 2987 4461 an.
3035 4405 3196 4473 1059,
3236 4406 3326 4462 die
3362 4404 3734 4473 Pentecostes,

2148 4514 2333 4553 coram
2370 4497 2605 4553 Henrico
2635 4506 2808 4569 patre.
2836 4496 2981 4553 Obiit
3009 4496 3066 4552 S.
3101 4496 3408 4553 Lietbertus
3445 4513 3538 4551 an.
3576 4497 3730 4561 1076,

2152 4606 2203 4643 1v
2227 4582 2343 4644 Kal.
2375 4589 2626 4644 Octobris
2644 4588 2744 4660 (2),
2769 4604 2835 4645 ex
2868 4589 3040 4660 ipsius
3076 4587 3316 4644 Historia
3335 4604 3433 4643 seu
3456 4586 3583 4642 Vita
3614 4604 3731 4659 quze

2149 4679 2380 4734 habetur
2409 4689 2558 4734 torno
2582 4678 2650 4733 1X
2686 4678 2981 4751 Spicilegii,
3028 4679 3188 4749 cujus
3231 4687 3424 4734 auctor
3464 4678 3570 4733 fuit
3620 4677 3730 4733 Ro‘

459 4772 756 4831 Batduinus
795 4791 1008 4843 comes,
1055 4786 1109 4832 et
1159 4779 1412 4852 religiosa
1453 4781 1572 4850 ejus
1614 4783 1817 4852 conjux
1870 4782 2041 4836 Adela
2146 4772 2331 4827 dulqu
2357 4772 2681 4839 monachus,
2709 4773 2904 4827 deinde
2934 4772 3103 4827 abbas
3129 4770 3185 4827 S.
3220 4770 3514 4838 Trudonis,
3548 4784 3611 4827 ut
3638 4790 3733 4827 au-

457 4869 852 4924 monasterium
887 4869 961 4925 ibi
998 4870 1367 4941 aediﬁcarunt,
1410 4874 1557 4942 quod
1588 4872 1882 4929 Vedastino
1916 4882 2040 4930 tan-
2072 4863 2120 4921 Ι)
2149 4873 2322 4919 tumat
2344 4856 2545 4919 Mabill.
2572 4873 2705 4920 tom.
2736 4864 2779 4918 Il
2809 4865 3052 4920 Analect.
3079 4881 3133 4936 p.
3160 4863 3266 4919 554
3298 4864 3399 4936 (ὅ).
3425 4861 3573 4919 Obiit
3604 4882 3731 4918 vero

527 5026 617 5102 (l)_
641 5025 716 5081 La
753 5027 937 5082 charte
959 5026 1025 5082 de
1057 5025 1336 5102 fundation
1372 5028 1439 5102 de
1473 5028 1813 5102 l‘abbayedu
1850 5029 2034 5102 Saint-
2140 5017 2206 5072 de
2236 5017 2508 5102 Pampfnj
2549 5036 2626 5102 po
2657 5020 2934 5102 solenuise
2962 5036 3062 5102 pas
3107 5020 3163 5102 la
3204 5017 3311 5074 fete
3341 5019 3421 5102 de_
3450 5019 3725 5102 censainl.

455 5088 808 5173 Sépulerese
838 5108 1027 5173 tr_ou_v_e
1050 5100 1188 5154 dans
1233 5099 1372 5173 Aub.
1414 5098 1489 5153 Le
1519 5088 1671 5173 Μὴδᾴ
1717 5099 1845 5154 édit.
1886 5100 2033 5173 Fop-

2162 5089 2282 5173 nais
2307 5089 2357 5143 le
2376 5089 2447 5144 25
2481 5090 2624 5172 juin,
2651 5091 2779 5173 jour
2804 5092 2871 5173 de
2902 5088 3291 5173 sa'sépult‘ure,
3323 5101 3376 5145 et
3406 5090 3457 5173 le
3484 5088 3563 5173 g8
3598 5105 3726 5157 sep-

453 5159 607 5236 pens,
635 5166 676 5232 l,
710 5169 830 5223 155.
877 5161 1094 5224 Liébert
1137 5171 1283 5225 avait
1327 5171 1597 5236 entrepris
1638 5159 1687 5223 le
1724 5185 1928 5236 voyage
1967 5159 2035 5226 de
2138 5159 2367 5236 l‘flnbl‘e,
2395 5159 2767 5217 anniversaire
2794 5162 2860 5236 de
2882 5177 2942 5216 sa
2962 5159 3240 5236 premiére
3270 5160 3620 5236 translatifm.
3653 5173 3723 5213 οη

3957 3764 3959 3827 4
