4022 5340
239 298 378 362 “l9

1114 309 1172 368 S.
1211 311 1574 369 LIETBEBTI
1606 310 2141 375 CAMERACENSIS
2177 314 2392 379 EPESC.
2436 318 2618 379 "TA.

3371 329 3512 387 H50

230 415 502 474 Bodulfus
530 432 676 473 anno
705 418 868 485 “38,
890 419 966 478 De
991 421 1078 478 bis
1094 425 1418 482 consulendi
1443 428 1821 501 hagiographi,
1853 438 1898 495 Α
1926 432 2105 503 inquit
2131 432 2385 492 Raissius
2417 437 2473 491 in
2506 436 2724 510 Belgica
2755 436 2983 505 Christ.,
3030 457 3083 511 p.
3116 440 3203 497 lll.
3234 440 3374 499 Huic
3397 448 3513 516 epi—

233 508 472 563 maxime
507 510 642 565 socii
682 508 1043 569 Bollandiani.
1080 515 1372 587 Depositus
1408 529 1492 575 est
1533 521 1588 576 in
1632 536 1821 577 mona-
1923 538 2094 594 scopo
2118 524 2281 581 Ursio
2311 528 2480 584 abbas
2502 508 2949 586 Altismontensis
2971 508 3306 604 nuncupavit
3332 508 3510 591 hist-oe

229 599 401 698 sterio
441 598 498 655 S.
545 598 794 672 Sepulcri
836 604 905 660 ab
952 602 1078 677 ipso'
1106 610 1349 676 condito,
1392 613 1484 667 ubi
1525 614 1821 683 quotannis
1925 616 2066 672 riam
2107 618 2176 673 de
2222 620 2281 675 S.
2319 620 2593 689 Marcello,
2626 639 2749 679 oua:
2783 625 2981 695 legitur
3007 598 3512 698 apud-Bollandun

228 683 395 744 habet
439 691 495 747 in
536 693 625 751 die
670 694 858 753 obitus
885 698 1101 770 vigilias
1143 701 1417 758 solemnes
1449 714 1818 773 mortuorum,

237 852 2485 906 Mm

970 1032 1313 1150 VITA
1400 1036 1924 1156 S’ANCTI
2010 1043 2771 1163 LIETBERTI

192 1084 310 1168 «τῇ

1927 707 1995 761 ad
2015 708 2162 764 diem
2188 710 2252 763 l6
2284 710 2550 771 Januarii.

2487 881 3508 917 Mm...—

1405 1261 1939 1323 CAMERACENSIS
1970 1264 2302 1337 EPISCOPI,
2490 1292 2511 1309 ι-

1230 1362 1233 1363 ν
1784 1356 1861 1405 1(νῖ
1962 1336 2601 1409 ᾄίνῑιέᾸΛΜὶΑΔΑ-Αη
2638 1362 2649 1372 ο

966 1412 1827 1516 ΔΗΟΤΟΒΕᾹΟΒΗΙιΡΗΟ
1868 1422 2188 1488 ΑΒΒΑΤΕ
2229 1429 2290 1489 S.
2342 1429 2765 1494 TRUDONIS.

1151 1577 1331 1650 (Apud
1352 1530 1654 1648 Acusnrcu,
1687 1566 1965 1655 Spicilegii
1991 1594 2120 1640 tom.
2152 1586 2241 1653 IX,
2270 1603 2391 1659 pag.
2426 1588 2575 1659 673.)

726 1931 959 1991 CAPUT
993 1932 1289 1991 PRIMUM.

504 2020 581 2079 De
610 2023 802 2082 Ottone
823 2036 874 2080 et
900 2025 1130 2081 Henrico
1154 2026 1582 2097 imperatoribus.

289 2113 528 2172 Romani
551 2117 888 2188 principatus
910 2116 1189 2188 imperiale
1225 2120 1423 2174 solium
1454 2119 1679 2175 brachio
1702 2120 1809 2175 mi-

214 2200 364 2265 litari
390 2208 735 2265 sustentabat
778 2204 904 2263 Otto
955 2206 1170 2276 Junior,
1221 2222 1521 2281 regumque
1564 2218 1810 2264 veterum
1870 2219 1881 2227 ‘

214 2302 517 2372 potentiam
544 2302 810 2372 relegens,
837 2300 1144 2356 mobilitate
1172 2301 1432 2372 juvenilis
1456 2302 1624 2356 animi
1650 2308 1812 2357 conaé

214 2394 380 2449 batur
413 2393 661 2449 omnium
715 2392 832 2447 ﬁeri
877 2394 1170 2463 potentior.
1216 2390 1288 2448 Ut
1336 2401 1516 2448 autem
1551 2394 1808 2448 meditata

213 2486 535 2555 compleret,
589 2484 911 2540 admittebat
944 2484 1190 2541 consiliis
1238 2483 1614 2554 imperialibus
1654 2499 1808 2540 com-

213 2576 595 2632 mercatricem
622 2575 996 2632 Romanorum
1027 2577 1337 2633 barbariem
1369 2576 1434 2649 [Γ.
1474 2576 1806 2651 avaritiam],

212 2670 377 2725 donis
418 2677 474 2725 et
516 2668 792 2724 beneﬁciis
844 2678 1093 2725 saturare
1125 2669 1366 2741 gestiens
1399 2685 1593 2725 eorum
1638 2670 1812 2741 inglu-

210 2762 399 2816 viem:
449 2761 545 2816 sed
590 2761 847 2831 palatinis
881 2762 1132 2828 canibus,
1164 2770 1227 2817 ut
1255 2762 1479 2828 assolet,
1521 2762 1811 2817 accedebat

209 2868 275 2908 ex
304 2852 578 2925 frequenti
621 2854 941 2910 assiduitate
985 2868 1282 2910 contumax
1324 2855 1632 2922 insolentia,
1659 2864 1713 2911 et
1741 2872 1808 2912 ex

208 2944 383 3000 nimia
419 2944 791 3002 familiaritate
831 2956 1197 3018 contemptus.
1231 2948 1383 3004 Adeo
1423 2950 1675 3011 efferbuit
1721 2949 1806 3007 fa-

208 3037 462 3093 ctionum
508 3038 742 3105 insania,
782 3046 842 3094 ut
886 3039 1178 3109 pelleretur
1220 3042 1292 3096 ab
1322 3042 1455 3098 urbe
1506 3044 1809 3114 imperator

207 3145 320 3185 non
361 3130 483 3187 sine
514 3132 983 3196 ‘morte‘suorum.
1019 3131 1157 3187 Dum
1189 3133 1334 3204 cogit
1362 3134 1431 3188 ad
1455 3132 1809 3190 vindicandas

206 3220 444 3292 injurias
476 3221 710 3277 militum
750 3232 954 3290 castra,
992 3224 1123 3279 dum
1161 3225 1327 3295 stipat
1350 3225 1662 3295 imperiales
1685 3234 1802 3282 tur-

205 3327 348 3380 mas,
362 3312 705 3387 defungitur;
727 3323 890 3385 atque
909 3330 1035 3370 cum
1062 3316 1211 3372 luctu
1234 3324 1289 3371 et
1308 3331 1544 3372 maerore
1566 3332 1792 3374 suorum

203 3401 419 3460 honore
443 3405 595 3476 regio
630 3404 685 3459 in
714 3405 947 3461 ecclesia
972 3407 1306 3478 Aquisgrani
1332 3407 1607 3478 sepelitur.

275 3492 359 3549 Eo
388 3493 455 3548 de
497 3494 695 3551 medio-
720 3495 864 3565 facto
900 3495 1170 3553 Henricus
1208 3498 1587 3555 Baioariorum
1637 3500 1795 3558 ducis

204 3581 430 3641 Henrici
456 3584 603 3640 ﬁlius
636 3585 713 3656 (4)
744 3594 880 3640 nutu
901 3595 955 3641 et
980 3588 1319 3657 providentia
1345 3588 1440 3643 Dei
1465 3605 1533 3645 ex
1559 3587 1795 3646 consilio

206 3673 652 3732 Lotbariensium
697 3692 938 3750 purpura
979 3680 1213 3736 .vestitus
1252 3681 1420 3752 regia,
1466 3683 1637 3738 armis
1661 3683 1797 3739 insi-

202 3768 393 3839 gnitur
415 3769 822 3839 imperialibus;
847 3771 940 3842 qui
962 3788 1128 3844 quam
1148 3774 1463 3844 prudenter,
1491 3791 1657 3847 quam
1683 3774 1795 3832 for-

205 3860 357 3929 titer,
385 3876 552 3931 quam
582 3862 825 3933 paciﬁee,
849 3880 1015 3935 quam
1040 3865 1307 3922 catholice
1333 3884 1498 3924 suum
1520 3871 1662 3926 rexit
1690 3872 1793 3927 inl-

204 3951 442 4020 perium,
495 3963 765 4010 monstrat
812 3957 1051 4013 nominis
1113 3959 1288 4029 ipsius
1342 3960 1657 4032 intitulatio,
1699 3981 1795 4036 per

205 4057 373 4111 quam
398 4058 508 4098 non
542 4044 705 4100 modo
727 4045 1008 4117 Augustus
1033 4057 1087 4103 et
1106 4048 1428 4121 Imperator,
1456 4055 1552 4111 sed
1572 4057 1796 4129 insuper

203 4131 559 4191 Orthodoxus
596 4146 759 4208 atque
781 4137 1048 4197 Paciﬁcas
1080 4143 1403 4199 attitulatur.
1432 4144 1647 4203 Sedatis
1674 4148 1794 4204 sine

204 4228 472 4297 sanguine
500 4229 771 4296 hostibus,
807 4233 910 4287 sibi
939 4249 1149 4306 suoque
1168 4246 1360 4309 potens
1381 4237 1515 4292 vixit
1541 4239 1790 4310 imperio,

203 4318 329 4387 plus
365 4320 484 4389 paci
529 4328 585 4376 et
610 4321 796 4391 pietati
828 4325 1051 4381 studens
1081 4343 1246 4397 quam
1278 4327 1504 4395 militiae,
1527 4331 1653 4400 plus
1701 4348 1795 4386 ca-

205 4409 423 4466 tholica:
441 4419 495 4465 et
523 4412 837 4483 apostolica:
864 4415 1108 4487 religioni
1134 4418 1375 4474 serviens
1408 4435 1574 4490 quam
1617 4419 1793 4477 furori

202 4496 418 4557 Martio.

827 4595 1059 4654 CAPUT
1096 4599 1161 4657 ιι.
1398 4670 1401 4673 ν

500 4685 580 4741 De
612 4684 846 4748 (ἔστανάο
866 4691 1108 4768 episcopo
1130 4693 1518 4753 Cameracensi.

273 4770 422 4841 Inter
449 4774 568 4834 haec
602 4768 841 4836 'Erluino
872 4780 1349 4857 Cameracensium
1393 4790 1650 4858 pontiﬁce
1689 4791 1787 4847 de-

203 4859 415 4934 functo,
442 4864 559 4938 ipse
609 4868 867 4927 dominus
903 4860 1200 4942 imperator
1238 4890 1464 4948 suorum
1494 4895 1631 4939 usus
1680 4895 1790 4937 non

200 4957 358 5028 segni
402 4960 937 5029 consilio,-Gerardo
981 4982 1084 5024 suo
1114 4969 1417 5038 capellano,
1462 4971 1789 5031 Lotharien-

201 5042 346 5101 sium
369 5054 534 5119 atque
556 5048 898 5109 Karlensium
927 5056 1245 5124 parentibus
1264 5059 1411 5114 edito
1431 5075 1541 5117 non
1564 5062 1790 5133 inﬁmis,

198 5150 494 5178 Δαυνηαιικι
517 5144 741 5178 “mh-1:1
774 5160 937 5178 anm-
964 5148 1225 5178 nlnnoznr-
1266 5149 1317 5168 λλ
1356 5166 1365 5167 ί
1390 5166 1409 5178 κ
1430 5148 1570 5178 θαι.-
1603 5152 1767 5178 f‘-..-

1844 1940 1889 1997 Β
1915 1941 2246 1996 restauratio
2274 1943 2562 2001 domorum
2583 1957 2788 2006 sancta:
2809 1955 3003 2010 matris
3032 1952 3312 2028 Ecclesim,
3343 1958 3507 2019 index

1913 2040 1996 2087 est
2022 2026 2369 2089 Florinarum
2414 2039 2595 2095 nobile
2628 2044 2963 2112 emnobinm,
2998 2047 3051 2101 in
3088 2026 3305 2106 honore
3333 2052 3427 2109 Dei
3454 2068 3508 2111 et

1913 2127 2179 2181 memoria
2203 2128 2348 2183 beati
2376 2128 2605 2187 Joannis
2626 2143 2680 2189 et
2711 2135 2907 2192 indicis
2937 2136 3166 2208 Christi,
3196 2147 3508 2215 sumptibus

1912 2216 2033 2285 ejus
2062 2225 2462 2287 constructum,
2492 2227 2842 2296 paternisque
2877 2228 3285 2290 bagrcditatibus
3318 2238 3506 2293 adlim-

1912 2306 2205 2363 reditatum
2244 2326 2258 2362 :
2305 2321 2577 2368 monstrat
2605 2313 3019 2377 Cameracensis
3066 2325 3223 2380 sedes
3246 2340 3350 2398 ope
3382 2337 3504 2383 stu-

1911 2398 2113 2469 dioque
2152 2400 2325 2470 ipsius
2362 2402 2619 2459 nobiliter
2647 2404 2940 2476 decorata;
2986 2428 3198 2468 necnon
3232 2415 3285 2470 in
3329 2416 3507 2488 capite

1912 2489 2057 2544 sedis
2084 2490 2326 2560 ejusdem
2363 2493 2746 2563 pontiﬁcaliter
2770 2501 3040 2566 exaltata;
3072 2512 3307 2562 testatur
3342 2508 3504 2564 Atre-

1910 2580 2154 2637 batcnsis
2193 2582 2455 2652 ecclesia,
2506 2601 2604 2656 per
2645 2591 2898 2646 eumdem
2943 2595 3257 2664 pontiﬁcem
3306 2598 3505 2655 melius
3590 2633 3594 2636 ι

1910 2672 2306 2744 pulchriusque
2326 2692 2491 2747 quam
2521 2678 2701 2734 fuerat
2722 2690 3026 2740 restaurata
3050 2696 3174 2757 post
3195 2689 3503 2761 conﬂagra-

1910 2766 2114 2821 tionem
2154 2768 2395 2825 caelestis
2421 2770 2676 2827 incendii.
2715 2772 2888 2844 Cujus
2934 2776 3012 2832 rei
3053 2779 3300 2836 ordinem
3349 2791 3507 2838 caete-

1912 2870 2213 2928 rerumque
2264 2859 2402 2913 bene
2444 2870 2724 2931 gestorum
2772 2865 2915 2921 scire
2968 2868 3233 2938 volentes,
3270 2871 3339 2926 ad
3381 2873 3502 2943 ejus

1912 2942 2049 2999 Vitae
2075 2954 2281 3002 textum
2318 2948 2645 3021 dirigimus:
2678 2968 2780 3009 nos
2813 2954 2871 3009 in
2912 2967 3132 3029 sumpto
3158 2958 3306 3016 fasce
3334 2942 3501 3018 desu-

1912 3037 2185 3096 dabimus.

2525 3136 2756 3193 CAPUT
2793 3139 2881 3195 ῐῐῐ.

1912 3218 1989 3276 De
2012 3233 2131 3277 artu
2165 3224 2347 3280 damni
2385 3226 2671 3310 Lietberﬁ,
2704 3242 2755 3286 et
2794 3235 2859 3289 de
2899 3240 3138 3306 profectu
3170 3240 3285 3310 ejus
3309 3241 3364 3296 in
3388 3252 3503 3298 stu-

2112 3311 2116 3314 ‘
2483 3300 2575 3355 dio
2598 3300 2923 3360 litterarum;

1965 3382 2322 3454 Tripudiabat
2348 3389 2699 3449 Christianus
2732 3396 2884 3451 orbis
2929 3399 3142 3467 paciﬁci
3187 3401 3332 3473 regis
3374 3412 3504 3461 sus‘

1895 3483 2138 3532 tentatus
2166 3478 2425 3547 brachio;
2476 3486 2745 3557 gaudebat
2780 3495 2958 3544 mater
3000 3489 3245 3548 Ecclesia
3273 3506 3496 3550 sancto-

1899 3582 2021 3622 rum
2049 3570 2309 3625 concordi
2336 3571 2572 3642 justitia,
2615 3577 2682 3632 de
2718 3578 2924 3634 virtute
2970 3581 3025 3635 in
3069 3582 3329 3639 virtutem
3360 3601 3489 3655 gra-

1897 3659 2173 3717 dientibus
2199 3664 2415 3721 cunctis
2430 3674 2455 3717 ':
2490 3667 2593 3722 sub
2616 3669 2853 3725 evidenti
2875 3673 3116 3729 caelestis
3141 3674 3339 3746 Sponsi
3360 3693 3492 3733 can-

1901 3752 2008 3809 tico
2034 3772 2046 3808 :
2073 3754 2247 3821 Quam
2267 3758 2480 3828 pulchri
2514 3770 2638 3816 sunt
2666 3776 2873 3834 gressus
2899 3768 2978 3820 tui
3014 3768 3068 3821 in
3092 3769 3487 3836 calceamentis,

1901 3847 2019 3917 filia
2040 3850 2298 3920 principis
2315 3850 2339 3903 ἶ
2350 3850 2532 3923 (Cant.
2556 3870 2654 3922 vn,
2687 3856 2764 3927 1.)
2785 3855 2844 3913 In
2878 3858 2986 3915 hoc
3007 3873 3140 3932 ergo
3167 3861 3320 3933 pacis
3345 3870 3494 3920 tran-

1898 3939 2294 4014 quillitatisque
2315 3945 2575 4015 solstitio,
2600 3944 2737 4005 bene
2769 3949 2870 4006 sibi
2898 3953 3366 4010 consentientibus
3408 3964 3493 4011 re-'-

1900 4050 2007 4105 gno
2034 4050 2160 4091 cum
2194 4039 2521 4110 sacerdotio,
2561 4043 2808 4113 praeclari
2838 4044 3050 4103 decoris
3096 4047 3260 4118 jubar
3288 4050 3490 4109 effulsit

1901 4129 1956 4185 in
1979 4129 2333 4189 Brachatensi
2385 4134 2560 4207 (vulgo
2582 4134 2826 4208 Brakele)
2851 4141 3152 4210 provincia,
3179 4143 3378 4199 nobilis
3401 4144 3487 4199 in—

1901 4220 2023 4279 fans
2056 4224 2224 4279 nolili
2246 4234 2404 4281 ortus
2429 4230 2683 4298 prosapia
2740 4240 3006 4288 consueto
3033 4248 3189 4289 more
3219 4234 3489 4291 Christia-

1902 4314 2088 4371 nitatis
2126 4316 2365 4372 traditur
2400 4319 2789 4375 ecclesiasticis
2828 4322 3224 4391 sanctionibus,
3257 4328 3489 4397 postque

1901 4414 2151 4461 sanctum
2204 4408 2476 4478 baptisma
2526 4410 2840 4467 chrismatis
2888 4413 3128 4485 unguine
3178 4415 3491 4484 delibutus,

1898 4497 2084 4553 divino
2127 4501 2392 4572 prmsagio
2423 4517 2622 4556 nomen
2668 4506 2878 4575 accepit
2922 4504 3250 4576 Lietbertus,
3294 4518 3349 4565 et
3378 4529 3493 4569 me-

1825 4626 1870 4681 Β
1900 4589 2027 4657 rito,
2077 4590 2278 4662 quippe
2316 4593 2412 4663 qui
2455 4592 2787 4650 liberaturus
2810 4605 2928 4652 erat
2968 4598 3179 4668 plebem
3203 4600 3309 4657 sibi
3339 4618 3493 4681 com-

1897 4681 2215 4736 mittendam
2244 4681 2312 4736 de
2332 4684 2509 4741 hostis
2532 4684 2708 4741 rabidi
2739 4689 2976 4744 versutis
3002 4689 3242 4747 hiatibus
3275 4679 3492 4752 tantum

1896 4770 2207 4843 reipublicae
2237 4774 2448 4831 studuit
2476 4774 2733 4844 libertati,
2757 4786 2818 4831 ut
2843 4778 2958 4835 suis
2981 4778 3313 4848 imaginibus
3338 4782 3494 4840 Lict-

1834 4880 1835 4883 η
1899 4864 2075 4918 bertus
2096 4862 2309 4933 publica
2331 4864 2698 4938 tranquillitas
2726 4868 3054 4925 ascribatur.

1971 4955 2254 5011 Ahlactato
2280 4970 2479 5027 puero,
2505 4959 2714 5014 nullum
2754 4961 2812 5014 ﬁt
2852 4959 3167 5024 discidium,
3192 4961 3315 5028 pari
3359 4981 3507 5028 ωτι-

1892 5058 2058 5103 sensu
2082 5045 2329 5117 parentis
2361 5050 2647 5120 utriusque
2675 5049 2959 5106 elementis
2981 5047 3322 5116 imprimitur
3354 5055 3516 5122 ιῑιιθ.
3578 5072 3619 5078 α

1889 5154 2076 5178 ros-nm
2101 5155 2114 5168 ·
2152 5144 2203 5178 ρο
2248 5152 2575 5178 ("lana-10m
2616 5137 2794 5178 σηπιδνὶ
2838 5145 3164 5178 mnnannrat
3209 5141 3497 5178 noli“.--
