4022 5340
516 247 670 307 4451

1527 244 1584 300 S.
1622 243 1989 301 LIETBERTI
2025 243 2559 301 CAMERACENSIS
2594 242 2810 300 EPISC.

3676 245 3699 298 Ι
3711 245 3813 301 ιει

534 377 667 420 nate
704 360 886 425 illac-it,
912 346 1168 429 auditque
1190 373 1326 428 puer
1349 357 1620 425 docibilis,
1647 367 1703 412 et
1731 359 1965 415 docilem
1988 373 2124 429 pue-
2153 366 2197 425 Α
2226 358 2547 416 collaudans
2575 357 3029 423 muniﬁcentiam,
3062 356 3203 412 votis
3232 356 3571 427 supplicibus
3614 359 3813 415 auditis

532 468 658 511 rum
693 454 895 510 vicinia
940 460 1135 508 cuncta
1177 451 1533 506 rcclamantcs
1579 452 1808 506 audiunt
1867 460 2121 522 parentes

532 547 930 620 etpropinqui,
965 555 1020 600 et
1039 544 1487 616 congratulantur
1526 545 1596 598 ei.
1646 544 1724 599 Ita
1769 559 1991 600 rumore
2033 559 2124 599 se.

532 638 716 693 cunde
739 638 1051 692 insinuatur
1071 636 1464 706 praenominato
1486 633 1731 689 Gerardo
1747 635 1986 703 prmsuli,
2003 650 2126 691 car-
2224 689 2230 697 ,

533 731 623 785 nis
645 744 841 802 genere
862 729 968 783 sibi
989 729 1295 798 propinquo
1324 745 1336 781 :
1372 742 1497 781 mox
1522 726 1588 781 ad
1618 726 1805 781 audita
1830 726 2125 797 requisitos

534 836 669 890 puer
690 818 1018 889 transfertur
1037 819 1353 874 educandus
1385 818 1438 871 in
1467 818 1591 873 aula
1620 817 1941 888 pontiﬁcali,
1963 818 2123 873 datu-

532 928 632 968 rus
656 910 817 966 tritici
842 925 1157 965 mensuram
1182 924 1284 964 suo
1309 910 1362 964 in
1393 917 1633 979 tempore
1665 907 1884 963 familia:
1911 908 2120 963 domini

534 1004 641 1057 sui.
686 1002 942 1058 Traditur
985 1000 1292 1072 paedagogis
1354 1000 1457 1055 sub
1498 999 1736 1081 schelari
1780 984 2121 1081 magisterio,

533 1102 849 1152 servaturos
901 1092 1161 1164 pastorali
1212 1107 1340 1147 cura
1396 1078 1586 1161 greges
1654 1074 1940 1146 tensa-rum
1999 1080 2135 1161 quae,

532 1170 896 1243 ascenderunt
932 1186 999 1241 de
1042 1186 1277 1240 lavacro.
1338 1182 1567 1238 Ducitur
1600 1183 1878 1239 sitibun’do
1905 1190 2122 1253 pectore

532 1296 760 1335 currens
781 1280 848 1336 ad
875 1278 1078 1353 fontem
1114 1277 1489 1348 philosophia,
1528 1284 1581 1330 et
1625 1275 1837 1345 saporis
1864 1276 2119 1346 tripertiti

531 1383 737 1444 septem
761 1373 911 1428 rivos
937 1372 1187 1436 ebibens,
1215 1369 1380 1424 modo
1403 1368 1582 1424 studet
1609 1368 1817 1439 logica,
1845 1382 1990 1423 nunc
2012 1368 2118 1422 'in—

531 1467 692 1522 sudat
718 1465 975 1537 physicae,
1008 1464 1088 1519 sic
1124 1461 1408 1519 intendens
1434 1470 1593 1516 vacat
1611 1459 1802 1514 ethicre
1828 1478 1841 1513 :
1864 1460 2117 1515 miranti-

531 1560 634 1616 bus
683 1556 961 1629 magistris
996 1561 1243 1626 penetrat
1292 1540 1630 1624 labyrinthes
1683 1551 2137 1621 Scripturarum,

529 1663 584 1706 et
613 1649 902 1707 conferens
931 1663 1057 1703 cum
1082 1646 1305 1717 collegis
1328 1644 1596 1700 dissoluta
1626 1644 1863 1715 colligat,
1888 1651 1942 1699 et
1962 1659 2115 1698 cem-

2228 455 2460 510 meliora
2487 461 2762 524 precatur.

2841 541 3074 598 CAPUT
3129 541 3192 596 γ.

2351 636 2450 690 Ubi
2489 644 2803 707 procurator
2838 634 3024 689 domus
3060 636 3291 705 episcopi
3327 636 3701 689 constituitur.

2298 724 2403 782 Sed
2432 727 2693 797 quoniam
2734 726 2871 781 tanti
2902 726 3048 803 senis
3075 736 3208 780 :ctas
3239 726 3293 780 in
3326 726 3444 781 dies
3466 727 3533 781 ad
3565 727 3815 797 decrepi-

2225 826 2337 873 tum
2370 818 2644 890 vergebat,
2668 832 2981 887 przecavens
3018 815 3166 887 quod
3197 815 3398 871 assolet
3439 816 3493 870 in
3531 832 3598 871 ea
3636 825 3815 882 :etate,

2222 907 2431 963 scilicet
2465 908 2646 962 minus
2670 906 2892 977 provide
2916 921 3013 959 sua
3038 905 3347 975 disponere,
3383 904 3650 961 deliberat
3685 922 3817 977 pru-

2220 999 2368 1054 denti
2403 998 2631 1069 censilio
2674 998 2827 1052 illum
2866 997 2934 1051 de
2977 997 3133 1065 cujus
3172 996 3507 1067 gloriabatur
3544 999 3821 1067 praeconio

2212 1076 2339 1147 suis
2382 1089 2699 1146 domesticis
2740 1075 3033 1159 praeficere.
3081 1087 3382 1143 Deliberata
3431 1089 3815 1159 complentur;

2221 1180 2423 1236 scholis
2452 1179 2810 1245 abstrahitur,
2842 1186 2895 1233 et
2927 1178 3067 1233 inter
3095 1178 3365 1249 palatinos
3384 1194 3643 1250 proceres
3678 1195 3818 1250 poni-

2220 1272 2435 1327 titicalis
2492 1272 2689 1327 demus
2732 1279 3052 1343 procurator
3103 1273 3391 1326 cxaltatur.
3456 1270 3609 1327 Felix
3671 1275 3816 1343 regia

2221 1359 2301 1433 [id
2328 1370 2425 1428 est,
2456 1362 2717 1431 palatium
2747 1361 3012 1433 episcfpi]
3041 1371 3189 1417 tante
3223 1363 3582 1418 sustentanda
3614 1379 3815 1434 precu-

2218 1455 2434 1507 ratore!
2465 1454 2559 1508 sed
2582 1453 2790 1509 felicior
2811 1452 3012 1508 familia
3042 1463 3154 1508 tam
3186 1453 3439 1524 prudenti
3459 1455 3816 1526 gubernanda

2220 1546 2521 1614 provisere.
2565 1544 2766 1600 Doctor
2805 1560 3101 1616 puerorum
3145 1546 3205 1599 tit
3243 1545 3433 1601 consul
3462 1545 3814 1615 pepulerum.

2221 1634 2435 1707 Quique
2466 1637 2807 1692 cencutiebat
2831 1646 3115 1708 crepantes
3153 1634 3356 1691 ferulas
3398 1636 3543 1691 inter
3570 1637 3817 1691 carmina

526 1745 726 1814 plicata
749 1743 998 1797 disserat.
1024 1738 1112 1795 Fit
1145 1737 1404 1810 magister
1432 1752 1499 1791 ex
1526 1736 1814 1806 discipulo,
1842 1743 1896 1790 et
1915 1736 2009 1805 qui
2033 1735 2127 1789 do-
2161 1731 2197 1788 B
2227 1738 2533 1799 poetarum,
2561 1729 2820 1784 discernit
2850 1727 2942 1801 [f.,
2972 1726 3158 1800 discit]
3189 1743 3354 1799 super
3395 1726 3585 1784 civiles
3625 1729 3818 1783 multi-

528 1837 734 1892 eendus
768 1842 1010 1900 venerat,
1047 1833 1205 1888 docet
1244 1831 1467 1886 doctore
1494 1828 1733 1899 judicio;
1771 1844 1804 1882 a
1832 1825 2107 1898 magistris

530 1929 790 1985 recitatur
813 1926 1052 1996 pontiﬁci
1076 1925 1142 1980 de
1167 1920 1526 1979 adolescentis
1568 1920 1861 1987 industria,
1886 1919 1952 1973 de
1985 1933 2106 1973 mo-

527 2018 701 2085 ribus,
734 2017 800 2072 de
832 2016 1079 2082 scientia,
1103 2015 1169 2069 de
1192 2012 1454 2083 religione
1482 2012 1708 2068 munda.

1137 2102 1367 2160 CAPUT
1408 2102 1497 2157 IV.

703 2200 803 2255 Ubi
825 2201 1059 2255 scientiis
1092 2199 1277 2252 merito
1301 2194 1660 2251 archischolus
1688 2196 1928 2266 efﬁcitur.

522 2283 529 2287 ’
602 2293 794 2348 Domni
835 2291 1076 2364 episcopi
1114 2291 1272 2361 jussu
1313 2289 1667 2359 omniumque
1706 2303 1930 2343 suorum
1988 2285 2112 2341 ﬁde-

525 2385 658 2439 lium
704 2397 932 2439 assensu
989 2380 1283 2453 praeﬁcitur
1328 2377 1541 2434 cunctis
1589 2376 1937 2433 schelaribus
1975 2391 2110 2445 pru-

494 2470 498 2474 ’
525 2477 671 2533 denti
692 2474 1117 2546 dispensatione,
1150 2480 1211 2528 ut
1232 2473 1286 2527 in
1308 2471 1414 2527 hoc
1434 2470 1757 2542 probaretur
1780 2478 1959 2524 utrum
1990 2483 2112 2539 per-

521 2560 801 2626 'severaret
850 2566 905 2623 in
949 2565 1161 2623 devotis
1202 2562 1470 2620 moribus.
1519 2560 1771 2632 Suscepit
1811 2558 2113 2631 magisterii

525 2660 794 2729 schelaris
823 2658 1194 2724 dominatum;
1220 2655 1315 2712 sed
1338 2670 1405 2710 ne
1429 2654 1647 2709 solliciti
1671 2653 1876 2708 laberis
1900 2651 2111 2708 studie-

525 2766 649 2807 sum
691 2750 904 2821 pondus
948 2749 1182 2820 abjicere
1222 2746 1514 2813 videretur,
1566 2754 1758 2801 contra
1791 2759 1942 2814 spem
1975 2758 2115 2814 quo-

520 2832 775 2897 rumdam
829 2840 1160 2896 columbinis
1201 2839 1377 2895 oculis
1414 2838 1611 2908 gaudet
1646 2852 1714 2891 ex
1759 2851 2003 2890 munere.
2028 2833 2115 2889 In—

525 2933 770 3005 greditur
808 2932 1109 3002 imperialis
1137 2930 1384 3001 magistri
1413 2929 1549 2984 bene
1582 2927 1844 2998 pudorata
1879 2927 2117 2997 gravitas

525 3025 839 3081 scholarum
890 3023 1112 3093 palatia,
1143 3022 1305 3091 cujus
1353 3020 1422 3075 ad
1467 3027 1749 3089 aspectum
1790 3016 2117 3089 pallentibus

522 3116 684 3171 labiis
721 3123 1042 3169 cunctorum
1072 3111 1380 3183 suspiciunt
1401 3111 1627 3167 obtutus
1655 3130 1668 3165 :
1696 3118 2016 3180 exspectant
2038 3108 2118 3164 in-

522 3207 659 3263 tenti
688 3206 819 3277 quid
852 3206 1003 3274 velit,
1045 3206 1176 3281 quid
1221 3206 1432 3271 innuat,
1474 3203 1605 3275 quid
1635 3204 1717 3259 vel
1746 3203 1836 3258 cui
1877 3202 2110 3269 subeat;

521 3296 698 3353 fervet
725 3298 988 3364 studium,
1013 3297 1259 3370 praecipit
1296 3296 1531 3367 quisque
1561 3295 1663 3351 sibi
1693 3295 1875 3350 locum
1908 3311 1921 3347 :
1956 3295 2111 3366 inge-

522 3400 721 3447 runtur
745 3390 1070 3460 multiplices
1091 3389 1431 3443 diversarum
1451 3386 1745 3442 lectionum
1758 3385 2111 3456 quaestiones,

523 3482 779 3537 omnibus
818 3481 884 3536 ad
916 3480 1099 3536 omnia
1127 3478 1590 3550 prudentissimus
1627 3476 1819 3531 doctor
1850 3490 2111 3545 responsa

523 3581 709 3643 parat;
742 3571 942 3643 quippe
987 3569 1212 3626 scientia
1265 3568 1424 3639 cujus
1463 3574 1581 3622 erat
1626 3574 1808 3622 crater
1844 3564 2112 3645 ternatilis

523 3678 805 3733 nunquam
837 3661 1082 3732 indigens
1116 3658 1350 3730 peculis,
1400 3657 1473 3711 ita
1503 3656 1855 3725 multiplicem
1886 3660 2111 3709 sensum

522 3751 840 3825 peritissimi
881 3751 1062 3806 cordis
1111 3758 1421 3819 temperans
1461 3746 1765 3811 aﬁ‘abiliter,
1799 3760 1940 3815 quos
1986 3759 2111 3799 eru-

522 3839 752 3896 diendos
782 3847 1117 3909 susceperat,
1168 3837 1392 3892 inservit
1433 3836 1752 3906 diligenter;
1797 3834 2107 3904 diligenter,

525 3933 772 4004 inquam,
803 3922 1230 3986 intreducendus
1255 3928 1310 3983 in
1345 3927 1656 3982 cubiculum
1685 3925 1849 3997 Regis
1872 3926 2110 3983 dormie-

521 4024 618 4080 bat
667 4044 685 4076 ο
722 4033 982 4094 tanquam
1029 4029 1223 4094 potens
1262 4018 1578 4090 crapulatus
1632 4032 1662 4071 a
1704 4018 1831 4072 vino
1865 4036 1882 4070 ι
1930 4016 2105 4088 (Psal.

524 4114 709 4186 μανι,
749 4115 869 4189 65),
912 4138 929 4169 ι
962 4117 1100 4171 inter
1142 4112 1351 4169 medios
1385 4112 1561 4167 cleros
1608 4125 1801 4183 penna:
1846 4109 2110 4166 columbae

524 4202 904 4282 deargcntatre,
957 4208 1115 4278 cujus
1164 4205 1315 4260 dorsi
1374 4202 1677 4276 posteriora
1740 4201 1795 4256 in
1838 4194 2110 4259 viriditate

526 4304 647 4359 auri
678 4324 695 4355 ι
748 4296 921 4374 (Psal.
974 4316 1140 4365 vau,
1192 4298 1314 4368 M),
1384 4295 1594 4351 scilicet
1654 4295 1795 4349 inter
1849 4293 2107 4365 mysteria

526 4393 813 4464 utriusque
836 4390 1189 4454 Testamenti,
1219 4395 1467 4443 servante
1495 4386 1641 4441 enim
1666 4384 1949 4469 gentilium
1972 4384 2109 4439 litte-
2141 4419 2185 4474 Β

523 4501 714 4541 rarum
741 4484 1028 4556 disciplina
1063 4480 1339 4537 rutilantis
1379 4478 1583 4549 eloquii
1608 4466 1931 4548 praeclarum
1961 4476 2110 4546 lepe-

525 4591 664 4640 rem,
690 4572 960 4631 retinebat
984 4575 1125 4628 intra
1152 4586 1371 4627 sacrum
1402 4567 1767 4626 cerdis‘docti
1810 4567 2109 4622 armarium

525 4665 835 4722 divinarum
865 4662 1268 4733 Scripturarum
1304 4659 1617 4715 testimonio
1656 4657 1922 4713 doctrinae
1948 4656 2113 4713 cmle-

500 4758 631 4815 'stis
656 4770 884 4812 aureum
908 4753 1159 4808 nitorem.
1204 4750 1354 4806 Felix
1393 4761 1447 4806 et
1471 4749 1711 4825 prudens
1740 4749 1968 4805 scientia
1991 4763 2113 4819 quae

528 4859 659 4904 tunc
701 4844 1054 4903 assuescebat
1097 4844 1149 4897 in
1192 4842 1527 4899 schelarium
1571 4841 1787 4909 studiis,
1832 4856 1955 4911 qua:
1994 4850 2118 4910 post

526 4938 902 4996 declamatura
937 4947 1056 4999 erat
1097 4936 1152 4991 in
1175 4934 1419 5005 populis;
1448 4932 1705 5004 quodque
1745 4931 1963 4991 dicatur
1996 4934 2113 5003 pla-

527 5033 675 5098 nius,
724 5040 849 5103 pest
877 5037 1159 5101 peractum
1205 5025 1371 5082 studii
1418 5020 1688 5080 schelaris
1731 5024 2107 5099 magisterium

529 5132 898 5180 commutatus
938 5130 1022 5178 est
1066 5121 1125 5174 in
1181 5119 1387 5174 honore
1440 5116 1611 5190 regio,
1664 5116 1991 5171 sublimatus
2039 5115 2106 5170 asl

508 5216 733 5280 summi
756 5213 1047 5271 sacerdotii
1066 5213 1285 5270 caeleste
1313 5208 1699 5276 ministerium,
1732 5209 2109 5264 intercurren-

510 5313 664 5340 αξη...
693 5300 1007 5340 ...ιηοεηεέςηι
1034 5303 1296 5340 mlor'mnn
1327 5298 1564 5340 inmmrln
1604 5298 1899 5340 rpnlipmnr
1920 5295 2105 5340 mnti-

2217 1819 2443 1889 plicium
2480 1834 2773 1874 causarum
2809 1817 3183 1889 querimonias
3216 1818 3585 1889 judicare.....
3630 1818 3816 1888 legum

2209 1908 2485 1964 ordinaria
2494 1909 2636 1979 jura.
2656 1909 2965 1965 Benedictio
2976 1908 3204 1979 perituri
3225 1924 3389 1979 super
3400 1924 3525 1963 eum
3539 1908 3816 1969 veniebat,

2209 2009 2263 2055 et
2290 2016 2384 2057 cer
2409 2001 2585 2056 viduae
2608 2002 2951 2068 consolatur;
2978 2006 3035 2056 et
3057 2001 3367 2057 conterebat
3388 2001 3565 2057 molas
3599 2000 3773 2071 iniqui
3796 2062 3815 2085 ν

2146 2154 2153 2159 ,
2210 2101 2263 2149 et
2310 2093 2565 2148 dentibus
2610 2093 2731 2163 ejus
2778 2093 3019 2163 rapiebat
3064 2094 3302 2164 praedam
3335 2113 3351 2149 :
3385 2094 3645 2165 quodque
3692 2109 3815 2146 Ina-

2212 2185 2294 2257 gis
2320 2194 2561 2254 stupeas,
2593 2184 2662 2239 ab
2684 2185 2832 2239 omni
2860 2200 3084 2239 munere
3115 2201 3308 2239 manus
3332 2185 3666 2240 excutiebat.

2827 2277 2950 2333 CAl
2965 2276 3057 2332 ΕΤ
3105 2277 3193 2333 VI.

2218 2368 2320 2425 Ubi
2362 2388 2481 2427 cum
2516 2372 2866 2442 pra'positura
2904 2371 3072 2494 gener
3106 2373 3155 2425 ei
3194 2372 3671 2427 arclzidiaconatus
3713 2375 3814 2426 tri-

2218 2452 2221 2455 λ
2945 2452 3108 2494 nitur.
3734 2452 3739 2455 λ

2218 2452 2221 2455 λ
2908 2452 3108 2496 Μαῖαν.
3734 2452 3739 2455 Δ

2222 2560 2223 2565 η
2284 2529 2526 2588 Tertiam
2559 2533 2674 2603 jam
2717 2542 2931 2589 :ctatcm
2971 2535 3253 2591 hominum
3285 2534 3518 2601 vivebat,
3558 2551 3663 2590 nec
3694 2544 3813 2590 erat

2214 2623 2263 2679 ei
2300 2624 2602 2679 verendum
2658 2640 2725 2679 ne
2756 2640 2881 2679 vera
2914 2626 3217 2696 przedicans
3247 2626 3525 2682 videretur
3566 2627 3811 2688 insolens

2216 2724 2310 2769 aut
2332 2715 2551 2785 loquax,
2585 2732 2650 2770 ex
2677 2716 2835 2786 cujus
2860 2731 2953 2771 ore
2976 2717 3187 2774 dulcior
3209 2718 3366 2773 melle
3388 2718 3593 2773 ﬂuebat
3610 2719 3806 2773 oratio.

2215 2808 2297 2863 Ad
2329 2809 2645 2878 praeclaram
2701 2810 2846 2864 enim
2888 2811 3315 2881 magnitudinem
3352 2811 3521 2866 animi
3562 2811 3811 2866 doctrina

2218 2899 2445 2953 uberior.
2466 2908 2791 2965 accesserat,
2822 2908 2877 2953 et
2899 2898 3031 2953 illud
3053 2901 3279 2954 omnino
3298 2914 3564 2955 canorum
3590 2900 3649 2954 in
3678 2913 3811 2953 voce

2219 2990 2649 3060 splendescebat.
2700 2990 2965 3047 Liberalis
2998 2992 3366 3061 procuratoris
3387 3001 3502 3048 tam
3527 2991 3807 3047 liberalem

2144 3075 2189 3137 C
2219 3082 2525 3138 libertatem
2551 3083 2859 3154 percipiens
2883 3093 3070 3139 sancta
3115 3093 3289 3139 mater
3327 3081 3594 3151 Ecclesia,
3636 3083 3807 3139 ﬁlium

2212 3189 2376 3244 quem
2409 3166 2510 3229 sibi
2536 3176 2804 3231 nutrierat
2842 3177 3212 3232 substructum
3238 3178 3496 3247 suspirat,
3522 3177 3810 3248 vineisque

2214 3265 2523 3322 forensibus
2562 3268 2843 3323 custodem
2886 3269 3127 3338 positum
3167 3276 3493 3341 conquesta,
3530 3277 3595 3324 ut
3640 3271 3806 3325 etiam

2214 3375 2371 3413 suam
2426 3360 2642 3414 vineam
2683 3359 2975 3426 custodiat,
3022 3361 3263 3416 ordinari
3313 3361 3419 3416 sibi
3463 3361 3810 3416 archidiaco-

2213 3465 2344 3505 num
2371 3451 2617 3521 deposcit
2646 3467 2759 3522 quo
2789 3454 3028 3507 carebat.
3067 3452 3232 3508 Senio
3262 3465 3615 3526 gravescente
3635 3454 3810 3511 defes-

2214 3556 2309 3597 sus
2348 3542 2463 3612 jam
2497 3542 2703 3598 dudum
2759 3544 3000 3615 pontifex
3049 3554 3270 3601 veretur
3308 3545 3591 3613 invidiam,
3622 3547 3808 3618 prefu-

2213 3634 2399 3704 sisque
2420 3635 2677 3707 lacrymis
2713 3652 2877 3707 super
2905 3638 3008 3694 hac
3028 3655 3089 3694 re
3112 3640 3354 3696 emlestis
3383 3641 3593 3695 oraculi
3618 3657 3807 3696 recur-

2213 3726 2285 3779 rit
2316 3726 2382 3781 ad
2413 3742 2597 3782 arcam
2621 3746 2634 3782 :
2659 3729 2875 3784 tandem
2913 3741 3209 3801 apparente
3243 3732 3386 3788 nube
3416 3733 3589 3788 divini
3630 3737 3809 3789 consi-

2213 3816 2268 3871 lii
2297 3818 2527 3889 suscipit
2553 3835 2901 3890 respensum,
2926 3839 3035 3878 non
3068 3823 3305 3879 absurde
3341 3832 3588 3880 sanctam
3613 3824 3804 3882 Eccle-

2210 3909 2349 3965 siam
2384 3927 2543 3966 suum
2573 3927 2856 3982 reposcere
2883 3914 3073 3971 ﬁlium.
3111 3915 3198 3970 Fit
3218 3915 3506 3973 discidium
3541 3919 3805 3988 praedica-

2210 4003 2338 4066 bile,
2366 4003 2426 4058 ﬁt
2454 4003 2746 4059 divortium
2784 4008 3164 4074 memorabile;
3201 4004 3367 4064 aulici
3411 4010 3655 4080 potentia
3700 4013 3804 4066 mi-

2211 4096 2353 4153 litari
2380 4113 2539 4154 suum
2564 4105 2835 4153 retentant
2864 4101 3233 4170 praepositum,
3270 4102 3450 4157 clerus
3491 4111 3545 4158 et
3570 4103 3801 4174 populus

2206 4189 2329 4259 jure
2364 4192 2633 4247 catholico
2678 4190 2780 4247 sibi
2822 4193 3053 4247 viriliter
3096 4192 3423 4265 extorquent
3461 4196 3801 4252 archidiaco-

2210 4298 2362 4337 num.
2406 4282 2616 4354 Diuque
2637 4285 2877 4354 pensatis
2908 4286 3011 4342 viri
3044 4285 3357 4352 virtutibus,
3407 4297 3633 4358 accepto
3668 4304 3799 4345 con-

2210 4375 2352 4441 silio,
2384 4373 2481 4431 Dei
2527 4378 2960 4447 nutujudicatur
2982 4380 3182 4451 dignus
3223 4379 3510 4435 sublimari
3558 4397 3672 4437 non
3714 4397 3799 4438 se-

2210 4466 2323 4521 lum
2349 4470 2720 4539 praepesiturze
2749 4470 3013 4539 dominio,
3042 4472 3136 4527 sed
3173 4472 3396 4544 insuper
3424 4473 3679 4545 insigniri
3710 4489 3795 4528 ar»

2211 4558 2626 4616 cllidiacenatus
2660 4560 2855 4617 oflieie.
2901 4562 2967 4619 Et
2991 4564 3119 4634 quia
3145 4578 3271 4619 eum
3293 4563 3477 4620 divina
3511 4565 3794 4620 clementia

2210 4658 2267 4705 et
2303 4651 2569 4720 sapientia
2603 4661 2657 4707 et
2701 4653 2993 4710 virtutibus
3039 4656 3392 4722 exaltaverat,
3447 4659 3796 4713 commodum

2212 4742 2370 4798 duxit
2393 4743 2684 4814 episcopus
2725 4761 2852 4802 eum
2898 4747 3269 4818 magniﬁcare,
3299 4748 3590 4806 conferens
3623 4750 3797 4805 archi-

2214 4833 2561 4889 diaconatum
2597 4852 2720 4891 cum
2761 4837 3066 4893 ministerio
3101 4840 3494 4909 praepositum}.

2216 4945 2223 4949 ’
2806 4929 3035 4987 CAPUT
3092 4930 3201 4986 VII.
3370 4932 3373 4937 ’

2213 5021 2388 5087 Quam
2418 5031 2601 5077 sancte
2618 5026 2679 5078 et
2716 5024 2958 5095 religiose
3004 5025 3060 5078 in
3105 5024 3190 5079 his
3228 5025 3409 5095 o/ﬁciit
3444 5042 3500 5079 se
3534 5025 3794 5081 habuerit.

2214 5122 2217 5125 '
2283 5113 2535 5184 Acceptis
2576 5113 2883 5171 honoribus
2921 5115 2992 5172 ita
3045 5115 3318 5171 utebatur"
3349 5124 3409 5170 ut
3453 5115 3797 5185 perfruendis

2212 5205 2514 5275 majoribus
2536 5205 2750 5277 dignior
2764 5206 3121 5277 judicaretur.
3168 5207 3377 5280 Reeipit
3402 5217 3583 5264 mater
3619 5208 3798 5265 Ecde—

2213 5293 2301 5340 ὲῖά
2320 5310 2430 5340 mm
2450 5296 2739 5340 m-mlicmm
2767 5297 2936 5340 ﬁlium
2980 5315 3272 5340 “nmini-nm
3302 5300 3530 5340 eilinnnc
3553 5303 3797 5340 διαιτήθη.
