4022 5340
286 116 425 176 Ιῖδὸ

276 236 436 299 siam,
479 230 627 286 verbi
662 229 760 286 Dei
790 229 991 301 pabulo
1033 226 1339 286 satiautem.
1396 228 1620 285 Videres
1657 228 1712 284 in
1756 244 1865 283 uno

278 325 497 380 homine
540 323 769 379 Mariam
808 333 862 379 et
887 322 1188 390 Martham,
1234 337 1380 379 nunc
1419 323 1563 379 circa
1606 321 1863 393 frequens

275 418 640 474 ministerium
675 427 1031 489 satagentem,
1074 434 1220 474 nunc
1259 418 1325 474 ad
1367 419 1530 489 pedes
1560 416 1690 474 Jesu
1735 425 1859 474 etim

275 509 534 581 lacrymis
557 511 852 565 etattentis
875 510 1218 565 orationibus
1257 525 1354 566 cor
1395 521 1694 581 pectusque
1735 520 1864 566 tun-

274 605 452 659 dendo
480 606 798 676 suppliciter
830 600 1309 675 procumbentem;
1350 607 1512 662 modo
1535 622 1660 661 cum
1693 604 1863 663 Jacob

274 693 330 756 in
371 708 504 766 agro
542 697 838 752 contrariis
871 697 1014 752 aeris
1055 695 1466 768 tempestatibus
1508 697 1860 763 atliciebatur,

274 788 437 842 modo
458 787 675 842 rediens
713 788 938 843 domum
971 789 1128 845 lactis
1168 790 1427 860 coagulos
1461 792 1746 862 mellisque
1775 792 1861 847 fa—

273 893 373 934 vos
396 880 583 950 pueris
606 880 973 950 partiebatur;
1011 883 1231 938 nuncin
1265 884 1386 938 navi
1411 885 1655 940 residens
1681 885 1864 940 diver-

274 986 459 1026 sarum
499 981 882 1043 tempestatum
918 974 1148 1031 marinis
1188 974 1441 1031 ﬂuctibus
1478 978 1860 1047 premebatur;

176 1116 185 1123 ,
272 1060 422 1118 nunc
466 1064 811 1120 introductus
850 1066 904 1120 in
942 1066 1133 1121 cellam
1170 1066 1456 1133 vinariam,
1487 1084 1584 1139 per
1616 1068 1864 1125 dilectio;

273 1170 399 1209 nem
427 1155 522 1210 Dei
550 1158 849 1213 extendens
887 1174 947 1213 se
988 1158 1042 1212 in
1074 1174 1315 1214 amorem
1365 1147 1620 1230 proximi,
1663 1172 1866 1217 sanetae

272 1244 556 1303 charitatis
593 1251 879 1305 exercebat
924 1250 1152 1306 fructus.
1216 1250 1296 1305 En
1350 1261 1536 1308 noster
1581 1252 1862 1321 Salomon,

216 1386 217 1389 η
270 1338 389 1392 veri
416 1338 584 1396 David
616 1342 780 1410 ﬁlius,
827 1344 1086 1414 templum
1131 1342 1345 1400 Domini
1387 1355 1660 1415 sapienter
1693 1347 1867 1401 admi-

271 1429 490 1499 nistrat,
514 1433 570 1487 in
594 1434 754 1505 cuius
799 1444 1073 1492 structura
1118 1452 1217 1492 nec
1260 1437 1471 1493 securis
1504 1453 1603 1493 nec
1636 1434 1866 1494 malleus

272 1532 452 1579 sonat.
514 1524 592 1579 En
619 1541 779 1582 verus
803 1527 1013 1600 Moyses
1036 1529 1210 1584 sacris
1235 1530 1398 1585 undis
1420 1540 1689 1597 servatur,
1722 1541 1777 1587 et
1808 1533 1862 1587 in

270 1612 498 1669 domum
529 1614 834 1674 Pharaonis
861 1621 1214 1685 constitutus,
1240 1621 1421 1693 gladio
1452 1621 1701 1693 spiritus,
1720 1625 1868 1695 quod

1837 103 2017 170 VITA.

3412 110 3555 173 ηδι

1894 237 1941 294 Α
1970 227 2242 299 nequiret,
2270 241 2446 300 neque
2470 228 2763 300 disponere
2786 230 2919 303 quid
2944 231 3091 303 quod
3132 232 3236 289 sibi
3269 230 3351 287 vel
3379 233 3559 303 reipu‘

1967 317 2123 373 blica:
2161 318 2293 396 utile
2336 318 2493 375 foret.-
2530 319 2778 377 Libertas
2806 332 2989 378 autem
3031 324 3223 394 patria:
3244 324 3555 383 Lietbertns

1968 423 2092 462 cum
2118 423 2184 464 eo
2209 410 2466 467 assiduus
2498 427 2622 468 esse
2652 428 2761 468 non
2806 422 3060 485 poterat,
3104 418 3365 488 quoniam
3409 421 3554 491 apud

1967 496 2181 573 Novum
2207 497 2505 557 Castellum
2548 504 2669 574 ejus
2716 507 2982 562 custodiae
3007 507 3327 577 deputatum
3366 525 3556 566 mane‘

1968 590 2079 667 bat.
2114 590 2191 646 lbi
2222 593 2380 650 miles
2407 594 2613 652 Christi
2660 597 2831 652 totius
2878 600 3172 668 provincia:
3207 610 3430 672 propter
3469 603 3555 658 ine

1969 684 2314 759 cursantium
2351 687 2626 743 latronum
2672 691 2923 760 rapinas,
2965 692 3302 762 oppertunas
3325 693 3561 752 vicinias

1966 776 2265 844 tutabatur,
2288 778 2355 833 de
2382 779 2541 849 cujus
2562 779 2897 838 defensionis
2920 784 3124 839 auxilio
3145 794 3257 840 tam
3288 787 3373 841 sui
3390 803 3557 858 quam

1961 869 2196 936 externi,
2226 879 2337 925 tam
2366 871 2528 926 vicini
2559 889 2723 942 quam
2758 876 3042 948 longinqui
3066 868 3458 951 gloriabantur.
3491 870 3555 938 Si

1964 960 2241 1027 quomodo
2271 960 2499 1030 quilibet
2524 964 2699 1020 hostis
2730 966 3021 1023 incursans
3047 970 3219 1040 ipsius
3260 974 3558 1042 provincia

1965 1047 2103 1105 ﬁnes
2135 1052 2345 1120 positos
2368 1053 2648 1121 intrasset,
2685 1058 2886 1115 auditis
2915 1062 3019 1115 viri
3047 1063 3345 1120 virtutibus
3373 1076 3427 1122 et
3454 1083 3555 1123 no-

1966 1139 2133 1206 mine,
2160 1143 2344 1198 statim
2379 1148 2731 1218 retrogradus
2777 1159 3035 1222 tanquam
3081 1155 3258 1212 viator
3280 1159 3400 1214 viso
3436 1175 3555 1217 sero

1966 1244 2129 1301 pente
2157 1236 2376 1317 refugit,
2419 1255 2633 1320 necnon
2658 1242 2801 1299 intra
2829 1262 3051 1303 securas
3076 1250 3314 1308 latebras
3348 1252 3558 1313 accelea

1966 1325 2141 1391 rando
2172 1343 2291 1383 sese
2333 1331 2546 1402 recipit.
2575 1332 2734 1390 Pacis
2760 1346 2875 1392 erat
2899 1341 3234 1411 subsidium,
3263 1350 3412 1419 salus
3436 1367 3562 1422 pro.

1969 1416 2181 1484 vincia,
2206 1435 2303 1489 pes
2328 1423 2542 1491 claudo,
2562 1426 2747 1483 lumen
2769 1431 3211 1499 caaeis,defensio
3232 1416 3557 1514 pauperum,

1970 1524 2097 1580 spes
2126 1512 2438 1582 viduarum,
2484 1521 2749 1587 protectio
2793 1525 3148 1595 pupillorum,
3189 1532 3355 1588 timor
3378 1512 3558 1596 hostis

1902 1620 1944 1681 Β
1972 1610 2025 1655 et
2045 1618 2198 1658 arma
2224 1621 2475 1663 suorum.
2520 1608 2629 1666 Nec
2655 1613 2800 1690 enim
2829 1615 3145 1675 incursione
3163 1664 3178 1689 ,
3210 1639 3311 1698 nec
3339 1628 3558 1686 eminus

268 1713 358 1761 εει
382 1707 611 1763 verbum
655 1709 863 1765 Dein".
898 1712 1094 1767 transi,
1134 1713 1201 1768 de
1239 1691 1395 1794 bona
1427 1691 1497 1768 in”
1525 1691 1756 1785 ponam;
1809 1725 1871 1772 ιη
1972 1691 2164 1794 hostis
2191 1706 2299 1771 ant
2322 1699 2573 1794 cominus
2612 1701 2814 1794 gladiis
2853 1708 3108 1764 utebatur
3132 1753 3148 1777 ,
3186 1692 3295 1769 sed.
3322 1717 3557 1788 ratione,

268 1797 539 1868 destruat,
586 1803 799 1869 evellat,
831 1812 885 1857 et
913 1803 1161 1870 mdiﬁcet,
1185 1813 1239 1859 ct
1280 1805 1503 1876 plantet.
1538 1806 1868 1878 Temporum

268 1888 489 1946 labente
511 1895 787 1949 curriculo
809 1894 1052 1951 Gerardo
1074 1896 1318 1966 pontiﬁci
1337 1899 1686 1969 vergentibus
1706 1901 1868 1955 annis

270 1981 341 2036 ad
371 1996 629 2040 occasum
672 1991 868 2056 quarta
906 1996 1190 2057 supererat
1226 1990 1490 2044 senectuti
1525 2006 1713 2056 causa,
1745 2007 1869 2061 qua:

269 2072 511 2130 maxime
532 2089 730 2147 angere
757 2086 920 2148 atque
946 2079 1236 2134 sollicitam
1262 2080 1463 2135 habere
1497 2098 1619 2136 eam
1652 2091 1866 2139 aetatem

267 2164 507 2235 videtur,
545 2170 1002 2241 appropinquatio
1025 2172 1234 2227 scilicet
1276 2174 1491 2239 mortis,
1516 2191 1638 2245 quae
1662 2184 1808 2231 certe
1835 2193 1865 2231 a

270 2269 556 2315 senectute
599 2277 706 2316 non
755 2271 933 2333 potest
963 2264 1124 2335 longe
1153 2265 1373 2332 abesse;
1419 2266 1511 2321 sed
1558 2265 1866 2325 Lietbertus

269 2350 434 2408 levita
478 2355 819 2427 magniﬁcus,
857 2356 1023 2411 curiae
1057 2358 1387 2428 pontiﬁcalis
1419 2361 1668 2430 provisor
1710 2362 1863 2416 solli-

269 2443 438 2511 citus,
467 2461 629 2514 quem
663 2446 963 2502 honoribus
984 2449 1337 2518 exaltavcrat,
1361 2450 1417 2504 in
1442 2452 1699 2508 omnibus
1736 2469 1864 2508 eum

269 2535 549 2606 sapienter
571 2537 816 2608 juvabat.

859 2658 1089 2715 CAPUT
1142 2661 1275 2717 Vill.

269 2747 353 2804 De
382 2748 624 2805 Waltero
644 2750 1016 2807 Cameracensi
1053 2754 1370 2820 castellano,
1400 2763 1453 2808 et
1477 2751 1684 2809 Joanne
1709 2756 1863 2810 Atre-

809 2824 1013 2878 batensi
1046 2824 1322 2878 adrocato.

343 2912 477 2969 Erat
494 2924 626 2971 tunc
650 2916 911 2986 temporis
932 2916 1207 2972 Walterus
1227 2916 1640 2973 Cameracensis
1666 2918 1863 2973 castel-

268 3002 455 3071 lanns,
489 3005 586 3075 qui
618 3006 690 3062 ob
719 3006 943 3061 nimiam
975 3007 1060 3062 sui
1081 3005 1259 3062 fastus
1282 3006 1615 3076 superbiam,
1638 3022 1861 3076 suaeque

265 3097 528 3169 potentiae
579 3099 910 3154 indicibilem
945 3099 1292 3155 insolentiam
1343 3099 1415 3154 ab
1460 3099 1697 3154 inimicis
1745 3100 1862 3155 suis

266 3188 591 3248 interfectus
611 3191 844 3259 interiit;
869 3191 1201 3261 unicumque
1223 3191 1394 3247 ﬁlium
1416 3206 1543 3245 cum
1566 3206 1735 3245 uxore
1762 3206 1860 3245 sua

266 3281 595 3352 superstites
617 3282 866 3352 reliquit;
887 3298 1009 3352 qua:
1030 3282 1249 3352 quidem
1287 3297 1443 3347 uxor,
1482 3280 1862 3337 Ermentrudis

266 3372 516 3440 nomine,
541 3374 611 3428 ab
634 3374 847 3429 insania
874 3374 1056 3430 mariti
1090 3373 1177 3428 sui
1211 3387 1321 3428 non
1345 3372 1616 3438 cessabat,
1651 3373 1744 3427 sed
1768 3389 1861 3442 pc-

265 3465 386 3536 iora
405 3482 637 3537 quaque
659 3466 750 3539 [f.,
773 3465 1015 3538 quoque]
1037 3481 1272 3536 operans
1297 3464 1480 3519 mariti
1502 3464 1742 3520 malitias
1768 3481 1861 3521 su-

266 3555 668 3625 perexeellebat
707 3575 723 3612 :
762 3563 818 3610 et
851 3555 979 3626 quia
1029 3564 1090 3610 ut
1138 3554 1500 3621 desiderabat,
1554 3554 1608 3608 id
1657 3569 1752 3624 per
1802 3570 1860 3610 se

267 3645 569 3718 adimplere
590 3662 698 3702 non
729 3648 924 3717 potuit,
962 3647 1107 3703 ﬁlius
1126 3646 1273 3703 enim
1302 3647 1423 3717 ejus
1445 3661 1581 3716 puer
1606 3654 1744 3712 erat,
1777 3653 1861 3717 ty-

266 3753 507 3795 rannum
562 3739 853 3809 quemdam
909 3740 1128 3797 nomine
1184 3739 1446 3795 Joannem
1476 3781 1491 3805 ,
1536 3738 1857 3795 advocatum

265 3829 706 3893 Atrebatensem,
745 3829 798 3882 in
833 3830 1146 3902 eanjugium
1184 3831 1288 3885 sibi
1326 3830 1622 3900 copulavit,
1668 3845 1859 3884 suum-

265 3937 379 3991 que
402 3929 457 3976 et
482 3921 580 3976 lilii
601 3922 686 3977 sui
713 3930 949 3978 tutorem
978 3938 1101 3978 esse
1118 3910 1420 3977 constituit.
1467 3920 1641 3976 Filius
1674 3931 1855 3976 autem

265 4011 361 4067 ille
404 4025 533 4068 mox
577 4020 807 4067 mortem
860 4013 1013 4079 obiit,
1053 4013 1351 4068 secundum
1406 4012 1554 4082 quod
1594 4012 1857 4082 scriptum

264 4112 354 4158 est
376 4122 389 4157 :
415 4102 673 4175 Cogitatio
699 4104 982 4173 impiorum
1010 4104 1198 4173 peribit
1232 4103 1413 4173 (Prov.
1446 4119 1500 4166 x.
1527 4102 1640 4172 28).
1687 4101 1856 4157 Joan-

268 4211 369 4251 nes
394 4205 575 4252 antem
603 4196 879 4267 satagebat
899 4210 1227 4267 quocunque
1250 4202 1459 4265 poterat
1479 4203 1602 4264 post
1626 4203 1855 4248 mortem

266 4287 507 4361 privigni
548 4287 951 4345 castellaturam
992 4287 1097 4341 sibi
1140 4286 1525 4352 transducere;
1578 4285 1725 4356 quod
1770 4286 1855 4341 lex

266 4380 420 4438 nulla
449 4379 831 4451 permittebat:
873 4379 1126 4435 obstabat
1160 4378 1384 4448 insuper
1420 4386 1599 4433 rector
1641 4377 1857 4448 sapien-

267 4471 541 4537 tissimus,
570 4469 660 4524 cui
685 4471 975 4541 subrepere
1016 4469 1198 4524 nullus
1229 4475 1441 4539 poterat
1479 4468 1656 4523 dolus.
1704 4463 1858 4523 Unde

268 4561 519 4618 conﬁctis
542 4561 725 4617 causis
748 4560 986 4618 Joannes
1030 4561 1344 4616 inimicitias
1390 4560 1441 4615 ei
1486 4558 1856 4626 insimulabat,

267 4655 406 4724 quin
449 4653 612 4709 etiam
659 4652 709 4709 ei
752 4664 982 4710 mortem
1030 4655 1356 4733 collaturum
1392 4654 1667 4725 plerisque
1706 4667 1857 4708 reve-

267 4744 450 4813 labat;
503 4745 597 4801 sed
643 4748 903 4815 quoniam
948 4745 1132 4816 justus
1167 4745 1221 4799 in
1256 4742 1368 4799 Deo
1401 4746 1646 4810 conﬁdit,
1702 4743 1856 4813 parvi

269 4843 543 4914 pendebat
572 4843 797 4914 signifer
831 4853 1026 4902 matris
1054 4843 1313 4901 Ecclesia;
1353 4844 1583 4901 consilia
1609 4844 1860 4921 maligni-

271 4933 422 4999 tatis,
460 4932 680 5004 implere
705 4938 932 4993 studens
964 4948 1129 5004 opere
1160 4946 1322 5003 quem
1351 4935 1601 5003 gestabat
1637 4934 1860 4992 nomine

268 5031 531 5098 tropaum
566 5022 849 5088 libertatis.

883 5134 1110 5195 CAPUT
1151 5134 1216 5191 ll
1230 5174 1243 5188 .

269 5228 442 5293 Quam
474 5237 684 5284 strenue
725 5223 1439 5340 e1.£rlalgzl;nﬁ:mll.liie’tflzrtus
1491 5230 1701 5288 Novum
1747 5230 1854 5286 Ca-

1971 1785 2205 1857 consilio
2226 1799 2281 1843 et
2321 1790 2569 1845 scientia.
2607 1791 2675 1846 Et
2703 1799 2957 1864 quamvis
2994 1801 3060 1856 ad
3093 1814 3420 1864 cunctorum
3450 1785 3552 1865 nu:

1971 1883 2086 1929 tum
2114 1879 2371 1946 penderet
2402 1890 2456 1936 et
2477 1883 2786 1953 arbitrium,
2815 1890 3136 1958 praeferebat
3156 1905 3338 1954 tamen
3376 1904 3560 1961 omni-

1969 1966 2075 2023 bus
2107 1969 2294 2024 domui
2331 1975 2605 2042 pontiﬁcis
2635 1977 2945 2049 imperium,
2984 2001 3146 2054 quem
3176 1990 3376 2060 saepius
3408 1997 3556 2049 revi-

1970 2062 2144 2129 sebat,
2170 2079 2384 2120 necnon
2415 2070 2838 2128 amaritudinem
2875 2076 3126 2135 dolorum
3167 2090 3223 2136 ct
3265 2083 3557 2143 inﬁrmita-

1969 2163 2108 2223 tum,
2150 2160 2707 2235 conturbationesque
2762 2182 3055 2225 causarum
3115 2176 3554 2237 consolationum

1968 2264 2194 2305 suarum
2248 2254 2472 2311 mellitis
2519 2255 3008 2332 refocillationibus
3053 2266 3377 2327 dulcorabat
3421 2293 3433 2328 :
3494 2285 3556 2333 ut

1966 2343 2113 2397 enim
2142 2344 2581 2406 adolescentibus
2607 2336 2752 2407 bona
2796 2353 2977 2411 indole
3004 2344 3261 2428 prae-ditis
3279 2365 3554 2434 sapientes

1968 2450 2128 2491 senes
2152 2436 2513 2506 delectantur,
2540 2442 2825 2515 leniorque
2848 2456 3143 2507 esteorum
3169 2466 3426 2515 senectus
3453 2462 3551 2533 qui

1965 2540 1996 2579 a
2018 2525 2303 2595 juventute
2330 2530 2588 2587 coluntur
2608 2543 2663 2588 et
2694 2536 3026 2608 diliguntur,
3067 2543 3146 2599 sic
3174 2525 3552 2608 adolesceniea

1966 2631 2159 2671 senum
2184 2621 2464 2691 praeceptis
2491 2623 2747 2694 gaudent,
2769 2629 2971 2698 quibus
2993 2632 3058 2687 ad
3084 2634 3346 2693 virtutum
3368 2641 3548 2697 studia

1964 2706 2258 2763 ducuntur.

2132 2918 2137 2923 ἱ
2592 2851 2822 2909 CAPUT
2862 2854 2928 2911 χ.
3000 2876 3003 2881 -

1890 2973 1930 3029 (ς
1967 2955 2045 3011 De
2072 2968 2238 3015 morte
2278 2958 2505 3018 Gerardi
2534 2975 2582 3019 et
2608 2967 2862 3025 electione
2890 2966 3143 3031 Lielberti
3165 2979 3549 3042 archidiaconi.

2037 3069 2464 3141 Superveniente
2484 3094 2599 3135 sua:
2622 3074 2924 3140 vocationis
2956 3096 3198 3160 tempore
3221 3100 3420 3164 praesul
3445 3101 3552 3160 Ge-

1963 3163 2158 3219 rardus
2183 3165 2528 3239 defungitur;
2546 3170 2786 3231 Joannes
2802 3186 2980 3233 tamen
3005 3163 3249 3241 remanet
3265 3189 3319 3244 in
3334 3192 3553 3250 civitate

1961 3255 2307 3312 castellatura
2332 3259 2645 3319 indonatus.
2675 3265 2865 3335 Porro,
2889 3274 3102 3341 sepulto
3124 3280 3400 3351 pontiﬁce,
3424 3300 3549 3341 cum

1961 3350 2265 3404 reverentia
2286 3367 2393 3423 qua
2413 3353 2639 3410 decebat
2659 3366 2715 3412 et
2744 3359 2952 3417 honore
2976 3407 2990 3430 ,
3016 3371 3269 3425 convenit
3289 3372 3346 3428 in
3378 3350 3551 3434 unum

1960 3437 2374 3499 Cameracensis
2402 3444 2647 3503 Ecclesia
2669 3433 3094 3520 pari'consensu
3123 3462 3365 3533 electura
3387 3469 3538 3525 dom-

1962 3547 2092 3587 uum
2139 3534 2475 3594 Lietbertum
2508 3543 2734 3612 provehi
2760 3545 2828 3600 ad
2866 3550 3216 3617 pontiﬁcatus
3261 3559 3548 3620 honorem.

1961 3622 2118 3681 llunc
2152 3627 2335 3700 itaque
2370 3631 2550 3688 clerus
2588 3642 2642 3690 et
2685 3638 2920 3709 populus
2956 3641 3085 3699 totis
3127 3646 3339 3707 nisibus
3385 3668 3551 3725 expe-

1962 3724 2084 3774 tunt
2108 3731 2404 3791 pastorem,
2429 3743 2591 3797 quem
2631 3729 2779 3800 pium
2820 3747 3104 3793 senserant
3130 3753 3321 3799 contra
3361 3724 3550 3807 hostes

1961 3822 2356 3884 protectorem;
2381 3820 2561 3876 sciunt
2584 3838 2709 3878 eum
2732 3828 3022 3896 rapacibus
3045 3837 3360 3897 nonccderc
3383 3841 3545 3912 lupis,

1961 3921 2123 3976 quem
2160 3908 2389 3981 Gerardi
2409 3922 2462 3968 et
2482 3912 2709 3973 Joannis
2730 3927 3160 3994 caeterorumque
3189 3908 3546 3999 tyrannorum

1962 4014 2072 4053 non
2103 4001 2336 4058 cessisse
2367 4017 2631 4062 noverant
2657 4010 2847 4067 armis.
2894 4012 3061 4084 Igitur
3097 4021 3215 4086 pari
3245 4037 3545 4095 consensu,

1960 4091 2126 4146 simili
2175 4095 2430 4163 consilio,
2481 4113 2725 4155 consona
2771 4101 2904 4159 voce
2948 4108 3188 4164 ordinari
3224 4112 3328 4168 sibi
3370 4091 3546 4189 depo;

1960 4193 2122 4239 scunt
2148 4187 2488 4256 episcopum,
2536 4206 2697 4261 quem
2726 4195 2949 4264 plenum
2994 4199 3191 4269 pietate
3221 4213 3277 4260 et
3326 4187 3549 4269 miseri-

1961 4275 2148 4331 cordia
2178 4277 2444 4337 hactenus
2478 4281 2784 4341 habuerant
2812 4289 3257 4352 archidiaconum
3293 4317 3306 4353 :
3332 4299 3548 4371 justum

1962 4367 2162 4468 quippe
2178 4369 2363 4468 fuerat
2384 4382 2445 4428 ut
2466 4374 2557 4429 ubi
2589 4376 2784 4434 devote
2814 4381 3165 4453 militaverat,
3187 4367 3389 4449 ibidem
3422 4412 3553 4468 pro-

1963 4459 2223 4517 motionis
2254 4462 2473 4520 culmen
2515 4467 2819 4538 obtineret;
2873 4475 2967 4531 sed
3009 4492 3077 4533 eo
3119 4459 3551 4554 contradicente,

1962 4551 2126 4607 simul
2148 4552 2415 4613 humanm
2431 4558 2743 4631 fragilitatis
2772 4564 3094 4624 multimoda
3116 4568 3439 4634 discrimina
3465 4551 3557 4636 sa;

1962 4646 2175 4715 pienter
2235 4662 2586 4718 opponente,
2632 4655 2887 4727 capitur,
2932 4662 3209 4728 trahitur,
3255 4671 3560 4736 pontiﬁcali

1964 4738 2163 4793 throno
2192 4740 2449 4801 sublimis
2476 4746 2768 4804 exaltatur.
2798 4745 2987 4808 Victus
3014 4752 3267 4810 liberalis
3288 4763 3565 4819 archidia-

1953 4831 2137 4884 conus
2176 4831 2341 4887 modo
2375 4838 2656 4907 precibus,
2694 4838 2860 4896 modo
2894 4843 3138 4906 ratione,
3174 4857 3289 4899 non
3330 4852 3452 4910 sine
3485 4832 3567 4907 1;..-

1952 4921 2165 4993 ‘crymis
2190 4923 2357 4979 cessit
2384 4941 2710 5000 precantum
2751 4929 2927 4999 votis;
2957 4935 3019 4990 ﬁt
3059 4930 3330 5009 gaudium
3362 4944 3575 5000 celebre

1960 5013 2167 5085 pariter
2186 5024 2631 5080 consonantibus
2658 5021 2835 5094 signis
2850 5063 2865 5088 .
2887 5024 3060 5081 ἀὶνὶηἱ
3088 5030 3385 5092 ῖεερεοιίιε
3400 5022 3575 5095 misc-

1962 5106 2252 5166 ricordiam
2284 5106 2643 5173 laudantibus
2677 5113 2920 5171 cunctis.
2965 5117 3156 5187 Neque
3207 5125 3579 5198 parvipende-

1958 5207 2092 5265 bant
2124 5223 2246 5266 sese
2288 5207 2520 5282 adeptos
2565 5209 2717 5281 quod
2747 5206 3021 5277 petierant
3059 5225 3074 5262 :
3125 5210 3336 5269 merito
3379 5221 3582 5291 quippe

1957 5302 2375 5340 mlnnlohgnlnr
2423 5305 2516 5340 nni
2541 5316 2637 5340 nm-
2667 5301 2844 5340 nanm
2874 5298 3006 5340 Ινιηί
3040 5301 3290 5340 nguina-ie
3313 5309 3584 5340 unm-xm.“
