4022 5340
503 368 530 423 l
540 369 650 424 £55

498 589 606 644 que
639 573 894 630 manibus
925 586 1117 631 omnes
1139 575 1189 631 ei
1218 574 1489 646 spondent
1521 572 1853 628 ﬁdelitatem.

1110 685 1343 743 CAPUT
1380 683 1479 740 XI.

662 756 877 815 Electus
907 775 1026 814 cum
1055 758 1179 812 aliis
1209 758 1446 831 personis
1476 755 1740 812 Cwsarem
1767 753 1929 809 adiit.

524 914 529 919 ,
568 851 703 910 Post
736 853 853 909 hsce
881 851 1178 911 lleuricum
1210 865 1391 922 regem
1418 849 1623 903 adeunt
1664 862 1839 903 novus
1860 846 2089 913 electus,

498 944 715 999 scilicet
742 943 979 999 domnus
1009 940 1323 998 Lietbertus
1363 940 1692 1012 praepositus
1718 947 1773 994 et
1812 937 2087 994 archidiaw

497 1050 694 1102 conus,
739 1034 941 1105 aliique
984 1033 1397 1100 archidiaconi,
1432 1048 1557 1088 cum
1591 1031 1795 1088 casatis
1825 1029 2087 1086 Camera-

496 1126 677 1183 censis
699 1126 973 1193 Ecclesize,
1000 1127 1317 1181 nuntiantes
1334 1123 1729 1182 destructionis
1760 1140 1874 1180 sum
1895 1139 2084 1179 casum

495 1216 755 1287 flebilem,
786 1228 842 1275 et
869 1220 1111 1292 episcopi
1144 1219 1230 1274 sui
1255 1218 1657 1289 depositionem
1688 1234 1702 1270 :
1738 1216 1846 1272 iiiis
1885 1216 2087 1288 quippe

494 1310 696 1366 diebus
747 1311 891 1384 apud
944 1311 1401 1383 Agrippinensem
1459 1308 1744 1365 Coloniam
1805 1308 2086 1365 excubans

495 1418 662 1475 super
704 1403 1107 1460 observationis
1156 1401 1601 1474 Quadragesimae
1640 1399 1783 1456 diem
1820 1398 2085 1456 Resurre-s

494 1496 693 1551 ctionis
735 1495 1030 1552 Dominica:
1062 1496 1483 1566 prmstolabatur
1530 1493 1897 1560 Dominicum,
1946 1508 2085 1549 con-

494 1589 741 1645 sulturus
784 1589 984 1647 ibidem
1020 1588 1202 1644 nobile
1232 1603 1460 1643 suorum
1502 1585 1870 1659 palatinorum
1901 1585 2085 1641 consi-

492 1680 667 1747 lium;
719 1681 948 1737 audiens
996 1680 1205 1735 obitum
1253 1678 1392 1735 tanti
1420 1677 1554 1744 viri,
1599 1677 1686 1749 pie
1732 1677 1782 1731 ei
1833 1692 1902 1733 eo
1935 1675 2082 1748 quod

492 1770 751 1833 omnibus
790 1770 1043 1829 amabilis
1068 1778 1189 1826 erat
1215 1770 1516 1836 condoluit,
1544 1770 1815 1840 coepitque
1837 1784 2082 1839 quatrere

490 1861 781 1934 diligenter
819 1862 945 1933 quis
973 1862 1026 1919 in
1058 1863 1179 1918 loco
1210 1862 1330 1932 ejus
1376 1861 1609 1921 stabiliri
1642 1862 1929 1932 potuisset.
1976 1859 2082 1917 Sed

490 1950 752 2022 quoniam
788 1950 1097 2008 veneranda
1127 1950 1244 2007 dies
1276 1949 1696 2021 superveniebat
1715 1966 1778 2006 ca
1822 1966 1945 2022 quae
1974 1947 2080 2004 Pa—

489 2044 740 2096 rasceves
759 2040 1227 2096 denominativum
1250 2040 1478 2110 accepit,
1503 2055 1732 2095 suorum
1756 2040 2080 2095 sententiam

489 2143 780 2197 procerum
812 2143 979 2203 super
1017 2131 1119 2187 hac
1160 2144 1220 2183 re
1249 2128 1508 2183 dominus
1548 2128 1847 2199 imperator
1875 2144 2079 2184 consu-

487 2221 602 2278 lere
620 2221 833 2278 distulit
863 2240 877 2275 :
909 2221 995 2276 cui
1029 2221 1251 2291 quidem
1292 2221 1346 2275 in
1378 2222 1480 2276 hac.
1510 2236 1570 2276 re
1599 2220 1841 2276 sollicito
1878 2237 2079 2291 sugge-

488 2322 637 2369 stum
660 2322 746 2369 cst
774 2329 805 2368 a
833 2312 1347 2378 Cameracensibus,
1393 2312 1540 2383 quod
1565 2311 1894 2379 Lietbertus,
1931 2313 2081 2383 ejus-

486 2406 612 2464 dem
653 2405 1039 2462 Cameracenae
1090 2405 1329 2463 civitatis
1383 2405 1741 2479 praepositus,
1797 2405 1893 2477 qui
1945 2421 2080 2462 suus

488 2498 811 2572 jamdudum
853 2497 1170 2569 capellanns
1198 2507 1348 2566 erat,
1376 2512 1541 2570 quem
1576 2497 1951 2555 ﬁdelissimum
1973 2498 2078 2556 sibi

487 2599 542 2646 et
581 2591 789 2654 civitati
839 2591 917 2652 illi
961 2606 1105 2662 saepe
1162 2591 1538 2650 necessarium
1593 2592 1957 2663 probaverat,
2010 2591 2078 2649 ad

485 2685 780 2755 regendam
815 2683 1265 2747 Cameracenscm
1289 2683 1592 2744 Ecclesium
1619 2685 1824 2742 electus
1844 2686 2079 2742 essetab

487 2775 786 2835 omnibus:
834 2775 1073 2845 idipsum
1117 2784 1298 2832 tamen
1343 2792 1411 2832 ne
1458 2775 1761 2833 Dominica:
1802 2777 2077 2847 passionis

488 2875 835 2923 sacramenta
869 2865 1307 2938 Christianmque
1329 2868 1610 2939 religionis
1632 2868 1704 2923 ob
1726 2884 1954 2924 suorum
1984 2884 2074 2924 re-

487 2958 863 3029 conlatimem
882 2967 1278 3031 praeceptorum
1308 2958 1829 3030 Dominicarnmque
1851 2974 2077 3015 venera-

486 3049 695 3105 tionem
732 3051 1042 3120 supplicum
1092 3051 1275 3106 votiva
1323 3051 1538 3110 silentia
1573 3051 1896 3109 intercidere
1926 3052 2076 3108 vide-

485 3149 672 3208 retur,
720 3141 941 3196 interim
986 3142 1168 3208 siluit,
1193 3141 1368 3199 donec
1416 3152 1780 3200 sacrosancta:
1807 3143 2075 3203 Resurre-
2103 3172 2143 3228 (ε

488 3231 689 3287 etionis
717 3231 1061 3289 illucesceret
1099 3233 1238 3289 dies.
1289 3231 1333 3289 0
1367 3232 1595 3287 altitudo
1636 3235 1948 3291 divitiarum
1981 3254 2075 3291 sa-

484 3323 701 3392 pientia
744 3333 795 3379 et
850 3325 1086 3380 scientim
1139 3325 1273 3392 Dei,
1319 3330 1481 3397 quam
1526 3327 2075 3399 incomprehensibilia

484 3423 609 3468 sunt
627 3414 840 3484 judicia
868 3416 1002 3485 ejus,
1032 3426 1080 3471 et
1127 3416 1516 3487 iurestigabiles
1554 3418 1652 3473 riae
1686 3419 1800 3490 ejus
1826 3420 1847 3473 .'
1897 3421 2076 3492 (liam.

486 3520 566 3573 tu,
589 3507 704 3578 53.)
734 3505 780 3562 0
808 3509 1069 3578 pneclara
1109 3508 1309 3564 divinae
1349 3510 1777 3580 dispensationis
1809 3513 2070 3569 scicntia!

485 3613 523 3654 ο
545 3601 910 3657 venerandam
938 3602 1226 3659 catholica:
1254 3600 1377 3657 ﬁdei
1405 3602 1637 3673 gratiam
1663 3605 1677 3659 !
1701 3620 1735 3660 o
1756 3621 1921 3677 quam
1946 3622 2077 3679 gau-

483 3692 725 3760 diosum,
755 3708 922 3765 quam
963 3694 1299 3750 conveniens
1340 3702 1425 3750 est
1465 3704 1521 3749 ut
1545 3696 1733 3750 eodem
1777 3698 1865 3753 die
1904 3697 2073 3770 regali

474 3797 699 3841 necnon
732 3784 999 3856 imperiali
1028 3786 1352 3851 liberalitate
1378 3788 1540 3843 levita
1567 3790 1892 3861 magniﬁcus
1920 3790 2071 3847 Lict-

481 3874 673 3932 bertus
688 3876 969 3943 obtineret
990 3879 1322 3949 pontiﬁcalis
1346 3880 1630 3938 electionis
1654 3884 1892 3954 regalem
1932 3900 2073 3955 prte-

461 3968 810 4040 ,rogativam,
839 3985 951 4041 quo
980 3970 1094 4027 Rex
1129 3987 1321 4042 regum
1351 3972 1606 4029 Christus
1632 3975 1810 4030 victor
1850 3977 2070 4033 rediens

480 4060 554 4123 ab
580 4058 795 4129 inferis,
832 4060 1171 4132 triumphato
1197 4061 1437 4130 diabolo,
1476 4079 1636 4119 suum
1668 4063 1918 4122 liberavit
1952 4067 2070 4138 pla-

462 4154 628 4219 sma!
660 4167 697 4213 ο
730 4154 1061 4226 praesagium
1087 4155 1368 4225 prudens!
1420 4170 1455 4212 ο
1498 4155 1642 4213 diem
1685 4158 1975 4227 celebrem,
2010 4160 2065 4215 in

476 4257 590 4314 quo
633 4243 919 4303 Liberator
962 4246 1272 4302 animarum
1317 4256 1373 4301 et
1399 4244 1651 4305 Salvator
1681 4250 2064 4308 universorum

475 4337 753 4399 Lietberto
781 4340 959 4396 levita;
1014 4340 1291 4407 liberalem
1334 4340 1686 4411 pontiﬁcatus
1726 4343 1954 4416 largitus
1980 4355 2066 4402 est

463 4433 826 4510 provectum!
850 4430 971 4496 iam
997 4442 1249 4494 sanctum
1276 4449 1442 4490 mane
1469 4431 1738 4491 fenestras
1766 4436 2023 4506 intrabat,

478 4548 483 4559 '
554 4542 970 4616 ’Voctifstgasque
1002 4562 1097 4603 suo
1123 4547 1303 4601 radios
1334 4548 1612 4619 spargebat
1642 4549 1699 4603 in
1721 4554 1863 4617 orbe,

543 4632 859 4704 Propellens
884 4636 1123 4697 tenebras
1164 4636 1390 4699 llccatcs
1425 4637 1674 4699 Phoebeia
1695 4640 1923 4713 lampas,

540 4743 682 4806 Cum
706 4760 798 4802 rex
822 4761 1021 4817 sopore
1040 4748 1268 4819 depulso
1296 4749 1663 4809 cubicularios
1701 4764 1880 4825 vocat,
1923 4755 2057 4812 sibi-

467 4830 577 4914 que
615 4837 949 4910 imperialem
995 4839 1294 4896 sessionem
1340 4841 1521 4910 parari
1564 4844 1804 4903 mandat.
1835 4843 2054 4902 Convo-

471 4931 608 4992 catis
638 4930 822 5010 itaque
851 4926 1264 4993 Cameracensis
1292 4930 1543 4989 Ecclesiae
1571 4935 1794 5007 legatis,
1822 4953 1934 4994 sua:
1958 4955 2055 4994 vo-

382 5019 385 5023 ’
468 5020 695 5079 lnntatis
736 5022 1062 5084 sententiam
1095 5039 1189 5079 rex
1213 5020 1293 5080 eis
1321 5025 1549 5094 aperuit,
1590 5026 1922 5090 Lictbertum
1950 5031 2057 5088 sei-

468 5112 599 5169 licet
617 5113 971 5186 prtepositiim
1006 5130 1065 5171 se
1108 5115 1272 5170 simul
1305 5131 1429 5172 cum
1460 5116 1540 5172 eis
1565 5116 1764 5189 eligere
1794 5117 2057 5178 Camera-

438 5189 968 5262 censis-Ecclesiae
1022 5204 1363 5279 episcopum.
1433 5207 1635 5269 Audito
1679 5209 1782 5265 viri
1839 5212 2061 5268 nomine

1419 5315 1506 5336 nan
1515 5315 1609 5338 nnc
1642 5298 1810 5340 nulla“
1848 5314 2053 5340 ranam-

470 5292 739 5324 -i-‘u—A'Algn
768 5292 820 5326 ξηαν-
850 5298 1047 5330 Δρηιιιω
1072 5298 1369 5334 Ιιιηιῖηἶιηιο

1492 366 1548 421 S.
1595 363 1965 420 LIETBERTI
2004 360 2538 424 CAMERACENSIS
2566 366 2785 425 EPISC.

502 476 846 554 hymnlsonis
874 480 943 537 ad
985 481 1165 538 aulam
1192 481 1412 538 ducitur
1434 480 1776 557 pontiﬁcum,
1800 477 2095 551 protensis-
2122 478 2170 538 Δ

3647 371 3789 432 "55

2787 478 3018 538 CAPUT
3058 478 3169 537 ΧΠ.

2591 571 2670 627 De
2693 572 2874 628 Gitone
2903 574 3017 645 ejus
3045 575 3372 631 adversario.

2262 656 2404 716 Huic
2449 661 2721 732 imperiali
2770 664 3004 721 consilio
3050 666 3268 723 cunctis
3316 667 3785 737 assentientibus,

2192 750 2701 808 submurmurando
2747 754 2916 825 cmpit
2952 754 3223 812 obsistere
3255 772 3404 814 unus
3440 759 3788 829 legatorum,

2193 839 2403 896 scilicet
2426 841 2850 900 archidiaconus
2872 843 3015 912 Guo,
3044 846 3140 916 qui
3176 845 3321 904 sicut
3348 863 3581 904 aversus
3619 864 3787 906 voca-

2189 929 2343 997 bulo,
2367 933 2449 989 sic
2478 933 2693 992 discors
2709 944 2765 991 et
2782 936 3007 1006 judicio.
3039 935 3156 995 Hoc
3174 947 3359 995 tamen
3382 940 3678 1011 probatum
3705 951 3790 1011 est

2188 1037 2314 1079 eum
2345 1023 2542 1084 fecisse
2565 1028 2787 1085 duabus
2805 1047 2874 1086 ex
2900 1033 3106 1098 causis,
3134 1031 3370 1089 factione
3390 1031 3624 1091 Joannis
3652 1051 3789 1105 pra:-

2188 1113 2479 1182 nominati,
2504 1118 2587 1172 vel
2614 1119 2760 1188 quod
2792 1119 2921 1177 huic
2952 1122 3229 1192 aSpii-abat
3260 1122 3488 1191 honori;
3520 1125 3616 1181 sed
3653 1127 3787 1196 quia

2187 1207 2416 1276 probata
2447 1209 2625 1266 virtus
2652 1213 2879 1283 corripit
2916 1212 3273 1286 insipientes,
3306 1231 3436 1272 mox
3476 1233 3509 1272 a
3556 1217 3791 1275 domum

2189 1301 2491 1371 requisitus
2519 1304 2868 1375 imperatore,
2906 1308 3087 1379 palam
3125 1307 3417 1365 confessus
3434 1318 3522 1366 est
3547 1310 3788 1381 majoris

2186 1401 2240 1447 et
2263 1393 2602 1452 snblimioris
2623 1397 2851 1456 honoris
2876 1399 3282 1472 dignissimum,
3304 1416 3470 1472 quem
3496 1402 3629 1459 huic
3652 1403 3789 1457 sub-

2186 1486 2570 1541 mnrmurabat
2591 1501 2701 1542 non
2733 1496 2941 1559 aptum.
2974 1487 3114 1545 Nam
3132 1489 3263 1545 dam
3296 1492 3473 1561 palam
3500 1493 3790 1562 privatim-

2186 1590 2292 1646 que
2320 1578 2696 1635 sciscitaretur
2734 1581 2863 1652 quid
2900 1582 2955 1636 in
2984 1581 3105 1637 viro
3132 1581 3226 1637 Dei
3254 1582 3709 1641 contradictionis
3726 1595 3787 1641 et

2186 1668 2476 1725 calumniae
2510 1682 2717 1739 nosset,
2752 1674 3067 1745 respondit,
3114 1674 3220 1730 sub
3261 1686 3611 1732 sacrameim
3640 1678 3787 1732 veri-

2186 1761 2314 1816 tatis
2356 1771 2410 1817 et
2441 1762 2587 1831 ﬁdei,
2631 1779 2810 1836 neque
2862 1780 3028 1821 nosse
3067 1780 3245 1837 neque
3280 1768 3501 1823 novisse
3545 1768 3693 1839 quod
3727 1769 3783 1824 ei

2184 1850 2399 1910 ofﬁcere
2434 1862 2657 1924 posset:
2685 1856 2911 1926 insuper
2939 1865 3275 1927 protestatur
3313 1857 3609 1914 diaconum
3658 1860 3784 1914 sine

2184 1946 2639 2016 reprehensione,
2692 1947 2934 2018 judicem
2981 1958 3236 2006 ornatum
3294 1951 3574 2017 moribus,
3633 1952 3783 2009 bene

2183 2038 2535 2103 catholicum,
2558 2039 2747 2095 domui
2777 2038 2870 2095 Dei
2903 2040 3237 2111 provisorum
3266 2041 3780 2111 sapientissimum;

2182 2128 2545 2186 conﬁrmabat
2577 2137 2754 2186 totum
2796 2129 2916 2186 sine
2951 2132 3187 2196 macula,
3224 2147 3387 2203 quem
3417 2131 3563 2189 Deus
3585 2132 3783 2205 perlu-

2181 2218 2335 2274 derat
2360 2220 2555 2291 gratia,
2587 2222 2869 2278 astruebat
2886 2238 3215 2293 magnopere
3242 2223 3343 2278 viri
3365 2224 3597 2280 virtutes
3615 2241 3777 2296 egre—

2182 2309 2319 2380 gias,
2345 2310 2514 2367 animi
2537 2314 2924 2381 constantiam,
2949 2314 3371 2371 sollicitudinem
3398 2331 3506 2371 non
3531 2317 3775 2388 pigram,

2177 2399 2514 2472 jejuniornm
2549 2402 2970 2478 vigiliarumque
3010 2404 3411 2473 assiduitatem,
3453 2409 3776 2463 orationum

2182 2490 2658 2567 lacrymarumqne
2681 2496 3053 2554 devotionem.
3080 2498 3159 2555 Ad
3184 2500 3290 2556 hoc
3314 2500 3573 2557 dominus
3602 2501 3779 2572 impe-

2182 2593 2331 2639 rator
2366 2587 2609 2641 substitit
2639 2588 2944 2657 paululum,
2978 2590 3295 2662 regalesque
3325 2592 3512 2648 vultus
3536 2607 3775 2665 cumpo-

2181 2692 2341 2744 nens,
2366 2677 2447 2734 sic
2472 2676 2695 2734 demum
2725 2693 2823 2735 ora
2849 2680 3073 2736 resolvit
3103 2699 3119 2735 :

2181 2789 2759 2865 Elui-imasauctorum
2776 2792 3065 2865 relegentes
3088 2803 3234 2865 gesta
3259 2796 3518 2865 virorum,

2182 2859 2391 2937 §cimus
2417 2862 2712 2937 bim-tinum
2735 2859 2949 2937 virtutis
2971 2859 3199 2937 culmine
3226 2866 3446 2937 dignum

2184 2931 2326 3007 [unc
2348 2941 2396 3007 et
2417 2932 2716 3007 laudatum,
2742 2934 2869 2988 dum
2895 2936 3200 3007 crediteum
3225 2931 3562 3007 reprobamus

2180 3001 2391 3058 Prcsul
2412 3002 2679 3072 defensor,
2698 3020 2799 3058 non
2819 3021 2983 3060 sanus
3005 3006 3074 3059 ad
3098 3001 3289 3060 omnia
3299 3023 3484 3062 censor

2179 3072 2487 3146 Consimilis
2516 3074 2672 3146 facti,
2692 3074 2888 3145 similis
2910 3077 3172 3131 sententia
3194 3080 3370 3146 pacti,

2179 3141 2497 3220 lter-cadent
2514 3141 2745 3215 fraudis,
2769 3147 2815 3200 si
2838 3163 2941 3200 non
2964 3164 3063 3218 par
3082 3141 3253 3220 gloria
3275 3141 3491 3220 laridin.

2184 3212 2330 3288 (inae
2345 3229 2455 3288 ‘per
2477 3212 2746 3288 Itasnotas
2765 3232 2897 3288 quas
2920 3212 3148 3288 prtesens
3174 3219 3397 3273 contulit
3420 3230 3556 3274 tetas

2179 3284 2423 3356 Calatiae
2441 3286 2713 3356 pontiﬁce,
2741 3284 2965 3341 testante
2987 3287 3128 3356 quod
3152 3298 3229 3342 est
3252 3290 3491 3356 inimico,

2180 3353 2254 3409 Ni
2278 3353 2647 3425 defraudctsir,
2674 3374 2754 3412 me
2768 3357 2954 3427 judice
2974 3353 3166 3430 «lignus
3199 3359 3439 3414 habetur.

2246 3454 2290 3509 lt
2323 3456 2464 3512 omlo
2508 3455 2719 3513 clamor
2748 3456 2845 3513 Dei
2884 3467 3083 3514 cuncta
3125 3459 3485 3530 gubernantis
3529 3463 3764 3520 laudan-

2175 3547 2310 3605 tium
2337 3548 2589 3617 gloriam,
2613 3549 2932 3621 domiique
2958 3551 3105 3622 regis
3140 3551 3587 3610 conﬁrmantium
3635 3562 3761 3613 seno‘

2173 3639 2428 3697 tentiam.
3438 3668 3443 3673 ·

2757 3753 2988 3811 CAPUT
3024 3756 3167 3813 XIII.

2176 3844 2276 3900 ωε
2320 3844 2504 3900 electio
2547 3843 3038 3923 Donttti_Lietberti
3081 3856 3146 3904 ab
3187 3850 3425 3923 Augusto
3464 3864 3516 3909 et
3556 3857 3761 3913 cunctis

2598 3935 2623 3987 ς
2638 3919 2928 3990 rincipibus
2957 3919 3328 3992 conﬁrmatur.

2239 3990 2462 4064 Electus
2485 4017 2570 4065 est
2606 4010 2661 4064 in
2683 4010 2773 4066 die
2812 4023 3008 4069 sancto
3047 3990 3273 4070 Pascha:
3293 4016 3532 4073 domnus
3570 4030 3764 4075 noster

2169 4098 2483 4157 Lietbertus
2510 4103 2579 4157 ab
2601 4102 2928 4173 imperatore
2956 4106 3283 4177 cunctisque
3302 4109 3562 4178 palatinis
3606 4113 3759 4182 prin-

2168 4193 2405 4264 cipibus,
2429 4195 2869 4266 atque‘laudatus
2896 4208 2950 4253 et
2970 4198 3299 4256 testiﬁcatus
3337 4219 3368 4256 a
3415 4204 3536 4258 suis
3586 4206 3761 4260 otiini-

2165 4284 2289 4342 bus.
2323 4285 2552 4343 Videres
2579 4303 2742 4343 omne
2765 4289 3027 4359 palatium
3057 4291 3257 4362 gaudio
3295 4302 3351 4347 et
3389 4296 3757 4352 exsultatione

2163 4378 2452 4448 repletum,
2478 4379 2659 4450 ipsum
2681 4378 2843 4435 etiam
2882 4381 3268 4450 imperatorem
3301 4384 3651 4455 incipientem
3682 4386 3757 4442 Te

2168 4469 2332 4524 Deum
2382 4471 2688 4538 laudamus,
2715 4474 3177 4543 prosequentibus
3221 4477 3437 4533 cunctis
3462 4479 3530 4532 ad
3576 4480 3751 4535 eccle-

2165 4562 2304 4616 siam
2342 4576 2465 4617 cum
2510 4562 2677 4633 hujus
2724 4563 2911 4635 hymni
2956 4565 3281 4635 jubilatione
3308 4587 3326 4622 :
3360 4568 3751 4627 solemnizabat

2165 4661 2340 4709 nrater
2367 4652 2612 4710 Ecclesia
2661 4664 2923 4710 coronata
2968 4657 3210 4729 episcopi
3251 4660 3656 4718 resurrectione
3698 4672 3754 4718 et

2166 4744 2391 4799 victoria
2432 4743 2523 4817 [[2,
2553 4745 2758 4801 Christi
2801 4750 3260 4805 resurrectionem
3306 4760 3360 4807 et
3408 4752 3751 4827 victoriam],

2160 4835 2451 4906 plaudebat
2476 4837 2660 4892 domui
2687 4836 2947 4895 Lietherti
2978 4839 3177 4896 celebri
3203 4843 3466 4900 electione
3482 4888 3496 4911 ,
3529 4860 3756 4916 prieser.

2163 4927 2260 4982 tim
2300 4927 2367 4982 ad
2392 4929 2806 5002 praerogativam
2835 4932 3119 4989 electionis
3155 4934 3519 5005 imperatoris.
3552 4937 3749 4994 Actum

2162 5017 2584 5091 cst‘Agrippina:
2612 5023 2665 5077 in
2693 5024 2899 5093 palatio
2944 5024 3235 5095 imperiali,
3267 5027 3649 5085 conﬁrmatum
3688 5031 3745 5085 in

2157 5111 2390 5168 ecclesia
2429 5110 2485 5167 S.
2535 5112 2682 5169 Petri
2713 5116 2978 5187 principis
3009 5118 3383 5188 apostolorum
3428 5131 3483 5176 et
3509 5123 3743 5183 etclestis

2158 5203 2437 5275 clavigeri,
2463 5204 2538 5259 ita
2568 5216 2847 5263 annuente
2869 5207 3060 5264 Gnone
3082 5226 3208 5265 cum
3233 5213 3443 5269 cteteris
3466 5215 3739 5281 omnibus,

2156 5295 2376 5340 «intravit
2411 5294 2685 5340 rivitntom
2719 5294 3176 5340 nomnrnna‘nnnm
3221 5318 3346 5340 nnna
3392 5304 3510 5340 οιιῖρ
3539 5321 3737 5340 «tamn-
