4022 5340
286 229 426 299 1437

1831 230 2007 295 "TA.

3378 172 3539 309 .HSQ

282 344 541 400 omnibus
578 344 1011 415 competentibus
1058 343 1387 419 adimpletis,
1418 346 1744 421 properabat
1790 347 1860 403 ad
1889 351 1935 409 Δ
1964 364 2096 405 suos
2127 351 2522 420 compatriotas
2566 364 2665 425 per
2680 349 2870 408 omnia
2918 350 3133 419 clarus;
3160 351 3251 407 cui
3278 351 3542 423 quoniam

282 449 445 492 suam
469 435 745 493 civitatem
772 436 991 492 reverti.

865 544 1102 607 CAPUT
1138 548 1280 608 XIV.

289 638 393 697 Ubi
417 641 652 699 Joannes
685 641 961 698 ecclesiam
992 640 1049 698 S.
1095 641 1287 714 Maria
1325 651 1378 697 et
1414 641 1597 714 «iam

448 714 650 769 invadit
665 755 679 780 ,
702 723 752 768 et
774 722 928 767 extra
947 722 1130 781 portas
1155 713 1300 768 urbis
1324 730 1444 767 cum
1478 711 1702 768 claudit.

363 792 529 860 Fama
559 812 946 875 praecurrente,
973 804 1260 861 nuntiatur
1281 801 1479 860 Joanni
1499 804 1643 874 quod
1665 804 1867 876 factum

287 888 503 959 iuerat;
552 908 662 963 qua
708 893 776 949 de
822 909 990 949 causa
1034 894 1264 949 nimium
1311 894 1633 965 perterritus
1669 892 1871 966 diuque

262 978 505 1059 reputat
535 984 667 1054 quid
698 983 844 1041 facto
889 1002 1028 1056 opus
1057 986 1158 1053 sit;
1205 995 1394 1057 postea
1438 986 1556 1042 suis
1596 986 1653 1042 in
1699 1004 1870 1044 unum

290 1077 498 1133 coactis
524 1077 692 1132 animi
716 1077 802 1133 sui
827 1086 1102 1134 secretum
1125 1078 1349 1147 revelat,
1368 1078 1644 1135 atﬁrmans
1671 1080 1873 1136 domno

290 1162 569 1225 Lietberto
608 1170 820 1226 nullum
870 1169 1107 1226 civitatis
1152 1170 1439 1241 introitum
1470 1171 1741 1242 praebere,
1766 1170 1874 1228 nisi

288 1258 396 1313 sibi
453 1260 857 1315 castellaturam
914 1275 1078 1333 quam
1124 1262 1397 1318 ambierat
1442 1263 1596 1332 prius
1640 1264 1875 1319 voluerit

291 1347 442 1405 dare.
511 1349 632 1405 Tali
687 1350 922 1407 consilio
981 1362 1207 1408 matrem
1279 1354 1572 1411 ecclesiam
1639 1354 1876 1411 dominae

294 1449 496 1495 nostra:
547 1451 751 1497 sancta:
793 1440 975 1499 Mariae
1014 1444 1276 1499 violenter
1324 1444 1558 1511 invasit,
1594 1454 1648 1501 et
1686 1446 1874 1517 ejectis

292 1530 510 1587 clericis
563 1532 856 1590 thesauros
896 1535 1142 1591 ecclesiae
1205 1546 1258 1595 et
1313 1537 1678 1609 quodcunque
1731 1538 1876 1595 intro

296 1628 519 1697 reperit,
563 1643 677 1683 sure
725 1628 917 1684 ditioni
978 1632 1327 1702 mancipavit,
1374 1631 1688 1704 militesque
1740 1649 1872 1690 suos

288 1729 537 1775 armatos
564 1719 698 1774 inibi
729 1721 941 1791 posuit;
970 1724 1150 1778 aulam
1192 1724 1554 1796 pontiﬁcalem
1606 1727 1874 1796 superbus

290 1809 555 1879 intravit,
601 1827 825 1868 uxorem
875 1829 1033 1869 suam
1073 1814 1127 1869 in
1167 1831 1442 1871 cameram
1474 1816 1746 1887 pontiﬁcis
1794 1819 1879 1872 in-

289 1902 608 1968 trodaeens,
635 1911 977 1977 stratumque
1004 1921 1164 1960 suum
1190 1906 1243 1960 in
1274 1907 1413 1961 lecto
1452 1906 1725 1980 pontiﬁcis
1754 1907 1879 1969 fecit

295 1994 515 2063 parari,
576 1994 792 2067 sibique
831 2005 886 2051 ct
933 1998 1259 2054 satellitibus
1306 1998 1421 2055 suis
1461 1999 1528 2053 de
1573 2000 1879 2069 sumptibus

290 2083 536 2155 episcopi
561 2088 817 2157 praecepit
854 2088 1180 2144 ministrari.
1219 2090 1356 2145 Cum
1402 2091 1517 2147 haec
1568 2102 1878 2163 agerentur,

295 2190 475 2231 tim-us
521 2176 728 2233 civitati
774 2180 1174 2251 appropinquat
1220 2182 1475 2248 domnus,
1512 2183 1600 2237 cui
1641 2181 1881 2240 Joannes

299 2283 427 2322 cum
469 2278 662 2338 parato
708 2284 1009 2326 occurrens
1038 2273 1282 2328 exercitu
1334 2282 1522 2344 portas
1568 2272 1785 2342 clausit,
1823 2285 1882 2332 et

297 2357 456 2429 longe
476 2359 673 2430 repulit
694 2362 762 2416 ab
790 2362 1035 2417 introitu.
1060 2361 1248 2433 Itaque
1275 2364 1550 2421 divertens
1581 2367 1648 2422 ad
1670 2366 1881 2422 Novum

291 2447 593 2504 Castellum
622 2466 748 2506 cum
800 2452 1008 2508 honore
1041 2462 1097 2509 et
1138 2453 1327 2511 laetitia
1375 2456 1641 2527 recipitur
1684 2474 1714 2512 a
1743 2459 1879 2526 suis,

293 2539 484 2611 ibique
509 2540 824 2613 aliquandiu
846 2553 1052 2599 manet.

880 2655 1122 2712 CAPUT
1160 2656 1277 2715 XV.

304 2720 408 2803 ilbi
442 2762 610 2800 comes
652 2745 932 2820 Fiandrite
973 2749 1198 2820 electum
1237 2750 1539 2820 episcopum
1577 2768 1612 2806 α
1652 2749 1885 2808 ϐαειεηο

631 2834 791 2888 usque
826 2819 895 2871 ad
919 2819 1093 2872 urbem
1120 2819 1297 2882 secum
1326 2819 1563 2876 deducit.

376 2900 613 2960 Rediens
658 2916 848 2961 comes
890 2905 1272 2963 Flandriarum
1326 2909 1625 2966 Balduinus
1685 2927 1715 2966 a
1764 2928 1887 2983 rege

1965 440 2051 495 sui
2070 439 2213 510 juris
2239 440 2295 497 id
2317 450 2455 509 erat,
2483 441 2549 497 de
2577 442 2974 514 praenominata
3023 448 3142 513 per'
3161 441 3389 498 idoneas
3417 440 3542 513 per:

1965 545 2131 587 sonas
2159 532 2423 588 electione
2447 533 2780 605 suggeritur,
2823 549 3045 605 suaeque
3079 532 3543 590 corroborationis

1966 623 2265 679 auctoritas
2283 625 2599 696 suppliciter
2618 625 2973 698 imploratur;
2995 625 3377 698 episcoporum
3399 640 3546 683 com.

1966 711 2382 781 provincialium
2404 714 2755 788 subiungitur
2783 715 3093 787 epistolaris
3127 730 3408 784 assensus,
3434 715 3545 772 ele-

1967 801 2148 873 ctique
2189 805 2461 875 pontiﬁcis
2501 806 2618 863 dies
2666 806 3097 864 consecrationis
3146 802 3447 878 requiritur
3474 802 3546 864 ab

1966 894 2241 953 omnibus.
2276 895 2473 953 Audita
2494 896 2777 954 Remensis
2806 897 3262 969 metropolitanus
3296 905 3411 954 tam
3458 912 3546 954 reo

1969 985 2160 1057 ligiosa
2203 994 2423 1059 tamque
2486 989 2683 1045 celebri
2744 989 3026 1056 electione,
3080 988 3550 1059 cdnsideratisque

1971 1076 2075 1132 viri
2101 1078 2415 1148 virtutibus,
2459 1078 2554 1136 Dei
2602 1081 3029 1139 muniﬁcentiam
3082 1081 3270 1139 laudat
3316 1090 3371 1138 et
3410 1082 3547 1153 ipse.

1971 1167 2176 1225 Deinde
2203 1171 2501 1227 constituto
2528 1171 2615 1227 die
2641 1172 2873 1243 locoque
2903 1172 3157 1244 dirigitur
3175 1173 3404 1244 epistola
3427 1187 3551 1243 qua:

1970 1271 2200 1331 paterno
2237 1270 2583 1319 commoneat
2611 1260 2948 1318 Liethertum
2998 1262 3234 1317 levitam‘
3273 1276 3386 1318 non
3428 1268 3551 1317 tan~

1973 1353 2256 1408 tummodo
2284 1354 2572 1423 probatum
2606 1352 2898 1409 ascendere
2926 1352 3177 1426 gradum,
3206 1354 3337 1426 quin
3368 1354 3555 1425 potius

1973 1443 2254 1513 regiminis
2276 1445 2649 1514 praesulatum.
2674 1442 2945 1499 Parantur
2982 1444 3214 1501 comites
3257 1454 3312 1501 et
3338 1446 3553 1516 impena

1975 1548 2069 1599 sae,
2096 1534 2394 1604 suscipitur
2424 1535 2578 1590 labor
2618 1534 2852 1601 itineris,
2878 1550 2948 1589 ne
2979 1536 3064 1590 vel
3086 1535 3182 1592 Dei
3214 1537 3301 1592 vel
3343 1543 3552 1591 metro-

1974 1624 2202 1695 politani
2251 1627 2501 1683 videatur
2533 1626 2878 1698 jussionibus
2935 1628 3238 1695 contraire;
3286 1633 3558 1699 peragunt

1978 1727 2267 1789 augustam
2289 1719 2636 1791 legationem,
2667 1719 3118 1790 mansionemq‘ue
3164 1719 3357 1789 prima:
3376 1717 3558 1773 noctis

1979 1818 2255 1864 metantur
2299 1811 2443 1880 apud
2474 1810 2820 1866 Laudunum.
2875 1807 3119 1881 Suscipit
3159 1810 3379 1866 levitam
3406 1810 3560 1864 laata-
3616 1834 3619 1837 -

1979 1899 2161 1956 bunda
2193 1899 2512 1981 Lauduuus,
2544 1911 2598 1957 et
2635 1901 2763 1972 jure
2808 1899 3024 1958 fovebat
3049 1901 3292 1973 hospitii,
3323 1902 3561 1972 moxque

1979 2008 2319 2064 praecessura
2358 2009 2486 2061 cum
2521 1992 2738 2066 hymnis
2774 2002 2829 2049 et
2855 1993 3131 2061 laudibus,
3170 1993 3320 2050 cultu
3351 2000 3408 2048 et
3435 1992 3562 2073 rell:

1980 2085 2143 2158 gione
2175 2085 2441 2142 canonica
2468 2084 2785 2157 repatrianti
2813 2085 3083 2157 pontiﬁci.

1984 2219 2163 2275 Titani
2185 2236 2421 2276 croceum
2443 2221 2685 2292 linquens
2706 2219 2918 2276 Aurora
2941 2219 3112 2275 cubile
3126 2262 3141 2285 ,

1986 2311 2206 2366 Noctem
2225 2311 2471 2383 pellebat,
2486 2311 2655 2367 lucem
2678 2310 2956 2385 radiosque
2980 2311 3202 2382 ferebat.

2055 2441 2197 2497 Dum
2236 2443 2527 2499 comitibus
2560 2444 2893 2514 experrectis
2919 2442 3250 2499 matutinum
3277 2441 3382 2499 iter
3426 2438 3566 2497 arrio

1984 2535 2167 2605 pitur,
2220 2533 2653 2606 Remensemque
2712 2534 2991 2590 civitatem
3032 2550 3223 2590 versus
3268 2532 3525 2604 dirigitur
3547 2576 3562 2601 ,

1984 2643 2096 2698 quo
2118 2636 2407 2698 postquam
2431 2636 2650 2684 ventum
2673 2636 2776 2695 est,
2799 2627 3132 2697 dominoque
3147 2624 3569 2696 metrOpolitano

1987 2719 2236 2775 itmuitur
2267 2718 2461 2776 adesse
2479 2736 2605 2775 cum
2635 2719 2752 2776 suis
2794 2718 3250 2775 Cameracensem
3292 2714 3568 2773 archidia-

1987 2825 2210 2877 conum,
2253 2809 2616 2866 admittuntur
2644 2811 2991 2882 quantocius,
3024 2810 3319 2866 inclinatur
3368 2808 3437 2865 ad
3479 2824 3572 2879 ge-

1990 2914 2119 2968 nua,
2144 2902 2213 2957 ad
2234 2902 2422 2957 oscula
2448 2903 2698 2975 erigitur,
2729 2903 2945 2959 cunctis
2966 2902 3207 2958 invicem
3232 2900 3570 2967 resalutatis,

304 2990 645 3050 Francorum
688 3011 813 3049 eum
853 2995 926 3049 ibi
968 2995 1220 3062 invenit,
1265 3007 1318 3052 et
1359 2999 1427 3053 de
1476 3000 1721 3053 dominio
1767 3000 1886 3069 ejus
1916 3028 1958 3088 ο
1982 3009 2173 3050 causa:
2193 2994 2453 3051 dicuntur
2479 2995 2765 3061 adventus,
2800 3009 2925 3065 quae
2960 3008 3087 3049 mox
3108 2992 3433 3050 auctoritate
3454 2992 3572 3048 me-

299 3083 464 3137 lretus
510 3083 734 3139 etTectus
786 3092 963 3154 usque
1008 3085 1076 3139 ad
1120 3085 1394 3141 civitatem
1426 3085 1886 3143 Cameracensem
1925 3083 1956 3088 ⁷
1990 3085 2321 3155 tropolitana
2344 3087 2791 3152 corroborantur,
2826 3084 3039 3142 caeteris
3068 3085 3211 3141 idem
3233 3098 3575 3157 prosequen-

307 3188 496 3230 secum
546 3175 792 3230 deduxit.
826 3175 1406 3248 Appropinquantibus
1462 3179 1563 3245 eis,
1609 3179 1891 3237 nuntiatur

305 3264 538 3333 Joanni,
589 3268 684 3337 qui
735 3282 863 3323 mox
918 3266 1046 3339 fuga
1088 3267 1278 3338 lapsus
1325 3267 1559 3323 liberum
1607 3269 1890 3325 introitum

301 3362 581 3418 concessit
603 3361 828 3417 domino
855 3363 1112 3418 venienti.
1147 3360 1496 3418 Exhilaratus
1524 3363 1719 3435 gaudet
1740 3365 1891 3435 prin-

311 3466 440 3521 ceps
482 3453 675 3523 patriae
723 3468 849 3507 mox
906 3453 1211 3509 sacrandus
1255 3454 1580 3525 episcopus,
1626 3465 1741 3512 tum
1791 3472 1892 3528 pro

306 3540 506 3611 adepta
551 3541 724 3613 gratia
754 3541 1123 3612 imperatoris,
1175 3553 1291 3598 tum
1329 3545 1396 3599 de
1442 3544 1619 3600 rabidi
1665 3544 1893 3602 Joannis

312 3640 566 3702 Superata
588 3632 866 3703 superbia,
891 3634 1166 3690 civitatem
1186 3632 1547 3691 Cameracum
1564 3636 1893 3694 omnimodis

309 3723 555 3778 exaltare
578 3724 875 3796 satagebat.
905 3724 1070 3781 Cives
1109 3726 1297 3797 itaque
1339 3726 1432 3798 qui
1473 3727 1699 3784 diutina:
1749 3728 1895 3785 sedi-

312 3813 481 3869 tionis
509 3816 859 3890 oppressione
898 3818 1204 3888 paupertati
1232 3818 1441 3873 redacti
1468 3818 1704 3886 fuerant,
1743 3820 1895 3891 pacis

312 3903 603 3961 dulcedine
631 3906 908 3975 viviﬁcati,
931 3908 1089 3979 quasi
1114 3909 1181 3964 de
1192 3909 1465 3966 barathro
1489 3912 1683 3967 mortis
1711 3896 1898 3968 resur-

315 3995 547 4067 gebant,
606 3996 974 4053 sollicitudine
1030 3997 1250 4068 quidem
1295 4007 1353 4056 et
1402 4000 1582 4057 studio
1633 4001 1896 4073 principis

318 4085 445 4140 novi
495 4085 552 4139 in
597 4086 819 4142 civitate
854 4085 1258 4158 Cameracensi,
1299 4097 1356 4147 et
1387 4091 1815 4163 circumquaque
1840 4092 1896 4147 in

314 4177 576 4233 omnibus
623 4178 962 4249 appendiciis
1010 4181 1385 4238 misericordia
1439 4191 1494 4238 et
1541 4184 1746 4239 veritas
1786 4184 1896 4241 sibi

1990 3176 2157 3233 tibus.
2191 3175 2296 3233 Sed
2336 3178 2465 3248 quia
2504 3193 2615 3233 non
2644 3185 2875 3249 poterat
2914 3185 3069 3232 tanta
3106 3177 3331 3249 negotia
3383 3176 3576 3233 subire

1990 3269 2162 3334 solus,
2192 3267 2371 3340 agitur
2392 3268 2534 3325 inter
2566 3284 2660 3325 eos
2683 3269 2812 3340 quis
2832 3266 3281 3325 archidiaconum
3305 3268 3574 3343 provehat

1987 3356 2059 3412 ad
2086 3357 2372 3413 honorem.
2403 3353 2406 3357 ’

2575 3446 2806 3505 CAPUT
2844 3446 3006 3504 XV“.

1997 3535 2097 3593 Ubi
2146 3537 2212 3592 ab
2259 3539 2502 3609 episcopo
2550 3537 2929 3596 Catalaunensi
2974 3538 3229 3609 probatur
3270 3538 3572 3594 ordinatus.

2061 3628 2220 3701 Apud
2249 3630 2613 3688 Catalaunum
2662 3629 2884 3688 familiae
2927 3630 3188 3703 episcopii
3228 3630 3580 3701 dispensabat

1993 3722 2252 3795 pabulum
2277 3723 2402 3778 vitae
2425 3724 2627 3793 praesul
2663 3722 2929 3795 Rogerus,
2972 3725 3059 3778 vir
3084 3724 3211 3779 vita:
3252 3721 3579 3778 venerabilis

1993 3823 2048 3870 et
2078 3830 2293 3870 mor-um
2319 3815 2445 3872 dote
2472 3816 2814 3889 magniﬁcus.
2859 3815 3015 3873 Huic'
3035 3816 3428 3873 transmittitur
3453 3804 3580 3885 pro-

1994 3907 2273 3963 vehendus
2326 3906 2395 3963 ad
2438 3908 2760 3981 presbyterii
2810 3909 3025 3964 culmen
3082 3915 3245 3978 atque
3301 3906 3581 3963 docendus

1995 3995 2191 4052 oll‘erre
2240 3999 2577 4053 sacrosancti
2624 3999 2879 4069 corporis
2923 4006 2979 4053 et
3037 3997 3321 4069 sanguinis
3374 3995 3583 4052 Christi

1995 4086 2272 4143 viviﬁcum
2295 4089 2551 4143 libamen.
2578 4087 2674 4163 Die
2696 4090 2995 4145 constituto
3013 4087 3173 4142 levita
3198 4087 3589 4158 provehendus

1995 4178 2243 4248 procedit
2287 4179 2355 4234 ad
2383 4178 2669 4234 ecclesiam
2715 4179 2893 4234 sancti
2922 4176 3338 4249 protomartyris
3364 4183 3420 4230 et
3449 4175 3595 4231 levi.

315 4267 704 4329 obviahant.et
726 4270 880 4339 pacis
912 4271 1107 4325 oscula
1132 4271 1407 4339 libabant;
1436 4281 1623 4342 aperta
1661 4282 1715 4328 et
1749 4289 1897 4330 rese-
1998 4275 2068 4322 ιω
2090 4265 2354 4337 Stephani
2399 4268 2720 4339 pignoribus
2742 4283 2813 4324 ac
2837 4267 3061 4323 nomine
3089 4276 3329 4322 sacram.
3368 4263 3597 4336 lngres--
3630 4292 3637 4301 κ

318 4365 438 4412 rata
463 4367 593 4413 sunt
615 4359 820 4427 omnia,
838 4359 1043 4432 neciur
1073 4358 1347 4429 inventus,
1364 4377 1466 4418 nec
1486 4363 1690 4433 praedo,
1717 4380 1895 4434 neque
1926 4366 1974 4426 ι)
2000 4374 2098 4414 sus
2126 4359 2281 4414 omni
2313 4360 2541 4430 supplex
2568 4374 2798 4430 corpore
2844 4358 3019 4414 Deum
3062 4365 3177 4414 toto
3219 4356 3421 4413 mentis
3460 4363 3599 4413 orat:

316 4449 550 4519 quilibet
573 4450 863 4521 injunans,
886 4453 1216 4523 qui'damna
1251 4452 1451 4509 inferat
1482 4455 1665 4511 alicui.
1696 4454 1894 4511 Clerici
1996 4452 2216 4518 allecto,
2270 4461 2541 4522 quatenus
2589 4450 2704 4508 Deo
2759 4451 2923 4523 digne
2969 4457 3359 4522 promoveautr
3407 4450 3591 4507 sancti

320 4539 378 4593 in
406 4541 653 4596 ecclesiis
683 4543 959 4613 opulentia
984 4543 1172 4600 referti
1212 4545 1402 4601 laudes
1428 4545 1891 4605 Deorel'erebant.
1998 4543 2256 4614 martyris
2281 4542 2490 4598 meritis
2517 4550 2573 4597 et
2606 4543 2948 4609 interventu;
2997 4539 3242 4611 procedit
3265 4547 3331 4594 ct.
3356 4540 3609 4596 antistes-

319 4632 472 4688 Laici
498 4649 623 4689 cum
656 4636 805 4690 omni
844 4652 978 4707 pace
1010 4637 1264 4693 victualia
1305 4654 1406 4694 sua
1452 4641 1893 4710 conquaerebant.
1998 4635 2405 4708 pontiﬁcalibus
2435 4633 2625 4691 infulis
2650 4632 2961 4700 redimitus,
3002 4639 3323 4688 sanctorum
3373 4632 3608 4691 comiti»

300 4724 545 4789 ,Beatum
566 4726 814 4782 dixerunt
836 4728 1091 4799 populum
1110 4731 1197 4783 cui
1218 4729 1330 4784 hac
1357 4740 1481 4784 sunt
1498 4730 1679 4803 (Paul.
1706 4748 1896 4797 CXLIII,
2003 4730 2107 4785 bus
2151 4728 2412 4783 ordinum
2454 4727 2709 4783 decenter
2746 4725 3113 4791 introductus,
3140 4737 3294 4779 more
3319 4722 3608 4783 canonico.

322 4814 435 4885 18),
461 4815 574 4870 imo
606 4816 905 4873 beatiorem
932 4818 1217 4885 domuum,
1241 4835 1336 4889 per
1359 4837 1523 4890 quem
1553 4830 1703 4877 tanta
1751 4824 1901 4892 pacis
2002 4819 2162 4876 iactis
2192 4817 2495 4885 scmtiniis,
2523 4815 2956 4872 ordinandorum
2989 4826 3235 4884 pascua:
3255 4819 3596 4889 praesentan-
3668 4840 3671 4841 ν

317 4905 565 4960 subsidia
596 4907 953 4976 pullularunt.
994 4906 1088 4963 Sic
1143 4924 1328 4964 rerum
1379 4912 1743 4981 gubernatore
1787 4912 1900 4968 Deo
2004 4922 2094 4969 tur
2120 4919 2175 4967 et
2197 4909 2443 4977 nomina,
2471 4910 2613 4964 inter
2653 4922 2795 4979 quos
2847 4914 2904 4961 et
2949 4919 3060 4976 prae
3102 4902 3308 4973 quibus
3360 4905 3611 4961 domnus.
3656 4904 3673 4981 λ

318 4994 544 5052 Domini
600 5012 667 5054 ac
710 4998 931 5071 patroni
988 5001 1166 5056 nostri
1208 5001 1548 5072 principatus
1604 5002 1902 5075 primordia
2004 5003 2290 5067 Liebertns
2313 5003 2517 5070 levita;
2550 5001 2669 5057 suis
2705 4998 2845 5054 locis
2890 5006 2947 5053 et
2968 4993 3357 5063 eompetentiis
3410 5006 3621 5050 conse-r
3655 4997 3689 5079 ε

316 5086 658 5157 disponente,
703 5089 951 5148 subsidio
984 5093 1136 5160 pacis
1179 5097 1237 5146 et
1270 5091 1550 5163 religionis
1596 5095 1903 5154 exhilarata
2004 5105 2232 5163 crantor
2277 5095 2483 5161 exteri,
2517 5093 2696 5148 donec
2719 5096 2950 5144 ventum
2979 5092 3062 5140 est
3096 5082 3164 5137 ad
3191 5081 3456 5144 ordinem
3490 5095 3635 5153 pree—

314 5177 589 5251 gaudebat
605 5181 756 5251 plebs
781 5181 960 5238 civilis
987 5189 1152 5255 atque
1173 5181 1509 5241 suburbana.
2007 5189 2253 5261 shyterii.
2287 5185 2538 5256 Cumque
2562 5183 2631 5238 ad
2650 5192 2855 5237 manus
2883 5173 3290 5246 impositioncm
3318 5174 3612 5248 pontiﬁca-

396 5267 400 5270 C
902 5288 1136 5340 CAPUT
1172 5289 1310 5340 XVI.
2008 5281 2081 5335 lis
2108 5277 2250 5334 inter
2289 5273 2654 5331 ordinandum
2714 5268 2994 5325 diceretur
3043 5277 3184 5319 novo
3229 5271 3563 5340 presbytero
3594 5280 3617 5317 ι
