4022 5340
503 223 642 301 rise

1491 248 1546 302 s.
1590 246 1954 341 LIIZTBERTI
1991 214 2522 307 CAtlEitACENSIS
2560 238 2793 327 EPlSCI‘

3622 253 3759 309 ιιςο

496 352 1150 431 familiaribuslacrymis
1184 358 1514 427 proﬂuentes
1556 362 1790 434 insignia
1823 365 2075 419 sacerdo.
2102 370 2143 425 Α
2173 365 2375 420 doznno
2416 363 2691 419 Lietherto
2720 362 3196 417 Cameracensinm
3226 363 3486 431 pontiﬁci,
3527 366 3676 436 regio
3706 377 3759 423 ct

495 442 688 505 talium
716 449 1166 505 vestimentorum
1218 442 1418 521 quibus
1441 452 1673 508 vestitus
1718 463 1835 508 erat
1885 463 2075 510 sancto

494 542 619 597 ro're
646 540 997 612 perfundunt.
1570 550 1573 551 '

1054 654 1284 710 CAPUT
1321 654 1510 710 XVIII.
1611 607 1614 610 i

497 745 598 803 Ubi
628 734 1284 819 episcopnsconsecratur,
1316 757 1367 802 et
1399 747 1505 801 tale
1528 748 1896 819 prognosticon
1926 764 2073 819 repe-

671 816 852 872 ritur:
890 816 991 872 Hic
1027 826 1111 874 est
1142 817 1311 873 Filius
1342 816 1537 884 meus,‘
1559 816 1769 888 in'quo,
1799 827 1900 873 etc.

561 906 808 978 Functus
831 907 1006 964 ofﬁcio
1034 910 1375 981 presbyterii,
1407 925 1519 980 quo
1551 918 1776 964 noverat
1806 909 1910 963 iter
1934 909 2074 963 rele-

490 1000 588 1073 git,
622 1009 979 1072 repetensque
1003 999 1286 1056 dominum
1315 999 1811 1070 archiepiscopum,
1842 1008 2073 1070 praesto-

490 1091 635 1148 latur
654 1103 874 1162 postero
898 1091 986 1147 die
1006 1091 1208 1147 summi
1243 1078 1532 1147 sacerdotii
1558 1091 1953 1163 pontiﬁcatum,
1987 1092 2070 1145 vi-

490 1182 647 1253 gilias
674 1192 727 1239 et
748 1183 1020 1255 jejunium
1054 1184 1288 1255 protelat
1330 1197 1507 1240 novus
1545 1184 1828 1257 presbyter
1856 1185 1910 1238 in
1941 1200 2068 1239 cra—

489 1273 716 1329 stinum.
1504 1266 1507 1267 ⁷

562 1364 782 1419 Postera
802 1365 922 1436 jam
954 1366 1176 1420 tenebris
1208 1350 1425 1436 surgens
1454 1365 1663 1419 Aurora
1692 1366 1895 1437 fugatis

565 1455 885 1511 Illustrabat
905 1474 1024 1512 eum
1051 1473 1201 1528 quem
1228 1454 1454 1511 Pluebus
1477 1457 1666 1511 circuit
1693 1455 1887 1510 orbem.

557 1544 694 1604 Cum
719 1548 975 1605 dominus
1006 1548 1451 1618 metropolitanus
1475 1547 1878 1603 matutinalium
1913 1548 2068 1619 hym-

485 1655 684 1693 norum
728 1638 958 1694 decursa
1006 1638 1239 1694 melodia
1290 1639 1407 1694 ﬁeri
1459 1654 1779 1695 consessum
1823 1639 2064 1705 mandat,

484 1729 865 1801 episcopisque
923 1729 1222 1786 diteceseos
1274 1731 1465 1789 accitis
1524 1731 1590 1786 de
1655 1731 2064 1786 consecratione
2094 1717 2139 1778 Β

483 1821 899 1878 Cameracensis
964 1822 1469 1892 episcopitractat.
1544 1808 1770 1879 Cunctis
1828 1822 2064 1892 idipsum

485 1913 848 1969 sentientibus
874 1914 984 1969 itur
1024 1914 1092 1969 ad
1131 1904 1439 1980 ecclesiam,
1474 1898 1715 1971 citantur
1735 1915 1940 1981 aeditui,
1967 1931 2064 1970 ex-

484 2012 763 2074 ponuntur
785 2005 1056 2071 utensilia,
1088 2005 1258 2077 signis
1278 2006 1708 2081 consonantibus
1728 2005 1788 2060 ﬁt
1808 2005 2067 2076 frequens

482 2105 822 2153 conventus:
857 2096 1046 2154 infulis
1089 2096 1375 2152 redimitus
1418 2096 1663 2167 procedit
1700 2096 2063 2167 metropolita,

484 2194 899 2256 consequuntur
926 2186 1232 2256 pontiﬁces,
1266 2187 1593 2257 populorum
1626 2187 1862 2258 stipante
1886 2194 2065 2241 cater-

481 2292 569 2332 va.
600 2275 739 2331 Dum
763 2284 986 2343 ventum
1014 2284 1101 2332 est
1122 2276 1190 2331 ad
1227 2275 1281 2332 id
1302 2277 1472 2332 divini
1506 2276 1668 2331 oﬁicii
1698 2283 1760 2331 ut
1781 2276 1851 2355 ab
1879 2274 2067 2330 incen-

485 2375 601 2435 tore
659 2366 973 2422 diceretur:
1022 2366 1268 2423 Accedite
1305 2367 1376 2429 ad
1412 2383 1530 2421 eum
1581 2377 1632 2422 et
1682 2365 2066 2421 illuminamini

484 2456 661 2530 (Psal.
704 2473 915 2527 χχχιιι,
949 2458 1027 2527 6),
1065 2458 1222 2530 signo
1244 2459 1394 2527 dato,
1434 2459 1733 2515 sacrandus
1760 2458 2065 2513 introduci-

482 2560 574 2606 tur
614 2550 925 2622 episcopus,
959 2551 1174 2606 sistitur
1212 2549 1348 2617 Deo,
1398 2558 1760 2622 praesentatur
1799 2547 2063 2620 pontiﬁci,

480 2642 743 2699 recitatur
763 2630 975 2707 electio,
997 2652 1052 2697 et
1079 2641 1400 2698 testiﬁcatur
1421 2657 1450 2696 a
1474 2641 1720 2708 eunetis;
1745 2640 1807 2694 ﬁt
1827 2655 2063 2695 concur-

480 2750 579 2791 sus
617 2735 965 2807 pepnlorum,
1005 2735 1066 2789 ﬁt
1093 2735 1353 2804 strepitus
1390 2734 1733 2805 gaudiorum,
1775 2748 1966 2788 omnes
2008 2731 2063 2787 in

479 2827 679 2882 caelum
702 2826 1083 2897 protendentes
1109 2841 1302 2881 manus
1323 2820 1690 2896 precabantur
1723 2843 1735 2879 :
1766 2832 1883 2879 erat
1919 2823 2065 2900 enim

481 2918 569 2988 pia
617 2918 920 2974 commistaa
968 2917 1332 2973 multitudinis
1375 2925 1430 2972 et
1467 2916 1718 2971 sacrandi
1766 2914 2064 2971 sacerdotis

2180 456 2502 510 sacerdotali
2524 453 3086 529 cubiculario,sancta
3110 453 3467 507 committitur
3488 452 3755 510 Ecclesia.

2179 546 2283 623 Sed
2312 547 2430 602 lucc
2457 547 2649 623 copula
2671 553 2877 616 quanto
2906 530 3180 623 sanctior,
3213 552 3364 623 tanto
3391 547 3587 600 melior
3614 565 3626 600 :
3661 548 3756 602 illa

2176 621 2417 693 Sebolem
2449 620 2670 709 generat
2705 617 3129 699 carnalempista
3164 617 3471 705 adoptionis
3502 649 3757 705 procreat

2175 736 2420 785 sanctam
2450 729 2796 801 progeniem;
2828 728 2921 783 illa
2960 727 3348 797 corruptionis,
3390 726 3495 781 ista
3521 727 3755 799 virgini-

2174 823 2381 879 uitatis.
2435 821 2526 878 Sic
2563 823 2708 877 enim
2744 821 2821 876 ait
2846 820 3181 892 Apostolus:
3216 818 3483 889 Despondi
3520 836 3607 873 vos
3657 820 3755 874 uni

2174 913 2282 966 viro
2302 914 2552 983 virginem
2574 921 2779 965 castam
2803 910 3044 965 exhibere
3055 907 3265 965 Christo
3289 908 3378 982 (Il
3401 909 3507 964 Cor
3531 927 3610 977 XI,
3640 911 3752 981 12).

2172 1003 2267 1059 Illa
2293 1006 2347 1059 in
2371 1005 2557 1060 dolore
2599 1004 2739 1075 parit
2779 1002 2941 1069 ﬁlios,
2975 1002 3080 1057 ista
3125 1008 3355 1057 cantans
3391 1017 3458 1057 ex
3501 1017 3646 1071 aqua
3698 1012 3757 1057 et

2175 1094 2379 1166 Spiritu
2411 1103 2600 1149 sancto
2636 1092 2849 1150 renasci
2872 1091 3021 1148 facit.
3057 1090 3190 1163 Regi
3229 1090 3567 1147 Francorum
3597 1094 3758 1147 duci-

2171 1193 2262 1239 tur
2290 1183 2400 1239 fllia
2430 1185 2572 1255 regis
2603 1185 2822 1250 terreni,
2851 1184 3073 1239 domino
3095 1192 3283 1239 nostro
3311 1183 3587 1239 Lietbcrto
3615 1202 3757 1255 pne.

2173 1276 2278 1331 suli
2303 1276 2662 1332 committitur
2691 1265 2892 1348 sponsa
2923 1275 3085 1346 Regis
3104 1293 3318 1348 regum,
3341 1274 3571 1332 Christi.

2486 1373 2491 1378 ’
2760 1386 2989 1443 CAPUT
3025 1385 3168 1455 xxx.
3416 1372 3419 1373 ί

2264 1477 2363 1532 Ubi
2401 1476 2716 1534 Laudutmm
2743 1481 2949 1534 veniens
2978 1496 3097 1534 cum
3117 1480 3310 1534 honore
3342 1472 3658 1551 suscipitur.

2240 1568 2507 1625 Omnibus
2541 1571 2796 1640 peractis,
2841 1579 2893 1626 et
2937 1586 3037 1626 sua
3081 1570 3459 1645 benedictione
3494 1579 3551 1627 et
3600 1574 3754 1642 regis

2170 1663 2601 1729 consecratione,
2653 1664 2847 1733 repetit
2880 1663 2984 1718 iter
3021 1678 3133 1734 quo
3177 1672 3428 1730 venerat,
3474 1663 3757 1720 diverteris

2169 1755 2311 1825 apud
2364 1753 2691 1810 Laudunum
2751 1754 2972 1825 hospitii
3020 1755 3225 1825 gratia;
3288 1755 3758 1837 praecurrentibps

2168 1846 2374 1903 nuntiis
2403 1848 2632 1903 audiunt
2660 1847 2987 1913 venientem,
3017 1845 3253 1918 gaudent
3276 1861 3490 1912 omnes,
3511 1846 3757 1902 exsultat

2168 1944 2381 2011 civitas,
2414 1950 2711 2000 coronatur
2748 1942 3000 2010 ecclesia,
3031 1954 3182 1998 more
3207 1941 3582 1998 ecclesiastico
3622 1957 3756 2011 pro-

2169 2036 2365 2091 cedunt
2418 2049 2610 2090 omnes
2649 2033 2908 2090 obviam:
2942 2040 3258 2103 susceptum
3301 2031 3510 2086 ducunt
3556 2031 3626 2086 ad
3658 2047 3756 2086 ec-

2169 2125 2414 2193 clesiam,
2440 2124 2798 2196 perfruuntur
2830 2124 2950 2194 ejus
2976 2123 3370 2188 benedictione,
3396 2138 3559 2192 quam
3606 2137 3752 2192 prae—

2167 2214 2353 2271 ferunt
2404 2215 2557 2271 omni
2599 2230 2736 2271 auro
2782 2222 2837 2270 et
2880 2213 3046 2285 lapidi
3077 2213 3315 2284 pretioso
3357 2229 3483 2268 cum
3532 2228 3752 2269 summ

2166 2307 2473 2365 devotione.
2703 2310 2707 2314 ’

2745 2418 2975 2476 CAPUT
3013 2419 3180 2475 XXII.

2173 2533 2272 2589 Ubi
2298 2534 2362 2589 ab
2397 2534 2522 2589 urbe
2554 2533 2773 2604 propria
2800 2549 2920 2588 cum
2938 2530 3132 2588 latitia
3151 2541 3203 2588 et
3231 2532 3403 2606 gloria
3434 2533 3743 2603 suscipitur.

2239 2665 2407 2721 Fama
2462 2667 2654 2723 volans
2710 2666 2876 2722 celeri
2944 2681 3107 2722 cursu
3136 2707 3153 2735 ,
3216 2678 3440 2720 rumore
3503 2665 3746 2722 secundo

2167 2759 2383 2813 nuntiat
2432 2756 2920 2814 Cameracensibus
2970 2774 3094 2815 cum
3140 2756 3312 2829 gloria
3353 2755 3748 2811 benedictionis

2167 2849 2462 2914 antistitem
2487 2865 2647 2904 suum
2683 2849 2891 2904 venire.
2925 2845 3130 2904 Omnes
3153 2848 3554 2914 exhilarautur,
3584 2849 3746 2918 juve—

2168 2955 2265 2994 nes
2295 2948 2349 2993 ct
2379 2940 2641 3011 virgines,
2686 2956 2844 2994 senes
2888 2955 3013 2995 cum
3053 2939 3387 3010 junioribus,
3432 2946 3748 3009 quantoque

481 3010 537 3064 in
566 3010 816 3091 oratione
845 3011 1006 3082 positi
1038 3010 1400 3081 exspectatio;
1442 3016 1497 3064 et
1530 3009 1587 3063 hi
1628 3008 1847 3079 quidem
1871 3022 2063 3063 omnes

2168 3038 2346 3102 potest
2379 3008 2636 3101 tripudiat
2663 3031 2861 3101 gaudio
2892 3008 3074 3085 omnis
3107 3038 3263 3097 aetas,
3295 3008 3512 3100 uterqr-
3554 3045 3743 3085 sexus.

481 3110 542 3155 ut
590 3102 709 3157 haec
736 3104 1092 3182 consecratio
1138 3103 1555 3159 conﬁrmaretur
1598 3102 1923 3157 invocabant
1954 3099 2062 3155 Do-

482 3193 733 3248 minum:
771 3195 1112 3265 metropolita
1153 3194 1295 3249 vero
1325 3201 1440 3249 toto
1471 3193 1668 3249 mentis
1703 3192 1895 3248 aﬁ'ectu
1937 3207 2066 3262 pro-

480 3283 686 3341 ferebat
708 3270 982 3343 orationes
1006 3302 1248 3357 precum.
1286 3284 1425 3343 Huic
1449 3285 1850 3342 eonsecrationi
1884 3286 2063 3355 palam

478 3386 820 3433 contestatur
874 3380 1066 3451 gratia.
1125 3377 1262 3437 Nam
1330 3380 1459 3438 dum
1520 3388 1834 3435 sanctorum
1893 3377 2063 3433 codex

477 3470 722 3537 aperitur
768 3469 1221 3545 AEvangeliorum,
1273 3472 1571 3545 expetitum
1625 3478 1712 3525 est
1761 3469 1906 3541 quod
1937 3468 2059 3523 ait:

485 3558 589 3611 Hic
628 3567 704 3612 est
745 3557 920 3613 Filius
962 3577 1105 3614 meus
1131 3562 1186 3614 in
1217 3577 1318 3632 quo
1352 3560 1479 3614 mihi
1507 3559 1802 3629 complacui
1841 3557 2058 3631 (Matth.

483 3666 623 3716 xvii,
667 3650 745 3720 5),
789 3650 1063 3705 delibutus
1086 3650 1209 3705 oleo
1243 3650 1444 3706 laetitiae
1465 3658 1519 3705 et
1547 3650 1951 3714 exsultationis,
1985 3648 2066 3702 in-

483 3741 795 3811 fulatusque
818 3741 1221 3811 pontiﬁcalibus
1251 3741 1608 3807 indumentis,
1639 3741 1876 3795 donatus
1909 3725 2063 3793 insu;

481 3847 578 3901 per
617 3831 891 3901 episc0pio
920 3831 1325 3886 Cameracensi.
1356 3830 1742 3886 Benedictione
1768 3831 2060 3900 completa,

481 3937 658 3980 novus
694 3923 984 3993 episeOpus
1025 3923 1192 3978 intrat
1231 3922 1503 3979 celebrare
1538 3929 1889 3979 sacrosancta
1924 3922 2060 3980 mis-

483 4028 671 4070 sarum
697 4014 979 4073 solemnia.
1539 4021 1544 4026 ’

1063 4104 1292 4161 CAPUT
1329 4104 1469 4160 XIX.

513 4192 671 4260 Quod
717 4197 773 4250 in
816 4197 995 4251 eodem
1041 4206 1291 4251 concentu
1326 4198 1461 4267 regis
1515 4195 1843 4251 Francorum
1887 4213 2025 4253 uxor

584 4270 588 4279 '
650 4267 665 4287 ⁸
863 4268 1178 4338 desponsata
1203 4276 1250 4321 et
1277 4276 1528 4321 coronata
1550 4268 1675 4336 fuit.

548 4354 797 4428 Regnum
838 4357 1175 4413 Francorum
1224 4374 1317 4413 rex
1368 4359 1587 4431 regebat
1631 4357 1930 4427 Henricus,
1974 4360 2058 4415 vir

478 4447 648 4503 armis
681 4456 955 4515 strenuus,
995 4458 1050 4504 et
1080 4464 1247 4521 regno
1279 4451 1426 4525 quod
1463 4451 1687 4505 tenebat
1716 4452 1933 4523 dignus,
1960 4452 2054 4523 qui

470 4538 700 4608 juvenili
723 4538 925 4595 ﬂorens
954 4542 1338 4598 aetate‘nullius
1361 4542 1540 4598 adhuc
1569 4544 1776 4613 c0pulae
1814 4546 2058 4601 subierat

472 4630 839 4697 connubium;
868 4631 961 4686 sed
983 4630 1311 4687 Rusciorum
1338 4636 1512 4705 gentis
1534 4635 1679 4706 regis
1700 4635 1864 4690 ﬁliam
1883 4634 2057 4692 Fran-

470 4735 665 4775 corum
702 4719 959 4775 nobilitas
985 4721 1034 4775 ei
1068 4722 1312 4791 parabat.
1358 4723 1601 4779 Audiens
1636 4722 2054 4782 Cameracensis

472 4810 715 4882 episcopi
761 4809 1230 4867 consecrationem
1273 4811 1535 4879 futuram,
1575 4815 1836 4883 quoniam
1868 4816 2053 4872 videre

471 4900 651 4955 virum
696 4900 787 4957 diu
829 4910 1226 4972 peroptaverat,
1262 4903 1528 4971 interfuit,
1568 4911 1793 4961 acturus
1835 4921 2056 4977 quoque

472 4992 561 5047 sui
586 4992 785 5063 negotii
807 5008 1057 5059 causam,
1091 4994 1245 5064 petiit
1275 5002 1334 5049 ut
1359 5010 1559 5065 sponsa
1590 5011 1712 5065 quae
1746 4997 1850 5052 sibi
1890 5014 2056 5068 para-

472 5082 634 5137 batur
680 5085 733 5138 in
764 5084 954 5138 eodem
999 5094 1269 5140 conventu
1301 5086 1732 5153 benediceretur,
1778 5088 2056 5158 regalique

472 5162 884 5226 consecratione
915 5172 1118 5243 pariter
1146 5174 1520 5245 insigniretur.
1552 5173 1691 5230 Huic
1730 5176 1891 5246 regiae
1918 5190 2055 5230 con—

472 5261 763 5315 secrationi
793 5263 1050 5320 dominus
1088 5274 1276 5321 noster
1304 5264 1610 5321 Lietbertus
1636 5266 1930 5338 episcopusL
1968 5266 2055 5321 in-

2165 3122 2332 3178 Adest
2365 3122 2456 3176 illa
2482 3122 2597 3177 dies
2633 3122 2783 3176 omni
2825 3122 2914 3177 die
2943 3121 3206 3188 sanctior,
3250 3121 3304 3177 in
3350 3137 3459 3192 qua
3485 3120 3748 3176 Camera-

2165 3230 2292 3268 cum
2321 3214 2561 3269 obtinere
2586 3213 2786 3270 meruit
2826 3213 2932 3273 sibi
2959 3229 3193 3284 praeesse
3237 3212 3570 3275 Lietbertum
3601 3230 3745 3284 pra:-

2165 3306 2357 3360 sulem.
2391 3304 2540 3360 Felix
2570 3304 2658 3360 ille
2683 3306 2821 3372 dies,
2850 3306 2905 3360 in
2933 3320 3043 3376 quo
3064 3304 3479 3361 Cameracensis
3500 3304 3747 3362 Ecclesia

2165 3397 2405 3466 suscepit
2442 3398 2782 3468 episcopum,
2827 3397 2922 3468 qui
2972 3413 3092 3452 sese
3139 3396 3373 3452 formam
3415 3397 3648 3467 justitize
3692 3408 3748 3457 et

2163 3488 2408 3545 veritatis
2448 3489 2706 3545 erunibus
2738 3488 2970 3560 praebuit
3013 3499 3068 3544 et
3107 3490 3449 3560 exemplum!
3490 3489 3622 3545 felix
3655 3490 3746 3545 in-

2163 3595 2328 3649 quam
2357 3580 2494 3646 dies,
2525 3580 2578 3635 in
2605 3596 2717 3651 quo
2758 3579 3069 3636 Lietbertus
3110 3580 3336 3636 libertas
3362 3580 3580 3652 publica
3610 3597 3745 3652 pos-

2163 3670 2301 3726 sidet
2336 3670 2715 3737 Cameracum,
2748 3671 3073 3726 liberaturus
3101 3671 3310 3747 plebem
3351 3671 3454 3727 sibi
3482 3673 3741 3727 commis-

2163 3776 2280 3816 sam
2304 3762 2369 3818 dc
2398 3762 2541 3819 fastu
2573 3762 2932 3832 superborum
2979 3773 3033 3818 et
3076 3762 3228 3817 rabie
3253 3771 3611 3835 tyrannorum
3639 3765 3666 3830 Ξ,
3696 3762 3765 3817 0.

2162 3853 2289 3909 felix
2318 3853 2537 3923 festum,
2576 3854 2808 3926 festique
2836 3854 2943 3909 diei
2971 3854 3253 3926 gaudium,
3285 3854 3341 3908 in
3381 3869 3492 3925 quo
3525 3863 3742 3909 mortua

2164 3945 2423 4002 nobilitas
2456 3945 2754 4010 reriviscit,
2784 3945 3055 4015 captivata
3081 3944 3302 4000 libertas
3332 3945 3400 3999 ad
3433 3944 3739 4001 libertatem

2162 4038 2326 4092 redit!
2368 4038 2515 4094 hunc
2564 4036 2708 4092 diem
2743 4052 2948 4091 annum
2974 4036 3256 4107 jubilaeum
3303 4035 3557 4103 dixerim,
3611 4053 3739 4091 cum

2165 4130 2364 4199 cuique
2389 4129 2513 4199 jura
2549 4144 2647 4184 sua
2681 4128 3061 4183 restituuntur.
3110 4126 3264 4184 Tunc
3304 4143 3589 4197 possessor
3617 4144 3738 4182 ma-

2161 4218 2392 4291 gniﬁcus
2422 4234 2578 4275 suam
2622 4218 2833 4274 intrans
2869 4218 3168 4291 civitatem,
3196 4229 3251 4273 et
3277 4225 3569 4289 susceptus
3610 4234 3737 4273 cum

2161 4310 2367 4363 honore
2402 4294 2465 4362 et.
2502 4294 2800 4363 reverentia
2830 4308 2998 4385 vadit
3047 4308 3116 4364 ad
3173 4308 3463 4389 ecclesiam
3510 4322 3737 4365 suarum

2090 4410 2131 4465 ι)
2160 4399 2343 4456 ovium
2372 4414 2566 4469 magna
2595 4397 2828 4469 stipante
2853 4405 3089 4453 caterva.

2719 4530 2948 4587 CAPUT
2982 4526 3168 4586 XXIII.

2162 4668 2315 4733 Quod
2343 4667 2525 4722 eadem
2552 4667 2636 4720 die
2660 4683 2817 4737 orans
2845 4669 2901 4721 in
2936 4667 3157 4721 ecclesia
3178 4682 3356 4721 omnes
3383 4667 3453 4720 ad
3485 4667 3732 4737 a/j'ectum

2634 4736 2924 4791 devotionis
2953 4736 3249 4792 commovit.
3747 4750 3751 4754 ’

2227 4870 2375 4938 Quas
2399 4869 2474 4925 ibi
2495 4884 2705 4940 preces,
2732 4885 2871 4940 quas
2896 4868 3096 4924 fuderit
3129 4868 3424 4940 lacrymas,
3459 4883 3583 4939 qua
3612 4884 3732 4925 cor-

2155 4961 2240 5016 dis
2269 4960 2503 5031 puritate
2538 4959 2763 5015 traxerit
2788 4958 3042 5028 suspiria,
3073 4957 3229 5013 testis
3256 4967 3342 5013 est
3366 4956 3603 5027 Spiritus
3637 4959 3730 5027 qui

2157 5057 2432 5105 scrutatur
2462 5049 2666 5103 omnia.
2711 5044 3085 5116 Orabattanta
3114 5045 3210 5101 Dei
3232 5046 3405 5116 gratia
3435 5046 3646 5116 plenus,
3673 5052 3729 5097 ut

2155 5139 2403 5193 omnium
2435 5138 2623 5209 oculos
2652 5137 2707 5192 in
2732 5152 2790 5191 se
2814 5143 3173 5201 converteret,
3212 5142 3377 5205 atque
3400 5136 3465 5189 ad
3488 5134 3729 5189 devotio-

2157 5229 2244 5283 nis
2269 5227 2520 5283 aﬁ'ectum
2550 5225 3091 5296 compunctionisque
3130 5226 3364 5296 gratiam
3395 5211 3561 5280 corda
3607 5240 3723 5278 mo-

2660 5318 2950 5340 _I.I2------._.
2984 5334 3003 5340 Α
3038 5319 3193 5340 1.....Δ
3228 5326 3457 5340 ,ΛΑ-ιΑῌ
3510 5324 3698 5340 -Α-ι..η‹.

2281 5330 2295 5340 ι
2347 5318 2572 5340 Π--ι---,
2605 5318 2950 5340 ..__I.I2------._.
2984 5334 3003 5340 Α
3038 5319 3193 5340 1.....Δ
3228 5326 3270 5340 ,ι

3281 5326 3457 5340 Α-ιΑῌ
3510 5326 3668 5340 -Αρίιι
