4022 5340
244 289 379 350 “Gl
1264 310 1271 315 '

804 379 1031 437 CAPUT
1072 379 1259 448 XXIV,

354 471 509 538 Quod
524 474 645 542 post
670 474 959 526 orationem
986 473 1215 527 verbum.
1231 472 1355 542 fecit
1384 474 1453 525 ad
1473 473 1724 542 populum

313 563 599 635 Completa
648 564 899 620 oratione
952 580 1252 620 conversus
1291 565 1359 620 ad
1410 565 1831 621 circumstantes

246 667 346 725 pro
372 660 621 723 tempore
652 668 826 724 pauca
862 653 1078 708 locutus
1105 665 1187 709 εει
1223 674 1235 708 :

327 761 346 794 ι
381 741 582 798 Hortor
631 743 749 810 vos,
776 743 1029 799 homines
1076 752 1131 798 et
1174 743 1408 814 proximi
1462 743 1589 811 mei,
1638 760 1833 816 meque

253 854 275 887 ε
302 835 489 911 ipsum
514 835 708 892 hortor
724 835 1033 902 vobiscum,
1064 843 1125 890 ut
1145 837 1211 891 ad
1236 837 1288 891 id
1310 837 1420 906 quo
1446 853 1546 892 nos
1572 835 1716 894 Deus
1736 853 1835 909 per

254 948 275 979 ι
307 928 629 998 sapientiam
674 929 944 995 hortatur,
987 937 1190 999 quanta
1229 945 1524 1000 possumus
1561 928 1835 985 celeritate

257 1036 277 1069 ι
309 1032 601 1072 curramus
646 1037 659 1072 :
712 1034 822 1072 non
872 1018 1163 1089 diligamus
1224 1019 1508 1084 mundum,
1575 1020 1834 1090 quoniam

256 1125 276 1157 δ
309 1107 494 1163 omnia
517 1117 647 1165 sunt
668 1109 1109 1179 concupiscentia
1133 1110 1335 1175 carnis,
1362 1118 1415 1165 et
1440 1090 1836 1181 concupiscen-

255 1220 279 1253 ε
309 1202 381 1255 tia
407 1200 716 1270 oculorum,
746 1210 800 1257 et
821 1202 1049 1257 ambitio
1074 1202 1256 1257 saeculi
1286 1199 1466 1273 (Joan.
1503 1184 1563 1270 tr,
1595 1203 1717 1274 16);
1743 1202 1837 1274 qui

259 1309 281 1342 ι
309 1290 457 1346 enim
505 1291 680 1363 magis
731 1301 916 1347 amant
954 1293 1032 1347 ire
1087 1307 1268 1363 quam.
1300 1293 1497 1358 redire,
1525 1293 1577 1347 ia
1617 1293 1837 1364 longin-

258 1402 279 1435 ι
310 1383 505 1453 quiora
539 1384 787 1439 mittendi
823 1393 971 1451 sunt,
1010 1385 1270 1455 quoni:m
1309 1401 1438 1439 caro
1466 1394 1593 1440 sunt
1626 1395 1680 1441 et
1712 1402 1839 1456 spes

258 1496 279 1528 ι
310 1475 602 1555 ambulans
643 1487 696 1532 et
737 1493 847 1531 non
892 1477 1147 1533 rediens:
1179 1477 1275 1547 qui
1309 1493 1439 1531 vero
1483 1477 1621 1531 bene
1666 1460 1843 1531 utimr.

259 1588 279 1619 ι
315 1568 399 1622 vel
428 1568 564 1637 ipsis
588 1569 830 1639 quinque
854 1569 1106 1624 sensibus
1130 1567 1377 1638 corporis
1403 1567 1470 1622 ad
1498 1564 1761 1621 credenda
1787 1576 1841 1621 et

259 1679 279 1712 ι
309 1658 654 1729 praedicanda
680 1638 847 1729 opera
892 1658 1009 1726 Dei,
1054 1668 1108 1714 et
1137 1658 1483 1726 nutriendam
1514 1638 1843 1714 charitatem‘

1790 292 1971 350 “TA.

1857 394 1899 448 Α
1929 384 2099 439 David
2128 399 2249 455 qum
2270 383 2533 439 aedificata
2555 390 2638 438 est
2662 397 2788 439 eum
2812 380 3260 453 propugnaculis,
3300 379 3369 435 de
3407 396 3519 449 qua

3378 284 3517 343 ma

1932 473 2167 544 pendent
2190 474 2338 528 mille
2359 473 2555 545 clypei,
2592 471 2645 526 id
2675 480 2760 527 est
2785 471 2966 537 omnis
2996 478 3272 525 armatura
3294 468 3518 526 fortium

1931 565 2193 620 adversus
2224 563 2566 635 principatus
2589 570 2645 618 et
2683 568 3000 631 potestates,
3032 561 3295 615 adversus
3326 557 3519 614 mundi

1933 660 2173 708 rectores
2217 649 2568 706 tenebrarum
2610 649 2841 715 harum;
2882 656 3073 703 contra
3115 647 3380 716 spiritalia
3422 661 3520 701 ne-

1931 743 2118 813 quitia:
2142 741 2197 796 in
2219 741 2535 797 caelestibus
2562 740 2858 795 constituta
2883 738 2938 793 in
2962 738 3192 804 Libano,
3214 746 3269 793 et
3296 737 3523 808 respicit

1934 842 2122 888 contra
2163 830 2511 898 Damascum,
2557 828 2879 885 discernens
2902 830 3046 887 inter
3075 828 3281 883 bonum
3303 834 3359 882 et
3402 841 3524 881 ma.

1934 925 2070 991 lum,
2104 940 2173 979 ne
2201 941 2261 980 se
2298 924 2559 995 ignorans
2585 920 2962 993 ingrederetur
2994 929 3047 974 et
3067 919 3245 975 abiret
3276 927 3401 991 post
3429 932 3527 975 vo.
3566 952 3567 955 η

1935 1016 2094 1087 stigia
2117 1030 2340 1087 gregum
2372 1028 2604 1084 pascens
2633 1012 2818 1067 haedos
2836 1011 2993 1081 juxta
3027 1009 3377 1064 tabernacula
3420 1024 3520 1078 pa-

1936 1119 2170 1165 storum.
2623 1167 2626 1172 _
3134 1158 3139 1161 _
3358 1156 3361 1159 η
3550 1092 3555 1097 ’

1945 1192 1952 1203 ’
2010 1200 2301 1257 Studiosus
2322 1198 2517 1253 divinae
2541 1196 2676 1268 legis
2702 1193 2945 1267 pontifex
2974 1196 3281 1267 exemplum
3305 1210 3421 1249 suis
3450 1194 3527 1250 ita

1938 1292 2171 1359 vivebat,
2203 1299 2264 1346 ut
2309 1289 2378 1345 ab
2404 1287 2731 1343 immodeste
2754 1287 3002 1358 corporis
3042 1287 3190 1343 cultu
3217 1295 3272 1341 et
3301 1294 3523 1347 ornatu,

1939 1388 2009 1463 ab
2038 1387 2294 1441 inanibus
2342 1382 2575 1454 negotiis
2605 1380 2892 1447 ludorum,
2941 1395 2972 1435 a
3003 1387 3225 1450 torpore
3260 1377 3438 1432 somni
3465 1385 3523 1432 et

1942 1476 2199 1550 pigritiae,
2227 1477 2297 1531 ab
2325 1474 2696 1541 aemulatione,
2720 1470 3135 1536 obtrectatione,
3168 1468 3372 1523 invidia
3394 1510 3408 1533 ,
3451 1466 3522 1521 ab

1940 1570 2115 1640 ipsius
2141 1569 2306 1624 etiam
2346 1566 2526 1621 laudis
2554 1562 2847 1619 immodica
2871 1560 3167 1632 cupiditate
3200 1574 3259 1614 se
3280 1557 3529 1613 abstine-

1940 1672 2025 1719 ret
2049 1682 2062 1718 :
2093 1677 2335 1718 amorem
2365 1674 2496 1715 vero
2524 1658 2768 1730 pecunia:
2797 1656 2965 1711 totius
3001 1669 3113 1710 suae
3138 1653 3253 1725 spei
3281 1650 3528 1709 certissi-

260 1768 279 1801 ι
310 1748 507 1819 ἱρςὶιιε,
542 1749 627 1803 vel
663 1749 876 1804 actione
898 1750 983 1804 vel
1009 1749 1321 1824 cognitione
1345 1748 1413 1803 ad
1441 1747 1832 1819 pacificandatn
1865 1761 1908 1819 Β
1936 1771 2088 1811 mum
2138 1753 2393 1811 credebat
2428 1767 2551 1808 esse
2579 1749 2789 1823 [supple
2835 1746 3256 1812 detrimentum,
3300 1744 3380 1799 vel
3402 1746 3530 1816 quid
3559 1810 3563 1819 '

259 1861 279 1891 ι
311 1848 563 1895 naturam
609 1855 765 1896 suam
793 1851 847 1896 et
892 1841 1332 1913 cognoscendum
1355 1840 1550 1909 Deum,
1582 1842 1750 1896 intrat
1781 1841 1834 1895 in

259 1952 279 1983 ι
309 1932 566 2004 gaudium
597 1931 816 1987 Domini
861 1934 977 2001 sui;
1023 1942 1311 2005 propterea
1360 1935 1647 2001 talentum,
1692 1932 1839 2004 quod

261 2042 281 2075 ι
312 2023 452 2078 male
477 2023 653 2078 utenti
698 2023 966 2091 aufertur,
1010 2024 1087 2079 illi
1118 2025 1280 2080 datur
1304 2026 1398 2096 qui
1427 2025 1646 2081 talentis
1674 2025 1839 2095 quin-

260 2132 281 2165 ι
308 2128 417 2183 que
450 2114 590 2169 bene
634 2130 770 2170 usus
819 2123 937 2181 est;
991 2130 1099 2170 non
1144 2115 1273 2185 quia
1324 2115 1616 2171 transferri
1662 2123 1842 2185 potest

260 2223 284 2257 ‹
314 2214 545 2261 acumen
579 2206 948 2277 intelligentis.
973 2206 1069 2262 sed
1094 2207 1166 2261 ita
1190 2205 1553 2278 significatum
1577 2215 1661 2261 est
1680 2220 1843 2277 posse

263 2313 283 2345 ι
315 2294 421 2350 hoc
434 2294 685 2350 amittere
702 2295 1034 2366 negligentes
1053 2304 1110 2351 et
1138 2296 1336 2367 impios
1359 2296 1675 2368 ingeniosos
1695 2304 1751 2351 et
1768 2294 1842 2350 ad

264 2404 285 2437 ι
313 2400 433 2441 eam
465 2385 751 2456 pervenire
790 2385 1075 2458 diligentes
1104 2394 1160 2442 et
1196 2387 1336 2457 pios,
1359 2385 1610 2457 quamvis
1629 2374 1845 2457 ingenio

265 2497 286 2530 ι
314 2478 604 2534 tardiores.
622 2478 740 2534 Non
756 2479 901 2533 enim
925 2479 1111 2535 datum
1125 2488 1208 2535 est
1228 2481 1277 2535 ei
1295 2481 1388 2551 qui
1404 2480 1514 2535 duo
1537 2490 1841 2550 acceperat,

265 2589 287 2622 ‹
318 2571 482 2626 habet
508 2572 654 2626 enim
681 2588 747 2628 ex
781 2571 887 2627 hoc
917 2573 1043 2643 quia
1066 2572 1183 2643 jam
1208 2573 1425 2629 actione
1454 2582 1507 2628 et
1535 2573 1846 2645 cognitione

267 2680 289 2714 ι
316 2663 456 2718 bene
484 2664 638 2729 vivit,
682 2664 777 2719 sed
804 2664 851 2718 ei
877 2664 971 2735 qui
997 2673 1278 2734 acceperat
1298 2666 1575 2736 quinque;
1600 2664 1845 2720 nondum

267 2771 288 2806 ς
317 2753 463 2808 enim
494 2753 656 2809 habet
685 2754 750 2809 ad
783 2761 984 2809 aeterna
1026 2755 1458 2825 contemplanda,
1499 2754 1593 2826 qui
1622 2754 1849 2812 visibili-

267 2865 289 2898 ι
318 2845 422 2901 bus
456 2854 690 2913 tantum,
731 2847 784 2901 id
807 2857 890 2901 est
934 2847 1343 2917 temporalibus,
1376 2848 1579 2915 credit;
1611 2850 1704 2905 sed
1746 2850 1848 2904 ha-

270 2956 291 2990 c
320 2938 449 2993 bere
477 2946 657 3008 potest
692 2941 784 3008 qni
815 2938 1015 2992 borum
1047 2937 1295 2992 omnium
1335 2938 1632 2993 visibilium
1676 2938 1846 2992 Deum

270 3050 291 3081 ι
322 3030 584 3085 artificem
619 3030 823 3095 laudat,
849 3038 903 3085 et
929 3029 1147 3099 quidem
1181 3027 1473 3099 persuadet
1503 3028 1627 3095 fide,
1655 3045 1850 3098 exspe-

1939 1844 2157 1918 simile].
2189 1844 2335 1899 Nihil
2381 1842 2614 1898 faciebat
2648 1839 3042 1912 imprudenter,
3065 1837 3202 1891 nihil
3226 1836 3484 1892 audacter
3512 1854 3529 1866 ι

1941 1939 1996 1993 in
2027 1935 2266 2008 peccatis
2288 1943 2471 1989 autem
2502 1946 2731 1988 suorum
2752 1930 2839 1984 vel
2860 1928 3092 2000 pellebat
3108 1926 3345 1997 .omnino
3367 1926 3531 1993 iram,

1941 2030 2025 2084 vel
2064 2029 2138 2083 ita
2189 2024 2437 2081 frenabat
2462 2014 2535 2079 ‘ut
2572 2031 2718 2078 esset
2747 2020 3159 2093 pulsae‘similis.
3206 2018 3541 2089 Magnopero.

1942 2120 2268 2178 observabat
2292 2133 2416 2173 cum
2445 2114 2777 2182 vindicabat,
2808 2129 2877 2168 ne
2921 2110 3182 2178 nimium;
3210 2125 3337 2166 cum
3370 2109 3528 2180 igno-

1944 2214 2162 2279 scebat,
2190 2225 2259 2265 ne
2288 2224 2514 2280 parum;
2540 2207 2677 2262 nihil
2708 2206 2968 2276 puniebat
3001 2203 3149 2274 quod
3192 2216 3302 2256 non
3330 2200 3543 2255 valeret.

1943 2305 2011 2359 ad
2038 2303 2254 2369 melius,
2282 2301 2417 2355 nihil
2439 2299 2757 2370 indulgebat
2775 2296 2921 2367 quod
2948 2286 3251 2351 verteretur
3272 2291 3327 2348 in
3350 2293 3547 2363 pejus,

1945 2395 2095 2463 Quos
2135 2393 2229 2467 [[2,
2259 2391 2413 2464 suos]
2446 2391 2675 2463 putabat
2701 2388 2975 2453 dominps,
3010 2387 3064 2441 in
3114 2400 3256 2458 quos
3288 2392 3548 2456 potestas.

1947 2489 2051 2543 sibi
2089 2487 2218 2544 data
2247 2483 2458 2550 fuerat,
2482 2483 2563 2538 eis
2592 2483 2665 2537 ita
2702 2480 2992 2547 serviebat,
3018 2486 3079 2532 ut
3105 2493 3233 2532 eum
3261 2475 3545 2532 dominari

1946 2578 2199 2649 puderet;
2231 2576 2307 2632 ita
2340 2574 2747 2639 dominabatur,
2768 2581 2825 2627 ut
2852 2587 2949 2627 eos
2979 2570 3185 2626 servire
3218 2558 3543 2624 delectaret-

1949 2669 2005 2725 ln
2050 2670 2353 2725 alienorum
2396 2667 2635 2738 peccatis
2689 2664 2956 2719 molestus
2998 2676 3108 2716 non
3158 2667 3278 2715 erat
3322 2660 3529 2714 invitis.

1948 2760 2263 2816 Inimicitias
2315 2758 2524 2814 vitabat
2565 2755 2910 2820 cautissime,
2941 2750 3149 2807 ferebat
3196 2748 3533 2819 aequissime,

1952 2853 2170 2908 finiebat
2198 2850 2491 2917 citissime;
2532 2852 2589 2903 in
2625 2847 2776 2903 omni
2821 2851 3079 2901 contactu
3102 2840 3197 2914 [[2,
3224 2836 3534 2911 contractu]

1951 2952 2115 3016 atque
2144 2942 2561 2999 conversatione
2591 2955 2716 2995 cum
2746 2936 3065 2994 hominibus
3102 2933 3390 3003 diligenter
3417 2945 3536 2985 ser-

1952 3036 2113 3090 vabat
2136 3035 2267 3090 illud
2288 3035 2512 3105 vulgare
2533 3030 2908 3102 proverbium:
2931 3046 2949 3079 ι
2968 3024 3181 3081 Nemini
3205 3021 3373 3078 facias
3387 3021 3557 3105 quod,

271 3141 291 3173 ι
323 3130 434 3178 ctat
464 3136 561 3193 spe
586 3131 641 3177 et
660 3122 858 3193 quaerit
892 3121 1176 3177 cbaritate.
1219 3118 1322 3186 Qui
1357 3135 1489 3175 vero
1517 3121 1657 3174 male
1689 3128 1851 3173 utun-
1878 3130 1923 3190 α
1952 3126 2065 3194 pati
2094 3140 2200 3178 non
2231 3125 2335 3180 vis.
2376 3102 2409 3175 »θ
2425 3123 2485 3177 1n
2513 3122 2666 3178 omni
2718 3121 2861 3185 loco,
2891 3127 3155 3189 tempore,
3193 3102 3401 3169 amicos
3437 3119 3533 3167 aut

274 3234 294 3267 ι
326 3223 415 3269 tur
442 3222 598 3270 tanto
625 3214 823 3269 mentis
852 3214 1018 3279 bono,
1043 3213 1319 3268 dabuntur
1342 3212 1422 3267 eis
1442 3211 1738 3266 exteriores
1770 3219 1850 3263 te.-

275 3329 294 3360 ι
325 3307 535 3374 tnebrae;
568 3316 622 3362 et
652 3308 757 3363 hoc
798 3306 1106 3379 significare
1153 3304 1389 3359 arbitror
1428 3303 1575 3374 quod
1613 3302 1851 3373 ligantur

278 3422 296 3452 ι
324 3402 403 3457 eis
428 3417 626 3456 manus
648 3407 701 3455 et
726 3398 911 3470 pedes,
942 3397 994 3451 id
1026 3405 1111 3452 est
1145 3395 1378 3452 facilitas
1403 3394 1581 3449 omnis
1608 3393 1853 3447 aufert-ir

277 3513 297 3544 ‹
331 3492 610 3564 operandi.
667 3490 780 3546 Hoc
808 3491 952 3546 enim
977 3488 1030 3543 in
1072 3488 1153 3543 eis
1201 3486 1512 3557 perficietur
1552 3493 1677 3555 post
1711 3476 1881 3539 hanc

279 3595 304 3638 4‘
331 3587 522 3651 vitam,
545 3583 691 3656 quod
720 3584 774 3637 in
804 3584 909 3637 hac
944 3581 1053 3634 vita
1092 3580 1214 3649 plus
1236 3577 1486 3649 diligunt.
1515 3576 1620 3630 Sed
1647 3576 1692 3630 si
1716 3592 1851 3631 con-

281 3696 301 3728 ‹
333 3676 620 3732 cordemus
648 3688 772 3729 cum
815 3668 1149 3734 adversario,
1199 3668 1328 3722 dum
1366 3682 1558 3743 sumus
1600 3681 1725 3721 cum
1760 3664 1855 3717 illo

282 3789 301 3820 θ
329 3768 384 3823 in
411 3768 522 3833 via,
544 3765 798 3820 liberabit
827 3779 929 3819 nos
957 3763 1024 3817 de
1054 3748 1281 3831 corpdre
1303 3757 1498 3813 mortis
1522 3757 1686 3827 hujus
1728 3772 1856 3828 gra-

284 3884 304 3916 ι
335 3863 407 3918 tia
444 3861 540 3917 Dei
562 3874 657 3932 per
676 3857 861 3915 Iesum
896 3857 1176 3912 Christum
1211 3854 1500 3909 Dominum
1532 3861 1803 3909 nostrum.
1832 3872 1849 3903 ι

350 3954 466 4011 Hac
484 3963 539 4010 et
559 3953 723 4010 simili
765 3949 1134 4019 sanctiorique
1181 3954 1457 4002 recreatos
1487 3936 1859 4000 admonitione

283 4066 493 4107 necnon
517 4048 885 4105 sanetilicatos
907 4030 1204 4117 pontificali
1239 4042 1616 4098 benedictione
1638 4040 1861 4095 dimi’tit

281 4139 351 4194 ad
383 4136 623 4209 propria.

422 4228 684 4303 Egregius
706 4242 891 4283 mores
915 4226 1111 4281 exhinc
1139 4223 1429 4292 carnisque
1449 4221 1667 4275 labores

316 4318 321 4323 ’
422 4322 677 4379 Dicemus
701 4326 948 4391 prompte
971 4316 1202 4371 Domino
1236 4315 1454 4383 vitaque
1473 4312 1705 4366 volente.

852 4420 1084 4487 CAPUT
1124 4424 1289 4483 XXV.

385 4528 614 4596 Qualem
643 4527 708 4599 :se
758 4526 813 4579 in
863 4524 1186 4599 episcopatu
1232 4520 1383 4575 verba
1427 4526 1477 4572 et
1522 4514 1759 4586 exemplo

916 4592 1229 4648 exhibuerit.

356 4691 701 4749 Constitutus
734 4690 790 4744 in
820 4688 949 4745 sede
974 4683 1272 4757 pontiﬁcali
1307 4681 1485 4753 qualis
1519 4688 1867 4749 quantusque

286 4786 484 4844 vixerit
534 4781 773 4839 scribere
810 4780 1028 4853 quidem
1061 4793 1171 4833 non
1223 4774 1342 4846 opis
1384 4780 1585 4829 nostrze
1617 4780 1722 4837 est,
1769 4769 1864 4825 scd

287 4881 406 4950 ejus
430 4878 526 4949 qui
549 4877 645 4932 dat
686 4875 988 4937 allluenter,
1019 4878 1074 4925 et
1095 4884 1220 4925 cum
1256 4866 1463 4922 dederit
1507 4879 1619 4920 non
1664 4864 1867 4933 impro-

289 4981 442 5043 perat
465 4967 608 5042 (Jac.
667 4983 705 5034 ι,
756 4965 844 5036 5);
888 4961 955 5018 de
991 4961 1147 5032 cujus
1203 4959 1436 5030 gratuito
1471 4972 1702 5017 munere
1757 4953 1864 5017 fisi,

288 5072 558 5134 quantum
584 5055 865 5113 donaverit
887 5052 1154 5116 dicemus,
1196 5056 1568 5119 quantumque
1596 5046 1867 5116 majorum

291 5155 461 5211 series
510 5150 828 5223 perstrinxit
878 5147 935 5200 in
989 5142 1276 5198 annalibus
1325 5136 1399 5208 (6)
1448 5156 1461 5192 :
1511 5136 1871 5202 recitabimus

292 5246 537 5317 inquam,
561 5254 672 5295 non
693 5247 754 5292 ut
770 5239 943 5301 decet,
967 5233 1058 5288 sed
1077 5246 1173 5301 pro
1190 5241 1348 5299 posse
1372 5226 1656 5296 pontificis
1687 5238 1869 5295 opera,
1914 5304 1919 5309 Ι

1952 3215 2185 3270 habebat
2206 3224 2302 3269 aut
2330 3214 2530 3267 habere
2582 3212 2861 3276 studebat;
2907 3207 3311 3277 obsequebatur
3354 3204 3535 3273 dignis

1950 3305 2113 3357 etiam
2162 3318 2272 3357 non
2301 3301 2403 3356 hoc
2430 3300 2837 3371 expetentibus,
2862 3298 3130 3368 superbos
3158 3296 3341 3349 minus
3370 3309 3537 3348 cura-

1952 3396 2063 3461 bat,
2096 3393 2320 3448 minime
2342 3390 2459 3447 erat
2494 3390 2700 3463 [supple
2731 3405 2833 3459 sup
2856 3384 3043 3457 rbus].
3066 3384 3203 3455 Apte
3232 3399 3565 3455 congruent-7

1952 3496 2144 3556 terque
2177 3483 2411 3549 vivebat,
2444 3481 2615 3536 Deum
2647 3479 2878 3543 colebat,
2917 3475 3209 3549 cogitabat,
3259 3472 3567 3544 quaerebat.

1955 3577 2079 3641 fide,
2112 3591 2235 3646 spe,
2271 3573 2555 3629 cbaritate.
2588 3569 2700 3623 Hac
2732 3568 2783 3621 in
2815 3568 3017 3621 virtute
3055 3565 3221 3619 animi
3251 3563 3541 3635 diligenter

1955 3669 2170 3740 positus
2217 3667 2439 3737 Optabat
2467 3660 2939 3732 tranquillitatem,
2966 3665 3131 3728 atque
3170 3662 3380 3709 certum
3413 3669 3540 3708 cur-

1958 3775 2080 3816 sum
2110 3757 2275 3835 studii
2317 3754 2424 3822 sui,
2452 3752 2808 3821 omniumque
2850 3746 3252 3817 conviventium
3276 3787 3290 3812 ,
3322 3754 3375 3799 et
3410 3742 3537 3809 sibi,

1958 3850 2265 3921 quibusque
2308 3852 2557 3917 poterat,
2604 3851 2841 3898 mentem
2898 3834 3314 3903 bonam,'vitam
3371 3851 3539 3906 paca-

1962 3949 2090 3996 tam.
2140 3948 2145 3953 ’

2030 4032 2108 4087 lta
2157 4046 2337 4087 novus
2365 4029 2533 4085 homo
2569 4035 2622 4082 et
2660 4025 2891 4079 interior
2930 4030 2983 4077 et
3017 4020 3277 4083 caelestis,
3307 4031 3541 4088 propor-

1960 4124 2110 4178 tione
2137 4137 2247 4177 non
2273 4121 2452 4184 annis,
2477 4118 2569 4174 sed
2597 4115 2933 4187 profectibus
2955 4112 3243 4167 diStinctas
3271 4102 3555 4178 quasdam;
3572 4094 3584 4103 ”

1963 4214 2275 4285 spirituales
2300 4218 2487 4266 mtates
2532 4224 2661 4265 suas
2690 4207 2755 4261 ad
2786 4218 3054 4259 summam
3092 4209 3147 4254 et
3176 4200 3561 4253 incommuta-.

1966 4306 2127 4359 bilem
2154 4304 2329 4373 legem
2372 4299 2626 4370 passibus
2670 4295 2903 4351 rationis
2935 4291 3286 4356 innitebatur,
3315 4296 3369 4343 et
3406 4287 3543 4341 emi«

1966 4411 2098 4452 cans
2130 4394 2187 4448 in
2216 4392 2416 4461 ,virum
2449 4388 2743 4461 perfectum
2785 4394 2948 4455 atque
2976 4390 3162 4453 aptum
3207 4388 3263 4436 et
3284 4379 3565 4439 idoneum,

1895 4473 1942 4530 ί)
1967 4486 2223 4542 omnibus
2268 4482 2458 4540 mundi
2507 4476 2978 4550 persecutionibus
3011 4471 3348 4529 sustinendis
3382 4477 3549 4540 atque
3574 4532 3597 4551 ,1

1967 4575 2302 4647 frangendis,
2325 4573 2540 4629 vivebat
2569 4569 2795 4640 pacatus
2831 4568 2887 4622 in
2913 4565 3107 4636 opibus
3125 4551 3184 4617 et
3215 4561 3549 4617 abundantia
3594 4634 3595 4643 χ

1968 4666 2256 4725 ineffabilis
2298 4663 2600 4735 sapientiae,
2650 4667 2891 4714 mutatus
2934 4657 3002 4712 ad
3050 4653 3382 4709 oblivionem
3423 4650 3567 4712 vita:

1967 4758 2307 4830 temporalis,
2341 4764 2396 4810 et
2420 4753 2699 4810 transiens
2727 4753 2782 4806 in
2823 4748 3125 4819 perfectam
3149 4743 3382 4807 formam
3427 4757 3570 4810 quae.

1969 4853 2112 4909 facta
2156 4858 2241 4905 est
2285 4848 2351 4904 ad
2404 4846 2700 4917 imaginem
2741 4852 2795 4897 et
2832 4837 3243 4895 similitudinem
3298 4832 3415 4887 Dei.
3457 4832 3604 4890 Ilia.

1975 5014 2307 5109 prudentiae,
2344 5030 2560 5087 fortiter
2585 5027 2825 5082 haerebat
2853 5020 2989 5086 Deo,
3030 5031 3142 5071 non
3177 5021 3241 5067 ut
3265 5015 3336 5068 ab
3367 5029 3432 5069 eo
3462 5014 3561 5066 ali-
3611 5082 3618 5091 ’

1974 5104 2107 5203 quid
2139 5125 2270 5181 boni
2294 5132 2450 5180 extra
2471 5126 2796 5180 mereretur,
2822 5113 2918 5167 sed
2942 5110 3033 5166 cui
3055 5104 3190 5203 nihil
3218 5104 3369 5203 aliud
3399 5121 3565 5176 quam

1976 5192 2154 5291 ipsum
2184 5215 2391 5268 haerere
2425 5212 2535 5268 Deo
2574 5209 2784 5263 bonum
2825 5199 3023 5253 fuerat.
3057 5193 3153 5247 Hic
3198 5192 3284 5246 vir
3321 5193 3579 5263 quandiu

1980 5285 2013 5330 ρ’
2041 5313 2074 5330 ι.
2122 5309 2173 5330 ε..
2206 5308 2308 5330 ιη,
2353 5305 2461 5330 -.:.-
2508 5299 2765 5330 ..ιηιυιιηι-
2811 5291 3006 5330 αηηίιιίς
3052 5285 3116 5330 ad
3162 5286 3583 5330 remndnmlam.
