4022 5340
501 240 641 310 1463

1492 251 1547 305 S.
1590 239 2520 309 L1ETBERTLCAMERACENSIS
2556 241 2771 299 EPISC.

3638 220 3771 293 usi

498 366 564 421 ad
613 342 1081 433 benevolentiam;
1128 372 1184 417 et
1230 378 1545 433 quanquam
1602 361 1916 432 temporalia
1964 338 2075 416 non
2104 361 2150 420 Ᾱ
2184 356 2447 414 Ελρεαιηυε
2473 357 2677 413 adeum
2704 362 2856 411 extra
2876 362 3076 420 castra,
3106 354 3482 425 improperium
3504 369 3623 417 eius
3644 368 3769 422 por-

496 454 764 526 diligeret,
796 465 976 509 tamen
1000 462 1146 509 recte
1176 453 1433 510 utebatur
1454 454 1867 525 temporalibus,
1902 462 1955 508 ct
1978 468 2078 523 pro

496 562 685 602 eorum
710 536 858 601 sorte
881 546 1202 603 consulebat
1227 542 1544 603 hominibus
1560 591 1574 613 ,
1592 530 1644 603 “si
1666 547 1948 617 arqualiter
1969 558 2077 600 non

464 626 468 630 ’
496 632 708 707 poterat
727 637 1014 704 omnibus;
1044 654 1213 709 quare
1243 639 1289 694 si
1318 638 1555 709 aliquem
1578 636 1932 693 familiarium
1957 652 2081 692 suo—

493 742 619 784 rum
660 727 967 799 promptius
1011 745 1177 800 quam
1216 724 1515 801 quemlibet
1544 732 1932 802 alloqueretur,
1966 746 2078 785 non

494 819 619 875 eum
661 820 838 891 magis
866 820 1145 894 diligebat,
1176 823 1270 879 sed
1302 823 1369 879 ad
1395 839 1521 878 eum
1550 824 1816 895 majorem
1843 822 2080 897 habebat

492 911 770 979 tldueiam,
796 920 851 968 et
882 914 1211 984 apertiorem
1238 916 1502 987 temporis
1517 916 1743 986 januam
1770 935 1782 970 :
1808 915 2080 971 tractabat

494 1000 639 1056 enim
682 1002 915 1073 tempori
955 1002 1170 1061 deditos
1193 1013 1347 1061 tanto
1375 994 1594 1073 melius,
1640 1015 1848 1078 quanto
1894 1008 2079 1064 minus

495 1096 611 1166 ipse
652 1097 923 1170 obligatus
956 1107 1102 1154 esset
1128 1100 1361 1171 tempori
1391 1119 1402 1154 :
1433 1109 1710 1171 postremo
1741 1101 1796 1155 in
1822 1101 2079 1173 omnibus

476 1176 707 1254 ~bfiieiis,
723 1189 1024 1256 laboribus,
1044 1189 1240 1247 futurae
1265 1192 1464 1262 quietis
1481 1200 1627 1247 certa
1652 1192 2075 1264 exspectatione,

495 1294 604 1332 non
634 1279 986 1352 frangebatur
1013 1300 1025 1335 :
1054 1295 1108 1341 et
1134 1299 1395 1353 quoniam
1438 1284 1743 1347 delectabat
1762 1301 1888 1340 eum
1913 1268 2078 1341 liber-

493 1376 600 1436 tas,
643 1387 809 1441 quam
854 1373 1075 1430 nomine
1125 1384 1181 1430 et
1207 1391 1369 1446 opere
1414 1374 1757 1447 praeferebat,
1784 1378 1853 1435 ab
1889 1393 2077 1433 amore

495 1460 835 1520 mutabilium
876 1481 1061 1522 rerum
1085 1467 1223 1522 liber
1243 1484 1363 1524 esse
1386 1469 1689 1539 appetebat.
1766 1536 1769 1539 _

500 1550 536 1638 ς
652 1628 655 1631 Α
1039 1558 1268 1614 CAPUT
1302 1559 1494 1615 xxvi.

494 1647 648 1714 Quod
673 1649 729 1703 in
760 1650 1001 1721 operibus
1031 1661 1079 1707 et
1099 1652 1431 1723 passionibus
1465 1651 1665 1709 Christi
1699 1655 2073 1710 meditabatur.

504 1743 509 1748 ’
561 1738 795 1812 Ideoque
824 1742 1103 1812 deponens
1133 1759 1293 1798 omne
1315 1744 1530 1815 pondus
1554 1753 1610 1799 et
1643 1760 1806 1799 omne
1837 1744 2075 1803 cireum-

491 1840 646 1908 stans
667 1847 725 1886 se
748 1842 1051 1902 peccatum,
1081 1850 1179 1904 per
1198 1835 1517 1906 patientiam
1549 1835 1803 1891 currebat
1824 1835 2075 1909 proposi-

489 1931 607 1977 tum
638 1923 741 1979 sibi
764 1933 1041 1982 certamen
1067 1925 1255 1998 (Hebr.
1286 1944 1385 1994 xu,
1406 1927 1485 1999 2),
1507 1928 1778 1997 aspiciens
1802 1928 1857 1983 in
1885 1935 2074 1990 aucto—

491 2029 607 2069 rem
639 2014 763 2071 fidei
791 2025 847 2072 et
872 2026 1375 2075 consummatorem
1416 2018 1697 2075 Christum
1724 2018 1935 2093 Jesum,
1977 2021 2074 2092 qui

487 2115 551 2166 ut
571 2107 933 2164 sanctiﬂearet
958 2124 1056 2181 per
1077 2125 1239 2165 suum
1265 2111 1587 2187 sanguinem
1610 2113 1893 2182 populum,
1918 2120 2073 2168 extra

487 2206 700 2268 portam
738 2215 954 2271 passus,
982 2210 1084 2256 est.
1129 2200 1525 2258 Considerabat
1563 2219 1728 2273 quam
1756 2203 2072 2260 misericor-

486 2291 630 2346 diter
671 2291 912 2348 humano
946 2293 1131 2363 generi
1172 2282 1485 2350 cOnsultum
1529 2304 1632 2361 est,
1663 2311 1788 2351 cum
1820 2295 1937 2366 ipse
1974 2294 2072 2354 Dei

487 2380 657 2437 Filius
707 2384 1195 2441 consubstantialis
1259 2384 1411 2441 Patri
1463 2372 1741 2461 hominem
1794 2388 2072 2458 suscipere

487 2472 743 2545 dignatus
780 2484 860 2531 est
912 2485 969 2530 et
1022 2476 1286 2533 habitavit
1328 2477 1382 2531 in
1411 2478 1598 2545 nobis;
1651 2478 1727 2533 ita
1782 2479 1930 2534 enim
1970 2479 2071 2555 dc-

486 2567 815 2621 monstravit
862 2569 1178 2624 carnalibus
1231 2576 1286 2625 et
1335 2584 1444 2625 non
1508 2571 1817 2627 valentibus
1867 2570 2068 2628 intueri

485 2663 667 2723 mente
689 2657 992 2725 veritatem,
1013 2660 1368 2731 corporisque
1385 2661 1638 2716 sensibus
1661 2661 1878 2728 deditis,
1903 2677 2069 2732 quam

484 2746 760 2802 excelsum
819 2749 1001 2805 locum
1062 2750 1202 2806 inter
1261 2761 1541 2811 creaturas
1575 2753 1775 2808 habeat
1829 2754 2068 2809 humana

483 2846 699 2907 natura,
724 2840 871 2909 quod
898 2841 1062 2896 etiam
1092 2842 1267 2913 potuit
1295 2851 1350 2898 et
1374 2844 1430 2897 in
1461 2843 1645 2914 aliquo
1673 2845 1908 2899 azthereo
1947 2860 2070 2899 cor-

483 2946 614 3000 pore
642 2932 711 2987 ad
739 2940 1056 2987 nostrorum
1108 2943 1429 3004 aspectuum
1458 2934 1807 2990 tolerantiam
1856 2943 2065 3006 tempe.

485 3030 621 3087 rato,
675 3022 771 3077 sed
802 3022 858 3075 in
903 3022 1216 3081 hominibus
1263 3023 1318 3078 in
1367 3040 1496 3080 vero
1550 3025 1770 3080 homine
1815 3026 2066 3097 apparuit
2092 3044 2139 3108 ο

484 3110 564 3184 [id
580 3122 657 3167 est
681 3112 823 3168 inter
844 3113 1096 3171 homines
1116 3130 1280 3171 verus
1305 3115 1472 3173 homo
1495 3116 1750 3173 Christus
1766 3117 2063 3192 apparuit]:

482 3202 601 3272 ipsa
629 3204 775 3259 enim
805 3214 1000 3260 natura
1030 3214 1147 3260 erat
1184 3207 1554 3277 suscipienda,
1591 3224 1714 3279 quae
1738 3218 1792 3264 et
1821 3209 2063 3265 liberan-

481 3294 582 3362 da;
615 3304 670 3350 et
701 3312 767 3352 ne
796 3298 920 3367 quis
951 3314 1116 3353 sexus
1140 3314 1171 3352 a
1197 3314 1296 3354 suo
1324 3283 1584 3354 Creatore
1606 3314 1665 3354 se
1692 3309 2063 3371 contemptum

480 3378 699 3465 putaret
747 3386 862 3461 [an,
903 3404 1117 3457 verum,
1149 3390 1204 3443 id
1228 3399 1326 3457 est,
1351 3390 1647 3445 humanam
1671 3400 1947 3458 naturam,
1971 3408 2063 3445 seu

479 3476 693 3534 virilem
741 3479 977 3552 sexum],
1013 3480 1255 3551 suscepit
1288 3491 1451 3558 natus
1511 3497 1577 3537 ex
1628 3481 1872 3537 femina:
1926 3482 2065 3538 nihil

478 3569 590 3641 egit
620 3562 692 3635 vi,
725 3569 818 3624 sed
869 3572 1053 3626 omnia
1085 3572 1385 3639 suadendo,
1435 3573 1708 3629 monendo
1755 3573 2067 3630 conciliavit

479 3672 723 3718 nostram
752 3664 911 3719 ﬁdem
948 3663 1059 3720 Deo
1088 3665 1391 3733 miraculis,
1414 3650 1521 3736 'qui
1556 3674 1673 3721 erat
1703 3667 1912 3721 homini
1937 3684 2064 3739 pas-

478 3750 633 3810 Sione
679 3755 873 3810 similis
915 3775 927 3809 :
967 3757 1196 3826 loquens
1244 3758 1312 3829 ad
1361 3758 1550 3813 turbas
1609 3758 1855 3813 doctrina
1918 3758 2062 3815 Deus

477 3844 809 3914 apparebat,
835 3846 1086 3901 aetatibus
1114 3848 1299 3903 homo.
1334 3844 1549 3918 Populi,
1600 3850 1860 3908 satellites
1900 3851 2062 3909 volu-

474 3943 688 4004 ptatum
711 3976 726 4001 ,
787 3935 1005 3991 divitias
1058 3940 1415 4009 appetebant,
1449 3955 1655 4014 pauper
1685 3958 1808 4013 esse
1855 3947 2060 4014 voluit;

475 4024 780 4082 honoribus
824 4040 878 4082 et
930 4029 1174 4100 imperiis
1224 4030 1539 4102 inhiabant,
1573 4051 1665 4091 rex
1697 4037 1813 4091 fieri
1855 4037 2058 4107 noluit;

474 4120 835 4176 contumelias
872 4122 1186 4191 horrebant,
1211 4139 1374 4182 Omne
1405 4131 1866 4188 contumeliarum
1887 4148 2062 4204 genus

472 4214 765 4279 sustinuit;
798 4215 1031 4285 injurias
1059 4234 1182 4275 esse
1220 4219 1589 4278 intolerabiles
1617 4224 2056 4281 arbitrabantur:

471 4319 596 4373 quae
624 4306 801 4378 major
829 4306 1029 4379 injuria
1053 4311 1262 4381 justum
1292 4312 1747 4384 innocentemque
1774 4316 2060 4373 damnari?

2182 458 2351 513 tantes
2380 465 2527 505 :nou
2567 449 2709 505 enim
2738 447 2988 503 habemus
3011 446 3096 499 hic
3132 454 3425 501 manentem
3472 445 3768 509 unitatem,

2179 543 2269 596 sed
2305 528 2544 613 futuram
2573 542 2893 614 inquirimus
2925 537 3085 611 (Heb.
3117 554 3238 604 xm,
3280 524 3392 608 l3),
3420 545 3541 592 toto
3569 535 3771 590 mentis

2179 635 2375 691 affectu
2403 634 2652 706 concepit
2666 633 2999 690 desiderium
3020 630 3285 703 pergendi
3296 627 3735 701 Hierosolymam
3751 647 3769 695 ;

2180 716 2273 799 sed
2296 742 2473 798 neque
2502 727 2675 799 gratia
2710 725 2925 782 videndi
2961 724 3173 795 lapides
3216 722 3476 791 turrium,
3506 716 3629 778 aut
3668 722 3771 775 do—

2180 798 2397 875 morum
2421 798 2686 886 culmina,
2717 818 2811 874 sed
2862 816 3224 887 amplectendi
3269 825 3323 871 et
3350 815 3645 872 osculandi
3676 831 3770 869 ve—

2179 911 2338 984 stigia
2362 911 2601 982 pedibus,
2618 896 2749 966 Jesu
2776 910 3003 965 calcata.
3036 908 3479 979 Beatumquippe
3505 907 3625 962 fore
3650 923 3772 962 ere-

2179 1003 2341 1059 debat
2364 1002 2623 1074 praesepis
2645 1002 2925 1073 angustias
2948 1000 3153 1065 videre,
3197 1002 3503 1071 vagientem
3535 1014 3767 1070 puerum

2160 1103 2360 1151 mente
2382 1109 2508 1149 cum
2538 1093 2849 1164 pastoribus
2879 1092 3146 1160 adorare;
3180 1091 3235 1148 in
3266 1091 3569 1162 Golgotana
3592 1091 3768 1145 eccle-

2179 1185 2260 1242 sia
2272 1186 2443 1244 beatae
2453 1186 2748 1256 passionis,
2766 1182 3404 1245 cruciﬂcxionisetmortis
3422 1198 3518 1238 sae
3548 1188 3770 1235 amenta

2179 1279 2485 1349 celebrare;
2540 1286 2665 1334 cum
2729 1278 2905 1334 beatis
2950 1277 3279 1351 mulieribus
3331 1275 3401 1330 ad
3450 1275 3769 1345 sepulcrum

2177 1367 2384 1444 Christi
2420 1377 2649 1444 mortem
2678 1368 2824 1437 ﬂere,
2885 1384 3114 1440 prorsus
3150 1367 3297 1424 intra
3344 1376 3497 1437 septa
3526 1365 3769 1436 sepulcri

2179 1440 2311 1517 suas
2341 1440 2687 1532 suorumque,
2731 1446 2905 1516 noxas
2930 1459 3145 1516 ﬂetibus
3173 1460 3400 1526 diluere,
3434 1459 3491 1513 in
3522 1466 3767 1512 montem

2177 1548 2371 1606 Oliveti
2422 1567 2587 1621 super
2633 1552 2802 1609 cmlos
2860 1552 3243 1609 ascendentem
3303 1550 3587 1605 Christum
3641 1564 3767 1604 cum

2178 1641 2347 1697 Maria
2385 1641 2556 1699 Matre
2577 1642 2729 1712 Jesu,
2760 1644 3045 1715 heatisque
3075 1644 3335 1716 apostolis
3360 1643 3555 1698 intimo
3582 1642 3769 1697 cordis

2177 1731 2372 1809 affectu
2408 1733 2563 1804 sequi
2587 1734 2721 1789 velle
2747 1754 2760 1788 :
2802 1734 2897 1790 sed
2926 1743 2987 1789 ut
3014 1735 3309 1806 prudenter
3343 1734 3393 1789 id
3423 1743 3628 1806 ageret,
3655 1748 3769 1787 me-

2176 1823 2381 1880 ditatur
2401 1826 2635 1896 qualiter
2650 1826 2734 1880 vel
2756 1826 3032 1882 civitatem
3049 1827 3135 1882 vel
3155 1824 3456 1881 Ecclesiam
3480 1820 3585 1879 sibi
3614 1840 3770 1878 com-

2178 1915 2404 1973 missam
2423 1916 2774 1987 tranquillam
2796 1926 3158 1988 pacatamque
3185 1916 3537 1986 relinqueret,
3557 1915 3771 1984 totique

2173 2010 2366 2081 patriae
2388 2019 2849 2082 propugnatorem
2868 2020 2923 2067 et
2956 2010 3299 2067 defensorem
3338 2010 3596 2066 idoneum
3634 2025 3769 2080 pro-

2174 2100 2400 2155 videret.
3514 2139 3521 2147 .
3596 2113 3600 2117 '

2700 2191 2931 2250 CAPUT
2978 2192 3218 2249 XXVIII.

2327 2282 2404 2339 De
2432 2282 2484 2339 11
2490 2301 2653 2356 agone
2675 2278 2857 2356 puero,
2880 2276 2929 2341 et
2961 2285 3173 2339 custode
3193 2284 3342 2338 illius
3370 2284 3608 2338 Ausello.

2244 2371 2450 2439 Eodem
2519 2382 2762 2444 tempore
2788 2374 2942 2445 lapso
2988 2373 3114 2445 fuga
3157 2364 3369 2429 Joanne
3418 2373 3767 2428 Atrebatensi

2171 2464 2457 2534 advocato,
2490 2466 2653 2535 sicut
2704 2467 2915 2523 dictum
2967 2475 3072 2531 est,
3098 2482 3412 2537 praecavens
3436 2465 3680 2537 pontifex
3706 2466 3767 2520 in

2171 2556 2440 2626 futurum,
2472 2567 2526 2613 et
2547 2558 2746 2616 timens
2788 2574 2858 2614 ne
2889 2558 2976 2613 vel
2998 2558 3113 2629 ipse
3130 2556 3391 2625 Joannes,
3422 2558 3508 2612 vel
3535 2558 3767 2628 quilibet

2171 2659 2437 2722 tyrannus
2491 2649 2621 2705 huic
2667 2650 2864 2707 similis
2920 2650 3233 2721 praedictam
3266 2649 3766 2707 castellaturamde

2169 2758 2277 2813 qua
2324 2742 2465 2798 idem
2508 2741 2750 2798 Joannes
2800 2742 3078 2814 projectus
3118 2742 3316 2809 fuerat,
3340 2751 3436 2798 aut
3468 2743 3524 2800 vi
3553 2751 3651 2797 aut
3675 2744 3763 2796 in-

2169 2818 2328 2906 genio
2357 2833 2610 2902 intraret,
2641 2843 2697 2890 et
2724 2844 2911 2905 postea
2928 2835 3115 2905 justus
3137 2835 3313 2891 hzeres
3347 2850 3469 2889 eam
3509 2844 3764 2905 repetens

2167 2925 2292 2981 inde
2328 2926 2518 2982 turbas
2554 2925 2778 2992 faceret,
2825 2924 3131 2997 Hugonem,
3186 2925 3427 2981 Gualteri
3475 2928 3764 2984 castellani

2168 3027 2442 3088 nepotem,
2490 3020 2584 3089 qui
2627 3018 2915 3089 proximus
2954 3027 3076 3073 erat
3128 3019 3325 3085 haeres,
3351 3018 3569 3085 ascivit,
3601 3019 3763 3091 eique

2171 3110 2575 3167 castellaturam
2623 3110 2939 3171 concessit:
2972 3118 3026 3165 et
3067 3109 3197 3182 quia
3240 3110 3344 3166 iste
3390 3109 3549 3182 ilugo
3579 3112 3763 3166 adhuc

2168 3217 2305 3272 puer
2350 3210 2489 3268 erat,
2548 3201 2641 3257 sed
2677 3200 3049 3272 propinquum
3100 3202 3415 3273 quemdam,
3471 3202 3758 3259 Anselluui

2167 3293 2410 3361 nomine,
2436 3293 2683 3348 moribus
2709 3302 2765 3349 et
2785 3294 2953 3349 armis
2978 3294 3279 3365 egregium,
3310 3294 3566 3361 habebat,
3592 3294 3761 3366 hujus

2166 3384 2428 3440 custodiae
2450 3400 2682 3454 puerum
2716 3385 2959 3454 deputat,
2984 3401 3148 3455 quem
3172 3385 3431 3442 Ansellus
3460 3386 3550 3441 ille
3578 3403 3757 3458 usque

2165 3475 2233 3531 ad
2261 3474 2588 3546 praeﬁnitum
2618 3485 2836 3541 tempus
2866 3493 2990 3531 enm
3021 3477 3172 3533 omni
3202 3478 3555 3537 castellatura
3583 3483 3759 3537 ﬁden-

2165 3576 2249 3624 ter
2268 3575 2321 3623 et
2350 3568 2553 3637 optime
2598 3568 2757 3623 rexit.
2799 3567 3062 3638 Joannes,
3105 3573 3454 3629 castellatura
3484 3575 3756 3645 privatus,

2165 3675 2267 3715 nec
2307 3657 2605 3733 quidquam
2657 3663 2787 3717 mali
2840 3663 3072 3733 proinde
3113 3664 3375 3721 adversus
3426 3665 3753 3738 episcopum

2165 3767 2504 3825 prensumens
2536 3755 2716 3811 facere
2750 3755 3079 3826 (prohibitus
3101 3756 3247 3811 enim
3273 3754 3453 3812 fuerat
3481 3773 3514 3812 a
3550 3759 3754 3815 comite

2166 3847 2484 3904 Flandrensi
2511 3845 2799 3912 Balduino,
2824 3847 2984 3918 cujus
3022 3856 3181 3904 antea
3204 3849 3365 3903 miles
3385 3848 3549 3920 erat),
3569 3851 3752 3923 ipsum

2164 3941 2403 4011 reliquit,
2432 3948 2488 4006 et
2520 3940 2588 3997 ad
2634 3940 3026 4010 imperatorem
3062 3938 3356 4003 Henricum
3401 3957 3462 3998 se
3491 3944 3748 3999 contulit.

2167 4031 2333 4087 Erant
2358 4040 2490 4088 tunc
2525 4031 2787 4101 temporis
2812 4031 3066 4087 maximae
3094 4031 3400 4088 simultates
3423 4042 3479 4088 et
3507 4033 3750 4089 inimici—

2163 4125 2253 4180 tia:
2272 4125 2412 4180 inter
2447 4124 2831 4194 imperatorem
2851 4131 2907 4180 et
2933 4123 3255 4194 pmdictum
3273 4126 3563 4192 comitem;
3590 4126 3749 4195 cujus

2162 4218 2241 4273 rei
2265 4217 2486 4284 seriem,
2517 4216 2781 4287 quoniam
2808 4215 2863 4271 in
2894 4216 3062 4287 gestis
3102 4215 3511 4285 pontificalibus
3547 4218 3749 4288 legitur

2162 4317 2218 4365 et
2236 4309 2463 4381 plenius
2495 4308 2845 4373 describitur,
2888 4308 3216 4376 omittimus,
3261 4317 3315 4363 et
3343 4308 3412 4363 ad
3445 4323 3747 4379 exsequen-

473 4394 704 4454 Dolores
751 4403 1181 4458 exsecrabantur
1209 4407 1475 4476 corporis,
1510 4407 1736 4480 ﬂagellis
1777 4420 1832 4465 et
1879 4412 2055 4482 spinis
2088 4404 2133 4462 D
2157 4402 2286 4458 dum
2320 4400 2594 4472 pontificis
2632 4401 2733 4456 iter
2763 4400 2963 4471 stylum
2987 4399 3300 4471 dirigimus.
3384 4472 3387 4473 ν
3473 4445 3477 4448 .

470 4488 749 4544 cruciatus
780 4501 893 4559 est;
926 4493 1350 4563 ignominiosum
1392 4515 1563 4569 genus
1610 4502 1805 4557 mortis
1835 4518 2055 4569 crucem

472 4580 766 4648 putabant,
812 4585 1109 4642 crucifixus
1137 4597 1253 4656 est;
1311 4593 1450 4646 mori
1500 4596 1838 4661 metuebant,
1881 4609 2058 4653 morte

470 4672 770 4729 mulctatus
800 4683 909 4743 est;
940 4676 1124 4731 omnia
1144 4695 1267 4747 quae.
1290 4683 1495 4738 evitare
1518 4686 1873 4755 eupiebamus
1891 4704 1924 4742 a
1945 4699 2056 4743 stu-

469 4760 559 4817 dio
580 4764 822 4820 veritatis
842 4766 1143 4835 deviantes,
1160 4772 1509 4841 perpetiendo
1528 4776 1740 4846 dejecit.
1765 4777 1885 4832 Non
1905 4779 2052 4834 enim

468 4852 644 4908 ullum
676 4865 957 4925 peceatum
988 4860 1260 4915 committi
1281 4873 1480 4931 potest,
1506 4865 1615 4921 nisi
1643 4867 1773 4922 dum
1796 4879 2057 4938 appetun-

471 4953 559 4998 tur
585 4962 648 5000 ea
679 4963 800 5018 qua:
842 4949 959 5019 ipse
993 4954 1345 5023 contempsit,
1381 4964 1477 5010 aut
1505 4955 1789 5027 fugiuntur
1811 4974 1934 5029 quae
1956 4958 2055 5014 ille

468 5036 749 5091 sustinuit.
785 5038 920 5097 Tota
965 5043 1147 5116 itaque
1175 5044 1286 5101 vita
1313 5045 1436 5115 ejus
1461 5047 1515 5101 in
1566 5048 1727 5105 terris
1746 5065 1848 5119 per
1876 5050 2054 5103 homi-

466 5140 591 5268 pem
614 5143 775 5197 quem
803 5133 1081 5204 suscipere
1104 5136 1360 5207 dignatus
1413 5147 1498 5195 est
1526 5137 2052 5208 disciplinaaorum

494 5215 587 5268 uit.
1854 5244 1857 5255 '

494 5215 587 5291 ilii-
1852 5244 1857 5281 ξ
1898 5254 1942 5283 .j'

2719 4491 2949 4547 CAPUT
2988 4489 3155 4545 XXIX
3167 4532 3181 4545 .

2204 4583 2303 4639 Ubi
2333 4586 2541 4655 cognito
2572 4584 2803 4654 episcopi
2822 4582 3087 4653 proposito
3116 4581 3426 4637 dissuadent
3462 4581 3704 4651 plurimi.

2230 4675 2305 4732 Ita
2337 4675 2556 4731 Ansello
2582 4684 2936 4745 procuratore
2962 4683 3013 4729 et
3053 4682 3454 4744 propugnatore
3480 4670 3747 4747 Camerag

2160 4767 2311 4821 censi
2352 4767 2542 4837 patria:
2581 4767 2901 4833 constituto,
2939 4764 3183 4836 pontifex
3228 4765 3295 4818 de
3322 4764 3443 4834 ejus
3489 4765 3744 4819 ﬁdelitate

2158 4859 2441 4915 confidens
2464 4868 2520 4915 et
2546 4858 2844 4930 diligentia,
2889 4857 3151 4928 paulatim
3195 4872 3294 4911 sua
3322 4872 3663 4928 suorumque
3686 4857 3738 4910 in

2156 4951 2324 5007 rebus
2345 4950 2579 5022 publicis
2606 4949 3001 5007 intermittebat
3024 4948 3265 5019 negotia,
3288 4956 3516 5019 totoque
3543 4946 3740 5002 mentis

2155 5043 2445 5098 conamine
2467 5041 2713 5111 concepti
2742 5041 2953 5097 itineris
2975 5041 3305 5110 procurabat
3327 5039 3625 5111 impendia.
3656 5037 3739 5092 ln-

2154 5134 2313 5195 terim
2337 5134 2621 5204 satagebat
2641 5149 2971 5204 magnopere
2991 5140 3262 5203 quatenus
3284 5132 3340 5187 id
3361 5132 3599 5187 celatum
3621 5145 3741 5186 esse

2156 5233 2361 5295 posset.
2388 5223 2606 5281 Sciebat
2630 5225 2778 5296 quod
2806 5225 2853 5279 si
2882 5224 3176 5280 resciretur
3195 5223 3585 5295 proculdubio
3611 5238 3737 5279 eon—

2937 5313 3210 5340 Ω-..ἕ..ι..-..
3281 5313 3541 5340 Π----....-
3569 5314 3707 5340 μ.-.Ιέ

2159 5317 2514 5340 ⁸..-.Ιξ-,.....ι--..
2577 5315 2679 5340 Ωιι]
2734 5323 2791 5340 ..ι
2824 5316 2895 5340 ..ξι
