  <div class='ocr_page' id='page_1' title='image "/cluster/home/n/w/nwhite01/storage/ocr_20150623/146/hvd.32044015471832/742.png"; bbox 0 0 4022 5340; ppageno 0'>
   <div class='ocr_carea' id='block_1_1' title="bbox 240 310 377 379">
    <p class='ocr_par' dir='ltr' id='par_1_1' title="bbox 240 310 377 379">
     <span class='ocr_line' id='line_1_1' title="bbox 240 310 377 379; baseline 0 -12"><span class='ocrx_word' id='word_1_1' title='bbox 240 310 261 367; x_wconf 80' lang='lat' dir='ltr'><strong>l</strong></span> <span class='ocrx_word' id='word_1_2' title='bbox 273 311 377 379; x_wconf 61' lang='lat'><strong>463</strong></span> 
     </span>
    </p>
   </div>
   <div class='ocr_carea' id='block_1_2' title="bbox 1767 313 1947 371">
    <p class='ocr_par' dir='ltr' id='par_1_2' title="bbox 1767 313 1947 371">
     <span class='ocr_line' id='line_1_2' title="bbox 1767 313 1947 371; baseline 0 -1"><span class='ocrx_word' id='word_1_3' title='bbox 1767 313 1947 371; x_wconf 74' lang='lat' dir='ltr'><strong>\‘ITA.</strong></span> 
     </span>
    </p>
   </div>
   <div class='ocr_carea' id='block_1_3' title="bbox 3367 311 3507 399">
    <p class='ocr_par' dir='ltr' id='par_1_3' title="bbox 3367 311 3507 399">
     <span class='ocr_line' id='line_1_3' title="bbox 3367 311 3507 399; baseline 0 0"><span class='ocrx_word' id='word_1_4' title='bbox 3367 311 3507 399; x_wconf 57' lang='lat'><strong>“5‘?</strong></span> 
     </span>
    </p>
   </div>
   <div class='ocr_carea' id='block_1_4' title="bbox 236 421 3507 508">
    <p class='ocr_par' dir='ltr' id='par_1_4' title="bbox 236 421 3507 508">
     <span class='ocr_line' id='line_1_4' title="bbox 236 421 3507 508; baseline 0.001 -26"><span class='ocrx_word' id='word_1_5' title='bbox 236 432 534 491; x_wconf 81' lang='lat' dir='ltr'><strong>secretum,</strong></span> <span class='ocrx_word' id='word_1_6' title='bbox 570 425 768 495; x_wconf 84' lang='lat' dir='ltr'><strong>quarit</strong></span> <span class='ocrx_word' id='word_1_7' title='bbox 815 423 1108 495; x_wconf 76' lang='lat' dir='ltr'><strong>consilium</strong></span> <span class='ocrx_word' id='word_1_8' title='bbox 1140 444 1153 481; x_wconf 90' lang='lat'><strong>:</strong></span> <span class='ocrx_word' id='word_1_9' title='bbox 1193 437 1375 484; x_wconf 90' lang='lat' dir='ltr'><strong>mente</strong></span> <span class='ocrx_word' id='word_1_10' title='bbox 1400 436 1824 485; x_wconf 74' lang='lat' dir='ltr'><strong>consternantur</strong></span> <span class='ocrx_word' id='word_1_11' title='bbox 1851 432 1898 487; x_wconf 82' lang='lat' dir='ltr'><strong>A</strong></span> <span class='ocrx_word' id='word_1_12' title='bbox 1924 425 2208 485; x_wconf 76' lang='lat' dir='ltr'><strong>auxilium.</strong></span> <span class='ocrx_word' id='word_1_13' title='bbox 2242 422 2362 478; x_wconf 83' lang='lat' dir='ltr'><strong>Jam</strong></span> <span class='ocrx_word' id='word_1_14' title='bbox 2414 422 2615 495; x_wconf 82' lang='lat' dir='ltr'><strong>quippe</strong></span> <span class='ocrx_word' id='word_1_15' title='bbox 2645 421 2751 508; x_wconf 80' lang='lat' dir='ltr'><strong>sub</strong></span> <span class='ocrx_word' id='word_1_16' title='bbox 2785 421 2906 492; x_wconf 94' lang='lat' dir='ltr'><strong>ejus</strong></span> <span class='ocrx_word' id='word_1_17' title='bbox 2945 423 3304 481; x_wconf 86' lang='lat' dir='ltr'><strong>contubernio</strong></span> <span class='ocrx_word' id='word_1_18' title='bbox 3356 436 3507 487; x_wconf 89' lang='lat' dir='ltr'><strong>tanta</strong></span> 
     </span>
    </p>
   </div>
   <div class='ocr_carea' id='block_1_5' title="bbox 238 514 1821 589">
    <p class='ocr_par' dir='ltr' id='par_1_5' title="bbox 238 514 1821 589">
     <span class='ocr_line' id='line_1_5' title="bbox 238 514 1821 589; baseline 0.003 -18"><span class='ocrx_word' id='word_1_19' title='bbox 238 531 450 580; x_wconf 86' lang='lat' dir='ltr'><strong>omnes,</strong></span> <span class='ocrx_word' id='word_1_20' title='bbox 481 514 803 570; x_wconf 78' lang='lat' dir='ltr'><strong>dissuadent</strong></span> <span class='ocrx_word' id='word_1_21' title='bbox 831 515 1075 589; x_wconf 79' lang='lat' dir='ltr'><strong>plurimi,</strong></span> <span class='ocrx_word' id='word_1_22' title='bbox 1099 527 1479 588; x_wconf 91' lang='lat' dir='ltr'><strong>proponuntur</strong></span> <span class='ocrx_word' id='word_1_23' title='bbox 1500 519 1821 575; x_wconf 85' lang='lat' dir='ltr'><strong>multimoda</strong></span> 
     </span>
    </p>
   </div>
   <div class='ocr_carea' id='block_1_6' title="bbox 239 605 1824 683">
    <p class='ocr_par' dir='ltr' id='par_1_6' title="bbox 239 605 1824 683">
     <span class='ocr_line' id='line_1_6' title="bbox 239 605 1824 683; baseline 0.004 -23"><span class='ocrx_word' id='word_1_24' title='bbox 239 622 530 660; x_wconf 81' lang='lat' dir='ltr'><strong>causarum</strong></span> <span class='ocrx_word' id='word_1_25' title='bbox 561 605 901 671; x_wconf 84' lang='lat' dir='ltr'><strong>discrimina,</strong></span> <span class='ocrx_word' id='word_1_26' title='bbox 929 609 1123 663; x_wconf 89' lang='lat' dir='ltr'><strong>mortis</strong></span> <span class='ocrx_word' id='word_1_27' title='bbox 1150 609 1492 677; x_wconf 70' lang='lat' dir='ltr'><strong>intercessio,</strong></span> <span class='ocrx_word' id='word_1_28' title='bbox 1521 612 1711 683; x_wconf 86' lang='lat' dir='ltr'><strong>patria</strong></span> <span class='ocrx_word' id='word_1_29' title='bbox 1733 612 1824 667; x_wconf 88' lang='lat' dir='ltr'><strong>de-</strong></span> 
     </span>
    </p>
   </div>
   <div class='ocr_carea' id='block_1_7' title="bbox 241 697 1817 763">
    <p class='ocr_par' dir='ltr' id='par_1_7' title="bbox 241 697 1817 763">
     <span class='ocr_line' id='line_1_7' title="bbox 241 697 1817 763; baseline 0.003 -10"><span class='ocrx_word' id='word_1_30' title='bbox 241 698 455 763; x_wconf 81' lang='lat' dir='ltr'><strong>solatio,</strong></span> <span class='ocrx_word' id='word_1_31' title='bbox 504 697 672 753; x_wconf 89' lang='lat' dir='ltr'><strong>simul</strong></span> <span class='ocrx_word' id='word_1_32' title='bbox 719 697 979 754; x_wconf 87' lang='lat' dir='ltr'><strong>Ecclesia</strong></span> <span class='ocrx_word' id='word_1_33' title='bbox 1023 700 1127 755; x_wconf 89' lang='lat' dir='ltr'><strong>sibi</strong></span> <span class='ocrx_word' id='word_1_34' title='bbox 1174 702 1484 758; x_wconf 87' lang='lat' dir='ltr'><strong>commissa</strong></span> <span class='ocrx_word' id='word_1_35' title='bbox 1517 703 1817 758; x_wconf 90' lang='lat' dir='ltr'><strong>destitutio.</strong></span> 
     </span>
    </p>
   </div>
   <div class='ocr_carea' id='block_1_8' title="bbox 241 789 1824 865">
    <p class='ocr_par' dir='ltr' id='par_1_8' title="bbox 241 789 1824 865">
     <span class='ocr_line' id='line_1_8' title="bbox 241 789 1824 865; baseline 0.004 -21"><span class='ocrx_word' id='word_1_36' title='bbox 241 789 452 856; x_wconf 79' lang='lat' dir='ltr'><strong>Quibus</strong></span> <span class='ocrx_word' id='word_1_37' title='bbox 475 806 630 845; x_wconf 89' lang='lat' dir='ltr'><strong>mens</strong></span> <span class='ocrx_word' id='word_1_38' title='bbox 651 791 837 846; x_wconf 83' lang='lat' dir='ltr'><strong>sanior</strong></span> <span class='ocrx_word' id='word_1_39' title='bbox 861 791 981 858; x_wconf 87' lang='lat' dir='ltr'><strong>fuit,</strong></span> <span class='ocrx_word' id='word_1_40' title='bbox 1015 793 1179 848; x_wconf 87' lang='lat' dir='ltr'><strong>altius</strong></span> <span class='ocrx_word' id='word_1_41' title='bbox 1208 794 1619 850; x_wconf 83' lang='lat' dir='ltr'><strong>considerantes</strong></span> <span class='ocrx_word' id='word_1_42' title='bbox 1638 795 1824 865; x_wconf 85' lang='lat' dir='ltr'><strong>ponti-</strong></span> 
     </span>
    </p>
   </div>
   <div class='ocr_carea' id='block_1_9' title="bbox 241 882 1823 961">
    <p class='ocr_par' dir='ltr' id='par_1_9' title="bbox 241 882 1823 961">
     <span class='ocr_line' id='line_1_9' title="bbox 241 882 1823 961; baseline 0.004 -25"><span class='ocrx_word' id='word_1_43' title='bbox 241 882 397 936; x_wconf 81' lang='lat' dir='ltr'><strong>ficale</strong></span> <span class='ocrx_word' id='word_1_44' title='bbox 438 882 805 961; x_wconf 85' lang='lat' dir='ltr'><strong>propositum,</strong></span> <span class='ocrx_word' id='word_1_45' title='bbox 840 893 1099 939; x_wconf 89' lang='lat' dir='ltr'><strong>verentur</strong></span> <span class='ocrx_word' id='word_1_46' title='bbox 1150 886 1546 953; x_wconf 85' lang='lat' dir='ltr'><strong>contradicere,</strong></span> <span class='ocrx_word' id='word_1_47' title='bbox 1572 896 1823 942; x_wconf 81' lang='lat' dir='ltr'><strong>metuen-</strong></span> 
     </span>
    </p>
   </div>
   <div class='ocr_carea' id='block_1_10' title="bbox 242 960 1824 1034">
    <p class='ocr_par' dir='ltr' id='par_1_10' title="bbox 242 960 1824 1034">
     <span class='ocr_line' id='line_1_10' title="bbox 242 960 1824 1034; baseline 0.005 -8"><span class='ocrx_word' id='word_1_48' title='bbox 242 960 323 1028; x_wconf 73' lang='lat' dir='ltr'><strong>tes</strong></span> <span class='ocrx_word' id='word_1_49' title='bbox 341 989 410 1028; x_wconf 83' lang='lat' dir='ltr'><strong>ex</strong></span> <span class='ocrx_word' id='word_1_50' title='bbox 441 973 546 1028; x_wconf 87' lang='lat' dir='ltr'><strong>hoc</strong></span> <span class='ocrx_word' id='word_1_51' title='bbox 569 973 664 1029; x_wconf 88' lang='lat' dir='ltr'><strong>Dei</strong></span> <span class='ocrx_word' id='word_1_52' title='bbox 682 975 766 1029; x_wconf 89' lang='lat' dir='ltr'><strong>vel</strong></span> <span class='ocrx_word' id='word_1_53' title='bbox 783 974 993 1031; x_wconf 88' lang='lat' dir='ltr'><strong>domini</strong></span> <span class='ocrx_word' id='word_1_54' title='bbox 1019 976 1105 1030; x_wconf 92' lang='lat' dir='ltr'><strong>sui</strong></span> <span class='ocrx_word' id='word_1_55' title='bbox 1131 977 1660 1034; x_wconf 79' lang='lat' dir='ltr'><strong>animadversionem</strong></span> <span class='ocrx_word' id='word_1_56' title='bbox 1691 974 1824 1034; x_wconf 49' lang='lat' dir='ltr'><strong>sub?</strong></span> 
     </span>
    </p>
   </div>
   <div class='ocr_carea' id='block_1_11' title="bbox 242 1062 1825 1137">
    <p class='ocr_par' dir='ltr' id='par_1_11' title="bbox 242 1062 1825 1137">
     <span class='ocr_line' id='line_1_11' title="bbox 242 1062 1825 1137; baseline 0.002 -18"><span class='ocrx_word' id='word_1_57' title='bbox 242 1064 342 1135; x_wconf 87' lang='lat' dir='ltr'><strong>ire.</strong></span> <span class='ocrx_word' id='word_1_58' title='bbox 378 1062 612 1119; x_wconf 84' lang='lat' dir='ltr'><strong>Domino</strong></span> <span class='ocrx_word' id='word_1_59' title='bbox 634 1065 892 1136; x_wconf 83' lang='lat' dir='ltr'><strong>pontifice</strong></span> <span class='ocrx_word' id='word_1_60' title='bbox 933 1075 1290 1137; x_wconf 83' lang='lat' dir='ltr'><strong>protestante,</strong></span> <span class='ocrx_word' id='word_1_61' title='bbox 1315 1068 1553 1123; x_wconf 83' lang='lat' dir='ltr'><strong>Reddam</strong></span> <span class='ocrx_word' id='word_1_62' title='bbox 1575 1069 1685 1125; x_wconf 88' lang='lat' dir='ltr'><strong>Deo</strong></span> <span class='ocrx_word' id='word_1_63' title='bbox 1707 1080 1825 1124; x_wconf 78' lang='lat' dir='ltr'><strong>vota</strong></span> 
     </span>
    </p>
   </div>
   <div class='ocr_carea' id='block_1_12' title="bbox 242 1155 1825 1233">
    <p class='ocr_par' dir='ltr' id='par_1_12' title="bbox 242 1155 1825 1233">
     <span class='ocr_line' id='line_1_12' title="bbox 242 1155 1825 1233; baseline 0.005 -26"><span class='ocrx_word' id='word_1_64' title='bbox 242 1171 355 1233; x_wconf 80' lang='lat' dir='ltr'><strong>mea</strong></span> <span class='ocrx_word' id='word_1_65' title='bbox 393 1172 513 1226; x_wconf 73' lang='lat' dir='ltr'><strong>qua:</strong></span> <span class='ocrx_word' id='word_1_66' title='bbox 539 1155 899 1211; x_wconf 70' lang='lat' dir='ltr'><strong>distinxerunt</strong></span> <span class='ocrx_word' id='word_1_67' title='bbox 930 1157 1074 1212; x_wconf 80' lang='lat' dir='ltr'><strong>labia</strong></span> <span class='ocrx_word' id='word_1_68' title='bbox 1107 1175 1221 1213; x_wconf 86' lang='lat' dir='ltr'><strong>mea</strong></span> <span class='ocrx_word' id='word_1_69' title='bbox 1261 1157 1436 1229; x_wconf 74' lang='lat' dir='ltr'><strong>(Psal.</strong></span> <span class='ocrx_word' id='word_1_70' title='bbox 1484 1176 1573 1228; x_wconf 69' lang='grc' dir='ltr'><strong>ιι,</strong></span> <span class='ocrx_word' id='word_1_71' title='bbox 1604 1158 1682 1232; x_wconf 87' lang='grc'><strong>9),</strong></span> <span class='ocrx_word' id='word_1_72' title='bbox 1715 1176 1825 1216; x_wconf 92' lang='lat' dir='ltr'><strong>non</strong></span> 
     </span>
    </p>
   </div>
   <div class='ocr_carea' id='block_1_13' title="bbox 241 1246 1319 1319">
    <p class='ocr_par' dir='ltr' id='par_1_13' title="bbox 241 1246 1319 1319">
     <span class='ocr_line' id='line_1_13' title="bbox 241 1246 1319 1319; baseline 0.005 -17"><span class='ocrx_word' id='word_1_73' title='bbox 241 1246 360 1302; x_wconf 85' lang='lat' dir='ltr'><strong>sine</strong></span> <span class='ocrx_word' id='word_1_74' title='bbox 380 1246 508 1302; x_wconf 84' lang='lat' dir='ltr'><strong>fletu</strong></span> <span class='ocrx_word' id='word_1_75' title='bbox 537 1250 741 1319; x_wconf 88' lang='lat' dir='ltr'><strong>pariter</strong></span> <span class='ocrx_word' id='word_1_76' title='bbox 777 1266 967 1306; x_wconf 91' lang='lat' dir='ltr'><strong>omnes</strong></span> <span class='ocrx_word' id='word_1_77' title='bbox 995 1252 1319 1307; x_wconf 89' lang='lat' dir='ltr'><strong>assentiunt.</strong></span> 
     </span>
    </p>
   </div>
   <div class='ocr_carea' id='block_1_14' title="bbox 821 1340 1261 1397">
    <p class='ocr_par' dir='ltr' id='par_1_14' title="bbox 821 1340 1261 1397">
     <span class='ocr_line' id='line_1_14' title="bbox 821 1340 1261 1397; baseline 0.002 -1"><span class='ocrx_word' id='word_1_78' title='bbox 821 1340 1054 1396; x_wconf 80' lang='lat' dir='ltr'><strong>CAPUT</strong></span> <span class='ocrx_word' id='word_1_79' title='bbox 1093 1341 1261 1397; x_wconf 74' lang='lat' dir='ltr'><strong>XXX.</strong></span> 
     </span>
    </p>
   </div>
   <div class='ocr_carea' id='block_1_15' title="bbox 288 1420 1755 1501">
    <p class='ocr_par' dir='ltr' id='par_1_15' title="bbox 288 1420 1755 1501">
     <span class='ocr_line' id='line_1_15' title="bbox 288 1420 1755 1501; baseline 0.003 -18"><span class='ocrx_word' id='word_1_80' title='bbox 288 1420 416 1483; x_wconf 44' lang='lat' dir='ltr'><strong>&#39;Ubi</strong></span> <span class='ocrx_word' id='word_1_81' title='bbox 441 1431 756 1501; x_wconf 80' lang='lat' dir='ltr'><strong>conﬁrmato</strong></span> <span class='ocrx_word' id='word_1_82' title='bbox 787 1431 1012 1486; x_wconf 78' lang='lat' dir='ltr'><strong>consilio</strong></span> <span class='ocrx_word' id='word_1_83' title='bbox 1039 1433 1367 1501; x_wconf 74' lang='lat' dir='ltr'><strong>fmderautur</strong></span> <span class='ocrx_word' id='word_1_84' title='bbox 1394 1433 1493 1488; x_wconf 72' lang='lat' dir='ltr'><strong>vite</strong></span> <span class='ocrx_word' id='word_1_85' title='bbox 1516 1433 1755 1488; x_wconf 61' lang='lat' dir='ltr'><strong>comitest</strong></span> 
     </span>
    </p>
   </div>
   <div class='ocr_carea' id='block_1_16' title="bbox 310 1512 1832 1591">
    <p class='ocr_par' dir='ltr' id='par_1_16' title="bbox 310 1512 1832 1591">
     <span class='ocr_line' id='line_1_16' title="bbox 310 1512 1832 1591; baseline 0.004 -18"><span class='ocrx_word' id='word_1_86' title='bbox 310 1519 560 1576; x_wconf 81' lang='lat' dir='ltr'><strong>Consilio</strong></span> <span class='ocrx_word' id='word_1_87' title='bbox 613 1512 937 1579; x_wconf 80' lang='lat' dir='ltr'><strong>confirmato</strong></span> <span class='ocrx_word' id='word_1_88' title='bbox 982 1521 1319 1578; x_wconf 87' lang='lat' dir='ltr'><strong>foederantur</strong></span> <span class='ocrx_word' id='word_1_89' title='bbox 1370 1524 1598 1579; x_wconf 83' lang='lat' dir='ltr'><strong>comites</strong></span> <span class='ocrx_word' id='word_1_90' title='bbox 1624 1566 1639 1591; x_wconf 95' lang='lat'><strong>,</strong></span> <span class='ocrx_word' id='word_1_91' title='bbox 1690 1524 1832 1579; x_wconf 88' lang='lat' dir='ltr'><strong>inter</strong></span> 
     </span>
    </p>
   </div>
   <div class='ocr_carea' id='block_1_17' title="bbox 146 1615 1827 1687">
    <p class='ocr_par' dir='ltr' id='par_1_17' title="bbox 146 1615 1827 1687">
     <span class='ocr_line' id='line_1_17' title="bbox 146 1615 1827 1687; baseline 0.002 -18"><span class='ocrx_word' id='word_1_92' title='bbox 146 1666 151 1669; x_wconf 94' lang='lat'>_</span> <span class='ocrx_word' id='word_1_93' title='bbox 240 1628 384 1682; x_wconf 82' lang='lat' dir='ltr'><strong>quos</strong></span> <span class='ocrx_word' id='word_1_94' title='bbox 426 1621 480 1668; x_wconf 88' lang='lat' dir='ltr'><strong>et</strong></span> <span class='ocrx_word' id='word_1_95' title='bbox 507 1629 618 1685; x_wconf 87' lang='lat' dir='ltr'><strong>pra</strong></span> <span class='ocrx_word' id='word_1_96' title='bbox 646 1615 847 1685; x_wconf 88' lang='lat' dir='ltr'><strong>quibus</strong></span> <span class='ocrx_word' id='word_1_97' title='bbox 882 1615 939 1669; x_wconf 82' lang='lat' dir='ltr'><strong>hi</strong></span> <span class='ocrx_word' id='word_1_98' title='bbox 984 1631 1220 1687; x_wconf 83' lang='lat' dir='ltr'><strong>quorum</strong></span> <span class='ocrx_word' id='word_1_99' title='bbox 1272 1617 1497 1672; x_wconf 91' lang='lat' dir='ltr'><strong>nomina</strong></span> <span class='ocrx_word' id='word_1_100' title='bbox 1533 1617 1827 1672; x_wconf 86' lang='lat' dir='ltr'><strong>subtitula-</strong></span> 
     </span>
    </p>
   </div>
   <div class='ocr_carea' id='block_1_18' title="bbox 243 1690 1827 1779">
    <p class='ocr_par' dir='ltr' id='par_1_18' title="bbox 243 1690 1827 1779">
     <span class='ocr_line' id='line_1_18' title="bbox 243 1690 1827 1779; baseline 0.004 -21"><span class='ocrx_word' id='word_1_101' title='bbox 243 1690 399 1758; x_wconf 74' lang='lat' dir='ltr'><strong>nius:</strong></span> <span class='ocrx_word' id='word_1_102' title='bbox 424 1704 662 1771; x_wconf 78' lang='lat' dir='ltr'><strong>domnus</strong></span> <span class='ocrx_word' id='word_1_103' title='bbox 688 1705 1014 1764; x_wconf 86' lang='lat' dir='ltr'><strong>Walcherus</strong></span> <span class='ocrx_word' id='word_1_104' title='bbox 1035 1707 1458 1764; x_wconf 84' lang='lat' dir='ltr'><strong>archidiaconus</strong></span> <span class='ocrx_word' id='word_1_105' title='bbox 1482 1716 1538 1764; x_wconf 91' lang='lat' dir='ltr'><strong>et</strong></span> <span class='ocrx_word' id='word_1_106' title='bbox 1563 1710 1827 1779; x_wconf 85' lang='lat' dir='ltr'><strong>praposi-</strong></span> 
     </span>
    </p>
   </div>
   <div class='ocr_carea' id='block_1_19' title="bbox 1924 515 3508 591">
    <p class='ocr_par' dir='ltr' id='par_1_19' title="bbox 1924 515 3508 591">
     <span class='ocr_line' id='line_1_19' title="bbox 1924 515 3508 591; baseline 0.002 -16"><span class='ocrx_word' id='word_1_107' title='bbox 1924 526 2144 591; x_wconf 88' lang='lat' dir='ltr'><strong>tamque</strong></span> <span class='ocrx_word' id='word_1_108' title='bbox 2174 516 2459 588; x_wconf 81' lang='lat' dir='ltr'><strong>multiplex</strong></span> <span class='ocrx_word' id='word_1_109' title='bbox 2484 516 2640 587; x_wconf 87' lang='lat' dir='ltr'><strong>copia</strong></span> <span class='ocrx_word' id='word_1_110' title='bbox 2664 515 2849 587; x_wconf 88' lang='lat' dir='ltr'><strong>populi</strong></span> <span class='ocrx_word' id='word_1_111' title='bbox 2878 517 3106 584; x_wconf 84' lang='lat' dir='ltr'><strong>coierat,</strong></span> <span class='ocrx_word' id='word_1_112' title='bbox 3138 526 3198 573; x_wconf 94' lang='lat' dir='ltr'><strong>ut</strong></span> <span class='ocrx_word' id='word_1_113' title='bbox 3233 522 3508 579; x_wconf 81' lang='lat' dir='ltr'><strong>exercitus</strong></span> 
     </span>
    </p>
   </div>
   <div class='ocr_carea' id='block_1_20' title="bbox 1924 609 3507 687">
    <p class='ocr_par' dir='ltr' id='par_1_20' title="bbox 1924 609 3507 687">
     <span class='ocr_line' id='line_1_20' title="bbox 1924 609 3507 687; baseline 0.003 -22"><span class='ocrx_word' id='word_1_114' title='bbox 1924 611 2142 668; x_wconf 85' lang='lat' dir='ltr'><strong>Domini</strong></span> <span class='ocrx_word' id='word_1_115' title='bbox 2168 610 2477 677; x_wconf 87' lang='lat' dir='ltr'><strong>diceretur;</strong></span> <span class='ocrx_word' id='word_1_116' title='bbox 2502 610 2584 664; x_wconf 90' lang='lat' dir='ltr'><strong>sic</strong></span> <span class='ocrx_word' id='word_1_117' title='bbox 2614 624 2790 679; x_wconf 90' lang='lat' dir='ltr'><strong>usque</strong></span> <span class='ocrx_word' id='word_1_118' title='bbox 2817 609 2871 663; x_wconf 92' lang='lat' dir='ltr'><strong>in</strong></span> <span class='ocrx_word' id='word_1_119' title='bbox 2895 619 3170 669; x_wconf 83' lang='lat' dir='ltr'><strong>extremos</strong></span> <span class='ocrx_word' id='word_1_120' title='bbox 3193 612 3331 671; x_wconf 81' lang='lat' dir='ltr'><strong>fines</strong></span> <span class='ocrx_word' id='word_1_121' title='bbox 3353 616 3507 687; x_wconf 90' lang='lat' dir='ltr'><strong>regni</strong></span> 
     </span>
    </p>
   </div>
   <div class='ocr_carea' id='block_1_21' title="bbox 1924 700 3507 772">
    <p class='ocr_par' dir='ltr' id='par_1_21' title="bbox 1924 700 3507 772">
     <span class='ocr_line' id='line_1_21' title="bbox 1924 700 3507 772; baseline 0.004 -14"><span class='ocrx_word' id='word_1_122' title='bbox 1924 704 2034 770; x_wconf 88' lang='lat' dir='ltr'><strong>sui,</strong></span> <span class='ocrx_word' id='word_1_123' title='bbox 2061 702 2190 758; x_wconf 88' lang='lat' dir='ltr'><strong>dato</strong></span> <span class='ocrx_word' id='word_1_124' title='bbox 2219 702 2380 769; x_wconf 89' lang='lat' dir='ltr'><strong>duce,</strong></span> <span class='ocrx_word' id='word_1_125' title='bbox 2406 700 2502 757; x_wconf 88' lang='lat' dir='ltr'><strong>Dei</strong></span> <span class='ocrx_word' id='word_1_126' title='bbox 2532 709 2860 771; x_wconf 83' lang='lat' dir='ltr'><strong>procurante</strong></span> <span class='ocrx_word' id='word_1_127' title='bbox 2904 702 3303 772; x_wconf 84' lang='lat' dir='ltr'><strong>misericordia,</strong></span> <span class='ocrx_word' id='word_1_128' title='bbox 3340 720 3507 764; x_wconf 88' lang='lat' dir='ltr'><strong>secu-</strong></span> 
     </span>
    </p>
   </div>
   <div class='ocr_carea' id='block_1_22' title="bbox 1924 790 3507 867">
    <p class='ocr_par' dir='ltr' id='par_1_22' title="bbox 1924 790 3507 867">
     <span class='ocr_line' id='line_1_22' title="bbox 1924 790 3507 867; baseline -0.005 -20"><span class='ocrx_word' id='word_1_129' title='bbox 1924 808 2048 847; x_wconf 89' lang='lat' dir='ltr'><strong>rum</strong></span> <span class='ocrx_word' id='word_1_130' title='bbox 2070 790 2344 867; x_wconf 87' lang='lat' dir='ltr'><strong>concessit</strong></span> <span class='ocrx_word' id='word_1_131' title='bbox 2378 791 2551 845; x_wconf 89' lang='lat' dir='ltr'><strong>abire.</strong></span> <span class='ocrx_word' id='word_1_132' title='bbox 3178 852 3185 861; x_wconf 29' lang='lat'>‘</span> <span class='ocrx_word' id='word_1_133' title='bbox 3499 797 3507 800; x_wconf 73' lang='lat'><strong><em>&#39;</em></strong></span> 
     </span>
    </p>
   </div>
   <div class='ocr_carea' id='block_1_23' title="bbox 2376 900 2973 958">
    <p class='ocr_par' dir='ltr' id='par_1_23' title="bbox 2376 900 2973 958">
     <span class='ocr_line' id='line_1_23' title="bbox 2376 900 2973 958; baseline -0.002 1"><span class='ocrx_word' id='word_1_134' title='bbox 2376 938 2379 943; x_wconf 94' lang='lat'><strong><em>-</em></strong></span> <span class='ocrx_word' id='word_1_135' title='bbox 2464 901 2694 958; x_wconf 80' lang='lat' dir='ltr'><strong>CAPUT</strong></span> <span class='ocrx_word' id='word_1_136' title='bbox 2732 900 2973 958; x_wconf 79' lang='lat' dir='ltr'><strong>XXXIII.</strong></span> 
     </span>
    </p>
   </div>
   <div class='ocr_carea' id='block_1_24' title="bbox 1932 993 3514 1117">
    <p class='ocr_par' dir='ltr' id='par_1_24' title="bbox 1932 993 3514 1117">
     <span class='ocr_line' id='line_1_24' title="bbox 1932 993 3514 1117; baseline -0.001 -64"><span class='ocrx_word' id='word_1_137' title='bbox 1932 996 2033 1054; x_wconf 86' lang='lat' dir='ltr'><strong>Ubi</strong></span> <span class='ocrx_word' id='word_1_138' title='bbox 2051 998 2222 1052; x_wconf 75' lang='lat' dir='ltr'><strong>socios</strong></span> <span class='ocrx_word' id='word_1_139' title='bbox 2268 1006 2408 1051; x_wconf 79' lang='lat' dir='ltr'><strong>metu</strong></span> <span class='ocrx_word' id='word_1_140' title='bbox 2450 996 2821 1117; x_wconf 56' lang='lat' dir='ltr'><strong>barbarorum‘</strong></span> <span class='ocrx_word' id='word_1_141' title='bbox 2845 994 3126 1050; x_wconf 69' lang='lat' dir='ltr'><strong>exterritos</strong></span> <span class='ocrx_word' id='word_1_142' title='bbox 3161 993 3409 1063; x_wconf 65' lang='lat' dir='ltr'><strong>hortatur</strong></span> <span class='ocrx_word' id='word_1_143' title='bbox 3442 1010 3514 1061; x_wconf 63' lang='lat' dir='ltr'><strong>ita</strong></span> 
     </span>
     <span class='ocr_line' id='line_1_25' title="bbox 2597 1081 2841 1117; baseline 0 0"><span class='ocrx_word' id='word_1_144' title='bbox 2597 1081 2797 1117; x_wconf 71' lang='lat' dir='ltr'><strong>paveat:</strong></span> <span class='ocrx_word' id='word_1_145' title='bbox 2827 1105 2841 1117; x_wconf 91' lang='lat'><strong>.</strong></span> 
     </span>
    </p>
   </div>
   <div class='ocr_carea' id='block_1_25' title="bbox 2596 1081 2841 1136">
    <p class='ocr_par' dir='ltr' id='par_1_25' title="bbox 2596 1081 2841 1136">
     <span class='ocr_line' id='line_1_26' title="bbox 2596 1081 2841 1136; baseline -0.004 -16"><span class='ocrx_word' id='word_1_146' title='bbox 2596 1081 2841 1136; x_wconf 78' lang='lat' dir='ltr'><strong>paveant.</strong></span> 
     </span>
    </p>
   </div>
   <div class='ocr_carea' id='block_1_26' title="bbox 1997 1138 3512 1231">
    <p class='ocr_par' dir='ltr' id='par_1_26' title="bbox 1997 1138 3512 1231">
     <span class='ocr_line' id='line_1_27' title="bbox 1997 1138 3512 1231; baseline 0 -19"><span class='ocrx_word' id='word_1_147' title='bbox 1997 1157 2422 1231; x_wconf 83' lang='lat' dir='ltr'><strong>Pratergressus</strong></span> <span class='ocrx_word' id='word_1_148' title='bbox 2464 1156 2841 1212; x_wconf 87' lang='lat' dir='ltr'><strong>Romanorum</strong></span> <span class='ocrx_word' id='word_1_149' title='bbox 2884 1154 3020 1211; x_wconf 87' lang='lat' dir='ltr'><strong>fines</strong></span> <span class='ocrx_word' id='word_1_150' title='bbox 3059 1154 3392 1222; x_wconf 91' lang='lat' dir='ltr'><strong>limitaueos,</strong></span> <span class='ocrx_word' id='word_1_151' title='bbox 3420 1138 3512 1212; x_wconf 66' lang='lat' dir='ltr'><strong>in«</strong></span> 
     </span>
    </p>
   </div>
   <div class='ocr_carea' id='block_1_27' title="bbox 1928 1234 3514 1323">
    <p class='ocr_par' dir='ltr' id='par_1_27' title="bbox 1928 1234 3514 1323">
     <span class='ocr_line' id='line_1_28' title="bbox 1928 1234 3514 1323; baseline 0.001 -18"><span class='ocrx_word' id='word_1_152' title='bbox 1928 1251 2171 1322; x_wconf 79' lang='lat' dir='ltr'><strong>greditur</strong></span> <span class='ocrx_word' id='word_1_153' title='bbox 2202 1251 2525 1306; x_wconf 87' lang='lat' dir='ltr'><strong>solitudines</strong></span> <span class='ocrx_word' id='word_1_154' title='bbox 2565 1250 2857 1315; x_wconf 88' lang='lat' dir='ltr'><strong>saltuosas,</strong></span> <span class='ocrx_word' id='word_1_155' title='bbox 2894 1264 3033 1319; x_wconf 88' lang='lat' dir='ltr'><strong>quas</strong></span> <span class='ocrx_word' id='word_1_156' title='bbox 3061 1249 3273 1305; x_wconf 88' lang='lat' dir='ltr'><strong>deserta</strong></span> <span class='ocrx_word' id='word_1_157' title='bbox 3312 1234 3514 1323; x_wconf 46' lang='lat' dir='ltr'><strong>Bulgaé</strong></span> 
     </span>
    </p>
   </div>
   <div class='ocr_carea' id='block_1_28' title="bbox 1931 1336 3511 1414">
    <p class='ocr_par' dir='ltr' id='par_1_28' title="bbox 1931 1336 3511 1414">
     <span class='ocr_line' id='line_1_29' title="bbox 1931 1336 3511 1414; baseline 0 -19"><span class='ocrx_word' id='word_1_158' title='bbox 1931 1341 2026 1396; x_wconf 93' lang='lat' dir='ltr'><strong>ria</strong></span> <span class='ocrx_word' id='word_1_159' title='bbox 2053 1343 2359 1410; x_wconf 89' lang='lat' dir='ltr'><strong>nominant,</strong></span> <span class='ocrx_word' id='word_1_160' title='bbox 2402 1356 2651 1412; x_wconf 89' lang='lat' dir='ltr'><strong>quasque</strong></span> <span class='ocrx_word' id='word_1_161' title='bbox 2693 1336 2988 1394; x_wconf 88' lang='lat' dir='ltr'><strong>latrunculi</strong></span> <span class='ocrx_word' id='word_1_162' title='bbox 3028 1337 3295 1414; x_wconf 84' lang='lat' dir='ltr'><strong>Scythica</strong></span> <span class='ocrx_word' id='word_1_163' title='bbox 3331 1340 3511 1413; x_wconf 86' lang='lat' dir='ltr'><strong>gentis</strong></span> 
     </span>
    </p>
   </div>
   <div class='ocr_carea' id='block_1_29' title="bbox 1932 1430 3512 1507">
    <p class='ocr_par' dir='ltr' id='par_1_29' title="bbox 1932 1430 3512 1507">
     <span class='ocr_line' id='line_1_30' title="bbox 1932 1430 3512 1507; baseline 0.001 -21"><span class='ocrx_word' id='word_1_164' title='bbox 1932 1431 2241 1507; x_wconf 86' lang='lat' dir='ltr'><strong>inhabitant</strong></span> <span class='ocrx_word' id='word_1_165' title='bbox 2271 1453 2284 1488; x_wconf 89' lang='lat'><strong>:</strong></span> <span class='ocrx_word' id='word_1_166' title='bbox 2334 1432 2392 1487; x_wconf 92' lang='lat' dir='ltr'><strong>hi</strong></span> <span class='ocrx_word' id='word_1_167' title='bbox 2417 1433 2673 1504; x_wconf 82' lang='lat' dir='ltr'><strong>degentes</strong></span> <span class='ocrx_word' id='word_1_168' title='bbox 2700 1445 2852 1487; x_wconf 88' lang='lat' dir='ltr'><strong>more</strong></span> <span class='ocrx_word' id='word_1_169' title='bbox 2886 1430 3127 1486; x_wconf 87' lang='lat' dir='ltr'><strong>ferarum</strong></span> <span class='ocrx_word' id='word_1_170' title='bbox 3158 1430 3324 1486; x_wconf 90' lang='lat' dir='ltr'><strong>nullis</strong></span> <span class='ocrx_word' id='word_1_171' title='bbox 3353 1447 3512 1487; x_wconf 87' lang='lat' dir='ltr'><strong>coer-</strong></span> 
     </span>
    </p>
   </div>
   <div class='ocr_carea' id='block_1_30' title="bbox 1930 1516 3515 1596">
    <p class='ocr_par' dir='ltr' id='par_1_30' title="bbox 1930 1516 3515 1596">
     <span class='ocr_line' id='line_1_31' title="bbox 1930 1516 3515 1596; baseline -0.001 -18"><span class='ocrx_word' id='word_1_172' title='bbox 1930 1532 2122 1578; x_wconf 89' lang='lat' dir='ltr'><strong>centur</strong></span> <span class='ocrx_word' id='word_1_173' title='bbox 2164 1525 2395 1596; x_wconf 84' lang='lat' dir='ltr'><strong>legibus,</strong></span> <span class='ocrx_word' id='word_1_174' title='bbox 2446 1523 2612 1579; x_wconf 90' lang='lat' dir='ltr'><strong>nullis</strong></span> <span class='ocrx_word' id='word_1_175' title='bbox 2644 1522 2996 1578; x_wconf 88' lang='lat' dir='ltr'><strong>continentur</strong></span> <span class='ocrx_word' id='word_1_176' title='bbox 3026 1522 3273 1591; x_wconf 87' lang='lat' dir='ltr'><strong>urbibus,</strong></span> <span class='ocrx_word' id='word_1_177' title='bbox 3298 1516 3402 1579; x_wconf 88' lang='lat' dir='ltr'><strong>sub</strong></span> <span class='ocrx_word' id='word_1_178' title='bbox 3422 1522 3515 1578; x_wconf 93' lang='lat' dir='ltr'><strong>dio</strong></span> 
     </span>
    </p>
   </div>
   <div class='ocr_carea' id='block_1_31' title="bbox 1932 1612 3517 1685">
    <p class='ocr_par' dir='ltr' id='par_1_31' title="bbox 1932 1612 3517 1685">
     <span class='ocr_line' id='line_1_32' title="bbox 1932 1612 3517 1685; baseline 0 -18"><span class='ocrx_word' id='word_1_179' title='bbox 1932 1624 2172 1681; x_wconf 88' lang='lat' dir='ltr'><strong>manent,</strong></span> <span class='ocrx_word' id='word_1_180' title='bbox 2201 1631 2341 1685; x_wconf 90' lang='lat' dir='ltr'><strong>quas</strong></span> <span class='ocrx_word' id='word_1_181' title='bbox 2368 1631 2474 1670; x_wconf 87' lang='lat' dir='ltr'><strong>nox</strong></span> <span class='ocrx_word' id='word_1_182' title='bbox 2503 1615 2741 1685; x_wconf 82' lang='lat' dir='ltr'><strong>coegerit</strong></span> <span class='ocrx_word' id='word_1_183' title='bbox 2762 1612 2921 1669; x_wconf 85' lang='lat' dir='ltr'><strong>sedes</strong></span> <span class='ocrx_word' id='word_1_184' title='bbox 2940 1613 3162 1682; x_wconf 88' lang='lat' dir='ltr'><strong>habent,</strong></span> <span class='ocrx_word' id='word_1_185' title='bbox 3184 1623 3517 1684; x_wconf 73' lang='lat' dir='ltr'><strong>praetereun-</strong></span> 
     </span>
    </p>
   </div>
   <div class='ocr_carea' id='block_1_32' title="bbox 1932 1704 3520 1777">
    <p class='ocr_par' dir='ltr' id='par_1_32' title="bbox 1932 1704 3520 1777">
     <span class='ocr_line' id='line_1_33' title="bbox 1932 1704 3520 1777; baseline 0.001 -19"><span class='ocrx_word' id='word_1_186' title='bbox 1932 1712 2015 1759; x_wconf 91' lang='lat' dir='ltr'><strong>tes</strong></span> <span class='ocrx_word' id='word_1_187' title='bbox 2044 1705 2318 1771; x_wconf 87' lang='lat' dir='ltr'><strong>obsident,</strong></span> <span class='ocrx_word' id='word_1_188' title='bbox 2345 1705 2535 1760; x_wconf 88' lang='lat' dir='ltr'><strong>obvios</strong></span> <span class='ocrx_word' id='word_1_189' title='bbox 2562 1705 2917 1772; x_wconf 84' lang='lat' dir='ltr'><strong>interficiunt,</strong></span> <span class='ocrx_word' id='word_1_190' title='bbox 2952 1712 3178 1760; x_wconf 83' lang='lat' dir='ltr'><strong>caeteros</strong></span> <span class='ocrx_word' id='word_1_191' title='bbox 3206 1704 3520 1777; x_wconf 83' lang='lat' dir='ltr'><strong>depradan-</strong></span> 
     </span>
    </p>
   </div>
   <div class='ocr_carea' id='block_1_33' title="bbox 242 1786 3519 1871">
    <p class='ocr_par' dir='ltr' id='par_1_33' title="bbox 242 1786 3519 1871">
     <span class='ocr_line' id='line_1_34' title="bbox 242 1786 3519 1871; baseline 0.005 -21"><span class='ocrx_word' id='word_1_192' title='bbox 242 1805 332 1851; x_wconf 91' lang='lat' dir='ltr'><strong>tus</strong></span> <span class='ocrx_word' id='word_1_193' title='bbox 368 1796 555 1863; x_wconf 87' lang='lat' dir='ltr'><strong>curia,</strong></span> <span class='ocrx_word' id='word_1_194' title='bbox 588 1795 745 1870; x_wconf 80' lang='lat' dir='ltr'><strong>Hugo</strong></span> <span class='ocrx_word' id='word_1_195' title='bbox 763 1799 1097 1870; x_wconf 88' lang='lat' dir='ltr'><strong>capellanus,</strong></span> <span class='ocrx_word' id='word_1_196' title='bbox 1129 1801 1289 1871; x_wconf 85' lang='lat' dir='ltr'><strong>cujus</strong></span> <span class='ocrx_word' id='word_1_197' title='bbox 1311 1802 1654 1859; x_wconf 86' lang='lat' dir='ltr'><strong>sanctitatem</strong></span> <span class='ocrx_word' id='word_1_198' title='bbox 1679 1817 1832 1857; x_wconf 82' lang='lat' dir='ltr'><strong>mon—</strong></span> <span class='ocrx_word' id='word_1_199' title='bbox 1865 1786 1905 1844; x_wconf 75' lang='grc' dir='ltr'><strong><em>Β</em></strong></span> <span class='ocrx_word' id='word_1_200' title='bbox 1932 1801 2042 1861; x_wconf 61' lang='lat' dir='ltr'><strong>tu&quot;.</strong></span> <span class='ocrx_word' id='word_1_201' title='bbox 2086 1796 2350 1866; x_wconf 55' lang='lat' dir='ltr'><strong>gregatim</strong></span> <span class='ocrx_word' id='word_1_202' title='bbox 2382 1796 2609 1861; x_wconf 60' lang='lat' dir='ltr'><strong>“dum.</strong></span> <span class='ocrx_word' id='word_1_203' title='bbox 2655 1793 2840 1848; x_wconf 66' lang='lat' dir='ltr'><strong>omnia</strong></span> <span class='ocrx_word' id='word_1_204' title='bbox 2878 1809 2976 1849; x_wconf 70' lang='lat' dir='ltr'><strong>sua</strong></span> <span class='ocrx_word' id='word_1_205' title='bbox 3022 1809 3206 1850; x_wconf 70' lang='lat' dir='ltr'><strong>secum</strong></span> <span class='ocrx_word' id='word_1_206' title='bbox 3237 1800 3519 1865; x_wconf 62' lang='grc' dir='ltr'><strong>Ροηειιῑθέ</strong></span> 
     </span>
    </p>
   </div>
   <div class='ocr_carea' id='block_1_34' title="bbox 242 1889 1831 1969">
    <p class='ocr_par' dir='ltr' id='par_1_34' title="bbox 242 1889 1831 1969">
     <span class='ocr_line' id='line_1_35' title="bbox 242 1889 1831 1969; baseline 0.005 -27"><span class='ocrx_word' id='word_1_207' title='bbox 242 1895 423 1969; x_wconf 77' lang='lat' dir='ltr'><strong>strant</strong></span> <span class='ocrx_word' id='word_1_208' title='bbox 463 1889 703 1945; x_wconf 88' lang='lat' dir='ltr'><strong>claustra</strong></span> <span class='ocrx_word' id='word_1_209' title='bbox 732 1893 1124 1948; x_wconf 87' lang='lat' dir='ltr'><strong>canonicorum</strong></span> <span class='ocrx_word' id='word_1_210' title='bbox 1152 1894 1398 1950; x_wconf 89' lang='lat' dir='ltr'><strong>ecclesia</strong></span> <span class='ocrx_word' id='word_1_211' title='bbox 1427 1893 1639 1961; x_wconf 84' lang='lat' dir='ltr'><strong>matris,</strong></span> <span class='ocrx_word' id='word_1_212' title='bbox 1669 1910 1831 1950; x_wconf 89' lang='lat' dir='ltr'><strong>mon-</strong></span> 
     </span>
    </p>
   </div>
   <div class='ocr_carea' id='block_1_35' title="bbox 241 1984 1833 2060">
    <p class='ocr_par' dir='ltr' id='par_1_35' title="bbox 241 1984 1833 2060">
     <span class='ocr_line' id='line_1_36' title="bbox 241 1984 1833 2060; baseline 0.003 -23"><span class='ocrx_word' id='word_1_213' title='bbox 241 1990 382 2060; x_wconf 77' lang='lat' dir='ltr'><strong>strat</strong></span> <span class='ocrx_word' id='word_1_214' title='bbox 413 1984 806 2039; x_wconf 89' lang='lat' dir='ltr'><strong>monasterium</strong></span> <span class='ocrx_word' id='word_1_215' title='bbox 841 1984 1348 2056; x_wconf 87' lang='lat' dir='ltr'><strong>Aquicicinctcnse;</strong></span> <span class='ocrx_word' id='word_1_216' title='bbox 1395 1985 1718 2041; x_wconf 86' lang='lat' dir='ltr'><strong>Erleboldus</strong></span> <span class='ocrx_word' id='word_1_217' title='bbox 1743 1987 1833 2057; x_wconf 89' lang='lat' dir='ltr'><strong>ju-</strong></span> 
     </span>
    </p>
   </div>
   <div class='ocr_carea' id='block_1_36' title="bbox 241 2074 1835 2146">
    <p class='ocr_par' dir='ltr' id='par_1_36' title="bbox 241 2074 1835 2146">
     <span class='ocr_line' id='line_1_37' title="bbox 241 2074 1835 2146; baseline 0.003 -18"><span class='ocrx_word' id='word_1_218' title='bbox 241 2074 346 2128; x_wconf 79' lang='lat' dir='ltr'><strong>dex</strong></span> <span class='ocrx_word' id='word_1_219' title='bbox 374 2082 429 2128; x_wconf 91' lang='lat' dir='ltr'><strong>et</strong></span> <span class='ocrx_word' id='word_1_220' title='bbox 450 2084 774 2144; x_wconf 87' lang='lat' dir='ltr'><strong>procurator</strong></span> <span class='ocrx_word' id='word_1_221' title='bbox 816 2077 1077 2145; x_wconf 87' lang='lat' dir='ltr'><strong>civitatis,</strong></span> <span class='ocrx_word' id='word_1_222' title='bbox 1108 2086 1162 2133; x_wconf 91' lang='lat' dir='ltr'><strong>et</strong></span> <span class='ocrx_word' id='word_1_223' title='bbox 1200 2078 1337 2133; x_wconf 87' lang='lat' dir='ltr'><strong>alter</strong></span> <span class='ocrx_word' id='word_1_224' title='bbox 1372 2076 1713 2146; x_wconf 88' lang='lat' dir='ltr'><strong>Erleboldus,</strong></span> <span class='ocrx_word' id='word_1_225' title='bbox 1741 2096 1835 2135; x_wconf 86' lang='lat' dir='ltr'><strong>co-</strong></span> 
     </span>
    </p>
   </div>
   <div class='ocr_carea' id='block_1_37' title="bbox 242 2154 1833 2239">
    <p class='ocr_par' dir='ltr' id='par_1_37' title="bbox 242 2154 1833 2239">
     <span class='ocr_line' id='line_1_38' title="bbox 242 2154 1833 2239; baseline 0.004 -21"><span class='ocrx_word' id='word_1_226' title='bbox 242 2154 544 2236; x_wconf 75' lang='lat' dir='ltr'><strong>gnomento</strong></span> <span class='ocrx_word' id='word_1_227' title='bbox 582 2163 826 2234; x_wconf 80' lang='lat' dir='ltr'><strong>Rubcus,</strong></span> <span class='ocrx_word' id='word_1_228' title='bbox 866 2184 1030 2238; x_wconf 88' lang='lat' dir='ltr'><strong>quem</strong></span> <span class='ocrx_word' id='word_1_229' title='bbox 1061 2168 1240 2239; x_wconf 89' lang='lat' dir='ltr'><strong>qualis</strong></span> <span class='ocrx_word' id='word_1_230' title='bbox 1269 2167 1434 2224; x_wconf 88' lang='lat' dir='ltr'><strong>fuerit</strong></span> <span class='ocrx_word' id='word_1_231' title='bbox 1458 2168 1716 2239; x_wconf 87' lang='lat' dir='ltr'><strong>pradicat</strong></span> <span class='ocrx_word' id='word_1_232' title='bbox 1740 2186 1833 2224; x_wconf 91' lang='lat' dir='ltr'><strong>ec-</strong></span> 
     </span>
    </p>
   </div>
   <div class='ocr_carea' id='block_1_38' title="bbox 240 2242 1835 2329">
    <p class='ocr_par' dir='ltr' id='par_1_38' title="bbox 240 2242 1835 2329">
     <span class='ocr_line' id='line_1_39' title="bbox 240 2242 1835 2329; baseline 0.003 -18"><span class='ocrx_word' id='word_1_233' title='bbox 240 2242 413 2311; x_wconf 76' lang='lat' dir='ltr'><strong>clesia</strong></span> <span class='ocrx_word' id='word_1_234' title='bbox 439 2254 655 2313; x_wconf 85' lang='lat' dir='ltr'><strong>Sancta</strong></span> <span class='ocrx_word' id='word_1_235' title='bbox 687 2257 916 2326; x_wconf 87' lang='lat' dir='ltr'><strong>Crucis;</strong></span> <span class='ocrx_word' id='word_1_236' title='bbox 946 2259 1038 2316; x_wconf 91' lang='lat' dir='ltr'><strong>sed</strong></span> <span class='ocrx_word' id='word_1_237' title='bbox 1088 2260 1143 2315; x_wconf 89' lang='lat' dir='ltr'><strong>hi</strong></span> <span class='ocrx_word' id='word_1_238' title='bbox 1181 2260 1314 2329; x_wconf 88' lang='lat' dir='ltr'><strong>duo,</strong></span> <span class='ocrx_word' id='word_1_239' title='bbox 1342 2260 1553 2317; x_wconf 83' lang='lat' dir='ltr'><strong>scilicet</strong></span> <span class='ocrx_word' id='word_1_240' title='bbox 1598 2260 1835 2316; x_wconf 84' lang='lat' dir='ltr'><strong>domnus</strong></span> 
     </span>
    </p>
   </div>
   <div class='ocr_carea' id='block_1_39' title="bbox 243 2343 1836 2426">
    <p class='ocr_par' dir='ltr' id='par_1_39' title="bbox 243 2343 1836 2426">
     <span class='ocr_line' id='line_1_40' title="bbox 243 2343 1836 2426; baseline 0.003 -23"><span class='ocrx_word' id='word_1_241' title='bbox 243 2343 573 2405; x_wconf 75' lang='lat' dir='ltr'><strong>Walcherus</strong></span> <span class='ocrx_word' id='word_1_242' title='bbox 598 2360 652 2405; x_wconf 88' lang='lat' dir='ltr'><strong>et</strong></span> <span class='ocrx_word' id='word_1_243' title='bbox 674 2350 843 2421; x_wconf 87' lang='lat' dir='ltr'><strong>judex</strong></span> <span class='ocrx_word' id='word_1_244' title='bbox 890 2349 1234 2420; x_wconf 81' lang='lat' dir='ltr'><strong>Erleboldus,</strong></span> <span class='ocrx_word' id='word_1_245' title='bbox 1261 2362 1482 2426; x_wconf 88' lang='lat' dir='ltr'><strong>quanta</strong></span> <span class='ocrx_word' id='word_1_246' title='bbox 1529 2353 1836 2411; x_wconf 88' lang='lat' dir='ltr'><strong>sanctitatis</strong></span> 
     </span>
    </p>
   </div>
   <div class='ocr_carea' id='block_1_40' title="bbox 244 2440 1835 2516">
    <p class='ocr_par' dir='ltr' id='par_1_40' title="bbox 244 2440 1835 2516">
     <span class='ocr_line' id='line_1_41' title="bbox 244 2440 1835 2516; baseline 0.001 -20"><span class='ocrx_word' id='word_1_247' title='bbox 244 2440 469 2508; x_wconf 77' lang='lat' dir='ltr'><strong>fuerint,</strong></span> <span class='ocrx_word' id='word_1_248' title='bbox 502 2442 801 2514; x_wconf 86' lang='lat' dir='ltr'><strong>qualesque</strong></span> <span class='ocrx_word' id='word_1_249' title='bbox 829 2454 1214 2514; x_wconf 84' lang='lat' dir='ltr'><strong>cooperatores</strong></span> <span class='ocrx_word' id='word_1_250' title='bbox 1241 2453 1294 2501; x_wconf 88' lang='lat' dir='ltr'><strong>et</strong></span> <span class='ocrx_word' id='word_1_251' title='bbox 1316 2446 1595 2516; x_wconf 85' lang='lat' dir='ltr'><strong>adjutores</strong></span> <span class='ocrx_word' id='word_1_252' title='bbox 1648 2444 1835 2502; x_wconf 86' lang='lat' dir='ltr'><strong>domui</strong></span> 
     </span>
    </p>
   </div>
   <div class='ocr_carea' id='block_1_41' title="bbox 244 2524 1621 2604">
    <p class='ocr_par' dir='ltr' id='par_1_41' title="bbox 244 2524 1621 2604">
     <span class='ocr_line' id='line_1_42' title="bbox 244 2524 1621 2604; baseline 0.002 -14"><span class='ocrx_word' id='word_1_253' title='bbox 244 2524 541 2604; x_wconf 70' lang='lat' dir='ltr'><strong>pbutiticis,</strong></span> <span class='ocrx_word' id='word_1_254' title='bbox 566 2551 668 2590; x_wconf 92' lang='lat' dir='ltr'><strong>suo</strong></span> <span class='ocrx_word' id='word_1_255' title='bbox 696 2536 816 2591; x_wconf 92' lang='lat' dir='ltr'><strong>loco</strong></span> <span class='ocrx_word' id='word_1_256' title='bbox 838 2536 1103 2604; x_wconf 90' lang='lat' dir='ltr'><strong>dicemus,</strong></span> <span class='ocrx_word' id='word_1_257' title='bbox 1135 2538 1180 2592; x_wconf 87' lang='lat' dir='ltr'><strong>si</strong></span> <span class='ocrx_word' id='word_1_258' title='bbox 1206 2536 1347 2593; x_wconf 86' lang='lat' dir='ltr'><strong>Deus</strong></span> <span class='ocrx_word' id='word_1_259' title='bbox 1368 2537 1621 2593; x_wconf 88' lang='lat' dir='ltr'><strong>voluerit.</strong></span> 
     </span>
    </p>
   </div>
   <div class='ocr_carea' id='block_1_42' title="bbox 807 2616 1481 2685">
    <p class='ocr_par' dir='ltr' id='par_1_42' title="bbox 807 2616 1481 2685">
     <span class='ocr_line' id='line_1_43' title="bbox 807 2616 1481 2685; baseline 0.006 -3"><span class='ocrx_word' id='word_1_260' title='bbox 807 2627 1036 2684; x_wconf 77' lang='lat' dir='ltr'><strong>CAPUT</strong></span> <span class='ocrx_word' id='word_1_261' title='bbox 1072 2626 1264 2685; x_wconf 74' lang='lat' dir='ltr'><strong>xxxr.</strong></span> <span class='ocrx_word' id='word_1_262' title='bbox 1472 2616 1481 2623; x_wconf 84' lang='grc'><em>’</em></span> 
     </span>
    </p>
   </div>
   <div class='ocr_carea' id='block_1_43' title="bbox 320 2716 1758 2793">
    <p class='ocr_par' dir='ltr' id='par_1_43' title="bbox 320 2716 1758 2793">
     <span class='ocr_line' id='line_1_44' title="bbox 320 2716 1758 2793; baseline 0.004 -22"><span class='ocrx_word' id='word_1_263' title='bbox 320 2716 425 2772; x_wconf 89' lang='lat' dir='ltr'><strong>Ubi</strong></span> <span class='ocrx_word' id='word_1_264' title='bbox 450 2719 718 2789; x_wconf 78' lang='lat' dir='ltr'><strong>egrediens</strong></span> <span class='ocrx_word' id='word_1_265' title='bbox 740 2737 772 2773; x_wconf 93' lang='lat' dir='ltr'><strong>a</strong></span> <span class='ocrx_word' id='word_1_266' title='bbox 800 2719 1088 2775; x_wconf 86' lang='lat' dir='ltr'><strong>Cameraco</strong></span> <span class='ocrx_word' id='word_1_267' title='bbox 1116 2720 1541 2792; x_wconf 78' lang='lat' dir='ltr'><strong>Hierosolymam</strong></span> <span class='ocrx_word' id='word_1_268' title='bbox 1568 2725 1758 2793; x_wconf 80' lang='lat' dir='ltr'><strong>pergit.</strong></span> 
     </span>
    </p>
   </div>
   <div class='ocr_carea' id='block_1_44' title="bbox 317 2809 1839 2884">
    <p class='ocr_par' dir='ltr' id='par_1_44' title="bbox 317 2809 1839 2884">
     <span class='ocr_line' id='line_1_45' title="bbox 317 2809 1839 2884; baseline 0.005 -21"><span class='ocrx_word' id='word_1_269' title='bbox 317 2809 611 2865; x_wconf 78' lang='lat' dir='ltr'><strong>Millesimo</strong></span> <span class='ocrx_word' id='word_1_270' title='bbox 632 2811 1092 2884; x_wconf 87' lang='lat' dir='ltr'><strong>quinquagesimo</strong></span> <span class='ocrx_word' id='word_1_271' title='bbox 1114 2823 1311 2884; x_wconf 88' lang='lat' dir='ltr'><strong>quarto</strong></span> <span class='ocrx_word' id='word_1_272' title='bbox 1334 2813 1633 2869; x_wconf 91' lang='lat' dir='ltr'><strong>Dominica</strong></span> <span class='ocrx_word' id='word_1_273' title='bbox 1661 2813 1839 2869; x_wconf 85' lang='lat' dir='ltr'><strong>incar—</strong></span> 
     </span>
    </p>
   </div>
   <div class='ocr_carea' id='block_1_45' title="bbox 246 2902 1837 2977">
    <p class='ocr_par' dir='ltr' id='par_1_45' title="bbox 246 2902 1837 2977">
     <span class='ocr_line' id='line_1_46' title="bbox 246 2902 1837 2977; baseline 0.005 -23"><span class='ocrx_word' id='word_1_274' title='bbox 246 2902 494 2957; x_wconf 86' lang='lat' dir='ltr'><strong>nationis</strong></span> <span class='ocrx_word' id='word_1_275' title='bbox 541 2919 708 2969; x_wconf 88' lang='lat' dir='ltr'><strong>anno,</strong></span> <span class='ocrx_word' id='word_1_276' title='bbox 745 2904 1009 2960; x_wconf 88' lang='lat' dir='ltr'><strong>missione</strong></span> <span class='ocrx_word' id='word_1_277' title='bbox 1041 2912 1150 2959; x_wconf 91' lang='lat' dir='ltr'><strong>tam</strong></span> <span class='ocrx_word' id='word_1_278' title='bbox 1177 2906 1308 2960; x_wconf 90' lang='lat' dir='ltr'><strong>cleri</strong></span> <span class='ocrx_word' id='word_1_279' title='bbox 1346 2921 1513 2977; x_wconf 86' lang='lat' dir='ltr'><strong>quam</strong></span> <span class='ocrx_word' id='word_1_280' title='bbox 1536 2907 1721 2976; x_wconf 89' lang='lat' dir='ltr'><strong>populi</strong></span> <span class='ocrx_word' id='word_1_281' title='bbox 1747 2907 1837 2962; x_wconf 76' lang='lat' dir='ltr'><strong>vix</strong></span> 
     </span>
    </p>
   </div>
   <div class='ocr_carea' id='block_1_46' title="bbox 247 2993 1839 3067">
    <p class='ocr_par' dir='ltr' id='par_1_46' title="bbox 247 2993 1839 3067">
     <span class='ocr_line' id='line_1_47' title="bbox 247 2993 1839 3067; baseline 0.003 -20"><span class='ocrx_word' id='word_1_282' title='bbox 247 2993 564 3067; x_wconf 88' lang='lat' dir='ltr'><strong>impetrata,</strong></span> <span class='ocrx_word' id='word_1_283' title='bbox 592 2995 818 3051; x_wconf 88' lang='lat' dir='ltr'><strong>libertas</strong></span> <span class='ocrx_word' id='word_1_284' title='bbox 864 2997 1073 3066; x_wconf 80' lang='lat' dir='ltr'><strong>patria,</strong></span> <span class='ocrx_word' id='word_1_285' title='bbox 1114 2995 1371 3053; x_wconf 86' lang='lat' dir='ltr'><strong>Ecclesia</strong></span> <span class='ocrx_word' id='word_1_286' title='bbox 1398 2998 1586 3065; x_wconf 90' lang='lat' dir='ltr'><strong>decus,</strong></span> <span class='ocrx_word' id='word_1_287' title='bbox 1618 2997 1729 3053; x_wconf 88' lang='lat' dir='ltr'><strong>Deo</strong></span> <span class='ocrx_word' id='word_1_288' title='bbox 1756 3000 1839 3065; x_wconf 85' lang='lat' dir='ltr'><strong>di-</strong></span> 
     </span>
    </p>
   </div>
   <div class='ocr_carea' id='block_1_47' title="bbox 246 3086 1853 3168">
    <p class='ocr_par' dir='ltr' id='par_1_47' title="bbox 246 3086 1853 3168">
     <span class='ocr_line' id='line_1_48' title="bbox 246 3086 1853 3168; baseline 0.004 -29"><span class='ocrx_word' id='word_1_289' title='bbox 246 3102 389 3168; x_wconf 85' lang='lat' dir='ltr'><strong>gnus</strong></span> <span class='ocrx_word' id='word_1_290' title='bbox 421 3088 662 3156; x_wconf 81' lang='lat' dir='ltr'><strong>pontifex</strong></span> <span class='ocrx_word' id='word_1_291' title='bbox 706 3086 1015 3145; x_wconf 89' lang='lat' dir='ltr'><strong>Lietbertus</strong></span> <span class='ocrx_word' id='word_1_292' title='bbox 1062 3089 1340 3161; x_wconf 80' lang='lat' dir='ltr'><strong>egreditur</strong></span> <span class='ocrx_word' id='word_1_293' title='bbox 1389 3106 1420 3143; x_wconf 90' lang='lat' dir='ltr'><strong>a</strong></span> <span class='ocrx_word' id='word_1_294' title='bbox 1460 3089 1689 3168; x_wconf 85' lang='lat' dir='ltr'><strong>civitate</strong></span> <span class='ocrx_word' id='word_1_295' title='bbox 1737 3102 1853 3145; x_wconf 83' lang='lat' dir='ltr'><strong>sua‘</strong></span> 
     </span>
    </p>
   </div>
   <div class='ocr_carea' id='block_1_48' title="bbox 245 3164 1837 3252">
    <p class='ocr_par' dir='ltr' id='par_1_48' title="bbox 245 3164 1837 3252">
     <span class='ocr_line' id='line_1_49' title="bbox 245 3164 1837 3252; baseline 0.002 -20"><span class='ocrx_word' id='word_1_296' title='bbox 245 3164 551 3237; x_wconf 71' lang='lat' dir='ltr'><strong>Camer-aco</strong></span> <span class='ocrx_word' id='word_1_297' title='bbox 585 3189 775 3236; x_wconf 87' lang='lat' dir='ltr'><strong>tenens</strong></span> <span class='ocrx_word' id='word_1_298' title='bbox 806 3180 906 3252; x_wconf 80' lang='lat' dir='ltr'><strong>iter</strong></span> <span class='ocrx_word' id='word_1_299' title='bbox 936 3179 1370 3252; x_wconf 85' lang='lat' dir='ltr'><strong>Hierosolymam</strong></span> <span class='ocrx_word' id='word_1_300' title='bbox 1393 3164 1613 3247; x_wconf 85' lang='lat' dir='ltr'><strong>versus;</strong></span> <span class='ocrx_word' id='word_1_301' title='bbox 1647 3197 1837 3251; x_wconf 85' lang='lat' dir='ltr'><strong>prose-</strong></span> 
     </span>
    </p>
   </div>
   <div class='ocr_carea' id='block_1_49' title="bbox 247 3271 1841 3345">
    <p class='ocr_par' dir='ltr' id='par_1_49' title="bbox 247 3271 1841 3345">
     <span class='ocr_line' id='line_1_50' title="bbox 247 3271 1841 3345; baseline 0.003 -21"><span class='ocrx_word' id='word_1_302' title='bbox 247 3271 444 3340; x_wconf 80' lang='lat' dir='ltr'><strong>quitur</strong></span> <span class='ocrx_word' id='word_1_303' title='bbox 478 3288 605 3327; x_wconf 91' lang='lat' dir='ltr'><strong>eum</strong></span> <span class='ocrx_word' id='word_1_304' title='bbox 644 3272 757 3327; x_wconf 88' lang='lat' dir='ltr'><strong>fere</strong></span> <span class='ocrx_word' id='word_1_305' title='bbox 788 3273 856 3328; x_wconf 88' lang='lat' dir='ltr'><strong>ad</strong></span> <span class='ocrx_word' id='word_1_306' title='bbox 894 3274 995 3337; x_wconf 86' lang='lat' dir='ltr'><strong>tria</strong></span> <span class='ocrx_word' id='word_1_307' title='bbox 1044 3273 1212 3328; x_wconf 89' lang='lat' dir='ltr'><strong>millia</strong></span> <span class='ocrx_word' id='word_1_308' title='bbox 1270 3290 1377 3327; x_wconf 93' lang='lat' dir='ltr'><strong>non</strong></span> <span class='ocrx_word' id='word_1_309' title='bbox 1418 3273 1537 3328; x_wconf 92' lang='lat' dir='ltr'><strong>sine</strong></span> <span class='ocrx_word' id='word_1_310' title='bbox 1583 3274 1841 3345; x_wconf 76' lang='lat' dir='ltr'><strong>lacrymis</strong></span> 
     </span>
    </p>
   </div>
   <div class='ocr_carea' id='block_1_50' title="bbox 245 3363 1836 3436">
    <p class='ocr_par' dir='ltr' id='par_1_50' title="bbox 245 3363 1836 3436">
     <span class='ocr_line' id='line_1_51' title="bbox 245 3363 1836 3436; baseline 0.004 -21"><span class='ocrx_word' id='word_1_311' title='bbox 245 3372 302 3419; x_wconf 76' lang='grc' dir='ltr'><strong>(ι</strong></span> <span class='ocrx_word' id='word_1_312' title='bbox 330 3363 624 3420; x_wconf 87' lang='lat' dir='ltr'><strong>immensis</strong></span> <span class='ocrx_word' id='word_1_313' title='bbox 645 3366 935 3435; x_wconf 83' lang='lat' dir='ltr'><strong>gemitibus</strong></span> <span class='ocrx_word' id='word_1_314' title='bbox 973 3366 1156 3421; x_wconf 91' lang='lat' dir='ltr'><strong>omnis</strong></span> <span class='ocrx_word' id='word_1_315' title='bbox 1180 3380 1313 3421; x_wconf 84' lang='lat' dir='ltr'><strong>atas</strong></span> <span class='ocrx_word' id='word_1_316' title='bbox 1333 3365 1623 3436; x_wconf 89' lang='lat' dir='ltr'><strong>utriusque</strong></span> <span class='ocrx_word' id='word_1_317' title='bbox 1654 3382 1836 3421; x_wconf 79' lang='lat' dir='ltr'><strong>sexus.</strong></span> 
     </span>
    </p>
   </div>
   <div class='ocr_carea' id='block_1_51' title="bbox 246 3453 1843 3529">
    <p class='ocr_par' dir='ltr' id='par_1_51' title="bbox 246 3453 1843 3529">
     <span class='ocr_line' id='line_1_52' title="bbox 246 3453 1843 3529; baseline 0.003 -20"><span class='ocrx_word' id='word_1_318' title='bbox 246 3453 649 3527; x_wconf 82' lang='lat' dir='ltr'><strong>Praterlegeus</strong></span> <span class='ocrx_word' id='word_1_319' title='bbox 683 3457 932 3512; x_wconf 88' lang='lat' dir='ltr'><strong>civitates</strong></span> <span class='ocrx_word' id='word_1_320' title='bbox 953 3462 1007 3513; x_wconf 84' lang='lat' dir='ltr'><strong>et</strong></span> <span class='ocrx_word' id='word_1_321' title='bbox 1030 3457 1250 3529; x_wconf 87' lang='lat' dir='ltr'><strong>oppida,</strong></span> <span class='ocrx_word' id='word_1_322' title='bbox 1281 3457 1564 3512; x_wconf 84' lang='lat' dir='ltr'><strong>civitatum</strong></span> <span class='ocrx_word' id='word_1_323' title='bbox 1592 3457 1843 3528; x_wconf 86' lang='lat' dir='ltr'><strong>regiones</strong></span> 
     </span>
    </p>
   </div>
   <div class='ocr_carea' id='block_1_52' title="bbox 249 3534 1845 3620">
    <p class='ocr_par' dir='ltr' id='par_1_52' title="bbox 249 3534 1845 3620">
     <span class='ocr_line' id='line_1_53' title="bbox 249 3534 1845 3620; baseline 0.001 -19"><span class='ocrx_word' id='word_1_324' title='bbox 249 3534 304 3602; x_wconf 82' lang='lat' dir='ltr'><strong>et</strong></span> <span class='ocrx_word' id='word_1_325' title='bbox 333 3549 672 3617; x_wconf 68' lang='lat' dir='ltr'><strong>provincias,</strong></span> <span class='ocrx_word' id='word_1_326' title='bbox 719 3550 988 3620; x_wconf 84' lang='lat' dir='ltr'><strong>montium</strong></span> <span class='ocrx_word' id='word_1_327' title='bbox 1019 3549 1358 3615; x_wconf 84' lang='lat' dir='ltr'><strong>discrimina,</strong></span> <span class='ocrx_word' id='word_1_328' title='bbox 1413 3550 1673 3605; x_wconf 82' lang='lat' dir='ltr'><strong>silvarum</strong></span> <span class='ocrx_word' id='word_1_329' title='bbox 1700 3549 1845 3619; x_wconf 81' lang='lat' dir='ltr'><strong>peri-</strong></span> 
     </span>
    </p>
   </div>
   <div class='ocr_carea' id='block_1_53' title="bbox 251 3640 1844 3715">
    <p class='ocr_par' dir='ltr' id='par_1_53' title="bbox 251 3640 1844 3715">
     <span class='ocr_line' id='line_1_54' title="bbox 251 3640 1844 3715; baseline 0.001 -21"><span class='ocrx_word' id='word_1_330' title='bbox 251 3641 398 3706; x_wconf 87' lang='lat' dir='ltr'><strong>cula,</strong></span> <span class='ocrx_word' id='word_1_331' title='bbox 424 3640 598 3706; x_wconf 88' lang='lat' dir='ltr'><strong>cultu,</strong></span> <span class='ocrx_word' id='word_1_332' title='bbox 631 3641 876 3697; x_wconf 88' lang='lat' dir='ltr'><strong>moribus</strong></span> <span class='ocrx_word' id='word_1_333' title='bbox 909 3649 964 3696; x_wconf 90' lang='lat' dir='ltr'><strong>et</strong></span> <span class='ocrx_word' id='word_1_334' title='bbox 1006 3641 1189 3715; x_wconf 84' lang='lat' dir='ltr'><strong>lingua</strong></span> <span class='ocrx_word' id='word_1_335' title='bbox 1234 3642 1521 3697; x_wconf 86' lang='lat' dir='ltr'><strong>barbaram</strong></span> <span class='ocrx_word' id='word_1_336' title='bbox 1554 3657 1717 3712; x_wconf 89' lang='lat' dir='ltr'><strong>quam</strong></span> <span class='ocrx_word' id='word_1_337' title='bbox 1748 3656 1844 3696; x_wconf 92' lang='lat' dir='ltr'><strong>co-</strong></span> 
     </span>
    </p>
   </div>
   <div class='ocr_carea' id='block_1_54' title="bbox 252 3726 1848 3804">
    <p class='ocr_par' dir='ltr' id='par_1_54' title="bbox 252 3726 1848 3804">
     <span class='ocr_line' id='line_1_55' title="bbox 252 3726 1848 3804; baseline 0.001 -18"><span class='ocrx_word' id='word_1_338' title='bbox 252 3726 375 3787; x_wconf 84' lang='lat' dir='ltr'><strong>lunt</strong></span> <span class='ocrx_word' id='word_1_339' title='bbox 414 3732 560 3787; x_wconf 85' lang='lat' dir='ltr'><strong>lluni</strong></span> <span class='ocrx_word' id='word_1_340' title='bbox 611 3742 911 3789; x_wconf 88' lang='lat' dir='ltr'><strong>transmeat</strong></span> <span class='ocrx_word' id='word_1_341' title='bbox 939 3733 1200 3804; x_wconf 88' lang='lat' dir='ltr'><strong>patriam;</strong></span> <span class='ocrx_word' id='word_1_342' title='bbox 1239 3742 1376 3789; x_wconf 88' lang='lat' dir='ltr'><strong>etut</strong></span> <span class='ocrx_word' id='word_1_343' title='bbox 1405 3732 1718 3804; x_wconf 81' lang='lat' dir='ltr'><strong>prolixioris</strong></span> <span class='ocrx_word' id='word_1_344' title='bbox 1746 3734 1848 3788; x_wconf 78' lang='lat' dir='ltr'><strong>via:</strong></span> 
     </span>
    </p>
   </div>
   <div class='ocr_carea' id='block_1_55' title="bbox 252 3825 1845 3895">
    <p class='ocr_par' dir='ltr' id='par_1_55' title="bbox 252 3825 1845 3895">
     <span class='ocr_line' id='line_1_56' title="bbox 252 3825 1845 3895; baseline 0.001 -17"><span class='ocrx_word' id='word_1_345' title='bbox 252 3825 572 3881; x_wconf 82' lang='lat' dir='ltr'><strong>Incraretur</strong></span> <span class='ocrx_word' id='word_1_346' title='bbox 618 3827 1026 3895; x_wconf 88' lang='lat' dir='ltr'><strong>compendium,</strong></span> <span class='ocrx_word' id='word_1_347' title='bbox 1067 3827 1415 3882; x_wconf 87' lang='lat' dir='ltr'><strong>transvadato</strong></span> <span class='ocrx_word' id='word_1_348' title='bbox 1449 3825 1720 3893; x_wconf 85' lang='lat' dir='ltr'><strong>Danubio,</strong></span> <span class='ocrx_word' id='word_1_349' title='bbox 1754 3840 1845 3895; x_wconf 86' lang='lat' dir='ltr'><strong>pe-</strong></span> 
     </span>
    </p>
   </div>
   <div class='ocr_carea' id='block_1_56' title="bbox 254 3916 1849 3990">
    <p class='ocr_par' dir='ltr' id='par_1_56' title="bbox 254 3916 1849 3990">
     <span class='ocr_line' id='line_1_57' title="bbox 254 3916 1849 3990; baseline 0.003 -20"><span class='ocrx_word' id='word_1_350' title='bbox 254 3924 440 3972; x_wconf 81' lang='lat' dir='ltr'><strong>netrat</strong></span> <span class='ocrx_word' id='word_1_351' title='bbox 473 3916 845 3986; x_wconf 87' lang='lat' dir='ltr'><strong>Pannoniam,</strong></span> <span class='ocrx_word' id='word_1_352' title='bbox 897 3920 1071 3974; x_wconf 89' lang='lat' dir='ltr'><strong>sancti</strong></span> <span class='ocrx_word' id='word_1_353' title='bbox 1116 3917 1332 3973; x_wconf 82' lang='lat' dir='ltr'><strong>Martini</strong></span> <span class='ocrx_word' id='word_1_354' title='bbox 1386 3919 1673 3973; x_wconf 87' lang='lat' dir='ltr'><strong>nativitate</strong></span> <span class='ocrx_word' id='word_1_355' title='bbox 1710 3934 1849 3990; x_wconf 80' lang='lat' dir='ltr'><strong>pra-</strong></span> 
     </span>
    </p>
   </div>
   <div class='ocr_carea' id='block_1_57' title="bbox 255 4010 491 4064">
    <p class='ocr_par' dir='ltr' id='par_1_57' title="bbox 255 4010 491 4064">
     <span class='ocr_line' id='line_1_58' title="bbox 255 4010 491 4064; baseline 0.004 -1"><span class='ocrx_word' id='word_1_356' title='bbox 255 4010 491 4064; x_wconf 85' lang='lat' dir='ltr'><strong>claram.</strong></span> 
     </span>
    </p>
   </div>
   <div class='ocr_carea' id='block_1_58' title="bbox 810 4100 1298 4158">
    <p class='ocr_par' dir='ltr' id='par_1_58' title="bbox 810 4100 1298 4158">
     <span class='ocr_line' id='line_1_59' title="bbox 810 4100 1298 4158; baseline 0 -2"><span class='ocrx_word' id='word_1_357' title='bbox 810 4100 1042 4158; x_wconf 80' lang='lat' dir='ltr'><strong>CAPUT</strong></span> <span class='ocrx_word' id='word_1_358' title='bbox 1082 4100 1298 4157; x_wconf 74' lang='lat' dir='ltr'><strong>XXXII.</strong></span> 
     </span>
    </p>
   </div>
   <div class='ocr_carea' id='block_1_59' title="bbox 431 4190 1680 4265">
    <p class='ocr_par' dir='ltr' id='par_1_59' title="bbox 431 4190 1680 4265">
     <span class='ocr_line' id='line_1_60' title="bbox 431 4190 1680 4265; baseline 0.003 -19"><span class='ocrx_word' id='word_1_359' title='bbox 431 4190 534 4246; x_wconf 88' lang='lat' dir='ltr'><strong>Ubi</strong></span> <span class='ocrx_word' id='word_1_360' title='bbox 564 4210 597 4246; x_wconf 91' lang='lat' dir='ltr'><strong>a</strong></span> <span class='ocrx_word' id='word_1_361' title='bbox 628 4209 742 4262; x_wconf 83' lang='lat' dir='ltr'><strong>rege</strong></span> <span class='ocrx_word' id='word_1_362' title='bbox 762 4192 1057 4249; x_wconf 71' lang='lat' dir='ltr'><strong>Pannonia</strong></span> <span class='ocrx_word' id='word_1_363' title='bbox 1084 4204 1374 4249; x_wconf 85' lang='lat' dir='ltr'><strong>reverenter</strong></span> <span class='ocrx_word' id='word_1_364' title='bbox 1395 4195 1680 4265; x_wconf 69' lang='lat' dir='ltr'><strong>excipitur.</strong></span> 
     </span>
    </p>
   </div>
   <div class='ocr_carea' id='block_1_60' title="bbox 328 4283 1852 4357">
    <p class='ocr_par' dir='ltr' id='par_1_60' title="bbox 328 4283 1852 4357">
     <span class='ocr_line' id='line_1_61' title="bbox 328 4283 1852 4357; baseline 0.003 -19"><span class='ocrx_word' id='word_1_365' title='bbox 328 4283 635 4340; x_wconf 83' lang='lat' dir='ltr'><strong>Nuntiatur</strong></span> <span class='ocrx_word' id='word_1_366' title='bbox 669 4286 782 4357; x_wconf 83' lang='lat' dir='ltr'><strong>regi</strong></span> <span class='ocrx_word' id='word_1_367' title='bbox 830 4286 900 4341; x_wconf 90' lang='lat' dir='ltr'><strong>ab</strong></span> <span class='ocrx_word' id='word_1_368' title='bbox 932 4288 1134 4341; x_wconf 78' lang='lat' dir='ltr'><strong>exteris</strong></span> <span class='ocrx_word' id='word_1_369' title='bbox 1163 4287 1409 4357; x_wconf 87' lang='lat' dir='ltr'><strong>partibus</strong></span> <span class='ocrx_word' id='word_1_370' title='bbox 1454 4286 1646 4341; x_wconf 89' lang='lat' dir='ltr'><strong>habitu</strong></span> <span class='ocrx_word' id='word_1_371' title='bbox 1696 4303 1852 4356; x_wconf 87' lang='lat' dir='ltr'><strong>pere-</strong></span> 
     </span>
    </p>
   </div>
   <div class='ocr_carea' id='block_1_61' title="bbox 257 4377 1855 4448">
    <p class='ocr_par' dir='ltr' id='par_1_61' title="bbox 257 4377 1855 4448">
     <span class='ocr_line' id='line_1_62' title="bbox 257 4377 1855 4448; baseline 0.001 -18"><span class='ocrx_word' id='word_1_372' title='bbox 257 4377 424 4448; x_wconf 82' lang='lat' dir='ltr'><strong>grino</strong></span> <span class='ocrx_word' id='word_1_373' title='bbox 446 4377 716 4447; x_wconf 92' lang='lat' dir='ltr'><strong>quosdam</strong></span> <span class='ocrx_word' id='word_1_374' title='bbox 736 4378 953 4433; x_wconf 89' lang='lat' dir='ltr'><strong>venisse</strong></span> <span class='ocrx_word' id='word_1_375' title='bbox 981 4377 1251 4444; x_wconf 85' lang='lat' dir='ltr'><strong>homines,</strong></span> <span class='ocrx_word' id='word_1_376' title='bbox 1267 4378 1351 4432; x_wconf 91' lang='lat' dir='ltr'><strong>sui</strong></span> <span class='ocrx_word' id='word_1_377' title='bbox 1374 4378 1522 4448; x_wconf 83' lang='lat' dir='ltr'><strong>regni</strong></span> <span class='ocrx_word' id='word_1_378' title='bbox 1547 4379 1682 4432; x_wconf 83' lang='lat' dir='ltr'><strong>lines</strong></span> <span class='ocrx_word' id='word_1_379' title='bbox 1711 4386 1855 4433; x_wconf 89' lang='lat' dir='ltr'><strong>tran-</strong></span> 
     </span>
    </p>
   </div>
   <div class='ocr_carea' id='block_1_62' title="bbox 1933 1883 3520 1957">
    <p class='ocr_par' dir='ltr' id='par_1_62' title="bbox 1933 1883 3520 1957">
     <span class='ocr_line' id='line_1_63' title="bbox 1933 1883 3520 1957; baseline -0.003 -17"><span class='ocrx_word' id='word_1_380' title='bbox 1933 1900 2060 1940; x_wconf 91' lang='lat' dir='ltr'><strong>cum</strong></span> <span class='ocrx_word' id='word_1_381' title='bbox 2086 1894 2199 1941; x_wconf 90' lang='lat' dir='ltr'><strong>tota</strong></span> <span class='ocrx_word' id='word_1_382' title='bbox 2230 1885 2583 1957; x_wconf 86' lang='lat' dir='ltr'><strong>supellectile,</strong></span> <span class='ocrx_word' id='word_1_383' title='bbox 2612 1883 2855 1956; x_wconf 86' lang='lat' dir='ltr'><strong>parvulis</strong></span> <span class='ocrx_word' id='word_1_384' title='bbox 2892 1891 2946 1938; x_wconf 91' lang='lat' dir='ltr'><strong>et</strong></span> <span class='ocrx_word' id='word_1_385' title='bbox 2970 1883 3236 1938; x_wconf 78' lang='lat' dir='ltr'><strong>uxoribus</strong></span> <span class='ocrx_word' id='word_1_386' title='bbox 3269 1901 3284 1938; x_wconf 90' lang='lat'><strong>:</strong></span> <span class='ocrx_word' id='word_1_387' title='bbox 3315 1883 3520 1937; x_wconf 90' lang='lat' dir='ltr'><strong>nullius</strong></span> 
     </span>
    </p>
   </div>
   <div class='ocr_carea' id='block_1_63' title="bbox 1934 1974 3522 2047">
    <p class='ocr_par' dir='ltr' id='par_1_63' title="bbox 1934 1974 3522 2047">
     <span class='ocr_line' id='line_1_64' title="bbox 1934 1974 3522 2047; baseline -0.002 -14"><span class='ocrx_word' id='word_1_388' title='bbox 1934 1978 2160 2033; x_wconf 87' lang='lat' dir='ltr'><strong>haresis</strong></span> <span class='ocrx_word' id='word_1_389' title='bbox 2212 1978 2490 2032; x_wconf 87' lang='lat' dir='ltr'><strong>nominata</strong></span> <span class='ocrx_word' id='word_1_390' title='bbox 2522 1984 2691 2043; x_wconf 85' lang='lat' dir='ltr'><strong>secta,</strong></span> <span class='ocrx_word' id='word_1_391' title='bbox 2746 1975 2953 2031; x_wconf 82' lang='lat' dir='ltr'><strong>nullius</strong></span> <span class='ocrx_word' id='word_1_392' title='bbox 2999 1974 3280 2047; x_wconf 84' lang='lat' dir='ltr'><strong>religionis</strong></span> <span class='ocrx_word' id='word_1_393' title='bbox 3334 1974 3522 2030; x_wconf 89' lang='lat' dir='ltr'><strong>divino</strong></span> 
     </span>
    </p>
   </div>
   <div class='ocr_carea' id='block_1_64' title="bbox 1934 2065 3524 2134">
    <p class='ocr_par' dir='ltr' id='par_1_64' title="bbox 1934 2065 3524 2134">
     <span class='ocr_line' id='line_1_65' title="bbox 1934 2065 3524 2134; baseline -0.001 -9"><span class='ocrx_word' id='word_1_394' title='bbox 1934 2070 2084 2125; x_wconf 89' lang='lat' dir='ltr'><strong>cultu</strong></span> <span class='ocrx_word' id='word_1_395' title='bbox 2132 2077 2414 2134; x_wconf 90' lang='lat' dir='ltr'><strong>tenentur;</strong></span> <span class='ocrx_word' id='word_1_396' title='bbox 2450 2070 2633 2123; x_wconf 79' lang='lat' dir='ltr'><strong>tamen</strong></span> <span class='ocrx_word' id='word_1_397' title='bbox 2674 2065 2818 2122; x_wconf 92' lang='lat' dir='ltr'><strong>sicut</strong></span> <span class='ocrx_word' id='word_1_398' title='bbox 2859 2083 2927 2122; x_wconf 79' lang='lat' dir='ltr'><strong>ex</strong></span> <span class='ocrx_word' id='word_1_399' title='bbox 2977 2083 3168 2122; x_wconf 90' lang='lat' dir='ltr'><strong>eorum</strong></span> <span class='ocrx_word' id='word_1_400' title='bbox 3221 2067 3524 2124; x_wconf 80' lang='lat' dir='ltr'><strong>interfectis</strong></span> 
     </span>
    </p>
   </div>
   <div class='ocr_carea' id='block_1_65' title="bbox 1934 2152 3525 2226">
    <p class='ocr_par' dir='ltr' id='par_1_65' title="bbox 1934 2152 3525 2226">
     <span class='ocr_line' id='line_1_66' title="bbox 1934 2152 3525 2226; baseline -0.001 -13"><span class='ocrx_word' id='word_1_401' title='bbox 1934 2159 2195 2225; x_wconf 90' lang='lat' dir='ltr'><strong>vidimus,</strong></span> <span class='ocrx_word' id='word_1_402' title='bbox 2253 2173 2406 2213; x_wconf 91' lang='lat' dir='ltr'><strong>more</strong></span> <span class='ocrx_word' id='word_1_403' title='bbox 2436 2158 2836 2213; x_wconf 90' lang='lat' dir='ltr'><strong>Saracenorum</strong></span> <span class='ocrx_word' id='word_1_404' title='bbox 2878 2152 3367 2226; x_wconf 77' lang='lat' dir='ltr'><strong>circumciduntur,</strong></span> <span class='ocrx_word' id='word_1_405' title='bbox 3399 2159 3525 2212; x_wconf 87' lang='lat' dir='ltr'><strong>bar-</strong></span> 
     </span>
    </p>
   </div>
   <div class='ocr_carea' id='block_1_66' title="bbox 1935 2247 3520 2319">
    <p class='ocr_par' dir='ltr' id='par_1_66' title="bbox 1935 2247 3520 2319">
     <span class='ocr_line' id='line_1_67' title="bbox 1935 2247 3520 2319; baseline -0.002 -13"><span class='ocrx_word' id='word_1_406' title='bbox 1935 2251 2074 2317; x_wconf 89' lang='lat' dir='ltr'><strong>bari,</strong></span> <span class='ocrx_word' id='word_1_407' title='bbox 2119 2249 2387 2317; x_wconf 87' lang='lat' dir='ltr'><strong>crudeles,</strong></span> <span class='ocrx_word' id='word_1_408' title='bbox 2422 2249 2729 2315; x_wconf 87' lang='lat' dir='ltr'><strong>homicida,</strong></span> <span class='ocrx_word' id='word_1_409' title='bbox 2768 2248 2886 2303; x_wconf 90' lang='lat' dir='ltr'><strong>sine</strong></span> <span class='ocrx_word' id='word_1_410' title='bbox 2916 2247 3133 2316; x_wconf 73' lang='lat' dir='ltr'><strong>affectu,</strong></span> <span class='ocrx_word' id='word_1_411' title='bbox 3158 2249 3277 2303; x_wconf 90' lang='lat' dir='ltr'><strong>sine</strong></span> <span class='ocrx_word' id='word_1_412' title='bbox 3299 2249 3520 2319; x_wconf 90' lang='lat' dir='ltr'><strong>pietate.</strong></span> 
     </span>
    </p>
   </div>
   <div class='ocr_carea' id='block_1_67' title="bbox 2008 2339 3525 2412">
    <p class='ocr_par' dir='ltr' id='par_1_67' title="bbox 2008 2339 3525 2412">
     <span class='ocr_line' id='line_1_68' title="bbox 2008 2339 3525 2412; baseline -0.001 -16"><span class='ocrx_word' id='word_1_413' title='bbox 2008 2341 2120 2398; x_wconf 82' lang='lat' dir='ltr'><strong>Has</strong></span> <span class='ocrx_word' id='word_1_414' title='bbox 2144 2340 2456 2397; x_wconf 83' lang='lat' dir='ltr'><strong>mortiferas</strong></span> <span class='ocrx_word' id='word_1_415' title='bbox 2474 2341 2673 2412; x_wconf 84' lang='lat' dir='ltr'><strong>prasul</strong></span> <span class='ocrx_word' id='word_1_416' title='bbox 2702 2339 3016 2411; x_wconf 87' lang='lat' dir='ltr'><strong>ingrediens</strong></span> <span class='ocrx_word' id='word_1_417' title='bbox 3038 2356 3162 2394; x_wconf 89' lang='lat' dir='ltr'><strong>cum</strong></span> <span class='ocrx_word' id='word_1_418' title='bbox 3192 2340 3285 2395; x_wconf 91' lang='lat' dir='ltr'><strong>illo</strong></span> <span class='ocrx_word' id='word_1_419' title='bbox 3307 2347 3409 2396; x_wconf 81' lang='lat' dir='ltr'><strong>Suo</strong></span> <span class='ocrx_word' id='word_1_420' title='bbox 3431 2355 3525 2394; x_wconf 78' lang='lat' dir='ltr'><strong>co—</strong></span> 
     </span>
    </p>
   </div>
   <div class='ocr_carea' id='block_1_68' title="bbox 1936 2429 3526 2502">
    <p class='ocr_par' dir='ltr' id='par_1_68' title="bbox 1936 2429 3526 2502">
     <span class='ocr_line' id='line_1_69' title="bbox 1936 2429 3526 2502; baseline -0.003 -13"><span class='ocrx_word' id='word_1_421' title='bbox 1936 2435 2132 2490; x_wconf 89' lang='lat' dir='ltr'><strong>mitatu</strong></span> <span class='ocrx_word' id='word_1_422' title='bbox 2159 2432 2506 2500; x_wconf 89' lang='lat' dir='ltr'><strong>solitudines,</strong></span> <span class='ocrx_word' id='word_1_423' title='bbox 2543 2432 2740 2487; x_wconf 88' lang='lat' dir='ltr'><strong>obvius</strong></span> <span class='ocrx_word' id='word_1_424' title='bbox 2771 2431 2875 2486; x_wconf 88' lang='lat' dir='ltr'><strong>fuit</strong></span> <span class='ocrx_word' id='word_1_425' title='bbox 2895 2430 3224 2502; x_wconf 87' lang='lat' dir='ltr'><strong>quibusdam</strong></span> <span class='ocrx_word' id='word_1_426' title='bbox 3254 2429 3526 2501; x_wconf 85' lang='lat' dir='ltr'><strong>refugien—</strong></span> 
     </span>
    </p>
   </div>
   <div class='ocr_carea' id='block_1_69' title="bbox 1938 2522 3523 2596">
    <p class='ocr_par' dir='ltr' id='par_1_69' title="bbox 1938 2522 3523 2596">
     <span class='ocr_line' id='line_1_70' title="bbox 1938 2522 3523 2596; baseline -0.003 -14"><span class='ocrx_word' id='word_1_427' title='bbox 1938 2527 2104 2591; x_wconf 90' lang='lat' dir='ltr'><strong>tibus,</strong></span> <span class='ocrx_word' id='word_1_428' title='bbox 2129 2527 2323 2596; x_wconf 89' lang='lat' dir='ltr'><strong>suique</strong></span> <span class='ocrx_word' id='word_1_429' title='bbox 2348 2523 2546 2595; x_wconf 83' lang='lat' dir='ltr'><strong>refugii</strong></span> <span class='ocrx_word' id='word_1_430' title='bbox 2573 2538 2796 2579; x_wconf 83' lang='lat' dir='ltr'><strong>causam</strong></span> <span class='ocrx_word' id='word_1_431' title='bbox 2839 2523 3091 2577; x_wconf 82' lang='lat' dir='ltr'><strong>flebiliter</strong></span> <span class='ocrx_word' id='word_1_432' title='bbox 3118 2522 3523 2578; x_wconf 82' lang='lat' dir='ltr'><strong>intimantibus.</strong></span> 
     </span>
    </p>
   </div>
   <div class='ocr_carea' id='block_1_70' title="bbox 1937 2612 3526 2688">
    <p class='ocr_par' dir='ltr' id='par_1_70' title="bbox 1937 2612 3526 2688">
     <span class='ocr_line' id='line_1_71' title="bbox 1937 2612 3526 2688; baseline -0.003 -18"><span class='ocrx_word' id='word_1_433' title='bbox 1937 2617 2300 2688; x_wconf 83' lang='lat' dir='ltr'><strong>Quamplures</strong></span> <span class='ocrx_word' id='word_1_434' title='bbox 2344 2622 2637 2681; x_wconf 89' lang='lat' dir='ltr'><strong>terrentur,</strong></span> <span class='ocrx_word' id='word_1_435' title='bbox 2668 2615 2981 2684; x_wconf 87' lang='lat' dir='ltr'><strong>pariterque</strong></span> <span class='ocrx_word' id='word_1_436' title='bbox 3024 2612 3368 2668; x_wconf 89' lang='lat' dir='ltr'><strong>retrocedere</strong></span> <span class='ocrx_word' id='word_1_437' title='bbox 3400 2624 3526 2666; x_wconf 90' lang='lat' dir='ltr'><strong>cum</strong></span> 
     </span>
    </p>
   </div>
   <div class='ocr_carea' id='block_1_71' title="bbox 1937 2703 3527 2781">
    <p class='ocr_par' dir='ltr' id='par_1_71' title="bbox 1937 2703 3527 2781">
     <span class='ocr_line' id='line_1_72' title="bbox 1937 2703 3527 2781; baseline -0.006 -14"><span class='ocrx_word' id='word_1_438' title='bbox 1937 2709 2336 2781; x_wconf 88' lang='lat' dir='ltr'><strong>refugientibus</strong></span> <span class='ocrx_word' id='word_1_439' title='bbox 2365 2707 2720 2762; x_wconf 88' lang='lat' dir='ltr'><strong>meditantur.</strong></span> <span class='ocrx_word' id='word_1_440' title='bbox 2744 2703 3054 2760; x_wconf 85' lang='lat' dir='ltr'><strong>Narrabant</strong></span> <span class='ocrx_word' id='word_1_441' title='bbox 3080 2719 3202 2760; x_wconf 88' lang='lat' dir='ltr'><strong>sese</strong></span> <span class='ocrx_word' id='word_1_442' title='bbox 3253 2704 3527 2758; x_wconf 86' lang='lat' dir='ltr'><strong>latronum</strong></span> 
     </span>
    </p>
   </div>
   <div class='ocr_carea' id='block_1_72' title="bbox 1939 2797 3531 2869">
    <p class='ocr_par' dir='ltr' id='par_1_72' title="bbox 1939 2797 3531 2869">
     <span class='ocr_line' id='line_1_73' title="bbox 1939 2797 3531 2869; baseline -0.006 -9"><span class='ocrx_word' id='word_1_443' title='bbox 1939 2818 2146 2860; x_wconf 91' lang='lat' dir='ltr'><strong>cuneos</strong></span> <span class='ocrx_word' id='word_1_444' title='bbox 2182 2802 2507 2868; x_wconf 87' lang='lat' dir='ltr'><strong>incurrisse,</strong></span> <span class='ocrx_word' id='word_1_445' title='bbox 2533 2815 2761 2855; x_wconf 91' lang='lat' dir='ltr'><strong>suorum</strong></span> <span class='ocrx_word' id='word_1_446' title='bbox 2794 2797 3060 2868; x_wconf 84' lang='lat' dir='ltr'><strong>plurimos</strong></span> <span class='ocrx_word' id='word_1_447' title='bbox 3083 2797 3395 2869; x_wconf 84' lang='lat' dir='ltr'><strong>oppetiisse,</strong></span> <span class='ocrx_word' id='word_1_448' title='bbox 3425 2813 3531 2852; x_wconf 80' lang='lat' dir='ltr'><strong>ca-</strong></span> 
     </span>
    </p>
   </div>
   <div class='ocr_carea' id='block_1_73' title="bbox 1939 2890 3528 2958">
    <p class='ocr_par' dir='ltr' id='par_1_73' title="bbox 1939 2890 3528 2958">
     <span class='ocr_line' id='line_1_74' title="bbox 1939 2890 3528 2958; baseline -0.004 -9"><span class='ocrx_word' id='word_1_449' title='bbox 1939 2903 2087 2950; x_wconf 88' lang='lat' dir='ltr'><strong>tcros</strong></span> <span class='ocrx_word' id='word_1_450' title='bbox 2114 2895 2179 2949; x_wconf 93' lang='lat' dir='ltr'><strong>ad</strong></span> <span class='ocrx_word' id='word_1_451' title='bbox 2210 2894 2632 2949; x_wconf 89' lang='lat' dir='ltr'><strong>internecionem</strong></span> <span class='ocrx_word' id='word_1_452' title='bbox 2681 2890 3017 2958; x_wconf 88' lang='lat' dir='ltr'><strong>vulneratos,</strong></span> <span class='ocrx_word' id='word_1_453' title='bbox 3066 2898 3128 2945; x_wconf 94' lang='lat' dir='ltr'><strong>ut</strong></span> <span class='ocrx_word' id='word_1_454' title='bbox 3162 2890 3368 2945; x_wconf 82' lang='lat' dir='ltr'><strong>videre’</strong></span> <span class='ocrx_word' id='word_1_455' title='bbox 3389 2896 3528 2955; x_wconf 90' lang='lat' dir='ltr'><strong>erat,</strong></span> 
     </span>
    </p>
   </div>
   <div class='ocr_carea' id='block_1_74' title="bbox 1940 2983 3531 3054">
    <p class='ocr_par' dir='ltr' id='par_1_74' title="bbox 1940 2983 3531 3054">
     <span class='ocr_line' id='line_1_75' title="bbox 1940 2983 3531 3054; baseline -0.004 -12"><span class='ocrx_word' id='word_1_456' title='bbox 1940 2989 2032 3042; x_wconf 84' lang='lat' dir='ltr'><strong>vix</strong></span> <span class='ocrx_word' id='word_1_457' title='bbox 2079 2987 2339 3042; x_wconf 85' lang='lat' dir='ltr'><strong>evasisse.</strong></span> <span class='ocrx_word' id='word_1_458' title='bbox 2377 2984 2787 3040; x_wconf 85' lang='lat' dir='ltr'><strong>Couturbantur</strong></span> <span class='ocrx_word' id='word_1_459' title='bbox 2841 2998 3056 3051; x_wconf 91' lang='lat' dir='ltr'><strong>omnes,</strong></span> <span class='ocrx_word' id='word_1_460' title='bbox 3113 2983 3393 3054; x_wconf 91' lang='lat' dir='ltr'><strong>divinique</strong></span> <span class='ocrx_word' id='word_1_461' title='bbox 3439 2998 3531 3037; x_wconf 87' lang='lat' dir='ltr'><strong>re-</strong></span> 
     </span>
    </p>
   </div>
   <div class='ocr_carea' id='block_1_75' title="bbox 1942 3066 3529 3149">
    <p class='ocr_par' dir='ltr' id='par_1_75' title="bbox 1942 3066 3529 3149">
     <span class='ocr_line' id='line_1_76' title="bbox 1942 3066 3529 3149; baseline -0.004 -16"><span class='ocrx_word' id='word_1_462' title='bbox 1942 3066 2163 3149; x_wconf 76' lang='lat' dir='ltr'><strong>spectus</strong></span> <span class='ocrx_word' id='word_1_463' title='bbox 2189 3076 2621 3133; x_wconf 81' lang='lat' dir='ltr'><strong>misericordiam</strong></span> <span class='ocrx_word' id='word_1_464' title='bbox 2644 3066 2895 3131; x_wconf 83' lang='lat' dir='ltr'><strong>ﬂebiliter</strong></span> <span class='ocrx_word' id='word_1_465' title='bbox 2920 3075 3234 3146; x_wconf 87' lang='lat' dir='ltr'><strong>implorant,</strong></span> <span class='ocrx_word' id='word_1_466' title='bbox 3268 3073 3529 3145; x_wconf 89' lang='lat' dir='ltr'><strong>quoniam</strong></span> 
     </span>
    </p>
   </div>
   <div class='ocr_carea' id='block_1_76' title="bbox 1941 3162 3537 3237">
    <p class='ocr_par' dir='ltr' id='par_1_76' title="bbox 1941 3162 3537 3237">
     <span class='ocr_line' id='line_1_77' title="bbox 1941 3162 3537 3237; baseline -0.002 -17"><span class='ocrx_word' id='word_1_467' title='bbox 1941 3162 2073 3237; x_wconf 84' lang='lat' dir='ltr'><strong>quid</strong></span> <span class='ocrx_word' id='word_1_468' title='bbox 2102 3166 2247 3220; x_wconf 89' lang='lat' dir='ltr'><strong>facto</strong></span> <span class='ocrx_word' id='word_1_469' title='bbox 2272 3181 2411 3236; x_wconf 90' lang='lat' dir='ltr'><strong>opus</strong></span> <span class='ocrx_word' id='word_1_470' title='bbox 2451 3165 2523 3221; x_wconf 91' lang='lat' dir='ltr'><strong>sit</strong></span> <span class='ocrx_word' id='word_1_471' title='bbox 2548 3164 2892 3236; x_wconf 87' lang='lat' dir='ltr'><strong>ignorabant.</strong></span> <span class='ocrx_word' id='word_1_472' title='bbox 2916 3164 3114 3220; x_wconf 86' lang='lat' dir='ltr'><strong>Audita</strong></span> <span class='ocrx_word' id='word_1_473' title='bbox 3139 3164 3376 3219; x_wconf 89' lang='lat' dir='ltr'><strong>domnus</strong></span> <span class='ocrx_word' id='word_1_474' title='bbox 3404 3174 3537 3235; x_wconf 87' lang='lat' dir='ltr'><strong>pon—</strong></span> 
     </span>
    </p>
   </div>
   <div class='ocr_carea' id='block_1_77' title="bbox 1942 3255 3535 3327">
    <p class='ocr_par' dir='ltr' id='par_1_77' title="bbox 1942 3255 3535 3327">
     <span class='ocr_line' id='line_1_78' title="bbox 1942 3255 3535 3327; baseline -0.003 -15"><span class='ocrx_word' id='word_1_475' title='bbox 1942 3256 2074 3312; x_wconf 82' lang='lat' dir='ltr'><strong>tifex</strong></span> <span class='ocrx_word' id='word_1_476' title='bbox 2104 3258 2337 3312; x_wconf 81' lang='lat' dir='ltr'><strong>turbata</strong></span> <span class='ocrx_word' id='word_1_477' title='bbox 2363 3257 2732 3312; x_wconf 87' lang='lat' dir='ltr'><strong>multitudinis</strong></span> <span class='ocrx_word' id='word_1_478' title='bbox 2758 3257 3169 3322; x_wconf 86' lang='lat' dir='ltr'><strong>lamentatione,</strong></span> <span class='ocrx_word' id='word_1_479' title='bbox 3192 3256 3358 3327; x_wconf 88' lang='lat' dir='ltr'><strong>pedes</strong></span> <span class='ocrx_word' id='word_1_480' title='bbox 3386 3255 3535 3310; x_wconf 86' lang='lat' dir='ltr'><strong>enim</strong></span> 
     </span>
    </p>
   </div>
   <div class='ocr_carea' id='block_1_78' title="bbox 1944 3340 3537 3421">
    <p class='ocr_par' dir='ltr' id='par_1_78' title="bbox 1944 3340 3537 3421">
     <span class='ocr_line' id='line_1_79' title="bbox 1944 3340 3537 3421; baseline -0.003 -15"><span class='ocrx_word' id='word_1_481' title='bbox 1944 3340 2383 3421; x_wconf 83' lang='lat' dir='ltr'><strong>subsequebatur</strong></span> <span class='ocrx_word' id='word_1_482' title='bbox 2416 3350 2568 3406; x_wconf 90' lang='lat' dir='ltr'><strong>solus</strong></span> <span class='ocrx_word' id='word_1_483' title='bbox 2594 3359 2657 3405; x_wconf 90' lang='lat' dir='ltr'><strong>ut</strong></span> <span class='ocrx_word' id='word_1_484' title='bbox 2690 3351 2950 3405; x_wconf 88' lang='lat' dir='ltr'><strong>attentius</strong></span> <span class='ocrx_word' id='word_1_485' title='bbox 2984 3358 3201 3405; x_wconf 87' lang='lat' dir='ltr'><strong>vacaret</strong></span> <span class='ocrx_word' id='word_1_486' title='bbox 3226 3350 3455 3419; x_wconf 90' lang='lat' dir='ltr'><strong>psalmis</strong></span> <span class='ocrx_word' id='word_1_487' title='bbox 3480 3357 3537 3419; x_wconf 83' lang='lat' dir='ltr'><strong>et</strong></span> 
     </span>
    </p>
   </div>
   <div class='ocr_carea' id='block_1_79' title="bbox 1945 3442 3539 3513">
    <p class='ocr_par' dir='ltr' id='par_1_79' title="bbox 1945 3442 3539 3513">
     <span class='ocr_line' id='line_1_80' title="bbox 1945 3442 3539 3513; baseline -0.003 -14"><span class='ocrx_word' id='word_1_488' title='bbox 1945 3445 2310 3512; x_wconf 89' lang='lat' dir='ltr'><strong>orationibus,</strong></span> <span class='ocrx_word' id='word_1_489' title='bbox 2356 3444 2620 3511; x_wconf 85' lang='lat' dir='ltr'><strong>substitit,</strong></span> <span class='ocrx_word' id='word_1_490' title='bbox 2652 3452 2707 3499; x_wconf 92' lang='lat' dir='ltr'><strong>et</strong></span> <span class='ocrx_word' id='word_1_491' title='bbox 2734 3460 2833 3503; x_wconf 86' lang='lat' dir='ltr'><strong>cur</strong></span> <span class='ocrx_word' id='word_1_492' title='bbox 2878 3444 3311 3498; x_wconf 89' lang='lat' dir='ltr'><strong>lamentarentur</strong></span> <span class='ocrx_word' id='word_1_493' title='bbox 3359 3442 3539 3513; x_wconf 89' lang='lat' dir='ltr'><strong>inqui-</strong></span> 
     </span>
    </p>
   </div>
   <div class='ocr_carea' id='block_1_80' title="bbox 1945 3533 3536 3609">
    <p class='ocr_par' dir='ltr' id='par_1_80' title="bbox 1945 3533 3536 3609">
     <span class='ocr_line' id='line_1_81' title="bbox 1945 3533 3536 3609; baseline -0.002 -17"><span class='ocrx_word' id='word_1_494' title='bbox 1945 3536 2018 3593; x_wconf 86' lang='lat' dir='ltr'><strong>rit</strong></span> <span class='ocrx_word' id='word_1_495' title='bbox 2050 3555 2063 3591; x_wconf 94' lang='lat'>:</span> <span class='ocrx_word' id='word_1_496' title='bbox 2089 3537 2307 3609; x_wconf 76' lang='lat' dir='ltr'><strong>cognito</strong></span> <span class='ocrx_word' id='word_1_497' title='bbox 2331 3552 2461 3592; x_wconf 90' lang='lat' dir='ltr'><strong>casu</strong></span> <span class='ocrx_word' id='word_1_498' title='bbox 2483 3536 2700 3607; x_wconf 85' lang='lat' dir='ltr'><strong>signum</strong></span> <span class='ocrx_word' id='word_1_499' title='bbox 2730 3542 2932 3591; x_wconf 82' lang='lat' dir='ltr'><strong>sancta</strong></span> <span class='ocrx_word' id='word_1_500' title='bbox 2954 3536 3136 3591; x_wconf 83' lang='lat' dir='ltr'><strong>crucis</strong></span> <span class='ocrx_word' id='word_1_501' title='bbox 3165 3533 3381 3601; x_wconf 90' lang='lat' dir='ltr'><strong>indidit,</strong></span> <span class='ocrx_word' id='word_1_502' title='bbox 3412 3548 3536 3589; x_wconf 81' lang='lat' dir='ltr'><strong>ere-</strong></span> 
     </span>
    </p>
   </div>
   <div class='ocr_carea' id='block_1_81' title="bbox 1946 3626 3538 3700">
    <p class='ocr_par' dir='ltr' id='par_1_81' title="bbox 1946 3626 3538 3700">
     <span class='ocr_line' id='line_1_82' title="bbox 1946 3626 3538 3700; baseline -0.002 -16"><span class='ocrx_word' id='word_1_503' title='bbox 1946 3634 2143 3700; x_wconf 87' lang='lat' dir='ltr'><strong>ctaque</strong></span> <span class='ocrx_word' id='word_1_504' title='bbox 2186 3629 2377 3684; x_wconf 81' lang='lat' dir='ltr'><strong>dextra</strong></span> <span class='ocrx_word' id='word_1_505' title='bbox 2407 3644 2515 3699; x_wconf 85' lang='lat' dir='ltr'><strong>qua</strong></span> <span class='ocrx_word' id='word_1_506' title='bbox 2546 3629 2727 3683; x_wconf 89' lang='lat' dir='ltr'><strong>iturus</strong></span> <span class='ocrx_word' id='word_1_507' title='bbox 2768 3636 2886 3683; x_wconf 89' lang='lat' dir='ltr'><strong>erat</strong></span> <span class='ocrx_word' id='word_1_508' title='bbox 2915 3636 3089 3697; x_wconf 89' lang='lat' dir='ltr'><strong>parte,</strong></span> <span class='ocrx_word' id='word_1_509' title='bbox 3130 3626 3388 3697; x_wconf 90' lang='lat' dir='ltr'><strong>signavit,</strong></span> <span class='ocrx_word' id='word_1_510' title='bbox 3412 3634 3538 3697; x_wconf 90' lang='lat' dir='ltr'><strong>post</strong></span> 
     </span>
    </p>
   </div>
   <div class='ocr_carea' id='block_1_82' title="bbox 1947 3718 3538 3795">
    <p class='ocr_par' dir='ltr' id='par_1_82' title="bbox 1947 3718 3538 3795">
     <span class='ocr_line' id='line_1_83' title="bbox 1947 3718 3538 3795; baseline -0.004 -18"><span class='ocrx_word' id='word_1_511' title='bbox 1947 3721 2271 3795; x_wconf 83' lang='lat' dir='ltr'><strong>recolligens</strong></span> <span class='ocrx_word' id='word_1_512' title='bbox 2300 3736 2487 3777; x_wconf 87' lang='lat' dir='ltr'><strong>secum</strong></span> <span class='ocrx_word' id='word_1_513' title='bbox 2530 3720 2694 3775; x_wconf 88' lang='lat' dir='ltr'><strong>verba</strong></span> <span class='ocrx_word' id='word_1_514' title='bbox 2727 3719 2923 3790; x_wconf 88' lang='lat' dir='ltr'><strong>psalmi</strong></span> <span class='ocrx_word' id='word_1_515' title='bbox 2979 3718 3180 3790; x_wconf 88' lang='lat' dir='ltr'><strong>quibus</strong></span> <span class='ocrx_word' id='word_1_516' title='bbox 3205 3718 3417 3787; x_wconf 82' lang='lat' dir='ltr'><strong>orabat,</strong></span> <span class='ocrx_word' id='word_1_517' title='bbox 3451 3718 3538 3771; x_wconf 86' lang='lat' dir='ltr'><strong>in—</strong></span> 
     </span>
    </p>
   </div>
   <div class='ocr_carea' id='block_1_83' title="bbox 1949 3811 3540 3883">
    <p class='ocr_par' dir='ltr' id='par_1_83' title="bbox 1949 3811 3540 3883">
     <span class='ocr_line' id='line_1_84' title="bbox 1949 3811 3540 3883; baseline -0.003 -14"><span class='ocrx_word' id='word_1_518' title='bbox 1949 3812 2095 3869; x_wconf 83' lang='lat' dir='ltr'><strong>venit</strong></span> <span class='ocrx_word' id='word_1_519' title='bbox 2120 3813 2267 3869; x_wconf 92' lang='lat' dir='ltr'><strong>hune</strong></span> <span class='ocrx_word' id='word_1_520' title='bbox 2291 3828 2514 3869; x_wconf 89' lang='lat' dir='ltr'><strong>versum</strong></span> <span class='ocrx_word' id='word_1_521' title='bbox 2548 3833 2559 3864; x_wconf 88' lang='lat'><strong>:</strong></span> <span class='ocrx_word' id='word_1_522' title='bbox 2595 3811 2759 3883; x_wconf 82' lang='lat' dir='ltr'><strong>Eripe</strong></span> <span class='ocrx_word' id='word_1_523' title='bbox 2790 3827 2869 3866; x_wconf 86' lang='lat' dir='ltr'><strong>me</strong></span> <span class='ocrx_word' id='word_1_524' title='bbox 2889 3811 2952 3865; x_wconf 85' lang='lat' dir='ltr'><strong>de</strong></span> <span class='ocrx_word' id='word_1_525' title='bbox 2976 3811 3315 3883; x_wconf 81' lang='lat' dir='ltr'><strong>operantibus</strong></span> <span class='ocrx_word' id='word_1_526' title='bbox 3340 3811 3540 3883; x_wconf 83' lang='lat' dir='ltr'><strong>iniqui-</strong></span> 
     </span>
    </p>
   </div>
   <div class='ocr_carea' id='block_1_84' title="bbox 1953 3895 3545 3973">
    <p class='ocr_par' dir='ltr' id='par_1_84' title="bbox 1953 3895 3545 3973">
     <span class='ocr_line' id='line_1_85' title="bbox 1953 3895 3545 3973; baseline -0.003 -14"><span class='ocrx_word' id='word_1_527' title='bbox 1953 3914 2133 3971; x_wconf 85' lang='lat' dir='ltr'><strong>tatem,</strong></span> <span class='ocrx_word' id='word_1_528' title='bbox 2156 3913 2206 3958; x_wconf 88' lang='lat' dir='ltr'><strong>et</strong></span> <span class='ocrx_word' id='word_1_529' title='bbox 2233 3904 2297 3959; x_wconf 88' lang='lat' dir='ltr'><strong>de</strong></span> <span class='ocrx_word' id='word_1_530' title='bbox 2317 3904 2442 3958; x_wconf 79' lang='lat' dir='ltr'><strong>viris</strong></span> <span class='ocrx_word' id='word_1_531' title='bbox 2466 3903 2786 3973; x_wconf 78' lang='lat' dir='ltr'><strong>sanguinum</strong></span> <span class='ocrx_word' id='word_1_532' title='bbox 2807 3899 2954 3957; x_wconf 79' lang='lat' dir='ltr'><strong>salva</strong></span> <span class='ocrx_word' id='word_1_533' title='bbox 2982 3917 3062 3955; x_wconf 84' lang='lat' dir='ltr'><strong>me</strong></span> <span class='ocrx_word' id='word_1_534' title='bbox 3092 3899 3267 3972; x_wconf 79' lang='lat' dir='ltr'><strong>(Psal.</strong></span> <span class='ocrx_word' id='word_1_535' title='bbox 3293 3895 3545 3970; x_wconf 76' lang='lat' dir='ltr'><strong>Lvln,3).</strong></span> 
     </span>
    </p>
   </div>
   <div class='ocr_carea' id='block_1_85' title="bbox 1954 3992 3541 4067">
    <p class='ocr_par' dir='ltr' id='par_1_85' title="bbox 1954 3992 3541 4067">
     <span class='ocr_line' id='line_1_86' title="bbox 1954 3992 3541 4067; baseline -0.004 -14"><span class='ocrx_word' id='word_1_536' title='bbox 1954 3997 2047 4054; x_wconf 89' lang='lat' dir='ltr'><strong>Sic</strong></span> <span class='ocrx_word' id='word_1_537' title='bbox 2072 3997 2230 4053; x_wconf 89' lang='lat' dir='ltr'><strong>miles</strong></span> <span class='ocrx_word' id='word_1_538' title='bbox 2258 3996 2464 4052; x_wconf 80' lang='lat' dir='ltr'><strong>Christi</strong></span> <span class='ocrx_word' id='word_1_539' title='bbox 2489 3995 2772 4066; x_wconf 88' lang='lat' dir='ltr'><strong>paululum</strong></span> <span class='ocrx_word' id='word_1_540' title='bbox 2807 3992 3174 4067; x_wconf 88' lang='lat' dir='ltr'><strong>progreditur.</strong></span> <span class='ocrx_word' id='word_1_541' title='bbox 3202 4000 3541 4062; x_wconf 84' lang='lat' dir='ltr'><strong>cunctosque</strong></span> 
     </span>
    </p>
   </div>
   <div class='ocr_carea' id='block_1_86' title="bbox 1952 4086 2960 4166">
    <p class='ocr_par' dir='ltr' id='par_1_86' title="bbox 1952 4086 2960 4166">
     <span class='ocr_line' id='line_1_87' title="bbox 1952 4086 2960 4166; baseline -0.004 -22"><span class='ocrx_word' id='word_1_542' title='bbox 1952 4090 2047 4163; x_wconf 87' lang='lat' dir='ltr'><strong>qui</strong></span> <span class='ocrx_word' id='word_1_543' title='bbox 2071 4090 2299 4146; x_wconf 89' lang='lat' dir='ltr'><strong>aderant</strong></span> <span class='ocrx_word' id='word_1_544' title='bbox 2330 4087 2568 4143; x_wconf 88' lang='lat' dir='ltr'><strong>breviter</strong></span> <span class='ocrx_word' id='word_1_545' title='bbox 2590 4086 2905 4158; x_wconf 88' lang='lat' dir='ltr'><strong>alloquitur.</strong></span> <span class='ocrx_word' id='word_1_546' title='bbox 2956 4163 2960 4166; x_wconf 7' lang='grc' dir='ltr'><em>ἠ</em></span> 
     </span>
    </p>
   </div>
   <div class='ocr_carea' id='block_1_87' title="bbox 2031 4171 3544 4243">
    <p class='ocr_par' dir='ltr' id='par_1_87' title="bbox 2031 4171 3544 4243">
     <span class='ocr_line' id='line_1_88' title="bbox 2031 4171 3544 4243; baseline -0.005 -9"><span class='ocrx_word' id='word_1_547' title='bbox 2031 4201 2050 4234; x_wconf 72' lang='grc' dir='ltr'>ι</span> <span class='ocrx_word' id='word_1_548' title='bbox 2093 4181 2508 4237; x_wconf 87' lang='lat' dir='ltr'><strong>Commilitones</strong></span> <span class='ocrx_word' id='word_1_549' title='bbox 2534 4180 2663 4243; x_wconf 91' lang='lat' dir='ltr'><strong>mei,</strong></span> <span class='ocrx_word' id='word_1_550' title='bbox 2686 4193 2795 4232; x_wconf 93' lang='lat' dir='ltr'><strong>non</strong></span> <span class='ocrx_word' id='word_1_551' title='bbox 2822 4191 2920 4231; x_wconf 88' lang='lat' dir='ltr'><strong>vos</strong></span> <span class='ocrx_word' id='word_1_552' title='bbox 2969 4175 3242 4233; x_wconf 88' lang='lat' dir='ltr'><strong>deterreat</strong></span> <span class='ocrx_word' id='word_1_553' title='bbox 3285 4171 3544 4229; x_wconf 87' lang='lat' dir='ltr'><strong>adversa-</strong></span> 
     </span>
    </p>
   </div>
   <div class='ocr_carea' id='block_1_88' title="bbox 1961 4264 3543 4345">
    <p class='ocr_par' dir='ltr' id='par_1_88' title="bbox 1961 4264 3543 4345">
     <span class='ocr_line' id='line_1_89' title="bbox 1961 4264 3543 4345; baseline -0.006 -18"><span class='ocrx_word' id='word_1_554' title='bbox 1961 4293 1980 4327; x_wconf 73' lang='grc' dir='ltr'>ι</span> <span class='ocrx_word' id='word_1_555' title='bbox 2024 4276 2143 4329; x_wconf 91' lang='lat' dir='ltr'><strong>rius</strong></span> <span class='ocrx_word' id='word_1_556' title='bbox 2171 4281 2351 4329; x_wconf 88' lang='lat' dir='ltr'><strong>vester</strong></span> <span class='ocrx_word' id='word_1_557' title='bbox 2378 4271 2651 4345; x_wconf 87' lang='lat' dir='ltr'><strong>diabolus,</strong></span> <span class='ocrx_word' id='word_1_558' title='bbox 2676 4270 2771 4340; x_wconf 91' lang='lat' dir='ltr'><strong>qui</strong></span> <span class='ocrx_word' id='word_1_559' title='bbox 2797 4277 3051 4338; x_wconf 82' lang='lat' dir='ltr'><strong>tanquam</strong></span> <span class='ocrx_word' id='word_1_560' title='bbox 3074 4265 3153 4320; x_wconf 83' lang='lat' dir='ltr'><strong>leo</strong></span> <span class='ocrx_word' id='word_1_561' title='bbox 3178 4264 3368 4318; x_wconf 82' lang='lat' dir='ltr'><strong>circuit</strong></span> <span class='ocrx_word' id='word_1_562' title='bbox 3394 4278 3543 4333; x_wconf 70' lang='lat' dir='ltr'><strong>qua!-</strong></span> 
     </span>
    </p>
   </div>
   <div class='ocr_carea' id='block_1_89' title="bbox 1962 4348 3545 4438">
    <p class='ocr_par' dir='ltr' id='par_1_89' title="bbox 1962 4348 3545 4438">
     <span class='ocr_line' id='line_1_90' title="bbox 1962 4348 3545 4438; baseline -0.008 -19"><span class='ocrx_word' id='word_1_563' title='bbox 1962 4386 1981 4419; x_wconf 73' lang='grc' dir='ltr'>ι</span> <span class='ocrx_word' id='word_1_564' title='bbox 2025 4356 2142 4421; x_wconf 71' lang='lat' dir='ltr'><strong>reus</strong></span> <span class='ocrx_word' id='word_1_565' title='bbox 2207 4381 2361 4438; x_wconf 85' lang='lat' dir='ltr'><strong>quem</strong></span> <span class='ocrx_word' id='word_1_566' title='bbox 2388 4360 2632 4427; x_wconf 77' lang='lat' dir='ltr'><strong>devoret;</strong></span> <span class='ocrx_word' id='word_1_567' title='bbox 2676 4360 2761 4414; x_wconf 86' lang='lat' dir='ltr'><strong>cui</strong></span> <span class='ocrx_word' id='word_1_568' title='bbox 2790 4358 3018 4413; x_wconf 78' lang='lat' dir='ltr'><strong>resistite</strong></span> <span class='ocrx_word' id='word_1_569' title='bbox 3045 4357 3205 4427; x_wconf 80' lang='lat' dir='ltr'><strong>fortes</strong></span> <span class='ocrx_word' id='word_1_570' title='bbox 3248 4357 3304 4409; x_wconf 83' lang='lat' dir='ltr'><strong>in</strong></span> <span class='ocrx_word' id='word_1_571' title='bbox 3361 4348 3545 4426; x_wconf 81' lang='lat' dir='ltr'><strong>ﬁde([</strong></span> 
     </span>
    </p>
   </div>
   <div class='ocr_carea' id='block_1_90' title="bbox 257 4448 1840 4538">
    <p class='ocr_par' dir='ltr' id='par_1_90' title="bbox 257 4467 1840 4538">
     <span class='ocr_line' id='line_1_91' title="bbox 257 4467 1840 4538; baseline -0.003 -16"><span class='ocrx_word' id='word_1_572' title='bbox 257 4467 374 4522; x_wconf 87' lang='lat' dir='ltr'><strong>sire</strong></span> <span class='ocrx_word' id='word_1_573' title='bbox 399 4468 669 4533; x_wconf 83' lang='lat' dir='ltr'><strong>volentes,</strong></span> <span class='ocrx_word' id='word_1_574' title='bbox 694 4468 786 4537; x_wconf 89' lang='lat' dir='ltr'><strong>qui</strong></span> <span class='ocrx_word' id='word_1_575' title='bbox 816 4483 945 4522; x_wconf 76' lang='lat' dir='ltr'><strong>mox</strong></span> <span class='ocrx_word' id='word_1_576' title='bbox 969 4470 1174 4523; x_wconf 90' lang='lat' dir='ltr'><strong>accitos</strong></span> <span class='ocrx_word' id='word_1_577' title='bbox 1200 4467 1303 4522; x_wconf 90' lang='lat' dir='ltr'><strong>sibi</strong></span> <span class='ocrx_word' id='word_1_578' title='bbox 1327 4467 1642 4537; x_wconf 63' lang='lat' dir='ltr'><strong>praesentari</strong></span> <span class='ocrx_word' id='word_1_579' title='bbox 1667 4467 1840 4538; x_wconf 39' lang='lat' dir='ltr'><strong>jussit.</strong></span> 
     </span>
    </p>
   </div>
   <div class='ocr_carea' id='block_1_91' title="bbox 1947 4448 3544 4538">
    <p class='ocr_par' dir='ltr' id='par_1_91' title="bbox 1964 4448 3544 4528">
     <span class='ocr_line' id='line_1_92' title="bbox 1964 4448 3544 4528; baseline -0.009 -16"><span class='ocrx_word' id='word_1_580' title='bbox 1964 4480 1983 4512; x_wconf 78' lang='grc' dir='ltr'>ι</span> <span class='ocrx_word' id='word_1_581' title='bbox 2030 4459 2178 4514; x_wconf 84' lang='lat' dir='ltr'><strong>Petr.</strong></span> <span class='ocrx_word' id='word_1_582' title='bbox 2216 4474 2270 4524; x_wconf 90' lang='lat' dir='ltr'><strong>v,</strong></span> <span class='ocrx_word' id='word_1_583' title='bbox 2306 4457 2383 4528; x_wconf 91' lang='lat'><strong>8),</strong></span> <span class='ocrx_word' id='word_1_584' title='bbox 2414 4454 2675 4527; x_wconf 89' lang='lat' dir='ltr'><strong>quoniam</strong></span> <span class='ocrx_word' id='word_1_585' title='bbox 2704 4454 2751 4506; x_wconf 80' lang='lat' dir='ltr'><strong>si</strong></span> <span class='ocrx_word' id='word_1_586' title='bbox 2776 4451 2917 4505; x_wconf 72' lang='lat' dir='ltr'><strong>Deus</strong></span> <span class='ocrx_word' id='word_1_587' title='bbox 2954 4465 3050 4521; x_wconf 88' lang='lat' dir='ltr'><strong>pro</strong></span> <span class='ocrx_word' id='word_1_588' title='bbox 3076 4449 3247 4515; x_wconf 80' lang='lat' dir='ltr'><strong>nobis,</strong></span> <span class='ocrx_word' id='word_1_589' title='bbox 3275 4448 3392 4518; x_wconf 84' lang='lat' dir='ltr'><strong>quis</strong></span> <span class='ocrx_word' id='word_1_590' title='bbox 3416 4463 3544 4517; x_wconf 53' lang='lat' dir='ltr'><strong>con-1</strong></span> 
     </span>
    </p>
   </div>
   <div class='ocr_carea' id='block_1_92' title="bbox 265 4550 1854 4630">
    <p class='ocr_par' dir='ltr' id='par_1_92' title="bbox 265 4550 1854 4630">
     <span class='ocr_line' id='line_1_93' title="bbox 265 4550 1854 4630; baseline 0.001 -17"><span class='ocrx_word' id='word_1_591' title='bbox 265 4557 474 4615; x_wconf 77' lang='lat' dir='ltr'><strong>Videns</strong></span> <span class='ocrx_word' id='word_1_592' title='bbox 500 4560 685 4628; x_wconf 86' lang='lat' dir='ltr'><strong>itaque</strong></span> <span class='ocrx_word' id='word_1_593' title='bbox 699 4550 793 4615; x_wconf 85' lang='lat' dir='ltr'><strong>rex</strong></span> <span class='ocrx_word' id='word_1_594' title='bbox 815 4560 1147 4630; x_wconf 83' lang='lat' dir='ltr'><strong>pontificem,</strong></span> <span class='ocrx_word' id='word_1_595' title='bbox 1168 4559 1259 4615; x_wconf 91' lang='lat' dir='ltr'><strong>Dei</strong></span> <span class='ocrx_word' id='word_1_596' title='bbox 1287 4569 1422 4614; x_wconf 92' lang='lat' dir='ltr'><strong>nutu</strong></span> <span class='ocrx_word' id='word_1_597' title='bbox 1439 4567 1646 4615; x_wconf 89' lang='lat' dir='ltr'><strong>mutata</strong></span> <span class='ocrx_word' id='word_1_598' title='bbox 1674 4570 1854 4615; x_wconf 88' lang='lat' dir='ltr'><strong>mente</strong></span> 
     </span>
    </p>
   </div>
   <div class='ocr_carea' id='block_1_93' title="bbox 151 4650 1855 4723">
    <p class='ocr_par' dir='ltr' id='par_1_93' title="bbox 151 4650 1855 4723">
     <span class='ocr_line' id='line_1_94' title="bbox 151 4650 1855 4723; baseline 0.001 -18"><span class='ocrx_word' id='word_1_599' title='bbox 151 4715 164 4723; x_wconf 86' lang='lat'>_</span> <span class='ocrx_word' id='word_1_600' title='bbox 258 4651 524 4721; x_wconf 87' lang='lat' dir='ltr'><strong>pristina,</strong></span> <span class='ocrx_word' id='word_1_601' title='bbox 574 4653 750 4722; x_wconf 81' lang='lat' dir='ltr'><strong>surgit</strong></span> <span class='ocrx_word' id='word_1_602' title='bbox 779 4653 942 4708; x_wconf 91' lang='lat' dir='ltr'><strong>citius</strong></span> <span class='ocrx_word' id='word_1_603' title='bbox 969 4668 1000 4707; x_wconf 91' lang='lat' dir='ltr'><strong>a</strong></span> <span class='ocrx_word' id='word_1_604' title='bbox 1023 4652 1181 4717; x_wconf 92' lang='lat' dir='ltr'><strong>solio,</strong></span> <span class='ocrx_word' id='word_1_605' title='bbox 1217 4667 1429 4707; x_wconf 90' lang='lat' dir='ltr'><strong>necnon</strong></span> <span class='ocrx_word' id='word_1_606' title='bbox 1455 4650 1855 4706; x_wconf 86' lang='lat' dir='ltr'><strong>officiosissime</strong></span> 
     </span>
    </p>
   </div>
   <div class='ocr_carea' id='block_1_94' title="bbox 261 4743 1857 4815">
    <p class='ocr_par' dir='ltr' id='par_1_94' title="bbox 261 4743 1857 4815">
     <span class='ocr_line' id='line_1_95' title="bbox 261 4743 1857 4815; baseline -0.001 -16"><span class='ocrx_word' id='word_1_607' title='bbox 261 4743 569 4799; x_wconf 88' lang='lat' dir='ltr'><strong>salutatum</strong></span> <span class='ocrx_word' id='word_1_608' title='bbox 619 4743 815 4799; x_wconf 90' lang='lat' dir='ltr'><strong>invitat</strong></span> <span class='ocrx_word' id='word_1_609' title='bbox 864 4745 918 4798; x_wconf 91' lang='lat' dir='ltr'><strong>in</strong></span> <span class='ocrx_word' id='word_1_610' title='bbox 944 4744 1291 4811; x_wconf 84' lang='lat' dir='ltr'><strong>consistorio,</strong></span> <span class='ocrx_word' id='word_1_611' title='bbox 1322 4743 1517 4815; x_wconf 90' lang='lat' dir='ltr'><strong>quarit</strong></span> <span class='ocrx_word' id='word_1_612' title='bbox 1544 4760 1744 4800; x_wconf 89' lang='lat' dir='ltr'><strong>causas</strong></span> <span class='ocrx_word' id='word_1_613' title='bbox 1767 4743 1857 4797; x_wconf 89' lang='lat' dir='ltr'><strong>iti-</strong></span> 
     </span>
    </p>
   </div>
   <div class='ocr_carea' id='block_1_95' title="bbox 260 4834 1861 4904">
    <p class='ocr_par' dir='ltr' id='par_1_95' title="bbox 260 4834 1861 4904">
     <span class='ocr_line' id='line_1_96' title="bbox 260 4834 1861 4904; baseline -0.001 -14"><span class='ocrx_word' id='word_1_614' title='bbox 260 4835 439 4901; x_wconf 89' lang='lat' dir='ltr'><strong>neris,</strong></span> <span class='ocrx_word' id='word_1_615' title='bbox 483 4835 716 4890; x_wconf 89' lang='lat' dir='ltr'><strong>miratur</strong></span> <span class='ocrx_word' id='word_1_616' title='bbox 742 4837 965 4904; x_wconf 90' lang='lat' dir='ltr'><strong>auditis,</strong></span> <span class='ocrx_word' id='word_1_617' title='bbox 990 4836 1219 4890; x_wconf 89' lang='lat' dir='ltr'><strong>miratur</strong></span> <span class='ocrx_word' id='word_1_618' title='bbox 1250 4838 1410 4892; x_wconf 89' lang='lat' dir='ltr'><strong>talem</strong></span> <span class='ocrx_word' id='word_1_619' title='bbox 1444 4850 1508 4891; x_wconf 87' lang='lat' dir='ltr'><strong>ac</strong></span> <span class='ocrx_word' id='word_1_620' title='bbox 1539 4845 1753 4892; x_wconf 87' lang='lat' dir='ltr'><strong>tantum</strong></span> <span class='ocrx_word' id='word_1_621' title='bbox 1778 4834 1861 4890; x_wconf 88' lang='lat' dir='ltr'><strong>vi—</strong></span> 
     </span>
    </p>
   </div>
   <div class='ocr_carea' id='block_1_96' title="bbox 261 4928 1863 5001">
    <p class='ocr_par' dir='ltr' id='par_1_96' title="bbox 261 4928 1863 5001">
     <span class='ocr_line' id='line_1_97' title="bbox 261 4928 1863 5001; baseline 0.001 -19"><span class='ocrx_word' id='word_1_622' title='bbox 261 4944 388 4982; x_wconf 87' lang='lat' dir='ltr'><strong>rum</strong></span> <span class='ocrx_word' id='word_1_623' title='bbox 416 4936 529 4983; x_wconf 89' lang='lat' dir='ltr'><strong>tam</strong></span> <span class='ocrx_word' id='word_1_624' title='bbox 562 4928 797 4985; x_wconf 80' lang='lat' dir='ltr'><strong>diﬂicilis</strong></span> <span class='ocrx_word' id='word_1_625' title='bbox 820 4928 1035 5001; x_wconf 91' lang='lat' dir='ltr'><strong>pondus</strong></span> <span class='ocrx_word' id='word_1_626' title='bbox 1056 4928 1290 4984; x_wconf 88' lang='lat' dir='ltr'><strong>subiisse</strong></span> <span class='ocrx_word' id='word_1_627' title='bbox 1322 4929 1523 4984; x_wconf 90' lang='lat' dir='ltr'><strong>laboris</strong></span> <span class='ocrx_word' id='word_1_628' title='bbox 1560 4951 1574 4987; x_wconf 91' lang='lat'><strong>:</strong></span> <span class='ocrx_word' id='word_1_629' title='bbox 1608 4929 1700 4986; x_wconf 90' lang='lat' dir='ltr'><strong>sed</strong></span> <span class='ocrx_word' id='word_1_630' title='bbox 1724 4944 1863 4998; x_wconf 88' lang='lat' dir='ltr'><strong>quo-</strong></span> 
     </span>
    </p>
   </div>
   <div class='ocr_carea' id='block_1_97' title="bbox 263 5018 1860 5091">
    <p class='ocr_par' dir='ltr' id='par_1_97' title="bbox 263 5018 1860 5091">
     <span class='ocr_line' id='line_1_98' title="bbox 263 5018 1860 5091; baseline 0.001 -17"><span class='ocrx_word' id='word_1_631' title='bbox 263 5019 419 5075; x_wconf 87' lang='lat' dir='ltr'><strong>niam</strong></span> <span class='ocrx_word' id='word_1_632' title='bbox 459 5018 568 5074; x_wconf 92' lang='lat' dir='ltr'><strong>illis</strong></span> <span class='ocrx_word' id='word_1_633' title='bbox 596 5019 787 5078; x_wconf 88' lang='lat' dir='ltr'><strong>diebus</strong></span> <span class='ocrx_word' id='word_1_634' title='bbox 808 5020 899 5076; x_wconf 81' lang='lat' dir='ltr'><strong>vix</strong></span> <span class='ocrx_word' id='word_1_635' title='bbox 934 5019 1162 5090; x_wconf 89' lang='lat' dir='ltr'><strong>quilibet</strong></span> <span class='ocrx_word' id='word_1_636' title='bbox 1200 5030 1295 5075; x_wconf 90' lang='lat' dir='ltr'><strong>aut</strong></span> <span class='ocrx_word' id='word_1_637' title='bbox 1346 5035 1481 5091; x_wconf 87' lang='lat' dir='ltr'><strong>pene</strong></span> <span class='ocrx_word' id='word_1_638' title='bbox 1539 5022 1726 5081; x_wconf 90' lang='lat' dir='ltr'><strong>nullus</strong></span> <span class='ocrx_word' id='word_1_639' title='bbox 1754 5022 1860 5076; x_wconf 88' lang='lat' dir='ltr'><strong>hoc</strong></span> 
     </span>
    </p>
   </div>
   <div class='ocr_carea' id='block_1_98' title="bbox 262 5110 1862 5183">
    <p class='ocr_par' dir='ltr' id='par_1_98' title="bbox 262 5110 1862 5183">
     <span class='ocr_line' id='line_1_99' title="bbox 262 5110 1862 5183; baseline 0.001 -17"><span class='ocrx_word' id='word_1_640' title='bbox 262 5111 370 5166; x_wconf 88' lang='lat' dir='ltr'><strong>iter</strong></span> <span class='ocrx_word' id='word_1_641' title='bbox 414 5110 732 5181; x_wconf 89' lang='lat' dir='ltr'><strong>arripiebat,</strong></span> <span class='ocrx_word' id='word_1_642' title='bbox 755 5111 1028 5183; x_wconf 89' lang='lat' dir='ltr'><strong>cogitabat</strong></span> <span class='ocrx_word' id='word_1_643' title='bbox 1076 5128 1147 5167; x_wconf 89' lang='lat' dir='ltr'><strong>ne</strong></span> <span class='ocrx_word' id='word_1_644' title='bbox 1190 5111 1511 5168; x_wconf 87' lang='lat' dir='ltr'><strong>simularent</strong></span> <span class='ocrx_word' id='word_1_645' title='bbox 1544 5118 1602 5175; x_wconf 84' lang='lat' dir='ltr'><strong>id</strong></span> <span class='ocrx_word' id='word_1_646' title='bbox 1638 5113 1862 5170; x_wconf 83' lang='lat' dir='ltr'><strong>alterius</strong></span> 
     </span>
    </p>
   </div>
   <div class='ocr_carea' id='block_1_99' title="bbox 264 5202 1863 5283">
    <p class='ocr_par' dir='ltr' id='par_1_99' title="bbox 264 5202 1863 5283">
     <span class='ocr_line' id='line_1_100' title="bbox 264 5202 1863 5283; baseline 0.003 -24"><span class='ocrx_word' id='word_1_647' title='bbox 264 5202 475 5275; x_wconf 83' lang='lat' dir='ltr'><strong>negotii</strong></span> <span class='ocrx_word' id='word_1_648' title='bbox 505 5204 707 5273; x_wconf 83' lang='lat' dir='ltr'><strong>gratia;</strong></span> <span class='ocrx_word' id='word_1_649' title='bbox 745 5205 888 5260; x_wconf 87' lang='lat' dir='ltr'><strong>unde</strong></span> <span class='ocrx_word' id='word_1_650' title='bbox 918 5205 1126 5283; x_wconf 82' lang='lat' dir='ltr'><strong>vocatis</strong></span> <span class='ocrx_word' id='word_1_651' title='bbox 1148 5203 1263 5258; x_wconf 87' lang='lat' dir='ltr'><strong>suis</strong></span> <span class='ocrx_word' id='word_1_652' title='bbox 1279 5204 1432 5273; x_wconf 87' lang='lat' dir='ltr'><strong>jubet</strong></span> <span class='ocrx_word' id='word_1_653' title='bbox 1454 5221 1563 5269; x_wconf 85' lang='lat' dir='ltr'><strong>eos</strong></span> <span class='ocrx_word' id='word_1_654' title='bbox 1599 5205 1863 5276; x_wconf 77' lang='lat' dir='ltr'><strong>evestigio</strong></span> 
     </span>
    </p>
   </div>
   <div class='ocr_carea' id='block_1_100' title="bbox 278 5295 1168 5316">
    <p class='ocr_par' dir='ltr' id='par_1_100' title="bbox 278 5295 1168 5316">
     <span class='ocr_line' id='line_1_101' title="bbox 278 5295 1168 5316; baseline 0 0"><span class='ocrx_word' id='word_1_655' title='bbox 278 5295 560 5316; x_wconf 57' lang='lat' dir='ltr'><strong>l!‘2..-..a-_.</strong></span> <span class='ocrx_word' id='word_1_656' title='bbox 612 5295 695 5316; x_wconf 50' lang='lat' dir='ltr'><strong>-L,</strong></span> <span class='ocrx_word' id='word_1_657' title='bbox 808 5295 881 5316; x_wconf 51' lang='lat'><strong>_,-!</strong></span> <span class='ocrx_word' id='word_1_658' title='bbox 945 5309 1010 5316; x_wconf 50' lang='grc' dir='ltr'><strong>κ-</strong></span> <span class='ocrx_word' id='word_1_659' title='bbox 1060 5295 1168 5316; x_wconf 63' lang='lat' dir='ltr'><strong>-_--I</strong></span> 
     </span>
    </p>
   </div>
   <div class='ocr_carea' id='block_1_101' title="bbox 1966 4539 3546 4621">
    <p class='ocr_par' dir='ltr' id='par_1_101' title="bbox 1966 4539 3546 4621">
     <span class='ocr_line' id='line_1_102' title="bbox 1966 4539 3546 4621; baseline -0.008 -18"><span class='ocrx_word' id='word_1_660' title='bbox 1966 4572 1984 4603; x_wconf 75' lang='grc' dir='ltr'>ι</span> <span class='ocrx_word' id='word_1_661' title='bbox 2004 4598 2009 4603; x_wconf 91' lang='grc'><em>.</em></span> <span class='ocrx_word' id='word_1_662' title='bbox 2033 4561 2117 4605; x_wconf 91' lang='lat' dir='ltr'><strong>tra</strong></span> <span class='ocrx_word' id='word_1_663' title='bbox 2141 4566 2233 4605; x_wconf 75' lang='lat' dir='ltr'><strong>nos</strong></span> <span class='ocrx_word' id='word_1_664' title='bbox 2254 4551 2280 4604; x_wconf 75' lang='lat'><strong>1&#39;</strong></span> <span class='ocrx_word' id='word_1_665' title='bbox 2305 4548 2479 4621; x_wconf 85' lang='lat' dir='ltr'><strong>(Rom.</strong></span> <span class='ocrx_word' id='word_1_666' title='bbox 2507 4561 2628 4613; x_wconf 85' lang='lat' dir='ltr'><strong>vm,</strong></span> <span class='ocrx_word' id='word_1_667' title='bbox 2660 4544 2774 4617; x_wconf 85' lang='grc'><strong>91.)</strong></span> <span class='ocrx_word' id='word_1_668' title='bbox 2814 4542 3179 4612; x_wconf 84' lang='lat' dir='ltr'><strong>Quapropter,</strong></span> <span class='ocrx_word' id='word_1_669' title='bbox 3216 4539 3421 4609; x_wconf 83' lang='lat' dir='ltr'><strong>induite</strong></span> <span class='ocrx_word' id='word_1_670' title='bbox 3458 4553 3546 4592; x_wconf 74' lang='lat' dir='ltr'><strong>vos</strong></span> 
     </span>
    </p>
   </div>
   <div class='ocr_carea' id='block_1_102' title="bbox 1966 4630 3550 4709">
    <p class='ocr_par' dir='ltr' id='par_1_102' title="bbox 1966 4630 3550 4709">
     <span class='ocr_line' id='line_1_103' title="bbox 1966 4630 3550 4709; baseline -0.009 -13"><span class='ocrx_word' id='word_1_671' title='bbox 1966 4664 1986 4696; x_wconf 75' lang='grc' dir='ltr'>ι</span> <span class='ocrx_word' id='word_1_672' title='bbox 2028 4652 2360 4698; x_wconf 81' lang='lat' dir='ltr'><strong>armaturam</strong></span> <span class='ocrx_word' id='word_1_673' title='bbox 2406 4640 2504 4695; x_wconf 87' lang='lat' dir='ltr'><strong>Dei</strong></span> <span class='ocrx_word' id='word_1_674' title='bbox 2535 4648 2593 4694; x_wconf 84' lang='lat' dir='ltr'><strong>ut</strong></span> <span class='ocrx_word' id='word_1_675' title='bbox 2633 4637 2846 4709; x_wconf 78' lang='lat' dir='ltr'><strong>possitis</strong></span> <span class='ocrx_word' id='word_1_676' title='bbox 2875 4644 3048 4701; x_wconf 79' lang='lat' dir='ltr'><strong>stare,</strong></span> <span class='ocrx_word' id='word_1_677' title='bbox 3105 4641 3156 4687; x_wconf 89' lang='lat' dir='ltr'><strong>et</strong></span> <span class='ocrx_word' id='word_1_678' title='bbox 3203 4634 3260 4687; x_wconf 87' lang='lat' dir='ltr'><strong>in</strong></span> <span class='ocrx_word' id='word_1_679' title='bbox 3306 4630 3550 4695; x_wconf 64' lang='lat' dir='ltr'><strong>omnibus</strong></span> 
     </span>
    </p>
   </div>
   <div class='ocr_carea' id='block_1_103' title="bbox 1932 4721 3551 4809">
    <p class='ocr_par' dir='ltr' id='par_1_103' title="bbox 1932 4721 3551 4809">
     <span class='ocr_line' id='line_1_104' title="bbox 1932 4721 3551 4809; baseline -0.008 -19"><span class='ocrx_word' id='word_1_680' title='bbox 1932 4786 1949 4809; x_wconf 35' lang='grc' dir='ltr'><strong>κ</strong></span> <span class='ocrx_word' id='word_1_681' title='bbox 1967 4755 1987 4790; x_wconf 71' lang='grc' dir='ltr'>ι</span> <span class='ocrx_word' id='word_1_682' title='bbox 2028 4735 2249 4807; x_wconf 78' lang='lat' dir='ltr'><strong>perfecti</strong></span> <span class='ocrx_word' id='word_1_683' title='bbox 2278 4749 2389 4788; x_wconf 74' lang='lat' dir='ltr'><strong>esse</strong></span> <span class='ocrx_word' id='word_1_684' title='bbox 2419 4731 2634 4805; x_wconf 76' lang='lat' dir='ltr'><strong>(Epltes.</strong></span> <span class='ocrx_word' id='word_1_685' title='bbox 2669 4746 2745 4796; x_wconf 78' lang='lat' dir='ltr'><strong>vi,</strong></span> <span class='ocrx_word' id='word_1_686' title='bbox 2774 4728 2894 4800; x_wconf 83' lang='lat' dir='ltr'><strong>Il);</strong></span> <span class='ocrx_word' id='word_1_687' title='bbox 2919 4727 3050 4799; x_wconf 90' lang='lat' dir='ltr'><strong>quia</strong></span> <span class='ocrx_word' id='word_1_688' title='bbox 3084 4732 3257 4780; x_wconf 90' lang='lat' dir='ltr'><strong>tentat</strong></span> <span class='ocrx_word' id='word_1_689' title='bbox 3284 4737 3382 4777; x_wconf 89' lang='lat' dir='ltr'><strong>vos</strong></span> <span class='ocrx_word' id='word_1_690' title='bbox 3403 4721 3551 4789; x_wconf 84' lang='lat' dir='ltr'><strong>Deus</strong></span> 
     </span>
    </p>
   </div>
   <div class='ocr_carea' id='block_1_104' title="bbox 1970 4811 3550 4893">
    <p class='ocr_par' dir='ltr' id='par_1_104' title="bbox 1970 4811 3550 4893">
     <span class='ocr_line' id='line_1_105' title="bbox 1970 4811 3550 4893; baseline -0.011 -10"><span class='ocrx_word' id='word_1_691' title='bbox 1970 4848 1989 4883; x_wconf 77' lang='grc' dir='ltr'>ι</span> <span class='ocrx_word' id='word_1_692' title='bbox 2028 4834 2235 4891; x_wconf 81' lang='lat' dir='ltr'><strong>vester,</strong></span> <span class='ocrx_word' id='word_1_693' title='bbox 2278 4832 2340 4879; x_wconf 92' lang='lat' dir='ltr'><strong>ut</strong></span> <span class='ocrx_word' id='word_1_694' title='bbox 2368 4824 2506 4880; x_wconf 91' lang='lat' dir='ltr'><strong>sciat</strong></span> <span class='ocrx_word' id='word_1_695' title='bbox 2536 4823 2581 4877; x_wconf 92' lang='lat' dir='ltr'><strong>si</strong></span> <span class='ocrx_word' id='word_1_696' title='bbox 2604 4818 2845 4893; x_wconf 85' lang='lat' dir='ltr'><strong>diligatis</strong></span> <span class='ocrx_word' id='word_1_697' title='bbox 2890 4833 3039 4874; x_wconf 87' lang='lat' dir='ltr'><strong>eum.</strong></span> <span class='ocrx_word' id='word_1_698' title='bbox 3082 4814 3191 4871; x_wconf 88' lang='lat' dir='ltr'><strong>Sed</strong></span> <span class='ocrx_word' id='word_1_699' title='bbox 3234 4811 3397 4867; x_wconf 86' lang='lat' dir='ltr'><strong>faciet</strong></span> <span class='ocrx_word' id='word_1_700' title='bbox 3423 4826 3550 4866; x_wconf 82' lang='lat' dir='ltr'><strong>cum</strong></span> 
     </span>
    </p>
   </div>
   <div class='ocr_carea' id='block_1_105' title="bbox 1972 4906 3554 4988">
    <p class='ocr_par' dir='ltr' id='par_1_105' title="bbox 1972 4906 3554 4988">
     <span class='ocr_line' id='line_1_106' title="bbox 1972 4906 3554 4988; baseline -0.015 -10"><span class='ocrx_word' id='word_1_701' title='bbox 1972 4936 1988 4978; x_wconf 65' lang='grc' dir='ltr'><strong><em>ς</em></strong></span> <span class='ocrx_word' id='word_1_702' title='bbox 2037 4918 2333 4976; x_wconf 87' lang='lat' dir='ltr'><strong>tentatione</strong></span> <span class='ocrx_word' id='word_1_703' title='bbox 2389 4922 2717 4988; x_wconf 90' lang='lat' dir='ltr'><strong>proventum</strong></span> <span class='ocrx_word' id='word_1_704' title='bbox 2761 4921 2821 4967; x_wconf 93' lang='lat' dir='ltr'><strong>ut</strong></span> <span class='ocrx_word' id='word_1_705' title='bbox 2846 4910 3071 4982; x_wconf 88' lang='lat' dir='ltr'><strong>possitis</strong></span> <span class='ocrx_word' id='word_1_706' title='bbox 3092 4906 3395 4971; x_wconf 86' lang='lat' dir='ltr'><strong>sustinere;</strong></span> <span class='ocrx_word' id='word_1_707' title='bbox 3425 4916 3554 4973; x_wconf 90' lang='lat' dir='ltr'><strong>pro-</strong></span> 
     </span>
    </p>
   </div>
   <div class='ocr_carea' id='block_1_106' title="bbox 1970 4995 3558 5087">
    <p class='ocr_par' dir='ltr' id='par_1_106' title="bbox 1970 4995 3558 5087">
     <span class='ocr_line' id='line_1_107' title="bbox 1970 4995 3558 5087; baseline -0.016 -16"><span class='ocrx_word' id='word_1_708' title='bbox 1970 5036 1988 5071; x_wconf 83' lang='lat' dir='ltr'><strong>t</strong></span> <span class='ocrx_word' id='word_1_709' title='bbox 2032 5018 2288 5087; x_wconf 88' lang='lat' dir='ltr'><strong>perantes</strong></span> <span class='ocrx_word' id='word_1_710' title='bbox 2310 5010 2450 5064; x_wconf 88' lang='lat' dir='ltr'><strong>inter</strong></span> <span class='ocrx_word' id='word_1_711' title='bbox 2493 5008 2641 5080; x_wconf 91' lang='lat' dir='ltr'><strong>quod</strong></span> <span class='ocrx_word' id='word_1_712' title='bbox 2688 5003 3002 5074; x_wconf 85' lang='lat' dir='ltr'><strong>arripuistis</strong></span> <span class='ocrx_word' id='word_1_713' title='bbox 3052 4997 3372 5061; x_wconf 86' lang='lat' dir='ltr'><strong>accelerate,</strong></span> <span class='ocrx_word' id='word_1_714' title='bbox 3426 4995 3558 5065; x_wconf 88' lang='lat' dir='ltr'><strong>quia</strong></span> 
     </span>
    </p>
   </div>
   <div class='ocr_carea' id='block_1_107' title="bbox 1971 5086 3558 5163">
    <p class='ocr_par' dir='ltr' id='par_1_107' title="bbox 1971 5086 3558 5163">
     <span class='ocr_line' id='line_1_108' title="bbox 1971 5086 3558 5163; baseline -0.015 1"><span class='ocrx_word' id='word_1_715' title='bbox 1971 5130 1990 5163; x_wconf 76' lang='grc' dir='ltr'>ι</span> <span class='ocrx_word' id='word_1_716' title='bbox 2038 5120 2202 5163; x_wconf 89' lang='lat' dir='ltr'><strong>nemo</strong></span> <span class='ocrx_word' id='word_1_717' title='bbox 2224 5102 2445 5159; x_wconf 88' lang='lat' dir='ltr'><strong>mittens</strong></span> <span class='ocrx_word' id='word_1_718' title='bbox 2476 5116 2704 5156; x_wconf 88' lang='lat' dir='ltr'><strong>manum</strong></span> <span class='ocrx_word' id='word_1_719' title='bbox 2727 5110 2884 5153; x_wconf 87' lang='lat' dir='ltr'><strong>suam</strong></span> <span class='ocrx_word' id='word_1_720' title='bbox 2913 5094 2981 5147; x_wconf 89' lang='lat' dir='ltr'><strong>ad</strong></span> <span class='ocrx_word' id='word_1_721' title='bbox 3006 5097 3269 5152; x_wconf 87' lang='lat' dir='ltr'><strong>aratrum,</strong></span> <span class='ocrx_word' id='word_1_722' title='bbox 3293 5093 3352 5141; x_wconf 92' lang='lat' dir='ltr'><strong>et</strong></span> <span class='ocrx_word' id='word_1_723' title='bbox 3379 5086 3558 5157; x_wconf 69' lang='lat' dir='ltr'><strong>respi~</strong></span> 
     </span>
    </p>
   </div>
   <div class='ocr_carea' id='block_1_108' title="bbox 1973 5184 3078 5266">
    <p class='ocr_par' dir='ltr' id='par_1_108' title="bbox 1973 5184 3078 5266">
     <span class='ocr_line' id='line_1_109' title="bbox 1973 5184 3078 5266; baseline -0.022 -11"><span class='ocrx_word' id='word_1_724' title='bbox 1973 5224 1989 5257; x_wconf 70' lang='grc' dir='ltr'>ι</span> <span class='ocrx_word' id='word_1_725' title='bbox 2038 5200 2191 5256; x_wconf 89' lang='lat' dir='ltr'><strong>ciens</strong></span> <span class='ocrx_word' id='word_1_726' title='bbox 2211 5203 2376 5262; x_wconf 90' lang='lat' dir='ltr'><strong>retro,</strong></span> <span class='ocrx_word' id='word_1_727' title='bbox 2417 5203 2578 5266; x_wconf 88' lang='lat' dir='ltr'><strong>aptus</strong></span> <span class='ocrx_word' id='word_1_728' title='bbox 2604 5200 2689 5246; x_wconf 87' lang='lat' dir='ltr'><strong>est</strong></span> <span class='ocrx_word' id='word_1_729' title='bbox 2711 5200 2875 5256; x_wconf 84' lang='lat' dir='ltr'><strong>regno</strong></span> <span class='ocrx_word' id='word_1_730' title='bbox 2893 5184 3008 5239; x_wconf 90' lang='lat' dir='ltr'><strong>Dei.</strong></span> <span class='ocrx_word' id='word_1_731' title='bbox 3059 5201 3078 5231; x_wconf 70' lang='grc' dir='ltr'><strong><em>ι</em></strong></span> 
     </span>
    </p>
   </div>
   <div class='ocr_carea' id='block_1_109' title="bbox 2330 5267 3567 5316">
    <p class='ocr_par' dir='ltr' id='par_1_109' title="bbox 2330 5267 3567 5316">
     <span class='ocr_line' id='line_1_110' title="bbox 2330 5267 3567 5316; baseline -0.001 0"><span class='ocrx_word' id='word_1_732' title='bbox 2330 5287 2418 5316; x_wconf 61' lang='grc' dir='ltr'><strong>[ιιι</strong></span> <span class='ocrx_word' id='word_1_733' title='bbox 2456 5283 2663 5316; x_wconf 56' lang='grc' dir='ltr'><strong>οἷπκῖοοῖ</strong></span> <span class='ocrx_word' id='word_1_734' title='bbox 2701 5293 2827 5316; x_wconf 76' lang='grc' dir='ltr'><strong>ιηιιη</strong></span> <span class='ocrx_word' id='word_1_735' title='bbox 2861 5292 2965 5316; x_wconf 67' lang='lat' dir='ltr'><strong>ann</strong></span> <span class='ocrx_word' id='word_1_736' title='bbox 3007 5267 3261 5316; x_wconf 69' lang='lat' dir='ltr'><strong>familiari</strong></span> <span class='ocrx_word' id='word_1_737' title='bbox 3281 5274 3339 5316; x_wconf 84' lang='lat' dir='ltr'><strong>et</strong></span> <span class='ocrx_word' id='word_1_738' title='bbox 3380 5268 3567 5316; x_wconf 60' lang='lat' dir='ltr'><strong>damna</strong></span> 
     </span>
    </p>
   </div>
   <div class='ocr_carea' id='block_1_110' title="bbox 2042 5289 2303 5316">
    <p class='ocr_par' dir='ltr' id='par_1_110' title="bbox 2042 5289 2303 5316">
     <span class='ocr_line' id='line_1_111' title="bbox 2042 5289 2303 5316; baseline 0 0"><span class='ocrx_word' id='word_1_739' title='bbox 2042 5291 2116 5316; x_wconf 44' lang='lat'><strong>&#39;0‘</strong></span> 
     </span>
    </p>
   </div>
  </div>
