4022 5340
451 293 594 354 “67

977 405 1207 463 CAPUT
1264 406 1508 462 XXXIV.

450 507 549 563 Ubi
574 510 723 576 optat
749 509 840 556 aut
866 501 930 555 ab
963 503 1038 555 eis
1071 501 1243 554 occidi
1278 511 1370 553 aut
1394 502 1654 570 captiuari
1678 518 1773 571 pro
1800 500 2033 557 Christo.

512 598 764 668 Cumque
790 597 904 666 jam
926 595 1013 650 die
1049 594 1280 664 septimo
1319 594 1634 649 crederetur
1667 594 1909 650 evasisse
1940 610 2037 665 pe-

445 691 702 755 riculum,
760 688 941 743 vident
982 688 1166 743 subito
1199 703 1444 743 sessores
1486 701 1754 758 equorum
1801 689 2039 743 camelo—

444 797 677 852 rumque
704 781 1042 836 latrunculos
1066 781 1206 835 inter
1226 780 1501 835 condensa
1555 780 1816 835 silvarum
1840 781 2038 836 crista-

445 876 517 931 tis
545 875 862 944 vittatisque
889 874 1180 944 capitibus,
1214 887 1279 928 ac
1308 861 1850 944 seminudo'corpore
1874 874 2036 944 pallia

444 968 725 1023 trahentes
759 977 812 1021 et
861 967 1001 1022 latas
1049 966 1282 1037 caligas:
1328 965 1638 1036 pendebant
1679 982 1746 1020 ex
1790 967 2036 1023 humeris

444 1060 732 1131 pharetrae,
766 1060 929 1121 laxos
968 1076 1131 1116 arcus
1174 1068 1228 1115 et
1283 1060 1498 1115 hastilia
1546 1060 1705 1131 longa
1750 1058 2032 1128 ferebant;

443 1153 644 1223 quibus
666 1153 799 1209 visis
820 1162 1094 1208 terrentur
1137 1153 1340 1219 caeteri,
1389 1152 1485 1208 sed
1528 1152 1764 1207 domnus
1792 1153 2033 1223 pontifex

444 1248 504 1302 fit
534 1247 779 1314 hilarior,
835 1262 1063 1317 sperans
1112 1245 1577 1316 comprehendere
1618 1245 1891 1313 bravium,
1933 1262 2035 1316 pro

445 1356 556 1410 quo
579 1341 713 1395 tanti
739 1356 937 1395 cursus
964 1340 1207 1396 subierat
1228 1339 1491 1394 laborem.
1521 1336 1634 1395 Hoc
1655 1339 1840 1394 eratin
1869 1341 2032 1409 votis,

445 1434 548 1487 hoc.
576 1442 688 1487 toto
711 1433 909 1487 mentis
932 1448 1117 1487 arnore
1139 1431 1363 1487 sedulus
1402 1432 1613 1498 orabat,
1642 1441 1700 1486 ut
1721 1432 1789 1486 ab
1816 1432 1900 1488 his
1946 1434 2033 1487 in-

446 1524 809 1591 terimeretur,
835 1524 918 1579 vel
946 1525 1194 1594 captivus
1218 1524 1272 1578 in
1313 1532 1529 1579 exteras
1552 1533 1605 1579 et
1635 1524 1898 1580 barbaras
1937 1542 2035 1581 na-

443 1618 620 1672 tiones
648 1626 867 1688 propter
891 1632 1089 1673 nomen
1115 1616 1319 1672 Christi
1364 1616 1755 1673 distrahcndus
1805 1618 2033 1674 dueere-

444 1720 551 1765 tur.
602 1710 947 1781 Proponebat
981 1710 1083 1765 sibi
1134 1710 1356 1793 devota:
1387 1709 1586 1765 mentis
1627 1710 1846 1776 affectu,
1890 1709 2031 1766 felici

1457 297 1515 352 S.
1558 294 1927 350 LlETBERTl
1966 282 2499 350 CAMERACENSIS
2538 293 2752 351 EPISC.

2076 413 2120 468 A

3607 297 3744 354 “68

2677 407 2906 464 CAPUT
2949 408 3184 465 XXXVI.

2152 498 2252 553 Ubi
2285 498 2605 577 Fulclrerum
2627 510 2968 577 (egrotantem
2992 502 3101 558 Deo
3133 514 3182 559 et
3216 504 3383 559 Matri
3424 507 3545 577 ejus
3600 525 3748 563 cons-

2461 572 2695 638 mittms,
2721 573 2824 627 iter
2847 582 3071 643 coeptum
3106 577 3426 646 exsequitur.

2214 689 2353 746 Dum
2380 700 2596 762 tempus
2635 692 2924 765 navigandi
2953 701 3138 765 aptum
3183 697 3553 766 praestolatur,
3594 714 3744 754 unus

2141 781 2425 848 comitum,
2469 783 2721 838 videlicet
2779 784 3015 840 domnus
3055 784 3379 854 Fulcherus,
3424 787 3631 844 decidit
3684 790 3743 844 in

2140 871 2361 928 lectum.
2413 872 2663 945 Cumque
2718 875 2948 947 languor
3015 877 3071 932 in
3108 878 3225 934 dies
3280 890 3744 951 augmentaretur

2141 972 2467 1037 tempusque
2500 967 2789 1039 navigandi
2820 970 3213 1040 superveniret,
3260 972 3497 1029 domnus
3552 975 3741 1044 ponti-

2140 1056 2227 1111 fex
2250 1059 2462 1129 magnis
2483 1060 2872 1131 cogitationum
2895 1063 3242 1132 quatiebatur
3263 1063 3539 1132 ﬂuctibus;
3568 1083 3741 1138 ange-

2139 1150 2301 1205 batur
2335 1160 2520 1206 utrum
2556 1152 2957 1223 navigationem
3004 1155 3264 1222 differret,
3317 1172 3461 1212 anne
3508 1159 3741 1213 comitis

2137 1244 2451 1315 aegrotantis
2513 1244 2810 1300 discrimen
2856 1256 3215 1317 exspectaret.
3273 1247 3569 1305 Crescente
3616 1250 3741 1303 lar;-

2142 1351 2312 1406 guore
2356 1345 2570 1407 tempus
2645 1337 3011 1409 navigationis
3057 1340 3307 1395 eflluebat
3335 1383 3350 1406 ,
3400 1350 3453 1396 et
3492 1351 3737 1397 mentem

2146 1426 2419 1498 pontificis
2461 1438 2786 1484 motuscum
2834 1418 3107 1486 desiderio
3158 1434 3475 1502 torquebat:
3527 1444 3739 1502 metus,

2139 1536 2206 1574 ne
2228 1535 2413 1575 comes
2435 1519 2790 1576 fidelissimus
2817 1536 2883 1576 eo
2909 1523 3133 1579 absente
3161 1523 3579 1596 defungeretur;
3633 1527 3737 1582 de—

2137 1610 2421 1678 siderium,
2447 1628 2514 1666 ne
2534 1611 2699 1682 coepti
2743 1612 2955 1669 itineris
2994 1623 3209 1685 tempus
3252 1615 3735 1672 intercluderetur.

2135 1700 2195 1757 In
2227 1703 2328 1759 hoc
2369 1705 2565 1761 tuentis
2617 1723 2821 1778 angore
2864 1708 3044 1777 posito
3084 1709 3361 1779 pontifice,
3410 1711 3740 1782 aegrotantis

441 1804 774 1859 commercio
795 1820 895 1873 pro
921 1804 1295 1874 redemptione
1318 1786 1533 1875 generis
1570 1802 1795 1858 immani
1827 1804 2032 1859 distra~
2068 1781 2110 1836 Β
2138 1797 2287 1853 salus
2309 1814 2339 1852 a
2366 1799 2589 1855 medicis
2635 1799 2978 1871 desperatur,
3021 1810 3280 1874 tactuque
3331 1818 3599 1858 venarum
3634 1818 3740 1873 per

443 1904 592 1951 etum
630 1895 988 1962 Salvatorem,
1021 1906 1081 1951 ut
1121 1898 1249 1967 jura
1295 1896 1488 1951 mortis
1514 1896 1821 1952 destrueret
1856 1898 2033 1953 viviﬁ-

443 2004 522 2044 cte
547 1990 729 2045 crucis
752 1990 987 2046 subiisse
1014 1990 1327 2061 passionem
1351 2008 1363 2043 :
1419 1990 1564 2046 unde
1588 2000 1883 2061 percptans
1910 1993 2030 2047 exi-~

442 2090 587 2137 stere
623 2083 868 2154 martyrii
918 2092 973 2138 et
1007 2084 1195 2140 ealicis
1235 2083 1442 2140 Christi
1491 2087 1781 2155 particeps,
1807 2095 1861 2139 et
1882 2100 2033 2141 com—

443 2162 723 2229 municare
742 2173 943 2231 Christi
966 2177 1337 2246 passionibus,
1366 2186 1427 2232 ut
1455 2178 1510 2232 in
1551 2178 1877 2233 revelatione
1912 2180 2033 2249 ejus

440 2267 721 2337 gauderet,
749 2269 962 2324 dicebat
991 2269 1166 2341 (Psal.
1195 2286 1281 2337 ιν,
1316 2271 1405 2341 12)
1434 2290 1446 2325 :
1482 2269 1548 2324 In
1574 2288 1653 2325 me
1693 2281 1837 2338 sunt,
1871 2271 2029 2339 Deus,

440 2367 562 2413 uota
589 2366 702 2427 tua,
726 2376 843 2431 qua:
872 2361 1092 2415 reddam
1119 2361 1455 2416 laudationes
1506 2361 1623 2417 tibi.
1652 2362 1755 2418 Sed
1776 2364 1870 2434 qui
1900 2364 2034 2435 regit

441 2451 632 2506 orbem
660 2460 933 2507 terrarum
958 2453 1014 2507 in
1034 2453 1310 2524 aequitate,
1333 2454 1748 2511 Cameracensis
1777 2455 2034 2512 Ecclesia:

440 2542 696 2612 precibus
722 2545 1005 2601 attendens
1022 2547 1225 2616 quibus
1251 2547 1298 2602 ei
1327 2562 1488 2602 suum
1513 2547 1911 2621 deponebat[id
1931 2558 2030 2616 est,

441 2635 880 2709 commendabat]
910 2638 1003 2693 diu
1028 2647 1302 2709 noctuque
1362 2639 1672 2709 poutilicem
1706 2639 1758 2694 in
1782 2640 1884 2697 hoc
1907 2653 2031 2696 tau-

441 2734 499 2780 to
527 2727 719 2781 mortis
754 2727 1071 2785 discrimine
1120 2745 1248 2784 cum
1279 2729 1397 2786 suis
1426 2731 1683 2787 omnibus
1724 2748 1850 2787 eum
1895 2748 2031 2788 cou-

440 2818 677 2873 servavit
730 2819 1083 2875 incolumem.
1130 2820 1354 2877 Videres
1402 2823 1455 2877 in
1485 2824 1716 2878 adventu
1762 2825 2031 2895 pontificis

439 2907 786 2978 obrigescere
840 2911 1095 2979 miseros,
1141 2914 1307 2983 inque
1356 2929 1457 2969 suo
1527 2927 1724 2970 conatu
1770 2917 2027 2983 deiicere;

439 3000 695 3070 quodque
727 3003 902 3073 magis
943 3012 1182 3073 stupeas,
1210 3006 1452 3060 cedendo
1495 3006 1616 3060 loco
1659 2996 1800 3060 viam
1846 3019 2053 3063 trans--

2135 1888 2436 1945 indiculum
2461 1893 2654 1961 pulsus
2676 1892 2901 1949 diutina:
2922 1895 3195 1964 passionis
3237 1895 3420 1952 futura
3460 1911 3615 1953 mors
3636 1897 3740 1952 de-

2134 1981 2438 2041 nuntiatur.
2467 1982 2707 2055 Tempus
2731 1986 2939 2054 aderat,
2991 1988 3254 2059 navisque
3288 1988 3554 2062 magister
3583 1991 3742 2044 navi-

2132 2076 2367 2145 gationis
2402 2076 2503 2131 iter
2527 2078 2772 2147 parabat,
2823 2079 3176 2150 profectionis
3215 2091 3429 2152 tempus
3461 2097 3513 2138 et
3534 2082 3741 2138 horam

2134 2168 2543 2237 pronuntiabat,
2573 2170 2772 2241 singuli
2797 2173 3127 2239 citabantur,
3154 2175 3583 2245 prteripientium
3625 2176 3737 2232 sibi

2132 2258 2432 2317 destinatas
2479 2263 2750 2321 stationes
2793 2280 3026 2337 magnus
3071 2276 3190 2322 erat
3240 2268 3526 2324 tumultus.
3584 2267 3740 2337 Quid

2133 2361 2317 2424 ageret
2348 2355 2503 2410 miles
2528 2354 2767 2413 Christi?
2808 2355 3164 2415 Deserere-tne
3213 2361 3490 2429 comitem,
3516 2377 3587 2416 an
3620 2360 3736 2418 dif-

2135 2441 2301 2498 ferret
2325 2447 2901 2517 navigationem?Non
2945 2451 3068 2505 tulit
3090 2451 3323 2522 amplius
3369 2450 3737 2525 Omnipotens

2133 2547 2259 2589 eum
2286 2538 2616 2608 perturbari,
2644 2558 2808 2613 quem
2839 2542 2944 2598 sibi
2968 2544 3186 2600 videbat
3217 2546 3408 2601 devote
3431 2544 3675 2601 famular
3711 2566 3729 2612 ;

2135 2622 2631 2686 indiditconsilium
2651 2632 2745 2703 qui
2766 2631 2926 2689 Petro
2944 2635 3206 2707 mergenti
3219 2639 3463 2707 porrexit
3478 2655 3733 2706 manum,

2135 2717 2367 2773 reddidit
2391 2719 2562 2791 ipsius
2585 2725 2865 2781 memoria
2892 2744 3239 2799 responsum,
3277 2731 3423 2800 quod
3445 2735 3733 2801 quondam

2133 2811 2280 2867 dedit
2309 2814 2509 2871 volenti
2539 2819 2769 2889 sepelire
2797 2830 3007 2892 patrem
3046 2839 3237 2878 suum:
3279 2823 3536 2896 Relinque
3582 2843 3731 2880 mor-

2137 2912 2253 2957 tuos
2273 2906 2490 2975 sepetire
2520 2921 2754 2966 mortuos
2783 2930 2905 2967 suos
2940 2914 3158 2986 (Matth.
3191 2934 3309 2984 vni,
3333 2917 3448 2987 22).
3483 2916 3597 2975 Hac
3629 2935 3731 2973 vo-

2133 3009 2195 3048 ce
2219 2993 2517 3055 Salvatoris
2539 3005 2930 3061 corroboratus
2954 3006 3083 3061 vicit
3104 3007 3395 3063 dilectione
3421 3009 3516 3064 Dei
3536 3026 3732 3066 neces-

438 3090 695 3145 euntihus
751 3093 1153 3161 quodammodo
1233 3096 1629 3151 demonstrare.
1714 3096 1825 3154 lluc
1866 3100 2030 3153 modo

2135 3086 2346 3146 sitatem
2377 3094 2578 3161 carnis,
2612 3096 2799 3150 revisit
2822 3108 3106 3171 aegrotum,
3143 3109 3196 3155 et
3218 3101 3363 3156 velut
3417 3102 3475 3156 in
3497 3119 3732 3173 corpore

438 3178 638 3249 dignus
679 3178 792 3237 Deo
838 3184 1081 3253 pontifex
1130 3202 1256 3241 cum
1290 3187 1406 3243 suis
1449 3189 1743 3244 comitibus
1792 3193 2031 3247 tuurtife-

441 3285 556 3323 ram
607 3272 883 3342 regionem
948 3276 1333 3349 latronumque
1382 3279 1656 3335 domicilia
1715 3284 2030 3351 pertransiit

442 3360 733 3419 indemnis.
1868 3386 1871 3389 '

990 3480 1220 3537 CAPUT
1264 3482 1477 3539 XXXV.

442 3564 542 3623 Ubi
588 3568 867 3626 ecclesiam
910 3571 1175 3651 Dopu‘nici
1229 3578 1468 3651 sepulcri
1494 3594 1525 3630 a
1561 3594 1676 3649 rege
1720 3578 2029 3651 Babylonia:

960 3644 1257 3698 obseratam
1287 3647 1510 3701 audivit.

508 3751 797 3826 Ingressus
832 3756 1175 3823 Dalmatiam,
1209 3759 1452 3829 lucisque
1499 3763 1798 3832 peragratis
1821 3763 1874 3819 in
1900 3765 2057 3836 qni-'

440 3844 543 3900 bus
570 3845 701 3900 olim
752 3846 1120 3905 Diocletianus
1160 3853 1402 3907 thermas
1449 3853 1768 3911 aedificando
1797 3858 2026 3923 ,diversa

440 3938 635 3993 mortis
660 3938 915 3995 intulerat
943 3942 1212 4010 supplicia
1258 3941 1465 3998 Christi
1513 3948 1863 4018 martyribus,
1900 3966 2028 4006 cur-

441 4044 562 4081 sum
582 4027 751 4084 flectit
775 4029 1037 4086 Isauriam
1061 4048 1287 4100 versus;
1321 4051 1486 4106 quam
1516 4040 1830 4107 praeteriens
1860 4041 2025 4097 deve-

440 4119 518 4175 nit
544 4120 910 4177 Chorinerum
940 4124 1041 4196 (7),
1092 4125 1313 4196 illirque
1350 4128 1577 4186 audiens
1610 4128 1863 4188 Demetrii
1894 4149 2025 4189 san-

438 4212 667 4268 uiiuter
693 4224 959 4287 martyres
994 4219 1241 4288 prteclari
1263 4236 1462 4292 corpus
1485 4222 1788 4292 quiescere,
1841 4226 2026 4295 sepul-

440 4321 594 4360 crum
626 4307 748 4377 ejus
766 4310 1009 4389 expetiit,
1061 4320 1284 4385 totoque
1324 4315 1523 4371 mentis
1571 4316 1768 4372 affectu
1819 4321 2027 4375 meritis

441 4395 615 4465 ipsius
645 4398 892 4456 divinum
946 4404 1210 4460 auxilium
1246 4408 1460 4477 quaerit.
1505 4407 1632 4464 lude
1676 4426 2023 4483 progressus,

2131 3199 2348 3243 mortuo
2372 3189 2620 3243 ultimum
2649 3190 3054 3259 quodammodo
3078 3194 3382 3248 trahentem
3434 3195 3727 3266 spiritum;

2130 3296 2294 3349 quem
2319 3281 2482 3334 modo
2512 3295 2665 3348 voce,
2713 3281 2875 3336 modo
2904 3284 3127 3340 nutibus
3181 3286 3539 3356 compellans,
3585 3302 3730 3360 quo-

2131 3372 2513 3443 modocunque
2541 3380 2751 3441 poterat
2807 3374 3125 3438 missionem
3156 3392 3205 3447 pr
3224 3378 3371 3431 iebat
3396 3396 3407 3431 :
3455 3378 3550 3433 sed
3579 3393 3729 3452 εδει·

2129 3462 2382 3534 quamvis
2404 3466 2605 3519 smculo
2639 3464 2753 3535 jam
2803 3466 3108 3543 traderetur
3141 3469 3318 3536 alteri,
3347 3485 3509 3525 voces
3559 3480 3731 3541 atque

2131 3554 2405 3626 singultus
2431 3572 2830 3628 recognoscens
2850 3561 3144 3629 pontificis,
3195 3572 3476 3632 resumpto
3498 3564 3728 3634 spiritu,

2130 3652 2318 3706 oculos
2342 3653 2575 3721 aperuit,
2624 3669 2862 3723 eumque
2892 3658 3043 3728 gravi
3091 3656 3404 3749 difficultate
3450 3659 3617 3714 verba
3638 3660 3725 3716 lu-

2129 3744 2347 3814 quentis
2370 3744 2697 3817 intelligens,
2730 3746 2982 3802 similiter
3005 3744 3213 3819 petit'et
3239 3750 3356 3821 ipse
3376 3750 3725 3820 missionem,

2130 3845 2389 3907 tanquam
2416 3836 2511 3907 qui
2548 3837 2874 3893 recedereta
2900 3840 3135 3906 saeculo;
3192 3856 3354 3911 quem
3387 3841 3725 3897 venerabilis

2130 3931 2367 4003 pontifex
2388 3947 2513 3987 cum
2540 3932 2795 3988 maximis
2818 3933 3071 3989 lamentis
3122 3943 3347 4003 totoque.
3390 3934 3594 3990 mentis
3635 3935 3720 3989 af-

2128 4025 2271 4081 fectu
2312 4022 2424 4079 Deo
2470 4024 2883 4092 commendans,
2926 4036 3117 4081 sancto
3163 4026 3439 4081 commisit
3484 4026 3721 4082 Andrea:

2129 4117 2395 4188 apostolo,
2421 4126 2583 4188 atque
2604 4117 2854 4187 gloriosa:
2877 4119 3077 4190 reginae
3099 4118 3282 4173 Maria:
3304 4118 3603 4174 Genitrieis
3625 4119 3719 4175 Dei

2128 4212 2383 4283 precibus
2414 4219 2468 4265 et
2496 4211 2734 4266 meritis:
2791 4226 2893 4267 nec
2938 4213 3141 4266 mirum
3188 4212 3333 4282 quod
3376 4228 3505 4267 eum
3551 4229 3717 4283 quem

2127 4303 2384 4374 diligebat
2419 4302 2525 4358 illis
2557 4302 2760 4357 sanctis
2810 4303 3144 4373 deposuerit,
3171 4316 3313 4372 quos
3362 4318 3473 4373 pra:
3504 4304 3718 4358 ca-teris

2128 4394 2384 4451 omnibus
2407 4402 2645 4450 attentus
2667 4395 2972 4451 excolebat.

441 4485 751 4545 Laodiciam
795 4491 965 4563 Syria:
1011 4497 1282 4565 pervenit;
1331 4501 1672 4570 comperiens
1738 4503 2025 4559 ecclesiam

2203 4487 2332 4543 Post
2364 4489 2479 4544 haec
2511 4489 2655 4543 velut
2683 4489 2937 4543 ultimum
2973 4490 3091 4543 vale
3115 4488 3357 4545 dicentes
3381 4499 3435 4544 et
3464 4492 3716 4546 osculum

443 4575 711 4636 Bominici
737 4584 994 4659 sepulcri,
1052 4587 1379 4647 Christianis
1407 4592 1614 4661 ejectis,
1645 4610 1675 4649 a
1704 4611 1826 4667 rege
1857 4596 2029 4668 Baby-

441 4668 718 4727 loniorum
739 4673 1004 4732 violenter
1033 4679 1362 4747 obseratam,
1393 4682 1646 4754 viamque
1687 4701 2024 4757 paganorum

441 4770 591 4819 metu
616 4779 714 4834 per
735 4775 937 4821 terram
961 4771 1177 4839 penitus
1198 4772 1571 4841 interclusam,
1597 4791 1693 4845 per
1737 4785 1846 4833 tres
1869 4794 2025 4834 men-

442 4870 532 4911 ses
584 4856 638 4911 in
659 4857 850 4915 eadem
891 4860 1109 4918 civitate
1149 4878 1334 4921 moras
1375 4863 1532 4933 fecit;
1562 4868 1658 4924 sed
1720 4871 1932 4927 caeteris
1959 4872 2027 4928 dc

441 4946 779 5016 profectione
810 4951 1249 5023 desperantibus,
1273 4972 1338 5012 ac
1384 4957 1588 5028 ubique
1630 4961 1876 5017 locorum
1913 4964 2028 5018 dis-

441 5040 634 5106 persis,
659 5040 774 5111 ipse
817 5059 941 5099 cum
993 5060 1094 5101 suo
1148 5047 1314 5103 nobili
1354 5047 1719 5124 familiarique
1766 5056 2032 5111 comitatu

442 5131 705 5198 perstitit;
735 5141 788 5188 et
815 5136 945 5205 quia
987 5145 1129 5193 terra
1156 5156 1265 5194 non
1318 5150 1530 5211 poterat
1553 5143 1652 5210 ire,
1708 5146 1922 5200 marino
1952 5148 2033 5202 iti-

2131 4580 2280 4650 pacis
2311 4581 2502 4636 dantes
2537 4581 2789 4648 invicem,
2825 4581 3063 4637 domnus
3084 4583 3376 4652 episcopus
3413 4582 3492 4637 ire
3528 4599 3713 4652 perre-

2131 4673 2228 4740 xit,
2253 4689 2399 4745 aegro
2433 4681 2750 4728 remanente
2779 4673 3000 4739 ibidem,
3040 4673 3136 4743 qui
3176 4688 3489 4744 quanquam
3523 4677 3710 4745 despe-

2128 4774 2281 4821 ratus
2305 4780 2336 4820 a
2361 4764 2609 4831 medicis,
2645 4779 2676 4818 a
2707 4764 3002 4819 comitibus
3029 4764 3344 4832 derelictus,
3363 4765 3478 4834 jam
3502 4765 3714 4822 videre-

2128 4865 2219 4911 tur
2240 4856 2482 4928 defungi,
2516 4865 2698 4912 tamen
2735 4856 3111 4913 benedictione
3159 4865 3439 4912 recreatus
3490 4857 3713 4927 pontili-

2129 4951 2230 5018 cis,
2258 4950 2591 5007 refocillatus
2613 4952 2886 5023 lacrymis,
2910 4952 3453 5022 quantulumcunque
3480 4952 3714 5022 respiran

2134 5046 2229 5110 vit,
2267 5045 2569 5115 mentisque
2590 5044 2775 5115 vigore
2797 5046 3295 5114 quomodocunque
3322 5052 3535 5113 poterat
3563 5045 3711 5099 vocis

2132 5152 2311 5191 aerem
2343 5136 2533 5191 traxit:
2559 5135 2755 5191 dehinc
2781 5136 2923 5205 apud
2954 5151 3013 5190 se
3039 5137 3361 5206 recolligens
3394 5136 3560 5191 verba
3590 5136 3711 5208 qui-

442 5220 556 5275 neri
580 5238 639 5278 se
662 5228 963 5283 commisit:
1007 5229 1281 5289 littoribus
1325 5236 1647 5305 prospectis,
1700 5238 2031 5309 naviumque

2135 5229 2234 5283 bus
2251 5229 2485 5285 domnus
2512 5226 2751 5298 pontifex
2779 5229 2956 5298 ipsum
2990 5238 3181 5284 sancto
3205 5231 3555 5285 commiserat
3577 5246 3707 5301 apo-

441 5313 715 5340 mnn:nI-:n
773 5310 1035 5340 J:f:~-_.__
1110 5322 1120 5340 9
