4022 5340
205 189 341 251 M69
370 184 374 189 ’

1730 174 1913 237 νιτΑ.

3328 179 3469 239 N70

202 310 339 378 est);
367 322 386 354 ι
426 301 471 357 0
514 308 703 357 sancte
736 296 973 366 Andrea,
1004 295 1164 368 cujus
1191 311 1280 352 me
1312 296 1497 352 tutelae
1525 295 1782 352 dominus
1810 301 1859 357 Α
1886 304 1994 350 tem
2023 294 2326 351 deducebat
2349 293 2568 362 Filium,
2597 293 2744 350 vultu
2783 309 2895 365 quo
2934 294 3075 351 inter
3119 298 3472 355 convivantcs

201 411 354 455 meus
376 394 684 449 Lietbertus
710 390 1002 460 episcopus
1044 388 1343 455 commisit,
1369 388 1639 459 cujusque
1666 401 1783 442 me-

202 489 429 547 moriam
464 487 521 540 in
545 482 796 540 eoenobio
825 482 973 553 quod
1010 490 1095 536 est
1127 481 1273 552 apud
1328 477 1540 535 Novum
1566 477 1781 534 Castel-

202 586 309 638 lum
340 580 503 636 situm
527 573 806 642 excolit,si
827 582 889 630 tu
913 589 1041 629 vere
1065 574 1153 629 ille
1171 587 1233 628 es
1261 571 1507 628 Andreas
1524 570 1779 636 decorus,

200 674 372 729 virilis
398 670 680 742 apostolus
699 665 927 733 Christi,
960 666 1173 722 amicus
1220 663 1339 730 Dei,
1395 677 1558 734 quem
1588 661 1781 717 Domi-

202 782 305 822 nus
331 764 519 821 dilexit
550 763 608 819 in
631 762 860 817 odorem
897 757 1207 825 suavitatis,
1259 769 1585 813 succurrere
1622 753 1782 810 festi-

202 876 289 925 na,
319 858 597 917 miserere,
640 853 982 926 digitumque
1034 858 1192 905 tuum
1237 847 1513 918 intingens
1555 845 1612 901 in
1660 845 1819 905 oleo.

202 949 588 1007 misericordiae
621 944 915 1002 Genitricis
935 942 1034 998 Dei
1054 942 1299 1013 dominae
1342 949 1547 995 nostr.»
1578 945 1785 994 sanctae

203 1043 402 1109 Mariae,
426 1040 678 1112 precibus
713 1037 821 1093 tuis
845 1036 1086 1091 animam
1120 1033 1463 1090 deﬁcientem
1507 1037 1780 1096 sustenta,

205 1137 535 1190 laborantem
580 1130 797 1200 adjuva;
826 1143 1108 1195 succurre,
1132 1125 1307 1181 amice
1336 1123 1454 1189 Dei,
1477 1138 1573 1193 per
1601 1136 1782 1178 secre-

204 1240 315 1284 tum
333 1225 539 1281 Christi
590 1223 838 1295 magistri
890 1221 1001 1287 tui;
1028 1220 1144 1291 jam
1188 1217 1415 1282 morior,
1445 1224 1501 1270 et
1521 1215 1668 1285 quod
1688 1228 1787 1284 per

204 1336 289 1375 me
321 1333 431 1373 non
461 1330 706 1387 possum,
742 1312 1175 1369 misericordiam
1205 1324 1370 1380 posce
1390 1308 1629 1378 pietatis,
1652 1320 1789 1376 qua-

206 1423 361 1466 tenus
404 1409 540 1463 mihi
597 1406 958 1470 subsidietur,
995 1419 1105 1459 non
1158 1401 1315 1467 meis?
1342 1399 1554 1456 meritis
1584 1398 1789 1469 quibus

204 1515 362 1570 paena
393 1498 590 1552 mortis
622 1496 873 1561 debetur,
917 1492 1013 1549 sed
1039 1491 1160 1562 ejus
1195 1491 1292 1562 qui
1333 1504 1421 1545 me
1450 1489 1606 1544 vobis
1629 1502 1785 1544 com-

208 1590 353 1647 misit
374 1589 631 1661 lacrymis
654 1596 710 1643 et
734 1585 1007 1658 precibus.
1061 1603 1080 1636 ι
1134 1582 1360 1639 Noctem
1398 1582 1548 1637 illam
1601 1579 1785 1651 ponti»

206 1682 289 1740 fex
311 1680 469 1736 duxit
499 1680 842 1745 insomnem;
872 1692 931 1733 se
967 1688 1212 1744 suosque
1257 1671 1371 1728 Deo
1396 1669 1791 1729 commendans

206 1772 494 1844 gemitibus
541 1770 746 1838 solitis,
807 1768 1060 1839 votisque
1115 1765 1457 1837 supplicibus
1508 1762 1794 1819 morientis

206 1865 364 1921 amici
386 1865 578 1920 vitam.

733 1970 962 2029 CAPUT
999 1969 1267 2025 XXXVII.

213 2065 310 2122 [Ἠ
338 2065 637 2121 Fulcherus
664 2064 890 2118 moriens
912 2063 1336 2187 duzstdwmoues
1360 2061 1464 2115 sibi
1493 2060 1799 2114 insistentes

927 2150 976 2187 ei
1020 2151 1037 2187 t
1067 2174 1082 2187 .

927 2142 1082 2188 uidit.

274 2226 510 2298 Jamque
535 2224 943 2297 propinquabat
964 2223 1144 2280 noctis
1178 2231 1375 2294 quarta
1428 2220 1634 2292 vigilia,
1672 2235 1798 2275 cum

208 2321 413 2376 ceteris
444 2320 540 2390 qui
573 2320 630 2373 in
661 2318 828 2373 domo
856 2324 1014 2372 erant
1043 2318 1099 2371 in
1124 2332 1234 2386 qua
1272 2314 1634 2370 decumbebat
1684 2313 1804 2367 lan-

210 2410 404 2481 guidus
438 2407 735 2479 seporatis,
761 2407 914 2462 visus
942 2414 1027 2461 est
1069 2404 1288 2461 sibimet
1320 2403 1478 2473 quasi
1522 2401 1802 2477 semivigi-f

212 2499 328 2553 lans
355 2495 777 2561 obdormivisse,
826 2504 882 2550 et
926 2510 1053 2550 ecce
1102 2494 1248 2549 videt
1291 2493 1449 2549 binos
1490 2474 1802 2547 daemonum

212 2590 434 2660 spiritus
462 2596 658 2643 contra
690 2602 750 2642 se
781 2593 948 2651 stare,
981 2584 1217 2639 ferream
1246 2584 1537 2639 tridentem
1565 2582 1804 2637 flammi-

210 2696 540 2751 vomamque
567 2680 718 2734 velut
736 2678 806 2734 de
837 2676 1060 2733 fornace
1094 2677 1237 2747 ignis
1282 2684 1496 2732 erutam
1549 2674 1806 2743 ferentes,

208 2787 395 2842 quam,
429 2772 579 2828 sicut
612 2770 754 2825 idem
779 2769 988 2836 retulit,
1017 2768 1213 2824 mortis
1251 2768 1506 2823 aculeum
1550 2767 1806 2821 nomina-

211 2861 343 2916 bant
373 2881 386 2916 :
411 2862 672 2917 dicebant
699 2861 847 2915 enim
875 2874 935 2915 se
973 2859 1043 2913 ad
1085 2859 1194 2913 hoc
1253 2857 1536 2923 detulisse,
1580 2865 1641 2911 ut
1684 2872 1807 2910 eam

213 2953 362 3009 cordi
387 2953 513 3023 ejus
540 2951 837 3022 alligerent,
865 2958 920 3004 et
955 2950 1035 3005 sic
1070 2949 1311 3003 animam
1351 2946 1631 3016 ejicerent.
1673 2944 1810 3012 Quis

213 3047 374 3101 timor
408 3046 522 3110 ille,
544 3044 729 3099 Deus?
756 3043 883 3113 quis
905 3042 1098 3096 dolor?
1126 3056 1250 3111 quae
1290 3039 1591 3110 angustiae?
1636 3036 1811 3109 Labo:

212 3137 363 3193 rabat
399 3152 571 3209 aeger,
596 3136 882 3197 laborabat
915 3142 968 3188 et
990 3133 1295 3199 deficiebat,
1326 3130 1629 3201 aspiciebat
1667 3130 1811 3185 ictus

211 3226 371 3284 ferire
390 3228 749 3293 minantium,
777 3225 1106 3295 penitusque
1128 3223 1557 3288 dissolvebatur;
1604 3221 1813 3293 singul-

210 3322 351 3378 tiens
382 3320 814 3385 dissolvebatur,
838 3327 894 3373 et
929 3318 1069 3371 inter
1104 3317 1380 3387 singultus
1404 3324 1619 3370 tantum
1649 3329 1813 3369 sona-

209 3416 322 3481 bat,
352 3413 563 3470 Sancta
599 3411 756 3483 Virgo
785 3411 1069 3482 virginum,
1112 3420 1282 3464 mater
1313 3407 1464 3476 Iesu,
1493 3418 1675 3463 sancte
1703 3408 1814 3462 An-

210 3507 361 3560 drea.

735 3618 965 3676 CAPUT
1002 3615 1293 3671 XXXVIII.

219 3713 317 3769 Ubi
360 3714 525 3785 Virgo
558 3712 739 3785 Maria
782 3728 901 3785 cunt
942 3706 1436 3785 Andrea_apostolo
1492 3704 1817 3760 Fulclterum

613 3784 837 3837 visitans
867 3781 1127 3836 dwmones
1168 3780 1425 3848 increpat.

280 3873 342 3930 In
375 3877 490 3932 hoc
524 3882 677 3930 tanto
720 3882 943 3943 tamque
990 3870 1217 3926 terribili
1267 3868 1639 3924 tribulationis
1686 3867 1820 3923 arti-

215 3968 361 4033 culo,
386 3968 535 4023 inter
562 3964 826 4036 caligines
848 3972 905 4019 et
930 3964 1157 4019 umbras
1178 3961 1374 4018 mortis
1403 3960 1621 4017 caelitus
1658 3959 1819 4015 efful-

214 4074 424 4127 gurans
483 4056 714 4112 irradiat
756 4056 938 4110 locum
988 4071 1089 4111 sua
1144 4051 1496 4109 sanctissima
1542 4050 1819 4121 potentia,

218 4150 385 4207 Stella
406 4150 607 4215 maris,
634 4148 806 4203 Mater
827 4136 1064 4217 pietatis,
1086 4154 1162 4212 et,
1191 4147 1239 4200 si
1259 4145 1368 4200 dici
1398 4143 1483 4199 fas
1515 4151 1618 4209 est,
1648 4142 1822 4212 pietas

216 4242 466 4313 pietatis,
495 4240 660 4311 cujus
696 4248 920 4310 precatu
956 4239 1131 4308 pietas
1164 4235 1260 4290 Dei
1291 4234 1467 4306 parcit
1499 4241 1821 4304 peccantum

216 4336 428 4405 culpis;
462 4334 640 4398 adest,
667 4332 912 4401 inquam,
950 4345 1078 4400 spes
1108 4328 1460 4393 miserorum,
1488 4326 1637 4382 salus
1669 4325 1822 4380 debi-

217 4426 376 4493 lium,
410 4424 676 4497 gaudium
720 4422 1183 4487 Christianorum,
1209 4419 1521 4474 daemonum
1558 4415 1700 4473 forte
1734 4417 1819 4472 Ia—

218 4529 493 4583 mentum,
519 4514 703 4572 ferens
727 4515 968 4578 dextera,
994 4529 1103 4584 qua
1129 4511 1411 4567 Christum
1438 4511 1638 4582 pannis
1667 4511 1822 4566 invo-

220 4612 401 4667 lutum
432 4608 725 4666 reclinavit
744 4609 799 4664 in
823 4606 1108 4678 prmsepio,
1125 4605 1351 4660 vivificas
1369 4604 1551 4660 crucis
1573 4604 1821 4676 signum;

222 4702 615 4757 sinistrorsum
636 4699 875 4755 acclinis
901 4713 1066 4767 super
1095 4696 1152 4751 S.
1172 4695 1442 4752 Andream
1469 4697 1777 4766 apostolum
1805 4714 1818 4749 :

230 4811 249 4844 ι
277 4791 517 4863 Ecquid,
543 4791 738 4861 inquit,
765 4789 1089 4860 nequissimi
1130 4787 1381 4858 spiritus,
1415 4798 1603 4845 tantus
1646 4800 1823 4845 terror

222 4881 432 4939 furoris
459 4882 669 4938 vestri?
689 4898 799 4953 quo
823 4878 1018 4936 ruitis?
1037 4895 1159 4951 qua:
1194 4887 1343 4933 tanta
1374 4882 1629 4950 superbia
1669 4880 1825 4936 vobis

225 4976 345 5029 est?

409 5063 654 5117 Tantane
682 5082 766 5120 eos
789 5060 993 5135 generis
1025 5061 1190 5115 tenuit
1220 5060 1427 5129 ﬁducia
1464 5069 1646 5134 vestri,

228 5169 286 5214 ut
320 5174 417 5213 eos
448 5155 545 5227 qui
571 5158 730 5215 nobis
766 5153 1050 5212 commissi
1105 5160 1233 5209 sunt
1275 5154 1563 5216 vindicare
1612 5155 1840 5217 velitis?

229 5250 365 5317 Quid
403 5246 563 5302 vobis
589 5255 645 5301 et
675 5262 822 5321 aegro
857 5259 1017 5313 quem
1049 5243 1221 5298 Filius
1242 5258 1404 5300 meus
1428 5247 1609 5307 reddit
1642 5244 1825 5317 sospi-

1886 389 2210 459 suggerebat
2238 387 2469 444 deficere
2502 387 2725 454 vinum;
2750 388 2862 455 illo,
2889 389 3134 459 inquam,
3164 391 3314 446 vultu
3358 407 3470 461 quo

1883 480 2155 536 dolentem
2179 482 2417 551 respexit
2443 478 2827 550 Theophilum,
2861 482 3013 535 vultu
3063 481 3366 538 dulcedinis
3416 491 3472 536 et

1883 574 2074 646 gratiae
2122 592 2135 628 :
2184 589 2282 641 eo,
2312 574 2559 645 inquam,
2597 573 2750 628 vultu
2804 563 3121 644 languidum
3172 574 3288 645 jam
3332 589 3473 645 pene

1883 680 2165 723 mortuum
2190 666 2504 722 daemonum
2529 666 2787 721 manibus
2807 673 3024 720 erutum
3046 666 3305 736 respexit,
3321 674 3375 719 et
3411 672 3473 720 ut

1883 766 2129 830 surgeret
2147 758 2567 829 pontificemque
2586 765 2907 828 sequeretur
2941 758 3262 828 imperando
3294 756 3470 828 signi-

1882 851 2085 919 ficavit,
2120 850 2311 922 sicque
2332 850 2579 906 recessit.

2408 1001 2648 1076 |CAPUT
2680 1003 2927 1061 XXXIX.

1889 1138 1990 1195 Ubi
2016 1138 2333 1207 Fulclterus,
2358 1139 2791 1209 e/I'ectussospes,
2816 1139 3000 1193 eadem
3042 1138 3128 1192 die
3169 1138 3474 1207 episcopum

2500 1208 2851 1281 subsequitur.

1956 1340 2261 1397 Recedente
2320 1340 2553 1407 visione,
2598 1340 2693 1411 qui
2748 1340 2851 1395 sibi
2909 1340 3149 1395 dormire
3193 1339 3478 1394 videbatur

1886 1447 2029 1502 aeger
2050 1432 2240 1487 oculos
2273 1431 2506 1501 aperuit,
2541 1439 2597 1485 et
2630 1431 2703 1485 ita
2756 1445 2815 1486 se
2864 1444 3059 1485 sanum
3104 1430 3476 1499 sospitemque

1890 1523 2090 1594 reperit
2115 1539 2181 1578 ac
2215 1523 2263 1578 si
2311 1523 2448 1577 nihil
2508 1522 2637 1577 mali
2684 1521 3014 1591 pertulisset.
3073 1518 3196 1574 Mox
3243 1521 3480 1575 clamato

1824 1645 1870 1705 Β
1895 1630 2065 1687 puero
2090 1616 2182 1686 qui
2206 1615 2314 1671 sibi
2344 1615 2412 1693 ad
2436 1616 2544 1671 hoc
2585 1621 2925 1669 remanserat
2963 1614 3011 1667 si
3054 1622 3379 1679 moreretur,
3411 1627 3483 1666 ne

1896 1704 2201 1775 insepultus
2227 1713 2499 1772 maneret,
2530 1703 2788 1774 praecepit
2832 1710 2892 1756 ut
2946 1701 3271 1772 quantocius
3325 1701 3486 1756 vesti-

1895 1803 2077 1849 menta
2104 1795 2210 1850 sibi
2238 1794 2491 1860 deferret,
2517 1794 2726 1865 viasque
2755 1792 3066 1864 pontiﬁcem
3110 1792 3487 1847 subsecutum

1898 1883 2209 1938 necessaria
2230 1893 2428 1939 cuncta
2457 1890 2693 1953 pararet.
2740 1881 2836 1938 Illo
2879 1898 3005 1937 eum
3057 1889 3329 1936 amentem
3380 1895 3487 1949 pu-

1896 1982 2046 2029 tante
2070 1973 2324 2044 protinus
2346 1974 2603 2039 surrexit,
2633 1974 2749 2043 ipse
2774 1973 3056 2027 dominum
3082 1973 3280 2027 domus
3313 1984 3486 2026 voca-

1898 2063 1977 2118 vit
1993 2081 2007 2130 ;
2025 2072 2290 2134 quantum
2310 2078 2410 2133 pro
2421 2061 2713 2133 impendiis
2726 2061 2829 2117 sibi
2844 2061 3059 2118 collatis
3069 2061 3332 2116 debeatur
3344 2074 3492 2131 qua:-

1900 2154 2056 2223 sivit;
2082 2155 2412 2226 computatis
2436 2163 2491 2209 et
2515 2154 2740 2210 redditis
2759 2168 2933 2224 equos
2952 2156 3084 2208 suOs
3104 2167 3270 2222 quam
3295 2150 3492 2207 (οἰοιοῖ-ι
3520 2193 3530 2200 .

1900 2257 1981 2304 ter
2012 2249 2193 2319 parari
2236 2248 2412 2319 jubet,
2437 2261 2781 2319 puerumque
2800 2244 3151 2316 supellectilis
3196 2258 3307 2299 suae
3355 2241 3494 2296 nihil

1902 2341 2152 2397 oblivisci
2178 2349 2384 2406 monet,
2407 2356 2571 2411 quem
2609 2353 2720 2393 non
2774 2338 2951 2393 solum
2994 2335 3387 2407 paterfamilias
3436 2335 3494 2389 in

1904 2430 2062 2501 cujus
2096 2430 2338 2500 hospitio
2359 2420 2637 2484 manserat
2658 2428 2892 2482 miratur
2924 2426 3277 2490 incolumem,
3306 2424 3403 2479 sed
3440 2431 3498 2477 et

1903 2520 2086 2576 omnis
2119 2519 2323 2575 vicinia
2357 2517 2556 2590 gaudet
2577 2517 2839 2587 sospitem
2872 2535 2884 2571 :
2912 2515 3112 2587 gaudet
3137 2522 3335 2570 cuncta
3361 2511 3499 2568 civi-

1906 2622 1991 2668 tas
2011 2620 2065 2668 et
2089 2609 2390 2682 applaudit,
2417 2607 2679 2679 quoniam
2703 2624 2867 2679 quem
2884 2614 3157 2678 praecepto
3185 2601 3497 2674 evangelico

1906 2709 2209 2759 statuerant
2243 2699 2566 2754 morientem
2593 2713 2717 2753 sero
2744 2697 2994 2767 sepelire,
3019 2694 3314 2751 cernebant
3339 2706 3500 2746 mane

1909 2793 2188 2850 velocibus
2209 2806 2412 2861 equum
2443 2805 2605 2845 suum
2635 2789 2889 2860 passibus
2942 2787 3190 2845 amittere
3243 2783 3263 2856 [
3285 2783 3353 2854 f.,
3378 2788 3503 2845 aut:

1909 2884 2066 2957 eire].
2106 2883 2225 2954 Ipse
2254 2897 2386 2938 vero
2410 2881 2625 2937 cunctis
2645 2880 3018 2951 quaerentibus
3040 2878 3198 2933 laetus
3232 2874 3503 2931 referebat

1842 3010 1882 3067 ο
1916 2984 2119 3047 quanta
2134 2976 2237 3032 sibi
2262 2990 2359 3045 per
2378 2989 2536 3030 suam
2560 2971 2854 3044 gloriosam
2879 2970 3207 3027 Geuitriccm
3231 2974 3504 3023 sanctum-

1915 3083 2021 3137 que
2046 3066 2320 3120 Andream
2363 3064 2673 3134 apostolum
2700 3061 2918 3117 fecisset
2949 3060 3113 3115 Deus.
3173 3057 3301 3113 Inde
3330 3054 3505 3128 gradu

1913 3157 2202 3223 citissimo,
2234 3171 2335 3210 suo
2369 3155 2663 3210 comitatus
2694 3154 2912 3219 cliente,
2975 3151 3198 3206 festinat
3242 3148 3507 3219 consequi

1912 3249 2245 3319 pontificem,
2270 3263 2433 3318 quem
2464 3248 2640 3317 pietas
2673 3256 2726 3301 et
2762 3243 3104 3316 providentia
3152 3241 3249 3297 Dei
3298 3242 3509 3298 detine-

1913 3340 2007 3395 bat
2036 3339 2091 3394 in
2116 3339 2319 3393 littore.
2350 3338 2445 3391 Sol
2465 3336 2723 3392 exoriens
2749 3334 2926 3390 oculis
2962 3341 3254 3387 nautarum
3280 3330 3509 3386 crinitos

1915 3430 2191 3487 infuderat
2210 3429 2428 3496 radios;
2458 3428 2661 3499 quibus
2682 3427 2819 3481 visis
2842 3426 3107 3496 magistro
3132 3423 3330 3494 puppis
3359 3422 3507 3476 futu~

1915 3538 2034 3577 ram
2061 3520 2441 3593 pramotabant
2487 3526 2866 3589 tempestatem
2908 3515 3186 3571 :consilio
3230 3515 3511 3569 communi

1824 3604 1829 3608 ’
1916 3611 2374 3682 praestolabantur
2416 3609 2592 3663 donec
2651 3609 2787 3662 hora
2839 3607 2947 3661 diei
2996 3604 3176 3659 media
3225 3610 3513 3673 captarent

1917 3702 2048 3772 quid
2078 3701 2210 3757 solis
2240 3699 2495 3771 splendor
2521 3699 2889 3771 portenderet.
2925 3696 3068 3751 Inter
3090 3696 3207 3750 haec
3232 3696 3368 3749 hora
3403 3692 3512 3747 diei
3602 3729 3607 3735 -

1921 3795 2075 3849 tertia
2101 3794 2231 3849 dum
2256 3791 2500 3864 pontifex
2528 3794 2582 3845 in
2611 3792 2793 3846 littore
2826 3786 3228 3845 deambulando
3258 3792 3513 3857 pensaret

1920 3885 2175 3941 miserias
2206 3883 2333 3939 vita:
2365 3882 2683 3954 praesentis,
2710 3879 3281 3951 secumque'ploraret
3323 3891 3513 3932 casum

1920 3976 2164 4033 derelicti
2201 3975 2401 4041 fidelis,
2431 3973 2721 4029 nuntiatur
2745 3972 2795 4026 ei
2822 3988 2853 4026 a
2883 3968 3348 4040 prospicientibus
3369 3968 3521 4021 dom-

1922 4085 2054 4124 num
2087 4067 2278 4122 venire
2302 4065 2659 4121 Fulcbcrum.
2696 4062 2884 4142 Primo
2910 4059 3268 4131 stupefactus,
3318 4057 3521 4112 dehinc

1923 4167 2162 4214 mentem
2192 4158 2519 4228 recolligens
2552 4154 2782 4225 inquirit
2806 4153 3041 4225 qualiter
3069 4151 3124 4207 id
3149 4151 3384 4216 scirent;
3413 4148 3520 4202 illis

1922 4250 2288 4306 referentibus
2337 4264 2510 4319 equos
2559 4264 2700 4318 quos
2751 4246 2999 4317 equitare
3033 4243 3263 4307 solebat,
3314 4239 3408 4296 sed
3466 4249 3523 4295 ct

1850 4345 1900 4404 D
1926 4344 2246 4400 vestimenta
2277 4342 2398 4413 ejus
2436 4339 2709 4397 veraciter
2729 4338 2957 4403 vidisse,
2985 4336 3271 4408 suspirans
3296 4347 3523 4402 respon-

1922 4436 2068 4492 disse
2103 4433 2319 4489 fertur:
2380 4453 2398 4485 ι
2442 4432 2632 4487 Potest
2680 4431 2843 4487 esse?
2905 4445 3016 4484 non
3065 4436 3151 4484 est
3195 4425 3521 4490 Fulcbcrus,

1922 4530 2016 4585 sed
2054 4527 2309 4583 fortassis
2350 4542 2485 4596 puer
2528 4524 2704 4595 ipsius
2743 4523 2839 4594 qui
2892 4521 3107 4592 sepulto
3165 4519 3371 4574 domno
3420 4530 3523 4571 nos

1922 4617 2303 4690 prosequitur;
2342 4631 2472 4671 nam
2505 4614 2836 4669 Fulchcrum
2866 4611 2971 4667 nisi
3002 4610 3119 4668 sola
3148 4607 3245 4661 Dei
3280 4607 3523 4660 clemen-

1924 4714 1998 4769 tia
2020 4713 2134 4784 jam
2163 4700 2274 4765 non
2302 4724 2467 4778 spero
2492 4707 2707 4774 videre;
2762 4714 3003 4761 attamen
3055 4718 3165 4757 non
3219 4698 3406 4752 dillido
3460 4696 3529 4751 de

1924 4802 2130 4860 Christi
2154 4800 2555 4867 misericordia,
2583 4814 2708 4870 quae
2733 4798 3021 4854 sororibus
3076 4788 3314 4847 reddidit
3358 4787 3535 4842 Laza-

1925 4914 2071 4966 rum,
2094 4895 2274 4953 vidua:
2302 4890 2479 4951 filium
2509 4892 2759 4957 unicum,
2792 4891 2993 4961 quippe
3031 4881 3288 4940 credulus
3328 4881 3535 4965 quibus

1928 4983 2054 5049 eum
2094 4986 2512 5058 tidejussoribus
2538 4986 2923 5054 deposueram.
2961 4998 2979 5031 ι
3018 4975 3155 5028 Dum
3194 4971 3311 5023 haec
3343 4987 3538 5026 secum

1930 5086 2250 5158 loqueretur
2282 5084 2338 5132 et
2364 5077 2564 5135 intenti
2607 5065 3329 5142 venientes-prospicerent,
3384 5063 3546 5118 adest

1932 5152 2253 5234 Fulcherus.
2278 5167 2323 5224 Ο
2347 5186 2517 5240 quam
2540 5167 2707 5222 fuerit
2728 5165 3053 5236 gaudiosum
3076 5152 3364 5227 gaudium,
3379 5171 3549 5224 quam

1933 5270 2055 5326 laeta
2084 5263 2291 5329 laetitia,
2318 5263 2535 5318 noverit
2559 5273 2716 5314 mens
2740 5257 2988 5312 humana
3016 5253 3030 5305 ἰ
3056 5246 3197 5315 Quid
3235 5246 3553 5313 qualiterve
