4022 5340
500 259 638 322 ίῐτι

1108 370 1343 435 CAPUT
1366 380 1477 436 XL.

507 466 631 535 Ubi,
674 469 946 539 inopinate
984 480 1191 540 recepto
1241 472 1450 595 castita,
1480 488 1751 543 episcopus
1785 487 1968 527 nauem
1997 487 2089 526 as-

1200 558 1292 596 cen
1335 551 1396 596 tt.

575 632 816 704 Accepto
837 632 1056 699 comite,
1086 633 1249 703 jussu
1278 643 1569 690 nautarum
1596 635 1833 691 domnus
1848 633 2094 707 pontifex

509 740 701 779 navem
734 724 1053 783 conscendit
1079 740 1205 780 cum
1228 726 1363 782 suis.
1388 724 1578 782 Nautaz
1606 727 1774 783 remis
1802 729 2094 799 insurgunt

508 816 718 872 viribus
746 817 898 884 totis,

646 927 998 1000 Prosequitur
1016 946 1232 1001 surgens
1266 948 1300 984 a
1327 933 1486 1002 puppi
1520 942 1699 987 ventus
1720 942 1931 998 cicutas;

1094 1020 1328 1092 (VlRGlL.
1369 1021 1567 1077 zEneid
1581 1066 1595 1090 ,
1621 1024 1714 1079 lib.
1748 1024 1873 1095 tu.)

510 1114 764 1186 linquunt
798 1110 1070 1170 Laodicia:
1098 1123 1311 1187 portus,
1336 1115 1633 1186 pelagoque
1656 1117 1860 1183 volam,
1884 1116 2094 1172 crebris

509 1203 694 1276 legunt
732 1203 869 1259 freta
911 1206 1126 1263 concita
1158 1207 1350 1273 terris,
1404 1208 1523 1262 vela
1571 1208 1818 1278 pandunt
1859 1216 1915 1264 et
1959 1222 2093 1263 cava

511 1296 662 1350 trabe
680 1303 895 1351 vastum
921 1306 1153 1352 currunt
1172 1312 1377 1367 :equor.
1404 1296 1702 1368 Postquam
1730 1300 1899 1353 altum
1919 1300 2097 1354 tenuit

510 1385 688 1452 navis,
722 1403 823 1442 nec
860 1387 975 1459 jam
1003 1390 1240 1458 amplius
1263 1389 1386 1444 ullae
1415 1399 1678 1460 apparent
1712 1399 1888 1457 terras,
1919 1406 2094 1449 etern-

508 1477 630 1532 leus
657 1493 821 1550 supra
852 1489 1017 1551 caput
1048 1480 1220 1536 astitit
1249 1481 1442 1548 imber,
1481 1490 1697 1537 noctem
1751 1482 2096 1554 hiememque

510 1567 713 1638 ferens,
740 1578 796 1626 et
820 1572 1097 1627 inhorruit
1125 1573 1268 1628 unda
1303 1574 1560 1629 tenebris.
1610 1573 1886 1630 Continuo
1921 1573 2097 1631 invol-

507 1670 643 1715 vunt
665 1662 809 1717 venti
841 1679 1010 1730 mare,
1057 1663 1319 1736 nigraque
1368 1675 1599 1737 surgunt
1652 1681 1897 1735 aequora,
1949 1667 2094 1738 peri—

508 1751 1059 1822 ciitantesjactantur
1092 1756 1304 1828 gurgite
1349 1767 1505 1812 vasto
1564 1776 1577 1812 :
1628 1758 1900 1813 involvere
1948 1760 2092 1816 diem

510 1842 701 1909 nimbi,
727 1853 780 1899 et
810 1860 918 1900 nox
940 1845 1163 1902 humida
1203 1849 1398 1903 omium
1444 1849 1698 1916 abstulit;
1754 1848 2097 1920 ingeminant

509 1934 755 2004 abruptis
779 1936 1044 1994 imbribus
1069 1939 1242 2010 ignes,
1267 1934 1620 1997 escutiuntur
1641 1957 1828 2009 cursu,
1855 1944 2095 2014 et,caecis

506 2035 689 2081 errant
715 2025 770 2082 in
811 2028 1010 2085 undis:
1045 2029 1148 2100 ipsi
1204 2031 1521 2100 peritissimi
1571 2042 1772 2100 nautae,
1823 2035 2095 2105 quodam-

508 2118 670 2172 modo
696 2119 1033 2176 marinorum
1057 2120 1320 2178 fluctuum
1342 2124 1649 2191 domestici,
1677 2125 1820 2181 diem
1847 2136 2097 2183 noctema

506 2224 613 2277 que
638 2219 836 2281 negant
864 2212 920 2266 in
942 2213 1086 2269 unda
1123 2232 1136 2268 :
1165 2222 1277 2269 tres
1305 2215 1441 2272 adeo
1471 2217 1709 2273 incertos
1730 2218 1874 2273 soles
1911 2226 2098 2289 errant

506 2300 715 2372 pelago,
745 2303 967 2358 totidem
991 2303 1108 2360 sine
1129 2305 1306 2362 sidere
1332 2316 1525 2363 noctes
1550 2326 1563 2363 :
1611 2317 1808 2379 quarto
1841 2317 1986 2364 terra
2007 2308 2096 2365 die

508 2393 745 2461 primum
766 2408 825 2449 se
847 2396 1219 2452 attollerevisa
1233 2407 1336 2464 est,
1359 2408 1413 2453 et
1435 2399 1646 2470 aperire
1671 2401 1860 2471 procul
1882 2409 2097 2457 montes

511 2490 566 2537 et
604 2485 820 2540 volvere
856 2485 1104 2555 fumum;
1162 2490 1281 2545 vela
1303 2489 1537 2556 cadunt,
1580 2491 1874 2563 insurgunt
1914 2508 2093 2562 quan-

510 2573 687 2630 tocius
717 2587 916 2645 nautae,
953 2587 1009 2636 et
1044 2579 1229 2635 adnixi
1258 2590 1517 2652 torquent
1549 2598 1776 2653 spumas
1808 2593 1864 2639 et
1895 2586 2095 2641 caerula

508 2676 747 2726 verrunt.

1091 2784 1321 2843 CAPUT
1358 2786 1496 2842 XLI.

513 2869 631 2950 Ubi_
660 2878 985 2950 _per__uaria_
1016 2876 1136 2931 loca
1179 2878 1369 2950 ductus
1417 2881 1711 2950 episcopus,
1743 2889 1794 2934 et
1841 2880 1959 2948 jam
2007 2896 2097 2949 spe

583 2945 792 3019 ridendi
838 2947 1136 3019 sepulcrum
1201 2948 1417 3002 Domini
1446 2945 1455 2950 ⁷
1483 2945 1773 3019 frustratus
1796 2992 1811 3017 ,
1842 2945 1854 2948 ’
1881 2945 2093 3004 tandem

582 3015 804 3068 consiin
850 3012 1194 3071 L'aodiccnsis
1245 3012 1493 3089 episcopi
1532 3029 1742 3074 meum:
1795 3012 2088 3075 revertitur.

516 3152 525 3160 -
586 3120 722 3176 Dum
750 3125 1058 3193 pontificem
1095 3143 1219 3182 cum
1249 3128 1366 3185 suis
1405 3130 1662 3185 omnibus
1704 3139 1980 3186 servatum
2028 3148 2095 3187 ex

513 3208 675 3266 undis
701 3210 882 3267 littora
903 3211 1064 3285 Cypri
1098 3215 1393 3287 accipiunt,
1434 3233 1597 3288 quem
1654 3220 1906 3289 princeps
1952 3220 2097 3274 illius

515 3302 726 3370 insulae,
739 3318 901 3373 quem
926 3304 1329 3379 Ratapant,hoc
1353 3321 1438 3367 est
1457 3313 1757 3368 secundum
1788 3313 2093 3382 dominum,

511 3405 727 3462 vocant,
752 3398 950 3453 timens
976 3416 1044 3455 ne
1072 3401 1126 3455 in
1160 3418 1358 3459 manus
1391 3419 1727 3474 paganorum
1761 3405 2096 3471 incideret,a

513 3487 686 3557 pridie
710 3487 989 3544 Nonarum
1017 3490 1144 3546 Julii
1185 3508 1359 3563 usque
1405 3495 1474 3550 ad
1515 3496 1688 3566 pridie
1728 3496 2094 3553 Kalendarum

512 3578 763 3652 Augusti,
794 3582 1046 3651 detinuit,
1080 3585 1254 3640 donec
1282 3585 1373 3641 illa
1408 3586 1518 3654 die,
1544 3589 1716 3644 multo
1757 3605 1893 3645 auro
1942 3591 2094 3644 exitu

513 3670 604 3724 vix
636 3671 944 3743 impetrato,
970 3674 1099 3729 dum
1134 3691 1352 3732 rursum
1381 3677 1595 3734 marino
1630 3680 1823 3735 itinere
1875 3696 1933 3735 se
1977 3697 2096 3736 cre—

498 3763 661 3820 deret
683 3766 974 3841 proficisci,
999 3767 1190 3823 fraude
1230 3777 1520 3824 nautarum
1563 3771 1954 3827 dcclinantium
2006 3773 2092 3827 in-

510 3857 681 3914 sidias
723 3874 1059 3928 paganorum
1102 3852 1416 3915 Laodiciam
1453 3862 1658 3917 relatus
1704 3872 1819 3927 est;
1876 3864 1931 3918 in
1982 3880 2094 3934 quo

509 3948 635 4003 loco
662 3948 790 4002 dum
816 3964 1009 4015 rursus
1057 3965 1239 4005 moras
1292 3951 1612 4016 innecteret,
1667 3968 1769 4007 nec
1817 3970 1940 4023 spes
1982 3955 2093 4010 ulla

512 4038 823 4109 perﬁciendi
850 4048 977 4096 vota
1008 4053 1332 4111 superesset,
1363 4044 1734 4098 remeantibus
1776 4059 1901 4098 eum
1948 4044 2092 4100 Lau-

505 4131 743 4187 dunensi
779 4133 1035 4204 episcopo
1086 4131 1198 4206 [an.
1245 4133 1657 4206 lngelranno]...
1711 4136 1995 4208 (quoniam
2037 4146 2093 4193 et

507 4223 627 4293 ipse
654 4223 762 4282 illis
798 4226 988 4282 diebus
1011 4228 1146 4282 ierat
1174 4227 1628 4300 Hierosolymam)
1671 4231 2090 4301 quampiuribus

501 4326 562 4371 et
597 4316 807 4374 itineris
842 4309 1209 4375 difﬁcultatem
1255 4317 1637 4388 referentibus,
1683 4322 1903 4378 tandem
1951 4339 2086 4378 con-

1495 265 1554 324 S.
1596 266 1963 323 LIETBEBTl
1994 258 2526 323 CAMERACENSIS
2562 256 2778 315 EPISC.

1776 368 1781 373 ’
2120 385 2166 443 Α
2195 392 2295 448 pro
2324 374 2698 433 simultatibus
2739 377 3104 443 quaseontra
3125 370 3337 439 patrem
3374 365 3646 423 habuerat
3689 382 3780 422 re.

3631 251 3773 308 μη

2193 450 2471 524 conciliati
2509 473 2661 532 sunt,
2710 473 2947 532 uterque
2991 475 3179 516 comes
3232 458 3567 523 Balduinus,
3622 466 3781 526 pater

2195 558 2398 616 scilicet
2442 568 2497 613 et
2540 558 2703 612 illius.
2734 553 2836 611 Cui
2864 553 3065 625 placito
3093 550 3343 607 interfuit
3371 551 3615 607 domitus
3647 565 3785 620 pon-

2193 649 2329 706 tifex
2357 649 2666 705 Lietbertus
2708 649 2964 703 intonsus
3000 646 3202 709 adhuc,
3231 644 3374 699 sicut
3396 658 3431 699 a
3459 643 3782 713 peregrina-

2193 742 2342 797 tione
2371 742 2608 806 redieus,
2655 739 2723 795 ad
2768 754 2924 795 Silam
2953 737 3233 793 civitatem
3256 735 3505 791 nondum
3530 743 3783 798 venerat,

2193 832 2287 903 qui
2310 818 2651 888 lamiliaritér
2678 832 2861 903 ipsum
2891 830 3145 885 comitem
3168 828 3244 884 ab
3267 827 3491 883 exordio
3518 826 3609 882 sui
3641 841 3781 896 pon-

2194 925 2434 981 tificatus
2452 925 2738 981 dilexerat.

2753 1030 2982 1088 CAPUT
3018 1027 3203 1085 XLIII.

2238 1126 2338 1183 Ubi
2374 1126 2597 1181 domnus
2634 1124 2927 1179 Lietbertus
2966 1125 3139 1193 primo
3187 1118 3735 1189 Nurum-Castellum,

2604 1196 2798 1251 deinde
2831 1194 3183 1251 Camer-acum
3205 1193 3366 1247 venit.

2266 1288 2397 1347 Erat
2420 1289 2477 1344 in
2498 1288 2684 1345 animo
2703 1288 2825 1357 ejus
2844 1287 3012 1346 fixum
3040 1300 3150 1341 non
3181 1285 3336 1354 prius
3350 1283 3559 1338 intrare
3578 1281 3781 1336 Came-

2196 1394 2387 1436 racum
2415 1394 2583 1449 quam
2612 1378 2864 1434 reviserit
2886 1373 3447 1438 Novum—Castellum,
3471 1372 3559 1429 sui
3579 1372 3783 1442 princi—

2196 1481 2357 1545 patus
2404 1474 2562 1529 ﬁdele
2601 1474 2981 1544 municipium,
3013 1470 3177 1541 quod
3218 1470 3295 1525 ob
3334 1468 3514 1525 sancti
3544 1468 3783 1525 Andreae

2197 1564 2520 1620 memoriam
2561 1564 2876 1635 diligentius
2924 1562 3226 1621 excolebat.
3281 1558 3403 1627 Quo
3453 1558 3781 1630 perveniens

2196 1658 2400 1712 domno
2419 1658 2712 1713 comitatus
2731 1656 3021 1723 Fulcbero,
3040 1670 3168 1711 cum
3190 1653 3403 1710 cate-ris
3422 1653 3648 1708 familia:
3666 1669 3784 1708 sua:

2195 1749 2490 1804 comitibus
2518 1746 2914 1805 ofﬁciosissime
2934 1746 3322 1817 suscipiturab
3347 1745 3630 1811 omnibus,
3653 1762 3780 1801 sus-

2195 1851 2495 1913 ceptusque
2560 1842 2615 1896 in
2659 1842 2863 1911 templo
2916 1839 3103 1896 Sancti
3151 1838 3383 1894 Andreae
3438 1838 3668 1894 ducitur
3712 1838 3783 1894 ad

2196 1935 2520 1989 orationem.
2544 1933 2862 1989 Prostratus
2887 1934 3005 1989 solo
3035 1949 3146 1988 non
3171 1931 3423 2002 quaesivit
3451 1932 3507 1986 in
3532 1932 3784 1987 oratione

2197 2024 2486 2097 lacrymas,
2552 2041 2692 2096 quas
2740 2040 2956 2095 semper
2994 2021 3458 2079 familiarissimas
3512 2021 3784 2088 habebat;

2196 2116 2319 2171 dein
2346 2132 2579 2189 surgens
2607 2117 2756 2173 dedit
2800 2116 3262 2181 benedictionem;
3310 2129 3453 2185 quos
3496 2113 3680 2183 potuit
3715 2128 3787 2167 ex

2197 2217 2441 2279 tempore
2474 2210 2844 2276 exosculatus,
2897 2206 3163 2278 processit
3207 2207 3409 2276 palam,
3456 2205 3789 2276 cunctisque

2196 2301 2367 2356 refert
2392 2310 2628 2372 quantos
2678 2302 2783 2357 vim
2814 2300 3096 2372 pertulerit
3146 2312 3329 2355 casus.
3359 2297 3515 2353 Tunc
3542 2297 3789 2353 ὀοωιιιιε

2196 2393 2497 2449 Fulc‘herus
2541 2406 2609 2450 eo
2658 2402 2927 2465 praesente
2953 2393 3199 2464 procedit
3243 2391 3312 2446 ad
3346 2391 3540 2456 altare,
3594 2401 3790 2447 narrat

2195 2500 2319 2556 qua:
2346 2496 2619 2557 quantave
2665 2502 2762 2557 per
2811 2502 2968 2542 suam
3011 2485 3441 2541 benedictionem
3484 2484 3788 2554 gloriosam

2196 2580 2302 2634 sibi
2332 2579 2554 2634 fecisset
2588 2578 2854 2635 Dominus
2876 2579 3052 2634 sancti
3080 2577 3310 2632 Andreae
3334 2575 3550 2630 meritis
3584 2584 3641 2631 et
3660 2591 3790 2646 pre-

2195 2671 2372 2735 cibus,
2431 2679 2555 2739 post
2597 2670 2793 2738 capitis
2847 2667 3153 2734 deditione,
3196 2665 3515 2721 videntibus
3544 2666 3786 2731 cunctis,

2196 2778 2317 2817 sese
2340 2770 2532 2816 saneto
2560 2755 2783 2816 tradidit
2808 2760 3058 2826 Andreas,
3082 2758 3316 2813 offerens
3339 2768 3508 2827 super
3528 2765 3788 2812 sanctum

2195 2853 2316 2924 ejus
2345 2852 2518 2908 altare
2545 2853 2685 2909 duas
2711 2853 2904 2907 uncias
2927 2851 3047 2905 auri
3073 2849 3377 2921 purissimi,
3404 2855 3578 2919 utque
3603 2849 3662 2902 in
3693 2863 3788 2902 (o-

2195 2944 2319 2999 dem
2344 2944 2466 3000 loco
2494 2945 2562 3000 ad
2593 2945 2858 2999 honorem
2888 2942 2983 2999 Dei
3014 2953 3068 2998 et
3108 2941 3431 2997 memoriam
3461 2941 3641 2996 sancti
3669 2940 3787 2993 An-

2124 3073 2165 3129 c
2197 3037 2343 3093 drea:
2379 3050 2480 3107 pro
2505 3052 2563 3092 se
2593 3051 2789 3106 perpes
2814 3035 3052 3091 servitus
3086 3041 3254 3100 esset,
3280 3033 3455 3088 filium
3474 3046 3651 3121 suum
3684 3046 3788 3086 suo

2200 3130 2267 3185 de
2309 3129 2531 3185 nomine
2560 3129 2907 3184 nominatum
2935 3126 3231 3183 Fuleonem
3280 3114 3506 3181 tradidit
3547 3124 3783 3190 ibidem;

2200 3236 2311 3290 quo
2336 3220 2608 3275 monacho
2642 3219 2808 3286 facto,
2837 3218 3169 3274 vietualibus
3190 3216 3421 3272 fratrum
3450 3228 3652 3287 magna
3681 3217 3786 3270 do-

2200 3311 2355 3366 naria
2380 3311 2630 3377 contulit,
2662 3327 2784 3381 qua:
2818 3310 3224 3381 privilegiorum
3249 3309 3374 3378 jure
3393 3308 3672 3379 pontificis
3693 3324 3789 3362 au-

2200 3401 2449 3455 ctoritate
2467 3401 2721 3454 ﬁrmavit.
2746 3399 3015 3456 Omnibus
3036 3399 3137 3455 rite
3165 3399 3419 3470 peractis,
3445 3399 3600 3457 venit
3625 3398 3787 3453 dom-

2200 3508 2304 3548 nus
2344 3492 2590 3564 pontifex
2631 3492 3012 3559 Cameracum,
3056 3498 3112 3546 et
3154 3489 3365 3561 gaudiis
3386 3490 3594 3561 quibus
3622 3505 3787 3560 opor-

2199 3584 2304 3639 tuit
2328 3600 2360 3639 a
2394 3585 2512 3641 suis
2541 3583 2829 3654 excipitur.

2758 3693 2987 3750 CAPUT
3027 3692 3208 3749 XLIV.

2237 3787 2337 3844 Ubi
2388 3787 2661 3860 Hugonem
2690 3786 3024 3858 capellanum
3052 3785 3233 3868 ,νηπίῳ
3274 3783 3418 3839 mala
3458 3785 3747 3854 facientem

2734 3864 3224 3912 excommunicauit.

2264 3945 2474 4003 Interea
2531 3947 2706 4019 Hugo,
2755 3946 2982 4002 Walteri
3035 3947 3300 4017 capellam
3358 3961 3561 4016 nepos,
3615 3961 3780 4016 quem

2194 4041 2621 4109 praenotavir‘nus
2658 4041 3003 4096 eastellatura
3033 4040 3316 4103 donatum,
3354 4037 3675 4108 proﬁciebat
3701 4052 3777 4092 az-

2194 4138 2323 4185 tate.
2363 4129 2603 4202 Tempus
2654 4131 2893 4186 instabat
2917 4131 3227 4202 proximum
3261 4143 3373 4200 quo
3398 4128 3659 4183 Ansellus
3688 4145 3777 4182 re-

2193 4225 2398 4295 gimine
2425 4225 2545 4295 ejus
2574 4240 2781 4291 carere,
2827 4233 2882 4280 et
2928 4223 3045 4293 ipse
3083 4222 3289 4277 bonum
3321 4237 3483 4277 suum
3531 4221 3781 4289 τείρει-ε

2193 4317 2440 4373 debebat.
2471 4316 2643 4371 Porro
2665 4315 2885 4371 Ansello
2910 4314 3205 4370 videbatur
3229 4313 3359 4383 quia
3381 4313 3450 4367 ad
3479 4311 3775 4383 regendam

506 4407 634 4463 silio
656 4407 1007 4467 Laodicensis
1026 4409 1557 4482 episcopi'redeundi
1594 4413 1699 4469 iter
1736 4422 1967 4469 mmstus
1996 4431 2087 4470 ar-
2121 4410 2167 4466 D
2196 4409 2600 4464 castellaturam
2646 4407 2868 4478 juvenis
2905 4406 2997 4461 ille
3042 4405 3288 4461 nondum
3328 4412 3479 4459 esset
3523 4404 3777 4465 idoneus,

505 4497 695 4566 t'ipuit.

1073 4612 1303 4669 CAPUT
1358 4613 1521 4670 XLII.

543 4694 648 4753 Ubi
673 4699 962 4770 imperator
980 4711 1029 4755 et
1053 4719 1141 4757 rex
1164 4698 1498 4787 Francorum
1521 4709 1897 4782 componenda!
1911 4712 2061 4780 pacis

1033 4778 1210 4844 gratia
1239 4778 1567 4832 rarrueniunt.

502 4902 507 4921 μ
580 4859 641 4919 lu
670 4862 853 4935 regnis
902 4862 1349 4923 Lothariensium
1396 4882 1610 4925 necnon
1642 4868 1982 4926 Francorum
2012 4871 2091 4927 si-

508 4954 926 5014 multationibus
945 4958 1152 5014 exortis
1173 4959 1924 5032 quamplurihus,imperator
1938 4962 2088 5019 Hen-

2196 4501 2427 4571 ideoque
2451 4498 2718 4571 protelare
2758 4499 2978 4553 volebat
3006 4512 3120 4552 sum
3144 4495 3407 4551 custodiat
3439 4493 3704 4560 ollicium,
3729 4494 3777 4547 si

2193 4595 2297 4649 sibi
2321 4591 2659 4665 permitteret
2686 4588 3007 4659 episcopus;
3040 4587 3137 4641 sed
3160 4584 3416 4656 quamvis
3436 4582 3689 4654 pontifex
3710 4584 3776 4638 de

2194 4682 2605 4756 imperfectione
2636 4679 2882 4751 liugouis
2929 4678 3165 4748 idipsum
3216 4676 3445 4732 sentiret
3475 4691 3602 4730 eum
3657 4674 3772 4727 An-

2193 4777 2348 4843 sello,
2400 4774 2620 4829 nolebat
2673 4780 2853 4826 tamen
2904 4772 3084 4841 ipsum
3133 4767 3389 4822 fraudari.
3427 4782 3461 4821 a
3518 4766 3772 4836 prmfiniti

2193 4867 2458 4938 temporis
2498 4864 2698 4935 spatio,
2737 4872 2940 4933 putans
2980 4862 3238 4932 juvenem
3287 4875 3384 4931 per
3425 4858 3771 4928 disciplinam

2192 4974 2350 5015 suam
2395 4956 2465 5011 ad
2505 4954 2750 5011 veritatis
2776 4954 2921 5008 viam
2944 4968 3105 5024 posse
3126 4951 3393 5018 revocari,
3435 4951 3485 5006 si
3510 4951 3772 5005 aeeitatis

508 5046 659 5103 ricus
681 5056 737 5102 et
760 5064 855 5104 rex
879 5048 1217 5109 Francorum
1246 5049 1517 5108 Henricus
1538 5060 1600 5107 ut
1618 5068 1715 5110 eas
1736 5055 1991 5111 sedarent
2017 5057 2086 5113 ad
2189 5066 2303 5107 suae
2318 5048 2627 5122 ignorantia
2647 5063 2677 5101 a
2693 5055 2845 5101 recto
2866 5046 3123 5102 deviaret.
3153 5043 3245 5100 Sic
3266 5044 3345 5099 sic
3367 5042 3629 5098 Ansellus
3651 5041 3771 5094 nul-

494 5139 838 5211 eolloquium
866 5151 1259 5210 convenerunt,
1277 5143 1370 5198 sed
1389 5142 1707 5214 imperfecta
1728 5159 1864 5213 pace
1880 5145 2088 5202 disees-
2187 5142 2401 5197 latenus
2424 5141 2716 5210 impetrare
2736 5139 2907 5192 valuit
2932 5151 3091 5207 prece
3110 5135 3195 5190 vel
3218 5134 3413 5205 pretio,
3448 5132 3585 5203 quin
3614 5130 3768 5203 nugo

504 5243 716 5291 serunt.
763 5234 875 5291 Nec
921 5237 1097 5292 multo
1139 5245 1266 5309 post
1293 5236 1562 5293 Henricus
1612 5236 1910 5305 imperator
1930 5253 2084 5307 μω·-
2187 5233 2595 5290 castellaturam
2621 5244 2776 5285 suam
2798 5229 3063 5299 reciperet
3083 5226 3141 5283 in
3175 5227 3269 5281 die
3288 5240 3408 5282 suo.
3435 5224 3770 5327 Adeptoim‘

2885 5317 3242 5340 ___L-__--_.I-
3293 5315 3470 5340 —-‘--—
3504 5315 3765 5340 ‘A—‘z-II-
