4022 5340
221 303 356 361 [173

1746 297 1927 357 VITA.

3351 298 3488 354 Mil

217 418 481 488 nefasque
518 415 886 484 confundens,
919 424 1045 487 post
1078 415 1375 487 pravitates
1411 415 1599 473 cordis
1629 415 1715 471 sui
1748 426 1805 472 et
1832 421 1880 479 Α
1909 413 2159 487 magistri
2189 413 2283 469 tali
2335 428 2401 470 ac
2452 422 2605 491 tanto
2632 413 2912 471 animatus
2949 415 3221 484 exemplo,
3263 414 3491 473 devotas

217 510 436 570 illicitas
481 510 790 578 voluptates
835 508 1086 580 graditur
1129 508 1248 565 sine
1292 518 1543 579 respectu
1593 509 1798 580 aliquo.

214 602 475 659 Potestne
499 608 808 671 respectum
833 600 1066 671 justitia
1090 594 1298 667 tenere,
1327 602 1422 671 qui
1475 601 1535 657 in
1580 601 1805 657 civitate

215 693 425 749 domini
449 693 538 748 sui
564 694 821 749 meliores
847 702 902 748 et
923 692 1153 749 ditiores
1179 694 1528 749 contumeliis
1569 701 1625 751 et
1658 694 1806 765 inju-

215 786 313 841 riis
360 783 647 849 alliciebat,
698 784 837 840 alios
891 784 1239 840 indemnatos
1282 792 1339 838 et
1390 784 1719 854 injudicatos
1749 785 1804 840 in

216 878 376 947 cippo
397 876 669 933 vilissimo
695 876 1035 932 includebat?
1060 873 1312 931 Villicum
1331 883 1385 930 ct
1405 876 1805 933 cubicularium

217 966 339 1035 ejus
385 967 844 1036 comprehensum
878 966 1123 1039 alligavit
1161 964 1391 1035 catenis,
1421 966 1661 1037 praedam
1685 968 1807 1039 ejus

222 1067 663 1128 cieterornmque
701 1059 903 1117 civium
925 1099 943 1123 ,
971 1058 1381 1117 contradicente
1412 1057 1636 1115 domino
1680 1074 1805 1127 suo,

217 1149 485 1206 violenter
526 1149 775 1209 abduxit.
815 1147 923 1204 Pro
961 1148 1050 1207 his
1072 1157 1126 1205 et
1152 1149 1278 1205 aliis
1317 1149 1638 1219 hujusmodi
1664 1167 1808 1223 saepe

219 1254 506 1312 correptus
550 1242 623 1297 ab
648 1242 931 1312 episcopo,
958 1251 1014 1298 et
1046 1241 1342 1298 emendare
1387 1243 1600 1311 nolens,
1627 1245 1721 1300 sed
1752 1244 1808 1300 in

218 1334 376 1405 pejus
418 1350 704 1401 corruens,
751 1334 1267 1391 cxcommunicatus
1290 1343 1381 1391 est
1405 1335 1477 1391 ab
1498 1351 1586 1392 eo.
1617 1336 1690 1391 At
1720 1336 1811 1392 ille

217 1435 273 1482 et
297 1428 402 1481 hoc
419 1426 585 1482 etiam
622 1426 977 1496 contempsit,
1013 1426 1332 1497 nullamque
1372 1426 1811 1484 misericordiam

220 1534 495 1588 quierens,
524 1518 593 1573 ad
616 1518 875 1573 comitem
911 1517 978 1572 de
1008 1516 1214 1574 Sancto
1234 1517 1503 1585 Quintino
1522 1519 1677 1585 abiit,
1709 1519 1813 1574 ibi-

220 1625 327 1680 que
375 1610 695 1680 aliquandiu
727 1618 980 1666 versatus
1008 1619 1126 1675 est,
1158 1610 1425 1680 quidquid
1466 1612 1596 1667 mali
1634 1613 1813 1683 potuit

221 1702 487 1757 adversus
514 1701 833 1772 episcopum
862 1709 918 1756 et
945 1702 1069 1771 ejus
1095 1701 1393 1759 Ecclesium
1418 1704 1564 1759 fecit.

722 1836 725 1841 .
793 1789 1024 1849 CAPUT
1073 1791 1235 1849 XLV.

228 1880 325 1939 Ubi
374 1884 513 1954 tiro
543 1882 643 1937 Dei
696 1900 792 1953 pro
836 1885 1105 1954 defunctis
1153 1885 1371 1940 silenter
1398 1889 1579 1943 oranti
1615 1892 1813 1945 animo!

479 1953 852 2024 defunctorum
892 1956 1269 2026 responderunt
1295 1972 1313 2010 .'
1343 1959 1540 2014 Amen.

297 2044 427 2101 Erat
452 2046 679 2102 domino
704 2047 948 2118 pontifici
980 2051 1323 2107 consuetudo
1352 2052 1636 2108 nocturnis
1657 2053 1813 2109 horis

226 2137 465 2193 civitatis
485 2139 748 2195 ecclesias
772 2155 899 2195 cum
927 2140 1045 2197 suis
1078 2140 1443 2199 familiaribus
1475 2144 1690 2200 clericis
1710 2162 1814 2203 nu-

225 2227 309 2287 dis
355 2227 590 2298 pedibus
634 2227 952 2297 circumire,
991 2241 1044 2287 et
1084 2230 1178 2287 Dei
1230 2233 1578 2291 clementiam
1627 2251 1726 2306 pro
1756 2250 1815 2293 se

227 2318 452 2390 suisque
480 2321 798 2392 suppliciter
820 2339 1069 2379 exorare.
1097 2323 1339 2396 Contigit
1367 2336 1527 2381 nocte
1555 2328 1813 2398 quadam,

226 2426 345 2480 qua:
374 2412 718 2482 prmcedebat
761 2424 1008 2469 sanctam
1050 2416 1193 2471 diem
1244 2416 1591 2487 Parasceves,
1625 2420 1818 2478 solitas

228 2502 492 2559 excubias
551 2520 841 2577 peragere,
891 2508 1154 2563 ecclesias
1199 2526 1420 2581 quoque
1470 2521 1526 2566 et
1576 2514 1816 2569 oratoria

230 2593 545 2661 circumire,
587 2606 641 2652 et
681 2586 926 2654 lustratis
965 2601 1087 2655 aliis
1115 2617 1239 2656 cum
1269 2603 1506 2659 venisset
1536 2605 1604 2659 ad
1630 2616 1813 2661 orato—

229 2685 429 2742 riolum
479 2688 752 2759 quoddam
792 2690 932 2746 intra
962 2692 1233 2751 civitatem
1282 2704 1681 2765 constructum,
1735 2700 1820 2752 in-

228 2785 494 2849 trausque
532 2782 907 2861 cmnietcrinm
940 2782 1051 2838 Deo
1076 2786 1487 2843 commendaret
1509 2789 1723 2845 animas
1744 2790 1818 2847 ibi

230 2869 642 2939 quiescentium
669 2885 722 2928 et
752 2875 996 2929 omnium
1036 2877 1276 2932 fidelium
1304 2878 1712 2949 defunctorum,
1748 2883 1819 2937 li-

231 2970 316 3017 cet
344 2963 593 3031 silenter,
642 2966 769 3021 licet
814 2982 1022 3033 secum,
1054 2970 1197 3024 sicut
1240 2986 1303 3025 ca
1343 2987 1451 3025 nox
1479 2952 1735 3041 habebat,
1766 2974 1818 3041 id

230 3052 460 3122 diceret,
519 3057 659 3111 mira
712 3058 832 3113 res!
885 3058 1109 3130 spiritus
1161 3059 1234 3115 ibi
1290 3063 1629 3132 sepultorum
1671 3065 1818 3121 clara

228 3161 360 3203 voce
386 3147 486 3218 qui
516 3149 743 3204 aderant
771 3150 1120 3208 audientibus
1148 3168 1313 3222 super
1339 3153 1461 3224 ejus
1486 3154 1819 3212 benedictio—

228 3329 304 3385 rei
335 3331 584 3387 novitate
612 3333 938 3402 perterritis,
974 3335 1192 3391 silentio
1225 3338 1329 3408 tegi
1360 3337 1605 3409 pontifex
1644 3336 1819 3413 petiit,

225 3423 369 3492 quod
399 3423 643 3493 pleniter
669 3425 965 3497 impetrare
994 3444 1102 3481 non
1134 3429 1323 3485 valuit.

796 3514 1026 3573 CAPUT
1067 3517 1251 3574 XLVI.

234 3604 353 3672 Qua
393 3608 461 3663 de
510 3609 943 3682 causarecclesia
995 3608 1181 3664 Sancti
1232 3610 1474 3682 sepulcri
1513 3630 1546 3668 a
1587 3612 1822 3671 Gerardo

617 3681 858 3751 episcopo
902 3689 1206 3735 constructa
1247 3681 1429 3752 fuerit.

303 3768 443 3826 Illud
477 3772 835 3827 oratoriolum
871 3769 980 3844 qua
1009 3773 1077 3828 de
1103 3789 1270 3829 causa
1306 3784 1681 3832 constructum
1715 3776 1828 3833 l‘ue-

234 3863 327 3930 rit,
372 3864 594 3934 plenius
642 3879 1029 3936 exsequemur.
1079 3864 1444 3937 Temporibus
1487 3868 1675 3923 domui
1720 3869 1826 3925 Ge-

235 3955 408 4021 rardi,
435 3964 642 4011 sanctae
669 3957 947 4012 memoriae
975 3958 1239 4029 episcopi,
1267 3959 1432 4033 hujus
1459 3960 1646 4018 domui
1681 3960 1826 4019 Liet-

236 4044 377 4103 berti
413 4047 857 4118 pmdccessoris,
886 4057 1076 4103 exorta
1116 4048 1290 4105 fames
1311 4050 1619 4119 Cameraei,
1658 4046 1752 4108 sed
1771 4063 1827 4110 et

236 4138 292 4193 in
329 4138 654 4211 regionibus
695 4139 1125 4212 circumquaque
1150 4141 1547 4213 adjaeeutibus,
1578 4144 1713 4199 adeo
1742 4145 1827 4201 in-

235 4231 430 4297 valuit,
480 4237 541 4285 ut
582 4232 936 4286 morientium
962 4248 1191 4303 corpora
1216 4248 1411 4303 capere
1445 4251 1553 4289 non
1583 4234 1826 4293 valerent

237 4322 556 4378 cmmeteria
601 4321 1015 4379 Cameracensis
1058 4322 1232 4378 urbis.
1276 4322 1470 4380 Incidit
1516 4326 1681 4398 igitur
1721 4329 1824 4400 ipsi

1907 506 2084 578 ipsius
2127 505 2398 577 primitias
2444 506 2797 565 laboraturus
2827 506 3077 572 intravit;
3124 516 3178 562 et
3225 508 3509 579 quoniam.

1904 615 2073 671 parva
2097 608 2216 655 erat
2240 599 2495 665 παιδεία,
2525 597 2785 654 intactam
2815 599 3056 668 reliquit,
3084 608 3140 654 et
3173 600 3331 669 juxta
3367 616 3494 658 eam

1905 692 2161 762 ampliori
2188 701 2245 747 et
2270 692 2483 748 meliori
2527 692 2809 747 schemate
2844 691 3240 747 monasterium
3270 694 3415 750 sicut
3435 694 3491 749 in

1904 782 2160 853 praesenti
2184 782 2435 856 cernitur
2458 780 2767 837 mdilicavit.
2800 778 2940 836 Huic
2968 789 3122 837 tanto
3152 782 3305 851 operi
3333 797 3495 838 exse.

1904 874 2127 945 quendo
2151 883 2534 946 cooperatores
2560 882 2616 929 et
2642 872 2926 928 ministros
2947 874 3230 929 constituit
3257 874 3495 930 domnus

1905 966 2151 1038 pontifex
2180 982 2280 1025 eos
2327 982 2469 1038 quos
2511 966 2567 1021 in
2608 966 3055 1037 peregrinatione
3098 964 3493 1039 Hierosolymi-

1904 1061 2022 1116 tani
2059 1060 2272 1117 itineris
2320 1059 2707 1115 adnotavimus
2752 1056 2924 1114 fuisse
2966 1057 3172 1123 socios,
3227 1057 3493 1114 domuum

1907 1151 2259 1209 Walehcrum
2284 1149 2735 1207 archidiaconum
2760 1148 3039 1216 videlicet,
3069 1156 3125 1203 et
3144 1147 3499 1218 Erleboldunr

1902 1244 2147 1316 judicem
2177 1243 2417 1308 civitth
2445 1250 2502 1298 et
2525 1242 2863 1298 ministrum.

2438 1354 2670 1411 CAPUT
2707 1353 2941 1409 XLVIII.

1910 1426 2259 1499 Comparatio
2289 1427 2490 1498 Hoysis
2517 1418 2569 1482 et
2599 1425 2874 1550 Lie‘tlberti,
2902 1435 2954 1481 et
2986 1435 3386 1498 cooperatorum
3406 1443 3503 1485 eo-

2568 1515 2683 1550 rum
2727 1513 2833 1550 um.

2568 1513 2833 1551 rumaum.

1979 1588 2024 1646 O
2051 1590 2270 1663 Moysen
2297 1591 2574 1646 sanctum!
2608 1605 2641 1644 ο
2671 1588 2895 1661 Moysen
2917 1605 3079 1660 super
3107 1607 3300 1647 omnes
3320 1592 3501 1652 bomis

1800 1722 1817 1733 .
1912 1696 2011 1739 nes
2040 1683 2424 1753 qui-habitant
2469 1682 2522 1737 in
2573 1691 2719 1736 terra
2769 1681 3150 1738 mitissimum!
3196 1700 3230 1739 ο
3277 1684 3499 1757 Moysen

1841 1780 1886 1841 Β
1913 1775 2269 1831 constitutum
2301 1775 2356 1830 in
2396 1772 2664 1830 foramine
2700 1782 2869 1845 petra:
2911 1790 3007 1845 per
3037 1776 3183 1846 quod
3222 1777 3502 1841 descendit

1913 1882 2153 1937 sponsus
2175 1866 2231 1920 in
2256 1866 2475 1921 hortum
2500 1882 2683 1932 suum,
2710 1874 2769 1920 ut
2786 1866 3037 1923 comedat
3058 1867 3295 1923 fructum
3317 1883 3505 1945 pomo,

1912 1974 2035 2014 rum
2061 1959 2321 2014 suorum!
2357 1974 2390 2013 o
2412 1957 2633 2030 Moysen
2670 1957 3045 2014 fuléliSCimum
3093 1959 3149 2014 in
3186 1968 3301 2015 tota
3340 1961 3505 2019 domo

1913 2047 2133 2105 Domini
2158 2048 2268 2116 sui,
2300 2064 2410 2104 non
2449 2048 2543 2119 qui
2588 2059 2885 2118 componat
2912 2050 3325 2107 tabernaculum
3354 2052 3502 2122 quod

1915 2139 2357 2207 circumferatur,
2374 2141 2467 2197 sed
2489 2141 2584 2212 qui
2605 2140 2835 2196 aedificet
2859 2141 3082 2196 domum
3107 2159 3271 2213 supra
3295 2154 3505 2214 petram

1915 2250 2038 2303 quae
2077 2233 2228 2288 nullo
2274 2232 2494 2288 turbine
2526 2241 2830 2288 moveatur.
2871 2231 3099 2289 Vocavit
3146 2234 3412 2292 Dominus
3437 2236 3508 2292 ad

1916 2322 2139 2396 Moysen
2163 2323 2401 2385 Beseleel
2424 2333 2478 2379 et
2497 2322 2688 2381 Ooliab
2710 2324 2954 2380 eruditos
2976 2324 3028 2378 in
3053 2327 3202 2381 omni
3222 2326 3505 2385 fabrorum

1917 2425 1972 2473 et
2012 2416 2302 2472 textricum
2328 2417 2558 2473 scientia
2601 2415 2800 2488 (Ετοιι.
2833 2433 2985 2484 xxx',
3008 2417 3097 2488 2);
3137 2418 3285 2473 dedit
3303 2420 3508 2477 domno

1919 2508 2195 2565 Lictberto
2218 2507 2572 2564 Walcherum
2617 2517 2671 2563 ct
2713 2508 3081 2575 Erlcboldum,
3114 2511 3307 2580 plenos
3328 2510 3433 2566 fide
3454 2511 3512 2570 et
3550 2508 3555 2509 γ

1921 2600 2213 2659 industria.
2241 2599 2434 2656 Vocati
2458 2609 2588 2656 sunt
2609 2601 2685 2655 illi
2708 2600 2803 2671 qui
2826 2610 3158 2672 componant
3184 2601 3511 2658 tabernacu¢

1921 2693 2032 2747 lum
2057 2709 2198 2748 arca:
2237 2692 2462 2749 fcederis
2486 2709 2552 2748 ex
2583 2694 2784 2748 tabulis
2814 2693 3071 2764 lapideis;
3104 2694 3216 2748 dati
3263 2703 3393 2750 sunt
3419 2695 3512 2750 isti

1921 2785 2015 2855 qui
2043 2785 2309 2840 aedificent
2333 2785 2593 2855 templum
2625 2782 2847 2840 Christo
2868 2793 2923 2839 et
2942 2785 3062 2856 ejus
3095 2784 3387 2855 Genitrici;
3433 2786 3513 2841 illi

1924 2876 2245 2946 sculpebant
2273 2876 2486 2932 subulis
2508 2886 2561 2931 et
2589 2876 2764 2932 acutis
2793 2876 2998 2946 lapides
3029 2875 3392 2944 inanimatos;
3420 2877 3515 2941 isti

1923 2968 2324 3038 componebant
2338 2969 2809 3040 elecmosyuarnm
2834 2968 3082 3040 largitate
3095 2969 3302 3040 lapides
3322 2971 3477 3028 vivos
3492 2989 3511 3039 ;

1926 3059 2001 3114 ibi
2039 3059 2403 3116 detrahebant
2442 3060 2610 3130 pelles
2637 3060 2916 3115 hircorum
2958 3070 3053 3117 aut
3080 3063 3397 3137 vitulorum,
3422 3065 3518 3121 hic

1847 3120 1893 3184 ε
1924 3151 2277 3221 deponuntur
2301 3120 2559 3223 lacrvmis
2587 3159 2643 3206 et
2671 3124 3096 3222 compunctione
3119 3153 3299 3210 cordis
3323 3120 3520 3213 sordes

229 3254 351 3293 nem
394 3240 807 3310 responderunt
838 3261 850 3297 :
884 3241 1073 3299 Amen.
1110 3242 1468 3315 Stupentibus
1495 3249 1736 3316 cunctis,
1767 3259 1851 3306 et-

1922 3252 2303 3313 peccatorum;
2346 3243 2423 3298 ibi
2463 3243 2824 3298 adolebantnr
2862 3244 3023 3300 calidi
3066 3260 3237 3315 panes
3263 3248 3520 3319 proposi—

1925 3332 2215 3398 tionis,hic
2227 3333 2600 3403 apostolorum
2621 3341 2678 3387 et
2700 3342 3003 3405 martyrum
3025 3336 3234 3391 redolet
3257 3340 3515 3410 sanguis;

1925 3424 2002 3481 ibi
2062 3431 2411 3479 remanentes
2461 3438 2657 3479 carnes
2681 3432 2995 3479 voratarum
3025 3426 3293 3495 pecudum
3336 3429 3524 3484 trade-

1923 3515 2126 3573 bantur
2167 3514 2300 3586 igni,
2340 3515 2429 3571 hic
2458 3515 2836 3571 iuserutabilia
2866 3515 3076 3586 judicia
3106 3516 3201 3572 Dei
3230 3534 3516 3575 reservan-

1926 3616 2017 3664 tu-r
2038 3617 2231 3663 sancto
2262 3604 2520 3677 Spiritui;
2576 3607 2651 3662 ibi
2689 3623 2890 3664 manna
2914 3609 3236 3664 servabatur
3262 3610 3316 3665 in
3362 3613 3523 3671 testi—
3566 3658 3576 3661 μ

1926 3700 2173 3760 monium
2196 3698 2437 3771 perﬁdiae
2455 3697 2793 3765 Iudaeorum,
2826 3699 2915 3754 hic
2955 3709 3368 3758 sacrosanctum
3393 3717 3519 3758 cor-

1925 3807 2030 3863 pus
2041 3790 2247 3849 Christi
2269 3790 2507 3847 sumitur
2529 3791 2583 3845 in
2599 3790 2831 3846 salutem
2852 3791 3051 3847 animae
3064 3802 3121 3848 et
3135 3794 3518 3851 remissionem

1925 3889 2299 3951 peccatorum.
2351 3880 2602 3952 Cumque
2648 3880 2885 3937 domnus
2935 3882 3180 3952 pontifex
3231 3886 3518 3942 ascivisset

1928 3972 2033 4029 sibi
2087 3973 2239 4029 viros
2292 3973 2583 4044 pmdietos
2629 3982 3014 4045 cooperatores
3062 3984 3119 4031 et
3169 3978 3521 4036 consiliarios

1928 4064 2110 4136 operis
2132 4065 2655 4137 insumpti,tradidit
2674 4066 2782 4123 illis
2804 4082 2916 4123 non
2939 4068 3119 4123 solum
3139 4085 3263 4140 qua:
3284 4070 3520 4128 habebat

1928 4156 1984 4212 in
2007 4156 2174 4212 domo
2197 4157 2333 4212 etin
2374 4159 2613 4226 civitate,
2646 4159 2743 4215 sed
2779 4167 2836 4213 et
2876 4159 2932 4214 in
2970 4160 3122 4216 omni
3165 4163 3524 4231 possessione

1929 4262 2027 4301 sua
2051 4248 2117 4301 ad
2140 4246 2450 4303 faciendum
2473 4264 2631 4320 opus.
2648 4248 2745 4307 lsti
2768 4250 3029 4320 quoniam
3045 4251 3304 4307 dominus
3323 4267 3521 4308 eorum
3574 4263 3581 4270 ‘

1880 4388 1885 4393 .
1929 4338 2142 4407 magnis
2189 4337 2451 4408 pontificii
2498 4339 2683 4395 causis
2726 4348 2845 4395 erat
2890 4340 3228 4412 implicitus,
3271 4343 3525 4413 quotidie

237 4413 447 4469 domno
473 4412 718 4469 Gerardo
738 4414 1064 4469 rationabile
1086 4415 1411 4483 consilium,
1432 4425 1495 4472 ut
1515 4428 1668 4473 extra
1698 4436 1822 4475 mu-
1858 4464 1904 4521 Β
1930 4428 2211 4484 instabant
2251 4430 2437 4500 operi,
2480 4430 2657 4488 donec
2700 4432 2945 4504 ipsorum
2978 4412 3362 4505 sollicitudine,
3401 4433 3529 4493 Deo
3563 4455 3566 4458 ’

236 4520 333 4562 τος
367 4506 608 4562 civitatis
634 4505 816 4563 fodere
850 4505 1051 4562 faceret
1074 4507 1456 4579 polyandrium
1481 4507 1574 4582 [Id
1594 4520 1693 4577 est,
1724 4528 1829 4567 ςω-
1859 4505 1902 4521 ν
1930 4522 2025 4594 qui
2053 4538 2218 4579 verus
2241 4532 2325 4579 est
2346 4522 2546 4594 opifex,
2569 4524 2899 4581 concedente
2925 4525 3120 4598 (9),,,,.

239 4598 582 4670 meierium],
609 4600 755 4670 quod
790 4600 1031 4671 receptui
1065 4597 1203 4655 foret
1232 4607 1313 4656 tot
1338 4604 1663 4672 corporibus
1696 4619 1826 4660 con-

238 4688 550 4746 dendorum
590 4707 891 4761 pauperum
917 4691 1107 4762 :jnxta
1137 4707 1300 4762 quem
1326 4692 1508 4748 locum
1538 4696 1826 4751 ecclesiam

239 4790 433 4852 postea
478 4781 532 4835 in
587 4782 797 4838 honore
845 4781 1111 4839 Dominici
1171 4785 1406 4853 sepulcri
1457 4796 1827 4843 constructam

241 4874 618 4941 consecravit,
650 4884 711 4930 ut
744 4883 968 4946 propter
1008 4877 1370 4931 reverentiam
1400 4878 1539 4933 tanti
1588 4882 1830 4937 nominis

243 4965 525 5036 sepultura
560 4965 638 5020 ibi
675 4975 822 5023 esset
847 4967 1178 5036 pauperibus
1206 4975 1261 5022 et
1297 4970 1632 5041 peregrinis;
1659 4988 1825 5041 quam

244 5066 556 5128 temporum
595 5059 810 5114 labente
847 5059 1123 5115 curriculo
1147 5060 1281 5114 dum
1327 5060 1619 5118 meliorare
1643 5063 1829 5132 dispo-

244 5156 421 5216 neret,
455 5148 659 5206 diurno
702 5148 887 5205 fessus
914 5150 1068 5206 senio
1097 5147 1391 5209 defunctus
1424 5162 1508 5209 est
1546 5153 1613 5208 ll
1648 5150 1827 5210 Martii

250 5239 389 5296 1048
409 5239 509 5302 (8).

2495 4637 2727 4695 CAPUT
2756 4639 2946 4696 XLlX.

1932 4706 2088 4790 Quod
2100 4724 2268 4790 super
2296 4708 2594 4790 dedicanda
2609 4708 2795 4790 S_anct_i
2810 4710 3054 4790 Sepulcri
3064 4717 3289 4790 ecclesia
3308 4717 3525 4786 spiram

2003 4777 2138 4832 lucis
2169 4777 2320 4856 ignea
2345 4779 2411 4835 de
2437 4779 2566 4834 caelo
2600 4782 2713 4836 visa
2742 4783 2812 4835 sit
2854 4777 3159 4856 pependisse
3196 4794 3309 4856 tota
3335 4777 3522 4856 uocte;

2003 4860 2053 4905 et
2088 4849 2228 4920 quod
2261 4864 2374 4904 nu
2400 4861 2709 4906 sanctorum
2742 4849 2964 4923 corpora
2994 4853 3066 4907 ibi
3094 4854 3201 4907 sint
3231 4855 3426 4914 allata.

2005 4941 2163 5011 Quod
2187 4944 2533 5016 congregatis
2561 4947 2733 5001 totius
2766 4944 3021 5002 ditecesis
3051 4960 3163 4999 sua:
3202 4957 3525 5007 sanctorum

1935 5032 2263 5106 corporibus
2290 5046 2620 5108 martyrum,
2646 5034 3028 5093 confessorum
3069 5049 3133 5089 ac
3156 5035 3436 5105 virginum
3467 5042 3529 5097 in

1938 5125 2164 5188 nomine
2195 5122 2416 5182 Domini
2458 5124 2587 5181 Jesu
2622 5125 2828 5181 Christi
2859 5134 2913 5180 et
2943 5122 3208 5179 memoria
3231 5129 3412 5194 sancti
3444 5147 3534 5186 se.

1940 5215 2120 5297 pulcri
2145 5213 2284 5284 ejus,
2306 5224 2363 5270 et
2389 5216 2561 5273 beatae
2587 5222 2641 5270 ct
2669 5214 2925 5286 gloriosae
2946 5225 3273 5281 semperque
3303 5218 3537 5290 virginis
