4022 5340
1503 261 1563 321 S.
1605 259 1968 320 LIETBERTI
2005 255 2535 318 CAMERACENSIS
2571 255 2788 313 EPISC.

498 392 706 447 nacbos
735 387 912 445 eidem
943 387 1064 444 loco
1100 382 1421 456 assignavit,
1462 395 1572 438 non
1599 391 1809 436 tantum
1842 388 2081 443 mortuo,
2116 380 2163 436 A
2188 374 2352 432 ctioui
2404 376 2548 430 sicut
2574 374 2801 430 decebat
2826 369 3091 427 interfuit.
3132 370 3316 442 Ipsum
3357 367 3613 440 profecto
3637 384 3778 440 pra:-

501 483 592 535 :m-I
640 482 887 551 regnanti
934 481 987 534 in
1037 478 1191 534 caelis
1226 476 1468 542 Christo,
1503 474 1734 547 mystica
1776 468 2087 528 orationum
2192 469 2372 524 dictus
2400 466 2846 536 archiepiscopus
2884 462 3216 520 omnimodis
3248 461 3509 533 diligebat
3570 470 3627 516 et
3680 478 3778 517 su-

508 582 781 641 angucuta
824 572 1187 628 exbibituros.
1229 567 1371 623 Huic
1421 577 1625 623 sancta:
1661 562 2087 627 consecrationi,

508 676 563 719 ut
591 684 649 722 se
670 666 909 721 caelestis
941 664 1181 733 potentia
1212 663 1267 716 in
1302 661 1499 715 virtute
1530 654 1990 714 ‘sanctiﬁcationis
2020 656 2089 709 li-

505 775 593 827 qu:
615 766 813 813 sceret.
845 755 1115 819 adfuisSe,
1173 743 1461 809 visibiliter
1519 750 1915 807 demonstravit
1948 766 1960 801 :
1996 762 2093 817 per

508 857 682 903 totum
727 849 904 903 noctis
962 846 1199 917 spatium
1267 859 1391 914 qua:
1443 851 1646 897 sanctae
1700 834 2093 895 benedictionis

508 940 845 1011 praecedebat
865 940 1030 1005 diem,
1059 954 1223 1011 super
1246 937 1425 1007 ipsum
1453 933 1851 995 monasterium
1879 932 2093 1002 sphaera

509 1032 649 1087 lucis
688 1031 747 1085 in
791 1031 1014 1084 modum
1059 1044 1277 1083 corona:
1323 1021 1539 1083 coalitus
1570 1024 1789 1080 emissae
1817 1021 2090 1094 pependit,

508 1120 754 1194 profecto
781 1122 894 1192 jam
938 1119 1279 1191 signiﬁcante
1315 1119 1427 1174 Deo
1469 1133 1569 1189 pro
1609 1118 1715 1173 hoc
1740 1115 1943 1171 laboris
1986 1114 2092 1168 im-

509 1212 707 1282 pendio
728 1210 1064 1266 Lietbertum
1088 1209 1402 1282 pontiﬁcem
1428 1207 1820 1268 miser'nordiae
1833 1220 2094 1275 coronam

509 1313 882 1375 accepturum.
930 1302 1044 1358 IIoc
1074 1301 1391 1359 incredibile
1429 1300 1701 1356 videbitur
1742 1299 1824 1353 eis
1851 1297 1946 1368 qui
1985 1312 2094 1352 non

510 1396 739 1451 credunt
758 1395 943 1450 omnia
972 1394 1251 1464 possibilia
1276 1392 1649 1458 credentibus;
1691 1390 1787 1445 sed
1822 1405 1889 1444 ne
1912 1389 2002 1444 eui
2027 1388 2096 1443 ad

511 1487 950 1542 incredulitatem
1016 1486 1333 1554 scrupulum
1398 1490 1634 1548 moveat,
1682 1482 1902 1537 testium
1940 1495 2098 1535 vera-

512 1578 659 1633 cium
707 1578 970 1632 relatione
1014 1575 1306 1642 defendor;
1340 1575 1455 1645 ipsa
1494 1587 1714 1643 quoque
1737 1571 1952 1626 Veritas
1980 1571 2096 1625 suis

513 1667 765 1723 fidelibus
790 1666 1062 1737 promittit
1091 1666 1280 1721 dicens
1315 1684 1327 1720 :
1364 1663 1565 1735 Siquis
1597 1663 1726 1717 mihi
1757 1662 2092 1716 ministrare—

2190 574 2287 630 per
2313 572 2506 613 omnes
2544 556 2863 626 metropolis
2897 569 3011 611 sua:
3030 555 3317 626 episcopos
3339 554 3709 610 venerabatur
3724 564 3784 609 et

2192 651 2423 707 colebat.

2790 759 3021 815 CAPUT
3061 731 3170 814 LII.

2198 831 2377 908 Ubi'in
2392 830 2546 907 'cazna
2571 850 2788 905 Domini
2810 850 2874 904 ab
2898 851 3287 921 archiepiscopo
3307 849 3491 904 divina
3527 850 3783 920 mysteria

2664 922 2927 977 celebrare
2947 921 3299 992 supplicatur.

2211 1062 2215 1066 .
2263 1014 2476 1070 Accidit
2526 1014 2580 1068 in
2621 1027 2732 1069 una
2768 1012 2959 1083 quinta
2997 1012 3134 1068 feria
3162 1012 3390 1084 majoris
3417 1012 3783 1068 hebdomadas

2169 1094 2317 1178 qua:
2344 1114 2597 1162 sanctum
2644 1103 2857 1161 Pascha
2903 1104 3181 1176 praecedit,
3229 1100 3499 1160 infulatus
3557 1105 3783 1177 pontiﬁ-

2194 1200 2405 1256 calibus
2440 1199 2695 1271 insigniis
2728 1199 3175 1270 archiepiscopus
3198 1199 3328 1254 dum
3355 1199 3679 1269 procederet
3698 1216 3789 1255 sa-

2195 1294 2486 1347 crosancta
2539 1290 2833 1345 missarum
2890 1290 3153 1346 solemnia
3207 1290 3481 1345 celebrare
3505 1332 3521 1358 ,
3567 1291 3788 1361 prospis

2195 1383 2347 1440 ciens
2378 1384 2514 1438 vidit
2556 1390 2825 1438 astantem
2843 1383 3105 1438 domuum
3147 1390 3398 1439 nostrum
3449 1381 3789 1437 Liettertum

2194 1473 2526 1545 pontiﬁcem;
2559 1489 2672 1545 quo
2695 1473 2815 1529 viso
2841 1473 3102 1540 substitit,
3131 1482 3547 1544 retrorsumque
3569 1474 3791 1529 rediens

2195 1566 2396 1637 quibus
2431 1572 2553 1621 erat
2587 1564 2853 1620 infulatus
2889 1564 3138 1636 iusigniis
3168 1564 3407 1631 exuitur,
3449 1572 3505 1619 et
3529 1566 3676 1636 quod
3709 1581 3795 1620 eeo

2195 1658 2506 1713 lebraturus
2544 1665 2664 1713 erat
2704 1664 3110 1713 sacramentum
3158 1656 3477 1727 suppliciter
3522 1659 3789 1713 domuum

513 1760 605 1825 rit,
648 1758 1020 1827 honoriﬁcabit
1051 1774 1169 1811 eum
1205 1756 1374 1811 Pater
1418 1773 1562 1810 meus
1613 1754 1794 1827 (Joan.
1848 1770 1946 1821 xu,
1981 1753 2096 1823 26),
2133 1739 2173 1794 Β
2202 1749 2536 1805 Lietbertum
2599 1757 2757 1821 rogat
2805 1749 3122 1816 celebrare;
3171 1749 3316 1820 quod
3367 1750 3459 1804 vix
3494 1750 3793 1820 impetrare

516 1849 660 1903 unde
694 1847 968 1903 credimus
995 1848 1067 1902 ibi
1092 1862 1201 1902 non
1230 1846 1469 1923 defuisse
1491 1844 1671 1900 Patris
1694 1846 1981 1909 honorem,
2004 1843 2097 1898 ubi

514 1944 598 1991 tot
628 1944 941 1991 sanctorum
978 1950 1208 2005 corpora
1245 1943 1513 1990 conventa
1544 1933 1779 1989 fuerant.
1812 1932 2019 2004 Viginti
2047 1941 2101 1988 et

514 2027 625 2081 duo
647 2026 904 2081 dicuntur
930 2024 1205 2091 adfuisse;
1230 2039 1467 2094 quorum
1492 2024 1713 2078 nomina
1730 2038 1797 2077 ne
1819 2022 2100 2093 prolixitas

515 2115 795 2172 fastidium
844 2123 1084 2185 generet,
1153 2114 1457 2168 omittimus
1513 2114 1792 2179 scribere,
1844 2116 2101 2166 caeterum

518 2205 660 2259 scire
687 2204 934 2259 volentes
968 2220 999 2258 a
1032 2219 1092 2258 se
1148 2203 1282 2274 ipsis
1318 2211 1574 2274 poterunt
1600 2203 1872 2272 colligere.
1905 2203 2101 2257 Actum

517 2307 572 2354 et
594 2306 972 2354 consecratum
996 2296 1294 2352 Dominicte
1324 2296 1724 2352 Incarnationis
1754 2309 1898 2349 anno
1921 2295 2100 2349 mille--

517 2389 661 2443 simo
688 2387 1027 2459 sexagesimo
1072 2396 1292 2457 quarto,
1328 2386 1627 2441 indictione
1668 2384 1926 2451 secunda,
1957 2400 2102 2442 armo

519 2494 740 2549 quoque
786 2479 1136 2548 pontiﬁcatus
1165 2477 1350 2533 domui
1396 2476 1571 2532 nostri
1618 2485 1673 2531 et
1708 2476 1925 2545 patroni
1955 2474 2102 2529 Lict-

518 2570 661 2625 berti
685 2585 794 2636 xxv,
828 2567 1015 2625 Romae
1040 2568 1363 2639 praesidente
1391 2584 1530 2639 papa
1551 2567 1881 2622 Alexandro.

1042 2755 1046 2758 .
1143 2700 1372 2756 CAPUT
1412 2701 1474 2755 L.
1536 2752 1541 2759 .

521 2794 675 2862 Quod
714 2785 1003 2850 cwtiobium
1045 2795 1189 2848 intra
1227 2793 1409 2848 urbem
1448 2810 1599 2847 mura
1634 2792 1917 2856 inclusum,
1946 2805 2105 2845 etsu—

589 2866 847 2939 pradicta‘
872 2865 1097 2939 ecclesia
1138 2866 1194 2917 in
1235 2865 1486 2917 honorem
1526 2865 1699 2917 sancti
1739 2862 1958 2916 Nicolai
1981 2877 2105 2915 con-

591 2937 798 2992 secrata
820 2937 1002 3007 fuerit.

591 3028 660 3083 Et
688 3043 755 3083 ne
791 3026 1185 3082 monasterium
1229 3033 1391 3101 extra
1423 3023 1660 3079 civitatis
1697 3023 1963 3078 ambitum
2017 3039 2107 3078 re-

522 3128 786 3185 maneret,
835 3119 1164 3173 studuerunt
1203 3116 1466 3186 ampliare
1512 3116 1737 3182 mteuia,
1761 3115 2106 3171 circumdan-

523 3222 606 3269 tes
653 3227 816 3285 omne
857 3210 991 3275 illud
1016 3209 1349 3264 monasterii
1394 3207 1684 3264 adiﬁcium
1717 3207 1859 3262 vallo
1880 3215 1935 3262 et
1959 3206 2107 3264 fossa

524 3320 650 3360 cum
697 3303 914 3359 civitate
943 3311 1076 3357 tota.
1115 3299 1271 3367 Quod
1319 3300 1534 3355 duabus
1579 3316 1648 3356 ex
1676 3300 1861 3355 causis
1907 3314 2001 3355 eos
2030 3300 2111 3355 fe-

523 3401 667 3456 cisse
695 3407 952 3455 constat:
993 3405 1056 3454 ut
1100 3397 1294 3453 civitas
1350 3395 1707 3467 amplioribus
1756 3390 2000 3452 adiﬁciis
2056 3403 2112 3450 et

523 3493 776 3564 plurimis
847 3489 1249 3547 habitatoribus
1308 3488 1720 3554 nobilitaretur,
1779 3495 1835 3546 et
1901 3487 2110 3542 circum

527 3595 814 3645 manentes
851 3587 954 3658 ipsi
1008 3588 1132 3642 loco
1165 3585 1404 3641 civitatis
1443 3584 1701 3639 ﬁrmitate
1743 3584 2108 3639 munirentur.

526 3679 830 3737 Ecclesium
870 3696 1018 3747 vero,
1054 3670 1220 3750 quam
1250 3678 1491 3734 diximus
1525 3664 1794 3733 mansisse
1828 3662 2112 3742 intactam,

527 3782 720 3845 postea
769 3775 1067 3828 multorum
1128 3772 1343 3826 labente
1378 3758 1691 3841 temporum
1741 3785 1907 3825 cursu
1963 3768 2116 3823 Wal-

526 3875 679 3922 terus
717 3866 829 3935 (10)
877 3865 1046 3919 abbas
1076 3863 1323 3932 ejusdem
1355 3862 1483 3925 loci,
1521 3860 1786 3932 quoniam
1819 3861 1988 3916 nimia
2017 3876 2114 3916 ve-

2200 1843 2369 1900 valuit
2393 1860 2406 1897 :
2444 1845 2580 1912 qua
2601 1856 2689 1897 res
2717 1842 2933 1898 cunctis
2956 1842 3052 1911 qui
3078 1844 3306 1896 aderant
3344 1842 3396 1896 in
3429 1858 3555 1897 eum
3578 1858 3795 1914 magna:

2199 1932 2574 1988 venerationis
2596 1947 2764 1987 causa
2787 1931 2909 1986 fuit.

2792 2024 3022 2081 CAPUT
3062 2025 3195 2080 LIII.

2243 2117 2343 2172 Ubi
2367 2117 2609 2189 Hugonis
2655 2118 3002 2187 municipium
3057 2115 3418 2188 Porgit'allem
3473 2116 3756 2173 subuertit.

2274 2213 2390 2271 Hoc
2451 2222 2762 2286 temporum
2808 2213 3085 2270 curriculo
3133 2213 3424 2284 praedictus
3483 2211 3643 2286 Hugo
3684 2213 3795 2269 Ca‘

2202 2308 2506 2364 meracensi
2544 2323 2685 2380 pago
2732 2323 2841 2363 non
2882 2307 3101 2378 longius
3143 2322 3176 2361 a
3213 2306 3434 2363 civitate
3488 2322 3658 2377 quam
3692 2307 3797 2361 deo

2203 2416 2322 2457 cem
2371 2401 2697 2457 milliaribus
2741 2401 2883 2472 apud
2911 2401 3204 2472 quemdam
3231 2411 3238 2418 '
3266 2401 3468 2468 locum,
3509 2399 3799 2472 Porgival-

2203 2494 2311 2549 lem
2353 2494 2581 2561 dictum,
2608 2494 2964 2565 municipium
2995 2493 3249 2561 ﬁrmavit,
3271 2494 3327 2547 in
3345 2495 3492 2563 quod
3522 2493 3797 2549 introiens

2208 2601 2332 2641 cum
2380 2586 2710 2643 satellitibus
2771 2586 2888 2642 suis
2933 2601 3023 2640 res
3061 2585 3270 2640 vicinas
3310 2585 3635 2640 devastabat
3677 2584 3800 2655 cpi—

2170 2700 2173 2705 “
2211 2679 2383 2749 scopi.
2410 2675 2526 2734 Ποο
2550 2678 2839 2750 episcopus
2867 2679 2961 2735 diu
3000 2676 3144 2734 ferre
3179 2694 3289 2733 non
3324 2679 3522 2748 potuit,
3554 2679 3650 2734 sed
3676 2680 3802 2734 col-

2208 2772 2379 2827 lectos
2416 2771 2627 2843 equites
2654 2778 2709 2824 et
2736 2770 2945 2841 pedites
2973 2769 3103 2826 illuc
3128 2769 3327 2823 direxit
3381 2770 3798 2841 amunicipium

2206 2864 2420 2918 assultu
2457 2860 2802 2933 opprimitur,
2842 2869 2897 2916 et
2937 2861 3059 2931 igne
3089 2875 3412 2916 succensum
3458 2860 3528 2916 ad
3583 2869 3796 2917 terram

2206 2959 2611 3030 prosternitur:
2642 2958 2830 3029 sicque
2851 2959 3007 3013 locus
3042 2958 3131 3013 ille
3162 2974 3194 3014 a
3227 2959 3552 3014 satellitibus
3595 2975 3799 3014 emun-

2132 3081 2178 3145 ο
2208 3051 2386 3106 datur.
2414 3049 2569 3121 Hugo
2596 3064 2822 3105 suorum
2848 3049 3103 3118 spelunca
3131 3049 3389 3119 praedicta
3417 3049 3593 3120 [deest
3613 3049 3800 3103 diruta

2208 3152 2303 3199 aut
2323 3143 2454 3214 quid
2494 3140 2698 3214 simile]
2739 3141 2868 3196 alibi
2911 3142 3152 3207 divertit,
3191 3142 3523 3212 praedasque,
3551 3152 3610 3197 et
3656 3145 3798 3199 mala

2208 3236 2443 3307 plurima
2469 3235 2522 3288 in
2543 3234 2864 3304 episcopum
2898 3233 3167 3303 repetivit.
3202 3231 3298 3289 His
3315 3243 3369 3289 et
3392 3234 3518 3289 aliis
3544 3235 3801 3304 pluribus

2210 3325 2527 3381 infortuniis
2564 3339 2674 3379 non
2715 3322 3067 3397 frangebatur
3108 3324 3267 3380 miles
3292 3323 3520 3392 Christi,
3558 3327 3659 3381 sed
3699 3343 3801 3397 pa-

2209 3420 2408 3476 tienter
2430 3419 2612 3474 omnia
2636 3417 2836 3484 ferens,
2868 3418 3233 3474 meditabatur
3250 3419 3489 3490 qualiter
3514 3421 3693 3492 ipsius
3720 3422 3804 3476 in.

2213 3511 2361 3565 solen
2371 3512 2501 3565 tiam
2523 3510 2918 3566 contunderct:
2945 3511 3092 3580 quod
3113 3519 3168 3565 et
3190 3509 3338 3565 fecit.

2496 3616 2499 3617 ν
2795 3622 3024 3679 CAPUT
3062 3623 3195 3679 LIV.

2219 3714 2320 3771 Ubi
2354 3714 2510 3787 Hugo
2549 3713 2775 3787 absolvi
2798 3731 2901 3769 non
2949 3723 3176 3787 meretur
3215 3716 3319 3769 nisi
3354 3716 3504 3786 prius
3542 3716 3719 3787 faciat
3741 3733 3801 3771 ea

2568 3802 2688 3857 qua
2712 3785 2776 3839 ab
2798 3787 3039 3856 episcopo
3063 3785 3430 3840 decernuntur.

2287 3875 2418 3932 Post
2457 3876 2577 3932 haec
2596 3874 2752 3948 Ilugo
2772 3877 3066 3947 quamdam
3090 3876 3325 3947 puellam
3350 3875 3524 3931 Adam
3554 3876 3619 3950 [τ.
3644 3878 3801 3934 Alam

526 3969 726 4017 tustate
751 3961 1054 4026 decidebat,
1091 3958 1355 4030 ampliare
1381 3954 1987 4043 meliorandostuduit,
2018 3958 2117 4013 ad?-
2216 3969 2302 4023 γει
2324 3967 2573 4040 Addam]
2613 3968 2856 4035 nomine,
2890 3977 3106 4038 neptem
3140 3968 3391 4024 videlicet
3410 3968 3695 4027 Richeldis
3715 3985 3805 4027 ω.

526 4054 766 4125 ditisque
798 4051 1129 4108 Sanctorum
1158 4032 1482 4123 pignoribus
1525 4032 1851 4106 memoriam
1881 4050 2117 4108 sanctis-

526 4146 656 4203 simi
700 4144 908 4202 Nicolai
942 4144 1143 4200 ibidem
1185 4144 1490 4201 constituit.

1152 4256 1382 4314 CAPUT
1422 4257 1509 4313 LI.

532 4353 632 4409 Ubi
672 4354 790 4424 ﬁlio
832 4353 967 4425 regis
1010 4349 1344 4425 Francorum
1383 4351 1683 4425 comitanda
1725 4351 1907 4406 adesse
1944 4360 2123 4422 postu-

1078 4422 1224 4477 latur
1255 4421 1571 4477 Lietbertus.

603 4516 788 4571 Remis
831 4515 1113 4587 Philippus
1156 4515 1379 4572 Henrici
1412 4515 1556 4588 regis
1584 4512 1925 4569 Francorum
1968 4514 2112 4571 ﬁlius

530 4617 798 4678 praesente
823 4608 1056 4663 concilio
1090 4608 1399 4678 principum
1445 4607 1599 4678 regni
1633 4605 1813 4661 fuerat
1851 4605 1908 4660 in
1930 4622 2112 4676 regem

534 4698 956 4756 benedicendus.
995 4684 1147 4754 lianc
1182 4699 1635 4775 benedictionem
1660 4698 1785 4769 jure
1833 4713 1935 4754 suo
1975 4696 2112 4754 Ger-

532 4792 721 4848 vasius
756 4790 1201 4861 archiepiscopus
1232 4790 1523 4859 Remensis
1562 4789 1728 4845 XLIII
1765 4788 1894 4862 [al.,
1946 4788 2114 4862 XLV]

532 4874 881 4956 procumbat,
906 4882 992 4937 vir
1021 4883 1170 4938 omni
1220 4882 1463 4939 bonitate
1497 4882 1861 4954 conspicuus.
1897 4881 1998 4937 Hic
2057 4891 2120 4937 ut

533 4980 621 5036 sui
656 4979 817 5035 ofﬁcii
849 4978 1117 5037 celebrius
1147 4978 1622 5035 commendaretur
1656 4976 1978 5044 auctoritas,
2004 4985 2116 5033 tam

533 5066 808 5136 regalibus
837 5083 1002 5138 quam
1048 5067 1164 5122 suis
1193 5081 1412 5138 quoque
1453 5066 1662 5122 nuntiis
1689 5066 1954 5121 domuum
1977 5052 2119 5136 pou-

534 5154 747 5237 titieem‘
760 5149 979 5213 'studuit
998 5156 1259 5225 invitare;
1282 5157 1378 5228 qui
1396 5157 1522 5213 licet
1553 5156 1691 5211 alias
1710 5155 1966 5211 maximis
1986 5172 2120 5213 cau-

538 5236 619 5302 sis
651 5236 950 5331 occupatus
978 5258 1272 5318 teneretur,
1306 5257 1363 5305 et
1391 5248 1631 5304 maxime
1654 5261 1756 5318 pro
1798 5262 2117 5318 guerrarum

2220 4059 2450 4117 mitissa:
2494 4059 2815 4125 Montensis,
2854 4060 3020 4131 coepit
3037 4075 3243 4128 amare,
3268 4075 3501 4131 eamque
3532 4061 3588 4116 in
3609 4062 3803 4132 conju-

2221 4156 2370 4228 gium
2400 4155 2503 4213 sibi
2524 4156 2663 4211 velle
2695 4156 2984 4226 copulare;
3016 4156 3112 4212 sed
3135 4156 3265 4228 quia
3290 4159 3801 4216 excommunicatus

2221 4254 2358 4314 erat,
2382 4247 2677 4318 quomodo,
2701 4260 2919 4324 quaque
2941 4247 3150 4322 ratione
3175 4246 3230 4301 id
3264 4248 3568 4317 perﬁceret,
3592 4250 3801 4305 nescie-

2222 4339 2335 4394 bat.
2381 4338 2521 4405 Quid
2569 4336 2812 4393 faceret?
2845 4338 3254 4394 Absolutionem
3300 4355 3411 4394 non
3431 4341 3663 4395 curabat
3680 4357 3800 4397 ma-

2148 4457 2199 4516 ι)
2225 4444 2496 4503 gnopere;
2529 4427 2723 4499 quaerit
2753 4436 2933 4483 tamen
2956 4443 3075 4482 eam
3113 4443 3143 4483 a
3166 4428 3389 4483 domino
3409 4430 3666 4501 episcopo
3706 4447 3800 4501 per

2224 4523 2589 4583 internuntios
2610 4523 2880 4580 desiderio
2904 4524 3100 4594 cupitae
3130 4524 3339 4595 puellm.
3377 4524 3553 4581 Porro
3584 4527 3797 4597 episco-

2219 4636 2343 4692 pus,
2391 4616 2651 4689 fatigatus
2690 4615 2878 4672 multis
2925 4615 3143 4685 injuriis
3179 4616 3319 4688 ejus,
3355 4619 3638 4675 absolvere
3674 4634 3795 4676 eum

2219 4710 2457 4775 nolebat,
2482 4707 2587 4763 nisi
2610 4706 2763 4778 prius
2787 4707 3167 4763 dimissionem
3189 4724 3357 4763 manu
3377 4713 3597 4783 propria
3626 4712 3793 4783 (quod

2219 4795 2274 4861 et
2296 4802 2459 4872 vulgo
2494 4800 2708 4870 werpire
2750 4798 2972 4869 dicitur)
3009 4797 3214 4854 faceret
3244 4815 3312 4855 ex
3350 4803 3501 4857 omni
3537 4803 3796 4858 beneﬁcio

2221 4893 2367 4964 quod
2386 4889 2529 4946 infra
2558 4891 2823 4948 ambitum
2847 4888 3229 4946 Cameracente
3265 4891 3503 4948 civitatis
3545 4893 3793 4949 habebat.

2222 4983 2379 5057 Hugo
2403 4998 2555 5050 vero,
2595 4982 2865 5062 desiderio
2903 4982 3213 5052 juvenculaa
3246 4982 3636 5051 inﬂammatus,
3676 4984 3797 5041 fecit

2221 5076 2476 5147 episcopo
2496 5074 2796 5132 secundum
2831 5074 3107 5144 optionem
3141 5074 3303 5145 ejus:
3346 5076 3594 5147 vrerpivit
3625 5077 3793 5147 palam

2223 5151 2501 5229 omnibus,
2525 5170 2790 5234 praesente
2819 5163 3042 5219 domino
3061 5165 3318 5236 episcopo
3352 5165 3580 5236 suisque
3611 5166 3794 5221 militi-

2222 5254 2349 5319 bus,
2373 5260 2641 5324 prassente
2672 5252 2953 5332 comitissa
2987 5252 3247 5329 Ricbelde
3284 5255 3509 5327 suisque
3536 5256 3794 5328 principi-
