4022 5340
240 258 376 314 1ιὶτῖ

1752 248 1935 304 “TA.

3368 236 3511 293 “78

236 372 401 429 dedit.
427 356 553 427 llaec
575 381 755 427 autem
780 370 1011 427 fidelitas
1032 385 1141 425 non
1157 369 1250 425 diu
1270 378 1354 425 est
1379 370 1447 424 ab
1470 369 1587 440 ipso
1600 367 1827 439 llugone
1856 373 1901 429 Α
1934 374 2108 430 usque
2136 358 2415 414 destructo
2448 354 2647 412 Osiaco
2684 352 2984 424 municipio
3012 350 3201 422 procul
3244 365 3371 406 eum
3401 350 3516 421 pel-

237 464 554 529 obscrvata;
579 479 686 534 qua
707 463 1067 533 jurejurando
1087 462 1356 532 promissa
1378 461 1433 515 in
1456 461 1624 514 natali
1650 460 1826 513 sancti

237 554 486 621 Andreae,
524 555 743 625 infregit
764 571 883 610 eam
909 553 1146 609 secunda
1180 552 1313 607 feria
1342 561 1465 622 post
1502 550 1739 605 Palinas.
1766 550 1825 603 ιιι

238 646 342 700 hac
364 647 510 699 enim
533 643 667 700 feria
712 646 939 716 majoris
982 644 1300 699 hedomada:
1338 642 1538 698 factam
1588 644 1826 713 prmdam

240 752 405 807 super
425 736 850 792 Cameracenses
873 736 1099 791 reddere
1120 736 1315 801 noluit,
1344 736 1439 791 sed
1480 735 1533 789 in
1573 734 1692 804 ipso
1734 735 1830 787 ab-

240 833 533 888 solutionis
554 833 642 888 die
664 833 757 903 qui
790 842 874 887 est
899 840 1024 887 ante
1052 830 1433 896 Parascevem,
1474 829 1826 885 diffidentiam

237 925 463 981 domino
495 941 596 981 suo
642 926 951 991 mandavit;
984 931 1173 994 postea
1200 922 1556 977 Cameraeum
1596 920 1832 975 derelin-

240 1031 437 1086 quens,
463 1015 667 1071 malum
692 1014 837 1087 quod
861 1015 1038 1085 potuit
1077 1013 1220 1068 sicut
1245 1012 1499 1083 primitus
1534 1011 1713 1067 facere
1742 1013 1830 1066 in-

240 1108 438 1163 stituit.
464 1107 849 1162 Commonitus
873 1106 1068 1163 crebro
1104 1105 1207 1160 sub
1246 1106 1467 1159 nomine
1508 1112 1666 1159 terrm
1689 1113 1741 1158 et
1775 1104 1831 1158 in

239 1198 500 1254 ﬁdelitate
546 1215 711 1269 quam
752 1198 957 1269 jurave:
977 1207 1032 1253 at
1082 1197 1441 1267 przesentibus
1482 1197 1833 1266 comparibus

241 1291 359 1345 suis
385 1300 509 1345 ante
532 1299 884 1362 conspectum
915 1289 1123 1346 domini
1163 1288 1279 1355 sui,
1322 1289 1541 1344 tandem
1563 1287 1733 1354 venit,
1766 1288 1834 1341 de

240 1382 665 1452 quibuseunque
688 1382 1063 1453 interpellatus
1085 1390 1170 1436 est
1186 1389 1393 1435 rectum
1416 1380 1595 1435 facere
1618 1381 1831 1446 nolens,

239 1473 498 1543 injustiar
540 1491 704 1545 quam
744 1475 979 1529 venisset
1023 1473 1267 1530 recessit.
1324 1471 1479 1528 Unde
1548 1488 1836 1542 compares

240 1564 384 1632 ejus,
449 1571 505 1619 et
550 1564 641 1619 alii
686 1564 1076 1635 quamplurimi
1131 1563 1342 1619 nobiles
1402 1561 1497 1632 qui
1553 1561 1833 1617 communi

241 1655 532 1727 utriusque
555 1671 720 1710 causa
747 1656 948 1725 placito
983 1654 1303 1721 interfuere,
1330 1671 1483 1709 reum
1526 1654 1835 1723 judicantes

1928 453 2067 507 leret
2111 468 2141 508 a
2185 448 2679 505 Cameracensibus
2729 446 2967 501 finibus:
3024 444 3284 514 expulsus
3339 443 3516 497 taliter

1930 545 2081 600 siluit
2103 545 2367 599 adversus
2398 541 2717 612 episcopum
2750 539 2815 594 de
2840 538 2989 592 omni
3032 539 3289 603 clamore,
3319 547 3373 592 et
3405 538 3515 593 vita

1929 633 2125 705 ipsius,
2171 642 2314 688 terra
2357 645 2577 702 quoque
2610 629 2878 699 requievit
2914 644 2944 682 a
2984 627 3123 683 facie
3162 628 3516 699 malignitatis

1930 741 2071 795 ejus.

2330 798 2334 803 ’
2430 828 2439 834 ‘
2511 834 2739 892 CAPUT
2778 832 2938 890 Lvn.

2006 924 2138 992 Qua:
2171 935 2220 980 et
2246 934 2445 997 quanta
2480 925 2614 979 bona
2649 925 2867 997 diversis
2886 922 3129 997 ecclesiis
3160 932 3212 979 et
3239 925 3447 980 civitati

2377 997 2611 1065 propria:
2639 997 2721 1049 vir
2745 995 2843 1049 Dei
2868 996 3072 1064 fecerit.

2006 1087 2434 1158 Superveniente
2460 1088 2614 1141 senio
2643 1086 2808 1156 coepit
2838 1085 3129 1157 episcopus
3152 1101 3378 1157 corpore
3400 1088 3521 1143 lan-

1934 1193 2212 1249 guescere,
2242 1177 2725 1248 bmmditatemque
2763 1177 3102 1248 praeclaram,
3132 1193 3295 1247 quam
3328 1180 3397 1233 ab
3423 1195 3521 1233 an-

1932 1270 2301 1325 tecessoribus
2342 1268 2676 1340 possidebat,
2732 1269 2801 1324 ad
2853 1268 3043 1323 mundi
3088 1268 3253 1339 hujds
3292 1270 3520 1341 gloriam

1934 1361 2233 1417 transferre
2258 1360 2468 1416 studuit
2493 1361 2559 1415 ad
2587 1360 3007 1437 nanciscendam
3033 1371 3249 1417 aeterna:
3281 1363 3405 1418 vita:
3428 1380 3523 1433 pa-

1935 1452 2118 1506 triam.
2145 1450 2382 1506 Tantum
2418 1452 2485 1507 de
2506 1451 2917 1507 hereditatibus
2942 1460 2997 1507 et
3037 1454 3121 1508 sui
3149 1453 3291 1524 juris
3332 1455 3523 1509 rediti-

1936 1542 2040 1597 bus
2080 1544 2148 1597 ad
2179 1543 2467 1599 ecclesiam
2498 1542 2713 1598 Sancta:
2741 1541 2834 1597 Dei
2867 1543 3159 1601 Genitricis
3202 1544 3384 1602 Maria:
3417 1546 3525 1601 Ca-

1936 1632 2271 1689 meracensis
2308 1634 2455 1689 sedis
2494 1650 2594 1705 per
2621 1635 2935 1689 chartarum
2977 1636 3341 1692 instrumenta
3386 1653 3522 1693 con-

241 1764 392 1814 eum,
421 1725 621 1803 terram
654 1765 819 1819 quam
843 1751 910 1804 de
946 1750 1206 1820 episcopo
1237 1748 1454 1804 tenebat
1474 1748 1523 1803 ei
1551 1749 1832 1819 abjndica-
1866 1740 1908 1796 Β
1937 1725 2081 1820 mm}
2102 1733 2173 1820 _‘“
2203 1725 2329 1780 inde
2357 1725 2719 1820 refPCEionsm
2739 1726 2845 1781 Cibi
2882 1736 2949 1820 θῐν
2978 1736 3140 1798 Ροίυδ
3174 1729 3411 1785 habeam
3441 1745 3528 1786 (ἴδ’

240 1854 390 1894 \‘Cl'f‘.

856 1955 1085 2012 CAPUT
1126 1954 1236 2011 LV.

248 2053 351 2110 ι’ὺὶ
378 2052 536 2125 Hugo
557 2058 799 2125 sanctth
820 2050 1119 2125 episcopum
1144 2047 1641 2125 apud_Bug1'cef{unt
1664 2048 1830 2118 capit,

490 2118 541 2178 et
574 2122 715 2192 apud
750 2118 1076 2175 Osiucam‘iu
1101 2118 1344 2173 custodia
1365 2118 1591 2173 claudit.

248 2228 253 2231 ‘
314 2211 474 2284 llugo
498 2221 679 2267 autem
706 2209 773 2264 ad
808 2207 1165 2279 municipium
1194 2208 1342 2279 quod
1397 2208 1541 2278 apud
1573 2205 1831 2262 Osiacum

247 2304 351 2360 sibi
372 2310 660 2375 paraverat
681 2300 862 2367 rediit,
891 2310 946 2355 et
993 2299 1198 2354 malum
1235 2300 1497 2355 adversus
1517 2302 1831 2370 episcopum

247 2396 427 2451 facere
447 2411 558 2450 non
580 2391 833 2450 cessavit.
862 2390 1165 2462 Episcopus
1202 2400 1405 2457 tamen,
1445 2391 1711 2461 patienter
1752 2391 1834 2447 fe-

247 2505 376 2547 rens
393 2491 509 2547 hac
530 2488 737 2554 omnia,
762 2486 973 2556 abjecto
998 2487 1193 2539 timore
1213 2484 1530 2554 parochiam
1556 2500 1711 2539 suam
1735 2485 1837 2539 eir-

250 2583 457 2650 cuibat,
483 2590 537 2638 et
558 2581 818 2637 ecclesias
848 2595 969 2649 quae
1004 2578 1287 2633 sacranda:
1311 2585 1467 2632 erant
1486 2578 1833 2644 benedicens,

250 2688 303 2730 et
333 2686 530 2730 ca-tera
567 2671 855 2729 ministerii
881 2671 966 2726 sui
1002 2686 1167 2740 opera
1196 2669 1504 2740 perficiens.
1545 2669 1756 2725 Accidit
1776 2678 1838 2725 ut

250 2767 380 2821 dum
409 2766 575 2836 hujus
595 2764 800 2821 laboris
828 2762 1091 2817 exercitio
1114 2761 1181 2815 ad
1207 2761 1500 2831 quemdam
1523 2762 1706 2816 villam
1735 2760 1840 2815 Bu-

250 2857 498 2912 rieellum
530 2856 751 2911 nomine
793 2853 1091 2920 deveniret,
1116 2853 1514 2924 ccclesiamque
1536 2853 1676 2909 villze
1704 2869 1839 2909 cou—

252 2948 577 3003 secrandam
609 2946 971 3010 benediceret,
1012 2953 1066 2999 ct
1101 2953 1225 3014 post
1265 2946 1729 3000 consecrationem
1781 2945 1837 3000 in

252 3040 620 3096 chrismandis
681 3037 860 3095 turbis
901 3036 1159 3107 fatigatus
1224 3035 1421 3091 ibidem
1473 3044 1835 3106 pernoctaret,

254 3130 542 3203 praefatum
567 3129 849 3203 llugonem
878 3129 1025 3184 fama
1047 3128 1213 3198 hujus
1236 3129 1317 3182 rei
1339 3143 1447 3182 non
1481 3128 1718 3194 latuerit,
1748 3130 1847 3198 qui

254 3222 495 3291 acceptis
536 3236 724 3277 secum
778 3220 1139 3291 complicibus
1168 3219 1284 3274 suis
1318 3219 1386 3274 ad
1424 3219 1646 3274 domum
1696 3220 1845 3275 illam

257 3314 524 3384 pervenit,
573 3313 627 3367 in
652 3329 760 3383 qua
791 3313 905 3382 jam
951 3312 1094 3366 lecto
1128 3320 1381 3380 receptus
1414 3311 1704 3381 episcopus
1737 3313 1849 3366 las-

258 3413 377 3460 sata
431 3404 674 3459 membra
719 3402 1139 3458 commendabat
1188 3401 1613 3473 quieti;fractis
1652 3403 1849 3459 domus

260 3497 423 3552 ostiis
444 3504 501 3551 et
519 3495 847 3567 quibusdam
871 3494 1251 3550 resistentibus
1272 3492 1590 3561 interfectis,
1608 3496 1854 3564 pervenit

260 3588 330 3643 ad
354 3594 629 3644 cameram
652 3587 706 3640 in
732 3601 839 3656 qua
865 3584 1104 3657 pontifex
1128 3585 1407 3642 cubitabat
1431 3601 1555 3641 cum
1578 3584 1853 3641 Wilboldo

263 3680 562 3753 praeposito
604 3696 706 3736 suo
726 3688 780 3735 et
822 3679 1118 3749 capellanis
1154 3679 1292 3734 suis.
1338 3677 1592 3735 Sentiens
1624 3678 1856 3734 Wilbol-

265 3774 371 3830 dus
391 3782 448 3829 et
470 3772 810 3838 violentiam,
834 3771 978 3827 ostio
1010 3786 1241 3826 camera:
1261 3772 1416 3841 quasi
1442 3788 1540 3842 pro
1561 3771 1713 3827 obice
1736 3787 1857 3828 sese

267 3865 559 3937 opposuit;
598 3865 693 3919 sed
752 3879 897 3919 unus
938 3863 1190 3933 pluribus
1213 3863 1468 3918 resistere
1494 3879 1604 3919 non
1648 3863 1856 3929 valeas,

269 3955 446 4012 fracto
467 3956 630 4017 ostio,
662 3956 732 4009 ab
755 3956 877 4024 ipso
918 3953 1146 4025 llugone
1172 3954 1529 4025 interemptus
1560 3954 1856 4010 occubuit:

267 4048 507 4119 denique
540 4047 854 4117 episcopum
882 4046 1026 4102 sicut
1050 4046 1103 4100 in
1130 4045 1274 4101 lecto
1291 4046 1506 4116 jacebat
1526 4062 1649 4101 cum
1691 4048 1863 4103 cami-

270 4140 353 4194 sia
383 4147 594 4195 tantum
628 4139 717 4193 ille
764 4136 985 4193 infamis
1027 4138 1300 4194 homicida
1347 4155 1454 4193 non
1493 4140 1673 4194 timuit
1714 4139 1862 4194 acci-

272 4246 421 4300 pere,
444 4240 500 4286 et
523 4231 592 4286 ad
615 4230 974 4301 municipium
1018 4246 1180 4286 suum
1227 4230 1301 4284 ita
1337 4230 1545 4285 nudum
1582 4241 1865 4302 aSportare

272 4328 635 4399 clausumque
656 4327 710 4381 in
747 4326 998 4381 custodia
1033 4325 1288 4379 retinere.

861 4437 1091 4494 CAPUT
1130 4436 1263 4492 LVI.

282 4533 384 4588 Ubi
419 4522 678 4604 Arnuffus
722 4532 1037 4604 episcopum
1062 4549 1179 4585 cum
1219 4531 1412 4604 honore
1449 4532 1518 4585 ad
1557 4531 1750 4604 urbem,
1781 4547 1863 4604 re—

345 4606 525 4669 duxit,
566 4601 616 4659 et
660 4601 955 4674 epiScopus,
1005 4601 1511 4674 destructohOsiaco
1555 4602 1864 4671 municipio,

354 4674 634 4746 llugonem
657 4671 721 4729 ab
752 4671 895 4729 omni
917 4674 1099 4745 patria
1118 4671 1342 4742 expulit.

356 4787 472 4842 Hac
495 4788 660 4859 igitur
685 4786 830 4843 fama
859 4783 1127 4842 Arnulfus
1150 4800 1337 4842 comes
1362 4784 1779 4841 Flandrensium
1814 4797 1870 4841 et

1934 1816 2116 1870 nonici
2140 1831 2238 1885 per
2277 1832 2472 1872 omnes
2507 1816 2822 1874 Dominicas
2857 1819 3027 1875 totius
3057 1820 3206 1888 anni,
3240 1821 3314 1876 ita
3342 1830 3526 1879 tamen

1934 1916 1993 1960 ut
2015 1908 2071 1960 in
2099 1906 2356 1962 omnibus
2395 1909 2651 1965 secundis
2673 1909 2824 1967 feriis
2850 1926 2882 1966 a
2909 1914 3329 1983 congregatione
3360 1930 3526 1985 gene-

1932 1999 2121 2054 raliter
2148 2000 2319 2055 missa
2361 2002 2666 2056 celebretur
2698 2018 2798 2072 pro
2820 2002 3002 2057 anima
3034 2005 3153 2074 ejus
3181 2014 3235 2060 et
3273 2022 3374 2080 pro
3396 2005 3529 2061 fide-

1932 2095 2079 2152 libus
2104 2095 2396 2152 defunctis.
2434 2095 2491 2151 In
2536 2098 2767 2153 ecclesia
2801 2097 2985 2154 Sancti
3013 2099 3263 2156 Autberti
3301 2103 3529 2159 clericos

1934 2191 2212 2261 regulares
2253 2191 2564 2255 constituit,
2610 2192 2864 2247 abbatem
2911 2193 2993 2249 eis
3041 2195 3285 2264 prtefecit
3331 2209 3529 2268 quarta

1935 2281 2061 2336 Maii
2094 2280 2251 2349 1066,
2292 2283 2481 2351 eZectis
2518 2283 2674 2354 prius
2700 2284 3027 2361 quibusdam
3072 2287 3287 2342 clericis
3328 2290 3528 2347 ibidem

1935 2375 2271 2446 negligenter
2301 2375 2464 2430 nimis
2485 2383 2541 2430 et
2565 2375 2873 2431 inordinate
2898 2377 3283 2434 servientibus.
3313 2380 3525 2436 Altaria

1936 2468 2094 2522 valde
2122 2467 2264 2522 bona
2303 2475 2357 2523 et
2381 2468 2760 2538 possessiones
2790 2469 3080 2538 praeclaras
3124 2473 3528 2542 superaddidit;

1936 2563 2258 2634 praebendas
2302 2563 2590 2634 magnifice
2635 2563 2701 2618 de
2754 2579 2857 2618 suo
2901 2564 3125 2634 proprio
3177 2569 3528 2625 restauravit.

1938 2656 2311 2723 Erleboldum,
2335 2655 2429 2727 qui
2460 2656 2745 2711 ecclesiam
2772 2656 2984 2712 Sancta:
3004 2657 3198 2715 Crucis
3224 2661 3529 2727 aedificavit,

1937 2756 1994 2803 et
2026 2749 2189 2804 rebus
2217 2756 2271 2803 et
2292 2748 2524 2803 consilio
2552 2749 2784 2804 multum
2807 2750 2965 2820 juvit,
2998 2759 3053 2805 ct
3093 2751 3148 2807 in
3190 2752 3456 2824 eligendis
3480 2764 3535 2810 et

1938 2844 2206 2914 ponendis
2233 2842 2515 2899 canonicis
2540 2842 2803 2900 nimirum
2832 2851 2886 2899 et
2906 2845 3228 2902 electionem
3260 2849 3530 2904 adhibuit.

1938 2934 2239 2991 Ecclesiam
2278 2935 2464 2991 Sancti
2526 2934 2769 3003 Vedasti,
2813 2953 2979 3007 quam
3022 2940 3350 2994 restauravit
3392 2941 3532 2996 idem

1944 3030 2287 3098 Erleboldus,
2313 3029 2443 3087 fecit
2471 3030 2701 3087 consilio
2725 3040 2780 3086 et
2801 3033 3008 3087 auxilio
3027 3034 3165 3104 ejus.
3203 3033 3537 3092 Monasterio

1949 3122 2126 3177 sancti
2169 3121 2349 3179 Patris
2385 3124 2559 3181 nostri
2599 3123 2886 3195 Gaugcrici
2930 3126 3171 3198 episcopi
3200 3128 3366 3199 hujus
3405 3129 3540 3185 civi-

1949 3215 2077 3268 tatis
2104 3200 2357 3270 decimas
2374 3212 2541 3282 dedit,
2571 3224 2626 3270 et
2651 3216 2815 3271 rebus
2844 3217 2966 3273 aliis
2990 3218 3146 3275 valde
3173 3219 3333 3275 bonis
3356 3220 3539 3276 locum

1949 3305 2127 3360 ditare
2157 3307 2398 3374 studuit;
2426 3307 2926 3364 Novum-Castrum
2953 3319 3006 3365 et
3033 3312 3309 3367 abbatiam
3354 3311 3540 3369 Sancti

1950 3396 2179 3453 Andreae
2226 3397 2505 3469 Apostoli,
2557 3408 2611 3454 et
2655 3401 2968 3456 coenobium
3023 3400 3207 3457 Sancti
3255 3402 3541 3460 Humberti

1953 3504 2171 3560 semper
2216 3489 2372 3557 fovit,
2429 3507 2646 3561 semper
2701 3493 2989 3547 meliorare
3040 3494 3277 3563 studuit,
3326 3512 3544 3567 semper

1946 3574 2195 3639 exaltare
2243 3598 2352 3638 non
2384 3585 2635 3639 cessavit.
2682 3583 3104 3657 Congrcgationi
3145 3587 3316 3643 beatae
3359 3588 3545 3646 Mariae

1954 3673 2330 3731 Atrebatensis
2348 3664 2625 3731 Debelrem
2652 3677 2896 3731 tradidit.
2918 3676 2975 3731 In
3000 3670 3332 3735 monasterio
3357 3678 3543 3736 Sancti

1962 3763 2267 3821 Vindiciani
2292 3766 2433 3837 apud
2465 3777 2703 3823 montem
2732 3767 2918 3824 Sancti
2951 3767 3105 3841 Eligii
3129 3771 3357 3827 clericos
3384 3788 3546 3844 regu-

1956 3858 2101 3915 lares
2124 3861 2429 3926 constituit,
2453 3870 2507 3916 ct
2527 3862 2715 3931 ejectis
2743 3863 2848 3917 illis
2872 3864 2966 3934 qui
2996 3865 3323 3938 negligenter
3344 3867 3545 3923 ibidem

1961 3952 2289 4021 serviebant,
2337 3955 2507 4009 multa
2546 3955 2612 4010 de
2644 3955 2762 4011 suis
2801 3956 2961 4011 bonis
2996 3957 3069 4013 ibi
3114 3960 3548 4016 deservientiius

1962 4045 2352 4116 superaddidit.
2382 4045 2693 4114 Civitatem,
2721 4065 2887 4119 quam
2923 4050 3213 4121 episcopus
3241 4050 3420 4107 factus
3449 4068 3550 4123 pro

1964 4153 2286 4208 guerrarum
2332 4139 2597 4194 seditione
2635 4140 2907 4195 desertam
2957 4142 3180 4208 invenit,
3226 4145 3547 4213 p0pulosam

1964 4238 2018 4284 ct
2040 4231 2351 4299 opulentam
2376 4222 2521 4284 fecit.
2547 4229 2690 4285 Nulli
2714 4246 2942 4286 suorum
2968 4232 3167 4287 civium
3193 4234 3398 4298 nocuit,
3423 4251 3551 4289 cum

1966 4324 2220 4378 omnibus
2242 4325 2504 4394 prodesse
2526 4326 2813 4381 studuerit.
2837 4325 3082 4383 Clericos
3104 4344 3236 4385 suos
3258 4339 3312 4385 et
3332 4348 3550 4386 omnem

1888 4434 1933 4494 υ
1964 4415 2211 4470 ordinem
2252 4416 2686 4472 ecclesiasticum
2720 4418 2995 4489 diligebat,
3024 4420 3165 4476 sicut
3187 4422 3385 4492 gallina
3430 4440 3555 4496 quae.

1969 4523 2307 4578 congregans
2338 4509 2518 4579 pullos
2541 4524 2694 4576 suos,
2728 4509 2873 4566 fovet
2900 4526 2996 4566 eos
3018 4513 3121 4569 sub
3149 4512 3249 4568 alis
3274 4516 3410 4572 suis.

2539 4620 2771 4677 CAPUT
2811 4622 2991 4679 LV'lll.

2045 4708 2146 4763 Ubi
2186 4708 2418 4788 érnulfo
2458 4713 2650 4766 comite
2679 4714 2822 4788 apud
2852 4712 3145 4788 Castellum
3180 4717 3487 4788 interfecto,

2181 4777 2439 4837 Roberius
2469 4798 2638 4836 comes
2669 4777 2803 4837 hunc
2828 4787 3061 4854 patriam
3086 4777 3346 4844 devastat.

286 4886 463 4933 mater
481 4879 602 4949 ejus
623 4878 899 4935 Richeldis
922 4878 1164 4944 excitati,
1188 4876 1421 4948 sumptis
1444 4877 1708 4937 militibus
1731 4877 1868 4943 suis,
2040 4869 2119 4924 Ea
2156 4875 2499 4940 tempestate.
2544 4875 2774 4930 audiens
2812 4874 3084 4933 Robertus
3114 4886 3349 4935 mortem
3379 4881 3569 4941 fratris

286 4971 549 5027 continuo
578 4972 740 5027 ambo
766 4972 834 5028 ad
863 4968 1120 5026 Osiacum
1147 4976 1434 5035 venerunt,
1458 4978 1513 5024 et
1533 4970 1873 5040 requirentes
1975 4967 2060 5023 sui
2086 4963 2334 5020 Balduini
2360 4965 2599 5033 comitis,
2625 4969 2718 5039 qui
2746 4969 2888 5038 apud
2916 4968 3257 5024 Hasnonium
3280 4974 3571 5030 ecclesiam

263 5063 629 5133 ~episcopum,
655 5080 780 5119 cum
804 5077 1018 5121 summa
1048 5061 1327 5133 diligentia
1346 5071 1621 5131 repertum
1644 5061 1874 5116 reduxe—
1975 5057 2266 5125 destruxit,
2296 5056 2537 5117 factione
2569 5060 2797 5131 majoris
2824 5058 3245 5116 Flandrensium
3278 5066 3461 5132 partis
3486 5082 3581 5121 su-

292 5152 1874 5225 runtCameracumcumgrandigloriaetbonore,donave-
1975 5167 2075 5223 per
2109 5147 2404 5209 Arnulfum
2442 5151 2699 5208 comitem
2742 5158 2798 5202 et
2845 5160 3074 5206 matrem
3124 5147 3244 5217 ejus
3290 5152 3588 5212 Flandrias

403 5246 665 5264 .0.---..-,
766 5248 840 5264 In"
882 5241 985 5264 ’-ι’
1114 5244 1247 5264 μάκει..
1306 5261 1317 5263 Α
1365 5244 1632 5264 ---I-,',s-
1664 5241 1870 5264 ο-μ-.,.
