4022 5340
464 322 600 384 H79

1455 314 1513 371 s.
1553 301 1919 370 LlETBERTl
1953 294 2490 359 CAMERACENSIS
2524 299 2740 359 EPlSC.
2792 263 2803 271 ’

3604 303 3741 358 “Si!

463 438 737 494 Robcrtus
758 434 848 490 ille
874 428 1159 489 Flandrias
1187 430 1506 492 intraverat,
1540 424 1729 481 dolose
1754 417 2049 493 pugnanti-
2080 414 2125 470 Α
2152 431 2318 482 nona,
2348 418 2519 471 movit
2548 426 2750 481 castra,
2773 424 2827 471 et
2854 415 2980 471 licet
3022 414 3357 484 infrendens,
3394 418 3521 475 licet
3562 422 3742 478 minas

463 532 566 586 bus
600 537 655 585 et
682 537 828 598 terga
857 524 1212 588 vertentibus,
1237 523 1353 592 ipse
1384 536 1519 591 puer
1553 513 1813 571 Arnulfus
1842 510 2047 567 occidi-

463 632 586 689 tur;
614 635 724 691 quo
765 627 1004 684 mortuo,
1041 615 1340 688 fugataque
1371 619 1565 675 matre,
1594 617 1743 663 totus
1772 603 2049 659 marchio-

464 723 629 770 natus
658 714 823 770 cessit
865 710 1121 768 Roberto.
1156 709 1270 765 lloe
1299 716 1495 763 eventu
1522 704 1648 760 belli
1678 702 1843 757 nimis
1863 700 2056 755 effera-

466 815 557 862 tus
607 807 663 861 in
707 814 917 860 tantam
967 804 1217 875 prorupit
1261 800 1563 866 insaniam,
1613 805 1674 852 ut
1713 794 2053 851 dominatum

374 957 380 964 ,
464 900 851 955 Cameracena:
888 897 1125 954 civitatis
1167 894 1397 967 imperio
1424 892 1716 964 praeripere
1747 888 1907 943 vellet
1947 887 2053 941 im-

468 984 665 1065 periali
689 1001 744 1048 et
764 986 878 1049 suae
907 991 1228 1049 submittere
1257 987 1486 1053 ditioni;
1521 985 1664 1040 unde
1693 983 1918 1039 collecto
1948 979 2059 1036 fre-

469 1087 661 1158 quenti
686 1086 948 1153 exercitu,
981 1085 1139 1140 villas
1167 1081 1371 1139 civitati
1394 1079 1673 1152 proximas
1694 1072 2054 1147 depopulans,

470 1192 569 1249 per
594 1187 846 1233 cunctam
882 1175 1141 1231 viciniam
1184 1171 1571 1229 bacchabatur.
1606 1167 1763 1245 Quod
1791 1166 1922 1223 dum
1948 1180 2058 1220 non

472 1273 661 1338 semel,
692 1270 786 1326 sed
816 1270 903 1325 bis
924 1268 1208 1324 annuatim
1235 1266 1459 1333 faceret,
1482 1271 1779 1333 totamque
1802 1260 2061 1315 Camera-

473 1378 691 1418 censem
740 1360 972 1432 patriam
1014 1359 1233 1429 penitus
1272 1358 1327 1411 in
1372 1354 1719 1417 solitudinem
1763 1351 2058 1423 redigeret,

470 1456 708 1510 domnus
740 1451 984 1524 pontifex
1025 1466 1122 1522 per
1165 1448 1534 1505 internuntios
1573 1462 1699 1502 eum
1734 1459 1877 1515 saepe
1906 1457 2061 1498 com-

472 1547 747 1611 monebat,
779 1554 836 1601 et
880 1554 943 1600 ut
981 1544 1051 1599 ab
1097 1543 1334 1614 iucuepto
1361 1540 1649 1615 desisteret
1694 1552 1841 1593 nunc
1879 1549 2060 1607 prece,

471 1655 621 1695 nunc
650 1639 847 1711 pretio,
874 1637 1074 1708 szepius
1096 1635 1326 1690 orabat:
1367 1634 1462 1690 sed
1502 1647 1570 1687 nc
1608 1629 1830 1701 quidem
1875 1627 2067 1683 audire

473 1732 682 1795 volens,
711 1730 857 1786 fastu
888 1729 1158 1801 superbiae
1187 1726 1468 1785 saecularis
1488 1724 1728 1789 inflatus,
1754 1721 2065 1777 minabatur

475 1840 584 1880 non
608 1825 770 1879 modo
794 1840 825 1878 a
866 1822 1238 1878 devastatione
1279 1819 1520 1892 regionis
1549 1833 1657 1871 non
1697 1829 1936 1880 cessare,
1966 1814 2063 1869 sed

477 1918 650 1989 ipsam
672 1933 889 1988 quoque
921 1915 1221 1981 civitatem,
1253 1912 1362 1968 nisi
1390 1912 1494 1967 sibi
1520 1926 1642 1966 eam
1669 1908 1919 1965 redderet
1947 1906 2065 1978 epi-

476 2027 696 2083 scopus,
728 2010 793 2064 ad
819 2008 1048 2063 nihilum
1074 2007 1337 2076 redigere.

1063 2096 1295 2154 CAPUT
1336 2096 1473 2152 L't\'.

481 2194 582 2249 Ubi
610 2195 773 2248 bonus
805 2202 992 2263 pastor
1012 2190 1312 2263 Lietbertus
1344 2198 1610 2263 regi-orans
1647 2186 1863 2263 intecto
1892 2194 2067 2263 gesta-

544 2268 680 2321 torio
734 2256 814 2319 nd'
847 2264 1132 2318 tentorium
1178 2256 1409 2316 comitis'
1434 2262 1615 2314 urbem
1669 2256 1961 2313 obsidentis
2012 2272 2066 2309 se

544 2337 741 2405 ἄρρεν’ιὶ
778 2336 965 2406 jussit,
1014 2344 1225 2406 etcum
1271 2346 1594 2406 omnemque
1622 2329 1914 2406 exercitum
1952 2326 2066 2406 ejus

547 2397 726 2479 gladio
765 2397 1121 2479 anathematis
1158 2402 1439 2474 percussit,
1469 2397 1518 2456 et
1548 2400 1624 2455 sic
1646 2400 1829 2454 eadem
1859 2398 1944 2453 die
1974 2397 2069 2451 ob-

547 2476 806 2533 iidiouem
829 2476 1004 2530 solvit.

548 2568 694 2625 lnter
723 2570 826 2625 hos
857 2568 1161 2623 laboriosos
1203 2566 1330 2622 vita:
1371 2563 1619 2621 mortalis
1648 2562 1896 2628 sudores,
1928 2558 2071 2616 inter

479 2661 795 2735 przescripta
826 2669 1146 2716 sanctorum
1184 2673 1412 2730 operum
1449 2664 1638 2729 operta
1665 2654 1921 2711 exercitia
1957 2651 2069 2708 Deo

479 2756 679 2829 dignus
715 2750 959 2825 pontifex
1000 2751 1279 2823 fatigatus,
1324 2750 1377 2804 in
1423 2748 1795 2805 inﬁrmitatem
1838 2745 2070 2809 decidit,

478 2836 648 2920 quam
686 2863 782 2918 per
818 2856 932 2923 tres
960 2846 1255 2903 continuos
1298 2857 1475 2898 annos
1506 2840 1643 2895 mira
1684 2838 1945 2910 patientia
1971 2838 2071 2892 dc-

480 2940 635 3007 vicit,
667 2939 958 3007 sustinuit;
986 2954 1153 3009 quem
1199 2945 1466 3009 tyrannus
1493 2934 1583 2988 ille
1628 2932 1857 2988 audiens
1895 2942 2062 3000 aegro-

482 3014 622 3099 tare,
663 3042 925 3102 tanquam
967 3031 1033 3087 dc
1069 3030 1307 3101 pastoris
1349 3026 1596 3083 absentia
1638 3022 2071 3095 gratulabundus

2154 510 2519 582 ingeminans,
2556 521 2822 582 quantum
2856 509 2974 565 dies
3015 513 3311 579 concessit,
3340 524 3495 569 extra
3539 525 3741 571 terram

2152 621 2276 676 quae
2320 605 2425 661 sibi
2466 604 2941 661 contradicebatur
2982 606 3229 662 secessit.
3273 609 3465 663 Caneri
3502 623 3741 679 quorum

2155 715 2313 754 mens
2350 699 2537 754 sanior
2575 697 2698 763 fuit,
2743 699 3062 770 priusquam
3103 701 3436 768 recederent,
3479 703 3746 772 prostrati

2156 791 2276 847 solo
2316 807 2500 847 coram
2528 792 2784 862 pontiﬁce
2826 792 3038 847 veniam
3079 800 3291 863 petunt,
3319 804 3375 849 et
3404 796 3552 865 quod
3584 796 3745 851 dein-

2157 899 2285 954 ceps
2332 886 2438 941 hoc
2482 885 2688 940 malum
2738 900 2904 956 super
2950 883 3399 943 Cameracenscm
3440 886 3746 944 Ecclesium

2158 993 2269 1032 non
2301 978 2579 1044 iterarent,
2604 978 2763 1034 tactis
2786 986 3103 1034 sanctorum
3126 979 3370 1050 reliquiis
3395 981 3745 1053 iuraverunt.

2162 1068 2429 1127 Ponentes
2476 1072 2660 1142 itaque
2707 1071 2906 1143 singuli
2953 1072 3215 1127 damnum
3258 1073 3406 1143 quod
3449 1075 3753 1130 intulerant

2159 1165 2392 1234 patriam
2437 1165 2854 1236 depopulantes,
2880 1164 3223 1221 absolutione
3254 1176 3506 1237 suscepta
3528 1168 3640 1222 laeti
3663 1181 3755 1222 re-

2160 1257 2350 1324 deunt,
2378 1258 2636 1328 quoniam
2669 1257 2766 1328 qui
2788 1266 3053 1313 venerant
3072 1259 3267 1314 armati
3306 1258 3492 1317 furore
3531 1261 3754 1326 bellico,

2162 1349 2488 1406 recedebant
2528 1350 2813 1421 gratiﬁcati
2849 1350 3045 1407 timore
3073 1350 3280 1406 divino.
3310 1351 3388 1407 Ita
3418 1353 3649 1409 liberata
3676 1354 3756 1409 ci—

2162 1442 2304 1497 vitas
2328 1441 2397 1496 ab
2425 1442 2729 1498 obsidionis
2754 1451 2962 1500 terrore
2983 1443 3166 1499 studio
3195 1444 3282 1500 sui
3309 1445 3607 1515 pontiﬁcis,
3634 1447 3757 1500 lau-

2164 1534 2260 1591 des
2281 1531 2449 1588 refert
2469 1532 2580 1588 Deo
2601 1549 2823 1604 suaeque
2845 1533 3095 1606 gloriosa:
3115 1534 3395 1591 Genitrici.

2652 1630 2653 1633 ‘
2767 1646 2997 1702 CAPUT
3033 1647 3146 1703 Lx.

2297 1719 2395 1774 ι’ὑὶ
2425 1720 2826 1774 commendatur
2848 1721 3149 1774 constantia
3178 1720 3318 1775 beati
3343 1720 3638 1792 pontiﬁcis.

2236 1809 2282 1866 0
2298 1809 2594 1881 gloriosum
2617 1809 2925 1879 pontificem
2949 1826 3057 1865 non
3078 1811 3246 1866 armis
3266 1811 3360 1867 sed
3380 1812 3486 1867 ﬁde
3507 1830 3762 1885 pugnans

2166 1906 2305 1958 tcm!
2333 1903 2711 1969 Mercenan'us,
2735 1904 2825 1974 qui
2846 1920 2948 1957 non
2976 1912 3053 1957 est
3079 1913 3284 1974 pastor,
3308 1905 3446 1959 ridet
3467 1904 3649 1976 lupam
3673 1923 3762 1961 ue-

2166 1999 2392 2053 nientem
2411 2006 2463 2051 et
2490 1997 2716 2051 dimittit
2733 2014 2849 2051 oves
2867 2006 2920 2050 et
2940 1997 3099 2067 fugit.
3114 1996 3291 2051 Bonus
3311 2007 3496 2068 pastor
3518 2000 3761 2053 animum

2166 2106 2321 2144 suam
2347 2089 2440 2142 dat
2468 2106 2564 2159 pro
2586 2088 2765 2143 oribus
2794 2091 2905 2143 suis
2953 2087 3134 2159 (Joan.
3162 2105 3218 2156 χ,
3252 2090 3360 2161 12).
3404 2088 3545 2147 Ecce
3591 2091 3764 2145 libero

2166 2182 2295 2238 tatis
2323 2181 2660 2252 prtesidium,
2685 2197 2811 2237 ecce
2846 2180 3122 2252 pontiﬁcis
3168 2181 3404 2237 cilicium
3446 2182 3763 2238 Lictbertus

2168 2275 2238 2330 ab
2258 2274 2475 2329 hostilis
2499 2274 2796 2329 invasionis
2834 2265 3188 2344 oppressione
3231 2275 3426 2330 liberat
3476 2276 3712 2347 patriam
3744 2293 3760 2334 :

2167 2366 2410 2438 pontifex
2435 2376 2556 2437 post
2582 2367 3021 2438 redargutionem
3051 2367 3318 2423 scelerum
3369 2368 3765 2425 conﬁtentibus

2170 2462 2425 2532 implorat
2448 2461 2685 2527 veniam,
2718 2460 2965 2515 libertate
3012 2459 3212 2516 nobilis
3237 2460 3406 2515 animi
3435 2476 3559 2517 sese
3581 2463 3761 2517 virili-

2172 2564 2254 2612 ter
2284 2555 2509 2626 ingessit
2543 2553 2820 2617 hostibus,
2855 2553 3176 2608 auctoritate
3222 2554 3519 2625 pontificali
3574 2554 3766 2609 redar-

2171 2649 2287 2721 guit
2320 2657 2676 2720 tyrannorum
2709 2646 2935 2712 rabiem,
2960 2662 3029 2700 ne
3064 2654 3173 2701 tam
3204 2646 3497 2702 crudeliter
3547 2648 3614 2702 ad
3643 2647 3765 2701 ani-

2172 2756 2385 2797 marum
2412 2755 2635 2795 suarum
2680 2738 2981 2811 periculurn
3013 2748 3397 2810 grassarentur
3442 2740 3498 2794 in
3531 2741 3763 2811 populo-

2172 2851 2296 2891 rum
2345 2832 2860 2904 depraedationibus,
2913 2832 3159 2887 ascendit
3203 2848 3271 2887 ex
3326 2833 3559 2889 adverso
3592 2849 3767 2904 oppo-

2173 2943 2310 2983 nens
2338 2943 2396 2983 se
2429 2942 2648 2981 murum
2679 2941 2779 2998 pro
2806 2924 2969 2981 domo
3004 2923 3190 2991 Israel,
3234 2926 3338 2980 hoc
3379 2934 3464 2981 est
3497 2941 3601 2996 pro
3656 2925 3764 2980 Ειῖο

2172 3020 2336 3076 elesia
2360 3019 2463 3075 sibi
2488 3019 2801 3087 commissa,
2827 3028 2887 3073 ut
2912 3027 3099 3089 posset
3127 3027 3271 3074 stare
3301 3019 3353 3073 in
3379 3020 3568 3089 praelia
3594 3020 3649 3074 in
3676 3020 3769 3074 die

481 3111 680 3179 rursus
717 3120 980 3186 infremit,
1026 3134 1224 3174 rursus
1264 3118 1320 3173 in
1361 3116 1548 3185 caulas
1589 3113 1861 3170 Dominici
1890 3113 2072 3184 gregis
2098 3119 2140 3177 c
2174 3113 2409 3171 Domini.
2470 3111 2550 3169 Ex
2580 3114 2814 3169 adverso
2840 3112 3157 3179 ascendere,
3184 3120 3268 3167 est
3300 3113 3638 3183 quibuslibet
3665 3129 3768 3183 po-

484 3214 719 3280 insanit;
756 3212 983 3271 collecto
1026 3210 1268 3267 maximo
1300 3209 1541 3266 exercitu
1584 3208 1734 3264 velut
1760 3223 1828 3263 ex
1868 3206 2074 3278 impro-

482 3307 605 3363 viso
654 3306 722 3360 ad
763 3305 1038 3360 civitatem
1083 3303 1300 3360 advolat
1350 3310 1610 3372 tanquam
1657 3309 2073 3371 expugnaturus

483 3416 628 3455 eam.
659 3397 819 3466 Quod
859 3397 1062 3453 factum
1093 3397 1331 3455 domnus
1360 3393 1601 3466 pontifex
1632 3394 1955 3465 gravissime
1983 3401 2072 3447 tu-

483 3490 574 3557 lit,
618 3499 673 3546 et
718 3490 862 3545 ultra
907 3504 1072 3559 quam
1121 3488 1230 3543 dici
1286 3494 1467 3559 potest
1512 3484 1773 3552 indoluit;
1821 3484 2076 3555 pnecepit

481 3574 816 3651 quantocius
854 3590 917 3636 ut
954 3579 1009 3635 in
1052 3579 1192 3635 lecto
1234 3566 1530 3650 gestatoria
1557 3577 1851 3644 levaretur,
1891 3583 1945 3630 ct
1979 3590 2076 3646 per

485 3674 700 3732 medias
721 3676 870 3730 acies
899 3674 1225 3729 bellatorum
1263 3688 1441 3744 usque
1475 3672 1542 3727 ad
1563 3671 1859 3727 tentorium
1904 3670 2076 3740 ipsius

485 3767 706 3838 “Tanai
739 3774 1088 3837 portaretur:
1118 3764 1286 3821 tantis
1323 3764 1597 3835 siquidem
1630 3762 1882 3834 podagra:
1923 3761 2077 3816 dolo-

487 3857 643 3913 ribus
665 3858 983 3928 angebatur,
1027 3864 1090 3910 ut
1113 3856 1264 3910 nullo
1304 3854 1543 3910 modoin
1571 3854 1735 3924 pedes
1775 3852 2078 3908 subsistere

487 3957 697 4021 posset.
724 3946 948 4003 Delatus
970 3962 1036 4003 ex
1067 3944 1337 4003 sententia
1365 3961 1540 4017 usque
1560 3946 1627 4000 ad
1652 3945 1948 4001 tentorium
1979 3959 2064 4001 eo.

494 4040 674 4106 mitis,
715 4049 1007 4109 postquam
1049 4038 1184 4093 vidit
1224 4053 1350 4093 eum
1396 4039 1632 4111 graviter
1672 4037 1982 4102 infremuit,
2024 4045 2079 4092 et

495 4148 623 4187 cum
653 4145 851 4203 magna
880 4130 1168 4187 severitate
1197 4130 1459 4186 scelestos
1500 4140 1671 4186 ausas
1696 4129 2079 4200 praesumptio-

494 4224 583 4280 nis
602 4224 723 4294 ejus
748 4223 1068 4294 increpavit,
1099 4229 1270 4293 utque
1296 4222 1366 4277 de
1389 4230 1534 4276 terra
1558 4222 1794 4277 domina:
1818 4236 1931 4276 sua:
1967 4220 2079 4275 Illa-

491 4316 593 4373 ria:
630 4316 953 4383 discederet,
996 4316 1324 4372 auctoritate
1362 4313 1660 4385 pontiﬁcali
1694 4314 2075 4370 commonuit:

2177 3208 2463 3263 testatibns
2491 3222 2657 3278 prave
2678 3207 2966 3278 agentibus
3001 3206 3170 3261 libera
3194 3207 3423 3263 rationis
3447 3221 3584 3262 voce
3627 3222 3765 3262 con-

2175 3299 2362 3363 traire,
2385 3299 2516 3353 etin
2566 3298 2654 3355 die
2701 3297 2919 3355 Domini
2940 3313 3040 3371 pro
3088 3299 3253 3354 domo
3295 3298 3463 3354 Israel
3494 3299 3550 3353 in
3575 3300 3767 3371 pactio

2174 3402 2322 3447 stare
2346 3410 2361 3460 ;
2384 3406 2449 3447 ac
2473 3407 2692 3447 murum
2719 3407 2778 3448 se
2811 3406 3105 3462 opponere,
3126 3400 3212 3447 cst
3233 3391 3417 3447 ﬁdeles
3442 3392 3769 3450 innocentes

2173 3494 2364 3542 contra
2387 3500 2766 3557 perversurum
2811 3485 3135 3556 iniustitiam
3169 3500 3236 3540 ex
3257 3484 3487 3555 justitia:
3523 3488 3768 3542 auctori-

2177 3585 2285 3633 tate
2317 3577 2616 3634 vindicare.
2644 3576 2748 3633 Sed
2779 3586 2925 3633 stare
2960 3577 3015 3633 in
3064 3577 3366 3648 periculum
3390 3593 3502 3633 non
3559 3586 3765 3648 potest.

2176 3670 2270 3743 qui
2291 3686 2357 3727 eo
2386 3671 2533 3742 quod
2562 3679 2759 3742 prmest
2790 3685 2899 3726 non
2927 3685 3059 3726 oves
3077 3670 3252 3741 diligit
3285 3670 3378 3727 sed
3416 3670 3634 3725 lucrum
3665 3679 3770 3724 ter-

2178 3776 2368 3816 renum
2408 3762 2630 3833 qnterit;
2659 3762 2856 3818 anima:
2882 3770 3132 3831 pereunt,
3161 3770 3216 3816 et
3256 3761 3371 3832 ipse
3415 3761 3484 3817 de
3534 3764 3769 3819 terrenis

2179 3854 2483 3913 commodis
2536 3854 2769 3911 laetatur.
2818 3853 2921 3910 Sed
2967 3863 3152 3910 noster
3188 3864 3491 3925 pastorpcr
3521 3852 3769 3924 Deigra-

2180 3949 2315 4003 tiam
2338 3948 2517 4004 bonus
2560 3956 2615 4002 et
2669 3947 2891 4004 libertas
2931 3946 3123 4017 patria:
3154 3962 3429 4017 opponere
3468 3962 3531 4002 se
3573 3954 3768 4001 contra

2180 4037 2482 4108 periculum
2529 4053 2638 4095 non
2687 4038 2992 4109 trepidavit,
3037 4053 3105 4094 ne
3152 4038 3257 4094 hoc
3314 4038 3459 4109 quod
3509 4038 3769 4109 diligebat

2179 4131 2482 4195 amitteret;
2512 4145 2611 4186 nec
2636 4130 2820 4185 timuit
2846 4146 3052 4187 cuneos
3080 4130 3285 4186 intrare
3322 4131 3668 4196 bellatorum,
3702 4146 3769 4187 ne

2180 4224 2360 4296 gregis
2394 4223 2497 4280 sibi
2521 4223 2799 4279 commissi
2829 4224 3098 4279 sustineat
3125 4223 3534 4278 detrimentum.
3574 4221 3766 4277 Justus

2181 4327 2238 4371 ut
2268 4317 2347 4372 leo
2377 4318 2596 4388 conﬁdit
2645 4316 2828 4388 (Prov.
2872 4332 3061 4383 xxvm,
3102 4316 3195 4383 f);
3253 4331 3378 4371 vere
3415 4315 3646 4373 conﬁdit
3671 4317 3765 4385 qui

495 4424 633 4465 suus
657 4410 803 4464 enim
833 4408 1202 4481 parochianus
1241 4416 1362 4462 erat
1398 4406 1453 4462 in
1479 4416 1749 4479 quantum
1787 4406 2080 4463 comitatus
2113 4460 2155 4481 λ
2183 4411 2401 4467 comitis
2425 4409 2806 4465 Flandriarum
2832 4407 3025 4465 faciem
3059 4424 3169 4464 non
3202 4409 3442 4476 erubuit,
3500 4409 3600 4479 qui
3629 4407 3768 4463 inter

497 4499 870 4557 Atrebatensis
893 4500 996 4556 sibi
1032 4501 1278 4568 cedebat,
1310 4500 1568 4571 quoniam
1590 4499 2005 4556 Cameracensis
2025 4508 2083 4555 et

499 4592 875 4649 Atrebatensis
921 4590 1164 4648 Ecclesia
1211 4602 1343 4648 tunc
1387 4594 1647 4664 temporis
1692 4594 1787 4648 uni
1842 4592 2085 4664 pontiﬁci

499 4683 725 4754 parebat
764 4682 897 4754 (ll).
940 4682 1036 4739 lllo
1066 4700 1172 4739 non
1198 4693 1443 4753 curante,
1486 4686 1579 4741 sed
1626 4693 1808 4740 mente
1852 4685 2085 4755 superba

500 4773 781 4830 Pontiﬁcis
804 4774 1213 4847 objurgationes
1248 4764 1406 4848 quasi
1430 4776 1677 4848 quasdam
1709 4775 1921 4831 ludicra
1952 4776 2085 4831 sub-

500 4873 788 4933 sannante,
819 4864 1062 4936 pontifex
1092 4867 1349 4922 manibus
1387 4884 1508 4923 sese
1535 4874 1851 4923 sustentans
1879 4881 2092 4921 resum—

502 4954 609 5008 ntis
642 4956 849 5008 viribus
883 4956 938 5008 in
960 4956 1103 5008 lecto
1126 4956 1350 5008 resedit.
1376 4966 1437 5008 ut
1459 4958 1562 5008 sibi
1604 4957 1754 5008 viraa
1796 4956 2088 5010 pastoralis

2186 4504 2396 4576 gladios
2424 4504 2656 4567 militum
2679 4504 2989 4574 superbiam
3018 4502 3371 4574 malignitatis
3408 4503 3531 4573 ejus
3556 4519 3665 4558 non
3689 4502 3766 4558 εἰς

2186 4597 2289 4654 luit
2333 4616 2347 4651 :
2403 4607 2681 4668 postremo
2720 4596 2901 4652 minas
2938 4595 3245 4667 tyrannidis
3267 4595 3385 4664 ejus
3402 4596 3762 4651 nontimuit:

2187 4707 2314 4746 vere
2334 4689 2559 4745 conﬁdit
2578 4689 2671 4759 qui
2691 4689 2945 4744 comitem
2982 4687 3360 4743 Fiandriarum
3386 4688 3769 4758 pontiﬁcaliter

2189 4783 2524 4853 increpavit;
2559 4791 2615 4836 et
2645 4782 2774 4852 quia
2797 4782 3017 4837 obedire
3047 4781 3285 4860 nolebat,
3316 4790 3643 4851 presentem
3677 4797 3769 4836 ex-

2189 4874 2639 4940 communicavit;
2668 4882 2973 4944 perpetrata
2994 4872 3242 4938 victoria,
3268 4872 3473 4944 fugatis
3497 4873 3765 4937 hostibus,

2188 4968 2411 5010 films-tae
2440 4968 2630 5010 nutrim-
2650 4982 2761 5010 nun
2791 4967 3047 5010 advortite
3076 4965 3255 5010 {iterat
3288 4967 3424 5010 Imm
3461 4974 3769 5010 mum-utut
