4022 5340
267 284 399 342 ίὶ81

1797 282 1974 339 νιΤΑ.

3378 282 3540 349 uss,

260 404 525 475 jacuerat,
547 398 646 455 etsi
671 407 1013 469 putrescente
1032 414 1197 455 carne
1238 414 1375 469 pene
1430 399 1690 455 membris
1715 413 1829 453 om-
1863 402 1915 456 A«
1938 415 1957 446 ‹
1989 395 2164 465 spatio
2188 393 2256 450 ad
2281 404 2532 451 carceres
2566 409 2599 448 α
2626 394 2763 451 cella
2783 396 3048 453 revocari.
3074 394 3215 462 Quid
3247 395 3394 451 enim
3412 396 3515 451 ha-

264 493 425 547 nibus
472 491 731 547 deﬂueret
767 491 963 545 humor
990 533 1006 559 ,
1052 507 1325 561 nusquam
1377 500 1557 546 tamen
1597 491 1832 546 cilicium

262 600 372 656 quo
397 600 427 637 a
450 583 639 639 diebus
664 598 777 637 sua:
811 582 1171 638 ordinationis
1200 598 1412 653 semper
1433 598 1568 638 usus
1588 589 1691 649 est,
1715 600 1836 638 mu—

264 687 378 731 tare
416 675 605 741 voluit,
638 689 815 744 neque
864 674 986 728 lecti
1028 673 1279 729 duritiem
1322 690 1353 728 a
1402 674 1682 744 proposito
1711 675 1835 728 reli-

261 768 436 840 gionis
458 768 634 838 rigore
657 766 854 821 molliri
879 765 1143 835 permisit.
1195 765 1502 822 Laborabat
1542 767 1597 820 in
1633 767 1835 836 gemitu

261 872 382 922 suo,
409 858 621 912 lavabat
645 871 740 926 per
763 856 1006 926 singulas
1029 863 1216 910 noctes
1264 857 1464 911 lectum
1515 873 1699 923 suum,
1751 857 1834 912 la—

261 948 463 1020 crymis
492 955 724 1002 stratum
775 962 934 1002 suum
981 947 1192 1017 rigabat
1223 946 1397 1019 (Psal.
1421 964 1498 1013 vt,
1531 947 1606 1017 7).
1645 948 1836 1015 Quoad

258 1038 413 1103 vixit,
472 1038 631 1108 panis
658 1039 994 1093 hordeaceus
1032 1039 1210 1093 victus
1248 1039 1368 1110 ejus
1409 1038 1512 1093 fuit
1551 1039 1832 1107 assiduus;

259 1146 358 1186 nec
387 1144 512 1185 eum
538 1130 644 1185 uisi
691 1117 807 1186 dies
854 1131 1111 1186 solemnis
1139 1131 1388 1198 levabat;
1427 1147 1589 1202 quem
1622 1132 1700 1189 sic
1723 1134 1835 1189 sol-

256 1221 423 1289 licite,
449 1222 530 1277 sic
553 1223 780 1277 honeste
821 1224 1075 1293 anteponi
1115 1224 1463 1279 mandaverat
1485 1225 1836 1295 inter‘epulas

257 1313 616 1382 pontiﬁcales,
641 1322 755 1369 uta
775 1315 924 1369 nullo
950 1315 1357 1372 convivantium
1393 1318 1596 1387 percipi
1620 1327 1830 1387 posset;

255 1404 429 1473 epulae
468 1406 688 1476 quidem
737 1406 986 1462 carnium
1024 1407 1355 1463 sutiicienter
1402 1409 1832 1478 apponebantur,

257 1496 352 1550 sed
375 1497 532 1565 panis
553 1504 607 1551 et
636 1513 779 1568 aqua
827 1497 1243 1569 disciplinaliter
1278 1501 1655 1557 sumebantur.
1691 1500 1836 1557 Inter

255 1586 610 1642 convivantes
654 1587 897 1657 jejunus,
947 1590 1088 1644 inter
1135 1588 1405 1659 jucundos
1428 1591 1645 1647 sobrius
1678 1599 1831 1657 erat;

256 1677 465 1733 mensis
509 1679 682 1749 ipsius
732 1696 1000 1750 pauperes
1040 1697 1320 1752 nunquam
1346 1683 1589 1751 deerant,
1632 1684 1834 1753 quibus

254 1768 508 1824 diurnam
559 1786 831 1825 annonam
863 1773 1004 1828 sicut
1031 1774 1345 1829 domesticis
1386 1776 1501 1831 suis
1530 1776 1834 1832 constitue-

256 1866 375 1924 rat;
422 1859 564 1914 inter
599 1876 740 1931 quos
760 1862 805 1915 si
830 1862 1081 1933 leprosus
1101 1865 1357 1931 venisset,
1380 1866 1617 1938 scyphus
1638 1868 1689 1923 ei
1706 1883 1839 1938 pon-

255 1946 473 2004 tiﬁcalis
498 1952 862 2019 prmbebatur,
885 1962 939 2007 et
976 1963 1235 2025 tanquam
1286 1958 1426 2011 calix
1469 1957 1683 2013 Domini
1705 1975 1838 2030 prae-

255 2039 442 2095 clarus
463 2041 659 2095 iterum
696 2046 938 2112 pontiﬁci
965 2047 1414 2116 praesentabatur.
1441 2047 1691 2106 Psalmos
1714 2067 1834 2123 pee-

255 2132 567 2189 nitentiales
594 2134 787 2191 diebus
811 2138 1144 2195 inﬁrmitatis
1167 2156 1280 2196 suae
1313 2140 1626 2197 intuebatur
1672 2152 1726 2199 et
1755 2145 1835 2199 le-

255 2220 436 2290 gebat,
453 2234 507 2276 et
533 2222 767 2279 ubertim
808 2243 873 2282 ac
917 2227 1120 2299 jugiter
1150 2229 1386 2296 dolebat,
1429 2240 1483 2285 et
1506 2248 1575 2287 ne
1608 2233 1837 2293 intentio

254 2311 376 2381 ejus
400 2328 431 2367 a
456 2328 733 2385 quoquam
771 2319 1144 2399 impediretur,
1183 2323 1450 2395 religiosis
1490 2333 1543 2379 et
1583 2327 1832 2383 ecclesia-

254 2405 409 2460 sticis
434 2407 565 2462 viris
587 2410 859 2477 utebatur,
884 2428 1117 2482 quorum
1142 2414 1514 2470 consolatione
1552 2417 1837 2486 passiones

255 2495 443 2551 carnis
478 2505 532 2552 et
569 2499 766 2555 anima:
789 2503 1080 2558 relevabat.

833 2612 1063 2670 CAPUT
1102 2616 1261 2689 ιλιι.

261 2701 360 2781 Ubi
388 2715 618 2781 aegrotus
639 2706 780 2781 lecto
798 2708 1159 2781 decubansjad
1183 2711 1411 2781 requiem
1432 2726 1714 2780 supernam
1740 2730 1837 2768 ann

324 2773 571 2852 helabat,
595 2785 648 2852 et
661 2776 909 2852 subjectis
941 2779 1139 2833 monita
1160 2773 1364 2849 pariter
1398 2789 1448 2834 et
1495 2773 1732 2852 exempla
1755 2801 1839 2836 sap

324 2843 459 2897 Iutis
485 2845 778 2899 exhibebat.

324 2955 372 3010 Ο
405 2957 777 3015 irrecusabilis
835 2962 1130 3017 necessitas
1171 2964 1390 3018 mortis!
1440 2979 1474 3017 ο
1510 2964 1838 3043 inevitabilis

253 3049 503 3107 conditio
524 3067 645 3120 qua:
670 3053 802 3107 nulli
826 3053 1030 3122 parcit!
1060 3063 1245 3109 noster
1266 3055 1535 3124 siquidem
1571 3057 1910 3136 pontiiex,'c

251 3148 366 3195 tam
392 3149 672 3197 senectute
694 3159 859 3213 quam
880 3146 1072 3199 morbo
1098 3145 1398 3212 confectus,
1422 3147 1563 3201 diem
1601 3162 1713 3203 suae
1744 3163 1840 3202 vo-

251 3232 495 3287 cationis
516 3233 769 3288 ultimum
793 3237 1161 3305 exspectabat,
1194 3244 1248 3291 et
1275 3237 1419 3292 sicut
1438 3253 1633 3293 cervus
1652 3237 1842 3295 sitiens

250 3325 319 3379 ad
348 3324 531 3380 fontes
554 3342 844 3397 aquarum,
870 3328 937 3382 ad
967 3344 1118 3398 spem
1157 3339 1373 3385 interna?
1393 3330 1593 3400 quietis
1613 3331 1836 3387 anhelas

249 3415 365 3471 bat.
408 3416 516 3483 Qui
558 3419 816 3473 nimirum
861 3420 915 3474 in
961 3420 1102 3475 lecto
1141 3421 1438 3488 decubans,
1481 3423 1607 3477 licet
1653 3422 1832 3481 fractis

248 3506 468 3561 viribus
489 3507 887 3577 deliquescens,
914 3510 1135 3565 morbos
1157 3519 1339 3565 tamen
1361 3519 1415 3566 et
1435 3526 1610 3567 annos
1642 3514 1843 3569 mentis

249 3595 579 3652 fortitudine
598 3599 844 3664 vincens,
881 3600 1082 3655 sanctis
1110 3600 1331 3655 monitis
1380 3601 1445 3657 ad
1475 3602 1837 3658 hiereditatem

248 3690 500 3744 caelestis
520 3690 711 3760 patria:
755 3701 981 3747 cunctos
1031 3692 1326 3759 invitabat;
1356 3694 1598 3750 imitator
1639 3694 1839 3767 quippe

247 3779 423 3834 ﬁebat
445 3780 695 3851 magistri
742 3781 849 3848 sui,
883 3783 949 3836 de
989 3798 1099 3852 quo
1147 3783 1346 3838 dicitur
1391 3802 1405 3838 :
1455 3783 1621 3855 Carpit
1679 3785 1835 3841 Iesus

247 3870 452 3939 facere,
474 3879 525 3924 et
547 3871 730 3924 docere
754 3871 892 3940 (Act.
919 3888 957 3939 ι,
984 3873 1056 3943 1).
1103 3872 1418 3930 lnsinuabat
1464 3878 1837 3933 mansuetudi~

246 3976 379 4015 nem
405 3969 462 4015 et
490 3960 944 4027 misericordiam,
971 3963 1272 4032 largitatem
1297 3964 1351 4017 in
1392 3980 1657 4035 pauperes
1678 3968 1836 4023 Chri-

245 4053 320 4109 sti
344 4067 519 4124 quam
545 4068 758 4123 semper
777 4063 1128 4121 exercuerat,
1170 4056 1374 4111 docens
1396 4066 1658 4126 quantam
1693 4061 1835 4131 apud

242 4150 427 4207 Deum
450 4145 837 4208 conﬁdentiam
863 4169 961 4223 pro
990 4154 1094 4208 hac
1134 4155 1227 4224 qui
1262 4165 1517 4210 exercent
1535 4172 1830 4229 conseque-

242 4253 467 4308 rentur,
494 4251 555 4297 ut
587 4258 681 4298 eos
721 4243 778 4297 in
827 4258 893 4299 eo
913 4245 1001 4299 die
1042 4245 1410 4315 periclitantes
1455 4247 1511 4301 in
1569 4257 1833 4304 aeternum

242 4350 415 4390 suum
447 4336 855 4389 tabernaculum
872 4335 1038 4408 [deest
1066 4337 1331 4407 reciperet
1357 4336 1437 4391 vel
1462 4338 1590 4408 quid
1611 4340 1828 4413 simile].

239 4426 635 4495 Compleverat
661 4436 713 4481 et
737 4428 852 4498 ipse
892 4429 1207 4484 mandatum
1255 4430 1627 4500 evangelicum
1682 4434 1832 4502 quod

162 4572 172 4583 ,
237 4517 379 4572 dicit
415 4535 429 4570 :
470 4516 638 4572 Vende
658 4535 775 4589 qua:
794 4518 970 4586 habes,
1013 4527 1063 4575 et
1096 4519 1165 4573 da
1186 4521 1523 4591 pauperibus,
1547 4530 1597 4577 et
1619 4523 1833 4578 habebis

238 4609 529 4663 thesauros
558 4610 615 4662 in
641 4610 768 4664 caelo
793 4610 1007 4682 (Matth.
1032 4628 1146 4678 ιιι,
1175 4612 1287 4681 2i).
1317 4611 1568 4670 Vendidit
1591 4631 1714 4684 sua,
1738 4617 1832 4672 sed

237 4699 396 4767 Deo;
430 4701 691 4769 quoniam
722 4703 789 4756 de
810 4703 1021 4757 cunctis
1043 4719 1166 4773 quae
1188 4704 1332 4774 juris
1363 4704 1446 4759 sui
1474 4716 1632 4762 erant
1663 4723 1830 4777 spon-

239 4806 364 4846 sam
388 4790 599 4845 Christi
627 4791 960 4858 Dominisui,
986 4804 1227 4849 sanctam
1244 4796 1493 4851 videlicet
1511 4796 1830 4865 Ecclesiam,

238 4881 706 4951 subarrhaverat;
729 4885 1085 4955 pluribusque
1108 4886 1262 4951 locis,
1277 4888 1416 4945 sicut
1439 4902 1604 4960 supra
1623 4899 1769 4945 taxa:
1784 4890 1832 4944 i-

236 4989 391 5038 mus,
414 4973 623 5029 Christi
634 4990 899 5046 pauperes
911 4978 1106 5043 alebat,
1120 4986 1173 5033 et
1193 4988 1454 5048 exoptans
1487 4990 1607 5041 toto
1631 4984 1831 5038 mentis

238 5064 455 5124 affectu
483 5065 745 5133 proﬁcere
768 5067 839 5123 de
857 5067 1056 5123 virtute
1080 5070 1135 5123 in
1160 5068 1434 5135 virtutem,
1461 5084 1700 5136 cunctos
1726 5074 1832 5130 sibi

235 5156 578 5211 commissos
603 5157 924 5215 hortabatur
946 5167 1005 5212 ut
1022 5166 1235 5229 poterat
1279 5174 1574 5232 praesentes
1604 5173 1834 5242 postpo-

238 5262 375 5301 nere
417 5250 704 5315 praesentis
769 5249 954 5306 saeculi
1013 5248 1277 5305 desideria
1332 5260 1381 5305 et
1418 5269 1620 5316 amare
1666 5257 1837 5315 caele-

1943 504 1962 537 ‹
1992 485 2079 541 bet
2100 487 2209 541 vita
2232 486 2470 542 humana
2482 487 2710 557 jucundi
2731 488 2754 540 ἳ
2774 488 2907 558 quid
2935 504 3045 546 non
3072 490 3256 561 potius
3274 491 3520 550 laboris?

1942 596 1961 629 ι
1989 575 2109 631 Non
2138 578 2268 633 libet
2321 578 2468 634 enim
2517 578 2651 633 mihi
2698 578 2983 649 deplorare
3022 582 3188 638 vitam
3242 584 3517 654 quomodo

1942 686 1960 718 σ
1996 669 2156 722 multi
2180 678 2233 724 et
2265 669 2469 724 indocti
2495 667 2727 738 faciunt,
2767 687 2943 742 neque
2978 689 3066 728 me
3114 672 3318 730 vixisse
3348 676 3517 745 pruni—

1941 776 1959 809 ι
1989 766 2085 825 tet,
2115 762 2375 829 quoniam
2399 761 2472 815 ita
2493 761 2601 815 vixi
2626 772 2687 815 ut
2713 778 2823 816 non
2846 760 3048 819 frustra
3072 780 3159 820 me
3184 775 3373 821 natum
3402 768 3518 824 exi—

1942 868 1959 899 ι
1992 850 2239 919 stimem;
2266 859 2320 905 et
2354 868 2421 907 ex
2455 852 2564 908 vita
2589 852 2813 908 discedo
2843 855 2916 909 ita
2948 864 3211 927 tanquam
3247 873 3316 914 ex
3338 859 3520 930 hospi—

1941 960 1960 991 ι
1989 940 2087 1008 tio,
2112 956 2222 995 non
2270 951 2531 1015 tanquam
2579 959 2609 999 e
2653 944 2839 1000 domo.
2895 947 3282 1004 Commorandi
3309 960 3519 1009 natura:

1941 1050 1959 1083 ι
1989 1041 2180 1088 auctor
2214 1032 2360 1089 Deus
2412 1035 2572 1090 nobis
2628 1036 3011 1103 diversorium,
3070 1056 3180 1095 non
3237 1026 3533 1099 habitandi.

1941 1142 1959 1173 ι
1988 1123 2154 1179 dedit.
2202 1123 2545 1182 Moriendum
2590 1137 2736 1184 certe
2757 1139 2861 1198 est,
2898 1140 2952 1186 et
2981 1131 3034 1185 id
3061 1131 3332 1189 incertum
3353 1151 3425 1191 an
3447 1116 3541 1191 eo.

1940 1232 1959 1265 ‹
1990 1215 2107 1285 ipso
2138 1215 2277 1272 die:
2340 1218 2523 1289 omnia
2562 1236 2694 1275 vero
2742 1237 2865 1291 quae
2909 1223 3212 1278 secundum
3260 1235 3517 1281 naturam

1940 1325 1958 1358 ‹
1989 1308 2144 1375 tiunt,
2181 1318 2308 1364 sunt
2340 1311 2586 1365 habenda
2610 1311 2666 1366 in
2694 1312 2872 1367 bonis.
2900 1313 3041 1381 Quid
3072 1324 3155 1370 est
3183 1324 3365 1371 autem
3402 1305 3535 1375 tam.

1940 1416 1957 1448 ‹
1989 1397 2292 1455 secundum
2337 1411 2588 1457 naturam
2636 1418 2802 1474 quam
2842 1405 3069 1463 senibus
3112 1408 3325 1463 emori?
3356 1407 3519 1465 Horae

1940 1506 1959 1539 ς
1989 1490 2209 1561 quidem
2235 1492 2436 1547 cedunt
2456 1502 2509 1549 et
2557 1494 2695 1562 dies,
2756 1504 2810 1550 et
2842 1512 3081 1564 menses,
3103 1505 3158 1552 et
3196 1500 3358 1567 anni;
3419 1516 3521 1557 nec

1940 1601 1959 1634 ι
1986 1582 2321 1652 praeteritum
2339 1592 2552 1656 tempus
2591 1601 2837 1656 unquam
2896 1588 3208 1657 revertitur,
3252 1605 3354 1646 nec
3383 1592 3520 1662 quid

1940 1690 1960 1722 ι
1984 1679 2245 1741 sequatur
2298 1672 2429 1727 sciri
2478 1683 2695 1744 potest:
2740 1675 2888 1746 quod
2926 1677 3124 1747 cuique
3166 1681 3429 1750 temporis
3452 1682 3523 1738 ad

1942 1781 1960 1813 ι
1992 1761 2282 1817 vivendum
2309 1763 2489 1830 datur,
2513 1780 2579 1819 eo
2620 1764 2778 1820 debet
2804 1782 2924 1821 esse
2952 1760 3281 1824 contentus:
3308 1752 3535 1829 tantum“

1943 1872 1962 1906 c
1993 1863 2239 1909 remanet
2280 1854 2426 1925 quod
2468 1865 2612 1911 recte
2665 1855 2826 1913 factis
2868 1866 2921 1912 et
2943 1857 3143 1914 virtute
3192 1874 3521 1919 consecutus

1943 1945 2090 2012 «sis,
2152 1944 2249 2001 sed
2294 1947 2512 2001 vivendi
2566 1948 2694 2003 ﬁnis
2744 1958 2827 2004 est
2872 1951 3111 2021 optimus
3141 1968 3267 2008 cum
3313 1942 3529 2026 integra-

1943 2054 1961 2087 ι
1992 2043 2172 2091 mente
2194 2036 2465 2108 certisque
2487 2039 2737 2095 sensibus
2763 2055 2901 2110 opus
2939 2041 3055 2112 ipse
3089 2059 3250 2107 suum
3294 2045 3390 2115 qui
3424 2062 3521 2101 co-

1943 2145 1961 2179 ι
1995 2128 2351 2198 agmentavit,
2378 2128 2647 2197 dissolvit,
2678 2138 2734 2186 et
2756 2131 3044 2211 aediﬁcium
3084 2134 3227 2190 idem
3266 2134 3524 2193 facillime

1944 2239 1962 2272 ι
1989 2221 2245 2289 destruit,
2292 2223 2386 2294 qui
2425 2226 2735 2287 construxit
2776 2226 2896 2293 ;sie
2943 2227 3220 2285 hominem
3266 2233 3518 2288 eumdem

1943 2331 1963 2364 σ
1993 2313 2195 2383 optime
2224 2315 2319 2384 qui
2348 2300 2743 2386 conglutinavit
2776 2316 2942 2386 Deus,
2980 2319 3248 2376 dissolvit.
3293 2321 3523 2379 Mortem

1944 2423 1964 2456 ι
1994 2403 2159 2475 igitur
2202 2407 2460 2461 omnibus
2502 2407 2655 2464 horis
2699 2408 3103 2479 impendentem
3150 2412 3519 2481 meditemur;

1945 2513 1965 2548 ι
1993 2511 2119 2551 nam
2142 2497 2271 2552 dum
2303 2512 2496 2554 sumus
2517 2498 2573 2553 in
2598 2499 2685 2554 his
2709 2502 3066 2571 compagibus
3094 2504 3360 2573 corporis,
3383 2520 3523 2575 quo-

1944 2606 1964 2639 ι
1992 2586 2119 2642 dam
2138 2588 2484 2643 necessitatis
2504 2597 2560 2644 et
2583 2590 2731 2659 gravi
2776 2606 2940 2662 opere
2980 2591 3357 2666 perfungimur
3383 2614 3396 2650 :
3426 2596 3525 2651 sed

1943 2696 1966 2730 ι
1994 2677 2111 2748 ipse
2132 2678 2278 2734 Deus
2297 2688 2487 2735 auctor
2508 2680 2933 2738 immortalitatis
2955 2691 3015 2738 ut
3035 2683 3194 2739 tinem
3219 2686 3525 2757 imponeret

1944 2784 1964 2818 ι
1992 2769 2326 2836 necessitati,
2352 2769 2647 2825 terminum
2693 2772 2817 2827 vita:
2867 2775 3075 2829 carnali
3117 2775 3283 2843 dedit,
3329 2776 3522 2833 volens

1944 2876 1965 2911 ι
1994 2875 2095 2914 nos
2139 2861 2325 2916 venire
2345 2862 2413 2917 ad
2443 2863 2625 2932 ipsum
2660 2879 2864 2920 munus
2896 2865 3354 2935 immortalitatis;
3378 2868 3523 2927 unde

1945 2966 1965 2999 ι
1992 2964 2061 3002 ne
2085 2950 2353 3004 censeatis
2375 2950 2664 3020 lugendam
2690 2961 2923 3009 mortem
2945 2971 3111 3025 quam
3136 2958 3522 3014 immortalitas

1946 3056 1965 3089 ‹
1995 3039 2369 3109 consequitur.
2396 3039 2457 3094 Si
2480 3041 2620 3095 enim
2645 3042 2907 3097 credimus
2923 3046 3062 3116 quod
3086 3042 3241 3101 Iesus
3283 3056 3521 3101 mortuus

1948 3147 1968 3180 ‹
1995 3137 2073 3182 est
2101 3138 2149 3182 et
2172 3132 2477 3198 resurrexit,
2504 3133 2585 3186 ita
2604 3141 2655 3187 et
2676 3132 2820 3188 Deus
2852 3151 2938 3189 eos
2966 3137 3056 3208 qui
3085 3136 3411 3193 dormierunt
3429 3154 3524 3209 per

1946 3237 1965 3270 ‹
1993 3218 2177 3273 Iesum
2204 3221 2432 3276 adducet
2460 3239 2580 3276 cum
2592 3240 2651 3277 eo
2678 3222 2733 3294 (Ι
2760 3223 2995 3281 Thessal.
3024 3244 3097 3296 tv,
3128 3228 3271 3300 15).»

2496 3394 2729 3452 CAPUT
2766 3397 2950 3465 LXIV.

1942 3523 2064 3593 Ubi,
2088 3533 2327 3599 percepto
2369 3526 2831 3605 uiaticocorporis
2862 3534 3238 3605 ‘et‘sanguinis
3280 3534 3517 3605 Domini,

2458 3598 2707 3665 spiritum
2751 3600 2996 3656 tradidit.

2008 3732 2153 3789 Inter
2177 3733 2294 3789 haec
2326 3734 2491 3789 ﬂante
2538 3743 2725 3789 austro
2754 3735 2926 3792 lilium
2971 3738 3173 3795 sensim
3220 3740 3275 3796 in
3317 3741 3522 3811 pallore

1934 3824 2225 3896 migrabat,
2254 3826 2385 3895 quia
2419 3826 2666 3881 videlicet
2693 3829 2864 3883 omnis
2891 3847 3015 3884 caro
3046 3832 3243 3900 fenum,
3268 3842 3323 3886 et
3347 3834 3519 3887 omnis

1935 3916 2106 3986 gloria
2127 3916 2241 3986 ejus
2265 3919 2419 3987 quasi
2438 3919 2536 3987 ﬂos
2560 3917 2667 3987 feni
2699 3918 2835 3990 (Isa.
2865 3938 2954 3988 xc,
2984 3922 3061 3992 6).
3089 3922 3244 3989 Quod
3267 3922 3519 3979 animad-

1933 4020 2203 4069 vertentes
2217 4011 2312 4083 qui
2339 4012 2583 4079 aderant,
2606 4011 2940 4069 sacrosancti
2970 4010 3247 4083 Evangelii
3267 4011 3522 4069 deferunt

1934 4106 2199 4173 codicem,
2250 4115 2523 4176 quatenus
2562 4105 2833 4162 recedenti
2876 4107 2944 4160 de
2977 4107 3178 4161 saeculo
3224 4106 3521 4163 Dominicze

1932 4198 2208 4268 passionis
2222 4197 2485 4267 supplicia
2517 4212 2640 4267 qua:
2666 4212 2766 4267 pro
2789 4205 2973 4253 nostra
2997 4197 3366 4266 redemptione
3388 4213 3519 4253 sus—

1935 4288 2098 4342 tinuit
2144 4288 2522 4353 recitarentur,
2569 4295 2625 4341 et
2663 4288 2970 4343 daemonum
3004 4288 3229 4357 spiritus
3255 4296 3418 4343 tantae
3442 4289 3520 4343 le-

1864 4413 1909 4466 D
1934 4380 2133 4436 ctionis
2158 4380 2466 4435 ventilabro
2501 4380 2911 4450 repellerentur.
2941 4379 3189 4449 Cumque
3217 4394 3248 4434 a
3281 4379 3519 4435 cireum-

1935 4470 2204 4526 stantibus
2233 4472 2659 4541 interrogaretur
2679 4485 2749 4524 an
2780 4468 3196 4524 intenderet-his
3219 4486 3342 4540 qua:
3369 4471 3519 4542 lege-

1933 4562 2153 4628 bantur,
2181 4561 2465 4631 respondit
2497 4561 2715 4616 recitari
2737 4560 3049 4632 passionem
3081 4559 3286 4617 Christi
3320 4577 3519 4618 secun-

1933 4652 2063 4707 dum
2092 4650 2441 4722 Evangelium
2473 4649 2743 4706 Joannis.’
2761 4650 3057 4721 Postquam
3093 4660 3313 4706 ventum
3342 4663 3425 4708 est
3450 4655 3521 4710 ad

1935 4744 1988 4799 id
2019 4763 2031 4797 :
2064 4742 2197 4798 Cum
2223 4759 2343 4813 ergo
2374 4742 2659 4812 accepisset
2683 4741 2840 4796 Iesus
2877 4750 3104 4807 acetum,
3132 4742 3273 4798 dixit
3314 4760 3330 4797 :
3374 4743 3517 4800 Con—

1936 4840 2256 4890 summatum
2306 4842 2387 4887 est
2426 4830 2609 4904 (Joan.
2650 4850 2765 4899 xrx,
2801 4831 2915 4904 30),
2959 4833 3267 4904 percipiens
3309 4843 3366 4889 et
3404 4835 3522 4904 ipse

1938 4926 2194 4995 viaticum
2222 4925 2483 4995 corporis
2509 4932 2565 4991 et
2593 4923 2877 4997 sanguinis
2896 4921 3123 4989 Christi,
3152 4924 3294 4978 inter
3322 4940 3524 4989 manus

1938 5011 2478 5089 plangentium,Deo,
2496 5014 2583 5069 cui
2612 5013 2796 5089 omnia
2823 5013 3034 5078 vivunt,
3062 5019 3117 5067 et
3134 5012 3223 5066 cui
3255 5027 3364 5069 non
3392 5030 3522 5085 per-

1937 5117 2071 5169 eunt
2092 5104 2372 5162 moriendo
2422 5121 2650 5168 corpora
2666 5112 2877 5171 nostra,
2900 5104 2993 5160 sed
3019 5110 3300 5161 mutantur
3324 5105 3382 5160 in
3405 5121 3523 5167 me.

1939 5205 2067 5266 lius,
2099 5210 2260 5253 suum
2285 5197 2508 5254 tradidit
2528 5199 2780 5269 spiritum
2815 5195 3076 5251 vicesimo
3110 5203 3263 5250 sexto
3298 5199 3525 5256 ordina-

2060 5290 2107 5316 ζι-
2134 5300 2244 5316 anm
2274 5301 2417 5316 ητις-ιλ
2442 5288 2565 5316 1⁵⁸12..
2593 5290 2877 5316 Αυιὲηιιιιληιι
2925 5300 3087 5316 ..Λυδήν
3117 5288 3376 5316 απυδ-υἷι...
3432 5306 3498 5316 ..Α
