4022 5340
447 182 595 238 ’1185

1033 304 1260 362 CAPUT
1302 304 1464 361 LXV.

563 423 639 479 De
665 423 979 494 quibusdam
1001 423 1273 477 miraculis
1300 423 1355 476 in
1384 422 1498 493 ejus
1521 420 1665 476 obitu
1688 421 1932 476 ostensis.

529 527 735 585 Testati
767 537 895 584 sunt
924 528 1017 599 qui
1047 527 1433 594 interfuerunt,
1470 534 1595 598 post
1628 526 1892 582 emissum
1926 525 2042 596 spi-

455 618 624 675 ritum
658 621 980 691 capillorum
1007 620 1179 690 ipsius
1200 619 1503 674 albedinem
1533 618 1588 672 in
1620 616 1912 688 pristinum
1953 631 2043 671 re—

454 709 625 769 diisse
644 714 880 769 colorem
910 712 1232 784 juventutis.
1268 709 1521 766 Testatur
1554 710 1720 765 etiam
1753 708 2044 781 religioso-

456 822 583 861 rum
623 806 869 861 virorum
915 803 1321 861 contubernalis
1359 803 1583 869 veritas,
1626 802 1773 873 quod
1808 816 1906 872 per
1951 800 2046 856 de-

455 898 710 953 cennium
736 898 1056 969 priusquam
1075 896 1185 950 vita
1200 895 1481 950 decederet
1498 909 1531 949 a
1553 900 1698 948 tactu
1725 891 2044 973 genitalium

458 991 830 1045 membrorum
859 988 1076 1059 penitus
1108 987 1453 1053 abstinuerit,
1509 985 1604 1040 sed
1645 984 1693 1040 si
1745 984 2045 1039 necessitas

455 1080 726 1134 naturalis
750 1080 836 1133 vel
862 1080 915 1133 in
942 1066 1238 1148 equitando
1266 1077 1351 1132 vel
1396 1077 1452 1130 in
1486 1075 1771 1146 procinctu
1803 1074 2046 1154 quolibet

457 1170 566 1225 alio
586 1179 812 1241 tangere
832 1169 1115 1240 compulit,
1139 1169 1223 1223 vel
1254 1168 1435 1239 pallio,
1473 1167 1558 1223 vel
1591 1165 1818 1223 camisia
1846 1157 2045 1223 manus

454 1262 713 1316 obvolvit.
744 1260 884 1315 Dum
904 1276 1033 1316 vero
1059 1275 1260 1330 corpus
1293 1259 1413 1330 ejus
1444 1268 1723 1314 mortuum
1745 1259 2046 1315 nudaretur

455 1351 521 1404 ad
563 1350 876 1416 lavandum,
936 1357 997 1404 ut
1043 1356 1377 1404 monstraret
1406 1346 1551 1402 Deus
1584 1347 1729 1419 quod
1776 1348 2040 1420 pudorem

453 1439 727 1494 castitatis
760 1448 1093 1505 servaverat,
1129 1454 1190 1493 ea
1225 1437 1470 1493 membra
1513 1438 1827 1494 cancellatis
1862 1438 2042 1493 mani—

454 1530 557 1585 bus
582 1520 687 1585 sibi
720 1530 874 1597 texit,
900 1531 1091 1602 sicque
1120 1531 1295 1585 donec
1328 1529 1710 1585 reindueretur
1742 1530 1936 1602 iacuit,
1960 1530 2043 1585 lo-

1448 175 1504 233 S.
1537 166 1901 233 LIETBERTI
1936 172 2465 231 CAMERACENSIS
2504 170 2718 230 EPISC.
2754 170 2934 229 VlTA.

3590 170 3726 229 ιιει

2073 294 2114 348 Α
2209 297 2259 344 et
2284 288 2530 344 dedicare
2564 288 2775 353 meruit,
2808 295 2930 341 ante
2964 284 3373 357 quinquennium
3406 285 3515 341 sibi
3547 285 3725 355 sepul-

2216 376 2363 414 crum
2382 359 2543 428 effodi
2565 358 2766 429 fecerit,
2793 359 2849 412 in
2871 355 2985 429 quo
3007 366 3058 411 et
3085 355 3319 428 sepultus
3347 358 3648 428 requiescit.

2215 448 2370 506 Mane
2393 449 2557 518 facto,
2575 449 2886 505 detulerunt
2916 449 3049 504 illud
3072 450 3140 506 ad
3162 450 3557 505 monasterium
3584 448 3729 505 San-

2144 541 2217 597 cti
2244 540 2489 612 Sepulcri
2527 534 2679 611 quod
2713 557 2745 597 a
2776 539 2946 596 fundo
2969 541 3112 597 sicut
3142 548 3228 597 est
3259 541 3644 607 aedificaverat,
3674 549 3731 596 et

2145 634 2395 690 ordinato
2425 634 2617 690 abbate
2654 642 2713 690 et
2753 634 3039 690 monachis
3073 634 3252 690 locum
3280 634 3729 705 possessionibus

2144 734 2200 780 et
2232 725 2397 782 rebus
2420 726 2724 782 commodis
2746 719 2890 781 sicut
2913 726 3178 782 hactenus
3217 727 3460 782 cernitur
3490 727 3732 783 honora-

2145 825 2315 873 verat.
2343 815 2422 873 Ibi
2452 834 2669 889 quoque
2698 825 2823 874 ante
2843 818 3278 889 quinquennium
3303 834 3470 890 quam
3488 819 3603 874 vita
3634 818 3733 874 de-

2146 908 2358 964 cederet
2377 906 2538 963 effodi
2577 908 2890 979 sepulcrum
2923 909 3027 964 sibi
3065 907 3214 977 fecit,
3254 909 3400 981 quod
3430 910 3599 966 certis
3615 910 3733 965 die-

2145 998 2248 1053 bus
2273 999 2536 1066 revisens,
2576 1008 2631 1053 et
2657 998 2834 1069 primo
2866 1000 3088 1071 quidem
3132 1000 3367 1071 desuper
3405 998 3733 1058 incumbens

2143 1089 2400 1162 lacrymis
2441 1099 2497 1147 et
2551 1092 2845 1163 gemitibus
2873 1091 3081 1149 fossam
3123 1091 3505 1164 perfundebat,
3535 1092 3734 1149 deinde

2144 1200 2286 1255 pane
2307 1186 2394 1241 vel
2420 1201 2605 1254 carne,
2627 1184 2714 1243 vel
2749 1185 2872 1242 aliis
2898 1186 3122 1242 cibariis
3143 1186 3420 1256 implebat,
3444 1201 3571 1257 qua:
3588 1200 3733 1256 pau-

2144 1278 2369 1349 peribus
2397 1277 2612 1350 erogari
2648 1294 2775 1334 mox
2818 1276 3071 1334 faciebat.
3118 1276 3375 1349 Sepultus
3414 1285 3498 1334 est
3544 1286 3732 1333 autem

2146 1388 2271 1429 cum
2295 1371 2468 1443 gloria
2487 1380 2540 1427 et
2556 1372 2763 1426 honore
2782 1370 3082 1441 pontificali
3103 1384 3248 1425 anno
3267 1367 3620 1440 pontiﬁcatus
3644 1366 3735 1422 sui

2145 1464 2408 1521 vicesimo
2439 1472 2594 1520 sexto
2618 1462 2754 1536 (12),
2786 1478 2935 1519 nono
2960 1460 3232 1517 Kalendas
3251 1459 3401 1528 Julii,
3431 1459 3735 1516 Dominica:

2146 1556 2543 1614 lncarnationis
2596 1554 2753 1623 1076,
2814 1552 3154 1625 temporibus
3207 1551 3456 1623 Gregorii
3510 1549 3733 1621 septimi

454 1631 545 1721 "1.5
579 1637 742 1721 ἥρω’
778 1621 1017 1721 vim?“
1055 1618 1309 1691 perfusus
1351 1627 1641 1721 Ῑῖξδδιίῖξηξφ
1689 1620 2045 1721 Ῡθωθῖθιίδυξ
2077 1649 2121 1704 Β
2145 1664 2318 1721 νίψω,
2366 1640 2628 1718 regnante
2673 1618 2908 1700 Domino
2929 1618 3140 1699 -nostro
3184 1618 3597 1707 Jesu-Christo,
3640 1637 3735 1693 cui

454 1712 742 1768 reindutus
765 1713 1077 1783 complosas
1118 1727 1318 1768 manus
1357 1712 1629 1779 dissolvit,
1657 1714 1845 1784 sicque
1884 1714 2044 1784 quasi

455 1819 653 1860 rursus
680 1813 911 1860 mortuae
952 1804 1284 1860 reciderunt.
1316 1802 1422 1871 Qui
1448 1804 1674 1860 aderant
1702 1805 2042 1875 gloriﬁcave-

456 1905 589 1951 runt
605 1895 800 1963 Deum,
829 1896 923 1967 qui
953 1896 1085 1951 facit
1108 1912 1196 1952 res
1222 1896 1531 1962 mirabiles;
1560 1905 1615 1951 et
1647 1895 1857 1953 funeris
1883 1912 2043 1953 exsev

457 1986 617 2057 quias
639 1976 924 2057 explentes
951 1986 1268 2042 levaverunt
1292 2001 1493 2057 corpus
1524 1985 1746 2054 feretro,
1773 1988 1920 2058 quod
1945 1988 2042 2042 de-

458 2076 694 2133 ferentes
716 2078 1034 2134 locaverunt
1057 2078 1114 2132 in
1146 2078 1380 2133 ecclesia
1419 2075 1634 2133 Sanctae
1666 2076 1764 2132 Dei
1802 2076 2044 2133 Genitri-

458 2166 538 2221 cis
562 2173 617 2221 et
639 2176 917 2238 perpetuat
944 2167 1172 2238 virginis
1193 2165 1399 2233 Mariae,
1425 2166 1755 2238 vigiliasque
1779 2167 1958 2222 noctis
1980 2168 2048 2221 il-

457 2257 567 2313 lius
604 2274 731 2314 cum
762 2259 989 2331 psalmis
1019 2268 1073 2315 et
1098 2258 1441 2315 orationibus
1489 2273 1614 2315 cum
1636 2259 1785 2315 luctu
1823 2267 1878 2316 et
1911 2275 2047 2317 mneo

458 2364 583 2403 rore
612 2350 872 2418 maximo,
898 2359 1245 2422 peregerunt.
1346 2358 1347 2363 ‘

1023 2516 1251 2574 CAPUT
1291 2516 1475 2573 LXVI.

463 2631 618 2698 Quod
645 2634 700 2688 in
726 2634 949 2690 ecclesia
977 2633 1161 2692 Sancti
1178 2632 1440 2705 Sepulcri,
1467 2650 1627 2706 quam
1654 2637 1762 2704 ipse
1782 2634 2048 2706 mdiﬁcare

2147 1750 2232 1795 est
2257 1741 2435 1794 honor
2460 1745 2513 1792 et
2534 1736 2706 1808 gloria
2732 1736 2789 1791 in
2823 1735 3021 1792 saecula
3049 1734 3397 1790 saeculorum.
3422 1732 3621 1787 Amen.

2150 1828 2305 1902 (Quae
2331 1834 2621 1899 sequuntur
2643 1825 2709 1902 _a_b
2738 1825 2845 1880 alio
2876 1835 3090 1902 auctore
3108 1825 3309 1902 scripta
3328 1838 3440 1878 esse
3488 1829 3738 1876 constare

2604 1896 2812 1950 videtur
2840 1911 2904 1950 ex
2925 1912 2972 1950 c.
3000 1896 3037 1949 2
3060 1892 3265 1965 supra.)

2214 1989 2440 2047 Decimo
2467 1988 2740 2045 Kalendas
2784 1986 2915 2044 Julii
2960 1987 3098 2043 obiit
3146 1987 3384 2042 domnus
3422 1984 3738 2040 Lietbertus

2144 2082 2437 2153 episcopus
2470 2079 2884 2135 Cameracensis
2906 2086 3069 2150 atque
3104 2075 3480 2133 Atrebatensis
3510 2075 3737 2131 tricesi-

2146 2184 2273 2225 mus
2323 2170 2557 2239 primus,
2597 2183 2745 2223 anno
2793 2166 3089 2223 Dominica:
3126 2164 3520 2221 lncarnationis
3573 2162 3737 2229 1076,

2148 2269 2346 2332 quarto
2366 2258 2635 2315 Kalendas
2662 2257 2935 2315 Octobris.
2969 2256 3278 2313 Translatio
3299 2255 3421 2327 ejus
3445 2267 3596 2310 anno
3619 2251 3735 2307 Do-

2151 2354 2367 2411 minica:
2382 2353 2779 2411 lncarnationis
2804 2353 2960 2407 1211.
2984 2350 3236 2407 Abobitu
3259 2363 3437 2421 usque
3463 2347 3532 2403 ad
3554 2357 3738 2402 trans-

2150 2446 2410 2501 lationem
2443 2445 2564 2516 ejus
2598 2445 2735 2513 155;
2780 2459 2812 2499 a
2841 2442 3200 2498 translatione
3243 2440 3423 2511 prima
3454 2452 3637 2510 usque
3665 2437 3736 2491 ad

2176 2541 2443 2603 ecundam
2509 2540 2639 2596 anni
2689 2537 2751 2593 61
2773 2580 2789 2604 ,
2848 2551 2970 2608 qua:
3025 2535 3168 2592 facta
3218 2543 3302 2590 est
3356 2541 3553 2607 octavo
3607 2529 3737 2585 ldus

2149 2631 2297 2688 Junii

465 2815 3712 2845 Μ

470 2971 890 3051 Epitaphium
928 2969 1166 3031 domini
1210 2967 1514 3030 Lictberti
1550 2965 2011 3028 Cameracensis
2048 2964 2347 3044 wiscopi,
2389 2960 2656 3025 ecclesia:
2681 2960 3000 3023 Dominici
3024 2956 3317 3040 Scpulcri
3342 2955 3732 3041 fundatam.

1139 3148 1425 3206 Clauderis
1453 3147 1561 3204 hoc
1581 3146 1739 3203 titulo
1761 3146 2026 3217 lapidum,
2052 3144 2313 3201 metberte
2341 3145 2600 3202 sacerdos

1281 3238 1418 3311 Spes
1446 3247 1502 3296 et
1524 3253 1678 3295 amor
1700 3239 1911 3309 patriae,
1935 3239 2079 3304 laus,
2104 3237 2274 3293 decus
2294 3235 2572 3293 Ecclesiae.

1141 3331 1401 3403 Hancque
1423 3331 1647 3386 domum
1672 3329 1877 3385 Christi
1900 3344 1996 3400 spe
2019 3328 2147 3383 felix
2175 3327 2485 3396 instituisti,

1274 3422 1492 3479 Rursus
1514 3431 1577 3478 ut
1597 3410 1789 3478 octava
1812 3421 1934 3477 luce
1960 3420 2166 3476 fruaris
2187 3435 2272 3475 ea.

1132 3514 1419 3570 Clauditur
1441 3514 1662 3569 incessu
1684 3510 1906 3581 Cancri,
1942 3514 2186 3584 solisque
2213 3527 2432 3569 recessu

1286 3603 1417 3660 Orbi
1447 3612 1599 3660 sexta
1628 3602 1766 3669 dies,
1789 3617 1914 3673 quae
1937 3603 2036 3658 tibi
2060 3603 2135 3658 sit
2161 3604 2399 3675 requies.

512 3757 3726 3803 *ετξ-’Ἧι

1460 3922 2144 4026 LlETBEBTI
2221 3874 2737 4030 CHARTA

751 4125 844 4188 De
875 4124 1345 4190 constituendis
1381 4125 1712 4189 canonicis
1740 4126 2152 4207 regularibus
2186 4129 2258 4191 in
2292 4128 2561 4192 ecclesia
2589 4132 2649 4192 S.
2684 4132 2981 4195 Autberti
3010 4133 3478 4197 Cameracensi.

1910 4288 2091 4359 (Anno
2119 4289 2303 4362 i066.)
2342 4253 2347 4257 ‘

1336 4438 1511 4508 (Actes
1534 4439 1599 4493 de
1619 4438 1675 4493 la
1698 4439 1942 4509 province
1970 4438 2363 4525 ecclésiastique
2383 4440 2447 4494 de
2465 4439 2662 4508 Reims,
2687 4440 2753 4511 ll,
2779 4442 2893 4514 77.)

1921 4620 2295 4632 Μ

440 4837 444 4840 ⁴
550 4765 914 4832 Lunares,
940 4763 1036 4819 Dei
1064 4762 1237 4836 gratia
1258 4760 1737 4818 Cameracensium
1757 4761 2067 4833 episcopus,
2096 4771 2138 4829 C
2172 4777 2467 4837 secratum,
2498 4770 2593 4826 ubi
2621 4779 2767 4828 retro
2790 4773 3202 4848 deserviebatur
3238 4774 3417 4832 ofﬁcio
3441 4778 3734 4835 unonieo-

479 4857 893 4915 successoribus
937 4854 1054 4912 suis
1080 4852 1355 4925 episcopis
1381 4895 1394 4920 ,
1425 4861 1482 4909 et
1514 4852 1727 4909 caeteris
1758 4850 1968 4909 Christi
2000 4852 2064 4908 fi-
2168 4875 2292 4915 rum
2334 4878 2347 4914 :
2388 4860 2589 4931 quibus
2618 4864 2916 4935 injunctam
2952 4866 3270 4923 servitutem
3303 4867 3731 4941 negligentibus,

479 4948 692 5004 delibus
720 4945 1108 5016 sempiternam
1137 4944 1387 5015 gloriam.

2169 4952 2335 5021 coepit
2362 4952 2519 5009 locus
2546 4954 2636 5010 ille
2659 4955 2936 5025 vilescere,
2966 4967 3021 5013 et
3055 4957 3110 5013 in
3146 4957 3264 5014 dies
3289 4974 3321 5014 a
3346 4959 3547 5030 prioris
3573 4961 3735 5016 hono-

549 5038 646 5094 Est
678 5037 954 5104 quoddam
989 5052 1110 5092 Eli":
1123 5035 1385 5092 asterium
1418 5033 1562 5089 infra
1590 5048 1780 5090 muros
1808 5032 2066 5090 Camera-

2167 5042 2447 5100 rilicentie:
2467 5054 2614 5102 statu
2634 5047 2924 5104 declinare.
2953 5047 3068 5104 Hoc
3094 5063 3197 5104 eeo
3230 5050 3585 5104 considam-:3
3610 5068 3735 5104 cou-
