4022 5340
268 247 431 316 Η85,

977 255 1325 316 ROGERIUS
1360 260 1452 316 JC.
1496 261 1769 320 ITALUS.
1804 296 1874 308 -—-
1902 267 1988 324 DE
2028 269 2347 328 DIVERSIS
2383 269 2810 328 PRESCRIPT.

3391 277 3413 330 1
3425 279 3528 333 486

265 365 546 462 regulares
574 367 888 462 canonicos,
919 369 988 424 de
1012 375 1289 431 communi
1315 376 1579 445 viventes,
1616 386 1672 433 et
1712 379 1848 434 nihil
1875 387 1923 442 Α
1948 386 2172 456 insuper
2199 395 2526 462 potestatem
2555 387 2792 443 donandi
2828 387 3145 458 prabendas
3181 389 3364 445 abbati
3393 406 3528 446 con-

267 457 548 526 proprium
579 458 858 525 habentes,
895 470 950 515 et
975 461 1218 532 ejusdem
1246 466 1604 535 professionis
1626 479 1681 525 et
1708 473 1851 528 ordi-

266 548 354 602 nis
379 549 629 604 abbatem
655 565 722 604 eo
747 551 804 605 in
829 553 949 607 loco
975 556 1256 623 constitui;
1286 560 1608 615 restauratis
1640 572 1695 616 et
1719 563 1851 618 alibi

264 639 532 694 restitutis
565 641 868 709 praebendis
901 645 1288 702 canonicorum
1320 649 1557 718 illorum,
1593 653 1688 723 qui
1717 670 1848 724 pro-

263 731 446 799 prium
471 732 788 801 retinentes,
813 735 923 791 illic
943 740 1309 795 communiter
1330 742 1512 797 vivere
1533 745 1844 800 noluerunt.

266 819 604 877 Edilitatem
641 817 772 879 vero
809 837 863 880 et
902 829 1315 897 praepositurum
1341 872 1356 898 ,
1400 847 1524 902 quae
1560 834 1666 888 mei
1706 835 1850 905 juris

264 921 420 966 erant
442 953 458 978 ,
488 922 685 982 prater
727 917 951 987 antiqua
985 919 1128 974 bona
1165 921 1330 990 hujus
1360 923 1498 991 loci,
1537 939 1632 993 per
1665 927 1848 989 consi-

264 1003 399 1057 lium
429 1005 961 1076 archidiaconorum,
996 1020 1051 1066 et
1080 1014 1494 1080 canonicorum,
1530 1025 1584 1070 et
1624 1027 1848 1071 caeteru-

265 1110 388 1151 rum
418 1097 656 1153 fidelium
689 1107 1002 1156 nostrorum
1029 1144 1043 1168 ,
1073 1103 1202 1160 huic
1232 1105 1476 1162 ecclesiae
1512 1109 1751 1174 contuli,
1793 1121 1844 1166 et

1947 489 2087 531 0888!

2018 565 2248 638 Signum
2293 567 2512 624 Henrici
2537 569 2650 640 (IV)
2681 570 2845 642 regis.
2879 569 3233 642 Sigishardus
3262 574 3532 628 cancella—

1944 656 2081 725 rius,
2108 659 2226 715 vice
2255 659 2498 732 Sigifridi
2528 661 3016 728 archicancellarii,
3042 664 3353 734 recognovi.
3397 663 3530 720 Data

1946 763 2092 804 anno
2122 747 2417 807 Dominica:
2453 751 2848 808 Incarnationis
2881 753 3041 821 1066,
3066 755 3256 810 indict.
3285 773 3357 823 tv,
3387 761 3533 811 anno

1946 850 2129 896 autem
2178 843 2538 900 ordinationis
2580 842 2800 900 Ilenrici
2847 840 2960 916 (IV)
3005 847 3150 919 regis
3195 864 3335 916 xm,
3377 850 3533 918 regni

1945 947 2076 987 vero
2104 949 2159 988 Χ.

2017 1025 2212 1079 Actum
2236 1023 2599 1081 Triremundi.

1552 1448 1682 1487 POS'I'
1724 1449 1926 1487 MEDIUI
1965 1449 2239 1489 S‘ECUIIH.

1383 1613 2403 1774 ROGERIUS.

1743 1870 2118 1883 ψ

1184 1973 1516 2034 NOTITIA
1561 1974 1996 2037 HISTORICA
2042 1976 2122 2037 IN
2168 1976 2613 2038 ROGERIUM.

1079 2130 1370 2201 (FABRIC.,
1417 2133 1672 2189 Biblioth.
1741 2136 1878 2190 med.
1936 2147 1985 2190 et
2046 2138 2144 2207 inf.
2206 2135 2326 2190 Lat.
2386 2135 2487 2201 VI,
2542 2137 2709 2206 1‘21.)

340 2386 629 2459 Rogerius,
657 2387 801 2466 aliis2
827 2401 1100 2466 corrupte,
1135 2391 1431 2466 Frigerius,
1464 2392 1630 2450 Italus
1679 2395 2130 2464 jurisconsultus,
2183 2411 2308 2466 saec.
2355 2412 2432 2462 xi,
2482 2395 2579 2466 qui
2623 2394 2835 2466 primus
2875 2395 2931 2449 in
2970 2409 3098 2466 eam
3142 2393 3538 2466 Pandectarum

265 2458 476 2536 partem
507 2473 671 2536 quam
690 2458 1051 2536 ⁸[ιμῖονζίιιιιζηι
1081 2458 1279 2518 vocant
1307 2465 1518 2536 glossas
1545 2458 1994 2536 emisit,primus
2024 2458 2191 2521 etiam
2224 2458 2519 2521 Summum-
2548 2458 2663 2521 sive
2682 2534 2690 2536 _
2703 2464 3089 2536 Compendium
3127 2465 3271 2533 juris
3311 2479 3536 2536 compo-

267 2528 400 2582 suit.
432 2527 660 2598 Reliqua
689 2527 915 2610 illiusin
943 2533 1178 2588 obscuro
1207 2527 1352 2588 sunt.
1386 2527 1832 2591 Pancirollus'lie
1869 2537 2033 2591 claris
2061 2537 2241 2608 legum
2268 2537 2656 2606 interpretibus
2679 2534 2743 2601 ll,
2769 2527 2855 2589 18:
2885 2527 3264 2658 Compendium
3283 2533 3401 2656 egus
3423 2527 3538 2588 sive

267 2596 512 2658 Summa,
545 2614 755 2654 necnon
785 2600 1040 2658 Dialoaus
1075 2604 1138 2656 de
1165 2606 1668 2658 m‘wscrivtiom'bus.
1696 2616 1910 2658 exstant
1939 2607 1994 2658 in
2028 2607 2280 2658 Tractutu
2305 2615 2652 2658 tractatuum.
2681 2615 2812 2658 tom.
2844 2604 2937 2658 IX.
2961 2604 3015 2658 fo
3041 2645 3054 2658 .
3083 2605 3205 2658 155.
3234 2604 3302 2657 1⁸5
3343 2644 3356 2658 .

267 2596 512 2664 Summa,
545 2596 755 2654 necnon
785 2600 1040 2673 Dialogus
1075 2604 1138 2656 de
1163 2606 1668 2674 pi‘wscriptionibus,
1696 2616 1910 2662 exstant
1939 2607 1994 2660 in
2028 2596 2280 2660 Trdrtatu
2305 2596 2652 2672 tractatuum,
2681 2596 2812 2660 tom.
2844 2604 2937 2672 IX,
2961 2604 3015 2658 fo

3083 2604 3356 2671 155,156.

281 2764 3481 2801 Μ

3303 2785 3481 2798 -—-———.

1455 2907 2389 3026 ROGEBIUS
2503 2949 2510 2962 '

672 3138 853 3250 DE
940 3138 1603 3257 DIVERSIS
1686 3074 3141 3260 PBESCRIPTIONIBUS.

1219 3359 1526 3413 lTracmtus
1559 3369 1904 3426 tractatuum,
1939 3371 2070 3415 tom.
2103 3359 2266 3427 XVII,
2298 3361 2428 3416 folio
2457 3361 2570 3431 48.)

841 3640 1256 3698 SUMMARIUM
1267 3683 1278 3694 .

345 3756 397 3790 ι.
437 3761 458 3787 ι
483 3732 782 3803 ιωεειίριίο
805 3733 1005 3787 dicitur
1026 3731 1282 3802 quaelibet
1297 3729 1542 3799 exceptio
1562 3729 1855 3785 essentiam

271 3828 498 3898 capiens
519 3843 584 3881 ex
615 3835 857 3896 tempore
1839 3891 1841 3894 p

341 3922 398 3974 2.
441 3918 699 3989 Exceptio
762 3919 878 3973 solo
944 3925 1256 3986 comparata
1305 3913 1509 3980 favore,
1535 3930 1678 3990 qua:
1703 3915 1854 3969 dica-

271 4019 381 4066 tur.
1673 4016 1682 4024 ’

346 4106 399 4158 3.
447 4103 708 4173 Exceptio
757 4118 860 4158 nec
887 4102 1070 4158 favore
1093 4117 1194 4157 nec
1217 4101 1342 4156 odio
1367 4101 1704 4170 comparata,
1734 4114 1856 4169 quae

274 4195 366 4250 sit.
399 4195 678 4260 Actiones,
708 4205 768 4250 ut
795 4195 1117 4265 plurimum,
1141 4194 1506 4249 terminantur
1526 4208 1691 4257 anno,

345 4285 400 4340 4.
425 4285 754 4356 Prescriptio
777 4288 1023 4357 quaedam
1047 4286 1228 4340 triduo
1251 4285 1510 4353 compleri
1537 4291 1732 4353 potest.

345 4377 400 4432 5.
439 4377 746 4448 Appellanti
771 4379 990 4448 quando
1018 4378 1198 4432 obstet
1219 4376 1558 4446 praescriptio
1585 4375 1731 4429 anni.

346 4468 400 4522 6.
443 4467 790 4540 Praescriptio
815 4469 1050 4524 duorum
1085 4467 1360 4523 mensium
1394 4467 1598 4522 actioni
1643 4481 1711 4521 ex
1757 4466 1856 4520 sti-

276 4560 467 4628 pulatu
496 4569 676 4630 potest
698 4561 916 4631 opponi.

351 4649 402 4704 7.
444 4634 819 4707 Redhibitoria
863 4653 1006 4707 actio
1050 4661 1255 4722 quanto
1303 4650 1686 4721 praescribatur
1718 4659 1858 4706 tem-

278 4757 428 4812 pore.
463 4743 838 4799 Estimatoria
870 4744 1012 4799 actio
1034 4744 1404 4814 priescribitur
1429 4758 1575 4797 anno

350 4835 404 4888 8.
442 4834 713 4891 Praetoriae
734 4823 976 4890 actiones
1003 4851 1146 4890 anno
1171 4835 1291 4890 utili
1321 4835 1767 4906 praescribuntur.

350 4926 402 4979 9.
444 4927 600 4982 Actio
643 4927 771 4982 furti
811 4925 1084 4982 manifesti
1123 4935 1384 4996 perpetua
1411 4936 1514 4982 est.

2383 3638 2785 3697 CAPITULUM
2825 3641 3115 3697 PRIMUM.

2029 3727 2286 3785 Omnium
2341 3732 2813 3802 praescriptionum
2863 3735 3005 3788 viam
3056 3735 3129 3788 ita
3174 3749 3336 3804 posse
3384 3737 3543 3792 facile

1957 3823 2160 3892 percipi
2201 3824 2510 3893 opinamur,
2559 3826 2604 3879 si
2652 3826 2896 3896 ipsarum
2945 3825 3234 3881 varietates
3271 3825 3424 3896 prius
3459 3828 3543 3881 di-

1954 3913 2185 3984 ligenter
2208 3915 2646 3984 exposuerimus.

2028 4008 2078 4061 l.
2120 4007 2216 4063 Est
2243 4025 2373 4078 ergo
2407 4010 2749 4079 praescriptio
2787 4027 2963 4066 omnis
3007 4010 3255 4080 exceptio
3299 4026 3366 4064 ex
3406 4021 3544 4065 tem-

1956 4115 2085 4170 pore
2111 4103 2406 4156 essentiam
2436 4103 2678 4172 capiens;
2713 4103 2848 4158 alias
2875 4103 3120 4170 abusive,
3149 4103 3407 4174 quaelibet
3444 4120 3543 4159 ex-

1956 4193 2152 4260 ceptio,
2188 4194 2353 4246 etiam
2388 4192 2512 4260 fori,
2539 4195 2883 4264 praescriptio
2911 4203 3154 4250 vocatur.
3195 4192 3334 4248 Sunt
3360 4204 3544 4250 autem

1955 4284 2303 4353 exceptiones
2353 4286 2490 4340 tales
2516 4327 2530 4350 ,
2567 4286 2868 4340 aut‘favore
2893 4327 2908 4351 ,
2942 4294 3035 4340 aut
3078 4283 3205 4339 odio
3239 4285 3359 4340 solo
3385 4327 3399 4351 ,
3450 4296 3546 4340 aut

1955 4385 2188 4445 utroque
2218 4385 2413 4432 neutro
2438 4387 2783 4447 comparata.

2025 4469 2080 4522 2.
2107 4467 2314 4522 Favore
2336 4469 2453 4523 solo
2475 4477 2789 4538 comparata
2829 4477 2913 4522 est
2943 4477 3161 4523 centum
3205 4466 3417 4522 dierum
3460 4469 3546 4523 vel

1956 4559 2086 4613 anni
2108 4559 2448 4629 prmscriptio
2474 4601 2488 4626 ,
2515 4575 2637 4629 quze
2676 4560 2946 4614 bonorum
2982 4558 3293 4629 'possessori
3333 4557 3543 4628 objicit.

1957 4648 2083 4706 Haec
2110 4651 2255 4705 enim
2281 4692 2295 4715 ,
2325 4667 2426 4706 nec
2455 4651 2618 4721 primi
2640 4651 2841 4722 gradus
2865 4651 2990 4706 odio
3015 4693 3030 4716 ,
3065 4651 3155 4705 cui
3183 4651 3372 4720 objicit
3395 4692 3409 4715 ,
3447 4665 3550 4704 nec

1958 4742 2237 4812 sequentis
2267 4741 2474 4809 favore,
2509 4742 2598 4796 cui
2630 4743 2906 4812 competit,
2939 4743 3033 4797 sed
3062 4743 3393 4796 creditorum
3425 4757 3551 4810 gra-

1958 4835 2052 4900 tia,
2082 4843 2143 4888 ut
2170 4833 2276 4888 cito
2298 4834 2445 4902 quod
2468 4844 2860 4898 convenerunt,
2880 4834 3133 4897 habeant,
3147 4839 3201 4885 et
3229 4831 3404 4900 ipsius
3430 4845 3552 4882 ma-

1957 4928 2105 4982 xime
2132 4924 2373 4980 defuncti
2405 4941 2592 4991 causa,
2627 4941 2694 4980 ne
2720 4926 2840 4995 ejus
2867 4925 3009 4980 bona
3043 4932 3309 4990 tanquam
3337 4919 3555 4992 prodigi

354 5019 438 5072 10.
480 5018 728 5076 Petitioni
765 5018 1094 5075 haereditatis
1132 5020 1504 5089 praescribitur
1551 5022 1860 5094 quinquen-
1887 5017 1928 5074 C
1960 5029 2014 5075 et
2041 5017 2219 5086 inopis
2245 5018 2584 5085 possideant,
2613 5025 2700 5072 est
2726 5032 2754 5070 a
2783 5025 3012 5086 praztore
3042 5014 3282 5065 inventa.
3310 5009 3452 5065 Huic
3479 5009 3558 5064 si-

282 5108 373 5162 nio

390 5203 406 5224 Ι
481 5206 536 5224 no

1962 5109 2108 5166 milis
2133 5121 2264 5162 vero
2298 5105 2664 5178 quinquennii
2693 5103 3048 5175 praescriptio,
3077 5097 3326 5157 defuncti
3356 5106 3562 5154 statum

1985 5215 2153 5224 -x---..-
2207 5206 2265 5224 ..ο
2308 5196 2443 5224 Ῐ..-ιέ
2500 5197 2558 5224 Α-
2586 5198 2717 5224 ιιι-,Α
2745 5213 2837 5224 ιιι.-
2914 5195 2939 5224 ι
2982 5193 3059 5224 ..11
3119 5188 3260 5224 ’ἱροί
3287 5207 3392 5224 ..Λα
3425 5205 3562 5224 εισι...
