4022 5340
489 255 627 309 1487

1716 255 2065 315 ROGERIUS
2099 256 2192 312 JC.
2235 254 2503 313 ITALUS.

3604 263 3741 319 “88

484 365 670 423 avare
688 366 1001 432 introducta
1028 376 1128 423 est.
1175 366 1281 425 Sed
1313 368 1444 439 quia
1484 370 1735 438 praetoris
1772 368 2061 438 imperium
2090 377 2138 436 Α
2163 364 2355 435 risque
2402 365 2495 433 sit,
2529 372 2789 435 perpetua
2829 373 2932 432 est,
2974 374 3033 422 et
3061 380 3125 421 ea
3173 383 3297 438 qua
3329 381 3429 439 pro
3472 369 3653 440 ejecta
3690 382 3744 429 et

484 473 744 531 annuum.
783 466 901 513 erat
924 499 940 525 ,
1004 459 1210 514 idcirco
1253 467 1309 514 et
1347 475 1379 514 a
1418 467 1649 530 praetore
1690 460 1910 514 inventa
1955 468 2059 515 est.

480 547 742 605 Actiones
784 550 1106 620 plerumque
1159 566 1305 605 anno
1354 550 1588 616 ﬁniunt,
1638 560 1698 605 ut
1739 550 2063 621 injuriarum

480 640 623 697 actio
670 648 727 696 et
770 641 1090 698 rescissoria
1112 682 1130 710 ,
1158 649 1213 697 et
1241 643 1362 697 alite
1388 643 1574 697 multa:
1597 683 1613 707 ,
1643 651 1704 696 ut
1744 642 1801 695 in
1843 642 1927 696 tit.
1985 641 2063 696 De

478 742 729 802 perpetua
755 742 805 786 et
830 730 1108 803 temporali
1136 735 1364 800 actione,
1392 732 1447 788 in
1479 733 1676 803 princ.,
1718 732 1820 788 Sed
1840 747 1905 786 ea:
1935 741 2066 787 tem-

477 836 603 889 pore
649 823 912 890 oriantur,
953 823 1162 894 quando
1200 839 1303 877 non
1343 839 1544 893 semper
1574 840 1810 896 peraeque
1846 839 2063 893 compu-

481 898 699 968 tantur.
717 913 1067 985 Singularum
1096 898 1569 985 priescriptionum
1586 924 1830 985 tempora
1845 929 2044 969 enume

476 1020 603 1061 rare
649 1022 758 1061 non
787 1007 860 1064 sit
884 1007 1171 1063 taediosum
1198 1024 1213 1074 ;
1254 1015 1383 1062 sunt
1412 1007 1556 1063 enim
1583 1006 2022 1077 praescriptiones
2044 1046 2061 1073 ,

479 1110 626 1151 nunc
654 1096 744 1165 50,
776 1111 874 1152 seu
902 1096 991 1164 60,
1028 1113 1175 1153 nunc
1219 1097 1308 1165 10,
1340 1098 1456 1153 sive
1495 1098 1565 1152 20
1593 1113 1887 1165 annorum,
1916 1113 2064 1154 nunc

477 1185 710 1245 minoris
737 1190 1022 1257 temporis,
1060 1204 1201 1259 quas
1227 1197 1290 1244 ut
1315 1190 1499 1245 minus
1542 1188 1855 1261 frequentes
1877 1190 2061 1244 statim

477 1287 599 1334 tran
606 1295 945 1336 scurramus.

546 1371 599 1426 4.
627 1371 724 1427 Est
743 1389 871 1443 ergo
891 1373 1140 1443 qumdam
1166 1371 1525 1448 praescriptio,
1546 1387 1671 1444 quae
1703 1371 1885 1429 triduo
1905 1386 2060 1428 com-

476 1463 673 1532 pletur,
711 1472 773 1517 ut
806 1464 896 1518 illa
919 1480 1041 1533 quae
1088 1465 1304 1520 clientis
1341 1474 1573 1535 patrono
1602 1480 1844 1520 errorem
1889 1464 2062 1520 corri-

476 1569 602 1624 gere
632 1556 835 1611 volenti
859 1557 1136 1626 objicitur,
1168 1564 1230 1610 ut
1256 1572 1376 1628 cap.
1414 1555 1491 1612 De
1517 1573 1620 1622 er.,
1645 1557 1799 1611 adeo.
1836 1555 1932 1610 lib.
1957 1556 2056 1610 ult.

478 1642 632 1699 Sicut
666 1653 722 1700 et
779 1646 871 1700 illa
904 1645 971 1699 10
1019 1645 1234 1700 dierum
1285 1646 1505 1701 silentio
1555 1661 1624 1700 ex
1676 1646 1765 1701 die
1819 1645 2062 1702 scientia:

2168 455 2342 513 eﬂ‘uso
2363 456 2642 525 competit,
2668 464 2725 513 et
2749 457 2797 515 si
2823 472 2947 527 qua:
2966 458 3175 515 similes
3196 459 3572 528 inveniuntur,
3600 470 3665 516 ut
3684 463 3741 518 ﬁl

2167 546 2231 603 de
2254 548 2452 602 action.
2477 557 2526 601 et
2548 546 2823 619 obligatio.
2851 549 2888 603 l.
2923 547 2993 602 In
3010 549 3312 605 honerariis
3342 552 3661 609 actionibus.
3685 554 3745 609 σ.

2179 637 2241 692 Vi
2263 638 2395 692 bona
2431 649 2593 709 rapt.,
2624 641 2662 695 ι.
2706 644 2771 710 tl,‘
2802 640 2831 711 δ
2856 640 2941 707 ﬁ.,
2980 650 3037 697 et
3080 641 3267 696 quit.
3293 643 3360 696 de
3385 652 3549 715 temp.
3570 652 3627 699 et
3653 660 3753 714 per

2167 738 2271 785 act.
2301 731 2444 783 circa
2476 731 2620 800 prin.
2662 730 2744 797 ﬁl,
2768 732 2834 786 de
2872 731 2922 786 ui
2956 741 3007 789 et
3042 734 3092 787 vi
3113 749 3285 787 arma.
3319 734 3377 788 ﬁ‘.
3407 734 3490 788 De
3518 735 3603 789 his
3629 753 3753 807 quc

2166 819 2352 889 deject.
2403 821 2480 875 vel
2503 821 2654 891 eiu"
2685 822 2721 877 ι.
2762 821 2823 878 Si
2856 839 2995 878 vero.
3037 822 3368 897 §Pmter§
3415 826 3472 880 ﬁ.
3527 827 3753 883 Actioni

2164 925 2294 965 vero
2318 910 2385 965 de
2417 911 2543 967 dolo
2568 913 2815 968 continui
2854 914 3061 971 biennii
3095 917 3345 987 exceptio
3374 918 3653 988 objicitur,
3686 928 3754 976 ut

2165 1015 2284 1071 cap.
2321 1001 2399 1055 De
2431 1002 2598 1070 dala.,
2620 1004 2661 1058 l.
2703 1002 2994 1076 Optimum.

2237 1091 2323 1146 10.
2374 1092 2570 1150 Petilio
2624 1111 2844 1168 quoque
2895 1098 3226 1155 hereditatis
3268 1115 3601 1173 quocunque
3644 1103 3757 1158 sub

2163 1182 2448 1240 inoﬁiciosi
2497 1185 2680 1243 colore
2716 1187 3036 1258 intenditur,
3076 1192 3469 1263 quinquennali
3488 1196 3752 1264 praescri-

2162 1276 2349 1349 ptione
2374 1277 2604 1344 tollitur,
2625 1279 2757 1349 quia
2778 1283 3119 1353 praescriptio
3146 1292 3331 1340 tuetur
3346 1286 3511 1340 etiam
3540 1295 3756 1342 statum
3838 1272 3847 1281 ’

2162 1366 2429 1435 defuncti,
2464 1369 2559 1439 qui
2596 1372 2877 1427 communi
2902 1373 3159 1445 opinione
3186 1391 3307 1430 non.
3322 1376 3377 1430 in
3412 1375 3600 1449 fugam
3626 1395 3762 1443 con,

2162 1472 2354 1516 versus
2387 1469 2551 1531 atque
2573 1462 2815 1531 latitans,
2847 1479 2946 1519 nec
2975 1481 3174 1536 passus
3209 1474 3386 1523 status
3432 1478 3759 1524 controver-

2163 1550 2300 1625 siam
2322 1552 2515 1607 mortis
2532 1560 2777 1623 tempore
2813 1564 2874 1610 ut
2894 1555 3030 1611 civis
3055 1554 3338 1612 Romanus
3366 1558 3523 1625 vixit,
3540 1569 3604 1614 ut
3623 1574 3753 1630 cap.

2171 1640 2242 1696 De
2286 1642 2495 1713 ina/fici.
2537 1652 2834 1713 testamen.,
2860 1646 2898 1701 l.
2940 1645 3159 1718 Siquis.
3215 1663 3334 1719 cap.
3384 1647 3469 1703 Ne
3496 1649 3565 1704 de
3616 1660 3753 1705 stat.

474 1736 746 1803 nascitur,
799 1753 922 1807 qua:
968 1737 1239 1809 appellare
1286 1736 1491 1792 volenti
1541 1737 1852 1808 opponitur,
1902 1744 1964 1792 ut
2004 1738 2061 1792 in
2094 1731 2140 1786 D
2164 1730 2411 1802 defuncto
2438 1748 2532 1803 pro
2579 1735 2725 1804 quin.
2761 1752 2879 1806 qua:
2898 1736 2961 1791 ll.
2993 1738 3041 1790 si
3089 1746 3276 1808 mater,
3310 1748 3362 1793 et
3400 1749 3573 1811 pater,
3605 1757 3759 1811 repe-

474 1825 622 1879 auth.
673 1826 738 1880 de
780 1827 973 1896 appell.
1001 1836 1051 1880 et
1104 1828 1247 1880 intra
1293 1842 1410 1897 qua:
1450 1820 1677 1896 tempus,
1711 1825 1738 1899 §
1771 1827 1826 1893 l,
1859 1826 1963 1882 col.
1995 1826 2062 1894 4;

472 1916 704 1983 proinde
728 1917 857 1971 huic
884 1918 933 1972 si
959 1917 1107 1972 intra
1128 1918 1314 1973 decem
1341 1917 1457 1973 dies
1477 1917 1821 1987 appellasset,
1848 1916 1920 1973 50
1947 1918 2065 1973 die-

474 2021 599 2062 rum
622 2007 862 2063 obstaret
890 2009 1253 2079 praescriptio,
1286 2008 1332 2064 si
1375 2009 1650 2080 apostolos
1673 2017 1853 2080 petere
1874 2010 2059 2080 negle-

473 2099 665 2166 xisset,
693 2100 787 2169 qui
823 2100 941 2156 dies
977 2101 1259 2156 sententiae
1300 2100 1622 2157 recitatione
1656 2109 1968 2168 numerant,
2006 2110 2066 2156 ut

474 2205 593 2261 cap.
627 2190 705 2244 De
731 2190 901 2261 appel.
932 2192 969 2245 1.
994 2190 1279 2247 Iudicibus

544 2283 599 2337 5.
630 2282 967 2354 Appellatori
997 2299 1216 2356 quoque
1252 2301 1349 2357 qu.
1392 2300 1505 2340 non
1535 2285 1602 2341 ad
1629 2285 1934 2356 principem
1969 2298 2066 2354 ap—

472 2375 713 2444 pellavit,
742 2375 790 2430 si
831 2390 1056 2433 causam
1103 2378 1331 2448 exsequi
1372 2377 1607 2445 differat,
1640 2378 1771 2435 anni
1808 2376 2063 2447 praescri-

471 2466 593 2535 ptio.
616 2466 819 2533 obstat,
852 2477 946 2523 aut
966 2468 1194 2534 biennii,
1225 2468 1272 2524 si
1283 2468 1433 2539 justa
1454 2484 1621 2524 causa
1645 2468 2066 2539 impeditnrpri-
2111 2527 2115 2530 ,

472 2568 565 2612 mo
593 2574 737 2614 anno
768 2561 996 2631 exsequi
1025 2560 1464 2631 appellati‘snem,
1508 2569 1571 2616 ut
1612 2561 1672 2615 in
1702 2562 1854 2617 autb.
1880 2561 1944 2616 de
1967 2578 2062 2631 ap-

472 2651 659 2720 pella.,
692 2652 797 2725 §2,
820 2655 1039 2709 etauth.
1065 2654 1143 2708 De
1168 2655 1249 2708 his
1273 2656 1363 2725 qui
1390 2657 1537 2726 nigra
1560 2655 1630 2707 ad
1659 2654 1829 2725 appel.
1864 2652 2062 2718 Statim

471 2752 589 2813 post
626 2746 855 2815 princip.
887 2746 967 2800 llli
996 2760 1215 2818 quaque
1265 2747 1361 2817 qui
1393 2746 1588 2803 volens
1629 2748 1925 2817 appellare,
1964 2764 2060 2803 seu

473 2837 751 2905 apostolos
775 2845 979 2908 petere,
1008 2848 1222 2894 nonest
1255 2838 1499 2907 auditus,
1536 2847 1738 2895 statuta
1767 2848 1898 2894 sunt
1918 2849 2059 2895 tem-

473 2943 608 2996 pora
629 2929 758 2984 anni
792 2930 978 2999 spatii,
1016 2931 1099 2984 vel
1127 2946 1223 2986 sex
1248 2930 1541 2996 mensium,
1567 2930 1682 2985 sive
1704 2939 1944 2999 quatuor
1959 2945 2061 3001 pro

469 3018 673 3087 judicis
697 3021 978 3090 qualitate,
1006 3038 1039 3076 a
1073 3036 1184 3092 quo
1214 3022 1300 3078 vel
1319 3022 1387 3077 ad
1410 3037 1575 3092 quem
1613 3030 1962 3090 provocatur,
2000 3030 2061 3078 ut

474 3124 596 3180 cap.
632 3110 711 3164 De
745 3112 942 3182 appel.,
966 3114 1002 3167 l.
1033 3112 1093 3168 Si
1122 3112 1554 3214 appellationem.

545 3225 599 3280 6.
632 3227 846 3281 Actioni
889 3241 1108 3298 quoque
1157 3242 1225 3281 ex
1258 3227 1519 3297 stlpulatu
1548 3225 1808 3298 obiicitur
1839 3242 2062 3300 quoque

477 3318 715 3374 duorum
750 3321 1022 3376 mensium
1067 3320 1426 3391 praescriptio,
1471 3321 1638 3376 veluti
1691 3336 1819 3376 cum
1847 3321 1975 3392 quis
2006 3321 2063 3375 in

477 3426 643 3466 causa
671 3410 881 3482 privata
902 3412 1020 3467 sine
1045 3413 1263 3483 scriptis
1297 3412 1400 3467 ﬁde
1417 3412 1637 3482 jubens,
1653 3427 1897 3482 personae
1918 3415 2071 3469 exhi-

476 3499 740 3556 bitionem
781 3516 916 3571 pure
962 3502 1247 3570 promittit,
1275 3509 1336 3555 ut
1364 3515 1485 3571 cap.
1527 3500 1606 3555 De
1630 3501 1867 3571 βάψω..
1899 3502 1937 3556 ι.
1964 3517 2063 3573 pe-

476 3593 636 3659 nul.;
700 3594 1052 3649 redhibitoria
1109 3609 1327 3665 quoque
1376 3609 1472 3649 sex
1496 3594 1766 3649 mensium
1811 3597 2067 3665 praescri-

476 3685 663 3756 ptione
692 3700 758 3740 ex
791 3687 1003 3752 ordine,
1033 3702 1168 3742 casu
1194 3701 1325 3741 vero
1364 3687 1582 3742 duobus
1610 3688 1894 3743 mensibus
1914 3689 2065 3744 tolli-

477 3784 589 3844 tur,
633 3777 800 3831 veluti
845 3794 972 3833 cum
1014 3793 1115 3848 pro
1160 3778 1414 3833 cautione
1444 3793 1570 3850 quae
1616 3779 1797 3835 edicto
1823 3781 2064 3838 mdilium

477 3869 987 3935 continentur,‘non
1020 3871 1261 3939 praestita
1305 3885 1369 3924 ea
1410 3870 1628 3925 actione
1659 3854 1870 3941 agatur,
1902 3873 1987 3926 vel
2018 3866 2068 3928 si

479 3960 816 4025 convenerit,
844 3969 905 4014 ut
934 3960 1312 4015 redhiberetur
1348 3976 1457 4027 res,
1494 3961 1541 4016 si
1575 3961 1906 4031 displiceret,
1928 3979 2067 4034 qua-

479 4063 698 4109 cunque
739 4064 807 4104 ex
858 4051 1218 4106 conventione
1266 4056 1352 4106 est
1396 4060 1679 4122 perpetua,
1726 4060 1787 4108 ut
1832 4070 1951 4125 cap.
1993 4054 2069 4109 De

481 4138 648 4193 aedili.
689 4148 819 4207 act.,
860 4140 897 4194 l.
928 4139 989 4195 Si
1012 4142 1176 4211 apud,
1192 4144 1246 4196 et
1280 4142 1315 4197 l.
1364 4144 1569 4213 penult.
1616 4143 1673 4198 θ’.
1698 4159 1762 4199 eo
1786 4145 1821 4198 Ι.
1858 4143 1917 4200 Si
1949 4162 2072 4200 vcn-

479 4231 643 4286 diter.

554 4342 605 4398 7.
628 4328 1017 4401 Estimatoria
1071 4361 1291 4418 quoque
1337 4347 1549 4402 annalis
1596 4348 1937 4419 praescriptio
1985 4358 2070 4406 est

2169 1822 2308 1878 titio.

2241 1912 2328 1967 11.
2354 1911 2941 1989 Quadrienniiquoqne
2972 1920 3316 1990 praescriptio
3336 1928 3521 1975 tuetur
3553 1922 3757 1977 ﬁscum

2167 2000 2235 2055 ab
2257 2002 2470 2058 actione
2516 2005 2658 2072 utili,
2700 2021 2809 2077 qua
2838 2008 3181 2064 convenitur.
3216 2008 3355 2064 Cum
3377 2026 3490 2064 rem
3515 2012 3758 2066 alienam

2165 2094 2407 2150 vendidit
2435 2106 2496 2152 ut
2522 2111 2700 2165 suam,
2730 2098 2847 2155 haec
2867 2115 3086 2171 quoque
3123 2102 3462 2172 praescriptio
3488 2102 3625 2159 ﬁsco
3649 2120 3759 2174 op-

2170 2187 2392 2257 ponitur
2424 2189 2776 2259 quandoque,
2802 2191 2969 2245 veluti
3010 2207 3136 2247 cum
3159 2193 3226 2248 de
3248 2193 3407 2249 bonis
3430 2196 3760 2251 vacantibus

2164 2276 2299 2333 ﬁsco
2323 2280 2569 2335 nundum
2597 2282 2882 2349 nuntiatis,
2912 2284 3040 2361 quis
3062 2284 3205 2340 bona
3232 2284 3336 2339 ﬁde
3360 2286 3574 2340 emerit.
3600 2286 3761 2341 Alias

2165 2378 2348 2424 autem
2371 2385 2439 2425 ex
2464 2370 2653 2427 ordine
2673 2372 2840 2429 ﬁscus
2862 2371 2933 2428 20
2973 2390 3244 2431 annorum
3289 2377 3763 2448 praescriptionem

2164 2460 2340 2528 timet,
2382 2461 2490 2516 nisi
2535 2463 2800 2519 adversus
2835 2480 2954 2519 eam
2988 2465 3098 2520 sint
3126 2475 3328 2523 statuta
3361 2468 3579 2524 minora
3618 2479 3765 2525 tem-

2164 2569 2316 2624 pora,
2342 2563 2403 2609 ut
2428 2571 2547 2627 cap.
2591 2554 2669 2611 De
2697 2558 3035 2629 quadriennii
3082 2562 3377 2630 prtescript.
3401 2561 3455 2623 l.
3482 2577 3499 2615 1
3524 2570 3580 2616 et
3607 2579 3667 2627 ιι,
3694 2562 3758 2619 ιιι

2161 2644 2225 2699 de
2252 2645 2443 2702 divers.
2466 2656 2516 2700 et
2538 2657 2756 2717 temper.
2778 2650 3099 2719 prtescript.,
3123 2650 3161 2705 ι.
3191 2649 3344 2704 Intra
3373 2660 3694 2721 quatuor,et
3713 2652 3760 2707 Ι.

2165 2735 2231 2790 In
2252 2736 2585 2804 omnibus,ﬁ'.
2614 2738 2681 2792 de
2702 2738 2868 2809 requi.
2897 2755 2972 2806 re,
3003 2738 3163 2794 etab.
3194 2740 3343 2794 dam.
3369 2741 3406 2794 l.
3436 2757 3511 2807 u;
3536 2741 3593 2796 in
3620 2758 3765 2798 casn

2162 2844 2293 2883 vero
2314 2829 2551 2898 quodam
2577 2846 2704 2884 cum
2732 2831 2881 2886 nulla
2907 2832 3081 2888 currit
3126 2833 3484 2904 prtescriptio,
3537 2841 3600 2888 ut
3625 2851 3760 2904 cap.

2166 2917 2248 2974 Ne
2278 2921 2373 2975 rei.
2404 2920 2556 2988 dom,
2594 2922 2679 2976 vel
2711 2931 2866 2993 temp.
2897 2923 3046 2978 vend.

2240 3011 2325 3065 12.
2354 3009 2682 3067 Criminales
2707 3012 2953 3067 actiones
2964 3011 3037 3067 20
3053 3028 3320 3068 annorum
3344 3012 3763 3084 praescriptione

2093 3093 2134 3149 C
2167 3103 2612 3173 exstinguuntur,
2627 3104 3195 3174 exceptainjuriarum
3223 3105 3433 3160 actione
3454 3120 3579 3175 qua:
3609 3121 3762 3161 anno

2170 3194 2514 3260 terminatur,
2526 3202 2577 3249 et
2591 3194 2840 3249 adulterii
2859 3194 3094 3265 simplici
3107 3195 3476 3261 accusatione,
3490 3211 3614 3266 qua:
3627 3211 3764 3251 con-

2169 3291 2254 3336 tra
2275 3281 2583 3336 adulterum
2632 3282 3009 3365 quinquennio
3028 3283 3289 3338 continuo
3303 3284 3535 3353 sopitur,
3552 3291 3614 3338 ut
3630 3300 3753 3354 cap.

2170 3372 2239 3427 ad
2267 3372 2300 3425 Ι.
2331 3369 2517 3426 Carne.
2544 3369 2621 3425 De
2642 3370 2765 3441 fal.,
2790 3372 2826 3425 l.
2845 3371 3091 3438 Querela,
3107 3380 3163 3427 et
3185 3387 3305 3443 cap,
3334 3372 3403 3426 ad
3425 3371 3525 3443 leg.
3549 3371 3668 3426 Jul.
3693 3373 3761 3426 de

2150 3463 2426 3527 adulter”
2452 3462 2768 3529 l.Adulter.,
2793 3463 2848 3517 lf.
2863 3462 2933 3515 ad
2956 3462 3119 3533 legem
3133 3461 3247 3517 Jul.
3272 3464 3336 3518 de
3361 3463 3558 3530 adult.,
3582 3463 3621 3518 l.
3650 3464 3761 3517 Hi-

2171 3555 2265 3621 les,
2290 3563 2345 3609 et
2365 3555 2400 3609 l.
2445 3554 2563 3608 Vim
2587 3570 2819 3624 passam.

2244 3667 2330 3722 15.
2356 3665 2568 3720 Valenti
2596 3681 2814 3736 quoque
2835 3665 2962 3736 jure
3003 3666 3259 3737 praetorio
3305 3667 3597 3723 succedere
3621 3685 3754 3725 cen-

2170 3765 2287 3810 tum
2310 3756 2521 3811 dierum
2571 3755 2654 3810 vel
2697 3755 2825 3809 anni
2864 3755 3015 3810 utilis
3055 3756 3393 3827 praescriptio
3445 3758 3625 3825 obest,
3660 3759 3757 3829 qui

2171 3848 2289 3903 dies
2341 3856 2729 3918 computantur
2769 3847 2952 3912 utiles,
3012 3862 3080 3901 ex
3137 3862 3247 3917 quo
3291 3848 3416 3917 quis
3460 3856 3756 3919 cognatum

2172 3945 2446 3992 mortuum
2474 3952 2704 4008 seseque
2751 3936 2818 3991 ad
2851 3937 3255 3992 successionem
3296 3945 3549 3992 vocatum
3572 3938 3753 4004 scivit,

2171 4038 2265 4084 aut
2304 4029 2498 4084 scisset
2537 4027 2641 4105 nisi
2683 4027 2776 4097 jus
2825 4027 3154 4098 ignorasset,
3190 4037 3250 4083 ut
3284 4027 3342 4083 il“.
3376 4026 3455 4082 De
3497 4027 3752 4082 bonorum

2170 4121 2469 4192 possessio.,
2497 4136 2616 4192 cap.
2656 4118 2735 4174 De
2749 4119 2864 4189 jur.
2890 4130 2943 4175 et
2970 4120 3099 4191 fact.
3136 4121 3305 4191 ignor.
3362 4120 3398 4175 l.
3434 4136 3518 4175 ιιι.

2735 4254 3173 4310 SUMMARIUM.

2243 4369 2294 4422 l.
2319 4348 2663 4439 Praescriptio
2709 4369 2860 4439 longi
2901 4368 3161 4439 temporis
3196 4368 3417 4439 quando
3440 4368 3743 4426 inchoetur.

482 4433 868 4532 impedimento
914 4450 981 4532 es
1018 4435 1228 4501 ordine,
1274 4443 1328 4489 ct
1366 4450 1493 4532 cum
1531 4451 1631 4506 1)Υο
1672 4452 1782 4532 ηοξ)
1826 4438 2069 4532 limes“?!
2103 4455 2147 4509 D
2239 4433 2713 4531 Praescriptionem
2783 4433 2930 4532 longi
2989 4433 3250 4530 mmporis
3308 4474 3431 4529 qua
3489 4458 3746 4516 inducere

485 4525 738 4579 cautione
775 4526 1092 4593 intenditur,
1124 4542 1220 4582 sex
1243 4525 1513 4580 mensium
1539 4527 1948 4597 praescriptione
1966 4529 2068 4584 tol-

482 4613 1049 4670 litur.Ceduntautem
1060 4625 1306 4687 tempora
1330 4602 1592 4686 quaecum
1618 4617 1870 4674 aedilitias
1892 4619 2067 4676 actio-

483 4721 579 4760 nes
604 4705 1044 4776 przescriptiones
1070 4708 1291 4777 pariunt
1315 4723 1377 4762 ex
1404 4708 1733 4764 venditionis
1754 4710 1860 4779 die,
1886 4712 1971 4779 vel
2001 4728 2069 4768 ex

482 4811 593 4866 quo
622 4796 700 4852 rei
722 4797 954 4853 vendita:
983 4798 1238 4870 cognosci
1266 4800 1443 4868 potuit
1474 4801 1650 4857 latens
1674 4801 1894 4869 vitium,
1927 4812 1986 4855 ut
2008 4802 2064 4858 ﬁ'.

481 4903 549 4942 eo
569 4888 606 4942 ι.
633 4885 691 4943 Si
722 4887 979 4955 venditor,
1002 4897 1055 4944 et
1081 4888 1117 4942 l.
1135 4886 1287 4955 Quod
1303 4890 1350 4942 si
1364 4890 1515 4944 nolit.
1552 4889 1579 4962 §
1615 4889 1718 4957 Qui
1772 4894 2064 4964 mancipia,

482 4980 520 5034 l.
552 4977 762 5033 .Ediles
788 4981 959 5046 aiunt,
988 4987 1041 5035 et
1063 4980 1100 5034 Ι.
1130 4978 1263 5035 Cum
1296 4997 1405 5035 sex.

556 5093 608 5142 8.
633 5092 908 5142 Praetoris;
936 5109 1156 5142 a‘:::;:‘:::;
1203 5094 1446 5142 umnales
1493 5095 1735 5142 antinnes
1779 5111 1843 5142 ex
1878 5097 2067 5142 mulina

2172 4551 2407 4620 possint.

2240 4644 2294 4698 2.
2323 4642 2536 4698 Titulus
2557 4641 2688 4712 quid
2710 4642 2801 4698 sit.

2240 4732 2291 4786 5.
2331 4730 2644 4801 Usucapere
2691 4746 2800 4787 non
2856 4740 3035 4802 potest
3084 4731 3181 4801 qui
3245 4729 3460 4785 titulum
3506 4744 3617 4786 non
3650 4727 3744 4786 ba-

2170 4821 2281 4875 bct.
3270 4821 3277 4827 ’

2243 4913 2295 4966 4.
2330 4911 2498 4989 Error
2528 4911 2583 4965 in
2616 4910 2761 4967 facto
2794 4912 2971 4967 alieno
2997 4912 3277 4968 toleratur.

2241 5003 2292 5059 5.
2339 5000 2488 5057 Bona
2530 5002 2665 5058 ﬁdes
2708 5018 2832 5072 quae
2876 5003 3187 5073 requiratur
3239 5002 3298 5057 in
3339 4999 3742 5072 praescriptione

2169 5093 2312 5142 Innai
2345 5094 2628 5142 temnoris.
