4022 5340
289 254 425 314 ιιεο

1448 268 1536 323 DE
1573 267 1776 322 DIVER
1786 266 1889 323 SIS
1922 267 2345 329 PR£SCRIPT.

3395 278 3538 334 ηοο

354 364 699 440 Prima-iptio
727 368 875 443 longi
898 376 1161 445 temporis
1205 378 1424 449 quibus,
1474 398 1569 437 seu
1600 399 1699 454 per
1738 400 1862 454 qua:
1888 380 1935 436 Α
1959 398 2026 437 ex
2048 386 2538 454 dantis,nisiverus
2551 386 2911 461 domin‘usjus
2925 406 3047 448 sum
3084 398 3138 446 et
3156 390 3536 449 alienationem

283 456 752 530 ἰωμωὴὶμπύι

355 547 410 603 9.
447 548 795 625 Privilegium
821 554 898 611 rei
925 560 1384 631 praescriptionem
1420 564 1657 635 impedit.

355 638 443 694 ω.
486 640 693 699 Vitium
723 645 877 702 fundi
902 648 1125 719 impedit
1148 655 1632 725 pmscriptionem.

282 781 287 785 ,
354 730 441 786 Η.
484 732 828 808 Prtescriptio
884 748 1009 809 post
1070 742 1213 799 sicut
1263 745 1334 800 ab
1398 746 1556 803 initio
1611 748 1859 821 impediri

282 828 461 968 pale:
492 913 926 989 Praescriptionis
967 922 1115 997 longi
1165 928 1425 998 temporis
1474 930 1604 1001 quid
1656 931 1729 989 sit
1775 930 1859 989 el-

280 1000 475 1061 fectus.

351 1097 437 1155 l5.
478 1098 822 1175 Przescriptio
844 1104 992 1180 longi
1023 1112 1281 1182 temporis
1312 1113 1455 1171 solas
1474 1114 1530 1170 in
1552 1131 1666 1172 rem
1689 1117 1860 1173 actio-

281 1203 381 1245 nes
402 1190 560 1247 tollit.
692 1212 701 1217 ε

898 1311 1229 1374 CAPUTIL

593 1399 671 1455 De
692 1398 838 1475 longi
862 1410 1106 1477 temporis
1127 1411 1539 1482 prwscriptione.

348 1485 536 1544 Restat
586 1500 649 1547 ut
698 1493 843 1567 longi
891 1512 955 1553 ac
1007 1499 1198 1555 deinde
1241 1502 1545 1574 longissimi
1597 1505 1858 1576 temporis

274 1578 734 1650 praescriptionem
750 1586 1050 1643 videamus.
1077 1588 1169 1646 Est
1187 1607 1316 1664 ergo
1330 1593 1616 1650 videndum
1639 1597 1859 1666 quando

1964 475 2161 532 factam
2194 480 2421 551 ignoret.

2031 568 2083 624 5.
2124 569 2191 625 Et
2212 580 2296 627 est
2329 572 2464 628 ﬁdes
2490 573 2636 628 bona
2685 582 2948 644 quantum
2990 575 3057 630 ad
3101 575 3243 631 hanc
3283 577 3537 647 praescri-

1960 660 2204 730 ptionem
2231 663 2277 718 si
2300 664 2348 720 is
2361 664 2454 735 qui
2473 665 2683 735 accepit
2695 665 2911 722 dantem
2934 667 3227 722 arbitretur
3266 667 3539 723 alienandi

1959 765 2027 805 eo
2059 752 2223 808 modo
2247 754 2339 824 jus
2370 756 2701 813 hzereditate.
2726 757 2859 813 Item
2884 767 2938 813 et
2961 759 3016 814 in
3055 753 3294 828 dantem,
3317 768 3370 815 et
3397 761 3539 815 hanc

1959 840 2118 897 ﬁdem
2153 851 2212 898 ut
2239 860 2338 915 pro
2369 856 2610 918 emptore
2636 849 2970 920 praescriptio
2997 851 3301 919 inchoetur,
3326 860 3539 923 Oportet

1960 932 2223 993 interesse
2260 946 2313 992 et
2337 940 2664 998 venditionis
2708 950 2761 997 et
2808 942 3109 999 traditionis
3165 951 3438 1014 tempore;
3478 945 3535 997 in

1959 1027 2083 1085 aliis
2121 1045 2303 1085 autem
2333 1030 2529 1088 sufﬁcit
2552 1048 2673 1089 eam
2701 1034 2890 1090 adesse
2926 1034 3234 1091 traditionis
3271 1044 3533 1106 tempore,

1960 1117 2045 1172 vel
2094 1133 2205 1188 quo
2274 1119 2491 1175 initium
2548 1130 2729 1177 sumet
2784 1123 3150 1193 praescriptio,
3211 1131 3275 1178 ut
3326 1123 3383 1179 Π.
3439 1139 3533 1195 pro

1959 1217 2131 1279 empto
2181 1226 2240 1277 ιι,
2289 1219 2344 1266 et
2388 1210 2426 1266 ι.
2466 1210 2571 1279 Qui
2621 1213 2863 1284 fundum,
2913 1212 3338 1286 §Promittatur,
3382 1227 3436 1272 et
3478 1218 3534 1271 in

1958 1298 2208 1357 Authent.
2255 1311 2314 1357 ut
2356 1320 2567 1375 sponsa.
2627 1303 2847 1378 ἰπνίτης
2897 1305 3129 1375 Rursus,
3173 1299 3388 1364 collatio
3435 1326 3529 1377 is,

1959 1393 2171 1447 constit.
2210 1409 2270 1449 ιι.

2028 1486 2082 1541 5.
2140 1484 2395 1544 Personae
2442 1487 2832 1545 adminiculum
2874 1506 2928 1544 ιιι
2975 1490 3079 1545 hac
3125 1490 3533 1561 praescriptione

1958 1575 2317 1645 desideratur,
2369 1586 2431 1633 ut
2482 1594 2608 1634 cum
2654 1579 2936 1635 exordium
2964 1595 3157 1650 capere
3195 1580 3404 1646 debeat,
3455 1580 3535 1634 sic

275 1667 392 1723 haec
440 1673 774 1743 praescriptio
808 1676 1125 1748 inchoetur;
1152 1698 1332 1741 causa:
1372 1702 1590 1758 quoque
1618 1688 1860 1747 videnda:
1890 1714 1933 1769 Β
1960 1666 2031 1769 ξίί
2057 1683 2289 1769 Persona
2309 1683 2609 1769 (ἰξιεε-ειιιξω
2648 1669 3298 1769 δὶὶίιιιξά-ιξοεείι-Ιηῴοτθς
3337 1685 3457 1769 qua?
3486 1670 3532 1769 εξ

273 1766 403 1813 sunt
426 1776 547 1830 qua!
585 1762 846 1822 deﬁciunt
872 1770 955 1825 vel
984 1771 1282 1843 impediunt
1314 1778 1384 1834 ab
1417 1779 1594 1849 initio,
1616 1781 1701 1837 vel
1724 1798 1855 1852 pos-

273 1857 398 1917 tea;
430 1852 652 1912 eﬁ‘ectus
681 1858 799 1927 ejus
831 1863 1044 1918 tandem
1084 1866 1326 1945 liquebit.
1498 1874 1501 1875 ⁷

344 1945 395 1999 1.
423 1943 714 2006 lnchoatur
736 1962 917 2009 autem
934 1956 1048 2012 haec
1065 1943 1398 2033 praescriptio
1417 1963 1471 2020 in
1493 1982 1606 2022 rem
1623 1967 1854 2025 alienam

272 2050 304 2090 a
319 2051 425 2091 non
443 2036 665 2096 domino
677 2058 841 2112 quam
861 2062 927 2101 ex
939 2058 1156 2120 compto
1175 2053 1258 2107 vel
1272 2054 1436 2109 simili
1448 2073 1613 2113 causa
1628 2074 1853 2129 accepe-

274 2142 380 2182 ras.
406 2126 673 2188 Inducunt
698 2144 877 2191 autem
907 2141 1370 2212 praescriptionem
1412 2147 1554 2203 hanc
1586 2148 1855 2219 imprimis

272 2220 463 2278 titulus
481 2223 683 2292 justus,
715 2227 847 2284 ﬁdes
883 2230 1044 2299 bona,
1093 2249 1217 2289 cum
1260 2252 1508 2305 personat
1548 2242 1852 2312 apprehen-

271 2312 449 2369 dentis
495 2316 845 2388 adminiculo,
886 2325 1032 2392 quod
1075 2326 1179 2382 sibi
1221 2331 1394 2399 possit
1436 2333 1738 2403 acquirere,
1789 2351 1855 2393 ac

273 2404 489 2460 tandem
512 2411 875 2478 possessionis
897 2423 1098 2471 statuto
1128 2425 1368 2488 tempore
1392 2424 1731 2481 continuatio
1757 2441 1855 2496 per

274 2493 710 2555 adversariorum
737 2503 1013 2561 silentium
1051 2509 1322 2566 roborata.

342 2604 395 2659 2.
436 2606 650 2667 Titulus
698 2621 784 2669 est
835 2605 1012 2673 omnis
1050 2620 1364 2689 acquirendi
1410 2623 1638 2681 dominii
1684 2643 1851 2685 causa

269 2691 437 2764 iusta,
465 2712 533 2753 ex
559 2716 666 2770 qua
703 2715 950 2760 nostrum
974 2707 1085 2773 ﬁat,
1116 2710 1261 2779 quod
1286 2727 1396 2767 non
1410 2723 1539 2789 erat
1562 2724 1810 2773 nostrum
1832 2738 1848 2786 ;

274 2786 469 2844 horum
493 2792 775 2848 titulorum
804 2796 1025 2865 quidam
1047 2799 1243 2868 aliena,
1269 2786 1488 2875 quidam
1515 2808 1687 2865 solius
1710 2810 1852 2881 juris

272 2878 521 2935 nituntur
606 2886 944 2943 auctoritate.
1004 2887 1073 2943 Et
1134 2892 1230 2961 qui
1293 2894 1471 2951 aliena
1525 2878 1851 2956 auctoritate

272 2970 537 3041 nituntur,
560 2974 901 3048 plerumque,
945 2982 1423 3052 proprianomina
1452 2988 1673 3057 habent,
1720 3000 1852 3062 puta

273 3078 371 3131 pro
403 3075 666 3135 emptore,
689 3083 789 3137 pro
813 3070 1015 3128 donato
1031 3114 1047 3139 ,
1090 3088 1191 3144 pro
1210 3075 1354 3144 dote,
1383 3093 1484 3148 pro
1512 3080 1709 3152 legato,
1751 3096 1853 3152 pro

268 3151 547 3223 derelicto,
590 3172 690 3226 pro
739 3157 969 3227 hterede,
1008 3177 1106 3231 pro
1152 3165 1351 3221 soluto.
1397 3167 1503 3235 Qui
1523 3151 1655 3227 vero
1681 3151 1855 3230 solius

233 3242 409 3313 ,juris
459 3250 781 3305 auctoritate
813 3253 1070 3321 gaudent,
1093 3271 1205 3311 uno
1241 3260 1478 3328 generali
1524 3263 1745 3319 nomine
1775 3265 1853 3322 illi

271 3350 372 3404 pro
402 3353 504 3393 suo
524 3348 773 3409 utuntur,
804 3358 915 3413 quo
945 3345 1062 3401 solo
1099 3348 1256 3402 titulo
1278 3358 1465 3407 nostra
1486 3354 1624 3408 ﬁunt
1643 3356 1848 3423 omnia,

271 3442 395 3493 qua:
431 3430 598 3497 mari,
626 3440 792 3499 terra,
838 3435 1086 3507 cadoque
1133 3440 1399 3510 capimus,
1442 3458 1566 3513 quae
1594 3445 1663 3501 de
1689 3447 1854 3504 rebus

270 3525 461 3573 nostro
480 3519 722 3578 dominio
750 3525 1007 3595 subjectis
1028 3539 1345 3597 nascuntur,
1389 3542 1443 3588 et
1488 3549 1550 3589 ea
1581 3550 1704 3607 quae
1745 3537 1851 3593 llu—

269 3608 454 3676 minis,
469 3610 612 3681 jure,
630 3616 776 3686 agris
798 3618 1001 3675 nostris
1020 3632 1357 3689 accrescunt,
1372 3625 1457 3679 vel
1477 3627 1852 3697 occupatione,

252 3700 353 3754 .vel
382 3702 801 3773 speciﬁcation’e,
843 3709 928 3763 vel
968 3711 1131 3765 simili
1170 3712 1296 3781 jure
1332 3714 1491 3771 nobis
1534 3716 1852 3788 obveniant,

267 3798 323 3845 et
345 3791 424 3847 sic
448 3792 569 3849 istis
591 3795 765 3852 titulis
785 3807 1035 3854 nostrum
1060 3800 1120 3856 ﬁt
1142 3819 1157 3869 ;
1185 3811 1299 3858 tum
1321 3820 1451 3859 vero
1469 3814 1522 3861 et
1542 3807 1850 3877 traditione,

267 3882 414 3953 quod
441 3899 473 3938 a
498 3885 644 3941 veris
685 3887 942 3957 dominis,
987 3892 1069 3947 vel
1114 3895 1461 3965 perceptione
1494 3899 1641 3968 quod
1685 3899 1752 3955 de
1795 3915 1854 3956 re

268 3981 456 4029 nostra
490 3979 853 4049 percepimus,
902 3980 978 4037 ita
1027 3983 1074 4039 si
1096 3986 1369 4044 credimus
1414 3989 1685 4059 dominos,
1722 3986 1857 4052 licet

252 4079 380 4119 anon
413 4065 543 4134 sint,
596 4068 691 4138 qui
731 4071 890 4127 nobis
935 4074 1176 4143 tradunt,
1199 4078 1285 4132 vel
1320 4079 1573 4135 ancillam
1610 4092 1853 4139 nostram

269 4170 338 4209 ex
370 4171 479 4225 qua
514 4168 732 4228 partum
777 4165 1152 4235 percepimus,
1189 4170 1659 4242 pmscriptionem
1710 4177 1853 4231 servi

268 4248 604 4318 usucapione
630 4251 976 4312 inchoamus.

335 4359 390 4413 5.
433 4359 529 4416 Sin
556 4371 738 4419 autem
765 4381 927 4423 verus
967 4369 1158 4426 titulus
1184 4371 1355 4442 deest,
1405 4374 1531 4431 licet
1577 4377 1759 4448 ipsum
1801 4387 1855 4435 te

230 4464 233 4467 ·
265 4450 513 4507 crederes
548 4453 835 4523 haeredem,
865 4473 974 4514 non
1033 4476 1384 4532 usucaperes,
1430 4465 1535 4521 nisi
1584 4468 1852 4537 probabili

263 4553 453 4596 errore
486 4541 612 4598 facti
646 4546 904 4617 deceptus
941 4564 1111 4619 esses,
1159 4553 1238 4607 uti
1276 4553 1343 4609 de
1375 4570 1440 4610 eo
1491 4557 1693 4613 dicitur
1756 4559 1856 4631 qui
1934 4570 1939 4577 ‘

263 4631 331 4686 ad
374 4634 666 4691 emendum
724 4639 927 4709 aliquid
988 4657 1092 4698 suo
1143 4644 1420 4701 mandavit
1454 4651 1850 4719 procuratori,

261 4724 411 4794 quod
455 4740 580 4781 eum
628 4744 738 4784 non
783 4732 994 4799 emerit,
1033 4750 1093 4789 se
1119 4735 1316 4792 emisse
1348 4741 1642 4809 persuasit,
1692 4752 1854 4812 atque

261 4817 339 4870 ita
389 4818 690 4887 tradiderit,
736 4823 909 4893 magis
952 4831 1036 4879 est
1078 4832 1139 4880 ut
1185 4825 1440 4884 dominus
1490 4833 1584 4903 qui
1625 4830 1719 4886 tali
1755 4831 1848 4887 de-

260 4916 456 4995 ceptus
492 4925 680 4967 errore
710 4914 926 4984 accipit,
955 4931 1054 4985 pro
1093 4927 1337 4988 emptore
1360 4926 1679 4992 praescribat
1728 4924 1854 4983 licet

262 4999 411 5059 nulla
441 4999 607 5056 fuerit
639 5005 859 5075 emptio.

308 5112 383 5167 λ.
424 5112 594 5168 Error
619 5133 722 5172 non
758 5119 812 5172 in
841 5119 1002 5172 alieni
1034 5118 1161 5175 facti
1206 5120 1536 5199 ignorantia,
1572 5128 1701 5201 quia
1732 5132 1850 5199 ple-

258 5219 492 5274 rumque
512 5208 935 5274 prudentissimo
972 5207 1125 5277 fallit,
1149 5219 1232 5264 est
1257 5213 1577 5290 tolerabilis,
1620 5220 1853 5293 ideoque

259 5295 600 5340 nrmenrintin
630 5299 847 5340 nrndpet
898 5298 1023 5340 ntﬂ'
1073 5300 1140 5340 ηρ
1162 5316 1357 5340 ιιςηηιη
1457 5309 1471 5340 1
1538 5312 1717 5340 r..I.....
1805 5326 1851 5340 ..ι

1958 1758 2117 1827 desit,
2153 1760 2578 1832 praescriptionis
2599 1769 2778 1818 cessat
2803 1761 3037 1816 initium.
3061 1759 3188 1816 inde
3211 1770 3295 1815 est
3319 1761 3461 1831 quod
3487 1761 3531 1814 si

1957 1851 2088 1923 quid
2126 1867 2286 1909 servo
2324 1852 2669 1908 haereditario
2702 1855 2878 1922 detur,
2924 1860 3069 1921 ante,
3094 1868 3195 1907 nec
3239 1851 3357 1923 ejus
3402 1868 3533 1907 usu-

1956 1941 2131 2012 capio,
2179 1958 2281 1997 nec
2324 1943 2663 2014 praescriptio
2702 1943 3065 2010 inchoabitur,
3098 1958 3261 2014 quam
3289 1943 3335 1998 si
3359 1942 3532 1998 haere—

1953 2032 2096 2087 ditas
2117 2030 2282 2088 fuerit
2300 2033 2480 2089 adita:
2516 2050 2595 2111 sic
2623 2042 2683 2090 ut
2712 2035 2998 2091 inchoetur
3040 2037 3155 2091 haec
3195 2035 3533 2105 praescriptio

1953 2138 2245 2193 personam
2291 2125 2582 2181 desiderat.
2633 2124 2704 2182 Ut
2738 2136 2921 2182 autem
2972 2137 3261 2197 postquam
3311 2135 3395 2181 est
3443 2127 3531 2179 in-

1953 2214 2170 2281 choata,
2203 2216 2657 2271 continuaverunt
2683 2233 2824 2284 eam,
2860 2232 2961 2272 nec
2987 2217 3128 2271 bona
3156 2217 3308 2284 ﬁdes,
3337 2217 3412 2271 ita
3433 2231 3534 2271 nec

1950 2319 2198 2374 personae
2243 2305 2582 2370 desideratur
2637 2307 3058 2375 adminiculum;
3110 2324 3258 2375 nam,
3309 2322 3411 2363 nec
3461 2322 3532 2362 ex

1952 2397 2254 2466 posteriore
2278 2397 2357 2452 rei
2386 2398 2576 2453 aliena:
2602 2399 2829 2453 scientia
2876 2398 3287 2468 interrumpitur
3337 2406 3390 2452 et
3434 2412 3532 2467 per
3594 2410 3609 2427 ο

1951 2486 2316 2544 haereditatem
2369 2498 2653 2546 vacantem
2696 2490 3013 2561 completur,
3067 2500 3126 2545 ut
3147 2506 3264 2561 cap.
3303 2490 3381 2544 De
3399 2507 3529 2544 usu-

1950 2593 2069 2648 cap.
2102 2596 2204 2633 non
2227 2590 2418 2648 trans.,
2458 2582 2495 2636 l.
2534 2580 2786 2652 Usucap.,
2822 2580 2878 2637 σ.
2910 2581 2973 2635 de
2995 2597 3212 2652 usucap.
3244 2579 3526 2652 Nunquam

1942 2668 2109 2738 justo.
2142 2674 2490 2742 prwscn'plio,
2514 2674 2790 2744 possessio,
2816 2682 2868 2729 et
2892 2674 2929 2728 l.
2960 2671 3163 2728 Heres.
3228 2727 3233 2731 .

2024 2760 2073 2814 7.
2118 2761 2223 2817 Sed
2259 2763 2452 2819 titulus
2470 2764 2675 2834 justus,
2699 2765 2831 2820 ﬁdes
2862 2763 3026 2831 bona,
3069 2779 3317 2833 personaar
3355 2762 3528 2817 admi-

1950 2850 2215 2919 niculum,
2245 2863 2303 2908 ut
2323 2853 2538 2908 initium
2569 2854 2904 2926 praescriptio
2948 2854 3146 2923 c’apiat,
3186 2858 3526 2933 spectantur;

1951 2952 2011 2998 ut
2033 2959 2165 2999 vero
2189 2947 2679 3003 consummationis
2723 2945 2885 3002 ﬁnem
2932 2947 3132 3017 capiat,
3166 2944 3529 3015 possessionis

1878 3060 1924 3120 ο
1953 3034 2292 3093 continuatio
2332 3053 2431 3108 per
2477 3037 2663 3093 decem
2703 3052 2879 3093 annos
2915 3037 3055 3092 inter
3091 3042 3405 3108 praesentes,
3446 3034 3531 3088 vel

1951 3125 2144 3196 viginti
2171 3127 2312 3182 inter
2339 3129 2593 3186 absentes
2638 3137 2724 3184 est
2765 3129 3093 3195 necessaria,
3149 3129 3197 3184 si
3239 3135 3531 3199 praesentes

1952 3226 2101 3284 sunt,
2132 3218 2228 3288 qui
2271 3218 2327 3273 in
2365 3220 2557 3277 eadem
2601 3220 2882 3291 provincia
2924 3218 3260 3276 domicilium
3306 3219 3531 3284 habent.

1952 3307 2204 3365 absentes
2232 3308 2328 3378 qui
2357 3309 2411 3363 in
2436 3309 2697 3375 diversis.

2022 3398 2075 3454 8.
2116 3397 2477 3456 Continuatur
2504 3410 2685 3457 autem
2721 3401 2841 3458 haec
2863 3399 3204 3471 praescriptio
3231 3400 3330 3466 sic,
3361 3399 3409 3455 si
3428 3416 3531 3456 nec

1951 3488 2201 3556 civiliter,
2233 3505 2337 3546 nec
2377 3491 2700 3549 naturaliter
2725 3491 2845 3562 ejus
2872 3507 3070 3548 cursus
3101 3490 3266 3548 fuerit
3291 3490 3522 3552 interru-

1951 3588 2095 3650 ptus.
2127 3579 2203 3636 De
2226 3597 2337 3651 qua
2368 3596 2428 3637 re
2451 3583 2618 3653 etiam
2658 3581 2824 3639 latius
2852 3582 3188 3649 videbimus,
3212 3590 3272 3638 ut
3296 3598 3418 3652 cap.
3448 3582 3546 3637 De

1951 3673 2221 3743 prwscrip.
2247 3671 2390 3743 long.
2422 3680 2612 3744 temp.,
2652 3672 2747 3730 lib.
2780 3689 2821 3738 ι,
2843 3690 2881 3728 ιι
2908 3681 2966 3731 et
2981 3674 3103 3730 ulti.
3130 3673 3269 3733 Cum
3296 3688 3426 3744 ergo
3462 3688 3528 3730 ea

1955 3763 2175 3832 adsunt,
2219 3780 2345 3834 qua:
2377 3781 2526 3822 nunc
2556 3766 2897 3834 notavimus,
2934 3774 3121 3822 curret
3156 3766 3526 3836 praescriptio,

1954 3851 1997 3908 si
2029 3867 2247 3922 quoque
2263 3853 2455 3919 absint
2478 3869 2542 3910 ea
2572 3870 2697 3924 quae
2717 3870 2843 3911 eam
2865 3855 3186 3926 impediunt.
3224 3854 3531 3924 impediunt

1953 3952 2136 3999 autem
2170 3958 2290 3999 eam
2321 3943 2529 4003 domini
2553 3959 2947 4019 persona,,res,
2971 3960 3182 4001 necnon
3213 3953 3269 3999 et
3295 3944 3527 4003 actionis

1953 4049 2146 4105 genus,
2169 4050 2298 4090 nam
2325 4044 2517 4091 contra
2544 4037 2893 4106 personalem
2922 4036 3192 4095 actionem
3239 4036 3355 4091 haec
3384 4050 3526 4105 prae-

1955 4124 2179 4195 scriptio
2219 4140 2330 4180 non
2373 4126 2567 4192 currit,
2610 4134 2673 4180 ut
2725 4141 2842 4195 cap.
2883 4126 2987 4191 Qui
3030 4143 3132 4179 non
3178 4126 3348 4179 obstat
3380 4125 3520 4195 long.

1956 4221 2185 4283 tempore
2231 4216 2527 4285 prwscrip.,
2567 4214 2605 4270 l.
2655 4214 2837 4287 Neque
2878 4217 3085 4282 mutui,
3120 4233 3282 4287 neque
3324 4218 3525 4271 domini

1953 4288 2195 4374 persona.
2229 4303 2383 4361 Hanc
2413 4306 2892 4385 praescriptionem
2912 4307 3136 4377 impedit
3172 4314 3232 4362 ut
3266 4308 3313 4363 si
3344 4308 3525 4363 minor

1886 4399 1930 4454 Ι)
1954 4393 2026 4449 25
2066 4394 2248 4461 annis,
2277 4396 2363 4450 vel
2401 4394 2674 4464 furiosus,
2716 4398 2803 4453 vel
2852 4398 3137 4470 collegium
3163 4399 3405 4454 divinum
3444 4400 3525 4479 rei

1952 4484 2364 4553 praescribendae
2400 4486 2471 4541 sit
2491 4487 2766 4553 dominus,
2798 4496 2857 4541 ut
2884 4502 3003 4557 cap.
3039 4486 3142 4553 Qui
3173 4504 3275 4541 non
3295 4487 3355 4541 ob
3378 4488 3519 4559 long.

1951 4585 2109 4646 temp.
2133 4575 2435 4645 prcescrib.,
2464 4576 2501 4629 l.
2531 4573 2654 4630 Non
2679 4584 2776 4643 est,
2804 4584 2856 4631 ct
2888 4593 3008 4647 cap.
3038 4575 3141 4641 Qui
3168 4594 3287 4631 cau.
3318 4579 3374 4631 in
3395 4578 3521 4632 inte.

1953 4667 2098 4723 resti.
2144 4683 2246 4720 non
2273 4676 2351 4721 est
2382 4685 2463 4722 ne.
2496 4667 2532 4722 1.
2565 4676 2622 4721 ut
2653 4676 2700 4722 et
2727 4669 2782 4721 in
2810 4670 3047 4725 authent.
3083 4669 3147 4723 de
3176 4668 3353 4725 Eccle.
3383 4672 3466 4725 tit.
3497 4672 3524 4743 §

1952 4774 2046 4829 pro
2077 4756 2473 4827 temporalibus.
2506 4756 2615 4813 Res
2629 4774 2846 4829 quoque
2869 4761 3060 4815 multis
3082 4759 3258 4813 modis
3273 4760 3527 4827 praescri-

1954 4846 2126 4919 ptioni
2154 4847 2329 4913 obest,
2355 4863 2502 4903 nunc
2530 4848 2703 4918 ipsius
2729 4850 2806 4903 rei
2830 4848 3134 4919 privilegio,
3158 4862 3305 4901 nunc
3328 4849 3482 4903 vitio.

2025 4941 2077 4995 9.
2120 4937 2216 4994 Rei
2248 4941 2591 5013 privilegium
2621 4942 3086 5011 praescriptionem
3110 4936 3353 5005 impedit,
3385 4943 3537 5009 quod

1953 5052 1983 5090 a
2012 5034 2364 5103 commercio,
2393 5035 2507 5090 sive
2536 5033 2780 5093 dominio
2810 5042 3004 5088 nostro
3029 5026 3116 5082 vel
3136 5027 3255 5096 jure
3282 5043 3408 5085 eam
3428 5036 3540 5088 eri-

1953 5129 2090 5201 puit.
2121 5125 2329 5183 Natura
2351 5145 2382 5183 a
2402 5126 2733 5183 commercio
2761 5123 3049 5180 hominem
3071 5118 3301 5173 liberum
3326 5123 3540 5192 eximit,

1953 5223 2186 5288 ideoque
2220 5218 2369 5275 nullo
2394 5228 2641 5286 tempore
2665 5217 3067 5285 praescribitur.
3094 5207 3191 5264 Jus
3220 5219 3406 5270 autem
3426 5231 3547 5274 rem

1954 5325 2164 5340 ann-unm
2226 5319 2469 5340 tun-undam
2524 5314 2576 5340 AI
2606 5303 2840 5340 cimilnm
2871 5322 2902 5340 η
2926 5299 3254 5340 nnmmprnin
3276 5309 3325 5340 Διί
3357 5320 3384 5340 0
3408 5322 3523 5340 “lim
