4022 5340
462 262 591 318 1191
631 309 637 318 .

1688 250 2035 310 ROGERIUS
2071 251 2162 308 JC.
2202 248 2472 306 ITALUS.

3557 245 3699 302 H93

459 378 557 441 dit,
584 381 643 430 ut
672 373 719 429 si
749 372 820 426 sit
839 369 892 424 vi
923 383 1208 440 possessus
1239 387 1254 422 :
1289 377 1421 423 tunc
1459 366 1607 422 enim
1643 382 1742 421 nee
1785 367 1853 420 ab
1881 366 2034 420 inva—
2061 369 2108 424 A
2134 365 2324 420 riculis
2377 362 2710 432 completur,
2762 369 2817 416 et
2863 374 2895 414 a
2936 359 3234 430 superioris
3272 361 3700 431 prescriptionis

457 484 600 534 sore,
633 465 892 537 quoniam
914 467 1056 518 mala
1076 462 1199 527 ﬁde,
1231 469 1286 516 et
1311 460 1428 516 sine
1463 459 1618 524 titulo
1644 457 1906 528 possidet,
1926 470 2028 509 nec

457 561 527 615 ab
557 566 800 628 emptore
825 555 988 610 etiam
1012 555 1170 609 bonae
1192 551 1316 607 ﬁdei
1339 549 1620 620 praescribi
1647 555 1846 618 potest,
1878 555 2029 600 ante-

457 664 623 720 quam
663 645 1011 717 possessione
1053 643 1124 699 ad
1165 642 1448 698 dominum
1489 654 1706 695 reversa
1750 636 1914 693 fuerit
1951 635 2030 690 rei

458 738 651 808 vitium
676 744 989 809 purgatum.

532 830 619 882 11.
659 826 726 882 Et
760 827 902 881 sicut
944 821 1284 895 praescriptio
1317 821 1496 877 obstat
1536 820 1605 874 ab
1651 817 1807 872 initio
1857 814 1938 870 sic
1979 821 2034 870 et

459 926 602 988 post,
639 927 694 972 et
730 914 1055 984 interruptio
1099 912 1274 967 civilis
1305 919 1400 965 aut
1440 908 1734 974 naturalis,
1764 903 1886 977 qua:
1923 919 2033 959 non

461 1008 532 1060 ob
568 1006 621 1060 id
649 1004 828 1059 solum
866 1000 1150 1071 contingit,
1175 999 1303 1069 quia
1328 1012 1618 1068 possessor
1639 1004 1764 1066 post
1784 993 2036 1077 praescri-

460 1095 666 1166 ptionis
697 1093 914 1148 initium
949 1106 1065 1146 rem
1093 1106 1214 1146 esse
1238 1091 1472 1144 alienam
1502 1080 1805 1157 cegnoscit,
1828 1094 1890 1141 ut
1912 1099 2032 1153 cap.

464 1186 529 1238 de
551 1184 690 1254 long.
725 1191 844 1236 tem.
873 1198 1002 1252 prta.
1033 1198 1086 1252 q.
1125 1197 1240 1250 pro.
1268 1181 1325 1234 li.
1367 1181 1403 1233 l.
1436 1180 1532 1234 ult.
1567 1188 1620 1233 et
1640 1177 1695 1232 ﬁ‘.
1727 1178 1791 1230 de
1814 1191 2035 1245 usucap,

465 1275 503 1327 l.
540 1271 1008 1342 Usucapionem,et
1036 1269 1298 1341 l.Sequit,
1333 1269 1360 1340 §
1391 1267 1541 1332 Quod
1563 1277 1740 1321 autem
1759 1267 1886 1332 etl.,
1915 1265 2036 1319 Non

465 1363 655 1428 solum,
683 1371 736 1417 et
758 1362 1006 1428 LQuare,
1039 1371 1092 1416 et
1120 1361 1156 1415 ι’.
1175 1357 1308 1417 Cum
1327 1361 1424 1414 vir.
1457 1360 1510 1414 ﬁ‘.
1548 1360 1612 1412 de
1647 1359 1760 1428 fun.
1796 1354 2038 1423 do.,l.Si

468 1455 708 1524 fundum.
739 1470 858 1524 cap.
890 1453 966 1508 De
991 1454 1112 1522 jure
1155 1452 1264 1517 (10.,
1301 1451 1482 1521 l.pcn.
1526 1459 1580 1505 et
1603 1439 1723 1518 cap.
1766 1448 1843 1502 De
1887 1465 2035 1501 usuc.

467 1562 562 1615 pro
582 1545 790 1615 emp.,l.
811 1543 869 1598 Si
884 1551 1107 1613 partem,
1135 1550 1189 1596 et
1211 1557 1329 1611 cap.
1361 1541 1438 1595 De
1459 1540 1598 1610 long.
1631 1538 2035 1608 temp.prwscri.

468 1634 506 1687 l.
541 1650 600 1688 ιι.

2132 464 2363 510 tractatu
2394 456 2550 525 longe
2575 455 2789 522 lateque
2832 451 3002 506 abest.
3041 450 3209 506 Porro
3233 467 3358 507 cum
3384 452 3702 510 tricennalis

2132 547 2472 618 praescriptio
2515 545 2587 600 sit
2614 543 2968 614 frequentior,
3018 544 3254 613 primum
3288 545 3355 599 de
3381 545 3700 610 tricennali,

2130 638 2323 693 deinde
2370 638 2436 692 de
2483 635 2871 707 quadragenali
2922 634 2978 688 in
3025 635 3144 704 ejus
3183 634 3393 691 defectu
3423 645 3705 706 comperta

2133 730 2454 785 videbimus.
2488 727 2729 783 Videnda
2761 737 2889 782 sunt
2917 727 3100 796 itaque
3120 742 3242 796 qua:
3260 743 3381 781 eam
3419 727 3702 793 inducant,

2133 821 2217 874 vel
2244 819 2541 888 impediant
2568 834 2711 884 eam,
2741 825 2795 872 et
2822 817 2946 887 quis
2977 816 3048 871 sit
3075 816 3194 886 ejus
3219 817 3472 882 eﬁ‘ectus;
3517 826 3572 872 et
3600 819 3708 887 pri-

2134 923 2285 978 mum
2307 908 2524 977 quando
2541 908 2655 962 haec
2669 906 3005 977 praescriptio
3027 905 3098 961 sit
3115 907 3443 971 necessaria,
3462 916 3517 962 et
3539 923 3710 978 quare

2135 997 2207 1053 sit
2225 997 2464 1051 inventa.

2210 1087 2259 1141 1.
2301 1085 2398 1141 Est
2421 1094 2599 1141 autem
2623 1087 2739 1141 haec
2761 1084 3095 1156 praescriptio
3121 1093 3252 1141 tunc
3271 1086 3490 1142 demum
3519 1101 3713 1142 neces-

2137 1176 2303 1241 saria,
2337 1191 2464 1230 cum
2503 1175 2649 1247 longi
2680 1176 2938 1244 temporis
2975 1175 3308 1246 praescriptio
3334 1177 3536 1242 deﬁcit,
3561 1178 3710 1247 quod

2138 1266 2420 1337 contingit,
2467 1274 2601 1321 utet
2636 1281 2801 1336 supra
2827 1267 3102 1332 diximus;
3128 1267 3240 1323 sive
3268 1283 3394 1322 reus
3435 1269 3711 1338 personati

2139 1359 2351 1413 actione
2384 1365 2642 1428 perpetua
2677 1357 2968 1413 convenire
3006 1359 3198 1428 possit,
3239 1359 3357 1414 sive
3397 1359 3453 1412 in
3488 1376 3631 1424 rem,
3659 1371 3714 1414 et

2138 1449 2379 1515 titulum,
2403 1457 2496 1503 aut
2522 1450 2661 1504 bona
2696 1449 2800 1504 ﬁde
2827 1458 3035 1516 careat,
3073 1459 3168 1504 aut
3196 1450 3241 1504 si
3266 1450 3338 1506 sit
3358 1466 3447 1505 res
3476 1451 3709 1516 vitiosa;

2141 1541 2304 1595 habet
2324 1547 2502 1595 autem
2524 1541 2859 1611 praescriptio
2889 1540 3004 1595 haec
3043 1557 3144 1596 nec
3167 1542 3378 1596 titulum
3425 1557 3528 1596 nec
3551 1541 3712 1596 ﬁdem

2142 1631 2364 1698 bonam,
2407 1631 2504 1686 sed
2548 1631 2625 1685 rei
2669 1631 2878 1699 vitium,
2929 1631 3089 1687 sicuti
3125 1648 3224 1686 nec
3260 1632 3487 1688 actionis
3517 1648 3712 1704 genus,

541 1723 628 1778 12.
668 1721 766 1778 Est
793 1731 972 1777 autem
999 1721 1426 1792 praescriptionis
1460 1719 1702 1791 cujusvis
1726 1717 1950 1773 effectus
1979 1726 2040 1772 ut
2064 1705 2113 1765 Β
2141 1737 2240 1778 nec
2276 1722 2476 1776 actoris
2510 1721 2624 1776 sive
2648 1722 2727 1776 rei
2755 1737 3044 1792 personam
3071 1724 3292 1778 omnino
3316 1724 3624 1794 distinguit.

471 1815 739 1870 actionem
766 1829 863 1883 per
883 1815 1252 1884 exceptionem
1286 1813 1457 1879 tollat,
1488 1822 1542 1867 et
1579 1827 1739 1866 suum
1770 1811 2038 1881 quosdam

471 1911 533 1959 ut
566 1903 730 1957 etiam
763 1902 1064 1956 dominium
1105 1900 1431 1967 transferat,
1476 1911 1528 1955 et
1559 1899 1865 1970 possessori
1914 1913 2039 1953 cum

472 1999 711 2046 actorem
739 1989 794 2044 in
816 2005 930 2046 rem
959 1990 1332 2046 defensionem
1359 1991 1554 2060 pariat,
1586 1990 1882 2045 dummodo
1911 2004 2042 2060 pos-

474 2082 670 2148 sideat,
703 2081 876 2151 eidem
902 2097 1124 2152 quoque
1163 2083 1354 2137 saltem
1387 2082 1574 2136 utilem
1615 2081 1766 2136 dabit
1798 2080 2042 2135 vindica-

473 2171 699 2237 tionem,
725 2169 772 2226 si
805 2187 835 2225 a
861 2172 1210 2243 possessione
1239 2171 1514 2226 ceciderit.

546 2263 634 2316 15.
678 2261 820 2318 Solae
851 2278 978 2317 vero
1018 2279 1085 2317 an
1116 2263 1172 2317 in
1211 2278 1327 2318 rem
1365 2262 1626 2328 actiones,
1656 2260 1768 2316 sive
1808 2259 2046 2326 directa,

475 2356 592 2410 sive
633 2355 814 2422 utiles,
841 2356 942 2410 hac
989 2355 1400 2426 praescriptione
1437 2355 1736 2418 tolluntur,
1787 2368 1890 2407 nec
1937 2367 2048 2406 non

475 2444 623 2517 quod
671 2453 848 2499 metus
891 2460 1056 2499 causa
1089 2445 1265 2513 actio,
1315 2444 1428 2498 sive
1458 2442 1789 2498 haereditatis
1830 2441 2047 2512 petitio,

478 2534 739 2605 quoniam
775 2549 902 2588 cum
944 2534 1102 2589 bona:
1144 2535 1270 2590 ﬁdei
1299 2543 1601 2605 emptorem
1637 2540 1972 2601 competunt,
1997 2539 2054 2585 et

479 2625 585 2678 hoc
607 2623 700 2678 illo
723 2623 850 2694 quia
869 2624 1251 2680 vindicationis
1272 2623 1394 2679 loco
1419 2624 1636 2689 dantur,
1663 2631 1716 2677 et
1739 2630 1798 2676 ut
1818 2622 1894 2674 rei
1926 2636 2052 2674 cor—

478 2714 682 2781 poralis
714 2715 1008 2770 vindicatio
1035 2715 1128 2770 tali
1153 2715 1563 2786 praescriptione
1583 2714 1836 2780 tollatur,
1863 2728 2056 2783 supra-

479 2803 622 2858 dicta
655 2803 1054 2870 desiderantur;
1076 2814 1138 2860 ut
1163 2813 1340 2860 autem
1370 2804 1448 2859 rei
1481 2803 1860 2874 incorporalis,
1886 2801 1940 2854 id
1973 2808 2058 2854 est

481 2892 758 2946 servitutis
799 2893 1093 2948 vindicatio
1138 2894 1359 2948 tollatur
1383 2908 1450 2948 cx
1484 2893 1674 2948 ordine
1698 2893 1831 2946 satis
1875 2899 1960 2945 est
1998 2889 2047 2944 si

481 2982 739 3050 pmdieto
765 2992 1006 3052 tempore
1028 2984 1286 3038 servitute
1311 3000 1420 3039 non
1454 2983 1620 3040 fuerit
1648 2999 1802 3049 usus,
1829 2981 2056 3052 quieam

2214 1813 2266 1866 '5.
2339 1811 2510 1866 Fures
2564 1827 2740 1881 neque
2789 1820 2844 1866 et
2882 1812 3164 1868 invasores
3212 1813 3326 1868 haec
3374 1813 3716 1883 przrscriptio

2144 1903 2342 1959 munit.
2369 1901 2486 1957 imo
2511 1918 2641 1957 vero
2663 1912 2882 1973 propter
2908 1903 3130 1970 milites,
3157 1905 3390 1970 adultos,
3434 1903 3715 1968 mulieres,

2143 2002 2198 2048 et
2226 1994 2502 2058 absentes,
2528 2009 2558 2048 a
2597 1993 2909 2063 junioribus
2953 1995 3092 2049 divis
3129 1995 3462 2065 principibus
3485 2004 3571 2050 est
3597 1995 3718 2050 ideo

2146 2085 2389 2152 inventa,
2417 2093 2470 2142 et
2503 2086 2630 2156 quia
2671 2095 2816 2152 ante,
2857 2095 3129 2156 perpetuae
3163 2088 3470 2143 constitutae
3502 2086 3720 2142 fuerant

2148 2175 2412 2240 actiones,
2457 2183 2606 2229 certo
2650 2175 2757 2229 ﬁne
2801 2184 3134 2243 taxarentur,
3177 2184 3231 2231 et
3263 2192 3386 2231 cum
3430 2177 3501 2231 sit
3529 2177 3720 2232 odiosa

2148 2264 2266 2319 haec
2291 2263 2650 2332 praescriptio,
2701 2263 2965 2318 inducunt
3003 2279 3125 2319 eam
3168 2276 3385 2336 prepter
3417 2269 3724 2337 personalis

2149 2354 2380 2409 actionis
2413 2354 2697 2419 desidiam,
2744 2361 2799 2407 et
2826 2351 3045 2423 prop'ter
3089 2356 3519 2410 vendicationem
3580 2357 3724 2412 illius

2149 2445 2388 2514 longam,
2423 2452 2478 2497 et
2512 2444 2895 2498 inconcussam
2922 2443 3379 2513 detentationem;
3411 2455 3471 2500 ut
3499 2447 3576 2500 nil
3613 2463 3728 2516 per-

2151 2538 2412 2594 sonaliter
2437 2537 2562 2608 quis
2578 2537 2849 2607 obligatus
2878 2547 2981 2604 est,
3010 2539 3192 2593 statim
3220 2556 3286 2594 cx
3317 2557 3426 2610 quo
3452 2543 3580 2612 quis
3601 2558 3724 2596 cum

2152 2625 2342 2681 effectu
2371 2625 2661 2680 convenire
2688 2640 2811 2680 cum
2835 2627 3100 2681 creditam
3125 2637 3321 2696 potest,
3345 2638 3397 2683 et
3426 2639 3631 2696 cessat,
3653 2631 3726 2683 ita

2153 2722 2215 2768 ut
2242 2713 2318 2768 nil
2338 2712 2502 2768 faciat
2522 2728 2620 2783 pro
2645 2729 2745 2769 suo
2771 2715 2824 2768 in
2842 2730 2900 2770 re
2932 2718 3322 2784 conservando,
3354 2719 3574 2774 initium
3604 2719 3729 2773 talis

2153 2805 2487 2874 pmscriptio
2513 2805 2675 2874 capit,
2711 2813 2764 2860 et
2786 2805 2906 2861 ideo
2932 2807 3104 2863 donec
3132 2817 3370 2864 actorem
3409 2827 3568 2883 agere
3603 2827 3732 2882 pro-

2157 2893 2324 2959 hibet,
2361 2894 2550 2964 nequit
2573 2895 2840 2950 inchoari.

2228 2983 2282 3037 '5.
2317 2982 2573 3038 Prohibet
2619 2992 2801 3039 autem
2826 2983 2918 3054 jus
2941 3000 3102 3056 quem
3136 2995 3338 3056 petere,
3387 3005 3534 3046 nunc
3558 2990 3737 3062 ipsius

482 3080 696 3140 poterat
740 3072 1046 3138 vindicare,
1080 3073 1128 3127 si
1161 3073 1523 3129 restitutionis
1550 3073 1674 3143 jure
1704 3073 1930 3126 omnino
1966 3088 2057 3127 ca-
2083 3062 2123 3119 C
2155 3073 2408 3140 actionis,
2444 3089 2566 3144 quae
2594 3075 2840 3131 interdici
2867 3077 3045 3143 debet,
3064 3085 3280 3145 natura,
3315 3096 3461 3137 nunc
3490 3083 3732 3138 credito-

483 3171 620 3228 reat,
647 3170 707 3217 ut
738 3178 856 3230 cap.
889 3162 966 3216 De
992 3179 1205 3234 praescr.
1231 3164 1299 3219 30
1312 3164 1388 3219 vel
1415 3164 1483 3219 40
1497 3181 1644 3231 ann.,
1671 3164 1708 3217 ι.
1726 3162 1786 3219 Si
1814 3165 1976 3236 quis,
2002 3172 2056 3217 et

485 3268 603 3321 cap.
641 3252 764 3318 Qui.
800 3270 921 3309 non.
951 3255 1034 3308 ob.
1060 3254 1168 3309 lon.
1196 3264 1317 3309 tem.
1346 3272 1498 3325 pra,
1521 3255 1820 3326 l.Nequeet
1833 3271 1952 3325 cap.
1980 3255 2056 3308 De

485 3343 567 3396 his
593 3359 710 3415 qua
736 3346 828 3409 vi.,
856 3360 976 3415 cap.
1018 3345 1096 3400 De
1114 3346 1242 3401 edit.
1275 3347 1384 3401 divi
1422 3347 1576 3402 Adri.
1613 3345 1708 3400 toi.
1745 3346 1826 3412 ﬁ.,
1857 3353 1911 3401 et
1935 3361 2054 3416 cap.

486 3431 564 3484 De
593 3433 770 3499 servi,
794 3434 830 3486 l.
857 3432 1027 3500 Sicut,
1050 3434 1105 3488 θ’.
1124 3435 1664 3506 deservi.ur.pra:.,l.
1683 3435 1812 3491 Hac
1837 3443 2055 3500 autem,

487 3538 606 3592 cap.
633 3522 711 3576 De
737 3539 809 3576 se.
835 3539 906 3578 re.
947 3541 1063 3593 pu.,
1097 3524 1135 3578 l.
1182 3524 1512 3579 Attilicinus.

1048 3612 1485 3679 SUMMARIUM.

557 3709 608 3762 1.
649 3707 996 3780 Praescriptio
1043 3708 1351 3780 longissimi
1403 3705 1667 3780 temporis
1700 3704 1921 3776 quando
1961 3719 2058 3758 ne-

486 3797 726 3851 cessaria
755 3798 843 3851 sit.

559 3887 612 3940 2.
652 3886 993 3957 Praescriptio
1013 3887 1316 3958 longissimi
1335 3887 1597 3957 temporis
1618 3888 1732 3942 sive
1748 3886 2061 3943 tricennalis

491 3978 693 4046 quibus
716 3978 910 4048 prosit,
938 3986 1030 4033 aut
1058 3979 1222 4033 obsit.

559 4071 612 4125 3.
653 4069 750 4126 Jus
778 4079 911 4140 quot
937 4070 1114 4126 modis
1147 4085 1308 4140 quem
1337 4077 1518 4140 petere
1537 4069 1838 4141 prohibeat.

561 4162 614 4216 4.
657 4161 764 4218 Dos
783 4162 998 4218 mulieri
1039 4161 1219 4217 debita
1269 4161 1620 4216 matrimonio
1645 4169 1929 4216 constante
1953 4176 2062 4214 non

492 4262 671 4325 potest
697 4254 886 4324 repeti.

562 4345 614 4399 5.
656 4344 1000 4414 Praeseriptio
1021 4343 1334 4400 tricennalis
1356 4343 1621 4399 duntaxat
1635 4351 1826 4400 contra
1849 4342 2064 4399 desides

493 4435 674 4488 locum
697 4436 878 4489 habet.

567 4525 618 4579 6.
660 4525 1002 4595 Praescriptio
1046 4525 1357 4580 tricennalis
1401 4525 1620 4596 quando
1670 4533 1858 4583 contra
1896 4524 2068 4578 actio-

496 4632 619 4670 nem
654 4617 993 4685 personalem
1009 4624 1279 4670 nascatur

569 4709 620 4762 7.
661 4707 1005 4776 Praeseriptio
1030 4707 1450 4777 tricennalisper
1469 4704 1851 4776 quaeimpediri
1874 4705 2065 4774 possit.

567 4801 619 4854 8.
660 4799 1005 4870 Prmscriptlo
1048 4798 1269 4868 triginta
1313 4813 1579 4852 annorum
1610 4796 1900 4868 impeditur
1944 4811 2070 4867 pro-

496 4901 614 4962 pter
639 4891 841 4944 actoris
868 4887 1168 4958 impuberis
1197 4902 1504 4956 personam.

571 4981 597 4990 Α
665 4979 699 4990 λ
874 4979 887 4990 ο
937 4979 967 4990 .I
1046 4978 1100 4990 In

2095 4401 2144 4460 Ι)

2156 3163 2233 3217 ris
2258 3178 2512 3232 persona.
2536 3163 2783 3219 Actionis
2808 3172 3002 3220 natura
3035 3174 3148 3220 tum
3172 3167 3462 3239 impeditur
3497 3172 3738 3227 creditor

2156 3267 2336 3324 agere,
2358 3260 2414 3306 et
2436 3253 2558 3308 ideo
2599 3263 2788 3308 contra
2813 3270 2940 3309 eum
3000 3270 3110 3309 non
3166 3257 3343 3311 oritur
3397 3261 3738 3330 praescriptio

2157 3359 2281 3399 cum
2305 3344 2546 3401 debitum
2599 3347 2747 3415 quod
2790 3347 2846 3400 in
2868 3347 3195 3418 obligatione
3239 3349 3466 3404 vertitur
3513 3366 3626 3405 non
3668 3351 3740 3407 sit

2159 3448 2376 3501 purum,
2406 3433 2500 3488 sed
2521 3441 2616 3488 aut
2637 3434 3023 3501 conditionem,
3054 3445 3147 3490 aut
3187 3438 3446 3508 temporis
3475 3440 3741 3495 dilatione

2159 3523 2531 3592 suspenditur,
2565 3532 2627 3578 ut
2670 3523 2716 3579 si
2753 3525 3102 3594 promittatur
3144 3528 3228 3582 vel
3276 3528 3487 3599 legetur
3529 3529 3742 3600 aliquid

2160 3611 2215 3666 in
2252 3611 2397 3667 diem
2427 3613 2512 3666 vel
2542 3613 2645 3668 sub
2680 3613 3010 3669 conditione.

2230 3703 2284 3756 4.
2324 3701 2470 3757 Idem
2495 3712 2580 3759 est
2611 3712 2667 3758 et
2687 3704 2742 3757 in
2773 3705 2898 3760 dote
2923 3706 3136 3761 mulieri
3163 3707 3362 3773 debita,
3404 3725 3572 3778 quam
3614 3722 3743 3767 ante

2161 3792 2400 3848 solutum
2435 3794 2846 3849 matrimonium
2890 3811 2955 3850 ex
2995 3796 3184 3851 ordine
3231 3807 3476 3867 repetere
3504 3810 3741 3869 vetatur,

2163 3882 2394 3953 ideoque
2419 3893 2544 3939 ante
2586 3895 2774 3940 contra
2812 3900 2935 3940 eam
2971 3902 3190 3942 currere
3233 3904 3340 3942 non
3385 3890 3577 3960 incipit
3603 3907 3745 3962 prae-

2164 3974 2410 4044 scriptio.
2452 3974 2668 4032 Actoris
2726 3989 2960 4046 persona
2997 3977 3244 4047 prohibet
3288 3979 3382 4048 jus
3411 3980 3594 4050 ipsum
3649 3977 3740 4036 cui

2164 4065 2295 4136 quid
2321 4066 2551 4121 debetur
2592 4075 2792 4136 petere,
2843 4076 2898 4123 et
2939 4067 3059 4124 ideo
3103 4070 3266 4140 hujus
3310 4073 3740 4142 praescriptionis

2165 4162 2346 4209 cessat
2390 4154 2625 4222 initium,
2693 4164 2757 4210 ut
2803 4156 2852 4212 si
2890 4157 3020 4226 quid
3062 4157 3322 4213 debeatur
3366 4160 3740 4228 ﬁliofamilias,

2165 4253 2387 4314 propter
2427 4261 2591 4315 quem
2626 4246 2749 4301 ideo
2782 4263 2892 4302 non
2940 4249 3111 4303 currit
3141 4251 3499 4321 praescriptio,
3522 4254 3654 4323 quia
3685 4255 3740 4307 in

2163 4335 2393 4404 judicio,
2421 4336 2700 4392 communi
2725 4337 2870 4408 jure,
2905 4339 3024 4394 sine
3060 4341 3232 4410 patris
3261 4343 3742 4416 voluntatenequit

2169 4425 2488 4482 consistere.

2240 4517 2294 4570 5.
2333 4516 2697 4583 Quamobrem
2721 4518 2767 4574 si
2793 4533 2900 4574 non
2916 4519 3190 4590 judicatur
3204 4522 3498 4589 deses,nec
3521 4525 3744 4582 desidias

2171 4623 2390 4677 poenam
2445 4609 2605 4666 debet
2658 4611 2794 4680 pati,
2840 4621 2895 4667 et
2960 4613 3077 4669 haec
3148 4617 3488 4686 praescriptio
3553 4627 3742 4673 contra

2172 4699 2331 4754 deses
2407 4699 2674 4756 duntaxat
2747 4701 2928 4756 locum
3010 4703 3190 4759 habet.
3271 4704 3522 4775 Amplius
3605 4709 3744 4763 sicut

2174 4789 2250 4842 illi
2300 4789 2396 4859 qui
2455 4805 2566 4848 non
2631 4791 2784 4862 egit,
2846 4793 2976 4863 quia
3039 4809 3147 4850 non
3188 4795 3364 4864 potuit
3420 4812 3532 4851 non
3575 4799 3744 4853 eun-it

2171 4884 2538 4954 praescriptio;
2576 4887 2657 4942 sic
2692 4901 2793 4936 nec
2813 4887 3066 4943 creditori
3118 4888 3213 4952 qui
3241 4888 3363 4943 ideo
3404 4906 3569 4945 suum
3591 4891 3741 4946 debi-
