4022 5340
263 308 400 367 1495

1402 308 1489 363 DE
1526 306 1845 365 DIVERSIS
1880 300 2307 363 PRESCRIPT.

3368 304 3514 368 N94

268 421 451 479 Instit.
483 421 547 476 de
572 429 768 492 perpet.
786 428 837 477 et
866 428 1021 493 temp.
1061 428 1191 490 act.,
1220 429 1274 477 et
1302 437 1422 492 cap.
1451 422 1573 477 Non
1588 424 1696 491 0b.,
1722 424 1759 478 l.
1793 439 1832 491 1,
1864 423 1910 480 Α
1935 434 2064 486 non,
2100 428 2226 474 ante
2248 417 2367 489 ejus
2389 417 2916 473 consummationem
2939 415 3355 489 interrumpitur
3382 418 3520 491 legi-

259 528 312 581 p.
337 514 374 565 l.
402 510 601 582 Neque,
635 527 754 581 cap.
786 509 933 566 Unde
961 511 1031 578 vi,
1058 510 1097 566 l.
1122 510 1337 577 ulti.,et
1360 526 1479 581 cap.
1502 511 1580 565 De
1594 512 1833 581 μηδενί.

260 600 330 655 50
360 600 437 656 vel
461 601 532 656 40
557 618 670 669 an.,
702 601 739 657 l.
765 603 901 655 sicut
952 608 1007 657 et
1030 599 1163 656 Cum
1183 601 1464 667 notissimi,
1487 608 1541 657 et
1556 601 1592 656 ι.
1622 599 1682 656 Si
1697 603 1837 672 quis,

261 699 316 746 et
339 706 460 761 cap.
480 689 557 745 De
590 706 678 745 an.
707 698 908 760 except.
932 689 969 745 ι.
1002 705 1039 756 1,
1071 688 1099 761 ᾗ
1131 680 1219 756 11..
1242 704 1361 759 cap.
1401 688 1478 743 De
1494 689 1617 759 jure
1641 690 1753 757 ἄση
1796 691 1834 746 1.

263 781 333 836 1η
368 784 540 847 rebus,
565 791 615 836 et
637 784 694 837 in
728 791 933 836 auctor.
966 789 1025 834 ut
1045 797 1237 850 sponsa
1273 780 1405 848 Ian,
1433 779 1460 852 ς
1486 779 1707 849 Rursus,
1734 781 1835 837 col.

264 873 320 941 9,
358 875 573 929 constit.
590 875 646 929 2.

334 965 388 1020 6.
424 964 527 1021 Sed
563 965 785 1036 quidem
815 964 1085 1022 sancitum
1111 972 1195 1020 est
1218 964 1306 1020 hic
1340 972 1400 1020 ut
1429 971 1621 1020 contra
1647 979 1839 1034 perso-

262 1059 442 1115 nalem
469 1061 740 1115 actionem
782 1067 1039 1116 nascatur
1077 1059 1204 1115 talis
1238 1059 1603 1130 prascriptio;
1627 1068 1686 1114 ut
1714 1073 1842 1113 vero

264 1159 457 1206 contra
494 1151 833 1207 venditorem
868 1152 1086 1207 initium
1125 1153 1325 1223 capiat,
1357 1161 1413 1207 et
1448 1151 1736 1221 petitorem
1774 1166 1839 1206 ex

263 1254 376 1310 quo
425 1254 586 1310 agere
635 1239 810 1310 possit
862 1239 1023 1294 silere
1059 1239 1313 1295 convenit
1363 1248 1419 1295 et
1456 1239 1637 1309 ipsum
1686 1255 1842 1295 reum

262 1331 545 1401 possidere
560 1346 671 1384 non
694 1330 1068 1401 corporaliter,
1090 1330 1183 1385 sed
1204 1339 1386 1385 tamen
1406 1329 1636 1385 civiliter
1663 1345 1842 1400 quan-

264 1421 447 1491 doque
476 1435 576 1491 pro
597 1436 716 1476 suo.
744 1419 978 1491 Ideoque
1023 1435 1125 1476 nec
1167 1421 1452 1488 colonum,
1483 1435 1586 1476 nec
1619 1421 1845 1493 emphy-

265 1520 474 1567 teutam
501 1512 556 1566 in
581 1511 807 1567 dominii
829 1512 1158 1582 quaestione,
1181 1511 1310 1567 dum
1337 1511 1713 1582 productionis
1741 1526 1845 1566 no-

266 1603 417 1658 mine
458 1603 788 1674 possidetur,
835 1619 961 1659 cum
1005 1603 1230 1659 domum
1261 1604 1502 1659 tuebitur
1530 1604 1657 1660 talis
1702 1619 1843 1675 pra:—

1939 510 2088 565 time.
2119 508 2307 585 Medos
2336 524 2467 565 vero
2498 510 2928 580 interrumpendi
2957 524 3077 566 eam
3107 510 3305 566 melius
3332 518 3519 567 osten-

1939 601 2133 658 demus

2011 691 2065 747 9.
2095 691 2176 747 Ad
2216 693 2333 749 haec
2368 693 2670 750 notandum
2712 693 2769 749 in
2791 694 3121 765 quibusdam
3150 693 3218 750 40
3246 709 3519 750 annorum

1941 782 2404 853 praescriptionem
2444 785 2753 856 subrogari,
2808 785 2862 840 in
2913 785 3113 856 quibus
3164 785 3518 843 tricennalem

1940 888 2159 928 cessare
2179 872 2438 942 diximus,
2481 883 2544 930 ut
2585 875 2639 929 in
2664 878 2881 931 actione
2911 876 3300 947 hypothecaria
3324 883 3515 937 contra

1941 963 2261 1033 debitorem,
2297 966 2381 1020 vel
2421 966 2721 1021 secundum
2751 966 3076 1021 creditorem
3115 967 3293 1038 primo
3339 967 3518 1024 credi-

1942 1055 2051 1111 tori
2082 1064 2444 1126 competente,
2482 1056 2630 1112 sicut
2675 1064 2731 1113 et
2775 1065 2966 1113 contra
3007 1057 3188 1113 locum
3240 1059 3522 1115 venerabi—

1942 1145 2047 1201 lem
2076 1155 2209 1202 tunc
2235 1145 2418 1202 locum
2455 1146 2638 1214 habet,
2667 1162 2791 1203 cum
2819 1147 2869 1202 ei
2916 1148 3040 1203 talis
3070 1148 3329 1219 competit
3349 1150 3517 1218 actio,

1943 1253 2065 1307 qua:
2091 1237 2140 1293 si
2168 1236 2380 1307 privato
2404 1245 2753 1308 competeret,
2788 1236 2854 1292 lO
2880 1237 2966 1293 vel
3003 1237 3094 1305 20,
3138 1239 3223 1293 vel
3256 1238 3325 1294 30
3346 1255 3523 1295 anno-

1944 1344 2066 1383 rum
2096 1328 2509 1398 praescriptione
2536 1327 2837 1395 tolleretur,
2887 1328 2979 1383 sed
3027 1328 3121 1383 ubi
3161 1329 3345 1400 aliqua
3391 1346 3527 1400 prae—

1945 1419 2168 1491 scriptio
2190 1419 2381 1489 judicii
2402 1419 2813 1475 continuatione
2840 1428 2926 1476 est
2950 1420 3279 1491 interrupta;
3302 1429 3357 1477 et
3386 1422 3522 1489 haec,

1947 1510 2002 1566 id
2041 1518 2126 1565 est
2155 1509 2225 1564 40
2263 1525 2532 1566 annorum
2571 1510 2912 1581 praescriptio
2946 1511 3126 1566 locum
3161 1512 3343 1580 habet,
3369 1520 3425 1568 et
3457 1528 3525 1569 ex

1959 1615 2025 1655 eo
2053 1608 2294 1671 tempore
2314 1601 2504 1671 incipit
2535 1616 2755 1657 currere
2785 1616 2848 1655 ex
2874 1617 2984 1672 quo
3009 1603 3199 1658 ultima
3223 1605 3527 1674 procedunt

265 1695 513 1765 scriptio.
554 1693 700 1749 Idem
727 1703 782 1750 et
803 1694 858 1749 in
884 1695 1174 1763 creditore,
1205 1695 1336 1750 dum
1369 1695 1686 1767 hypotheeze
1721 1696 1846 1766 jure
1874 1757 1915 1767 _
1951 1690 2143 1763 Iitigia,
2160 1700 2222 1747 ut
2240 1708 2360 1762 cap.
2384 1692 2464 1747 De
2487 1694 2760 1763 praserip.
2789 1691 2858 1747 50
2877 1709 3058 1762 anno.,
3083 1694 3116 1748 1.
3150 1694 3458 1764 0mnes.,et
3484 1696 3520 1752 I.

265 1884 412 1927 com.
446 1870 523 1925 De
554 1887 774 1941 usucap.
805 1886 844 1937 1,
881 1879 936 1926 et
960 1887 1079 1941 cap.
1111 1871 1188 1925 De
1212 1888 1429 1942 praescr.
1455 1872 1524 1927 30
1550 1873 1629 1927 vet
1657 1872 1729 1928 40
1750 1891 1839 1928 an.

264 1962 304 2017 Ι.
343 1960 484 2016 Male
513 1962 737 2034 agitem,
770 1969 844 2029 et,
868 1975 989 2032 cap.
1014 1961 1116 2018 eod
1136 1961 1174 2018 I.
1195 1961 1329 2019 Cum
1355 1963 1641 2031 notissimi,
1682 1963 1710 2035 ς
1741 1962 1844 2020 Sed

265 2070 409 2121 cum.

342 2145 393 2200 7.
424 2144 492 2201 Et
522 2146 649 2203 licet
680 2147 845 2218 hujus
870 2149 1297 2221 praescriptionis
1323 2148 1502 2207 facilis
1525 2151 1597 2207 sit
1631 2152 1843 2225 ingres-

263 2251 386 2302 sus,
419 2244 549 2292 sunt
576 2245 755 2293 tamen
799 2247 1060 2308 praeterea
1089 2254 1213 2310 quae
1240 2255 1406 2310 supra
1436 2239 1696 2308 diximus,
1724 2257 1848 2313 quae

263 2343 391 2383 eam
420 2328 723 2400 impediunt
746 2330 818 2385 ab
847 2330 1033 2398 initio,
1064 2340 1159 2387 aut
1184 2342 1328 2402 post.
1366 2332 1451 2389 Ah
1477 2333 1636 2389 initio
1669 2334 1845 2405 impe-

263 2418 417 2474 ditur
454 2420 590 2487 hazc,
634 2421 689 2477 id
716 2430 803 2477 est
841 2422 911 2477 50
941 2438 1031 2477 an.
1062 2423 1405 2494 praescriptio
1435 2440 1584 2481 nunc
1627 2435 1849 2496 propter

262 2525 408 2576 rem,
441 2526 585 2567 nunc
620 2521 840 2582 propter
867 2514 1070 2569 actoris
1098 2529 1413 2585 personam,
1450 2531 1598 2572 nunc
1629 2526 1849 2588 propter

263 2601 349 2657 rei
401 2616 713 2684 personam,
755 2614 810 2658 et
856 2604 1088 2660 actionis
1143 2621 1337 2678 genus.
1383 2605 1482 2663 Rei
1530 2608 1674 2663 ratio
1708 2608 1852 2665 hanc

265 2694 739 2765 prasscriptionem
775 2696 1018 2766 impedit,
1057 2705 1119 2753 ut
1164 2698 1212 2754 si
1256 2699 1331 2753 sit
1364 2699 1503 2755 liber
1532 2699 1727 2769 homo,
1755 2710 1851 2757 aut

268 2781 667 2857 saerumquod
688 2782 1018 2852 possidetur,
1051 2791 1147 2838 aut
1173 2783 1281 2839 tale
1307 2784 1467 2855 cujus
1488 2800 1599 2840 non
1625 2786 1699 2841 sit
1722 2801 1850 2856 pro~

265 2871 388 2942 pria
421 2880 476 2927 et
518 2873 778 2932 continua
821 2874 1129 2944 possessio,
1175 2891 1412 2946 quorum
1461 2892 1693 2933 numero
1722 2886 1852 2934 sunt

268 2982 466 3021 omnes
503 2968 794 3023 servitutes
830 2968 1050 3023 rusticae
1093 2976 1292 3038 praeter
1331 2970 1733 3040 aquaeductum,
1761 2972 1852 3028 hic

267 3058 419 3113 enim
446 3074 570 3129 qua:
594 3058 713 3129 ejus
747 3059 1024 3130 possessio
1058 3060 1131 3117 sit
1169 3060 1328 3132 quasi
1359 3060 1640 3129 continua,
1667 3077 1847 3117 rerum

268 3150 637 3206 immobilium
671 3153 919 3222 exemplo
952 3152 1339 3223 praescribitur.
1367 3152 1514 3209 Idem
1548 3162 1634 3210 est
1655 3155 1711 3209 in
1752 3171 1847 3208 ur-

267 3244 434 3300 banis
465 3244 851 3314 servitutibus;
884 3245 940 3300 in
985 3244 1271 3316 superficie
1298 3247 1745 3314 consistentibus,
1790 3254 1850 3301 ut

267 3335 410 3407 tigni
430 3335 735 3413 immitendi
751 3375 767 3403 ,
795 3343 851 3391 et
869 3334 1153 3403 stillicidii,
1175 3335 1452 3392 fiscalibus
1480 3351 1699 3409 quoque
1720 3335 1848 3392 fun-

269 3426 581 3496 Ctionibus;
604 3426 864 3499 quoniam
887 3426 968 3483 eis
994 3442 1187 3498 parere
1212 3426 1463 3482 convenit
1486 3443 1677 3483 omnes
1712 3442 1851 3498 prae-

270 3518 493 3574 diorum
522 3534 891 3589 possessores,
915 3518 1078 3575 sicuti
1116 3518 1331 3585 curiali,
1353 3519 1729 3585 colonariazve,
1752 3534 1850 3574 seu

269 3610 593 3680 ascriptitia:
653 3610 954 3666 conditioni
1027 3609 1253 3665 minime
1313 3609 1633 3681 prtejudicat
1688 3609 1852 3679 hujus

270 3699 706 3771 praescriptionis
749 3700 1176 3767 adminiculum,
1213 3707 1275 3755 ut
1317 3715 1438 3770 cap.
1478 3699 1557 3754 De
1578 3700 1758 3754 servit.
1800 3708 1850 3754 et

270 3806 461 3864 aqum,
492 3793 528 3847 l.
566 3789 627 3846 Si
651 3808 863 3864 mam.
889 3798 945 3847 et
964 3790 1020 3847 ﬂ‘.
1050 3791 1116 3845 de
1142 3807 1275 3846 mor.
1307 3790 1406 3845 inf.
1438 3806 1558 3860 cap.
1590 3789 1667 3845 De
1683 3792 1840 3860 agric.

270 3894 323 3941 et
354 3885 518 3939 censi.
557 3884 595 3940 1.
630 3882 764 3939 Cum
802 3884 937 3937 satis
965 3883 1002 3937 1.
1032 3898 1093 3950 11,
1115 3891 1170 3938 et
1188 3898 1308 3953 cap.
1349 3882 1427 3936 De
1466 3882 1737 3952 prtrscrip.
1783 3880 1848 3936 50

271 3992 560 4043 annorum,
581 3976 619 4030 I.
657 3974 1144 4045 Prtescriptionem,
1174 3983 1228 4029 et
1255 3975 1293 4029 I.
1327 3974 1608 4044 Competit.

345 4067 400 4122 8.
437 4066 665 4138 Propter
699 4066 903 4122 actoris
923 4080 1216 4137 personam
1249 4065 1542 4135 impeditur
1572 4064 1695 4121 talis
1713 4081 1854 4136 prse-

270 4159 523 4230 scriptio,
554 4160 598 4215 si
632 4159 704 4214 sit
733 4167 887 4214 actor
927 4158 1196 4229 impubes.
1245 4156 1312 4213 Ei
1360 4174 1470 4213 non
1507 4167 1689 4214 curret
1716 4173 1855 4228 prte-

271 4250 522 4320 scriptio,
545 4257 837 4319 antequam
866 4249 1167 4319 pubertatis
1195 4263 1368 4304 annos
1382 4248 1734 4318 ingrediatur,
1749 4247 1851 4303 sies

272 4341 356 4395 uti
411 4356 515 4396 nec
555 4348 746 4395 contra
778 4340 960 4395 locum
994 4339 1382 4405 venerabilem,
1424 4354 1526 4393 nec
1552 4347 1742 4394 contra
1776 4338 1855 4392 ci-

263 1757 483 1857 pignori
509 1786 790 1853 inhaereat,
820 1786 946 1841 licet
967 1757 1189 1857 quidam
1209 1757 1607 1854 contradicant,
1639 1794 1699 1841 ut
1719 1757 1839 1857 cap.
1874 1757 1918 1813 Β
1944 1757 2078 1838 Cum
2122 1757 2406 1852 notissimi,
2441 1757 2497 1840 I.'
2519 1757 2772 1855 Suspepet
2820 1800 2939 1855 cap.
2989 1757 3066 1840 De
3102 1802 3262 1841 anna.
3289 1757 3517 1859 except,

1955 1876 1991 1931 1.
2025 1892 2064 1943 1,
2094 1887 2149 1933 et
2189 1877 2246 1931 in
2285 1876 2497 1932 authen.
2538 1877 2604 1933 de
2629 1876 2851 1932 ecclesia
2894 1877 2975 1933 tit.
3027 1876 3055 1950 §
3100 1876 3209 1933 Pro
3250 1887 3511 1951 tempora-

1945 1965 2103 2022 libus.
2156 2036 2161 2041 θ
3200 2012 3209 2017 .
3412 1980 3415 1983 λ

2016 2058 2103 2115 10.
2143 2057 2347 2115 Harum
2382 2058 2616 2116 duarum
2644 2061 3141 2131 praescriptionum,
3170 2076 3298 2117 cum
3328 2060 3530 2119 fuerint

1944 2148 2217 2221 perfectae,
2268 2149 2455 2206 varius
2491 2158 2575 2207 est
2608 2150 2865 2219 eﬂ‘ectus;
2904 2168 3031 2207 nam
3062 2152 3363 2207 debitorem
3391 2168 3527 2209 con-

1944 2255 2031 2301 tra
2066 2245 2407 2317 personalem
2458 2246 2728 2300 actionem
2774 2254 3035 2315 perpetua
3070 2245 3326 2300 muniunt
3364 2260 3527 2301 exce—

1945 2336 2151 2407 ptione.
2176 2333 2299 2401 Cui,
2330 2334 2378 2390 si
2395 2333 2636 2401 solverit,
2659 2345 2765 2388 non
2790 2334 2921 2389 dant
2945 2334 3368 2401 condictionem,
3385 2350 3527 2405 quo-

1947 2425 2094 2480 niam
2124 2432 2254 2481 sunt
2300 2431 2630 2495 comparatae
2654 2423 2941 2479 creditoris
2971 2424 3118 2490 odio;
3154 2439 3529 2495 possessorem

1946 2532 2096 2584 vero,
2135 2516 2230 2588 qui
2280 2515 2614 2571 venditorem
2654 2522 2867 2586 poterat
2905 2515 3216 2582 convenire,
3246 2524 3531 2585 perpetua,

1947 2607 2079 2663 dum
2103 2606 2398 2677 possideat,
2420 2613 2644 2661 tuentur
2667 2606 3006 2676 exceptione,
3050 2613 3104 2659 et
3125 2606 3174 2661 si
3203 2605 3361 2660 bonae
3398 2605 3524 2659 ﬁdei

1947 2708 2252 2769 possessor,
2302 2696 2713 2767 praescriptione
2759 2694 2933 2763 finita,
2987 2696 3147 2752 cadat
3188 2695 3256 2751 de
3302 2710 3526 2764 posses-

1949 2789 2123 2855 sione,
2150 2788 2283 2843 dant
2301 2786 2351 2842 ei
2376 2787 2563 2842 utilem
2582 2786 2641 2841 in
2678 2802 2791 2841 rem
2814 2786 3105 2851 actionem,
3129 2801 3252 2856 qua:
3275 2786 3434 2840 malae
3461 2785 3529 2839 ti-

1949 2879 2037 2935 dei
2079 2878 2387 2949 possessori
2435 2877 2816 2949 denegaretur,
2856 2878 2903 2933 si
2946 2877 3013 2932 de
3034 2876 3381 2947 possessione
3411 2875 3530 2931 sine

1950 2971 2176 3026 alterius
2202 2969 2459 3025 violentia
2502 2984 2818 3040 quanquam
2860 2983 2917 3022 re
2942 2967 3056 3039 jam
3087 2967 3403 3037 praescripta
3436 2984 3529 3022 ca-

1949 3063 2119 3119 deret.
2171 3060 2277 3117 Sed
2302 3076 2428 3117 cum
2458 3075 2620 3116 verus
2642 3074 2930 3131 possessor
2955 3074 3069 3114 rem
3105 3059 3384 3114 vindicare
3417 3074 3529 3113 non

1948 3154 2147 3221 valeat,
2184 3168 2350 3224 quam
2399 3153 2544 3208 mala
2577 3152 2682 3207 ﬁde
2726 3150 3164 3222 praescripserat,
3198 3151 3275 3205 rei
3306 3152 3530 3207 domino

1950 3244 2033 3299 vel
2070 3244 2347 3311 creditori,
2374 3244 2462 3299 cui
2490 3258 2555 3298 ca
2597 3258 2687 3298 res
2716 3242 2895 3297 fuerat
2920 3243 3181 3312 obligata,
3213 3243 3375 3297 datur
3410 3243 3532 3314 ejus

1948 3336 2029 3391 rei
2056 3334 2373 3400 vindicatio,
2398 3333 2526 3388 licet
2553 3333 2794 3401 invasor,
2821 3334 2869 3388 si
2890 3348 3034 3387 nunc
3064 3334 3528 3402 possideret,‘3os,

1950 3426 2159 3482 scilicet
2205 3424 2491 3479 dominum
2533 3425 2617 3478 vel
2667 3424 3014 3489 creditorem,
3047 3423 3116 3477 ab
3169 3424 3379 3493 agendo
3427 3427 3533 3479 hac

1949 3516 2361 3586 praescriptione
2374 3515 2680 3586 repelleret,
2700 3524 2762 3570 ut
2783 3530 2901 3585 cap.
2928 3513 3006 3567 De
3031 3529 3187 3584 precs.
3221 3513 3292 3569 30
3314 3530 3465 3581 ann.,
3491 3516 3525 3568 1.

1951 3608 2123 3674 Sicut,
2155 3614 2210 3663 et
2231 3607 2267 3662 I.
2302 3605 2364 3663 Si
2401 3607 2541 3678 quis.
2577 3605 2634 3661 ff.
2676 3606 2741 3660 de
2770 3605 2941 3660 condi.
2972 3605 3109 3672 ind.,
3159 3605 3194 3659 I.
3244 3603 3530 3675 Exceptio-

1950 3716 2087 3754 nem.
2534 3714 2537 3717 ’

2515 3765 2957 3824 SUMMARIUM.

2023 3863 2074 3917 l.
2114 3860 2463 3933 Praescriptio
2491 3860 2799 3933 longissimi
2834 3858 3098 3930 temporis
3128 3848 3405 3928 quomodo
3434 3873 3531 3913 na-

1953 3954 2203 4010 turaliter
2233 3953 2671 4024 interrumpitur.
3310 3981 3315 3985 ο

2020 4046 2076 4100 2.
2115 4043 2462 4115 Ρταεεεισίριὶο
2483 4041 2790 4115 longissimi
2818 4040 3080 4113 temporis
3111 4039 3226 4098 litis
3253 4046 3531 4097 contesta-

1954 4137 2100 4192 tione
2119 4136 2353 4192 civiliter
2377 4133 2814 4204 interrumpitur.
3104 4166 3107 4171 ‹
3263 4162 3270 4169 ~

2023 4230 2077 4284 5.
2118 4229 2286 4285 Actor
2297 4229 2520 4299 quando
2540 4227 2716 4298 possit
2728 4226 3020 4297 praesidem
3041 4225 3191 4282 adire
3213 4233 3270 4282 et
3288 4229 3543 4296 pmscrif

1952 4321 2194 4393 ptionem
2215 4319 2630 4389 interrumpere.

272 4430 526 4495 vitalem,
557 4438 618 4484 ut
643 4445 763 4499 cap.
789 4428 867 4482 De
891 4429 1164 4499 praserip.
1195 4426 1436 4489 500mm.
1466 4428 1502 4482 1.
1536 4426 1709 4496 Sicut,
1738 4435 1794 4482 et
1812 4428 1846 4481 1.

2024 4415 2079 4471 4.
2115 4411 2565 4482 Pmscriptiones
2584 4424 2708 4481 qua:
2736 4422 2930 4465 omnes
2956 4408 3152 4463 tollant
3178 4407 3441 4464 actiones.

272 4520 417 4575 Cum
445 4521 731 4588 notissimi,
747 4529 801 4575 et
823 4521 879 4575 in
900 4519 1127 4574 auth.de
1141 4518 1343 4574 Eccles.
1370 4520 1500 4592 rit.§
1524 4520 1634 4574 Pro
1654 4529 1853 4591 tempo-

275 4610 466 4677 ralib.,
497 4627 616 4681 cap.
660 4611 735 4666 De
762 4629 1033 4667 sacrosan.
1061 4611 1289 4678 Eccl.,I.
1321 4610 1390 4666 Ut
1409 4614 1563 4668 inter.
1597 4610 1695 4668 Rei
1735 4628 1859 4682 per-

275 4717 419 4758 sona
448 4718 512 4758 ac
539 4703 771 4759 actionis
800 4720 971 4775 genus
1016 4703 1086 4758 ab
1126 4703 1282 4758 initio
1318 4703 1461 4757 hanc
1496 4704 1860 4774 pmscriptio—

2025 4506 2079 4562 5.
2119 4502 2568 4574 Pratscriptiones
2621 4502 2862 4556 minores
2909 4515 3022 4556 non
3067 4508 3298 4555 currunt
3345 4509 3539 4557 contra

1954 4597 2198 4653 minores
2218 4595 2411 4667 viginti
2434 4594 2678 4666 quinque
2704 4608 2996 4647 annorum.

2023 4688 2075 4742 6.
2115 4686 2459 4757 Praescriptio
2497 4684 2748 4756 opposita
2794 4699 2905 4740 non
2949 4692 3249 4740 numeratae
3292 4687 3553 4753 pecuniae.

275 4809 407 4848 nem
450 4794 693 4864 impedit,
724 4802 784 4849 ut
806 4795 853 4851 si
882 4794 1136 4850 creditori
1168 4809 1268 4863 pro
1297 4794 1526 4864 pignore
1583 4794 1729 4864 quod
1771 4794 1846 4850 de

1962 4781 2156 4851 quibus
2182 4779 2514 4851 infringatur
2541 4778 2739 4834 modis.

272 4885 424 4940 bitor
449 4886 533 4954 vel
558 4886 800 4941 debitore
827 4885 948 4940 vivo
977 4883 1250 4939 secundus
1263 4885 1504 4938 creditor
1522 4883 1853 4954 possidebat,

274 4976 669 5047 hypotheearia
700 4983 970 5046 competat
1011 4974 1175 5041 actio,
1224 4982 1284 5028 ut
1309 4989 1427 5043 cap.
1456 4974 1533 5028 De
1558 4977 1830 5046 prwscript

275 5063 348 5121 50
384 5082 478 5120 an.
517 5071 558 5121 1.
590 5066 762 5122 Sicut.
794 5076 847 5122 et
868 5068 906 5121 I.
934 5064 1068 5121 Cum
1107 5066 1393 5132 notissimi,
1422 5064 1572 5137 §Sed
1604 5083 1742 5121 cum.
1773 5067 1844 5121 Ε)

2556 4887 2786 4946 CAPUT
2843 4888 2933 4943 IV.

2200 4986 2278 5041 De
2311 4981 2783 5054 interruptionibus
2812 4968 3286 5050 prwscriptionum.

2034 5077 2140 5135 Sed
2166 5078 2431 5146 quoniam
2458 5078 2579 5133 ista:
2598 5083 2653 5130 et
2681 5073 2803 5128 alia
2826 5067 3287 5141 praescriptiones,
3322 5085 3395 5124 ne
3422 5086 3557 5128 con-
