4022 5340
480 117 621 175 N95

1793 106 2073 163 ROGERll
2106 105 2203 163 .IC.
2240 102 2423 161 lTALl

3591 98 3734 156 “96

475 231 700 300 impetu,
720 227 817 283 .vel
847 236 1041 297 sponte
1068 224 1310 295 propria,
1333 222 1420 280 vel
1475 222 1598 278 aliis
1635 222 1822 279 multis
1855 221 2053 289 modis,
2084 225 2130 283 Α
2161 220 2381 276 Hisdem
2417 219 2592 276 modis
2632 217 2703 275 20
2731 226 2787 274 et
2824 216 2896 273 30
2931 230 3200 274 annorum
3236 215 3580 289 praescriptio
3600 231 3728 287 qua:

475 330 537 378 ut
564 319 619 375 ff.
645 319 722 373 De
772 334 982 379 usuca.,
1014 317 1052 370 1.
1080 313 1443 382 Naturaliter,
1469 322 1523 369 et
1545 314 1583 368 l.
1627 312 1697 366 Ei
1724 330 1757 366 a
1776 329 1877 384 quo
1903 313 1960 367 ﬂ'.
1991 313 2055 367 de

475 411 650 482 aequi.
674 426 811 479 ρος..
840 408 879 462 1.
918 405 1022 472 Qui
1059 406 1354 471 universas;
1382 420 1505 473 cap.
1545 403 1621 457 De
1651 405 1823 473 arqui.
1852 420 1964 472 pos.
2013 403 2051 458 l.

476 509 604 555 ante
633 499 817 570 penu].
868 495 969 552 Hic
1014 504 1198 550 autem
1236 493 1650 563 interruptionis
1697 492 1892 547 modus
1926 491 2059 546 solis

476 588 956 652 vindicationibus,
989 594 1047 640 ut
1072 592 1482 656 perpetuentur,
1509 582 1745 652 prodest.

548 682 603 737 2.
644 680 889 734 Civiliter
932 693 1063 732 vero
1110 676 1527 746 interrumpitur
1568 674 1910 744 prmscriptio
1945 673 2059 729 litis

478 771 874 828 contestatione
900 809 915 835 ,
955 784 1079 838 qua:
1128 767 1187 821 fit
1219 782 1344 822 cum
1383 766 1609 836 coeperit
1651 764 1820 834 judex
1869 764 2061 819 audire

479 863 680 933 negotii
722 874 996 917 summam
1046 874 1143 928 per
1201 858 1438 927 partium
1494 855 1864 911 narrationem
1933 855 2061 911 hinc

480 954 605 1008 inde
649 951 885 1018 factam;
925 950 986 1004 fit
1015 964 1235 1019 quoque
1289 946 1614 1017 interruptio
1655 947 1774 1001 sola
1820 962 2060 1001 conven-

482 1044 629 1097 tione
658 1056 754 1096 reo
778 1041 1075 1106 declarata,
1097 1038 1183 1093 vel
1220 1038 1340 1107 ejus
1364 1037 1555 1092 saltem
1584 1036 1771 1092 domni
1796 1051 1890 1105 per
1911 1036 2060 1105 judi-

483 1134 562 1188 eis
589 1144 988 1189 exsecutorem.
1017 1129 1075 1185 Si
1104 1130 1319 1186 debitor
1340 1129 1394 1183 in
1420 1144 1582 1184 suum
1605 1128 1927 1183 creditorem
1958 1142 2061 1181 no-

482 1230 576 1276 vat
596 1223 680 1277 vel
709 1222 923 1276 emittat
956 1221 1288 1285 cautionem,
1321 1227 1417 1274 aut
1448 1218 1612 1273 etiam
1655 1232 1948 1272 usurarum
1978 1215 2061 1272 fa-

484 1311 969 1379 ciatsolutionem,
999 1312 1111 1367 sive
1132 1311 1388 1376 creditor,
1414 1310 1528 1365 sive
1562 1308 1615 1379 vi
1650 1308 1895 1380 pignoris
1924 1325 2063 1363 nan—

486 1393 725 1463 ciscatur
743 1407 1146 1479 possessionem
1178 1425 1191 1461 :
1224 1406 1318 1459 tali
1354 1405 1499 1460 enim
1522 1402 1688 1470 facto,
1711 1402 1781 1457 10
1801 1419 1891 1458 an.
1923 1418 2064 1474 prac—

487 1500 731 1571 scriptio,
761 1515 884 1573 qua:
913 1507 1103 1554 contra
1131 1496 1598 1570 hypotbeeariam,
1632 1503 1686 1549 et
1725 1495 2063 1562 tricennalis,

486 1609 609 1666 quae
648 1571 836 1649 contra
864 1592 1131 1648 actionem
1159 1590 1501 1662 personalem
1546 1603 1766 1644 currere
1805 1595 2061 1658 coeperat,
2097 1571 2139 1626 Β

488 1682 936 1755 interrumpetur.

558 1780 611 1833 5.
654 1776 759 1831 Sed
781 1786 978 1832 etcum
1003 1791 1128 1831 eum
1157 1775 1446 1831 convenire
1475 1773 1689 1829 ditlieile
1715 1773 1807 1839 sit,
1833 1787 1899 1827 eo
1919 1771 2067 1842 quod

489 1869 654 1939 absit,
691 1869 775 1925 vel
800 1869 871 1925 sit
899 1876 1115 1939 potens,
1153 1868 1238 1921 vel
1282 1865 1465 1921 infans
1502 1874 1681 1920 tutore
1725 1879 1941 1929 carens,
1981 1864 2068 1918 vel

489 1959 731 2015 furiosus
757 1968 1063 2015 curatorem
1096 1974 1205 2015 non
1247 1957 1477 2023 habens,
1507 1963 1687 2028 potest
1731 1963 1883 2010 actor
1918 1954 2069 2009 adire

489 2051 781 2122 provincia:
840 2049 1155 2121 praesidem,
1213 2049 1297 2103 vel
1354 2055 1762 2118 procuratorem
1821 2046 2065 2111 mittere,

490 2144 695 2212 absque
727 2142 838 2198 litis
861 2141 1256 2196 centestatione
1288 2139 1371 2195 vel
1397 2138 1687 2210 judiciaria
1713 2135 2071 2193 conventione

489 2233 954 2305 praescriptionem
983 2233 1398 2301 interrumpere,
1432 2231 1477 2286 si
1522 2229 1714 2286 saltem
1755 2229 1808 2283 in
1852 2228 2071 2298 scriptis

491 2326 634 2395 apud
668 2340 794 2380 eum
843 2341 877 2379 a
931 2340 989 2379 se
1036 2323 1237 2379 factam
1267 2323 1502 2394 deponat
1549 2321 1860 2393 querelam;
1890 2320 1982 2375 sed
2022 2319 2071 2376 si

491 2415 778 2485 praesidem
800 2415 949 2469 adire
965 2422 1216 2487 nequeat,
1244 2412 1387 2483 apud
1412 2413 1751 2483 episc0pum,
1774 2412 1858 2466 vel
1882 2409 2071 2466 defen-

493 2521 675 2562 sorem
705 2506 961 2571 civitatis,
988 2506 1044 2559 in
1083 2505 1299 2574 scriptis
1333 2504 1611 2575 querelam
1655 2502 1970 2573 deponendo
2018 2500 2072 2556 id

494 2608 878 2669 consequetur.
917 2597 974 2651 Si
1003 2612 1134 2651 vero
1163 2611 1365 2667 praeses
1393 2604 1446 2652 et
1473 2596 1781 2665 episcopus,
1812 2602 1866 2648 et
1886 2592 2074 2648 defel-

494 2705 589 2745 sor
608 2690 862 2756 defuerit,
887 2689 1009 2744 licet
1031 2689 1201 2743 actori
1228 2688 1461 2758 publice,
1478 2696 1531 2741 et
1552 2702 1676 2742 eum
1701 2685 2071 2750 tabellionum,

497 2782 579 2836 vel
606 2781 797 2837 saltem
835 2784 1001 2838 trium
1045 2781 1265 2837 testium
1315 2778 1735 2848 subscriptione,
1787 2778 1834 2831 si
1882 2776 2076 2831 civitas

495 2872 588 2928 illa
631 2884 813 2931 careat
860 2874 1262 2940 tabellionibus,
1301 2872 1701 2943 querimoniam
1751 2882 2073 2940 proponere,

497 2966 593 3021 ubi
622 2981 747 3021 reus
775 2966 936 3020 habet
956 2965 1313 3029 domicilium,
1352 2971 1412 3017 ut
1431 2963 1511 3017 sic
1538 2960 1964 3032 praescriptionis
1992 2960 2076 3013 in-

497 3064 868 3125 terrumpatur
903 3070 1118 3122 cursus,
1142 3038 1203 3109 tit
1227 3062 1282 3109 et
1309 3062 1440 3110 tunc
1479 3052 1658 3109 ditIert
1691 3067 1815 3107 cum
1847 3051 2076 3120 pupilla-

495 3147 579 3203 ris
600 3155 733 3203 tetas
764 3145 1072 3213 intervenit,
1100 3155 1232 3216 puta
1278 3160 1404 3202 cum
1445 3144 1708 3214 majorem
1759 3143 1850 3197 tali
1902 3150 2078 3210 erepta

496 3236 906 3309 praescriptione
935 3245 990 3292 et
1028 3237 1271 3293 nondum
1300 3237 1568 3307 completa
1597 3251 1724 3290 eum
1751 3234 2078 3299 decessisse,

497 3329 659 3399 eique
687 3328 954 3398 pupillum
982 3328 1335 3385 successisse.
1364 3326 1423 3381 In
1447 3328 1550 3383 hoc
1582 3326 1728 3381 enim
1759 3341 1893 3381 casu
1922 3325 2079 3393 juxta

499 3419 801 3495 pubertatis
832 3426 1048 3489 tempus
1077 3419 1324 3474 ditl'ertur
1351 3418 1775 3489 praescriptionis
1801 3431 2016 3470 cursus.

571 3510 627 3564 4.
673 3508 771 3565 Hm
822 3509 1249 3580 praescriptionis
1315 3522 1509 3563 omnes
1572 3507 1814 3562 actiones
1865 3517 1975 3560 tam
2024 3504 2080 3560 in

516 3613 635 3657 rem
670 3613 832 3667 quam
855 3599 909 3652 in
941 3612 1233 3668 personam
1257 3597 1537 3661 tolluntur,
1561 3603 1616 3650 et
1638 3604 1923 3664 postquam
1953 3601 2082 3649 sunt

507 3686 761 3757 perfectae
787 3704 911 3744 cum
933 3688 986 3742 in
1009 3687 1203 3757 sequit.
1222 3687 1325 3757 (l),
1339 3687 1638 3756 denegatur
1664 3684 1844 3739 omnis
1862 3684 2083 3738 restitu-

509 3779 611 3845 tio,
634 3788 696 3834 ut
719 3794 839 3848 cap.
860 3779 935 3833 De
948 3780 1242 3850 prwscript.
1264 3778 1469 3848 30pm,
1501 3777 1538 3830 l.
1556 3775 1688 3831 Cum
1718 3777 2001 3841 notissimi,
2028 3784 2082 3830 et

507 3869 544 3924 l'.
571 3868 737 3939 Saepe.
761 3885 881 3940 cap.
915 3869 998 3924 Ex
1022 3870 1232 3940 quibus.
1257 3868 1391 3924 Cum
1416 3870 1475 3921 in
1502 3868 1662 3938 intcg.
1688 3868 1834 3922 recti.
1867 3882 1969 3919 non
1999 3876 2078 3921 est

509 3976 699 4025 necem,
747 3961 787 4017 l.
849 3960 967 4021 ulti.
1013 3976 1135 4031 cap.
1183 3960 1259 4019 De
1302 3976 1463 4019 anno.
1525 3966 1748 4028 except,
1790 3957 1827 4012 1.
1864 3973 1881 4011 ι
1920 3965 1976 4012 et
2015 3974 2075 4025 ιι,

579 4074 655 4144 (1)
692 4073 870 4133 Locus
896 4074 1140 4129 mutilus.

2155 313 2419 382 usucapio
2449 320 2696 378 vocatur,
2737 317 2971 382 quatuor
2991 310 3076 363 vel
3102 309 3266 365 etiam
3290 310 3532 380 quinque
3554 322 3737 363 anno-

2155 420 2278 458 rum
2305 403 2735 474 praaseriptione,
2761 410 2817 457 et
2838 402 2884 457 si
2906 386 3025 471 qua
3052 401 3354 469 minor‘sit,
3382 401 3741 471 interrumpi-

2157 504 2265 562 tur,
2293 496 2495 565 quibus
2519 494 2589 548 50
2607 493 2692 548 vel
2718 492 2791 547 ιο
2811 507 3077 547 annorum
3105 493 3383 562 praescrip.
3412 491 3741 562 interrumpi

2156 588 2414 653 diximus,
2465 595 2689 657 excepta
2738 584 2944 639 biennii
3000 584 3246 640 continui
3300 585 3738 654 praescriptione,

2158 679 2302 748 quod
2337 679 2404 732 de
2438 677 2563 731 dolo
2590 676 2793 731 actioni
2817 675 3091 746 objicitur,
3117 684 3172 732 et
3196 676 3539 746 quadriennii
3561 677 3744 731 conti-

2159 770 2254 825 nui
2281 769 2618 839 exceptione,
2645 783 2768 839 qute
2800 768 3096 838 postulanti
3124 768 3181 822 in
3214 768 3483 839 integrum
3516 768 3745 823 restitu-

2159 860 2364 914 tionem
2393 860 2702 929 opponitur,
2739 859 2991 914 hae-enim
3025 859 3146 914 duae
3176 860 3609 930 praescriptiones
3637 875 3743 914 nec

2159 950 2272 1005 litis
2294 951 2686 1006 constitutione
2730 951 3221 1020 interrumpuntur,
3251 958 3313 1005 ut
3343 966 3463 1020 cap.
3503 950 3584 1007 De
3622 951 3741 1006 dot.

2161 1041 2199 1096 l.
2233 1041 2525 1112 Optimum,
2554 1052 2608 1097 ct
2635 1058 2756 1112 cap.
2788 1041 2865 1097 De
2898 1050 3056 1113 temp.
3086 1044 3148 1096 in
3178 1043 3335 1113 integ.
3370 1042 3555 1107 recti;
3578 1043 3618 1097 l.
3658 1041 3745 1096 Ea

2160 1149 2297 1203 quae,
2325 1143 2379 1190 et
2405 1134 2443 1188 l.
2475 1134 2743 1200 Petendw,
2770 1134 2807 1188 l.
2836 1132 3242 1204 Supervacuum.

2232 1224 2347 1280 Hoc
2377 1226 2611 1295 amplius
2665 1235 2846 1281 :ontra
2879 1226 3130 1297 minores
3172 1226 3244 1280 25
3276 1241 3570 1293 annorum,
3621 1228 3747 1295 ipso

2159 1315 2281 1386 jure
2314 1332 2423 1371 non
2472 1327 2703 1371 currunt
2745 1317 2864 1374 ista:
2906 1318 3168 1386 minores,
3209 1319 3414 1373 scilicet
3448 1318 3515 1373 10
3540 1319 3630 1373 vel
3672 1319 3746 1373 20

2164 1423 2434 1463 annorum
2480 1417 2575 1464 aut
2617 1408 2931 1465 reseissoris
2978 1410 3238 1479 temporis
3274 1410 3741 1479 praescriptiones,

2164 1512 2388 1571 excepta
2437 1502 2796 1572 quinquennii
2841 1502 3254 1573 praescriptione
3292 1503 3531 1560 defuncti
3570 1513 3743 1560 statu-

2165 1601 2281 1679 tum
2304 1592 2642 1647 defendente.
2668 1591 2864 1648 Contra
2893 1593 3128 1664 majores
3148 1609 3363 1664 quoque
3392 1595 3743 1666 quandoque,

2166 1694 2260 1740 aut
2289 1685 2410 1755 ipso
2432 1686 2557 1755 jure
2576 1684 2958 1753 defenduntur,
2984 1696 3079 1741 aut
3123 1686 3179 1740 in
3216 1687 3485 1760 integrum
3518 1690 3747 1746 restituo

2167 1778 2314 1832 tione
2350 1778 2644 1846 eliduntur,
2678 1788 2809 1849 puta
2833 1795 2958 1835 cum
2992 1791 3181 1836 auctor
3209 1782 3323 1851 jam
3357 1781 3500 1837 intra
3537 1790 3746 1840 statuta

2167 1871 2638 1940 praescriptionum
2662 1878 2904 1941 tempora
2918 1873 3010 1943 jus
3034 1888 3193 1927 suum
3206 1874 3429 1945 exsequi
3451 1891 3518 1929 ex
3535 1875 3743 1945 proba-

2168 1963 2264 2017 bili
2294 1978 2461 2018 causa
2486 1963 2666 2018 fueriti
2686 1963 2974 2034 mpeditus.
3002 1962 3245 2030 Quorum
3277 1982 3506 2021 numero
3535 1976 3668 2021 sunt
3689 1983 3749 2023 re

2168 2057 2384 2127 publica
2405 2058 2542 2112 bona
2569 2056 2672 2112 fide
2696 2057 2968 2124 absentes,
2993 2057 3078 2112 vel
3098 2060 3260 2114 etiam
3285 2059 3413 2114 alibi
3437 2062 3747 2116 studiorum

2169 2163 2336 2203 causa
2384 2154 2602 2219 agentes
2639 2156 2695 2203 et
2724 2148 2951 2215 similes,
2977 2158 3037 2203 ut
3085 2166 3204 2220 cap.
3239 2150 3315 2205 De
3335 2154 3446 2222 qui.
3479 2154 3535 2205 in
3581 2153 3745 2223 ἔπιες.

2170 2242 2317 2295 resti.
2345 2258 2447 2296 non
2476 2250 2555 2296 est
2581 2258 2716 2308 nec.,
2753 2242 2788 2296 1.
2819 2243 2915 2297 ult.
2944 2251 2998 2298 et
3030 2241 3086 2298 ll‘.
3122 2243 3205 2297 Ne
3231 2245 3295 2298 de
3321 2254 3426 2299 sta.
3452 2247 3518 2299 de
3536 2262 3590 2317 p.
3620 2264 3677 2318 q.
3708 2248 3745 2302 l.

2173 2336 2294 2393 Non
2317 2354 2449 2405 esse,
2470 2353 2591 2408 cap.
2629 2353 2683 2408 q.
2731 2354 2787 2393 ιι.
2824 2339 2939 2406 0b.,
2971 2339 3006 2393 l.
3041 2355 3079 2403 ι,
3106 2354 3185 2408 p.,
3210 2340 3247 2393 1.
3275 2355 3312 2404 ι,
3339 2356 3377 2394 ιι
3402 2349 3455 2394 et
3485 2357 3567 2407 ut,
3598 2351 3653 2396 et
3691 2342 3747 2396 in

2170 2430 2319 2484 autlt.
2359 2438 2421 2484 ut
2446 2445 2638 2501 sponsa
2680 2430 2783 2485 lar.
2807 2447 2916 2501 spe.
2949 2446 2997 2487 s.
3022 2446 3164 2487 com.
3195 2432 3221 2503 §
3253 2431 3330 2486 De
3353 2435 3749 2504 proscriptione

2172 2536 2310 2586 vero,
2337 2518 2393 2574 Π.
2424 2534 2489 2574 ea:
2521 2519 2663 2591 quib.
2693 2536 2812 2574 cau.
2842 2522 2970 2590 maj.
2995 2521 3085 2576 25.
3111 2522 3148 2587 l,
3177 2537 3216 2575 ι.

2243 2610 2296 2665 6.
2330 2608 2674 2682 Praiscriptio
2707 2626 2947 2681 quoque,
2972 2627 3093 2681 quae
3124 2626 3232 2665 non
3260 2622 3560 2668 numeratae
3582 2629 3749 2684 pecu-

2173 2703 2278 2759 niae
2304 2704 2607 2773 exceptioni
2633 2705 2945 2774 opponitur,
2971 2706 3148 2760 modis
3174 2722 3338 2777 supra
3369 2706 3529 2762 dictis
3561 2707 3751 2762 infrin-

2174 2794 2339 2864 gitur,
2369 2803 2424 2849 et
2470 2805 2727 2865 praeterea
2770 2796 2825 2852 in
2855 2795 3073 2866 scriptis
3110 2797 3250 2852 facta
3290 2807 3441 2853 extra
3480 2800 3750 2869 judicium

2175 2887 2583 2943 denuntiatione
2646 2887 3079 2959 interrumpitur.
3117 2887 3560 2961 Praescriptiones
3610 2906 3749 2963 quo-

2174 2996 2280 3051 que
2314 2995 2529 3047 annuae,
2581 2994 2674 3035 seu
2727 2980 2954 3035 minoris
2984 2982 3262 3052 temporis,
3282 2983 3754 3053 interrumpuntur

2175 3074 2338 3127 etiam
2360 3089 2454 3143 per
2477 3073 2646 3130 solam
2668 3088 2887 3143 precum
2911 3073 3261 3140 oblationem,
3283 3075 3512 3145 principi
3528 3075 3752 3140 factam,

2177 3164 2224 3217 si
2258 3164 2326 3219 ad
2356 3180 2449 3219 eas
2484 3164 2756 3234 principes
2791 3165 3113 3231 rescribant,
3146 3174 3207 3220 ut
3240 3182 3360 3237 cap.
3394 3165 3474 3221 De
3499 3184 3603 3221 non
3650 3184 3749 3222 me.

2178 3272 2287 3326 pec.
2334 3256 2371 3310 l.
2403 3257 2523 3322 ult.,
2550 3272 2669 3325 cap.
2701 3255 2875 3321 Quan.
2908 3255 3051 3311 libel.
3093 3259 3231 3327 prin.
3261 3258 3350 3312 da.
3394 3256 3479 3312 lit.
3511 3275 3629 3313 con.
3660 3259 3698 3313 1.
3734 3276 3753 3314 ι

2178 3354 2232 3400 et
2258 3362 2315 3401 ιι.
2346 3344 2450 3401 Sed
2472 3346 2730 3419 quoniam
2780 3354 2907 3401 sunt
2936 3347 3183 3416 quaedam
3208 3347 3415 3418 species
3464 3348 3519 3402 in
3551 3347 3754 3417 quibus

2178 3435 2341 3505 paulo
2367 3442 2491 3489 ante
2510 3434 2975 3504 praescriptionem
2998 3450 3219 3490 currere
3245 3435 3583 3506 negavimus,
3608 3436 3755 3505 quod

2180 3529 2249 3582 ab
2277 3528 2400 3583 aliis
2437 3526 2754 3595 allirmatur,
2776 3528 2898 3582 ideo
2920 3527 3375 3598 quemadmodum
3420 3529 3752 3583 contrariam

2180 3618 2503 3673 sententiam
2527 3619 2762 3673 intirmet
2780 3618 3206 3689 jurisprudcntia
3234 3620 3301 3674 ab
3325 3619 3440 3689 ipsa
3471 3628 3753 3689 exspecte-

2182 3727 2325 3775 mus,
2357 3710 2503 3780 quod
2541 3710 2759 3780 quidem
2801 3710 2872 3764 ita
2917 3710 3163 3781 liquebit,
3208 3711 3254 3767 si
3305 3710 3359 3765 in
3403 3711 3754 3782 questionum

2184 3802 2376 3857 modos
2400 3801 2832 3858 adversariorum
2859 3802 3208 3873 allegationes
3243 3810 3297 3857 et
3314 3803 3758 3873 jurisprudcntia:

2184 3908 2464 3963 responsa,
2492 3907 2614 3963 qua:
2644 3892 2712 3946 ab
2740 3893 2853 3962 ipsa
2876 3893 3237 3966 percepimus,
3264 3893 3591 3949 inseramus.

536 4175 3741 4207 Μ

747 4280 1274 4386 BOGERII
1339 4279 1491 4382 DE
1551 4277 2816 4384 PBIESCRIPTIONIBUS
2867 4276 3547 4383 DIALOGUS-

627 4616 633 4631 ‘
1076 4545 1514 4602 SUMMARIUM.

590 4643 636 4695 1.
663 4639 819 4695 Actio
838 4637 1183 4708 pignoratitia
1206 4653 1373 4708 quare
1390 4644 1514 4707 post
1531 4651 1706 4692 annos
1725 4636 2083 4709 quadraginta

513 4729 842 4785 concedatur
875 4727 1106 4783 debitori
1133 4727 1342 4781 solvere
1372 4735 1580 4797 parato.

580 4820 636 4873 2.
678 4816 1020 4884 Praascriptio
1047 4816 1266 4884 quando
1289 4815 1423 4868 oriri
1447 4815 1679 4869 dicatur.

583 4908 637 4962 3.
677 4906 776 4961 Jus
799 4905 1040 4961 solvendi
1071 4906 1153 4961 vel
1183 4904 1440 4960 ollcrendi
1476 4919 1571 4973 per
1603 4903 1959 4974 quadraginta
1986 4920 2086 4959 an-

514 5014 712 5055 norum
735 5001 950 5069 lapsum
980 5015 1087 5054 non
1116 5008 1295 5068 potest
1314 4995 1538 5053 auferri.

586 5088 639 5142 4.
679 5086 777 5143 Jus
803 5089 1017 5158 petendi
1051 5100 1107 5144 et
1135 5089 1325 5159 agendi
1363 5088 1495 5159 quid
1521 5086 1781 5157 requirat,
1809 5092 1870 5139 ut
1897 5092 2109 5173 contra.

519 5180 753 5251 aliquem
782 5178 1001 5237 curr'ere
1025 5182 1217 5249 possit.

589 5271 642 5324 5.
687 5269 1032 5340 Praascriptio
1078 5269 1493 5340 quadragenalis
1532 5266 1664 5340 quid
1714 5265 1975 5335 requirat,
2029 5273 2091 5321 ut

2113 4533 2159 4588 1)
2257 4526 2307 4580 7.
2348 4525 2794 4596 Praescriptiones
2816 4525 3058 4597 poenales
3105 4524 3407 4581 molliendae
3455 4532 3604 4590 sunt,
3650 4541 3757 4580 non

2182 4618 2553 4689 exagerandrc.

2212 4710 2215 4713 ’
2253 4710 2308 4765 8.
2350 4708 2515 4764 Deses
2551 4724 2645 4779 per
2672 4708 2855 4763 omnia
2890 4722 3052 4762 nemo
3080 4706 3315 4777 judicari
3343 4716 3538 4777 potest.

2257 4804 2311 4858 9.
2353 4802 2604 4856 Creditor
2638 4817 2745 4875 qua
2795 4800 3005 4855 ratione
3032 4800 3229 4869 pignus
3257 4798 3489 4853 debitori
3534 4798 3759 4853 reddere

2187 4893 2558 4963 compellatur.

2260 4983 2346 5041 10.
2392 4982 2640 5037 Creditur
2672 4982 2942 5036 secundus
2974 4994 3139 5049 quam
3164 4979 3626 5050 pmscriptionem
3653 4980 3735 5048 pri

2190 5088 2282 5128 mo
2305 5072 2560 5127 creditori
2579 5085 2848 5141 opponere
2868 5071 3058 5142 possit.

2264 5165 2349 5217 11.
2377 5162 2475 5219 lus
2496 5162 2771 5233 quodlibet
2782 5161 2979 5232 cuique
2997 5169 3308 5230 competens
3328 5175 3397 5215 an
3418 5157 3759 5230 possitannis
3798 5158 3815 5170 ‘

2190 5253 2261 5308 40
2289 5254 2426 5308 tolli.
