4022 5340
309 217 336 274 1
348 216 451 273 497

1472 212 1561 272 DE
1595 212 1916 269 mvmrs
1928 212 2380 270 IPRESCRIPT.

3436 214 3578 272 H98

308 329 511 395 dendo,
541 327 658 384 sive
683 342 785 398 pro
811 327 965 384 socio
988 340 1061 383 an
1082 325 1310 383 tollatur
1332 324 1500 381 sociis
1528 326 1584 381 in
1612 326 1895 382 communi
1922 329 1969 387 Α
2060 328 2151 383 16.
2192 326 2303 383 Res
2331 325 2697 383 communiter
2722 336 2985 396 possessa
3001 326 3253 385 annis-59
3272 343 3342 384 an
3362 340 3585 388 maneat

308 422 633 493 longissimo
654 430 901 492 tempore
934 419 1359 489 possidentibus.

378 514 466 569 ﬂ.
507 513 764 568 Actiones
805 511 1026 567 familia:
1042 511 1399 593 erciscundae,
1430 508 1710 565 communi
1744 508 1889 563 divi-

309 606 511 671 dendo,
534 613 588 659 et
615 619 716 674 pro
743 605 895 660 socio
925 604 1145 675 quando
1173 611 1485 673 competant

380 700 467 755 15.
513 697 730 765 Socios,
758 700 887 754 dum
914 698 1334 769 in‘possidendo
1381 697 1745 752 communiter
1772 694 1892 750 fru-

309 799 432 847 ctus
488 806 809 846 communes
860 790 1112 860 percipit,
1164 789 1435 844 actionem
1497 788 1893 858 incorruptam,

306 883 531 954 perinde
577 897 642 938 ac
705 882 755 937 si
796 882 1133 938 consortium
1158 880 1367 952 judicio
1396 889 1618 935 vexaret
1660 879 1897 935 retinere

308 974 527 1031 dicitur.

2001 417 2326 483 communis,
2354 417 2569 472 actione
2595 432 2696 486 pro
2723 416 2990 472 divisione
3016 418 3249 475 sublata.

2070 509 2157 564 17.
2195 509 2453 566 Actiones
2498 525 2601 579 pro
2640 511 2812 576 socio,
2858 508 3079 566 familia:
3127 513 3485 582 erciscimdze,
3526 522 3585 570 et

2001 602 2281 657 communi
2305 602 2597 658 dividendo
2629 602 2850 671 quando
2876 602 3284 674 praescriptione
3306 606 3421 660 tolli
3450 618 3582 677 pos—

2001 694 2129 751 sint.

2074 782 2161 838 18.
2220 781 2569 853 Praescriptio
2614 782 2887 839 consociis
2931 790 3120 839 contra
3172 799 3304 841 suas
3339 785 3583 842 actiones

2001 875 2175 932 currit
2208 875 2401 941 altero,
2432 875 2580 929 velut
2614 875 2910 945 propriam,
2936 891 3052 930 rem
3086 876 3419 947 possidente.

2021 1005 2024 1008 ~
2076 967 2163 1022 19.
2186 965 2612 1022 Cousuetudinis
2624 965 2783 1036 cujus
2804 967 2985 1023 timeri
2999 968 3158 1024 debet
3182 967 3579 1040 interpretatio.

2432 1096 3566 1130 ————h————_——.—_

1310 1366 1708 1429 ROGERIUS
1751 1365 1855 1426 ET
1898 1364 2575 1451 JURISPBUDENTIA

385 1495 433 1550 1.
466 1492 757 1548 Roosnws.
784 1492 981 1558 Quaero
1004 1506 1127 1546 cum
1155 1505 1315 1544 omne
1335 1489 1427 1559 jus
1451 1488 1520 1542 50
1541 1487 1625 1542 vel
1664 1487 1733 1542 40
1765 1504 1893 1542 ann.
1929 1493 1973 1552 Β
2003 1505 2125 1545 nem
2141 1506 2263 1545 cum
2283 1489 2474 1545 ell‘ectu
2493 1505 2783 1560 quaereres.
2800 1487 2935 1545 Nam
2961 1500 3016 1545 et
3040 1489 3390 1553 (iliofamilias
3414 1492 3585 1553 aetio-

308 1584 721 1658 praascriptionc
750 1583 990 1648 tollatur,
1018 1596 1187 1651 quare
1217 1588 1342 1649 post
1363 1594 1537 1632 annos
1563 1576 1631 1631 i0
1657 1577 1899 1632 debitore

311 1679 525 1735 solvere
549 1684 742 1746 parato
767 1673 1097 1729 concedatur
1119 1671 1262 1726 actio
1286 1669 1669 1741 pignoratitia?

380 1766 857 1824 Junisrncnssna.
879 1763 991 1819 Hoc
1016 1764 1135 1818 ideo
1165 1764 1405 1818 concedo
1433 1762 1713 1833 quoniam,
1746 1767 1900 1815 ante-

310 1877 478 1933 quam
507 1860 685 1914 solvat
717 1859 803 1913 vel
843 1857 1034 1911 oﬁ‘erat
1068 1855 1214 1926 quod
1265 1854 1512 1920 debetur,
1568 1862 1628 1907 ut
1676 1853 1899 1923 quidam

316 1955 503 2009 minus
530 1961 676 2007 recte
705 1951 914 2015 dicunt,
938 1966 1038 2021 pro
1062 1947 1372 2019 recipiendo
1401 1947 1627 2018 pignere
1668 1943 1900 1999 debitori

312 2063 425 2103 non
468 2044 723 2099 nascitur
761 2043 903 2098 actio
927 2040 1291 2112 pignoratitia.
1320 2037 1474 2095 Tunc
1503 2038 1649 2093 enim
1679 2037 1900 2092 demum

309 2153 414 2209 pro
434 2134 807 2207 recuperando
825 2133 1049 2204 pignore
1071 2148 1185 2188 suae
1204 2131 1347 2186 actio
1368 2127 1599 2184 debitori
1643 2129 1901 2200 competit

311 2244 381 2284 ex
431 2220 646 2293 ordine,
698 2241 824 2281 cum
872 2225 1084 2279 solvere
1142 2222 1330 2277 saltem
1379 2228 1602 2290 paratus
1638 2217 1821 2274 fuerit.

322 2330 325 2337 ‘
382 2319 437 2374 2.
480 2319 618 2375 Cum
642 2333 771 2389 ergo
795 2323 920 2371 ante
948 2329 1056 2369 non
1080 2313 1254 2384 possit
1297 2311 1525 2378 intendi,
1554 2311 1750 2366 merito
1777 2320 1902 2367 ante

312 2420 504 2469 eontra
529 2426 650 2466 eam
671 2427 780 2464 non
806 2408 983 2464 oritur
1000 2404 1496 2477 praescriptio,quze
1526 2412 1657 2459 tunc
1681 2403 1901 2458 demum

314 2492 516 2569 oritur,
545 2517 669 2557 cum
693 2509 845 2561 actor
873 2500 1025 2555 nullo
1044 2499 1169 2569 jure
1208 2506 1390 2569 petere
1411 2496 1724 2567 impeditus,
1757 2495 1903 2551 desi-

311 2596 420 2652 ἀίω
455 2594 860 2665 negligentizeve
891 2592 1125 2659 deditus,
1156 2589 1301 2661 quod
1332 2591 1381 2645 ei
1411 2590 1574 2644 etiam
1607 2588 1791 2643 statim
1809 2587 1902 2659 jus

313 2688 585 2756 concedit,
617 2696 800 2758 petere
822 2686 1151 2752 contemnit;
1188 2684 1239 2739 ei
1280 2698 1474 2754 nempe
1508 2682 1607 2737 soli
1637 2697 1761 2737 cum
1792 2697 1901 2735 non

310 2780 485 2852 egerit
528 2787 581 2835 et
638 2780 830 2834 merito
874 2780 1194 2849 imputatur,
1244 2775 1333 2832 eui
1395 2772 1552 2841 nihil,
1603 2774 1901 2846 quominus

314 2876 519 2939 ageret,
553 2867 748 2935 obfuit,
775 2875 834 2922 ut
863 2884 981 2938 cap.
1015 2867 1090 2922 De
1115 2867 1386 2937 prwscrip.
1413 2866 1482 2920 50
1516 2883 1641 2919 αηη.
1678 2866 1714 2919 1.
1744 2863 1894 2921 Sicut

312 2970 370 3017 et
388 2962 423 3015 l.
453 2961 586 3017 Cum
615 2961 902 3028 notissimi,
926 2975 1047 3030 cap.
1075 2958 1151 3013 De
1181 2975 1340 3012 anna.
1372 2967 1571 3027 except.
1604 2958 1639 3010 Ι.
1670 2974 1705 3011 ι.

388 3052 592 3108 Roosn.
634 3053 824 3124 Atqui
856 3051 1033 3122 potuit
1075 3049 1288 3106 debitor
1321 3061 1446 3104 ante
1483 3048 1629 3120 quod
1670 3046 1902 3103 debebat

313 3143 532 3209 oﬂ'erre,
559 3152 611 3199 et
651 3143 731 3198 sic
761 3140 1168 3212 pignoratitiam
1208 3139 1429 3205 habere,
1467 3152 1635 3209 quare
1659 3136 1785 3192 licet
1814 3137 1901 3192 his

312 3252 408 3292 an.
455 3235 524 3290 40
553 3234 896 3305 pignoratitia
952 3249 1062 3288 non
1106 3231 1178 3288 sit
1213 3230 1446 3297 sublata,
1482 3244 1549 3285 eo
1583 3229 1727 3299 quod
1764 3244 1902 3283 non—

313 3327 447 3383 dum
477 3335 594 3381 erat
619 3335 765 3392 nata,
802 3342 909 3381 non
936 3334 1120 3380 tamen
1144 3325 1288 3379 ultra
1316 3322 1459 3377 valet
1484 3321 1710 3387 intendi,
1737 3320 1899 3375 etiam

314 3418 563 3474 debitore
606 3419 818 3474 solvere
865 3426 1076 3489 parato,
1120 3416 1248 3487 quia
1296 3413 1557 3470 oii'erendi
1601 3413 1714 3484 jus,
1758 3411 1901 3483 quod

312 3509 682 3583 pignoratitias
702 3509 773 3566 sit
794 3508 1260 3580 praeparatorium,
1276 3516 1361 3563 est
1371 3521 1537 3562 causa
1551 3520 1618 3559 an
1626 3520 1819 3559 norum
1834 3503 1904 3558 κιο

314 3603 728 3673 praescriptione
756 3601 1035 3657 ablatum?

390 3694 444 3749 5.
473 3692 715 3748 Jumsrn.
748 3691 1035 3747 Annorum
1054 3692 1220 3747 etiam
1240 3689 1311 3745 40
1338 3690 1494 3759 lapsu
1519 3686 1763 3744 solvendi
1789 3688 1903 3742 sive

319 3786 600 3852 oﬂ‘erendi,
624 3787 717 3857 jus
745 3785 978 3841 debitori
1006 3801 1117 3841 non
1145 3791 1326 3855 potest
1358 3782 1582 3849 auferri,
1606 3791 1659 3836 et
1686 3781 1767 3837 sic
1805 3796 1906 3835 nec

320 3880 728 3951 pignoratitiam
770 3879 862 3933 tali
914 3878 1323 3951 praescriptione
1367 3875 1545 3931 adhuc
1574 3883 1751 3946 potest
1777 3887 1903 3943 pcr-

320 3971 472 4038 dere,
498 3971 626 4042 quia
676 3971 918 4026 nondum
950 3971 1001 4026 ei
1045 3969 1304 4042 competit
1353 3984 1454 4024 nec
1500 3965 1763 4023 oﬂ‘erendi
1789 3964 1900 4035 jus,

322 4062 468 4133 quod
500 4064 667 4119 actori
692 4070 915 4134 praestat
944 4063 1170 4118 aditum.

2001 1598 2123 1636 nem
2154 1582 2390 1654 aliquam
2425 1581 2665 1650 habenti,
2698 1583 2825 1638 licet
2863 1591 2921 1637 ut
2955 1583 3055 1638 sibi
3103 1598 3266 1655 agere
3297 1588 3581 1656 permitte~

2002 1681 2152 1728 retur
2199 1671 2361 1728 facile
2403 1682 2588 1744 posset
2630 1689 2662 1728 a
2712 1681 2867 1743 patre
2916 1674 3228 1745 impetrare,
3258 1693 3367 1743 non
3398 1689 3585 1749 curret

2003 1774 2132 1821 tunc
2176 1766 2293 1821 hzec
2318 1765 2676 1837 praescriptio,
2718 1766 2807 1822 cui
2839 1766 3043 1822 rectius
3073 1768 3120 1822 si
3165 1769 3584 1842 quodallegasti

2000 1858 2312 1914 intueamur
2332 1857 2480 1928 quod
2504 1871 2612 1912 non
2637 1859 2827 1929 egerit,
2858 1874 3025 1929 quam
3049 1858 3283 1916 debitori
3307 1861 3451 1931 quod
3474 1876 3587 1917 non

2002 1948 2246 2011 solverit,
2276 1955 2334 2001 ut
2365 1948 2444 2003 sic
2480 1947 2752 2003 actionem
2788 1947 3193 2020 pignoratitiam
3239 1951 3462 2008 haberet
3489 1967 3589 2021 po—

2001 2048 2108 2096 test
2135 2039 2415 2110 imputari.

2073 2130 2125 2186 6.
2155 2129 2358 2201 Nempe
2407 2138 2461 2185 et
2504 2128 2996 2204 filiusfamilias,_ct
3035 2147 3137 2188 suo
3175 2133 3397 2189 nomine
3428 2134 3590 2191 utiles

2000 2234 2188 2294 posset
2232 2223 2513 2279 intendere
2554 2225 2817 2293 actiones,
2855 2226 3019 2282 veluti
3048 2243 3178 2283 cum
3226 2229 3371 2285 absit
3412 2240 3588 2300 pater.

2002 2315 2084 2371 vel
2127 2315 2199 2369 sit
2231 2315 2355 2370 vitae
2400 2324 2687 2386 suspectae,
2718 2325 2773 2371 et
2808 2333 2950 2388 saepe
2994 2317 3314 2375 facillimum
3344 2322 3392 2375 ei
3433 2331 3519 2378 est
3558 2339 3589 2379 a

2002 2414 2156 2478 patre
2179 2405 2471 2481 consequi,
2491 2414 2551 2460 ut
2579 2406 2664 2461 vel
2694 2406 2809 2478 ipse
2831 2416 2986 2478 pater
3015 2418 3160 2480 agat,
3184 2419 3279 2465 aut
3304 2410 3407 2467 sibi
3431 2427 3591 2482 agere

2002 2497 2280 2569 permittat
2309 2497 2456 2569 quod
2484 2497 2648 2553 etiam
2685 2499 3013 2570 quandoque
3038 2498 3220 2556 facere
3252 2502 3488 2573 cogitur,
3531 2512 3592 2557 ut

2003 2605 2130 2646 cum
2157 2589 2529 2645 hereditatem
2563 2589 2668 2646 sibi
2697 2590 2931 2646 delatam
2958 2600 3113 2661 patre
3141 2592 3462 2663 repudiante
3496 2594 3593 2649 ad-

2004 2688 2121 2742 eat;
2158 2680 2395 2737 debitori
2425 2696 2557 2737 vero
2584 2682 2786 2753 szepius
2826 2682 3153 2754 gravissima
3189 2693 3276 2741 est
3298 2686 3468 2742 debiti
3502 2701 3592 2741 so-

2004 2773 2160 2841 lutio,
2179 2782 2233 2829 et
2256 2789 2383 2830 cum
2406 2774 2519 2829 ﬁlio
2541 2790 2653 2829 non
2675 2784 2882 2843 currat,
2898 2776 2982 2831 vel
3005 2776 3092 2832 cui
3117 2777 3191 2832 sit
3218 2777 3380 2834 latior
3396 2779 3594 2848 agendi

2001 2864 2109 2933 via,
2123 2864 2256 2921 satis
2275 2866 2458 2921 minus
2474 2866 2705 2923 debitori
2718 2868 2772 2923 in
2789 2882 2918 2923 casu
2942 2878 3261 2925 curretcum
3277 2870 3406 2927 sitei
3420 2871 3595 2927 multo

2001 2962 2305 3032 angustior.

2073 3052 2124 3107 7.
2157 3052 2224 3108 Et
2247 3054 2302 3108 in
2333 3071 2551 3111 summa
2594 3056 3033 3128 praescriptiones
3070 3057 3193 3115 ista:
3231 3058 3399 3114 etiam
3428 3073 3589 3128 pretia

2001 3156 2126 3195 cum
2156 3142 2372 3198 desides
2402 3152 2532 3199 sunt
2562 3145 2815 3213 inventae,
2842 3155 2897 3201 et
2927 3145 3050 3202 ideo
3075 3162 3185 3203 non
3210 3148 3390 3217 legum
3422 3149 3594 3205 inter-

2000 3235 2305 3305 pretatione
2358 3238 2731 3308 cxagerandze,
2777 3240 2873 3295 sed
2916 3240 3227 3296 minuendae
3270 3250 3420 3298 sunt.
3462 3240 3595 3298 Inde

2002 3333 2087 3381 est
2116 3332 2174 3379 ut
2205 3326 2250 3381 si
2284 3326 2532 3397 quaedam
2564 3336 2753 3384 contra
2776 3338 3017 3386 actorem
3044 3333 3209 3402 quasi
3236 3332 3480 3387 desidem
3511 3334 3594 3388 vi-

2003 3416 2236 3472 deantur
2262 3418 2532 3486 laborare,
2556 3419 2809 3489 quasdam
2839 3436 2970 3478 vero
2993 3422 3076 3476 vel
3113 3424 3373 3492 pauciora
3399 3438 3502 3493 pro
3522 3438 3592 3479 eo

2004 3524 2035 3562 a
2058 3507 2282 3564 desidiae
2311 3524 2472 3579 paena
2496 3510 2833 3578 excusando,
2860 3511 3063 3569 faciant
3087 3530 3303 3584 semper
3346 3514 3591 3583 mitiora,

2005 3599 2060 3655 id
2093 3607 2178 3655 est
2205 3616 2328 3671 qua:
2357 3615 2466 3656 non
2499 3602 2734 3672 puniunt
2759 3602 3048 3674 eligantur.
3104 3604 3176 3661 Ut
3221 3614 3355 3662 tunc
3390 3605 3592 3661 dicitur

2004 3707 2131 3747 cum
2174 3707 2239 3747 ex
2293 3692 2476 3749 causis
2513 3694 2685 3750 variis
2738 3695 2940 3752 habeas
2988 3697 3307 3765 obnoxium,
3357 3706 3413 3753 et
3462 3712 3592 3754 eum

2004 3782 2301 3839 convenias
2328 3799 2435 3839 non
2484 3799 2586 3855 pro
2630 3785 2861 3857 singulis
2893 3787 3074 3844 causis
3103 3789 3448 3855 nominatim,
3496 3789 3594 3847 sed

2005 3886 2130 3926 cum
2150 3872 2413 3929 adversus
2430 3873 2682 3931 eumdem
2710 3877 3053 3945 personalem
3068 3886 3124 3931 et
3144 3878 3589 3949 hypothecariam

2006 3964 2275 4021 actionem
2301 3966 2527 4034 habeas,
2555 3968 2781 4023 alteram
2808 3968 3076 4024 duntaxat
3098 3970 3368 4025 intendas.
3574 3966 3581 3971 ’

2076 4057 2131 4113 8.
2164 4057 2297 4113 Nam
2324 4069 2437 4114 tum
2468 4060 2670 4115 dicitur
2698 4076 2821 4115 cum
2863 4077 3082 4115 omnem
3127 4064 3593 4133 praescriptionem

395 4152 600 4209 Rosea.
637 4154 801 4225 Atqui
835 4167 996 4211 omne
1014 4154 1105 4224 jus
1132 4152 1202 4207 40
1223 4168 1352 4207 ann.
1371 4150 1780 4222 praescriptione
1800 4149 1903 4203 tol—
1937 4188 1982 4242 Β
2008 4150 2464 4220 interruptionem
2496 4152 2727 4218 factam,
2767 4153 2896 4223 quia
2930 4169 3043 4209 non
3077 4169 3258 4224 possus
3285 4170 3382 4224 per
3405 4156 3593 4210 omnia

323 4243 457 4299 litur
480 4246 504 4299 ?

395 4340 451 4394 4.
482 4338 721 4394 Jumsrn.
764 4338 986 4393 Minime
1018 4336 1164 4409 quod
1199 4335 1439 4390 assumis
1461 4348 1653 4388 verum
1679 4339 1782 4397 est,
1814 4345 1904 4384 so-

323 4424 440 4483 lum
484 4429 630 4483 enim
677 4427 890 4497 petendi
923 4425 1183 4498 agendive
1214 4424 1327 4495 jus,
1359 4422 1505 4495 quod
1551 4422 1619 4477 ad
1663 4430 1904 4476 actorem

325 4520 578 4589 pertinet,
610 4520 702 4575 tali
725 4518 1134 4589 praescriptione
1157 4516 1386 4582 tollitur,
1426 4523 1486 4568 ut
1523 4513 1765 4569 solvendi
1793 4512 1908 4566 sive

328 4610 588 4666 oll‘erendi
628 4626 753 4665 cum
783 4609 979 4682 agendi
1018 4607 1301 4677 petendive
1336 4606 1462 4677 jure
1502 4605 1579 4659 nil
1616 4616 1907 4659 commune

326 4693 511 4768 habet,
536 4716 635 4755 nec
658 4701 727 4755 ad
757 4710 997 4756 actorem
1016 4700 1338 4769 juvandum,
1363 4706 1554 4753 contra
1595 4712 1756 4769 quem
1782 4704 1908 4750 sunt

328 4791 766 4860 przescriptiones
787 4793 903 4847 ista:
918 4791 1168 4858 inventas,
1194 4791 1291 4846 sed
1311 4791 1379 4846 ad
1399 4805 1518 4844 rem
1540 4787 1903 4853 liberandum,

326 4892 428 4946 pro
457 4894 566 4949 quo
590 4878 928 4935 defendendo
957 4888 1086 4933 sunt
1106 4888 1451 4949 comparatae,
1479 4882 1715 4949 pertinet
1742 4886 1802 4931 ut
1827 4878 1907 4932 sic

328 4971 548 5040 quidem
590 4972 789 5028 rectius
823 4974 1067 5029 dicamus
1103 4978 1226 5043 post
1272 4987 1445 5027 annos
1494 4974 1662 5031 etiam
1688 4971 1757 5027 40
1782 4986 1906 5025 cum

329 5064 508 5118 adhuc
558 5065 747 5121 saltem
802 5063 1123 5121 naturaliter
1151 5064 1222 5119 sit
1271 5065 1569 5137 obligatus,
1611 5065 1906 5125 debitorem

328 5167 491 5223 posse
514 5163 568 5209 et
594 5170 651 5210 se
669 5164 721 5210 et
739 5158 933 5230 pignus
960 5170 1119 5212 suum
1149 5154 1411 5212 solvendo
1438 5156 1699 5220 liberare.

403 5245 580 5284 Rnncn
647 5246 747 5284 Sull
797 5263 916 5284 num
971 5245 1182 5284 δριιῖίηι·
1229 5248 1403 5284 ποθ-εἶθ
1446 5252 1668 5284 ρίαν-...ιη
1738 5254 1789 5284 nl
1832 5245 1908 5284 ain

2005 4243 2165 4296 deses
2205 4242 2460 4312 judicari.
2516 4242 2777 4298 Similiter
2833 4254 2887 4300 et
2932 4253 3124 4300 contra
3178 4244 3599 4301 ﬁlinmfamilias

2007 4331 2355 4399 creditorem,
2380 4335 2490 4401 hic,
2516 4344 2575 4389 ut
2603 4336 2674 4390 sit
2702 4334 2878 4400 deses,
2906 4343 2961 4389 et
2997 4335 3077 4391 sic
3103 4351 3230 4390 cum
3251 4351 3377 4390 cum
3406 4346 3599 4397 currat

2006 4425 2366 4495 prtescriptio,
2414 4426 2533 4481 hac
2573 4424 2781 4481 faciunt
2835 4427 3057 4497 quando
3104 4426 3376 4481 actionem
3429 4428 3596 4484 habet

2005 4516 2169 4570 etiam
2201 4517 2410 4581 utilem,
2436 4517 2763 4588 quandoque
2794 4533 2897 4573 suo
2923 4519 3165 4585 nomine,
3194 4527 3249 4574 et
3290 4519 3514 4589 quidem
3539 4522 3594 4575 in

2002 4609 2230 4679 judicio,
2260 4609 2306 4663 si
2333 4619 2488 4678 pater
2512 4610 2808 4679 permittat,
2846 4611 3126 4682 quietiam
3158 4612 3263 4666 hoc
3285 4615 3604 4681 permittere

2007 4699 2336 4771 quandoque
2358 4700 2594 4770 cogitur,
2623 4708 2802 4769 potest
2833 4700 3047 4767 sistere,
3079 4709 3134 4754 et
3163 4717 3322 4771 agere
3350 4718 3599 4771 quacun-

2009 4806 2114 4861 que
2137 4791 2300 4845 etiam
2327 4791 2533 4857 directa
2561 4790 2807 4856 actione;
2842 4791 2949 4847 hoc
2972 4806 3098 4848 vero
3123 4790 3300 4844 solum
3336 4806 3434 4859 pro
3459 4790 3609 4849 filio-t

2010 4879 2243 4935 familias
2269 4879 2477 4937 faciens
2503 4888 2693 4935 contra
2725 4880 2912 4934 omnia
2926 4896 2954 4934 a
2969 4877 3190 4936 desidiae
3205 4892 3421 4948 quoque
3440 4893 3612 4947 pinna.

2009 4985 2134 5025 eum
2164 4981 2410 5028 excusat.
2435 4971 2593 5041 Quod
2624 4981 2796 5044 pater,
2833 4988 2963 5028 cum
2989 4978 3136 5027 esset
3165 4967 3291 5023 vitae
3319 4980 3611 5039 suspectae,

2011 5071 2196 5132 posset
2242 5078 2369 5118 eum
2412 5081 2483 5120 ne
2524 5071 2709 5134 ageret
2745 5062 3063 5130 prohibere,
3101 5071 3165 5111 eo
3195 5058 3344 5125 quod
3384 5058 3451 5111 ad
3479 5075 3608 5114 eum

2013 5153 2364 5209 ususfructus
2414 5153 2641 5209 nomine
2690 5141 2940 5207 actionis
2983 5143 3334 5207 commodum
3384 5146 3619 5217 pertinet

2013 5251 2132 5284 iura
2168 5250 2442 5284 nucum-In:
2510 5248 2648 5284 num
2680 5260 2812 5284 oran
2860 5247 2955 5284 ιιῖη
2993 5264 3019 5284 σι
3068 5241 3479 5284 ηνεῐιςοιιίηἲίηηρ
3519 5259 3619 5284 ἔδκά
