4022 5340
486 278 623 335 M99

1735 276 2088 344 ROGERIUS
2125 274 2219 333 JC.
2257 273 2530 334 ITALUS.

3617 281 3758 340 {500

478 394 850 462 excusabitur,
878 394 974 467 qui
1010 407 1111 449 nec
1134 390 1403 448 actionem
1446 388 1656 458 habuit,
1700 405 1800 447 nec
1834 400 1896 446 ut
1936 404 2060 446 eam
2089 396 2136 456 Α
2167 388 2273 445 lioc
2286 386 2481 454 fateor,
2508 386 2604 444 sed
2623 402 2726 444 cur
2753 387 2954 459 sociis,
2990 388 3362 447 coheredibus
3393 391 3479 448 vel
3510 394 3568 447 in
3598 408 3755 450 com-

477 486 724 553 baberet,
778 486 882 542 fuit
918 486 968 542 ei
1014 484 1149 541 satis
1174 482 1351 549 facile,
1384 490 1443 536 ut
1465 496 1585 552 cap.
1618 480 1691 536 De
1710 482 1793 536 bo.
1841 497 1966 553 quae
1989 482 2059 548 si,

482 578 522 633 1.
551 579 630 634 ult
662 578 689 651 ᾗ
721 580 817 634 let
840 580 895 633 in
922 578 1071 632 nulla.
1101 576 1166 631 de
1191 592 1316 646 nep.
1346 574 1479 646 §scd
1507 574 1646 644 quod
1672 574 1936 627 sancitum
1960 582 2059 640 est,

474 680 530 726 et
558 686 678 741 cap.
707 670 783 726 De
807 687 968 725 anno.
997 679 1199 737 except.
1228 668 1265 722 Ι.
1293 684 1332 722 ι.
1365 666 1423 721 if.
1453 666 1532 720 De
1552 673 1658 720 act.
1684 679 1736 720 et
1759 664 1886 720 obii.
1917 664 1952 719 6
1991 665 2062 733 ﬁ»

474 763 851 833 liusfamilias,
914 773 963 818 el
993 763 1029 817 I.
1080 762 1147 816 In
1175 761 1398 831 factum,
1444 757 1501 814 II.
1553 758 1618 813 de
1667 757 1838 828 injur.
1889 757 1926 811 l.
1959 754 2063 811 Sed

474 857 522 910 si
569 856 748 923 anius,
804 856 833 929 ᾗ
890 854 1268 927 ﬁliofamilias,
1322 852 1380 908 ll‘.
1435 851 1500 907 de
1559 866 1704 921 prec.
1753 850 1791 904 Ι.
1854 847 2063 903 Filius-

475 948 606 1017 fam.
660 988 665 991 .
742 960 754 973 -

547 1040 601 1095 9.
643 1040 736 1097 Est
761 1049 815 1096 et
843 1041 949 1096 alia
997 1038 1135 1095 ratio
1178 1038 1351 1093 multo
1377 1035 1627 1100 validior,
1666 1048 1790 1105 qua:
1823 1033 2063 1089 credito.

483 1147 624 1201 rem,
658 1133 785 1188 licet
811 1134 1122 1187 diutissime
1150 1129 1448 1193 inhaeserit,
1477 1126 1707 1183 debitori
1733 1124 1941 1182 solvere
1963 1139 2063 1195 pa-

475 1238 621 1292 rato,
650 1230 849 1299 pignus
878 1228 1103 1282 reddere
1125 1224 1433 1295 compellit;
1466 1222 1594 1292 quia
1624 1220 1909 1277 creditoris
1936 1234 2066 1289 pos-

478 1325 657 1380 sessio
691 1324 757 1378 ad
805 1323 1272 1394 praescriptionem
1300 1316 1689 1391 generandam,
1723 1331 1832 1371 non
1876 1314 1926 1370 ei
1968 1314 2063 1370 sed

470 1415 705 1470 debitori
734 1416 975 1486 prodest,
1016 1414 1142 1468 licet
1167 1413 1311 1467 enim
1336 1410 1573 1466 creditor
1611 1408 1716 1464 sibi
1745 1422 1853 1463 non
1883 1418 2064 1463 tamen

471 1522 572 1577 pro
613 1521 715 1562 suo
775 1506 1038 1578 possidet,
1084 1516 1138 1560 et
1169 1504 1290 1559 ideo
1342 1518 1458 1557 rem
1498 1502 1837 1573 pignoratam
1880 1498 2067 1568 nequit

472 1598 963 1669 praascribere,sed
992 1597 1063 1664 ei,
1088 1611 1199 1667 quo
1222 1595 1286 1650 ad
1310 1593 1775 1665 praescriptionem
1801 1591 2062 1663 possidet,

2165 495 2331 536 mune
2363 479 2434 535 50
2459 480 2544 536 vel
2572 479 2645 535 ιο
2697 496 2826 536 ann.
2866 481 3299 552 possidentibus,
3342 482 3475 539 fam.
3533 484 3756 552 ercisc.,

2164 571 2444 627 communi
2484 571 2807 640 dividendo,
2840 572 2956 629 sive
2997 588 3097 643 pro
3143 574 3296 629 socio
3331 575 3606 630 actionem
3644 592 3757 632 non

2165 662 2282 718 tolli
2311 662 2486 731 dicas,
2517 678 2771 731 moveor;
2797 663 2887 720 hic
2912 664 3060 720 enim
3104 674 3160 720 et
3186 666 3331 721 actio
3355 666 3641 738 competit,
3669 668 3757 721 in»

2162 754 2420 826 tendique
2456 764 2655 826 potest,
2701 771 2770 810 ex
2800 771 2913 827 quo
2936 771 3022 814 res
3062 756 3225 827 cmpit
3249 772 3372 814 esse
3413 759 3752 825 communis,

2164 848 2254 904 lex
2318 862 2540 919 quoque
2597 847 2699 903 bas
2753 847 2997 904 actiones
3064 847 3135 903 50
3186 864 3317 905 ann.
3378 865 3576 921 praise.
3635 851 3757 906 tolli

2164 938 2315 996 dicit.

2237 1054 2324 1109 ll.
2354 1051 2669 1109 Junisrnuo.
2711 1053 2863 1110 Licet
2887 1054 3036 1125 quod
3069 1056 3330 1126 proponis
3366 1051 3577 1122 fateor;
3641 1069 3757 1109 non

2168 1154 2349 1202 tamen
2386 1147 2518 1201 dum
2551 1147 2919 1203 communiter
2937 1148 3239 1218 possident,
3270 1149 3411 1204 actio
3455 1149 3757 1214 divisoris,

2166 1239 2260 1294 sed
2329 1252 2430 1295 nec
2492 1238 2745 1310 praetoria
2805 1254 2997 1295 eorum
3057 1240 3281 1295 cuilibet
3339 1240 3760 1311 pmscriptione

2167 1331 2410 1398 tolletur,
2450 1339 2507 1386 et
2533 1331 2682 1401 quod
2713 1330 2912 1386 dicitur
2938 1332 3350 1403 praescriptione
3370 1333 3474 1388 has
3509 1333 3628 1388 tolli
3660 1347 3759 1387 ac-

2167 1422 2364 1489 tiones,
2397 1429 2529 1477 tunc
2571 1437 2696 1477 cum
2738 1421 2878 1477 alter
2907 1437 3007 1493 pro
3036 1422 3214 1479 solido
3244 1438 3360 1479 rem
3403 1438 3759 1479 communem

2166 1521 2370 1579 teneat,
2401 1512 2583 1568 locum
2614 1512 2797 1582 babet,
2828 1523 2890 1569 ut
2935 1524 3065 1570 tunc
3085 1514 3305 1570 demum
3354 1514 3556 1570 actioni
3605 1530 3759 1569 com-

2167 1605 2322 1661 muni
2357 1605 2649 1662 dividendo
2685 1621 2783 1662 seu
2806 1606 3028 1663 familia:
3062 1606 3400 1663 erciscundae
3427 1607 3758 1677 praescriba-

471 1706 504 1745 a
535 1706 646 1761 quo
673 1689 988 1762 possidendi
1022 1703 1245 1744 causam
1274 1687 1425 1753 dent,
1456 1686 1726 1757 cujusque
1753 1693 1896 1739 tenet
1929 1684 2063 1738 ima-

2173 1707 2279 1766 Iur,
2311 1713 2438 1754 cum
2480 1706 2535 1753 et
2563 1715 2595 1754 a
2643 1714 2757 1755 suae
2786 1700 2955 1770 partis
2983 1699 3351 1754 vindicatione
3395 1698 3755 1764 excludatur;

472 1798 797 1927 gillilljllnde
823 1880 907 1927 est
937 1870 1083 1944 quod
1108 1869 1383 1924 secundus
1404 1868 1664 1934 creditor,
1694 1868 1822 1939 quia
1852 1866 2066 1923 debito-

476 1965 555 2019 ris
581 1964 802 2019 nomine
829 1964 973 2018 videt
1002 1961 1301 2033 possidere,
1329 1962 1506 2032 primo
1533 1961 1789 2016 creditori
1819 1960 2064 2015 debitore

475 2058 769 2127 superstite
802 2071 922 2111 eam
949 2055 1122 2110 solam
1152 2053 1642 2125 praescriptionem,
1685 2068 1851 2124 quam
1878 2061 1933 2106 ct
1968 2051 2066 2105 de-

469 2150 636 2215 bitor,
668 2152 811 2203 valet
843 2163 1135 2219 opponere.
1166 2145 1304 2201 Nam
1332 2162 1458 2200 cum
1480 2161 1604 2200 eam
1628 2144 1903 2201 secundus
1946 2158 2066 2198 cre-

478 2240 623 2295 ditor
652 2240 913 2310 possidet,
945 2240 1061 2311 ipse
1098 2238 1312 2294 debitor
1343 2247 1527 2293 tenere
1562 2236 1798 2302 videtur,
1846 2235 1967 2290 ideo
2008 2234 2063 2289 in

468 2333 656 2387 codice
696 2332 899 2387 dicitur
928 2330 997 2385 40
1023 2332 1245 2386 demum
1288 2345 1482 2385 annor.
1507 2343 1728 2399 praescr.
1761 2327 2063 2383 secundum

467 2440 595 2479 cum
642 2440 912 2494 primum,
950 2424 1014 2478 ad
1056 2422 1228 2492 ipsius
1266 2421 1526 2477 debitoris
1566 2420 1972 2475 similitudinem
2007 2434 2066 2474 se

467 2531 630 2586 posse
658 2514 970 2581 defendere,
1008 2523 1061 2570 et
1086 2530 1209 2569 cum
1239 2513 1439 2569 dicitur
1464 2512 1555 2568 ubi
1596 2511 1833 2568 creditor
1854 2510 2065 2582 primus

471 2616 670 2674 teneat,
700 2616 754 2662 et
782 2606 1058 2662 secundus
1086 2596 1365 2661 offerendo
1390 2605 1519 2659 velit
1545 2604 1648 2659 sibi
1678 2603 1922 2676 pignoris
1942 2618 2062 2657 eam

468 2697 815 2752 conﬁrmare.
866 2695 1024 2751 Esset
1052 2696 1272 2767 quidem
1303 2696 1443 2749 ultra
1487 2693 1710 2749 modum
1738 2693 2062 2760 absurdum,

467 2804 593 2843 cum
625 2788 909 2843 creditoris
950 2788 1230 2858 possessio
1256 2787 1511 2853 debitori,
1544 2795 1604 2841 ut
1630 2786 1752 2857 ejus
1787 2786 2064 2857 propriam

467 2882 933 2953 praescriptionem
964 2883 1142 2954 pariat
1172 2881 1238 2937 ad
1263 2898 1379 2937 rem
1407 2882 1828 2948 defendendam,
1853 2882 1899 2936 si
1925 2880 2085 2937 foret'

466 2974 669 3038 aliena,
699 2982 755 3029 et
786 2974 1036 3029 eamdem
1064 2990 1191 3029 cum
1225 2974 1427 3044 ipsum,
1458 2983 1517 3028 ut
1547 2989 1605 3029 re
1638 2982 1843 3040 careat,
1870 2973 2065 3028 simili-

2166 1804 2293 1845 nam
2340 1788 2470 1844 dum
2521 1804 2636 1844 sua:
2660 1788 2833 1859 partis
2864 1788 3289 1844 vindicationem
3317 1797 3373 1844 et
3412 1789 3480 1844 ad
3506 1788 3761 1843 dividen-

2164 1880 2296 1936 dum
2347 1880 2621 1936 actionem
2669 1880 2889 1948 retinet,
2923 1881 3061 1935 adeo
3097 1888 3158 1935 ut
3185 1895 3287 1935 nec
3310 1888 3470 1951 pacto
3512 1879 3582 1935 de
3609 1879 3757 1934 divi-

2165 1973 2342 2028 dendo
2382 1971 2549 2041 facto,
2580 1982 2636 2027 et
2674 1972 3034 2027 multominus
3072 1972 3383 2028 communis
3425 1971 3760 2027 detentionis

2166 2065 2582 2136 praescriptione
2608 2064 2845 2120 vendere
2876 2072 3064 2135 posset
3101 2078 3246 2131 eam,
3272 2078 3341 2118 ne
3379 2078 3470 2118 res
3516 2061 3761 2118 absurda

2165 2157 2402 2224 eveniat,
2439 2166 2500 2211 ut
2525 2155 2674 2226 quod
2727 2155 2839 2226 peti
2874 2155 3068 2225 possit,
3090 2156 3259 2212 dividi
3293 2169 3404 2212 non
3445 2155 3657 2227 possit,
3697 2164 3760 2212 ιιι

2165 2251 2221 2308 ﬂ.
2237 2267 2502 2305 conmittit.
2519 2251 2648 2305 divi.
2665 2250 2707 2304 L
2731 2251 2789 2307 in
2813 2250 2911 2304 hoc
2925 2251 3155 2320 judicio.
3520 2278 3525 2281 -

2237 2341 2443 2398 Rocsn.
2501 2341 2586 2396 An
2629 2343 2714 2398 lite
2765 2341 3032 2410 actiones,
3079 2342 3264 2399 statim
3320 2350 3382 2397 ut
3423 2340 3618 2413 incipit
3664 2355 3761 2400 res

2166 2430 2499 2498 communis,
2526 2446 2649 2487 esse
2671 2431 3018 2501 competant?

2234 2521 2475 2577 Jiznisrn.
2524 2519 2907 2592 Nequaquam,
2950 2536 3051 2576 nec
3101 2520 3249 2577 enim
3295 2521 3525 2576 omnino
3570 2519 3757 2578 lucem

2166 2621 2422 2679 noscunt,
2458 2612 2553 2683 qui
2578 2626 2674 2666 eas
2712 2620 2843 2667 tunc
2872 2610 3023 2668 nasci
3053 2610 3260 2679 dicunt,
3290 2627 3417 2670 cum
3451 2611 3610 2670 alteri
3648 2612 3757 2671 sibi

2165 2703 2379 2774 placeat
2407 2719 2438 2759 a
2475 2703 2863 2760 communione
2889 2703 3188 2760 discedere.

2239 2795 2449 2852 Ronan.
2485 2794 2669 2863 Quare
2697 2811 2830 2868 ergo
2858 2806 3049 2852 contra
3074 2812 3170 2853 cas
3190 2839 3205 2865 ,
3224 2797 3351 2853 licet
3388 2796 3756 2854 communiter

2167 2888 2306 2945 socii
2331 2888 2671 2959 possideant,
2696 2902 2805 2942 non
2831 2888 3003 2944 currit
3023 2903 3183 2959 praes.

2233 2980 2475 3036 Junisrn.
2514 2979 2582 3035 Ut
2605 2996 2733 3035 cum
2759 2991 2811 3035 te
2852 2979 2976 3035 talis
3002 2988 3189 3035 currat
3223 2978 3586 3050 praescriptio,
3639 2993 3755 3033 non

469 3075 555 3121 ter
609 3066 1078 3136 przescriptionem
1130 3076 1368 3137 pareret,
1425 3074 1485 3120 ut
1538 3065 1637 3131 sic,
1669 3065 1798 3120 dum
1850 3064 2064 3120 debitor
2091 3073 2134 3137 (ζ
2164 3081 2249 3126 est
2272 3070 2407 3126 satis
2427 3069 2575 3140 quod
2605 3069 2874 3124 actionem
2904 3068 3123 3135 habeat,
3153 3083 3319 3138 quam
3360 3069 3545 3139 possis
3567 3066 3756 3124 statim

466 3158 767 3228 possideat,
803 3158 1006 3212 etenim
1034 3173 1130 3228 per
1160 3157 1486 3213 creditorem
1511 3157 1565 3211 in
1591 3157 1697 3212 hoc
1723 3171 1852 3212 casu
1883 3157 2062 3228 possi-

465 3248 577 3316 det,
642 3265 769 3305 cum
824 3264 950 3304 eum
1012 3264 1329 3320 quanquam
1388 3248 1798 3320 possessionem
1849 3249 2060 3319 perdat,

465 3349 655 3396 currat
683 3340 1043 3412 praescriptio,
1072 3340 1220 3411 quod
1250 3357 1531 3412 nunquam
1562 3342 1855 3409 invenitur,
1886 3352 1939 3398 et
1971 3358 2065 3397 ea-

465 3431 591 3487 dem
633 3441 718 3488 est
760 3448 877 3487 rem
904 3433 1126 3500 habeat,
1174 3442 1227 3487 et
1263 3448 1388 3487 cum
1421 3448 1549 3487 eum
1592 3442 1652 3488 ut
1679 3448 1739 3488 re
1768 3442 1967 3498 careat,
2010 3442 2065 3488 et

465 3526 548 3583 sic
608 3527 943 3583 contrariam
991 3534 1268 3597 operetur,
1316 3527 1783 3597 praescriptionem
1841 3526 2065 3582 inducat

467 3619 771 3691 possessio,
823 3618 970 3689 quod
1012 3635 1123 3673 non
1166 3634 1331 3690 posse
1371 3617 1479 3674 dici
1523 3620 1716 3675 suadet
1753 3619 1869 3690 ipsa
1903 3620 2061 3686 ratio,

466 3710 546 3764 uti
575 3710 642 3765 de
665 3710 939 3765 solutione
970 3709 1173 3766 dicitur
1207 3710 1348 3765 facta
1385 3711 1456 3765 ab
1490 3726 1556 3765 eo
1594 3711 1687 3781 qui
1723 3711 1913 3765 civiter
1945 3718 2061 3765 tum

466 3801 756 3856 tenebatur
779 3809 840 3856 ut
871 3801 925 3855 in
945 3801 1036 3856 illa
1066 3801 1270 3857 solutio
1296 3802 1632 3857 contrarium
1659 3813 1934 3872 operetur,
1953 3818 2062 3858 non

465 3893 667 3962 poterit
700 3891 1346 3957 debiloriliberationem
1401 3901 1456 3947 et
1491 3892 1876 3963 obligationem
1906 3908 2063 3963 pare-

468 3999 552 4050 re,
589 3983 671 4039 sic
709 3998 811 4039 nec
834 3984 1124 4039 creditoris
1156 3984 1387 4038 intentio
1424 3983 1655 4038 debitori
1681 3992 1882 4039 etcum
1907 4000 2063 4039 eum-

467 4073 593 4129 dem
634 4076 1103 4146 praiscriptionem
1149 4076 1344 4147 pariet,
1392 4084 1453 4130 ut
1481 4076 1537 4130 if.
1574 4074 1649 4128 De
1679 4074 1815 4129 salu.
1869 4076 1906 4130 l.
1958 4075 2061 4141 Qui

468 4165 645 4220 decem
686 4166 743 4220 in
786 4167 845 4236 ﬁ.
884 4167 939 4222 ιτ.
976 4167 1053 4222 De
1090 4185 1188 4222 usu
1230 4184 1351 4238 cap.
1387 4168 1424 4222 l.
1460 4167 1685 4240 Pignon’
1725 4177 1775 4222 et
1817 4183 1937 4239 cap.
1984 4167 2063 4223 De

471 4255 543 4310 30
570 4273 660 4311 an.
696 4258 995 4329 prescript.
1027 4258 1201 4313 locum
1232 4260 1521 4314 notissimi.

542 4346 744 4404 Rocsn.
776 4349 1043 4417 Intellexi,
1068 4351 1160 4421 jus
1186 4350 1256 4406 40
1276 4366 1443 4406 anno.
1484 4366 1595 4406 non
1619 4350 1883 4408 concedes
1904 4352 2063 4407 tolli?

544 4440 631 4494 ll.
673 4440 913 4497 Junisrn.
955 4441 1336 4513 Nequaquam.
1844 4442 1854 4454 ’

541 4529 750 4586 Rocsn.
784 4535 853 4588 At
883 4534 1119 4589 creditor
1141 4535 1438 4602 secundus,
1463 4549 1533 4589 ne
1555 4534 1726 4604 priori
1759 4535 2057 4604 offerendo,

470 4622 575 4678 sibi
600 4632 603 4635 '
632 4624 832 4695 pignus
858 4625 1164 4691 confirmet,
1216 4626 1451 4681 aliorum
1504 4626 1575 4681 40
1611 4642 1880 4682 annorum
1919 4643 2058 4700 prte-

469 4715 772 4785 scriptione
800 4717 1186 4771 removeatur?

545 4805 891 4863 12.1tmisrn.
912 4807 1061 4863 Licet
1083 4809 1187 4863 hoc
1200 4808 1272 4863 sit
1293 4825 1506 4877 verum,
1526 4825 1637 4865 non
1650 4825 1718 4867 eo
1739 4811 1973 4881 pertinet
1995 4820 2058 4867 ut

471 4899 731 4956 efferendi
750 4899 843 4970 jus
865 4899 1275 4970 praescriptione
1298 4900 1371 4956 sit
1397 4902 1696 4957 sublatum.
1718 4900 1823 4958 Sed
1840 4912 1899 4958 ut
1914 4904 2059 4959 actio

472 4986 857 5057 bypotlieearia
878 5029 893 5053 ,
915 5002 1038 5057 qua:
1057 4988 1129 5054 ci,
1160 5003 1286 5043 cum
1310 4989 1548 5059 primum
1575 4991 1901 5046 creditorem
1932 4986 2071 5046 cum

473 5076 828 5147 obligationis
858 5079 1214 5148 replicatione
1237 5081 1517 5151 competit,
1532 5081 1622 5135 illa
1649 5083 2061 5153 praescriptione

473 5167 547 5221 sit
571 5167 734 5236 elisa,
765 5185 1003 5240 namque
1043 5178 1194 5226 tanto
1241 5179 1484 5243 tempore
1513 5174 1582 5228 ab
1624 5175 1838 5229 actione
1866 5176 2057 5230 exclu-

473 5256 621 5290 Αἴης..
707 5257 718 5270 ⁸
742 5259 750 5276 ¹
774 5274 779 5275 ν
870 5269 917 5292 οι

978 5260 1028 5292 ἶ..
1098 5262 1361 5292 ηιςνῖιῖιιηῖ
1423 5263 1471 5294 Λῖ
1526 5264 1826 5294 {Inv-Annius.
1909 5266 2052 5296 nunt.

2088 4409 2138 4470 D

2165 3163 2465 3230 intendere,
2493 3170 2549 3218 et
2576 3177 2780 3229 cesses,
2830 3160 2926 3216 sed
2975 3169 3192 3231 oportet
3239 3169 3293 3214 te
3326 3160 3406 3215 sic
3451 3159 3508 3214 in
3538 3159 3757 3215 actione

2168 3253 2498 3310 intendendo
2547 3267 2783 3321 cessare,
2824 3261 2885 3307 ut
2932 3251 3009 3306 nil
3052 3250 3220 3308 facias
3272 3249 3421 3321 quod
3464 3258 3621 3305 tuum
3663 3250 3757 3319 jus

2168 3345 2329 3418 quasi
2374 3359 2476 3400 nec
2527 3344 2715 3412 deses,
2771 3358 2873 3399 nec
2940 3343 3219 3415 negligens
3286 3357 3616 3423 conservare
3672 3342 3754 3396 vi-

2164 3437 2364 3494 dcaris.

2238 3530 2325 3586 15.
2365 3530 2437 3584 At
2464 3529 2667 3597 socius,
2699 3529 2830 3585 dum
2851 3529 3219 3586 communiter
3252 3527 3588 3599 possidendo
3615 3541 3754 3593 rem,

2167 3638 2489 3679 communes
2541 3621 2752 3678 fructus
2794 3622 3041 3693 percipit,
3086 3622 3181 3677 tali
3229 3620 3374 3677 facto
3418 3635 3529 3675 non
3568 3620 3755 3675 minus

2164 3714 2432 3770 actionem
2486 3714 2857 3784 incorruptam
2905 3713 3121 3781 retinet,
3159 3728 3325 3784 quam
3356 3712 3402 3767 si
3440 3719 3753 3768 consortem

2157 3806 2364 3875 judicio
2384 3812 2665 3872 vexasset;
2693 3820 2793 3859 nec
2814 3819 2922 3859 non
2947 3805 3141 3876 majori
3167 3804 3443 3877 diligentia
3467 3804 3581 3874 jus,
3605 3804 3754 3874 quod

2164 3899 2218 3951 in
2250 3911 2309 3951 re
2336 3896 2614 3951 communi
2642 3896 2825 3963 liabet,
2857 3905 3036 3967 potest
3063 3911 3389 3951 conservare
3421 3911 3594 3967 quam
3634 3911 3753 3951 rem

2158 3986 2361 4059 jugiter
2384 3985 2619 4041 tenendo
2648 3985 2766 4056 ejus
2795 3984 3009 4041 fruetus
3042 4001 3142 4057 pro
3189 4001 3289 4041 sua
3326 3994 3482 4057 parte
3534 4001 3747 4056 capere,

2163 4078 2383 4150 quando
2404 4077 2552 4132 enim
2576 4078 2682 4133 hoc
2708 4075 2856 4145 facit,
2884 4077 2969 4133 sui
3000 4077 3142 4148 juris
3176 4085 3520 4147 contemptor
3544 4076 3630 4131 vel
3658 4076 3752 4132 de-

2163 4185 2252 4226 ses
2280 4183 2390 4225 non
2418 4175 2568 4224 recte
2587 4167 2824 4239 judicat;
2853 4169 2995 4225 sicut
3022 4169 3260 4225 creditor
3283 4177 3397 4223 tum
3423 4177 3569 4223 recte
3591 4168 3749 4224 deses

2163 4277 2273 4316 non
2296 4267 2475 4331 potest
2497 4259 2627 4325 dici,
2664 4259 2898 4331 ideoque
2923 4275 3049 4315 cum
3094 4275 3221 4314 eum
3257 4274 3366 4314 non
3408 4260 3584 4315 currit
3613 4275 3751 4330 prae-

2164 4350 2408 4422 scriptio,
2451 4366 2578 4406 cum
2615 4350 2910 4406 debitorem
2942 4351 3149 4422 judicio
3179 4365 3290 4406 non
3329 4351 3614 4418 convenit,
3653 4351 3748 4425 qui

2163 4442 2219 4499 in
2242 4458 2541 4498 usurarum
2574 4443 2845 4498 solutione
2881 4442 3087 4499 exstitit
3111 4442 3413 4498 denodattts
3440 4461 3453 4497 :
3479 4458 3607 4498 nam
3637 4443 3750 4498 sic-

2163 4544 2223 4589 ut
2256 4534 2333 4589 illi
2366 4549 2467 4606 pro
2492 4533 2675 4589 debito
2700 4550 2899 4590 usuras
2920 4534 3203 4605 capiendo,
3238 4533 3318 4589 sic
3339 4542 3393 4588 et
3427 4534 3517 4588 hic
3558 4549 3657 4603 pro
3689 4548 3750 4587 re

2160 4625 2440 4682 communi
2485 4625 2832 4696 percipiendo
2880 4623 3113 4691 fructus,
3164 4624 3405 4678 actiones
3445 4638 3576 4678 suas
3613 4622 3749 4693 vigi—

2159 4717 2323 4773 lando
2348 4725 2649 4789 perpetuat.
2694 4714 2757 4769 Et
2799 4716 2939 4771 sicut
2976 4717 3072 4783 illi,
3106 4716 3201 4787 qui
3247 4716 3502 4770 devotum
3543 4714 3747 4769 debito-

2157 4824 2274 4864 rem
2299 4822 2408 4863 non
2436 4808 2622 4878 exigit,
2647 4808 2727 4864 sic
2748 4807 2897 4874 huic,
2929 4807 3057 4878 quia
3080 4802 3447 4862 concordante
3467 4805 3620 4860 socio
3643 4820 3747 4858 non

2161 4899 2406 4966 recessit,
2435 4914 2546 4954 non
2566 4909 2745 4970 potest
2765 4899 3044 4969 imputari.
3073 4897 3185 4953 Hoc
3201 4898 3434 4967 amplius
3455 4911 3554 4966 pro
3577 4895 3746 4960 socio,

2161 5004 2229 5044 ne
2252 4988 2302 5043 ei
2332 4996 2587 5044 occurrat
2614 4990 2951 5059 praescriptio
2986 4988 3134 5056 facit,
3164 4988 3309 5058 quod
3334 5002 3432 5041 nec
3448 4995 3575 5056 post
3596 5001 3748 5041 com-

2160 5094 2380 5135 munem
2410 5080 2616 5152 jugem,
2660 5080 3122 5151 tricennalemque
3143 5078 3578 5151 possessionem,
3605 5075 3750 5148 quod

2161 5170 2241 5225 sic
2261 5185 2577 5240 possessum
2601 5179 2705 5238 est,
2731 5172 2917 5242 aliquo
2927 5174 3049 5243 jure
3064 5171 3277 5227 desinat
3297 5185 3417 5225 esse
3438 5183 3745 5224 commune.

2161 5258 2275 5296 'n‘tn
2304 5261 2347 5296 οἱ
2377 5262 2597 5296 nlla-cina
2633 5271 2842 5296 tantum
2866 5272 3007 5296 nonne
3045 5261 3230 5296 οποοοη
3262 5260 3570 5296 nominanda
3624 5268 3750 5296 hino
