4022 5340
301 299 432 355 1501

1469 295 1556 348 DE
1595 293 1912 350 DIVERSIS
1950 295 2386 354 PRA'ISCRIPT.

3433 291 3570 350 1503

295 407 658 466 communiter
671 407 830 463 annis
851 405 923 463 sit
945 421 1220 478 possessa,
1247 405 1318 462 40
1345 405 1551 473 fateor;
1580 407 1675 462 sed
1699 407 1871 462 actio-
1899 412 1955 470 Α
2049 407 2254 464 Rosea.
2293 407 2585 480 Nunquam
2615 407 2717 464 fuit
2739 409 2806 466 de
2831 409 2935 467 hac
2954 425 3015 467 re
3035 402 3330 467 haesitatio.

292 518 415 557 nem
432 517 531 570 pro
551 499 818 555 divisione
845 500 961 554 tolli
982 500 1125 567 dico,
1149 509 1209 554 ut
1228 499 1307 554 sic
1335 500 1389 554 in
1413 509 1691 570 posterum
1719 515 1873 556 com-

291 592 540 647 munioni
574 600 719 647 stare
740 607 836 661 per
857 591 999 646 hanc
1019 591 1483 662 praescriptionem
1509 600 1760 648 arceatur
1779 607 1874 649 so-

288 684 426 750 cius,
457 685 976 754 quemadmmodum
1013 685 1296 755 hucusque
1333 691 1573 740 steterat.

358 774 599 831 Jaaisra.
653 775 857 831 Eadem
906 777 1119 832 ratione
1169 776 1319 831 dices
1355 775 1504 845 quod
1545 775 1591 831 si
1633 790 1731 845 per
1778 791 1868 831 an.

285 866 356 922 40
379 869 528 924 solas
557 884 758 925 usuras
794 869 1002 938 accepit
1026 867 1281 934 creditor,
1313 875 1495 922 utnec
1523 876 1747 932 sortem,
1772 883 1874 924 nec

284 961 482 1030 pignus
518 961 692 1030 possit
726 968 926 1029 petere,
959 959 1054 1016 sed
1094 974 1195 1030 pro
1227 960 1412 1015 usuris
1450 959 1718 1013 duntaxat
1759 958 1871 1016 liti-

283 1059 390 1121 get,
415 1057 484 1105 'ut
516 1051 565 1105 ei
622 1051 676 1105 in
718 1050 963 1106 futurum
1001 1059 1408 1122 praestarentur,
1454 1059 1515 1104 ut
1561 1057 1689 1106 sunt
1726 1058 1872 1106 retro

281 1143 555 1212 praestita,
588 1159 655 1198 ne
676 1144 808 1214 quid
843 1144 989 1198 aliud
1013 1145 1154 1200 ultra
1177 1151 1358 1213 petere
1385 1141 1579 1208 valeat,
1601 1142 1746 1214 quod
1774 1156 1873 1198 nec

281 1244 362 1302 tu,
401 1246 463 1292 ut
501 1253 643 1304 reor,
675 1238 950 1293 concedis.
993 1237 1113 1293 Non
1153 1253 1284 1308 ergo
1332 1237 1428 1292 tali
1468 1236 1872 1307 praescriptione

280 1344 444 1399 quem
487 1330 716 1384 invitum
761 1331 1137 1386 communioni
1193 1339 1338 1385 stare
1383 1330 1541 1395 dicis,
1594 1330 1736 1384 sicut
1771 1344 1873 1384 nec

279 1421 510 1476 invitum
536 1422 857 1477 creditorem
885 1437 1178 1478 usurarum
1205 1422 1434 1491 quaestui
1462 1430 1606 1476 stare
1627 1420 1857 1489 compel-

277 1511 447 1578 leres,
487 1521 546 1566 ut
601 1529 722 1583 cap.
769 1512 1008 1568 Comma.
1047 1514 1174 1566 divi.
1207 1513 1244 1566 ι.
1296 1513 1394 1568 ult.
1441 1520 1496 1568 ct
1531 1527 1650 1583 cap.
1695 1509 1773 1565 Dc
1803 1509 1872 1566 50

277 1621 367 1660 an.
399 1621 554 1674 prazs.
582 1606 619 1659 ι.
666 1605 726 1660 Si
760 1607 876 1676 quis
901 1607 1198 1675 emptionis.

2045 498 2288 555 Jumsrn.
2344 501 2454 557 Has
2476 501 2720 556 actiones
2753 502 2902 557 nullo
2931 511 3172 573 tempore
3192 496 3366 563 ﬁniri,
3401 499 3564 554 etiam

1974 589 2144 645 altero
2165 592 2282 646 solo
2310 593 2641 663 possidente,
2673 594 2999 662 putabatur;
3029 595 3158 664 quia
3189 589 3393 664 sapius
3415 591 3566 646 nasci

1971 681 2313 738 videbantur.
2355 683 2691 740 Credebatur
2719 700 2912 755 nempe
2945 686 3160 756 quoties
3197 687 3382 742 socius
3415 681 3566 738 solus

1972 771 2040 829 de
2069 777 2348 830 communi
2373 793 2431 830 re
2456 777 2654 846 capiat,
2692 777 2777 831 vel
2809 777 2862 830 in
2891 793 3013 832 eam
3051 777 3414 847 impendebat,
3460 788 3565 835 seu

1973 865 2280 936 delinquat;
2326 867 2426 923 has
2465 868 2649 924 enasci
2680 869 2947 935 actiones,
2971 884 3038 923 eo
3063 869 3209 939 quod
3245 885 3343 938 pro
3378 869 3564 924 omni-

1971 955 2076 1011 bus
2098 955 2184 1010 his
2213 965 2375 1026 prout
2409 959 2686 1024 eveniunt,
2711 958 2862 1014 socio
2884 959 3156 1031 obligatur
3179 961 3380 1014 socius.
3412 958 3560 1015 Idem

1972 1045 2028 1101 in
2054 1047 2267 1102 actione
2289 1047 2417 1102 furti
2447 1049 2675 1114 dicetur,
2709 1065 2776 1104 eo
2801 1051 3000 1104 etenim
3026 1049 3170 1120 quod
3193 1051 3413 1106 assidua
3431 1067 3562 1106 oon-

1969 1140 2222 1194 trectatio
2245 1156 2313 1195 ne
2337 1139 2425 1194 fur
2451 1156 2664 1210 semper
2698 1141 2906 1196 furtum
2937 1141 3119 1208 faciat,
3161 1143 3318 1212 quasi
3360 1143 3561 1211 saepius

1973 1231 2331 1296 renascendo,
2369 1231 2670 1298 dicebatur,
2709 1233 2880 1288 donec
2915 1249 3030 1288 rem
3063 1233 3386 1303 possideret,
3437 1234 3560 1286 nul-

1972 1322 2078 1378 lius
2101 1333 2407 1394 temporum
2435 1324 2621 1378 lustris
2643 1322 2770 1378 furti
2800 1326 3068 1379 actionem
3090 1340 3357 1394 expirare,
3399 1333 3453 1379 et
3489 1325 3559 1379 ad

1972 1415 2074 1470 has
2110 1416 2378 1471 tollendas
2419 1415 2612 1470 similis
2647 1414 2714 1468 de
2749 1414 2966 1471 familia:
3005 1416 3356 1482 erciscundae,
3401 1431 3557 1470 com-

1971 1509 2124 1562 muni
2158 1508 2467 1574 dividendo,
2498 1523 2598 1578 pro
2630 1508 2803 1572 socio,
2835 1507 2969 1564 furti
2997 1509 3210 1563 actione
3265 1508 3446 1562 locuta
3475 1514 3560 1564 est

1973 1600 2312 1665 constitutio,
2355 1608 2414 1654 ut
2444 1614 2710 1654 annorum
2755 1599 2824 1652 50
2865 1600 3274 1669 praescriptione
3311 1600 3554 1664 tolleret;

351 1697 436 1752 17.
478 1697 583 1754 Sed
607 1707 737 1753 tunc
760 1707 875 1753 tum
898 1697 1336 1768 przescriptiones
1364 1697 1465 1750 has
1487 1694 1730 1750 actiones
1757 1695 1870 1749 tolli
1903 1757 1943 1768 _
1972 1689 2098 1754 licet
2121 1691 2322 1744 etenim
2357 1690 2573 1744 assidue
2600 1691 2984 1745 contrectando
3017 1689 3103 1744 fur
3125 1690 3330 1744 furtum
3359 1690 3552 1756 faciat;

273 1790 446 1845 dicas.
471 1789 608 1844 Cum
630 1791 765 1846 alter
780 1790 962 1847 socius
979 1790 1130 1845 solus
1146 1805 1242 1859 per
1254 1788 1552 1853 rem,velut
1570 1787 1868 1856 propriam,
1903 1757 1946 1812 Β
1970 1791 2344 1836 verumtamen
2366 1782 2492 1851 quia
2523 1781 2577 1835 in
2604 1797 2662 1835 se
2687 1782 2980 1836 revolvitur
3003 1781 3090 1836 fur
3112 1783 3334 1852 furtum,
3369 1783 3558 1852 sicque

274 1883 530 1937 tenuerit.
571 1881 685 1937 Hoc
727 1898 920 1952 nempe
968 1882 1024 1936 in
1064 1897 1199 1936 casu
1244 1896 1356 1935 non
1397 1888 1481 1935 est
1514 1879 1868 1949 qumrendum

272 1973 419 2028 ultra
448 1973 515 2028 de
546 1988 624 2039 re,
656 1989 724 2028 an
754 1973 1065 2028 communis
1087 1971 1272 2038 fuerit,
1315 1971 1546 2040 ideoque
1589 1971 1869 2026 communi

271 2065 568 2122 dividendo
611 2067 756 2121 actio
805 2066 1034 2133 tollitur,
1076 2066 1172 2122 sed
1223 2066 1403 2121 solum
1438 2065 1564 2132 hoc,
1613 2081 1683 2120 an
1733 2066 1870 2120 alter

268 2165 428 2211 tanto
443 2165 704 2228 tempore,
723 2173 823 2228 pro
844 2173 946 2214 suo
968 2174 1084 2214 rem
1112 2158 1370 2224 tenuerit,
1393 2166 1448 2212 et
1471 2157 1691 2228 quando
1702 2157 1868 2212 etiam

269 2247 412 2304 alias
430 2249 655 2315 obtinet,
708 2258 763 2304 ct
803 2266 874 2306 an
901 2259 1033 2304 tunc
1056 2250 1399 2321 praescriptio
1429 2250 1610 2305 locum
1646 2249 1864 2318 habeat,

268 2355 399 2396 cum
446 2348 637 2396 auctor
686 2342 743 2396 in
791 2342 1190 2412 quaestionibus
1231 2341 1566 2412 prmjudicet.
1621 2342 1692 2395 At
1737 2357 1864 2397 cum

267 2433 435 2488 ambo
456 2441 511 2488 et
536 2435 902 2489 communiter
921 2435 1221 2505 possident,
1261 2443 1316 2489 et
1347 2435 1414 2489 de
1440 2449 1498 2488 re
1526 2434 1691 2488 veluti
1713 2449 1865 2488 com-

267 2523 424 2577 muni
468 2522 680 2579 fructus
714 2525 1038 2594 percipiant,
1081 2525 1240 2580 sicuti
1291 2540 1458 2595 super
1496 2541 1555 2579 re
1597 2534 1862 2595 tanquam

265 2613 550 2667 communi
588 2629 684 2682 per
712 2614 986 2671 actionem
1016 2615 1334 2670 divisoriam
1365 2616 1536 2686 quaari
1567 2625 1764 2686 potest,
1805 2625 1864 2672 ut

265 2706 408 2761 alter
447 2707 501 2759 in
539 2721 662 2760 eam
701 2708 853 2762 solus
889 2707 1184 2778 impendat,
1224 2709 1533 2778 delinquat,
1575 2709 1657 2762 vel
1695 2709 1760 2762 de
1797 2724 1860 2763 ea

265 2797 492 2866 quidem
518 2798 672 2852 solus
697 2799 977 2868 percipiat,
1003 2800 1102 2865 sic,
1131 2800 1276 2870 quod
1298 2801 1366 2855 ad
1393 2801 1716 2855 divisionem
1735 2816 1861 2869 per-

265 2887 424 2954 tinet,
451 2903 550 2958 per
575 2889 797 2944 easdem
838 2890 1084 2946 actiones
1126 2892 1297 2960 quaari
1327 2907 1488 2960 posse
1527 2906 1637 2944 non
1680 2890 1860 2956 desiit,
1940 2893 1948 2900 '

263 2994 369 3035 nec
396 2981 608 3046 eadem,
634 2989 758 3036 acto
784 2989 1049 3052 tempore,
1073 2991 1341 3051 quantum
1367 2983 1432 3036 ad
1453 2988 1565 3035 rem
1588 2981 1862 3050 principa-

1968 1890 2069 1944 pro
2087 1891 2153 1930 eo
2183 1891 2291 1930 una
2322 1876 2436 1930 sola
2459 1876 2752 1945 semelque,
2783 1884 2899 1930 tum
2935 1875 3062 1930 furti
3087 1877 3249 1942 actio,
3281 1877 3394 1931 sive
3425 1893 3558 1932 con-

1967 1967 2134 2021 dictio
2162 1967 2426 2032 nascitur,
2453 1975 2506 2021 et
2537 1966 2658 2020 ideo
2673 1967 2835 2022 unius
2856 1967 3118 2020 trecennii
3149 1968 3558 2037 praescriptione

1969 2057 2194 2112 tollitur.
2235 2056 2325 2112 Sic
2361 2072 2578 2126 quoque
2606 2057 2731 2111 licet
2771 2058 2838 2118 de
2882 2059 3158 2112 communi
3187 2058 3554 2128 percipiendo,

1965 2149 2050 2203 vel
2075 2148 2128 2202 in
2162 2164 2284 2202 eam
2333 2148 2780 2218 impendendove,
2805 2149 2988 2204 socius
3017 2149 3304 2219 obligetur,
3331 2164 3426 2204 seu
3453 2148 3558 2204 sibi

1971 2240 2204 2294 alterum
2241 2239 2462 2310 obliget,
2491 2254 2600 2292 non
2628 2248 2806 2293 tamen
2831 2240 3016 2308 plures
3045 2239 3215 2293 famil.
3247 2241 3411 2294 ercis.
3457 2255 3556 2295 seu

1965 2329 2245 2384 communi
2269 2329 2557 2384 dividendo
2580 2329 2839 2394 actiones,
2866 2329 2958 2383 sed
2987 2345 3095 2384 una
3125 2331 3400 2399 semelque
3425 2339 3558 2385 tunc

1964 2431 2092 2476 nata
2120 2421 2373 2477 estinter
2404 2436 2499 2476 eos
2538 2421 2700 2486 actio,
2740 2429 2799 2474 ut
2837 2420 2915 2475 sic
2956 2437 3064 2480 una
3099 2421 3273 2490 possit
3306 2423 3556 2490 praescri-

1965 2513 2151 2584 ptione
2192 2513 2328 2578 tolli,
2360 2528 2486 2566 nam
2514 2511 2675 2567 sicuti
2719 2513 2836 2582 ipsa
2879 2511 3194 2568 communio
3227 2527 3432 2579 rerum,
3475 2514 3557 2569 sic

1965 2605 2186 2677 quando
2207 2621 2269 2660 ea
2301 2612 2493 2660 noscat
2519 2621 2627 2658 una
2655 2605 2771 2659 sola
2796 2603 2937 2659 actio
2967 2612 3069 2659 est.

2036 2697 2240 2754 Rosea.
2291 2697 2356 2752 Et
2411 2697 2651 2752 rationes
2704 2697 2951 2767 exempla
3009 2695 3290 2768 proposita
3355 2697 3558 2752 retinet

1965 2788 2360 2859 interpretatio.

2037 2895 2279 2951 Juaisrn.
2314 2897 2402 2951 l9.
2431 2894 2564 2966 Ejus
2595 2896 2730 2950 solis
2752 2893 3168 2950 consuetudinis
3203 2893 3442 2949 timenda
3493 2893 3555 2948 fit

1964 2987 2372 3056 interpretatio,
2423 3003 2547 3056 qua:
2600 3002 2788 3042 errore
2839 3001 3028 3052 vacua,
3078 2985 3290 3056 legibus
3321 2985 3552 3056 rouique

264 3069 393 3136 lem,
416 3079 620 3141 pereat,
645 3073 792 3142 quod
820 3073 1186 3138 accessiones,
1213 3074 1339 3128 licet
1358 3087 1457 3142 pro
1489 3088 1546 3126 re
1571 3071 1859 3142 principali
1888 3103 1932 3164 C
1965 3078 2286 3132 ostendetur
2308 3077 2605 3133 contraria.
2640 3076 3004 3147 Quincunque
3035 3076 3106 3132 sit
3131 3093 3281 3148 ergo,
3315 3077 3403 3142 cui
3429 3077 3552 3146 plus

261 3163 480 3217 sublata
511 3172 635 3232 post
662 3164 840 3231 duret,
863 3165 1010 3234 quod
1037 3173 1185 3242 esset
1213 3163 1532 3220 absurdum.

335 3251 423 3305 18.
467 3251 672 3307 Rosea.
719 3253 872 3310 Tunc
905 3270 1006 3309 cur
1045 3255 1292 3310 actiones
1335 3255 1472 3309 dicis
1515 3253 1595 3308 eis
1633 3267 1857 3307 currere

259 3342 753 3413 pmscriptionem,
777 3361 901 3399 cum
925 3347 1062 3400 alter
1091 3346 1240 3402 solus
1261 3347 1407 3402 velut
1431 3362 1547 3402 rem
1577 3345 1856 3416 propriam

259 3433 540 3504 possideat
566 3436 590 3489 ?

332 3522 578 3581 Juntsrn.
624 3526 682 3582 In
706 3531 915 3600 quam?

1964 3167 2192 3236 placeat,
2242 3167 2434 3237 Capito
2467 3183 2536 3222 an
2586 3168 2787 3235 Labeo,
2821 3169 3136 3238 praemissas
3175 3169 3552 3223 distinctiones

1967 3266 2046 3312 tot
2071 3259 2379 3315 rationibus
2400 3262 2803 3329 comprobatas,
2822 3259 3065 3330 aequitati
3089 3261 3268 3330 legum
3298 3276 3363 3314 ac
3384 3274 3551 3314 sensu

1963 3349 2406 3414 commendabit,
2448 3350 2738 3419 legumque
2787 3351 3125 3420 argumentis
3172 3359 3324 3405 tanto
3363 3349 3552 3403 fortio-

1963 3438 2140 3502 ribus,
2167 3439 2545 3508 comprobabit
2572 3447 2780 3508 quanto
2802 3439 2908 3494 sibi
2934 3437 3182 3496 faciliora
3202 3455 3324 3494 esse
3341 3439 3549 3510 majora

1963 3541 2074 3581 non
2093 3525 2320 3581 diuidat.

761 3849 1364 3930 CATALOGUS
1431 3845 2370 3930 PPJESCRIPTIONUM
2446 3847 2542 3922 D.
2606 3843 3053 3924 ROGERII.

331 4021 430 4077 Est
449 4009 788 4092 praescriptio
815 4025 980 4080 trium
1006 4025 1242 4091 dierum,
1266 4036 1327 4082 ut
1362 4028 1417 4081 in
1441 4027 1724 4092 advocato,
1753 4026 1841 4081 cui

255 4114 386 4169 licet
415 4113 556 4169 infra
601 4115 843 4170 triduum
873 4132 1118 4172 errorem
1152 4119 1446 4189 corrigere,
1491 4127 1553 4173 ut
1598 4133 1718 4188 cap.
1765 4117 1844 4172 De

253 4222 376 4260 erro
409 4206 478 4258 ad
485 4223 590 4260 voc.

330 4298 428 4354 Est
456 4299 524 4352 10
555 4299 788 4364 dierum,
821 4308 884 4354 ut
911 4300 979 4354 de
1007 4300 1463 4370 appellationibus
1489 4300 1670 4365 hodie,
1696 4308 1755 4354 ut
1785 4299 1842 4352 in

253 4389 470 4443 authen.
495 4391 559 4443 de
581 4406 668 4459 ap.
693 4391 748 4442 in
775 4391 914 4458 prin.
945 4398 999 4443 et
1025 4389 1079 4442 if.
1104 4389 1168 4443 de
1189 4391 1273 4443 iti.
1298 4400 1521 4460 actuque
1541 4390 1644 4458 pri.
1682 4390 1720 4444 ι.
1752 4406 1788 4443 ι.

330 4477 428 4532 Est
481 4478 548 4532 15
597 4478 834 4543 dierum,
880 4486 940 4532 ut
979 4493 1104 4533 cum
1146 4487 1312 4534 testes
1353 4479 1752 4550 producuntur,
1782 4487 1844 4532 ut

255 4582 379 4636 cap.
413 4565 488 4620 De
513 4575 664 4631 test.,
703 4565 739 4621 l.
771 4565 831 4621 Si
852 4566 1082 4637 quando.

329 4653 427 4709 Est
449 4655 520 4708 20
544 4655 756 4710 dierum
784 4656 838 4709 in
863 4671 930 4710 eo
972 4655 1066 4726 qui
1096 4656 1214 4710 vult
1240 4655 1388 4710 litem
1433 4657 1750 4724 contestari,
1784 4665 1845 4711 ut

255 4743 310 4796 in
336 4743 484 4797 auth.
511 4745 574 4798 de
601 4747 739 4799 exiti.
766 4754 816 4799 et
839 4747 979 4800 intro
1003 4763 1076 4800 re.
1120 4746 1146 4816 §
1175 4747 1318 4804 illud
1339 4763 1557 4817 quoque.

329 4831 427 4888 Est
456 4835 525 4888 '50
567 4835 801 4902 dierum,
835 4844 893 4889 ut
927 4837 994 4892 de
1052 4837 1323 4891 creditore
1366 4838 1461 4906 qui
1507 4837 1729 4909 scripsit
1779 4853 1839 4894 se

255 4923 533 4990 accepisse
573 4924 856 4989 creditum,
887 4935 951 4980 ut
979 4941 1098 4994 cap.
1133 4925 1213 4979 De
1261 4941 1363 4978 non
1406 4943 1504 4980 ms.
1537 4943 1648 4996 pec.
1697 4928 1732 4982 l.
1773 4927 1841 4982 In
1880 4913 1924 4967 Ῑ)

255 5013 615 5068 contractibus
646 5015 672 5086 §
695 5029 847 5083 super
867 5017 1098 5071 ueteris.

249 5121 262 5146 κ
328 5100 424 5155 Es!
465 5104 847 5175 quinquaginta
900 5109 1120 5164 dierum
1171 5121 1297 5177 qua:
1341 5107 1504 5164 datur
1549 5113 1720 5167 tutori
1773 5111 1843 5166 ad

2020 4022 2116 4079 Est
2149 4031 2367 4079 centum
2403 4021 2614 4077 dierum
2645 4022 2712 4076 ad
2753 4021 3043 4091 petendam
3107 4021 3375 4076 bonorum
3415 4037 3544 4091 pos-

1950 4115 2275 4180 sessionem,
2305 4122 2366 4168 ut
2435 4129 2554 4184 cap.
2596 4113 2700 4178 Qui
2731 4113 2921 4166 admit.
2967 4114 3037 4166 ad
3082 4112 3164 4178 bo.
3210 4128 3350 4182 poss.
3393 4114 3428 4167 ι.
3486 4113 3546 4167 Si

1955 4205 2230 4258 bonorum.

2022 4295 2117 4350 Est
2143 4295 2379 4349 duorum
2404 4294 2488 4348 vel
2523 4303 2761 4364 quatuor
2795 4295 3103 4360 mensium,
3140 4293 3185 4349 si
3236 4294 3542 4362 promisisti

1949 4393 2002 4438 te
2023 4383 2398 4438 exhibiturum
2423 4383 2542 4440 sine
2567 4385 2812 4455 scriptis,
2852 4393 2914 4439 ut
2933 4386 2989 4439 π.
3010 4384 3087 4438 Dc
3110 4402 3162 4438 re
3177 4385 3351 4454 judic.
3377 4387 3412 4440 l.
3439 4385 3545 4440 De-

1949 4475 2228 4529 bitoribus.

2023 4566 2118 4621 Est
2143 4583 2235 4622 sex
2266 4567 2564 4634 mensium,
2592 4575 2652 4622 ut
2680 4566 3064 4634 redhibitoria;
3101 4584 3221 4639 cap.
3265 4568 3344 4624 De
3389 4570 3537 4626 adit.

1948 4657 2087 4713 edic.
2131 4659 2168 4712 ι.
2203 4673 2262 4712 ιι.

2019 4751 2116 4806 Est
2137 4760 2261 4806 octo
2291 4751 2563 4810 mensium
2591 4751 2659 4805 ad
2689 4749 3000 4808 faciendum
3051 4752 3448 4820 inventarium,
3478 4761 3540 4807 ut

1948 4859 2069 4912 cap.
2107 4842 2180 4896 De
2187 4842 2312 4912 jure
2333 4841 2436 4896 del.
2461 4842 2498 4895 l.
2536 4841 2764 4906 Scimus.

2024 4933 2122 4988 Est
2169 4949 2388 5000 annua,
2438 4942 2496 4988 ut
2529 4934 2924 5001 mstimatoria,
2979 4942 3035 4988 et
3080 4935 3440 4998 rescissoria,
3487 4939 3542 4987 et

1940 5037 2148 5098 quanto
2173 5011 2424 5094 minoris,
2449 5035 2508 5082 ut
2531 5027 2586 5082 ﬂ‘.
2613 5026 2689 5078 De
2715 5027 2860 5080 wdil.
2903 5025 3039 5079 edic.
3085 5026 3121 5079 l.
3165 5024 3471 5091 Sciendum,
3512 5023 3541 5094 §

1942 5116 2068 5172 ulti.
