4022 5340
483 239 623 299 1503

1549 248 1762 308 GUIDO
1797 243 2259 306 AMBIANENSIS
2297 247 2697 305 EPISCOPL'S.

3621 252 3765 307 £50!

546 359 650 415 Est
678 359 971 430 biennalis,
1008 370 1069 417 ut
1094 362 1161 417 de
1187 360 1335 428 dolo,
1363 346 1511 420 etde
1556 365 1800 422 debitore
1851 368 1945 436 qui
1990 381 2079 420 re-
2110 368 2156 422 A
2182 381 2475 433 annorum,
2508 375 2568 422 ut
2596 382 2715 437 cap.
2772 365 2850 420 De
2894 368 3194 436 prwscripr.
3219 367 3299 421 LI
3330 376 3385 422 et
3407 365 3488 423 De
3512 370 3764 437 preat-ip.

478 450 694 522 scripsit
724 454 996 524 accepisse
1022 454 1328 525 pecuniam,
1354 463 1413 511 ut
1439 472 1557 528 cap.
1574 458 1648 511 De
1663 474 1783 512 non.
1815 474 1904 511 nu.
1926 472 2063 527 ρέα,

478 543 515 596 1.
548 542 613 597 1η
646 546 1022 619 contractibus,
1059 547 1116 600 in
1141 548 1281 617 prin.
1656 536 1661 542 ’

548 630 643 687 Est
678 633 881 688 biennii
913 636 996 690 vel
1019 636 1386 706 quadriennii,
1423 653 1531 708 qua
1562 640 1860 696 creditores
1885 641 1939 694 in
1966 640 2066 696 bo-

474 736 671 777 norum
701 726 1104 794 possessionem
1134 727 1291 783 missi
1321 730 1389 784 ab
1411 730 1532 785 aliis
1559 747 1619 786 se
1658 731 1975 798 defendunt,
2008 740 2067 787 ut

471 834 592 889 cap.
625 819 693 876 de
714 820 796 876 bo.
823 823 971 877 auth.
987 824 1071 895 ju.
1099 842 1211 907 pos.
1246 826 1282 881 l.
1323 826 1456 881 Cum
1486 830 1645 884 apud.

492 1005 497 1009 _
543 932 642 989 Est
696 936 913 993 triennii
947 940 1002 994 in
1037 957 1373 1013 usucapione
1423 945 1704 1001 mobilium
1754 964 1958 1016 rerum,
2008 949 2064 1004 in

470 1023 640 1080 instit.
669 1026 733 1081 de
758 1044 876 1095 usu,
910 1046 1028 1100 cap.
1059 1031 1113 1084 in
1140 1034 1281 1102 prin.

546 1115 641 1173 Est
698 1121 1045 1189 quadriennii
1097 1140 1220 1194 qua:
1261 1125 1421 1181 datur
1447 1127 1513 1181 ad
1540 1128 1867 1198 implendam
1902 1131 2063 1185 resti-

471 1206 737 1263 tutionem
770 1220 895 1281 post
928 1212 1196 1269 minorem
1238 1226 1474 1285 aetatem,
1524 1236 1646 1290 qua:
1689 1223 1853 1276 etiam
1905 1224 2066 1278 datur

468 1299 586 1375 utili
611 1316 757 1358 anno
783 1303 965 1373 hodie,
1014 1314 1074 1362 ut
1097 1323 1216 1378 cap.
1257 1308 1329 1362 De
1366 1319 1584 1381 tempor.
1633 1314 1688 1366 in
1736 1314 1863 1369 inte.
1914 1316 2060 1370 resti.

464 1389 504 1447 l.
538 1393 713 1450 ultim.

536 1482 629 1561 Est
686 1490 1058 1560 quadriennii,
1097 1510 1165 1549 ne
1218 1495 1481 1552 adversus
1537 1513 1755 1553 sacrum
1807 1498 2063 1553 aerarium

464 1585 677 1648 agatur,
711 1589 771 1634 ut
795 1598 914 1653 cap.
946 1582 1023 1637 De
1043 1585 1320 1655 quadrien.
1351 1589 1646 1658 prwscript.
1683 1588 1775 1643 lib.
1821 1606 1856 1643 ι.

532 1665 632 1722 Est
653 1670 1012 1741 quinquennii
1055 1684 1116 1728 ut
1153 1675 1220 1729 de
1274 1676 1557 1731 inoliiciosi
1593 1679 1832 1748 querela,
1885 1687 1939 1734 et
1992 1679 2060 1735 de

461 1757 755 1815 donatione
802 1762 943 1818 facta
970 1765 1039 1818 ab
1065 1766 1524 1833 administratore,
1564 1750 1762 1840 ut'cap.
1791 1769 1866 1824 De
1892 1770 2051 1841 ina/7i.

462 1857 583 1905 test.
614 1853 652 1906 l.
682 1852 740 1906 Si
772 1856 889 1924 quis
920 1854 1112 1925 ﬁlium.

533 1940 631 1997 Est
657 1945 1034 2016 quinquennii,
1059 1958 1117 2003 ut
1139 1966 1205 2004 ne
1225 1959 1348 2020 post
1366 1952 1799 2023 quinquennium
1824 1954 1889 2010 de
1911 1965 2055 2010 statu

461 2034 842 2093 defunctorum
896 2050 1192 2111 qumratur,
1244 2053 1305 2099 ut
1335 2061 1454 2115 cap.
1490 2044 1572 2100 Ne
1604 2047 1667 2101 de
1697 2055 1801 2101 sta.
1839 2028 2051 2119 defunc.

461 2143 514 2195 ρ.
557 2144 608 2197 q.
637 2146 688 2200 q.

532 2216 628 2274 Est
656 2221 1016 2292 quinquennii
1067 2242 1135 2281 ne
1186 2226 1399 2283 adulter
1443 2239 1565 2298 post
1612 2231 2046 2300 quinquennium

459 2324 570 2384 quo
617 2314 972 2370 commissum
1013 2317 1337 2374 adulterium
1389 2320 1607 2388 dicitur,
1661 2322 1807 2392 quod
1871 2322 2049 2377 conti—

461 2416 631 2457 nuum
662 2416 1003 2475 numeratur,
1040 2419 1330 2465 accusetur
1356 2420 1565 2483 utcap.
1597 2412 1666 2467 ad
1692 2412 1786 2468 lib.
1829 2411 1937 2483 jul.
1986 2413 2051 2485 de

460 2493 629 2548 adult.
659 2496 695 2550 l.
724 2496 950 2553 Adulter

532 2584 627 2641 Est
651 2597 856 2656 septem
891 2607 1184 2660 annorum,
1235 2610 1359 2649 eum
1384 2596 1650 2666 quaeritur
1680 2607 1860 2653 utrum
1892 2595 2056 2653 fuerit

2167 454 2239 509 50
2273 472 2551 511 annorum.

2238 548 2431 605 Esti?
2456 551 2537 606 vel
2568 550 2634 605 M
2679 566 2949 605 annorum
2995 566 3118 606 cum
3161 551 3426 620 quaeritur
3470 551 3646 622 pubes
3678 551 3767 607 vel

2167 633 2416 714 impubes
2447 645 2572 715 quis
2615 643 2706 712 sit,
2738 653 2798 700 ut
2834 660 2935 715 pro
2966 643 3090 699 inde
3114 651 3360 710 testatur,
3408 653 3471 700 ut
3496 660 3619 716 cap.
3656 644 3766 711 Qui

2169 745 2285 792 teat.
2313 739 2388 808 fa.
2422 748 2531 809 pot.
2557 738 2658 793 loc.
2686 740 2733 793 si
2759 740 2946 809 frater.

2236 828 2334 885 Est
2360 832 2769 901 quatuordecim
2816 847 3084 887 annorum
3114 839 3176 886 ut
3206 838 3393 887 currat
3421 830 3769 902 praecipuo

2166 923 2391 993 triginta
2420 925 2504 979 vel
2530 925 2890 995 quadraginta
2920 940 3209 980 annorum.

2238 1036 2333 1092 Est
2362 1036 2428 1090 l7
2450 1053 2719 1092 annorum
2764 1054 2889 1093 cum
2940 1036 3205 1108 quaeritur
3231 1054 3299 1092 an
3329 1053 3452 1121 quis
3479 1040 3765 1110 postulare

2167 1127 2360 1197 possit,
2400 1135 2460 1182 ut
2490 1126 2545 1182 if.
2584 1127 2647 1181 de
2674 1137 2847 1197 pastu.
2882 1128 2918 1181 l.
2955 1144 2991 1193 ι,
3030 1127 3057 1199 §
3088 1127 3301 1181 initium
3331 1137 3526 1183 autem.

2241 1217 2335 1274 Est
2362 1218 2427 1272 17
2452 1233 2719 1272 annorum
2756 1233 2945 1287 przesc.
2980 1233 3104 1273 cum
3138 1219 3401 1288 quaeritur
3433 1235 3502 1274 an
3528 1236 3763 1277 manum

2166 1310 2380 1364 mittere
2426 1309 2551 1380 quis
2594 1308 2788 1381 possit,
2845 1318 2905 1363 ut
2964 1309 3112 1366 iusti.
3163 1309 3259 1381 qui
3293 1319 3432 1366 etex
3453 1313 3571 1382 qui.
3630 1328 3760 1370 can.

2165 1418 2274 1457 ma.

2235 1510 2332 1567 Est
2368 1513 2433 1567 18
2460 1528 2728 1570 annorum
2754 1524 2813 1569 ut
2837 1514 2882 1569 si
2908 1514 3105 1571 mulier
3134 1516 3348 1571 veniam
3374 1517 3549 1573 tetatis
3580 1517 3759 1588 impe-

2167 1614 2291 1671 tret,
2316 1614 2375 1661 ut
2397 1621 2515 1677 cap.
2547 1604 2623 1660 De
2653 1607 2734 1661 his
2760 1607 2850 1678 qui
2876 1624 2950 1662 ve.
2983 1617 3104 1662 wta.
3130 1609 3310 1677 impe.,
3347 1609 3384 1662 l.
3422 1607 3555 1662 Ulli.

2090 1712 2133 1771 Β
2231 1716 2328 1774 Est
2357 1718 2423 1772 18
2450 1734 2540 1772 an.
2569 1735 2695 1774 cum
2721 1721 2984 1790 quaeritur
3012 1736 3083 1775 an
3115 1720 3241 1792 quis
3261 1721 3521 1793 adaptarc
3557 1725 3757 1793 possit,

2164 1816 2224 1861 ut
2240 1805 2299 1861 π.
2330 1808 2393 1861 de
2431 1808 2587 1877 adop.

2234 1922 2333 1979 Est
2362 1925 2433 1979 25
2463 1939 2757 1983 annorum.
2782 1933 2843 1980 ut
2866 1925 3064 1982 exinde
3092 1940 3288 1996 major,
3332 1934 3386 1980 et
3414 1925 3654 1997 legitime
3683 1927 3760 1981 sit

2159 2014 2354 2070 anatis.

2233 2126 2373 2183 Sunt
2396 2136 2451 2182 et
2476 2128 2596 2183 alia:
2621 2130 3080 2199 prtescriptioucs,
3110 2144 3237 2200 quas
3258 2129 3533 2199 objiciunt
3561 2131 3758 2186 volen-

2159 2220 2304 2277 tibus
2350 2222 2576 2292 adipisci
2623 2223 2906 2288 honorem,
2938 2233 2996 2277 ut
3028 2223 3080 2276 in
3115 2222 3471 2294 magistratib.
3485 2233 3541 2277 et
3567 2238 3755 2280 sacer-

2157 2312 2308 2368 dotio
2337 2330 2367 2367 a
2391 2328 2610 2368 summo
2636 2314 2808 2384 usque
2836 2315 2901 2367 ad
2927 2310 3235 2367 minimum.
3326 2312 3327 2315 “
3532 2342 3544 2351 -
3596 2318 3601 2319 “

2231 2425 2369 2481 Sunt
2418 2437 2471 2481 et
2521 2426 2640 2481 alia:
2689 2442 2811 2497 qua:
2860 2426 3077 2497 longum
3134 2436 3347 2496 tempus
3393 2436 3501 2479 no‘n
3550 2425 3755 2480 habent

2161 2535 2503 2589 expressum,
2536 2528 2593 2574 ut
2633 2520 2685 2573 in
2716 2518 2921 2581 usuris,
2978 2528 3034 2575 ut
3061 2519 3126 2573 de
3148 2534 3209 2572 ea
3257 2518 3462 2573 dictum
3493 2526 3600 2581 est,
3624 2533 3752 2586 qua:

2160 2611 2321 2682 longo
2373 2624 2613 2679 tempore
2658 2611 2824 2675 stetit,
2876 2626 2997 2679 quae
3018 2625 3125 2663 non
3176 2610 3316 2678 capit
3365 2618 3567 2663 certam
3636 2607 3752 2661 for-

458 2662 641 2769 infans
676 2695 872 2749 neque,
905 2692 964 2737 ut
1000 2685 1227 2753 proinde
1271 2686 1468 2743 habeat
1502 2688 1773 2760 ell‘ectum,
1821 2702 1880 2745 ut
1924 2707 2044 2760 cap.
2152 2662 2320 2768 mag],
2362 2702 2467 2757 nisi
2486 2662 2564 2755 rin
2592 2662 2856 2769 libertate,
2890 2662 2950 2756 ἐιῑ
2995 2701 3050 2755 Π,
3117 2700 3195 2756 De
3235 2662 3380 2755 nsur,
3422 2700 3461 2755 1,
3508 2699 3641 2754 Cum
3684 2702 3749 2753 is

457 2767 537 2822 De
548 2770 661 2838 jur.
686 2772 902 2830 deliber.
930 2776 966 2830 l.
997 2775 1057 2831 Si
1086 2779 1302 2848 infanti.

529 2857 626 2914 Est
654 2861 862 2930 decem,
893 2874 946 2919 et
971 2867 1181 2938 viginti,
1229 2879 1282 2924 et
1311 2870 1559 2951 triginta,
1605 2882 1659 2928 et
1689 2874 2047 2944 quadraginta

2149 2784 2257 2846 rem
2289 2810 2452 2848 verso.

484 2958 3722 3003 Μ

1806 3081 1942 3120 ANNO
1982 3081 2163 3121 DOMINI
2201 3081 2425 3120 ιιωίιγι.

1725 3210 2500 3392 GUIDO

1470 3464 1649 3519 ΑΜΒ
1708 3464 2115 3522 ANENSIS
2167 3465 2791 3533 EPISCOPUS.‘

1459 3662 1972 3756 NOTITIA
2053 3667 2739 3760 HISTORICA.

1551 3818 1754 3889 (Gallia
1781 3815 2111 3881 Christiana,
2137 3831 2262 3876 nov.
2294 3816 2449 3881 edit.,
2486 3826 2525 3871 t.
2558 3815 2644 3887 Χ.)

455 4075 544 4131 his
570 4067 620 4126 11⁷
643 4073 806 4129 etiam
838 4068 1056 4127 comitis
1087 4077 1140 4123 et
1177 4067 1434 4123 Fulconis
1478 4067 1687 4123 abbatis
1732 4067 2045 4123 Forestmo-

456 4142 890 4225 nasteriil'rater,
913 4137 1142 4225 patruus
1163 4147 1341 4225 autem
1379 4137 1655 4225 (ξιιίιιῳιίξ⁸
1667 4139 1905 4225 comitis,
1936 4138 2047 4193 An-

491 4215 703 4271 elranni
746 4209 959 4270 abbatis
1011 4209 1359 4267 Centulensis
1402 4210 1458 4263 in
1515 4210 1695 4266 studio
1742 4209 2044 4264 litterarum

495 4286 756 4356 iscipulus
778 4282 1083 4356 fuit,cujus
1101 4280 1436 4356 epitaphium
1461 4279 1705 4356 scripsit;
1722 4278 2048 4356 lilnbianen-

458 4356 536 4412 sis
560 4349 673 4411 erat
716 4349 1264 4409 archidiaconusani
1288 4349 1426 4405 1οι19
1457 4365 1580 4405 cum
1611 4366 1640 4405 a
1667 4349 1903 4405 Fuleone
1932 4350 2049 4420 cpi-

459 4440 623 4494 scopo
668 4424 898 4479 Romam
954 4424 1156 4477 missus
1200 4431 1314 4485 est,
1363 4420 1611 4475 abbatem
1663 4420 2043 4494 Corbciensem

457 4489 601 4564 apud
649 4509 922 4564 summum
962 4493 1272 4564 pontificem
1304 4489 1930 4564 accusaturusqfactus
1964 4499 2048 4545 est

459 4561 643 4619 autem
664 4574 788 4633 post
826 4561 1121 4633 Fulconem
1142 4562 1431 4633 cpiscopus
1452 4577 1597 4633 anno
1618 4561 1753 4616 1058
1774 4561 1867 4633 qui
1892 4577 2043 4633 com-

456 4631 680 4705 ponitur
709 4650 833 4689 cum
860 4632 1035 4705 primo
1062 4632 1422 4687 ordinationis
1453 4632 1572 4705 ejus
1594 4631 2044 4705 anno_iu_lamin_a

494 4705 709 4759 lumbea
747 4700 963 4758 inventa
1009 4703 1063 4757 in
1098 4718 1262 4771 capsa
1302 4702 1475 4756 sancti
1519 4701 1762 4756 Batberti
1802 4700 2043 4756 Pascasii

498 4719 709 4759 lumnea
747 4719 963 4758 inventa
1009 4719 1063 4757 ιη
1098 4719 1262 4771 capsa
1302 4719 1475 4756 sancti
1520 4719 1762 4756 natneru
1802 4719 2043 4756 rascasu

455 4719 608 4844 ISept.
636 4775 792 4839 1710,
829 4774 1027 4828 ibidem
1058 4773 1268 4844 inclusa
1297 4772 1352 4844 in
1378 4771 1775 4844 monimentum
1813 4773 2046 4826 transla—

455 4841 621 4901 tionis
645 4844 809 4914 hujus
849 4844 1022 4914 sancti
1061 4842 1218 4914 facta:
1251 4859 1304 4896 Iv
1333 4841 1458 4914 ldus
1484 4841 1612 4914 Julii
1639 4842 1797 4914 1058.
1823 4852 2044 4914 auctore

456 4912 970 4997 Gnidone‘prazs‘ule
996 4912 1467 4997 Anihianerisium.
1506 4912 1663 4997 A‘nrip
1696 4913 1892 4997 eodeni
1913 4913 2042 4967 sub-

454 4986 675 5067 scripsit
696 4979 783 5067 die
810 5002 842 5039 v
863 4984 999 5067 Aug.
1025 4982 1318 5067 donai‘ioni.
1334 4979 1490 5067 facta:
1513 4982 1581 5067 ab
1607 4981 1893 5067 iienrigo‘l
1916 4998 2043 5067 rege

453 5051 683 5108 abbatiaa
716 5051 1117 5110 Hasmoniensi.
1168 5052 1352 5107 Remis
1402 5051 1647 5107 interfuit
1695 5069 1730 5106 ι
1772 5052 1890 5107 Kal.
1941 5051 2041 5107 Ju-

452 5124 532 5196 nii
549 5124 715 5196 1059,
727 5141 886 5196 sacro
902 5124 1131 5196 Philippi
1148 5123 1187 5177 1.
1209 5123 1455 5196 Sigillum
1472 5123 1742 5196 apposuit,
1768 5139 1857 5196 an.
1880 5122 2037 5196 1000,

452 5194 977 5264 delomatrHenrici
1010 5191 1161 5264 l'pro
1193 5191 1534 5249 restitutione
1560 5191 1743 5248 Sancti
1768 5192 1984 5264 Martini
2007 5208 2038 5246 a

453 5261 694 5331 campis.
727 5261 917 5340 PauloA
933 5261 1260 5340 post'guido
1291 5265 1406 5340 qui,
1427 5279 1559 5340 cum
1590 5273 1736 5318 esset
1767 5262 2039 5340 archidia-

526 3998 586 4059 ιιι
625 4000 834 4058 elranni
869 3998 891 4053 ι
935 3998 1151 4054 comitis
1189 3995 1401 4052 Pontivi
1427 3997 1571 4051 ﬁlius
1616 3996 1811 4063 Guido,
1855 3997 2043 4067 llugo-
2074 4004 2115 4061 (ζ
2149 3999 2309 4055 cavit.
2350 3997 2406 4052 3°
2447 3995 2818 4053 Conventione
2851 3998 2994 4068 apud
3032 3996 3358 4052 Curtracum
3407 4010 3595 4050 coram
3639 4011 3739 4052 co-

526 4090 544 4126 s
570 4020 623 4126 11(
643 4073 806 4126 etiam
838 4068 1056 4126 comitis
1087 4077 1140 4123 et
1177 4067 1434 4123 Fulconis
1478 4067 1687 4123 abbatis
1732 4067 2045 4123 Forestmo-
2148 4070 2279 4124 mite
2311 4067 2595 4126 Balduino,
2626 4067 2919 4126 multisque
2942 4067 3228 4124 abbatibus
3254 4078 3310 4122 et
3336 4066 3553 4122 clericis
3573 4082 3737 4126 spre-

2148 4070 2279 4124 mite
2311 4067 2595 4133 Balduino,
2626 4066 2919 4137 multisque
2942 4067 3228 4124 abbatibus
3254 4078 3310 4122 et
3336 4066 3553 4122 clericis
3573 4082 3737 4137 spre-

2149 4148 2222 4205 ta,
2255 4140 2504 4194 abbatem
2529 4138 2707 4204 ipsum
2743 4139 2809 4191 ad
2831 4136 3096 4208 synodum
3120 4146 3296 4201 vocat,
3326 4138 3405 4208 ire
3414 4151 3547 4208 prae
3575 4136 3732 4208 inﬁr-

2148 4212 2336 4265 mitate
2370 4224 2478 4263 non
2512 4209 2779 4262 valentem
2826 4205 3281 4263 eicemmunicat.
3326 4207 3381 4260 «ιθ
3414 4205 3490 4260 Re
3525 4205 3593 4260 ad
3619 4221 3736 4260 me-

2148 4281 2456 4349 tropolitani
2489 4280 2686 4344 delata,
2722 4289 2948 4349 uterque
2987 4279 3051 4333 ad
3084 4277 3435 4349 auditorium
3456 4276 3699 4345 archiepi

2149 4346 2297 4420 scopi
2343 4350 2631 4420 invitatur,
2666 4348 2754 4404 cui
2792 4346 3033 4403 monenti
3081 4348 3281 4416 iniuste
3321 4346 3585 4420 prolatam
3620 4361 3732 4420 ex-

2148 4416 2696 4475 comnumicationcm
2737 4435 2845 4472 non
2884 4421 3063 4473 solum
3098 4433 3203 4472 non
3232 4417 3503 4487 acquievit
3530 4416 3727 4487 Gnido,

2148 4492 2241 4546 sed
2267 4490 2432 4546 etiam
2449 4490 2696 4544 abbatem
2715 4504 2907 4544 rursus
2936 4483 3444 4543 excommunicam.
3474 4489 3531 4541 5°
3554 4483 3729 4551 Quin-

2148 4562 2258 4615 imo
2296 4559 2727 4615 interdictionem
2759 4560 2827 4613 ab
2848 4559 3023 4613 oﬂicio
3039 4558 3227 4612 durius
3245 4555 3472 4610 minanti
3492 4556 3727 4610 Alexan-

2147 4631 2246 4685 dro
2274 4630 2312 4683 ll
2351 4644 2569 4686 summo
2611 4629 2877 4699 pontifici,
2908 4629 3050 4698 apud
3089 4642 3252 4751 quem
3284 4627 3451 4681 abbas
3482 4640 3727 4695 conque-

2147 4712 2265 4751 stus
2307 4701 2504 4751 l‘uerat.
2546 4700 2840 4751 obsecutus
2886 4715 2995 4751 non
3035 4698 3249 4751 vitetur
3280 4697 3478 4751 (iuido.
3517 4711 3619 4750 nec
3659 4696 3727 4749 ab

2146 4712 2265 4776 stus
2286 4701 2504 4776 fuerat,
2546 4696 2995 4776 obsecutus__u_on
3027 4696 3249 4776 _v_idetur
3280 4697 3478 4776 (initio,
3517 4696 3731 4776 περὶ)

2145 4770 2521 4841 inquietudine
2556 4770 2886 4841 monasterii
2904 4769 3194 4841 destitisse,
3235 4767 3553 4835 priusquam
3570 4765 3729 4841 _vill_a

2149 4833 2348 4895 Ndn'ez
2369 4858 2492 4896 cum
2524 4840 2979 4910 appendiciisipsi
2999 4833 3251 4910 advitani
3281 4833 3538 4910 concessa
3560 4833 3727 4910 fuerit

2144 4928 2198 4965 vl
2230 4911 2346 4966 Kal.
2408 4903 2761 4980 Septembris,
2787 4903 2933 4964 anub
2985 4907 3140 4980 1004.
3169 4903 3727 4980 ᾃΙῃεοίιμυιιιέμρειΜο

2143 4974 2640 5056 ευιιδριτὶρξίιϊυρξτθ
2670 4981 2722 5056 in
2747 4974 3041 5056 Conventun
3061 4974 3375 5056 CprbcieiiSi
3414 4992 3445 5030 a
3477 4974 3725 5056 Philippo

2142 5067 2268 5125 rege
2293 5045 2692 5125 conﬁrmationi
2708 5051 2974 5125 bonorum
3001 5045 3719 5125 Ecclesimnllasmopiensis,

2142 5113 2425 5189 diplomati
2455 5121 2598 5191 regis
2623 5120 2865 5191 ejusdem
2896 5120 3006 5191 duo
3042 5118 3248 5191 altariaﬁ
3262 5115 3465 5191 Sancto
3493 5113 3724 5191 Martiae

2143 5184 2545 5262 conﬁrmantis:
2579 5184 2759 5261 et'pro
2912 5189 3166 5262 Memmio
3207 5184 3625 5262 _C_ata_la_uneusi,
3670 5190 3725 5262 et

2142 5260 2363 5340 [actae‘a
2393 5253 2698 5340 (Iauzliert'o
2727 5260 2898 5340 milite
2925 5258 3138 5340 Hugoni
