4022 5340
537 240 674 297 1507

1572 252 1898 311 GUIDONIS
1937 256 2244 314 EPISCOPI
2282 261 2739 319 AMBIANENSIS

3665 270 3796 325 1508

536 357 1208 450 dg‘llsjnguerran.
1257 363 1412 450 Mais.
1437 377 1523 450 cet
1549 380 1745 450 autem
1772 389 1840 450 ne
1867 389 2008 429 nous
2053 391 2121 450 en
2150 385 2194 440 Α
2225 379 2357 450 dom
2380 393 2520 432 nous
2547 395 2716 434 avons
2736 380 2813 435 dit
2839 379 3058 436 aillcurs
3079 396 3150 434 un
3178 380 3514 450 motd'aprés
3530 380 3793 438 Hariulfe.

537 425 1152 505 fait‘eonnaitre‘aucun
1180 450 1249 489 en
1275 437 1608 505 particulier.
1634 425 2122 499 Petithtre'se-rait;

536 495 818 578 on_fonde,
861 515 968 578 s_ur_
991 519 1078 557 ses
1115 495 1340 578 propres
1371 495 1740 578 expressions,
1784 495 2120 568 dirimit};

534 570 634 646 siti,
656 571 900 646 magistri
938 570 1245 646 Ingerrimgi',
1282 577 1350 637 de
1379 570 1570 634 méttre
1595 581 1663 635 de
1706 570 1768 637 ee
1814 585 2040 638 nombre
2071 587 2120 640 la

538 634 634 691 Vie
662 634 943 696 du'méme
972 634 1111 698 abbé
1139 634 1312 717 (Certi.
1341 647 1465 702 Chr.
1502 650 1540 704 l.
1574 634 1656 716 in,
1683 634 2118 726 οἶδΞ-ξῇξ-έᾙῐ

2223 447 2299 530 (_le
2323 450 2712 530 chroniqucur,
2743 451 2778 503 il
2812 461 2896 505 est
2926 451 3067 530 vrai,
3095 452 3142 504 la
3174 447 3475 530 croyaitjde
3500 455 3797 530 quelqu‘un

2223 517 2291 592 de
2337 533 2424 573 ses
2470 517 2662 586 fréres,
2695 536 2861 592 parce
2885 522 3078 590 qu’elle
3114 537 3179 575 ne
3211 517 3408 590 portait
3442 517 3542 592 pas
3576 523 3627 577 le
3647 517 3796 577 ἠοω

2223 586 2415 662 delson
2440 599 2662 662 auteur;
2689 586 2828 662 mais
2853 590 2887 644 il
2905 586 3089 644 aurait
3110 607 3179 661 pu
3207 586 3265 645 se
3287 586 3526 662 tromper
3547 609 3620 646 ou
3647 594 3800 648 avoir

2223 656 2308 711 été
2337 659 2546 728 trompé
2571 677 2670 730 par
2697 661 2932 715 d‘autres
2955 677 3050 715 sur
3073 656 3134 716 ce
3167 663 3318 730 point
3338 662 3405 717 de
3432 656 3691 732 critique.

529 773 3760 834 _—__—-—___.____=_______=_____=__________________==

1376 961 2150 1093 EPISTULA
2208 968 2953 1101 GUIDONIS

1770 1201 2230 1261 AMBIANENSIS
2267 1204 2577 1262 EPISCOPI

1130 1370 1264 1446 AD
1323 1371 1880 1451 FULCONEM
1942 1375 2412 1454 ABBATEM
2471 1377 3177 1461 COBBEIENSEM

1523 1532 1598 1592 Ut
1627 1532 1878 1608 synodo
1912 1548 2060 1594 mox
2099 1532 2500 1598 celebrandis
2533 1527 2811 1600 intersit.

1995 1671 2153 1727 Anno
2192 1673 2348 1730 l06l.

1355 1804 1528 1872 (Actes
1557 1806 1620 1860 de
1641 1806 1694 1860 la
1717 1823 1958 1876 province
1987 1808 2380 1881 ecclésiastique
2403 1813 2467 1868 de
2496 1813 2694 1883 Reims,
2725 1815 2789 1882 ll,
2823 1816 2907 1872 75.
2925 1839 2939 1861 ·-

1919 1970 2333 1986 *—

599 2101 830 2199 li‘urcom
877 2104 1124 2199 corbeiaa
1170 2109 1376 2178 abbati,
1415 2111 1590 2168 Guwo
1629 2115 1816 2170 divino
1851 2118 2117 2190 praesagio
2151 2125 2194 2183 Β
2219 2131 2443 2192 propter
2489 2132 2726 2179 vestram
2758 2124 3127 2181 columbinam
3187 2127 3538 2199 sagacitatem
3595 2129 3800 2183 nostris

529 2195 635 2248 sibi
661 2196 822 2251 datus
846 2198 1136 2271 episcopus
1162 2203 1407 2258 modeste
1436 2220 1628 2276 sapere
1650 2214 1705 2261 et
1729 2207 2003 2278 superﬂua
2024 2209 2112 2266 de-

525 2286 696 2341 vitarc
727 2288 823 2358 (Ξ).

594 2376 866 2443 Quoniam
915 2380 983 2436 ad
1030 2383 1416 2441 ecclesiastica:
1452 2388 1780 2447 eruditionis
1819 2392 2108 2448 utilitatem

528 2470 818 2538 synodales
879 2484 1184 2532 conventus
1235 2476 1426 2534 Patres
1483 2480 1716 2551 legimus
1766 2483 2106 2552 instituisse,

523 2559 676 2614 decet
698 2570 752 2615 et
776 2577 898 2630 nos,
935 2565 1030 2635 qui
1063 2581 1254 2623 eorum
1299 2569 1601 2640 laboribus,
1646 2573 1774 2630 licet
1814 2575 2110 2633 virtutibus

531 2649 790 2720 impares,
819 2659 1211 2727 successimus,
1236 2661 1289 2715 in
1317 2664 1660 2736 praesignatis
1686 2667 1931 2740 vestigiis
1955 2677 2118 2739 prout

531 2743 807 2800 mundana
839 2756 1135 2818 tempestas
1157 2751 1412 2824 ignoscit,
1449 2773 1671 2827 gressus
1695 2758 1938 2831 inﬁgere.
1965 2761 2114 2828 Qua-

2218 2213 2412 2269 usibus
2435 2213 2800 2284 profuturam,
2843 2219 3050 2289 synodo
3077 2233 3242 2289 quam
3271 2237 3329 2274 ιη
3353 2236 3528 2276 nonas
3557 2220 3684 2275 Julii
3708 2237 3797 2275 ce-

2211 2304 2479 2374 lebraturi
2523 2323 2736 2374 sumus,
2776 2324 2875 2364 vos
2905 2309 3169 2366 interesse
3214 2311 3502 2367 invitatum
3555 2312 3796 2366 decrevi-

2216 2411 2340 2452 mus
2354 2415 2368 2464 ;
2383 2395 2706 2452 Balduinum
2732 2415 2862 2455 vero
2882 2403 3209 2457 monachum
3229 2403 3511 2459 vobiscum
3530 2403 3797 2458 adducere

2215 2494 2380 2556 atque
2421 2486 2622 2542 ibidem
2666 2489 2870 2544 nostris
2913 2489 3124 2546 visibus
3152 2492 3471 2560 praesentari
3501 2499 3707 2546 curate.
3739 2489 3796 2544 Si

2216 2587 2421 2645 autem,
2471 2578 2676 2634 illicitis
2710 2581 3153 2636 excusationibus
3196 2582 3483 2652 oppositis,
3538 2582 3794 2652 μῖξιΔίαο

2218 2669 2451 2725 concilio
2470 2685 2569 2726 vos
2593 2670 2995 2736 subtraxeritis,
3019 2672 3253 2735 vinculis
3284 2671 3657 2728 anathematis
3679 2671 3796 2726 sine

2217 2762 2478 2817 dilatione
2512 2761 2850 2816 vinciamini.
2883 2761 3030 2818 Vale.

553 2909 3790 2962 Ἢ

1441 3025 2091 3242 CHARTA
2149 3117 2896 3247 GUIDONIS

1756 3351 2066 3408 EPISCOPI
2106 3353 2573 3410 AMBIANENSIS

1302 3519 1756 3601 ABBATL’E
1820 3521 2425 3601 CORBEIENSI
2501 3523 3036 3604 CONCESSA.

1978 3697 2138 3751 Anno
2168 3696 2326 3752 l066.

1588 3851 1766 3922 (Actes
1794 3851 1858 3906 de
1885 3851 1940 3906 la
1962 3869 2107 3922 prov.
2138 3852 2349 3917 ecclés.,
2376 3861 2503 3918 etc.,
2532 3849 2596 3917 ll,
2623 3850 2734 3919 78.)

597 4152 791 4222 leino,
843 4155 1040 4210 divina:
1069 4155 1424 4227 providentiae
1453 4158 1739 4214 clementia
1782 4158 2114 4214 Amliianen-
2141 4164 2182 4222 C
2215 4169 2358 4226 tam,
2391 4161 2738 4216 dilectionem
2777 4167 3013 4215 vestram
3060 4175 3387 4231 cognoscere
3439 4161 3693 4217 volumus
3740 4162 3791 4216 in

527 4245 605 4302 sis
649 4247 963 4318 episcopus,
992 4249 1248 4303 omnibus
1277 4249 1330 4302 in
1365 4249 1585 4305 Christo
1615 4252 1948 4321 regeneratis
1994 4261 2107 4306 tam

525 4340 781 4410 praesenti
835 4355 967 4394 aura
1033 4339 1340 4396 fruentibus
1394 4358 1560 4411 quam
1631 4343 2003 4410 successuris,
2054 4345 2110 4398 in

491 4423 498 4431 ’
531 4445 750 4484 summo
783 4430 977 4500 opiliee
1003 4429 1392 4500 perfectionem
1415 4441 1470 4486 et
1500 4432 1693 4486 salutis
1720 4444 1935 4488 (eterna:
1957 4434 2114 4488 retri-

531 4519 834 4575 butionem.
863 4545 868 4550 -

602 4609 740 4665 Cum
770 4611 1007 4667 caelestis
1036 4613 1224 4684 gratia:
1261 4615 1434 4684 pietas
1470 4616 1535 4670 ad
1577 4615 1683 4670 hoc
1717 4614 1900 4685 operis
1927 4615 2111 4669 humi—

526 4703 734 4758 litatem
765 4712 1010 4759 nostram
1057 4706 1352 4774 pontificali
1397 4707 1661 4777 dignitate
1715 4707 2111 4772 sublimaverit,

526 4801 674 4852 ut'ea
701 4812 823 4866 qua:
855 4797 1061 4852 sanctis
1088 4796 1345 4853 Patribus
1392 4799 1629 4854 stabilita
1655 4815 1778 4856 esse
1816 4799 2108 4870 cognosci-

528 4904 674 4954 mus,
706 4904 816 4943 non
852 4889 1028 4942 solum
1067 4904 1176 4942 non
1224 4889 1521 4956 inﬁrmare,
1547 4907 1736 4946 verum
1771 4892 1936 4946 etiam
1975 4909 2108 4949 auc-

524 4982 746 5037 toritate
775 4982 929 5037 nobis
951 4983 1149 5037 collata
1180 4981 1396 5037 sancire
1420 4984 1735 5047 debeamus.
1760 5001 2108 5055 summopere

526 5089 628 5118 nne
661 5083 907 5118 estnam-9
931 5083 1143 5118 nnm'lpt
1197 5083 1256 5118 nt.
1301 5075 1544 5118 vastioiie
1573 5090 1762 5118 parum
1795 5077 1934 5118 hnna
1983 5078 2108 5118 imi-

2219 4257 2484 4318 quantum
2513 4258 2566 4304 et
2595 4265 2696 4304 nos
2729 4249 2901 4320 ipsius
2931 4249 3174 4305 ecclesia:
3208 4248 3495 4306 facultates
3535 4267 3635 4321 pro
3672 4268 3791 4306 mo-

2217 4341 2347 4395 dulo
2377 4351 2579 4396 nostrae
2605 4341 2890 4411 parvitatis
2917 4351 3353 4412 augmentamus.
3407 4341 3577 4398 Fulco
3630 4344 3792 4412 igitur

2217 4433 2481 4502 prmlibati
2541 4432 2856 4486 monasterii
2907 4432 3074 4486 abbas
3117 4433 3494 4502 paternitatem
3549 4442 3790 4487 nostram

2218 4533 2508 4578 mansueto
2536 4523 2729 4578 affectu
2773 4523 2926 4589 adiit,
2974 4532 3136 4593 atque
3165 4524 3374 4578 ardenti
3412 4525 3680 4579 eliaritate
3699 4540 3791 4578 cx-

2216 4624 2406 4670 oratus
2432 4614 2553 4680 fuit,
2567 4623 2836 4684 quatenus
2856 4614 3024 4668 altare
3041 4615 3144 4669 vici
3158 4615 3250 4684 qui
3271 4615 3471 4669 dicitur
3495 4614 3789 4669 Ciriciacus

2219 4707 2237 4778 (
2253 4707 2602 4776 Querrieux),
2633 4704 2903 4760 exteriora
2930 4705 3074 4761 enim
3105 4706 3206 4760 loci
3230 4706 3348 4775 ejus
3374 4705 3636 4760 beneﬁcia
3665 4720 3789 4774 pos.

2217 4797 2447 4861 sidebat,
2486 4795 2723 4866 praafata:
2758 4795 3001 4850 ecclesiae
3027 4793 3400 4849 conferremus
3427 4803 3483 4849 et
3510 4795 3582 4849 ob
3617 4793 3788 4847 indul-

2215 4885 2450 4954 gentiam
2482 4895 2681 4940 nostra:
2695 4885 3142 4955 transgressionis
3164 4885 3606 4939 concederemus.
3623 4883 3788 4954 Cujus

2215 4974 2674 5044 postulationibus
2739 4989 2965 5029 assensu
3010 4972 3234 5028 Roberti
3282 4973 3652 5028 archidiaconi
3697 4987 3785 5026 ae-

2213 5064 2494 5118 auiescere
2514 5063 2854 5118 decrevimus
2902 5064 2976 5118 ita
3007 5072 3189 5117 tamen
3221 5073 3283 5118 ut
3307 5063 3440 5117 illud
3474 5063 3650 5117 altare
3684 5062 3785 5116 duo
