4118 6466
488 429 560 493 11
1693 439 2114 501 NICEI‘HORI
2147 442 2237 503 CA
2255 444 2502 506 LL-ISTI
3680 440 3746 506 12

498 541 721 612 piicata,
768 540 1012 598 breviter
1062 544 1329 614 repetitis,
1371 560 1491 613 quae
1530 556 1841 617 sequuntur
1890 549 2052 604 fusius

2173 551 2400 624 πρώτην
2446 553 2841 626 οίκουμενικὴν
2885 553 3134 608 σύνοδον·
3168 555 3265 625 τήν
3313 571 3372 607 τε
3427 554 3600 624 φορὰν
3634 552 3745 606 τῶν

493 636 1105 691 commemorabimus:
1149 654 1236 694 res
1285 641 1499 695 scilicet
1556 642 1865 712 impiissimi
1912 644 2061 708 Arii,

490 725 834 796 primamque
867 727 1264 784 ecumenicam
1300 738 1355 785 et
1391 732 1754 786 ttnivcrsalem
1784 733 2060 789 Nicaanam

491 818 799 889 synodum;
839 829 892 873 et
931 820 1181 888 uberem,
1213 824 1306 893 qui
1340 831 1453 878 tum
1486 823 1812 890 floruerunt,
1844 826 2063 882 divino-

488 926 613 964 rum
642 913 886 966 virorum
918 922 1284 983 proventum;
1317 931 1438 985 qum
1466 925 1679 987 gentes,
1707 926 1760 971 et
1786 918 2063 988 quomodo

487 1002 890 1072 professionem
938 1005 1063 1061 fidei
1095 1017 1300 1064 nostrae
1334 1012 1707 1079 susceperint,
1735 1012 2060 1068 Arianorum

487 1105 614 1163 post
640 1097 908 1168 synodum
939 1099 1291 1169 improbitate
1317 1102 1555 1172 reiecta;
1588 1118 1709 1172 qua:
1732 1102 2059 1172 Antiochiae,

488 1187 839 1259 Tyri,/E|i:e,
881 1190 1225 1247 Alexandriae
1265 1199 1323 1246 et
1355 1192 1835 1264 Constantinopoli
1870 1205 2062 1251 contra

488 1278 836 1336 Eustathium
860 1292 916 1337 et
938 1281 1296 1338 Athanasium
1336 1300 1479 1338 verte
1504 1284 1728 1355 pictatis
1760 1287 2063 1341 illustrato-

487 1387 603 1425 rem
642 1381 763 1427 acta
805 1373 936 1429 sint.
984 1374 1254 1445 Deinceps
1298 1376 1367 1432 de
1413 1378 1579 1433 rebus
1614 1379 1785 1435 beatae
1818 1378 2057 1445 Helena),

485 1466 763 1534 quomodo
780 1482 842 1521 ea
860 1465 1250 1539 Hierosolymis
1264 1472 1561 1540 pretiosam
1579 1472 2061 1542 venerandamque

488 1557 705 1612 Domini
755 1573 977 1613 crucem
1036 1560 1333 1627 invenerit,
1386 1560 1586 1631 quibus
1623 1563 1789 1617 rebus
1830 1562 1906 1616 ibi
1946 1562 2062 1632 pul-

485 1649 762 1704 cherrime
791 1658 1143 1705 sacrosancta
1177 1650 1482 1707 excoluerit
1515 1655 1656 1720 loca,
1687 1632 1745 1707 et
1782 1653 2058 1723 quomodo

487 1739 705 1794 tandem
737 1740 881 1796 diem
913 1757 1073 1796 suum
1105 1743 1328 1799 obierit.
1361 1743 1529 1798 Multa
1560 1753 1826 1813 pra-terea
1850 1745 2057 1799 alicubi

485 1833 826 1901 inserentur,
858 1836 1120 1893 videlicet
1152 1838 1221 1892 de
1250 1838 1565 1903 Melitianis,
1599 1848 1711 1893 tum
1746 1838 1815 1895 de
1840 1838 2059 1895 Asteria

2169 644 2478 714 τηνικαῦτα
2532 646 2959 716 διαλαμψάντων
3014 647 3174 701 θείων
3218 647 3452 717 ἀνδρῶν,
3498 647 3593 700 καὶ
3645 647 3747 699 ὅσα

2167 736 2277 790 τῶν
2328 737 2496 791 ἐθνῶν
2530 738 2624 791 καὶ
2670 737 2819 801 ὅπως
2850 738 2950 809 τὴν
2996 738 3274 809 ἡμετέραν
3327 738 3510 791 πίστιν
3560 738 3749 808 ἠσπά-

2169 847 2332 884 σαντο
2350 847 2366 862 ·
2392 828 2490 902 τὴν
2521 831 2661 901 μετὰ
2685 830 2784 902 τὴν
2811 830 3028 884 σύνοδον
3060 830 3169 885 τῶν
3204 831 3260 885 ’Δ
3274 830 3501 901 ρειανῶν
3523 833 3752 898 δυστρα-

2166 920 2334 974 πίανο
2388 923 2487 976 ὅσα
2533 941 2594 976 τε
2647 924 2703 976 ὲν
2748 924 3070 997 Ἀντιοχείᾳ,
3113 923 3277 995 Τύρῳ
3325 942 3385 977 τε
3423 925 3516 978 καὶ
3565 924 3746 995 Ama,

2178 1011 2559 1083 Ἀλεξανδρείᾳ
2589 1031 2649 1066 τε
2681 1016 2778 1068 καὶ
2803 1017 2869 1083 τῇ
2903 1016 3315 1068 Κωνσταντίνου
3346 1016 3483 1087 αὐτῇ
3513 1015 3748 1085 διεπρά-

2166 1103 2515 1169 ξαντοικατά
2543 1123 2600 1158 τε
2651 1107 2953 1160 Εὐσταθίου
2990 1112 3085 1161 καὶ
3136 1107 3461 1163 Ἀθανασίου
3509 1107 3602 1160 τοῦ
3646 1107 3747 1177 τῆς

2162 1196 2448 1260 εὐσεϐείας
2477 1197 2826 1269 λαμπτῆρος.
2874 1196 3007 1253 Εἶτα
3037 1200 3103 1254 τὰ
3147 1201 3288 1252 κατὰ
3330 1200 3430 1270 τὴν
3465 1199 3746 1270 μακαρίαν

2174 1288 2419 1359 Ἑλένην,
2460 1289 2535 1353 ὡς
2578 1294 2658 1353 είς
2700 1291 3057 1362 Ἰεροσόλυμα
3098 1293 3396 1363 γενομένη,
3434 1293 3527 1347 τὸν
3561 1294 3745 1363 τίμιον

2161 1379 2357 1450 ἀνεῦρε
2390 1381 2484 1433 τοῦ
2538 1383 2748 1451 Κυρίου
2799 1385 3062 1454 σταυρόν·
3112 1385 3259 1448 ὅσοις
3297 1401 3355 1437 τε
3387 1384 3577 1448 καλοῖς
3616 1374 3746 1448 τοὺς

2162 1472 2340 1538 θείους
2370 1473 2614 1536 ἐκείνους
2651 1477 2918 1545 ἐσέμνυνε
2945 1478 3175 1540 ron-ou;-
3218 1478 3313 1531 καὶ
3351 1478 3450 1545 οἴῳ
3478 1477 3622 1530 τέλει
3650 1476 3745 1529 καὶ

2162 1565 2297 1638 αὐτὴ
2329 1568 2620 1638 ἐχρήσατο.
2657 1571 2834 1624 Πολλὰ
2867 1570 2925 1624 δὲ
2972 1571 3070 1625 καὶ
3115 1571 3281 1642 ἔτερα
3319 1574 3375 1624 ὲν
3423 1571 3502 1640 τῷ
3536 1568 3744 1641 μεταξὺ

2160 1657 2480 1728 διαλήψεται
2511 1662 2642 1735 περί
2674 1680 2734 1716 τε
2761 1662 2872 1718 τῶν
2906 1662 3270 1730 Μελιτιανῶν,
3318 1663 3608 1732 Ἀστερίου
3661 1676 3741 1724 τε,

2161 1753 2257 1805 καὶ
2285 1754 2635 1824 Μαρκέλλου,
2670 1756 3162 1811 καὶ³Ναυατιανῶν
3182 1775 3197 1789 ο
3228 1758 3323 1809 καὶ
3349 1756 3424 1819 ὡς
3474 1757 3549 1807 διε
3558 1756 3744 1827 ρῤάγη

2164 1844 2408 1916 Ἄρειος,
2455 1847 2723 1918 πρότερον
2757 1847 3004 1903 λίόελλον
3054 1849 3216 1918 δῆθεν
3256 1847 3541 1910 εὐσεϐείας
3576 1844 3739 1908 ⁸δούς.

482 1936 540 1982 et
588 1925 879 1992 Marcello,
932 1931 996 1985 de
1050 1930 1404 1997 Novatianis;
1455 1940 1514 1985 et
1565 1931 1842 2001 quomodo
1895 1932 2052 1988 Arius

2177 1939 2301 1992 Ἐπὶ
2329 1938 2386 1991 δὲ
2425 1941 2561 1993 πᾶσι
2603 1940 2818 2003 τούτοις
2849 1941 2980 2010 περὶ
3024 1940 3119 1993 τοῦ
3171 1939 3515 2011 μακαριστοῦ
3551 1938 3742 2000 τέλους

484 2020 787 2087 crepuerit,
823 2020 1009 2076 libello
1051 2020 1206 2092 prius
1250 2021 1484 2077 verioris
1526 2021 1748 2092 pietatis
1787 2023 2057 2078 exhibito.

481 2109 613 2165 Post
645 2111 760 2166 haec
792 2113 975 2168 omnia
1021 2114 1394 2169 felicissimam
1433 2114 1779 2170 Constantini
1827 2126 2058 2171 mortem

480 2205 909 2277 magniﬁcasque
958 2216 1015 2263 et
1064 2209 1157 2262 tali
1201 2208 1452 2279 principe
1501 2208 1696 2280 dignas
1740 2211 2057 2280 exsequias,

480 2299 575 2369 qui
601 2299 891 2356 innumera
920 2301 1122 2357 deinde
1146 2302 1410 2358 miracula
1438 2311 1493 2357 et
1519 2302 1771 2373 prodigia
1799 2302 2057 2370 ediderit,

480 2387 804 2444 referemus.
860 2388 1121 2446 Sedenim
1180 2406 1403 2446 manum
1456 2392 1609 2461 operi
1664 2392 2022 2449 admoventes

483 2481 769 2535 commode
804 2479 856 2535 id
888 2481 981 2535 tali
1015 2481 1174 2537 initio
1202 2482 1506 2538 ordiemur.

1098 2593 1327 2651 CAPUT
1365 2594 1434 2650 ιι.

478 2684 661 2741 Brevis
704 2687 1132 2760 commemoratio
1169 2704 1346 2742 rerum
1379 2689 1632 2760 apostolis
1671 2690 1894 2757 aqualis
1921 2692 2059 2748 Con-

547 2757 793 2881 :tantini,
832 2773 864 2810 a
912 2757 1187 2813 nativitate
1230 2760 1343 2829 ejus
1381 2757 1543 2831 usque
1599 2760 1669 2814 ad
1708 2763 1916 2832 imperii
1963 2763 2061 2818 ini-

570 2843 703 2881 tum.

545 2940 685 2996 Divo
717 2940 1083 2998 Constantino
1119 2951 1280 3014 pater
1328 2942 1429 2999 fuit
1460 2942 1754 3013 Constans,
1789 2946 1878 3001 cui
1923 2948 2058 3003 Pro-

476 3035 591 3090 ceri
639 3033 741 3107 (t),
794 3034 865 3091 ab
908 3035 1186 3106 aliquibus
1238 3037 1405 3091 etiam
1441 3036 1630 3092 Chlori
1684 3053 1783 3094 seu
1816 3036 2057 3096 Vlrentis

476 3144 783 3199 cognomen
844 3129 1188 3199 impositum.
1238 3129 1447 3185 lllustri
1497 3131 1544 3185 is
1588 3130 1886 3186 admodum
1932 3132 2056 3189 loco

2162 2031 2485 2102 διαλήψεται
2532 2034 2985 2087 Κιονσταντὶνοψ
3033 2034 3125 2086 καὶ
3155 2034 3231 2096 ὡς
3278 2031 3596 2101 περιφανῶς
3640 2029 3739 2098 τῆς

2163 2113 2476 2195 ἀνηκούσης
2510 2125 2736 2197 κηδείας
2764 2126 3055 2197 τετύχηκε,
3080 2126 3381 2195 θαυμάτων
3403 2126 3496 2178 καὶ
3528 2124 3742 2193 μυρίων

2160 2221 2404 2287 τεράτων
2435 2220 2730 2289 γενόμενος
2763 2220 3093 2292 αὐτουργός.
3125 2220 3297 2289 Χεῖρα
3336 2219 3380 2270 δ’
3431 2215 3742 2292 emanant.

2160 2282 2238 2381 ij
2266 2282 2722 2382 ἔργῳίὲντεῦθεν
2753 2282 3054 2384 ποιήσομαι
3086 2311 3185 2385 τὴν
3219 2282 3420 2384 άρχήν.
3664 2282 3695 2311 .

2758 2593 3015 2648 ΚΕΦΔΛ.
3066 2589 3146 2646 B'.

2172 2685 2460 2757 Ἐπιτομὴ
2488 2685 2611 2741 τῶν
2637 2686 2791 2741 κατὰ
2820 2686 2929 2742 τὸν
2968 2687 3385 2757 ισαπόστονιον
3404 2689 3742 2757 ῌΚωνιζταν-

2232 2752 2400 2896 Eia-air
2424 2752 2838 2829 γεγενημένων
2874 2758 2995 2812 ἀπὸ
3044 2756 3344 2827 γενέσεως
3394 2755 3506 2825 ἕως
3534 2752 3606 2813 οὗ
3636 2756 3743 2825 dp-

2271 2846 2416 2885 ειεν.

2228 2946 2320 3016 Τῷ
2374 2944 2504 3017 θείῳ
2554 2942 2963 3012 Κωνσταντίνῳ
3007 2943 3194 3013 πατὴρ
3251 2943 3519 3006 Κώνστας
3555 2939 3646 3016 ἦν,
3696 2937 3745 3011 ᾧ

2157 3040 2519 3111 Πανύπερτος
2557 3039 2872 3107 ἐπώνυμον,
2908 3038 3049 3107 πρός
3081 3052 3247 3089 τινων
3292 3036 3352 3089 δὲ
3384 3037 3480 3089 καὶ
3510 3037 3744 3108 Χλωρὸς

2157 3132 2581 3204 κατωνόμαστο.
2623 3125 2793 3193 Οὗτος
2818 3131 2926 3184 τῶν
2951 3127 3013 3183 εὖ
3045 3129 3356 3199 γεγονότων
3388 3128 3488 3196 ὢν,
3522 3131 3606 3195 εἰς
3641 3130 3742 3201 βα-

474 3232 676 3282 natus,
732 3234 906 3289 genus
956 3220 1024 3274 ad
1074 3221 1470 3291 imperatorum
1525 3222 1788 3278 familiam
1846 3225 2052 3279 retulit.

2163 3229 2371 3284 σιλείαν
2402 3226 2463 3280 τὸ
2489 3225 2646 3293 γένος
2692 3224 2949 3294 ἀνέφερε.
2988 3224 3264 3278 Κλαυδίου
3294 3224 3389 3278 καὶ
3425 3224 3540 3296 γὰρ
3575 3225 3742 3294 θυγα-

474 3311 690 3366 Claudii
734 3312 908 3378 enim,
947 3312 1041 3382 qui
1089 3324 1219 3368 ante
1263 3314 1661 3370 Diocletianum
1705 3327 1762 3370 et
1809 3318 2052 3372 Aurelia-

475 3420 606 3459 num
664 3405 844 3476 ipsutn
905 3405 1091 3461 Romae
1142 3406 1463 3477 imperavit,
1510 3423 1576 3463 ex
1627 3409 1736 3462 ﬁlia
1791 3419 2045 3480 nepotem

474 3496 645 3551 fuisse
674 3505 907 3551 constat.
946 3497 1309 3567 Posteaquam
1338 3507 1522 3553 autem
1550 3499 1754 3567 Persae,
1787 3499 2049 3556 Sarmatae

472 3599 531 3643 et
578 3590 808 3660 insuper
852 3590 1061 3656 Parthi,
1100 3591 1350 3645 Varacbo
1400 3590 1735 3654 concitante,
1783 3592 2048 3645 adversus

473 3679 754 3735 Romanos
786 3680 991 3736 bellum
1039 3697 1262 3737 movere
1299 3699 1312 3735 :
1357 3682 1753 3749 Diocletianus,
1787 3685 1881 3754 qui
1934 3695 2046 3739 tum

473 3772 768 3841 imperium
801 3773 1109 3835 obtinebat,
1144 3772 1501 3829 Constantem
1544 3785 1819 3830 oratorem
1864 3776 1940 3848 (Ξ)
1981 3777 2046 3830 ad

474 3863 744 3918 Barbaros
782 3864 1180 3935 componendae
1212 3865 1364 3935 pacis
1411 3866 1586 3936 gratia
1636 3868 1806 3922 misit.
1850 3866 1948 3921 llic
1979 3884 2047 3922 ex

471 3954 923 4010 Occidentalibus
977 3954 1031 4008 in
1076 3953 1357 4009 Orientem
1408 3954 1723 4024 profectus,
1773 3954 1934 4024 530
1977 3954 2045 4008 ad

471 4048 651 4105 locum
678 4046 766 4101 cui
799 4045 1035 4116 Drepani
1063 4058 1263 4099 nomen
1291 4054 1427 4111 erat,
1453 4045 1688 4116 appulit.
1715 4046 1793 4100 ibi
1822 4047 2046 4116 hospes,

471 4142 770 4197 comitatus
803 4139 922 4210 ejus
949 4147 1007 4193 et
1036 4137 1285 4192 cohortis
1318 4137 1482 4206 regias
1512 4137 1805 4207 splendore
1831 4145 2046 4208 captus,

470 4233 639 4287 ﬁliam
673 4233 721 4286 ci
756 4245 911 4286 suam
946 4230 1130 4285 vivida
1166 4240 1223 4284 et
1254 4230 1426 4284 nubili
1461 4230 1572 4301 jam
1609 4238 1769 4285 atate
1811 4230 2046 4299 puellam

474 4325 720 4396 sulijicit.
766 4324 1062 4385 Constans,
1105 4323 1311 4377 amoris
1357 4322 1792 4392 concubitusque
1841 4337 2048 4377 mereeo

472 4421 623 4481 dem,
658 4416 886 4486 pallium
923 4414 1171 4482 mulieri,
1207 4414 1356 4485 regia
1387 4429 1647 4485 purpura.
1664 4415 1933 4469 intextum
1967 4422 2049 4467 at-

471 4526 579 4581 que
611 4517 961 4575 exornatum,
988 4509 1191 4575 donat;
1222 4517 1275 4562 et
1307 4509 1502 4578 puclla:
1531 4516 1765 4578 patrem,
1786 4507 1931 4577 quod
1959 4507 2049 4560 illa

2154 3322 2371 3396 τριδοῦς
2400 3319 2733 3389 ὲγνωρίζετο
2758 3333 2770 3346 ·
2806 3316 2865 3380 ὃς
2899 3316 3069 3388 πρινὴ
3101 3317 3493 3387 Διοκλητιανὺν
3524 3317 3742 3372 καὶτὸν

2153 3416 2261 3487 πρὸ
2295 3410 2463 3467 αὐτοῦ
2514 3410 2792 3479 Αύρὴλιον
2831 3410 2913 3472 είς
2946 3409 3046 3481 τὴν
3096 3408 3273 3479 ἀρχὴν
3319 3408 3606 3480 παριέναι,
3640 3408 3739 3479 τὴν

2152 3503 2435 3575 βασιλείαν
2468 3502 2526 3554 ὲν
2570 3499 2763 3571 Ῥώμῃ
2787 3499 3019 3553 διεῖπεν.
3065 3498 3219 3551 Ἐπεὶ
3242 3498 3299 3550 δὲ
3330 3499 3572 3568 Πέρσαι,
3600 3500 3741 3568 Σαρ⁴

2156 3595 2325 3666 μάται
2373 3593 2424 3647 δ’
2456 3591 2551 3645 ἐπὶ
2588 3591 2806 3655 τούτοις
2856 3592 2954 3645 καὶ
3000 3589 3210 3661 Πάρθοι
3260 3592 3403 3646 κατὰ
3441 3592 3740 3665 Ῥωμαίων

2155 3687 2463 3756 κεκίνηντο,
2518 3684 2809 3755 Οὖαράχου
2851 3683 3051 3745 αὐτοὺς
3102 3681 3467 3753 ἐρεθίζοντος,
3507 3684 3742 3755 Διοκλη-

2152 3779 2332 3839 τιανὸς
2364 3775 2409 3829 δ’
2439 3771 2509 3846 ἦν
2539 3773 2849 3844 τηνικαῦτα
2882 3774 2952 3827 τὰ
3005 3772 3291 3844 Ῥωμαίων
3332 3775 3596 3848 σκῆπτρα
3624 3776 3740 3830 δια-

2148 3872 2405 3941 χειρίζων
2432 3885 2448 3900 ’
2486 3868 2721 3939 πρέσϐιν
2765 3868 2860 3920 τὸν
2894 3865 3236 3921 Κώνσταντα
3266 3865 3486 3937 ἔπεμπε
3535 3869 3634 3940 τὴν
3656 3870 3736 3922 el-

2151 3962 2325 4030 ρήνην
2378 3957 2888 4026 καταστησόμενον.
2955 3955 3047 4019 Ἐξ
3102 3955 3378 4028 Ἐσπέρας
3421 3957 3467 4010 δ’
3528 3960 3588 4023 ἐς
3632 3958 3734 4029 τὴν

2152 4051 2266 4103 Ἕω
2310 4050 2626 4118 γενόμενος,
2662 4047 2759 4099 ἐπὶ
2808 4047 3014 4117 χῶρον,
3039 4047 3097 4110 ὃς
3129 4048 3409 4119 Δρέπανον
3457 4051 3729 4115 ἐκαλεῖτο,

2150 4144 2512 4211 κατασκηνοῖ.
2569 4138 2826 4194 Ἑνταῦθ⁹
2860 4142 2888 4193 ὁ
2926 4138 3150 4209 ξεναγὸς
3192 4142 3293 4209 τὴν
3330 4142 3619 4216 βασιλικὴν
3645 4144 3733 4196 Eo-

2152 4233 2420 4304 ρυφορίαν
2464 4230 2610 4298 ἰδὼν,
2642 4231 2942 4285 ὑποϐάλλει
2994 4232 3147 4300 αὐτῷ
3180 4233 3242 4286 τὸ
3282 4233 3597 4305 θυγάτριον,
3636 4236 3736 4290 ἀκ-

2152 4326 2326 4397 μάζον
2354 4326 2450 4380 καὶ
2490 4324 2641 4395 ὥραν
2693 4325 2794 4396 ἤδη
2843 4326 3026 4394 γάμου
3072 4324 3541 4395 προϐεϐλημένον.
3572 4327 3733 4380 Κών-

2152 4436 2280 4482 στας
2305 4418 2363 4473 δὲ
2397 4417 2590 4490 μισθὸν
2618 4418 2730 4471 τῶν
2759 4417 3000 4488 φίλτρων
3028 4417 3198 4470 ἐδίδου
3254 4417 3459 4471 πέπλον
3489 4437 3543 4472 τι
3580 4418 3736 4490 βασι⁴

2151 4513 2277 4583 λικῇ
2312 4512 2570 4582 πορφύρᾳ
2627 4510 3038 4580 διηνθισμένον·
3095 4510 3391 4580 φυλάττειν
3430 4512 3485 4564 δὲ
3534 4513 3631 4567 καὶ
3674 4515 3734 4565 τὸ

510 4613 829 4657 rocreatura
889 4611 1060 4665 esset,
1107 4600 1298 4655 tollere
1359 4610 1525 4670 atque
1577 4600 1815 4654 educare
1860 4598 2047 4669 jubet;

2157 4602 2347 4674 τεχθὲν
2376 4603 2679 4673 παρηγγύα
2712 4602 2787 4673 τῷ
2811 4602 2912 4672 τῆς
2935 4602 3106 4673 κόρης
3157 4605 3328 4674 πατρί
3358 4618 3374 4635 ’
3407 4607 3595 4659 καινὸν
3622 4605 3733 4675 γάρ

493 4707 675 4746 novum
705 4692 760 4747 id
789 4702 845 4747 et
875 4692 1259 4747 admirandum
1287 4692 1546 4762 quiddam
1574 4691 1691 4746 fore
1721 4689 2043 4755 arbitratus,

489 4801 536 4837 εκ
588 4800 655 4840 eo
705 4786 853 4855 quod
903 4799 1030 4839 cum
1069 4784 1251 4854 puclla
1296 4784 1598 4851 dormiens,
1641 4782 1696 4836 in
1740 4781 2046 4843 occidente,

484 4880 676 4933 :ireum
719 4878 897 4948 ipsum
943 4876 1169 4943 lectum,
1212 4876 1385 4930 solem
1430 4876 1840 4930 illucescentem
1874 4889 1934 4929 se
1970 4873 2050 4926 vi-

487 4972 620 5025 iisse
668 4970 723 5024 in
771 4968 1051 5034 cubiculo,
1092 4968 1252 5025 dixit.
1303 4967 1575 5024 Caeterum
1624 4968 1899 5059 legatione
1947 4981 2046 5020 sua

484 5068 575 5118 -'.te
614 5063 930 5131 defunctus,
967 5063 1192 5119 domum
1228 5064 1414 5126 rediit.
1444 5063 1631 5133 ibique
1666 5064 1797 5132 egit.
1834 5060 2048 5116 Interea

483 5156 870 5222 Jioclctianus,
908 5164 1199 5227 postquam
1252 5155 1320 5210 ad
1371 5155 1661 5225 imperium
1702 5162 2047 5224 pervenerat,

486 5258 666 5316 guarto
710 5246 1215 5303 administrationis
1261 5248 1381 5318 ejus
1427 5261 1610 5312 anno,
1658 5244 2045 5299 Maximianum

484 5341 792 5395 Ilerculium
824 5340 1034 5396 socium
1061 5339 1165 5394 sibi
1194 5338 1411 5409 imperii
1443 5339 1735 5392 asciverat.
1770 5336 2047 5391 Constans

478 5449 602 5487 tero
648 5441 703 5486 et
741 5432 1073 5487 Maximinus
1112 5432 1391 5487 Gallerius
1421 5430 1700 5486 Caesarum
1736 5429 2047 5500 insignibus

473 5524 714 5580 decorati
752 5534 900 5580 sunt.
947 5525 1218 5581 Maximus
1251 5525 1474 5594 quidem
1509 5522 1802 5578 Galleriam
1838 5522 2048 5575 Diocleo

472 5618 631 5684 ii-mi,
655 5616 932 5673 Constans
962 5632 1097 5674 vero
1122 5616 1395 5673 Procerus
1423 5615 1769 5670 Theodoram
1806 5611 2045 5668 Herculii

542 5755 621 5823 (Ι)
662 5754 770 5825 Alii
814 5772 877 5809 ex
934 5755 1042 5810 filia
1078 5754 1277 5825 Crispi,
1324 5756 1414 5825 qui
1464 5750 1568 5809 fuit
1614 5754 1781 5809 frater
1811 5753 2045 5821 Claudii,

472 5835 633 5896 patro
661 5824 929 5896 Eutropio
959 5824 1215 5894 genitum
1249 5824 1490 5881 tradunt.

548 5894 628 5966 (‘2)
658 5912 677 5946 ι
716 5895 991 5951 Constans
1023 5898 1204 5951 dicere
1257 5898 1449 5952 solitus
1481 5896 1602 5965 fuit,
1637 5911 1769 5967 opes
1799 5896 2048 5967 publicas

2150 4712 2206 4748 τι
2244 4694 2466 4747 ἔσεσθαι
2521 4696 2781 4760 ὑπενόει,
2831 4688 2912 4757 οἷς
2955 4695 3342 4763 συγκαθεύδων
3394 4701 3460 4769 τῇ
3514 4699 3734 4767 γυναικὶ

2151 4788 2294 4839 κατὰ
2325 4787 2423 4857 τὴν
2460 4785 2726 4857 ἑσπέραν,
2755 4788 2887 4855 περὶ
2919 4786 3020 4858 τὴν
3055 4788 3219 4858 εὐνὴν
3257 4789 3446 4857 ἔλεγεν
3484 4790 3615 4842 ἰδεῖν
3644 4789 3733 4841 ἕν-

2150 4867 2239 4931 δον
2271 4878 2618 4949 περιλάμψαι
2647 4879 2740 4931 τὸν
2787 4879 2960 4950 ἥλιον.
2994 4880 3103 4933 Καὶ
3136 4883 3164 4934 ὁ
3195 4880 3298 4950 μὲν
3321 4881 3390 4933 τὰ
3432 4882 3533 4950 τῆς
3564 4897 3732 4951 πρεσ-

2152 4970 2304 5033 ϐείας
2332 4971 2514 5035 καλῶς
2545 4971 2865 5041 διαθέμενος
2898 4974 2993 5026 καὶ
3032 4973 3345 5043 ἐπανήκων,
3380 4974 3518 5027 οἴκοι
3546 4974 3727 5044 διῆγε.

2151 5064 2346 5134 Χρόνῳ
2407 5063 2464 5117 δὲ
2508 5064 2588 5132 τῷ
2645 5066 2796 5136 μέσῳ
2840 5065 3226 5135 Διοκλητιανὸς
3263 5067 3344 5129 είς
3398 5065 3495 5136 τὴν
3552 5065 3732 5137 ἀρχὴν

2153 5155 2464 5227 παρελθὼν,
2511 5156 2591 5227 τῷ
2621 5158 2868 5229 τετάρτῳ
2905 5160 3008 5229 τῆς
3039 5158 3337 5228 ἡγεμονίας
3387 5158 3517 5224 ἔτει,
3558 5155 3733 5218 Magr-

2154 5248 2347 5318 μιανον
2386 5248 2479 5301 τὸν
2521 5248 2872 5317 Ἐρκούλλιον
2922 5248 3220 5318 συνάρχειν
3274 5249 3536 5321 αἱρεῖται.
3576 5246 3732 5300 Κών-

2154 5360 2284 5406 στας
2314 5343 2371 5396 δὲ
2394 5345 2489 5398 καὶ
2518 5344 2828 5412 Μαξιμῖνος
2850 5346 2878 5397 ὁ
2902 5343 3194 5414 Γαλλέριος
3219 5345 3338 5406 ταῖς
3362 5334 3754 5411 ΚαισαρικαῖςΔ

2151 5436 2386 5498 ταινίαις
2420 5435 2869 5505 άναγορεύονται,
2895 5437 2922 5489 ὁ
2956 5436 3055 5507 μὲν
3094 5434 3190 5505 τὴν
3219 5431 3606 5503 Διοκλητιανοῦ
3636 5430 3731 5482 θύ-

2153 5546 2332 5599 γατρα
2361 5530 2573 5600 γήμας,
2607 5532 2634 5582 ὁ
2665 5529 2991 5599 Μαξιμῖνος,
3020 5527 3321 5598 Γαλλερίαν
3347 5527 3544 5595 ὄνομα,
3576 5522 3728 5575 Κών-

2156 5638 2284 5683 στας
2319 5622 2375 5674 δὲ
2413 5626 2439 5674 ὁ
2480 5623 2835 5695 Πανύπερτος
2886 5621 3170 5690 Θεοδὼραν
3199 5620 3297 5692 τὴν
3333 5617 3428 5674 τοῦ
3475 5612 3729 5687 Ἐρκουλ-

2157 5757 2354 5812 melius
2412 5774 2441 5811 ιι
2501 5758 2741 5827 privatis.
2780 5758 3032 5828 pluribus
3081 5755 3309 5821 haberi,
3358 5767 3521 5828 quam
3576 5748 3723 5802 intra

2158 5844 2321 5881 unum
2362 5825 2629 5898 principis
2658 5825 2955 5883 claustrum
3001 5829 3290 5883 reservari.
3341 5845 3359 5877 ι
3397 5825 3624 5887 Eutrop.
