4118 6464
487 469 557 536 15
1086 578 1311 636 CAPUT
1365 579 1454 633 Ill.

488 678 552 731 Ut
606 675 981 729 Constantinus
1013 679 1267 733 tyrannos
1336 669 1534 733 vicerit,
1592 677 1639 721 et
1693 666 2057 722 Christianam

899 740 1173 810 amplexus
1201 743 1268 795 sit
1299 740 1627 810 religionem.

554 859 930 915 Diocletianus
962 865 1145 911 autem
1173 864 1228 908 et
1255 852 1640 916 Maximianus,
1668 851 1865 923 viginti
1897 849 2058 905 annis

482 955 539 1007 in
572 950 803 1019 imperio
845 945 1287 1001 administrando
1330 945 1647 1014 completis,
1682 955 1905 1012 propter
1933 957 2058 997 cer-

484 1055 567 1095 tas
600 1054 815 1103 causas,
845 1053 901 1095 et
941 1037 1087 1105 quod
1121 1037 1255 1090 dura
1290 1036 1539 1105 quasdam
1567 1035 1810 1103 perpessi
1841 1043 2051 1095 essent,

484 1144 822 1204 potestatem
857 1147 976 1186 eam
1008 1144 1108 1185 sua
1155 1138 1351 1197 sponte
1384 1127 1486 1181 sibi
1525 1126 1660 1196 ipsis
1691 1125 2053 1194 abroSaruut.

481 1226 676 1291 Qualia
714 1231 899 1277 autem
931 1221 1019 1274 vel
1063 1229 1259 1274 contra
1291 1232 1417 1281 nos,
1461 1216 1546 1269 vel
1577 1215 1743 1269 etiam
1775 1229 1873 1283 pro
1898 1210 2058 1266 nobis

482 1315 877 1388 proposuerint
930 1313 1134 1375 edicta,
1183 1318 1240 1364 et
1290 1319 1425 1379 quot
1461 1316 1762 1377 martyrum
1810 1304 2057 1358 millibus

482 1421 704 1465 strenue
758 1422 859 1476 pro
911 1404 1119 1461 Christi
1170 1402 1397 1457 nomine
1446 1397 1898 1462 decertantibus,
1953 1396 2058 1465 ipsi

483 1502 647 1555 simul
696 1509 750 1552 et
796 1496 1128 1550 Maximinus
1161 1507 1456 1547 successor
1484 1504 1676 1544 eorum
1709 1488 1863 1542 necis
1890 1500 2055 1540 causa

482 1593 819 1653 exstiterint,
860 1588 1019 1658 532
1072 1585 1394 1655 plenissime
1443 1599 1473 1636 a
1515 1583 1674 1636 nobis
1718 1580 1881 1650 paulo
1930 1588 2059 1633 ante

481 1698 569 1741 est
603 1684 958 1752 explicatum.
1010 1678 1321 1733 Maxentius
1355 1691 1521 1745 porro
1550 1676 1756 1733 Romae,
1795 1681 1850 1725 et
1884 1670 2059 1724 Maxi-

486 1779 667 1833 minus
698 1774 1050 1837 Nicomedia},
1071 1773 1161 1825 hic
1186 1773 1242 1825 in
1268 1769 1515 1831 Oriente,
1538 1768 1627 1821 ille
1653 1767 1707 1820 in
1733 1764 2057 1827 Occidente,

487 1871 835 1945 tyrannidem
867 1874 1216 1928 exercentes,
1256 1862 1467 1917 eisdem
1514 1860 1913 1915 detinebantur
1944 1864 2061 1911 stu-

486 1962 616 2027 diis,
649 1960 855 2015 civium
900 1956 1248 2012 subditorum
1292 1951 1435 2006 bona
1487 1949 1838 2020 diripientes,
1872 1946 2065 2001 matri-

485 2057 665 2108 monia
701 2053 878 2107 aliena
907 2049 1201 2110 violantes,
1253 2054 1309 2099 et
1357 2044 1535 2098 caedes
1570 2043 1895 2095 innumeras
1925 2051 2064 2108 quo-

484 2146 619 2200 libet
692 2159 862 2215 prope
936 2140 1024 2195 die
1100 2139 1492 2192 subornantcs.
1562 2133 1849 2187 Adversus
1911 2131 2062 2193 hos,

482 2250 871 2307 oppressorum
896 2232 1265 2301 legationibus
1291 2228 1546 2299 pluribus
1569 2227 1787 2282 excitus
1815 2240 1845 2279 e
1869 2223 2064 2279 Galliis

482 2329 902 2389 Constantinus,
934 2324 1175 2394 primum
1203 2321 1477 2376 Maxentio
1507 2320 1573 2374 ad
1602 2320 1795 2374 urbem
1830 2318 2061 2373 Romam

486 2422 695 2477 bellum
740 2418 946 2472 intulit.
984 2418 1103 2478 Quo
1145 2424 1394 2484 tempore
1429 2414 1606 2468 aleam
1640 2411 1832 2466 Martis
1876 2409 2066 2479 praalio

487 2512 754 2565 adversus
815 2523 942 2562 eum
1004 2515 1361 2575 experturus,
1421 2513 1715 2573 paternum
1787 2501 2068 2557 invocavit

486 2605 676 2659 Deum.
723 2601 791 2655 Et
838 2601 1140 2667 derepente
1191 2598 1246 2651 in
1295 2595 1437 2651 coelo
1483 2594 1826 2649 salutiferam
1881 2593 2066 2648 crucis

486 2698 706 2765 signum
758 2691 979 2761 longius
1029 2689 1349 2754 distentum,
1389 2691 1661 2744 orientem
1706 2703 1917 2751 versus,
1958 2702 2070 2742 me-

486 2789 706 2843 ridiano
728 2796 997 2855 tempore,
1027 2783 1326 2853 splendore
1349 2783 1519 2837 solem
1542 2782 1721 2852 ipsum
1747 2792 2065 2851 superante,

488 2857 744 2951 apparuit
770 2896 783 2932 :
814 2879 1026 2933 circum
1058 2876 1237 2948 quod,
1272 2876 1326 2930 in
1376 2874 1592 2941 orbem,
1626 2874 1801 2930 stellis
1854 2875 2067 2943 itidem,

491 2985 552 3027 ut
599 2974 653 3026 in
704 2986 892 3035 cruce,
931 2971 1243 3025 litterarum
1274 2967 1596 3022 Latinarum
1643 2967 1877 3023 formam
1922 2968 2071 3023 refe-

488 3067 765 3130 rentibus,
806 3064 1094 3135 inscriptio
1142 3062 1295 3117 ltisce
1327 3062 1515 3117 verbis
1554 3071 1640 3116 est
1681 3062 1822 3125 visa,
1863 3061 1928 3116 In
1976 3064 2072 3116 hoc

488 3163 634 3215 vince
664 3176 682 3215 :
718 3159 862 3228 quod
903 3159 1122 3227 signum
1170 3155 1567 3215 confestimex
1596 3169 1733 3209 auro
1774 3162 1829 3207 et
1867 3152 2072 3223 lapillis

1680 460 2107 524 NlCEl’llOllI
2144 459 2495 518 t’lALleTI

2088 573 2137 631 A

3683 462 3749 525 16

2763 570 3012 628 ΚΕΦΛΛ.
3066 572 3140 627 Γ’.

2180 663 2277 729 Ὠς
2312 661 2431 734 τῶν
2479 661 2791 734 τυράννων
2839 665 3219 734 περιεγένετο
3262 668 3749 734 Κωνστιιντῖνος.

2271 732 2369 785 καὶ
2395 732 2475 797 ὡς
2505 732 2618 800 τὴν
2640 733 3016 800 Χριστιανῶν
3042 733 3371 802 ἠσπάσατο
3392 738 3633 792 πίστιν.

2236 846 2619 917 Διοκλητιανδς
2661 844 2718 898 δὲ
2752 847 2845 898 καὶ
2891 846 3241 918 Μαξιμιανδς
3290 848 3410 911 ἔτος
3452 866 3560 904 που
3602 851 3752 903 είκο-

2166 938 2292 992 στὸν
2310 938 2662 1003 διανύσαντες
2681 941 2935 1010 τῇοὰρχῇ,
2964 940 3184 1002 ἑκόντες
3208 941 3415 1012 ταύτης
3436 942 3749 1008 ἐξίσταντο.

2175 1032 2299 1085 Ἐπὶ
2350 1032 2459 1086 τίσι
2489 1033 2535 1086 δ’
2596 1033 2823 1097 αἰτίαις,
2873 1035 2970 1087 καὶ
3027 1033 3149 1086 τίνα
3204 1035 3539 1100 πεπονθότες
3571 1038 3751 1102 δεινά,

2163 1126 2284 1178 τίνα
2320 1141 2379 1178 τε
2428 1127 2850 1196 προγράμματα
2885 1126 3006 1179 καθ’
3048 1126 3209 1195 ἡμῶν
3242 1128 3337 1180 κα)⁵
3392 1127 3532 1198 ὑπὲρ
3586 1129 3754 1199 ἡμῶν

2163 1215 2554 1283 ἐνεστήσαντο,
2607 1218 2704 1270 καὶ
2752 1217 2898 1279 ὅσοις
2941 1218 3033 1269 τὸν
3067 1216 3210 1288 ὑπὲρ
3253 1219 3497 1286 Χριστοῦ
3553 1220 3754 1289 ἀγῶνα

2163 1305 2463 1375 διενεγκεῖν
2516 1307 2871 1375 κατέστησαν
2924 1308 3203 1377 πρόξενοι,
3263 1310 3416 1362 αὐτοί
3455 1327 3515 1363 τε
3577 1312 3676 1365 καὶ
3727 1314 3754 1365 ό

2166 1398 2286 1467 μετ’
2339 1400 2538 1463 αὐτοὺς
2572 1399 2901 1468 Μαξιμτνος,
2936 1399 3129 1469 φθάνει
3176 1416 3236 1453 τε
3290 1403 3487 1471 μικρὸν
3518 1401 3756 1456 ὄπισθεν

2166 1492 2259 1542 καὶ
2291 1490 2430 1557 πρὸς
2464 1489 2664 1544 λεπτὸν
2695 1490 3009 1561 εἰρημένον.
3060 1492 3362 1558 Μαξέντιος
3392 1492 3437 1544 δ’
3462 1495 3520 1545 ἐν
3560 1492 3757 1567 Ῥώμῃ

2165 1585 2259 1637 καὶ
2295 1583 2609 1653 Μαξιμῖνος
2647 1585 2705 1637 ἐν
2738 1584 3083 1655 Νικομηδείᾳ.
3129 1583 3545 1653 τυραννοῦντες,
3579 1588 3607 1639 ό
3647 1587 3771 1652 μὲν

2165 1678 2307 1732 κατὰ
2340 1677 2440 1747 τὴν
2468 1678 2607 1745 Ἕω,
2638 1679 2667 1730 ό
2691 1678 2735 1731 δ’
2771 1680 2828 1730 ἐν
2868 1678 3135 1749 Ἑσπέρα,
3169 1679 3239 1730 τὰ
3282 1679 3373 1732 ῐσα
3407 1680 3754 1748 πράττοντες

2164 1765 2345 1839 ἦσαν’
2399 1772 2677 1839 ἁρπαγαῖς
2734 1773 3045 1842 χρώμενοι,
3098 1774 3314 1842 γάμους
3369 1773 3757 1843 διορύττοντες

2166 1863 2505 1933 ἀλλοτρίους,
2562 1865 2656 1918 καὶ
2688 1866 2849 1934 φόνον
2892 1867 3121 1936 ἄπειρον
3162 1867 3512 1937 καθεκάστην
3544 1871 3625 1931 ώς
3674 1871 3759 1921 εἱ-

2169 1957 2292 2008 πεϊν
2342 1957 2742 2027 κεραννύντες·
2796 1958 2921 2011 καθ’
2955 1955 3030 2012 ὧν
3077 1961 3141 2011 ἐκ
3183 1959 3488 2029 πρεσϐείας
3537 1958 3760 2013 πολλῶν

2165 2049 2274 2101 τῶν
2332 2049 2575 2101 Γαλλιῶν
2620 2051 2869 2120 κινηθεὶς
2911 2051 3346 2116 Κωνσταντῖνος,
3399 2052 3600 2122 πρῶτα
3656 2054 3761 2121 μὲν

2168 2137 2311 2190 κατὰ
2359 2138 2662 2201 Μαξεντίου
2702 2139 3093 2209 ἐπιστρατεύει
3132 2142 3189 2193 ἐν
3235 2139 3456 2212 Ῥώμῃο
3508 2142 3763 2211 ὁπηνίκα

2165 2227 2230 2298 δὴ
2264 2228 2611 2299 συρραγῆναι
2647 2228 2860 2298 μέλλων
2897 2228 3034 2299 πρὸς
3071 2232 3254 2301 μάχην
3281 2232 3501 2302 ἐκείνῳ,
3531 2234 3627 2287 τὸν
3657 2250 3766 2287 πα-

2167 2317 2344 2388 τρῷον
2399 2318 2724 2371 ἐπεκαλεῖτο
2776 2318 2931 2374 Θεόν.
2983 2321 3194 2389 Λῐφνης
3226 2322 3272 2374 δ’
3316 2324 3378 2377 ἐν
3428 2323 3655 2396 οὐρανῷ
3699 2326 3763 2379 τὸ

2172 2410 2447 2480 σωτήριον
2476 2409 2569 2463 τοῦ
2605 2411 2845 2481 σταυροῦ
2880 2413 3231 2482 ἐπιφαίνεται
3265 2415 3430 2470 ὅπλον
3471 2420 3601 2472 κατ’
3631 2419 3765 2474 ἁνα-

2168 2502 2352 2567 τολὰς,
2396 2505 2488 2556 ἐπὶ
2524 2504 2794 2574 μήκιστον
2837 2506 3049 2575 διῆκον,
3083 2509 3141 2561 ἐν
3170 2509 3355 2579 ἡμέρᾳ
3406 2511 3549 2584 μέσῃ
3582 2513 3765 2583 ὑπερ-

2171 2597 2488 2667 αστράπτον
2516 2600 2580 2667 τῇ
2616 2598 2780 2670 αἴγλῃ
2809 2597 2899 2652 τὸν
2924 2598 3097 2670 ἥλιον.
3136 2596 3281 2672 Ἶρις
3311 2602 3367 2655 δὲ
3414 2604 3763 2672 περιθέουσα

2171 2690 2359 2761 κύκλῳ
2410 2690 2475 2743 ἐκ
2507 2690 2615 2743 τῶν
2670 2692 2801 2745 ἰσων
2837 2692 3057 2763 ἄστρων
3089 2693 3225 2765 πρὸς
3266 2696 3624 2764 γραμμάτων
3658 2714 3765 2768 χα-

2176 2786 2429 2856 ρακτῆρα
2447 2782 2866 2856 ῥυθμιζομένων
2883 2785 3205 2857 Ῥωμαϊστὶ,
3233 2788 3336 2843 Ἔν
3356 2789 3553 2853 τούτῳ
3591 2791 3760 2857 νίκα,

2174 2878 2496 2947 ὑπέγραφεν
2521 2893 2537 2907 ο
2574 2877 2603 2931 ὃ
2641 2878 2839 2932 αὐτίκα
2888 2879 2952 2932 ἐκ
2995 2879 3197 2949 χρυσοῦ
3238 2881 3334 2933 καὶ
3377 2880 3546 2936 λίθων
3590 2882 3765 2936 πολυ-

2171 2972 2345 3026 τελῶν
2364 2970 2752 3037 διασκευάσας,
2776 2970 3083 3038 Μαξέντιόν
3111 2990 3170 3025 τε
3200 2974 3345 3027 κατὰ
3364 2974 3571 3044 κράτος
3603 2976 3769 3031 ἐνίκα

2173 3062 2317 3116 κατὰ
2352 3064 2449 3130 τῆς
2499 3059 2744 3129 γεφύρας
2802 3058 3194 3132 διαφθαρέντα,
3244 3063 3339 3115 καὶ
3388 3063 3485 3132 τῆς
3527 3063 3767 3133 Ῥώμης

2175 3150 2290 3224 εἶχε
2324 3155 2385 3207 τὸ
2419 3153 2642 3224 κράτος.
2683 3151 2970 3207 Ἐντεῦθεν
2992 3155 3058 3207 τὰ
3083 3154 3183 3224 μὲν
3214 3153 3411 3209 εἴδωλα
3438 3158 3520 3219 είς
3550 3157 3769 3228 λεπτὴν

492 3253 769 3324 pretiosis,
800 3251 864 3305 ad
900 3250 1155 3303 militaris
1185 3248 1369 3304 vexilli
1404 3248 1600 3313 instar,
1638 3247 1759 3301 fieri
1807 3246 2021 3302 curavit
2050 3261 2065 3298 :

2174 3251 2397 3305 διετίθει
2453 3252 2624 3316 κόνιν,
2660 3250 2755 3304 καὶ
2807 3252 2937 3313 τοὺς
2982 3250 3209 3305 ἐκείνων
3259 3251 3394 3316 νεὼς
3430 3254 3513 3317 εἰς
3567 3254 3769 3325 ἔδαφος

489 3359 547 3403 et
597 3345 760 3400 simul
806 3344 1139 3398 Maxentium
1189 3342 1489 3397 fortissime
1536 3341 1761 3407 devicit,
1797 3342 1851 3396 in
1899 3352 2069 3412 ponte

491 3443 865 3505 submersum,
908 3447 962 3492 et
994 3437 1230 3491 Romam
1256 3436 1313 3490 in
1349 3444 1679 3506 potestatem
1710 3452 1867 3492 suam
1912 3451 2073 3492 rece-

492 3536 594 3605 pit.
650 3533 857 3587 Deinde
914 3531 1144 3585 deorum
1198 3529 1496 3583 simulacra
1554 3530 1963 3597 comminuens,
2013 3529 2071 3586 in

492 3628 734 3681 cinerem
769 3624 999 3693 redegit,
1026 3621 1465 3692 eorumdemque
1488 3622 1717 3677 delubra
1749 3623 1868 3679 solo
1887 3638 2074 3693 aequa-

492 3719 594 3772 vit.
622 3717 766 3779 Mox,
804 3715 1061 3769 manibus
1091 3714 1208 3783 ipse
1258 3712 1395 3776 suis,
1432 3712 1712 3769 Servatori
1757 3716 1812 3770 in
1862 3715 2071 3771 Palatio

492 3808 680 3866 Roma:
730 3809 996 3879 templum
1054 3806 1272 3863 sarculo
1322 3807 1619 3877 descripsit
1669 3816 1726 3863 et
1783 3809 2071 3864 excitavit.

493 3901 666 3971 Leges
700 3917 799 3968 pro
841 3897 1171 3954 Christianis
1219 3898 1369 3963 tulit,
1404 3899 1624 3960 aliaque
1652 3914 1850 3968 magno
1884 3901 2071 3956 studio

495 4010 595 4063 pm
636 3991 796 4046 nobis
836 3990 968 4059 egit,
1016 4005 1139 4060 quas
1182 3990 1347 4061 paulo
1392 4000 1519 4045 ante
1558 3992 1959 4046 recensuimus.
2003 3993 2073 4047 Et

497 4104 620 4141 cum
674 4101 800 4140 eum
851 4084 1078 4138 morbus
1112 4083 1425 4149 imasissct,
1460 4093 1516 4138 et
1561 4084 1761 4139 medici
1799 4084 2074 4139 infantum

497 4178 767 4248 sanguine
814 4175 864 4230 id
914 4176 1116 4229 malum
1150 4174 1350 4229 discuti
1403 4177 1742 4246 purgarique
1787 4191 1950 4247 posse
1986 4192 2075 4232 re-

497 4272 837 4336 nuntiarent,
876 4269 1168 4323 abhorruit
1216 4269 1545 4339 resiluitque
1595 4268 1665 4323 ab
1709 4283 1778 4324 eo
1824 4269 2075 4325 facinore

499 4365 607 4417 Deo
640 4361 1003 4415 charissitnus
1038 4361 1359 4428 imperator,
1394 4360 1548 4415 luctu
1590 4369 1645 4414 et
1693 4361 1903 4431 eiulatu
1957 4376 2076 4415 ma—

495 4465 642 4508 trum
689 4464 992 4523 permotus.
1028 4452 1331 4508 lnterccdit
1365 4468 1494 4516 nox,
1525 4461 1581 4506 et
1613 4452 1894 4522 principes
1936 4468 2076 4525 apo-

494 4548 762 4601 stolorum
810 4562 868 4601 se
911 4548 963 4601 ei
1017 4545 1346 4616 spectandos
1377 4545 1662 4612 exhibent,
1705 4546 2076 4616 Romameque

508 4640 653 4694 tzrbis
684 4641 992 4694 antistitem
1039 4653 1325 4692 accersere
1367 4638 1589 4707 jubent,
1621 4641 1890 4709 piscinam
1926 4643 2072 4711 apud

514 4748 620 4784 -um
654 4746 772 4785 esse
801 4731 1182 4794 ostendentes,
1209 4730 1365 4800 cujus
1388 4730 1610 4786 lavacro
1637 4731 1888 4787 ablutum
1915 4733 2070 4787 illum

506 4828 705 4880 calvum
744 4825 929 4879 subito
960 4832 1016 4876 et
1063 4822 1397 4876 incolumem
1437 4822 1553 4879 fore
1587 4823 1803 4879 dicunt.
1830 4822 2075 4879 Advenit

510 4919 611 4986 lle,
648 4931 771 4987 quae
802 4930 945 4985 Opus
974 4925 1106 4969 sunt
1134 4915 1324 4978 refert,
1359 4916 1775 4984 imperatorem,
1790 4914 2073 4987 baptizat:

2175 3346 2431 3401 ἔϐαλλεν·
2470 3344 2637 3406 αὐτὸς
2680 3343 2737 3396 δὲ
2768 3342 3002 3406 οἰκείαις
3044 3347 3205 3414 χερσὶ¹
3248 3345 3325 3416 τῷ
3357 3347 3580 3417 Σωτῆρι
3626 3346 3769 3403 νεὼν
3826 3362 3831 3369 ’

2175 3442 2233 3493 ἐν
2270 3443 2384 3503 τοῖς
2437 3440 2582 3492 κατᾶ
2630 3438 2849 3509 Ῥώμην
2886 3439 3214 3509 ἀνακτόροις
3262 3441 3329 3509 τῇ
3384 3440 3602 3493 σκαλίδι
3650 3440 3770 3494 διέ-

2175 3544 2358 3597 γραφε
2410 3528 2504 3580 καὶ
2539 3527 2773 3580 ἀνίσταο
2821 3527 2918 3580 καὶ
2967 3527 3168 3597 νόμους
3226 3527 3366 3596 ὑπὲρ
3413 3527 3771 3598 Χριστιανῶν

2175 3618 2363 3682 ἐτίθει,
2416 3620 2514 3674 καὶ
2566 3618 2739 3673 τάλλα
2791 3619 3360 3689 κατεσπουδασμένως
3405 3620 3555 3686 ὑπὲρ
3608 3621 3772 3693 ἡμῶν

2177 3710 2474 3778 ἔπραττεν,
2519 3712 2621 3764 ὅσα
2660 3711 2725 3781 δὴ
2761 3711 2961 3781 μικρὸν
3010 3710 3221 3765 ἄνωθεν
3266 3712 3623 3783 διελάὸυμεν.
3658 3716 3774 3769 Καὶ

2176 3803 2332 3865 νόσος
2369 3801 2471 3872 μὲν
2523 3802 2720 3871 ἐκείνῳ
2756 3802 3108 3872 ἐπέσκηπτεν
3135 3817 3150 3830 ’
3204 3802 3404 3871 αἵμασι
3444 3804 3503 3858 δὲ
3554 3805 3772 3875 νηπίων

2175 3893 2612 3964 ἐκκαθαίρεσθαι
2659 3894 2760 3965 τὴν
2790 3893 2948 3948 νόσον
2980 3896 3184 3965 ἰατρῶν
3215 3896 3402 3960 παῖδες
3444 3896 3766 3967 διήγγελον.

2188 3988 2330 4043 Ἀλλ’
2362 3988 2679 4059 ἀπηγόρευε
2727 3988 2827 4059 τὴν
2866 3987 3071 4057 πρᾶξιν
3111 3991 3139 4042 ό
3179 3989 3436 4062 θεοφιλὴς
3480 3992 3768 4061 βασιλεὺς,

2180 4080 2468 4153 μητρικῶν
2486 4079 2802 4151 ἡττώμενος
2822 4082 3059 4153 θρήνων.
3090 4081 3207 4149 Νὺξ
3224 4083 3317 4136 ἐπὶ
3337 4084 3555 4150 τούτοις
3581 4087 3766 4158 ἐπῄει·

2179 4174 2277 4227 καὶ
2306 4174 2357 4225 οι
2410 4175 2713 4244 κορυφαῖοι
2745 4175 2854 4228 τῶν
2904 4174 3223 4229 ἀποστόλων
3273 4175 3623 4243 όπτάνονται,
3675 4179 3772 4233 τὸν

2177 4266 2276 4334 τῆς
2320 4264 2545 4337 Ῥώμης
2580 4266 3049 4337 μεταστέλλεσθαι
3087 4270 3237 4338 ἱερέα
3269 4270 3767 4342 παρεγγυώμενοι·

2179 4359 2313 4428 παρ’
2348 4351 2393 4427 ᾧ
2434 4358 2833 4431 κολυμϐήθραν
2882 4356 3048 4425 εἶναι,
3088 4355 3122 4436 ᾖ
3159 4361 3516 4431 λουσάμενον,
3567 4365 3769 4438 ἀθρόον

2179 4452 2379 4519 ἐξάντη
2419 4450 2674 4516 γενέσθαι
2727 4452 2831 4522 τῆς
2862 4453 3043 4507 νόσου.
3094 4454 3206 4507 Καὶ
3257 4455 3285 4506 ό
3327 4456 3429 4524 μὲν
3462 4450 3566 4526 ἧκε
3598 4473 3613 4488 ο
3672 4458 3772 4512 καὶ

2183 4546 2284 4597 ὅσα
2317 4540 2385 4615 ἦν
2412 4544 2561 4608 εἰκὸς
2603 4543 2872 4608 ἐπειπὼν,
2922 4545 3208 4610 ἐδάπτιζε.
3245 4547 3355 4600 Καὶ
3391 4548 3423 4618 ἡ
3480 4547 3584 4617 μὲν
3614 4550 3771 4611 νόσος

2182 4636 2262 4706 τῷ
2298 4635 2453 4690 ὕδατι
2489 4638 2851 4704 ἐπεπόλαζεν,
2881 4637 3015 4691 ώσεὶ
3055 4638 3273 4703 λεπίδες
3317 4643 3417 4694 οὐκ
3445 4641 3541 4693 ἀπ’
3567 4641 3773 4712 ὀφθαλ-

2186 4729 2328 4799 μῶν,
2358 4729 2478 4781 ἀλλ’
2504 4730 2689 4782 αὐτῶν
2722 4731 2943 4800 σαρκῶν
2969 4732 3402 4789 ἀποπίπτουσαι.
3444 4734 3503 4786 ’0
3530 4733 3587 4788 δὲ
3620 4734 3771 4806 ῥᾴων

2182 4821 2254 4896 ἦν
2278 4841 2291 4856 ο
2334 4825 2430 4878 καὶ
2465 4825 2558 4879 ἐπὶ
2590 4828 2750 4880 τόσον
2779 4827 2857 4891 ώς
2901 4828 2996 4883 καὶ
3028 4828 3336 4899 θαυμάζειν
3371 4832 3420 4882 εί
3459 4831 3665 4894 ἐκεῖνος
3697 4828 3773 4883 ὢν

2187 4919 2214 4969 ὀ
2241 4916 2436 4988 πρώην
2471 4916 2739 4988 ἐτύγχανε
2780 4919 3217 4983 Κωνσταντῐνος.

536 5011 813 5065 tmorbus
846 5009 965 5079 ipse
1011 5009 1171 5077 aquis
1205 5009 1438 5073 innatat,
1472 5025 1829 5080 squamarum
1902 5010 1957 5063 in
2008 5024 2242 5073 morem,
2308 5026 2417 5065 non
2485 5010 2554 5065 ab
2592 5012 2792 5078 oculis,
2833 5029 3025 5069 verum
3065 5030 3290 5071 acarue
3332 5016 3449 5087 ipsa
3511 5016 3778 5071 deciden-

520 5104 661 5157 iutu.
698 5104 888 5172 ltaque
926 5104 1018 5157 ille
1043 5105 1236 5157 melius
1263 5103 1447 5167 habet,
1490 5120 1663 5173 usque
1738 5103 1879 5157 adeo
1947 5110 2007 5157 ut
2082 5105 2386 5163 minaretur
2435 5104 2573 5175 ipse,
2634 5105 2753 5161 isne
2801 5116 2968 5171 esset,
3013 5108 3109 5177 qui
3157 5118 3316 5163 antea
3364 5112 3545 5165 fuerat
3626 5110 3775 5166 Cou-

510 5196 799 5253 stautinus.

572 5290 769 5344 Postea
801 5290 1117 5345 indecorum
1147 5294 1306 5347 turba
1340 5292 1580 5357 exsistit,
1602 5291 1696 5360 qui
1730 5291 2082 5361 imperatoris

510 5393 733 5434 .natrem
770 5382 1057 5441 adeuntes,
1094 5381 1446 5436 Constantini
1500 5364 1725 5452 quidem
1777 5382 1849 5437 ab
1902 5381 2081 5436 idolo-

514 5488 623 5524 ὐιιι
653 5472 804 5525 cultu
842 5472 1212 5527 defectionem
1242 5473 1469 5527 laudant
1495 5483 1549 5528 et
1579 5475 1949 5536 admirantur,
1983 5474 2081 5528 sed

2266 5287 2558 5344 Ἐντεῦθεν
2621 5292 2897 5374 Ἰουδαίων
2954 5295 3142 5363 στῖφος
3188 5295 3532 5365 ἐγείρονται’
3575 5297 3670 5350 καὶ
3705 5300 3772 5368 τῇ

2182 5382 2277 5436 τοῦ
2308 5383 2581 5453 βασιλέως
2620 5386 2943 5456 προσιόντες
2975 5387 3169 5457 μητρὶ,
3210 5388 3310 5458 τὴν
3353 5390 3451 5459 μὲν
3480 5391 3591 5444 τῶν
3623 5390 3778 5443 εἰδώ-

2185 5477 2294 5531 λων
2349 5477 2444 5530 τοῦ
2489 5479 2905 5532 Κωνσταντίνου
2943 5480 3305 5551 ἀποστροφὴν
3348 5481 3421 5534 δι’
3469 5482 3653 5545 αίδοῦς
3700 5477 3777 5534 εἷ-

505 5565 891 5619 transitionem
942 5566 1062 5634 ejus
1097 5568 1162 5619 ad
1194 5566 1477 5620 Christum
1527 5568 1683 5621 valde
1742 5577 1982 5637 arguunt
2029 5583 2058 5621 e

2184 5585 2312 5640 χονο
2345 5570 2445 5639 τὴν
2476 5568 2520 5620 δ’
2552 5571 2647 5622 ἐπὶ
2681 5571 2920 5639 Χριστὸν
2948 5572 3246 5643 μετάθεσιν
3287 5575 3383 5628 καὶ
3418 5575 3630 5645 σφόδρα
3673 5588 3774 5625 κα-

506 5656 893 5711 criminantur.
930 5656 1090 5727 533
1133 5657 1197 5711 Et
1229 5658 1427 5712 litterae
1454 5675 1515 5712 ea
1557 5657 1625 5713 de
1671 5674 1730 5711 re
1775 5660 1841 5712 ab
1880 5656 2068 5713 llclen:

2184 5660 2449 5731 τῃτιῶντο
2474 5678 2490 5694 ο
2528 5662 2626 5714 καὶ
2681 5666 2891 5732 γραφαὶ
2938 5665 3038 5734 τῆς
3076 5664 3298 5735 Ἑλένης
3336 5667 3669 5737 προήγοντο.
3715 5662 3772 5720 Ὀ

505 5746 570 5798 ad
604 5746 774 5800 filium
823 5747 983 5802 datm.
1022 5750 1091 5803 At
1134 5750 1225 5803 ille
1269 5748 1447 5803 ﬁrmis
1496 5750 1657 5803 nixus
1702 5749 2081 5805 fundamentis

503 5840 690 5902 allicit,
738 5850 795 5893 ut
840 5842 916 5895 illi
958 5842 1064 5912 ipsi
1112 5842 1286 5898 Judaei
1331 5859 1454 5897 cum
1502 5843 1781 5914 Sylvestro
1818 5844 2082 5899 Romanae

504 5932 659 5986 urbis
689 5934 950 6004 episcopo
986 5922 1414 6006 cengrediantur
1451 5951 1849 6006 sermonesque
1890 5938 2076 5993 confeo

2189 5754 2236 5807 δ’
2264 5754 2660 5825 ἐρηρεισμένος
2711 5758 2981 5829 στερρῶς,
3012 5761 3070 5822 ἐς
3102 5758 3350 5828 διάλογον
3395 5760 3641 5819 ἐκείνους
3673 5772 3775 5808 κα-

2194 5845 2354 5898 θίστα
2414 5846 2723 5917 Σιλϐἐστρῳ
2781 5849 2861 5918 τῷ
2908 5853 3007 5921 τῆς
3060 5849 3279 5922 Ῥώμης
3339 5851 3625 5922 ἁρχιερεῖο
3680 5846 3775 5901 καὶ

2192 5938 2360 6001 πολὺς
2409 5939 2528 5992 κη’
2589 5942 2819 5995 ἐκείνων
2869 5945 3032 6013 ῥέων,
3094 5945 3155 5998 τὸ
3220 5945 3419 6015 κράτος
3474 5946 3770 6017 ἠνέγκατο.
