4118 6458
1518 235 1552 250 ΙΙ.
1606 246 1611 249 ,

301 389 363 454 17
1223 378 1840 443 ECCLESIASTIC£
1877 377 2270 440 HISTORle
2318 375 2462 437 LIB.
2506 373 2672 436 VIII.
3499 362 3563 423 18
3624 373 3633 379 ’

303 507 540 559 Ἔπειτα
598 500 893 570 Μαξιμίνῳ
943 500 1022 562 εἰς
1081 500 1263 570 μάχην
1310 495 1437 571 ἧκε,
1474 503 1535 551 re
1578 496 1875 565 σταυρικδν

1997 505 2126 551 'ant.
2147 494 2326 563 Atque
2354 494 2399 547 is
2429 503 2623 560 magna
2651 482 2982 556 eloquentia:
3008 479 3061 536 vi
3089 494 3214 535 cum
3238 476 3348 531 illis
3367 490 3560 571 agens.

299 597 560 667 τρόπαιον
603 594 975 664 ἐπαγόμενοςο
1014 592 1135 647 καθ’
1171 592 1231 645 οὗ
1270 591 1490 661 βάλλειν
1528 592 1737 651 ἐκεῖνος
1781 605 1873 642 κε-

293 687 483 752 λεύων,
532 686 818 741 διώλλυτο.
880 686 1033 739 Ἐπεὶ
1088 684 1134 738 δ’
1173 685 1381 747 ἐκεῖνος
1428 685 1494 737 ἐκ
1541 681 1637 736 τοῦ
1701 680 1871 751 μέσου

1978 586 2139 642 facile
2178 562 2275 640 eos
2321 583 2624 639 convincit.
2670 577 2793 632 Mox
2840 590 2966 630 cum
3014 567 3313 626 Maximino
3373 562 3564 635 praelii)

1976 693 2342 750 congressus,
2403 687 2672 744 tropaeum
2722 669 2909 727 crucis
2964 662 3157 719 iut‘erri
3221 661 3275 714 in
3338 658 3562 742 Aliostem

294 736 522 851 ἐγίνετό,
551 781 633 844 είς
679 736 828 849 μέγα
865 736 934 831 τξ
1062 736 1415 847 ὶέριστιανιῖιν
1444 774 1633 846 ᾔρετο,
1684 736 1875 842 ἐγκαί-

2001 736 2176 827 uitet:
2227 736 2511 825 adversus
2541 763 2689 836 quod
2738 777 2864 818 cum
2921 759 3015 815 ille
3067 755 3253 828 jacula
3302 736 3563 806 emitiere

294 842 384 927 νιά
412 891 469 926 τε
497 842 817 941 ἀπανταχοῦ
850 870 1079 940 είρήνης
1109 842 1175 922 ἐκ
1208 867 1351 921 Θεοῦ
1384 842 1878 938 πρυτανευομένης

2002 865 2224 927 uberet,
2256 862 2439 917 victus
2478 857 2818 915 succumbit.
2868 852 2988 920 Quo
3028 865 3058 905 e
3090 846 3273 903 medio
3318 842 3563 908 sublato,

295 965 675 1034 συνεκροτεῖτο
701 979 719 997 ο
776 964 872 1016 καὶ
905 962 1076 1017 τᾶλλα
1116 962 1220 1015 ὃσα
1259 957 1329 1032 ἦν
1374 961 1524 1024 εἰκὸς
1551 961 1643 1014 ἐπὶ
1684 958 1876 1015 τοιαύ-

294 1072 411 1119 ταις
452 1054 798 1123 πραγμάτων
845 1051 1210 1123 οἰκονομίαις.
1258 1051 1546 1106 Ἐντεῦθεν
1598 1051 1878 1116 διατάξεις

295 1146 565 1217 ἐγγραφοί
596 1162 655 1198 τε
684 1146 777 1198 καὶ
808 1144 1054 1216 ἄγραφοι
1080 1145 1182 1197 ὅσα
1211 1144 1278 1213 δὴ
1327 1143 1578 1213 προσῆκε
1609 1143 1878 1212 Χριστια-

296 1241 405 1303 νοίς
459 1240 882 1294 ἐπιτάττουσαισ
932 1239 1081 1293 ναῶν
1127 1237 1413 1306 οίκοδομαί
1462 1253 1521 1289 τε
1567 1237 1663 1290 καὶ
1711 1251 1882 1305 μετα-

298 1330 520 1394 πλάσεις
551 1332 689 1402 πρὸς
725 1331 787 1384 τὸ
816 1331 1114 1403 εὐρύτερον
1152 1346 1213 1384 τε
1261 1331 1355 1384 καὶ
1398 1329 1840 1401 εύπρεπέστερον
1862 1344 1878 1360 ο

192 1441 213 1464 ο
299 1421 394 1473 καὶ
446 1422 604 1491 νόμοι
659 1421 889 1491 λάτραις
951 1418 1090 1474 Θεοῦ
1144 1419 1402 1474 ἀτέλειαν
1464 1417 1880 1489 εἰσηγούμενοι,

298 1511 483 1566 ἄνεσίν
518 1529 602 1575 τε,
633 1514 726 1566 καὶ
775 1513 1097 1577 πολυτελεῖς
1135 1512 1610 1585 ἐπιχορηγοῦντες
1639 1513 1739 1575 τάς
1779 1511 1887 1565 δω-

301 1604 453 1675 ρεὰς,
479 1607 591 1669 τοῖς
635 1607 802 1676 ίεροίς
852 1608 948 1660 καὶ
982 1605 1152 1669 θείοις
1179 1607 1442 1675 τεμένεσι
1467 1623 1482 1639 ο
1537 1605 1793 1668 συνόδους
1821 1620 1883 1657 τε

299 1698 394 1749 καὶ
430 1699 771 1753 συνελεύσεις
819 1701 876 1763 ἐς
918 1701 1085 1753 ταυτδ
1127 1700 1342 1753 πιστῶν
1390 1699 1668 1764 διατάξεις
1718 1715 1886 1752 συνα-

1981 933 2159 1023 magis
2187 952 2356 1007 etiam
2389 966 2476 1005 res
2501 945 2946 1003 Christianorum
2974 949 3103 996 sunt
3141 946 3338 992 auctae.
3371 933 3563 1000 Itaque

1979 1045 2250 1110 encaenia,
2287 1045 2792 1107 inuovatarumque
2819 1050 3005 1090 rerum
3035 1032 3210 1093 feria‘,
3247 1024 3569 1096 tranquilli-

1982 1144 2097 1192 tate
2143 1134 2350 1199 ubique
2399 1148 2431 1186 a
2486 1132 2600 1186 Deo
2650 1141 2939 1191 concessa,
2983 1123 3305 1185 celebratm’,
3351 1118 3569 1186 aliaque

1982 1230 2170 1285 omnia
2205 1236 2427 1299 peracta
2468 1236 2592 1296 quae
2626 1223 2680 1277 in
2709 1218 3049 1293 ejusccmodi
3082 1212 3484 1271 mutationibus
3511 1214 3572 1263 et

1987 1321 2083 1376 Dei
2122 1318 2589 1390 dispositionibus
2634 1314 2753 1369 ﬁeri
2797 1321 3081 1380 receptum
3128 1315 3235 1363 cst.
3289 1304 3408 1360 Sub
3450 1302 3573 1356 haec

1984 1414 2423 1472 constitutiones
2450 1410 2670 1477 scriptae
2696 1415 2751 1461 et
2788 1421 2899 1461 non
2936 1403 3183 1472 scriptae,
3218 1412 3342 1469 quae
3371 1411 3472 1465 pro
3505 1408 3574 1447 co

1985 1521 2151 1582 atque
2181 1509 2407 1565 deceret
2445 1521 2534 1561 res
2573 1504 3024 1560 Christianorum
3064 1497 3415 1558 ordinarent,
3450 1491 3572 1545 edi-

1990 1614 2078 1660 tae.
2120 1601 2350 1671 Templa
2391 1598 2639 1669 qua'dam
2670 1597 2738 1651 de
2786 1596 3002 1665 integro
3033 1597 3377 1649 constructa,
3423 1599 3574 1653 qiua—

1988 1698 2112 1751 dam
2143 1696 2198 1750 in
2223 1692 2548 1763 ampliorem
2567 1691 3057 1755 decentioremque
3077 1683 3312 1738 formam
3338 1684 3568 1733 mutata.

302 1786 646 1858 θροίζουσαι·
704 1789 891 1861 ἕτεραι
938 1791 1000 1844 τὸ
1054 1790 1341 1863 σύμπνουν
1382 1793 1506 1854 ταῖς
1556 1791 1885 1861 ἐκκλησίαις

1997 1791 2166 1861 Leges
2194 1788 2338 1853 latae,
2377 1783 2788 1840 immumitatem
2826 1777 3096 1835 ministris
3144 1775 3241 1830 Dei
3286 1770 3580 1861 conferen-

300 1878 687 1948 λατρεύουσαι.
758 1888 765 1895 ”

1913 1872 1957 1926 Β
1990 1893 2090 1950 tes,
2134 1885 2563 1951 libertatemque
2600 1890 2657 1934 et
2692 1874 3013 1947 magniﬁcas
3051 1871 3384 1928 donationes
3422 1876 3566 1921 tem-

303 1976 412 2047 plis
458 1977 738 2048 sacrisque
770 1978 984 2035 redibus
1026 1978 1358 2050 largientes;
1405 1980 1526 2035 aliae
1572 1989 1864 2051 praeterea,
1907 1979 2150 2053 synodos
2182 1988 2240 2034 et
2283 1984 2595 2034 conventus
2632 1971 2878 2027 ﬁdelium
2921 1970 2978 2023 in
3048 1979 3222 2021 unum
3289 1969 3575 2031 cogentes,

304 2079 467 2143 atque
511 2073 642 2129 item
693 2074 812 2130 aliae
856 2074 1214 2131 concordiam
1263 2073 1637 2131 Ecclesiarum
1682 2072 2071 2130 conciliantes.
2404 2073 2411 2087 '

377 2161 504 2235 Εἶχε
533 2166 634 2237 μὲν
667 2166 760 2221 οὖν
788 2167 933 2220 οὕτω
965 2166 1142 2222 ταῦτα
1167 2182 1183 2199 ο
1219 2167 1468 2230 Λικίνιος
1493 2166 1541 2220 δ’
1570 2166 1659 2219 ἐπ’
1681 2166 1886 2237 ἀδελφῇ

308 2256 665 2328 Κωνσταντίᾳ
722 2258 971 2330 γαμϐρὸς
1029 2258 1105 2313 ὣν
1149 2258 1579 2330 Κωνσταντίνῳ,
1637 2259 1736 2313 καὶ
1790 2259 1890 2329 τὴν

311 2349 424 2403 Ἕω
455 2350 662 2404 διέπειν
691 2352 835 2406 κατά
860 2351 963 2423 τὴν
990 2352 1366 2423 Νικομήδειαν
1393 2350 1733 2417 κελευσθεὶς,
1762 2351 1891 2423 ἥκι-

310 2458 416 2495 στα
448 2441 541 2494 τὸν
572 2442 671 2511 τῆς
702 2442 876 2514 ἀρχῆς
928 2443 1098 2512 ὄγκον
1129 2441 1451 2512 διενεγκὼν,
1512 2443 1892 2497 ἐπανάστασιν

306 2532 389 2603 τῷ
433 2535 699 2606 εὐεργέτῃ
731 2533 1026 2605 ἐκμελετᾷ,
1076 2537 1169 2588 καὶ
1228 2534 1326 2606 τὴν
1375 2534 1595 2605 ἄμυναν
1651 2532 1888 2601 ἐδείκνυ,

309 2624 485 2697 λάθρα
508 2621 583 2680 ὦν
615 2627 780 2691 αὐτὸς
809 2627 1050 2699 ἐραστὴς
1098 2624 1191 2698 ἦν,
1229 2628 1460 2682 κτείνων
1496 2628 1890 2698 Χριστιανοὺς,

311 2718 405 2770 καὶ
443 2717 673 2782 πολλοὺς
699 2721 763 2772 ἐκ
796 2721 1005 2773 τούτων
1042 2720 1121 2791 τῷ
1162 2721 1274 2773 τῶν
1310 2720 1611 2791 μαρτύρων
1652 2719 1895 2774 καταλέ-

311 2826 427 2879 γων
464 2810 637 2881 χορῷ.
683 2811 770 2874 Ὦς
795 2814 850 2866 δέ
887 2813 1198 2884 παραινῶν,
1233 2814 1647 2884 συμῦουλεύων,
1682 2813 1778 2868 καὶ
1805 2814 1892 2868 δε·

310 2905 642 2974 διττόμενος,
695 2907 946 2978 οὐδαμῶς
998 2908 1149 2981 ἐώρα
1203 2908 1490 2980 πειθήνιον
1538 2908 1897 2962 Κωνσταντῖ-

312 3015 425 3062 νος,
459 3000 552 3052 τὸν
601 3000 660 3052 ἐν
714 3001 1062 3072 Χρυσοπόλει
1113 3002 1442 3057 Βιθυνιακὸν
1485 3004 1543 3056 τὸ
1580 3002 1897 3055 τελευταῖον

313 3090 512 3161 ἐκείνῳ
544 3093 952 3165 συνερρήγνυτο
980 3096 1243 3165 πόλεμον.
1284 3096 1397 3150 Καὶ
1424 3096 1507 3160 είς
1549 3097 1744 3166 χεῖρας
1796 3095 1899 3165 μὲν

313 3176 417 3252 ἧκε
442 3183 518 3253 τῷ
544 3185 942 3259 Κωνσταντίνῳ
974 3188 1532 3260 καταστρατηγηθεὶς
1564 3191 1593 3243 ὁ
1621 3188 1894 3253 Λικίνιος⁶

316 3271 539 3339 φειδοῦς
570 3272 629 3326 δὲ
678 3274 828 3344 ὅμως
861 3277 959 3330 καὶ
1009 3275 1184 3341 οὕτως
1235 3279 1537 3347 ἐτύγχανε·
1580 3277 1677 3331 καὶ
1706 3279 1739 3345 ὴ
1788 3277 1919 3331 τῶν·

314 3364 601 3419 Θετταλῶν
630 3361 699 3437 ἦν
746 3367 898 3438 αὑτῷ
935 3368 1014 3432 είς
1068 3367 1342 3440 φρουράν.
1385 3368 1542 3423 Ἐπεὶ
1570 3367 1629 3422 δὲ
1670 3369 1896 3423 κάκεῖσε

2063 2166 2244 2235 Atque
2281 2163 2397 2220 haec
2437 2161 2661 2232 quidem
2702 2170 2815 2214 tum
2849 2157 2915 2213 ad
2947 2168 3075 2211 eum
3114 2150 3340 2206 modum
3376 2161 3436 2202 se
3485 2144 3586 2198 ha-

1990 2258 2223 2315 bebant.
2295 2257 2547 2312 Licinius
2614 2264 2801 2309 autem
2861 2251 2961 2321 (l),
3028 2247 3125 2317 qui
3190 2238 3581 2299 Constantiam

1991 2348 2343 2405 Constantini
2424 2360 2674 2401 sororem
2746 2345 2799 2398 in
2875 2335 3236 2395 matrimonio
3302 2329 3579 2391 habebat,

1990 2441 2389 2511 Orientemque
2434 2439 2502 2495 ad
2554 2435 2940 2494 Nicomediam
2970 2422 3369 2498 cum‘imperio
3404 2420 3582 2477 admi-

1991 2535 2232 2591 nistrare
2262 2535 2453 2606 jussus
2482 2541 2627 2598 erat,
2671 2529 2820 2600 quod
2872 2524 3313 2597 magnitudinem
3360 2513 3582 2586 imperii

1992 2628 2279 2685 moderate
2327 2626 2579 2699 perferre
2619 2638 2730 2679 non
2783 2631 2995 2693 posset,
3055 2615 3423 2671 rebellionem
3469 2606 3587 2664 exi-

1996 2722 2248 2791 tiumque
2292 2720 2558 2775 adversus
2608 2732 2761 2781 eum,
2806 2731 2835 2770 a
2868 2728 2981 2785 quo
3031 2723 3250 2766 summa
3295 2710 3587 2774 acceperat

1994 2815 2290 2879 beneﬁcia,
2344 2812 2571 2867 molitur
2619 2827 2634 2865 :
2695 2818 3069 2876 conatumque
3121 2817 3304 2865 suum,
3368 2797 3588 2851 occallte

1996 2910 2369 2976 Christianos,
2403 2921 2642 2978 quorum
2678 2904 2768 2958 ille
2797 2916 3032 2971 magnus
3065 2907 3280 2952 amator
3318 2903 3461 2955 erat,
3498 2908 3591 2943 oc—

1997 3003 2213 3064 cidens,
2238 3016 2303 3056 ac
2329 3001 2534 3055 multos
2567 3014 2633 3054 ex
2662 2998 2746 3051 eis
2775 2996 2830 3049 in
2865 2993 3143 3049 rationem
3182 2986 3585 3057 martyriorum

2001 3093 2271 3157 referens,
2305 3091 2570 3147 declarat.
2605 3088 2765 3159 Apud
2816 3102 2982 3157 quem
3014 3099 3140 3139 cum
3173 3078 3586 3137 Constantinus

2001 3201 2185 3257 neque
2219 3184 2595 3248 cohortando,
2626 3196 2807 3251 neque
2844 3179 3158 3239 suadendo,
3216 3189 3398 3243 neque
3450 3169 3591 3223 adeo

2005 3281 2333 3346 territando,
2361 3289 2422 3334 ut
2451 3294 2479 3334 a
2509 3288 2695 3349 empto
2724 3277 3046 3339 desisteret,
3074 3270 3286 3341 aliquid
3321 3268 3589 3325 ediceret,

2005 3382 2288 3444 postremo
2346 3373 2494 3428 bello
2537 3386 2664 3426 eum
2720 3383 3032 3440 aggressus,
3080 3364 3147 3419 ad
3202 3358 3589 3431 Chrysoxiolim

316 3458 654 3530 νεωτερίζων
710 3460 992 3530 ἡλίσκετο,
1049 3461 1216 3525 αὐτὸς
1263 3461 1351 3532 ἐφ’
1397 3461 1595 3516 ἑαυτὸν
1642 3462 1705 3515 τὸ
1748 3461 1897 3531 ξίφος

2005 3467 2275 3538 Bithynia:
2309 3466 2558 3539 praalium
2595 3481 2722 3522 cum
2770 3480 2838 3518 eo
2890 3458 3219 3518 committit.
3265 3456 3322 3509 lu
3357 3468 3467 3524 quo
3502 3467 3598 3505 su-

317 3554 465 3607 ἐλκει
485 3570 502 3584 ·
537 3554 629 3607 καὶ
654 3556 719 3625 δὴ
750 3555 969 3609 πελέκει
999 3555 1334 3626 ἀναιρεθεὶς,
1362 3555 1519 3619 τέλος
1553 3556 1654 3626 μὲν
1688 3555 1893 3625 ἐαυτῷ,

321 3644 515 3698 στάσιν
544 3644 602 3697 δὲ
627 3647 692 3717 τῇ
724 3647 1002 3718 τυραννίδι
1029 3649 1125 3701 καὶ
1154 3650 1221 3719 τῇ
1262 3647 1372 3701 τῶν
1401 3647 1643 3703 εἰδώλων
1666 3648 1897 3721 λατρεία

318 3737 521 3792 ἐποίει.

2007 3568 2235 3631 peratus
2285 3560 2399 3624 ille,
2458 3557 2513 3613 in
2567 3563 2904 3627 potestatem
2959 3551 3183 3621 quidem
3241 3542 3594 3602 Constantini

2007 3653 2263 3723 pervenit
2289 3668 2305 3708 :
2335 3653 2528 3714 vitam,
2554 3650 2766 3705 victore
2790 3648 3058 3710 donante,
3081 3643 3303 3711 recipit,
3332 3650 3389 3694 et
3417 3638 3596 3691 Thes-

2009 3746 2273 3803 salonica:
2312 3748 2418 3803 sub
2479 3743 2735 3802 custodia
2793 3750 3093 3799 servatur:
3134 3739 3230 3793 ubi
3282 3751 3415 3790 vero
3471 3723 3624 3787 tun'

319 3846 543 3901 quoque
578 3835 648 3890 ad
682 3852 857 3893 novas
891 3854 980 3894 res
1010 3848 1327 3908 respectare
1394 3838 1781 3911 deprehensus
1822 3851 1928 3909 est,
1972 3842 2094 3915 ipse
2142 3844 2201 3899 in
2285 3843 2531 3915 seipsum
2579 3841 2788 3897 ferrum
2845 3837 3114 3910 pertraxit
3159 3835 3261 3905 (2).
3310 3834 3484 3899 Quam
3527 3834 3597 3884 οι)

322 3941 443 3981 rem
472 3929 649 3983 securi
682 3945 1001 4001 percussus,
1031 3933 1135 3988 sibi
1168 3933 1271 4003 ipsi
1301 3933 1525 4003 quidem
1552 3934 1678 3989 vita:
1746 3933 1939 4003 linem,

322 4020 559 4077 creavit.

935 4140 1185 4196 ΚΕΦΔΔ.
1226 4143 1301 4194 Δ’.
1371 4149 1380 4161 ⁸

320 4228 466 4310 Περὶ
490 4229 602 4313 τῆς
647 4231 1022 4313 ιζνεχέρρνεως
1072 4236 1785 4313 Κιυγοςταντινοιίπόξιεῳς
1812 4237 1912 4292 καί

399 4304 513 4375 τῶν
532 4306 603 4354 ἐν
625 4304 780 4375 αὐτῇ
800 4320 815 4334 ο
845 4304 1005 4370 ὅπως
1025 4321 1089 4359 τε
1120 4307 1193 4358 τὰ
1220 4305 1596 4373 Χριστιανῶν
1614 4307 1909 4375 ἐπέδωκε,

396 4372 493 4447 καί
525 4373 1128 4447 περὶκτήςεύσεϐείας
1148 4379 1245 4430 καὶ
1264 4372 1495 4445 αρετῆς
1528 4377 1626 4431 καὶ
1657 4372 1905 4447 νομοθεὲ

400 4443 536 4508 σίας
576 4443 684 4497 τοῦ
714 4445 885 4512 ἁγίου
913 4443 1403 4501 Κωνσταντίνου.

397 4555 522 4618 Tot;
557 4556 612 4608 δὲ
665 4557 809 4611 κατὰ
860 4557 1104 4612 Λικίνιον
1148 4558 1336 4623 καλῶς
1377 4559 1759 4632 ἀπαντήσασι,
1808 4562 1906 4618 καὶ

320 4648 484 4703 πόλιν
514 4651 591 4712 είς
624 4650 796 4719 ὄνομα
846 4651 1026 4720 ἐαυτῷ
1054 4651 1282 4723 ἀνιστᾷν
1331 4651 1637 4708 διεσκόπει.
1682 4654 1791 4708 Καὶ
1841 4654 1907 4727 δὴ

324 4743 643 4806 Βυζαντίοις
689 4742 904 4814 ἀγρίοις
953 4742 1017 4825 δή
1060 4759 1171 4797 τισι
1222 4742 1559 4813 καθεστῶσι,
1622 4746 1719 4800 καὶ
1774 4747 1911 4819 βαρ-

326 4833 481 4903 εάρῳ
512 4832 653 4899 ξίφει
697 4835 766 4887 τὰ
812 4835 1022 4905 μεγάλα
1066 4834 1301 4905 φυσῶσι,
1344 4838 1624 4904 καταστὰς
1674 4841 1753 4903 είς
1791 4841 1911 4895 δια-

328 4930 526 4997 φορὰν,
589 4928 829 4999 πολέμου
891 4930 1044 5001 νόμῳ
1083 4932 1249 5002 νικᾷν
1299 4935 1398 4988 καὶ
1450 4933 1513 4987 τὸ
1556 4934 1622 4987 ἐκ
1671 4934 1910 4991 παλαιοῦ

328 5018 589 5089 φρούριον
642 5023 722 5084 είς
773 5022 969 5090 ἔδαφος
1023 5025 1447 5097 καταστρέψας,
1506 5027 1907 5100 μεγαλοπρεπῆ

332 5115 756 5183 συνεισενεγκὼν
796 5119 1079 5189 εἰσφορὰν,
1130 5120 1231 5192 τὴν
1278 5122 1525 5195 μεγάλην
1568 5123 1779 5194 ἐγείρει
1812 5123 1912 5177 πό-

328 5203 436 5270 λιν,
472 5206 624 5260 οὐδέν
656 5225 708 5261 τι
760 5207 935 5263 λιπὼν
976 5213 1103 5277 τῶν,
1145 5214 1248 5268 ὅσα
1289 5218 1495 5284 ταύτης
1534 5216 1615 5279 είς
1666 5217 1908 5287 περιφα-

331 5313 483 5349 νειαν
507 5313 522 5325 ·
549 5297 731 5363 οῐκους
759 5317 818 5353 τε
858 5301 1187 5374 δειμάμενος
1238 5307 1520 5375 ἐκφανεῖς,
1562 5306 1625 5359 ἔκ
1679 5323 1736 5359 τε
1778 5306 1913 5359 Ῥώ-

338 5404 446 5459 μης
501 5394 594 5446 καὶ
654 5392 765 5448 τῶν
831 5396 1041 5463 ἐθνῶν,
1101 5397 1343 5471 ἀλλαχοῦ
1403 5400 1527 5464 τοὺς
1586 5401 1925 5471 οἰκήσοντας·

338 5622 352 5635 _
408 5549 484 5635 (
501 5550 768 5635 Licinium
793 5554 1007 5635 imperii
1029 5556 1237 5635 socium
1252 5556 1649 5635 Constantinus
1669 5556 1906 5627 primum

338 5622 401 5703 in
444 5622 741 5703 Pannonia,
793 5622 995 5703 deinde
1049 5628 1105 5703 in
1142 5629 1513 5703 Macedonia,
1572 5622 1795 5703 rursum
1855 5633 1907 5682 in

340 5692 590 5774 'l‘liracia,
635 5692 1020 5774 postremo__in
1063 5698 1189 5753 Asia
1243 5701 1395 5763 vicit,
1427 5692 1675 5774 fugavit,
1703 5708 1759 5753 et
1807 5715 1907 5770 per

341 5761 672 5846 deditionem
709 5768 854 5846 cepit
890 5783 905 5820 :
937 5768 1245 5846 litterarum
1301 5761 1904 5846 acerrimutu'_l_iostém,

348 5830 841 5904 Dacia‘oriunduin,
873 5839 1197 5909 parentibus
1242 5841 1617 5895 armentariis.
1650 5840 1806 5898 Unde
1853 5830 1905 5903 ei

2023 3937 2306 4009 tyrannidi
2366 3952 2501 3995 vero
2558 3945 2616 3992 et
2672 3932 3005 3992 idololatria:
3064 3929 3326 3985 bellicum
3382 3935 3596 3980 motum

2521 4139 2685 4212 534
2720 4136 2948 4195 CAPUT
2985 4136 3076 4192 ιν.

2013 4236 2097 4293 De
2132 4238 2345 4293 conditu
2379 4235 2524 4291 urbis
2583 4228 3216 4300 Οοηειαηίὶηοροίίιαηαν,
3263 4223 3605 4300 «(diﬁciisqae

2084 4310 2199 4379 eius
2229 4326 2249 4364 :
2287 4317 2337 4361 et
2367 4316 2425 4379 ut
2455 4322 2538 4361 res
2586 4295 3020 4379 Christianorum
3058 4307 3230 4379 aucta:
3267 4296 3409 4379 sint,
3442 4304 3503 4379 ei
3541 4295 3603 4346 de

2086 4364 2308 4449 pietate,
2355 4378 2570 4445 virtute,
2612 4391 2673 4431 ac
2734 4370 3190 4428 constitutionibus
3236 4368 3409 4421 sancti
3463 4364 3603 4420 Con—

2082 4451 2328 4506 stantini.

2083 4567 2276 4623 Rebus
2296 4577 2492 4625 contra
2525 4563 2808 4620 Licinium
2841 4572 3111 4631 prospere
3154 4553 3353 4627 gestis,
3403 4550 3613 4606 urbem.

2011 4672 2235 4729 quoque
2281 4669 2343 4713 ut
2386 4656 2495 4713 sub
2526 4656 2753 4710 nomine
2803 4666 2905 4708 suo
2936 4651 3161 4714 condat,
3192 4645 3603 4715 circumspicit.

2011 4750 2261 4824 Byzantii
2303 4749 2529 4820 quidam
2562 4757 2725 4803 erant
2765 4747 2897 4802 saevi
2947 4742 3272 4808 admodum,
3320 4741 3607 4809 armisque

2014 4846 2123 4903 sibi
2191 4844 2434 4900 barbaro
2506 4857 2662 4897 more
2718 4841 3021 4910 plurimum
3078 4843 3431 4908 arrogantes.
3494 4833 3608 4888 llos

2015 4936 2191 4993 armis
2217 4935 2470 4998 adortus,
2508 4933 2637 4988 belli
2658 4933 2783 5003 jure
2808 4931 3018 4987 vincit:
3045 4943 3356 4999 eorumque
3383 4937 3607 4981 vetusto

2019 5029 2250 5085 castello
2284 5029 2497 5093 diruto,
2529 5027 2968 5099 ingentibusque
2999 5034 3055 5081 et
3084 5022 3394 5093 magniﬁcis
3431 5021 3610 5077 tribu—

2022 5122 2094 5178 tis
2144 5121 2530 5192 comportatis,
2574 5133 2831 5190 magnam
2885 5118 3166 5174 construit
3214 5117 3433 5180 urbem,
3469 5113 3608 5169 nihil

2021 5231 2256 5287 prorsus
2289 5231 2476 5272 rerum
2511 5214 2762 5269 omnium
2799 5229 2925 5284 qua:
2956 5213 3023 5267 ad
3052 5227 3175 5266 eam
3215 5207 3609 5266 illustrandam

2023 5319 2367 5382 spectarent,
2407 5309 2699 5374 omittens,
2727 5309 2879 5364 aedes
2925 5306 3222 5378 praclaras
3265 5314 3510 5368 struens,
3543 5314 3613 5355 ex

2024 5401 2144 5473 ipsa
2190 5401 2368 5457 Roma
2422 5401 2661 5471 aliisque
2692 5399 2918 5471 populis
2952 5398 3170 5454 incolas
3211 5411 3279 5453 eo
3312 5394 3562 5449 alliciens
3596 5410 3633 5443 -.,

2017 5557 2183 5613 etiam
2221 5558 2557 5613 Armentarii
2593 5573 2898 5627 cognomen
2930 5555 3193 5627 inditum.

2090 5629 2171 5698 (2)
2201 5629 2358 5684 Cavit
2380 5619 2798 5691 Constantinus,
2827 5626 3047 5698 Licinio
3074 5622 3445 5698 caed_e_ndo,_ne
3469 5619 3627 5698 idem.

2019 5699 2065 5754 is
2099 5691 2346 5755 tentaret
2385 5701 2530 5771 quod
2584 5700 2949 5771 Maximianus
3004 5695 3298 5751 Herculius
3356 5691 3631 5762 imperio...

2017 5772 2161 5841 quod
2192 5768 2548 5842 deposuerat,
2581 5769 2885 5841 repetendo
2915 5768 3146 5829 fecerat.
