  <div class='ocr_page' id='page_1' title='image "/cluster/home/n/w/nwhite01/storage/ocr_20150623/146:no.2/coo.31924054870518/017.png"; bbox 0 0 4118 6498; ppageno 0'>
   <div class='ocr_carea' id='block_1_1' title="bbox 522 374 3779 461">
    <p class='ocr_par' dir='ltr' id='par_1_1' title="bbox 522 374 3779 461">
     <span class='ocr_line' id='line_1_1' title="bbox 522 374 3779 461; baseline 0.019 -45"><span class='ocrx_word' id='word_1_1' title='bbox 522 374 593 440; x_wconf 61' lang='grc'><strong>19</strong></span> <span class='ocrx_word' id='word_1_2' title='bbox 1718 383 2140 459; x_wconf 69' lang='lat' dir='ltr'><strong>Mtzt&#39;rnont</strong></span> <span class='ocrx_word' id='word_1_3' title='bbox 2183 385 2530 454; x_wconf 73' lang='lat' dir='ltr'><strong>CALLISTI</strong></span> <span class='ocrx_word' id='word_1_4' title='bbox 2698 389 2705 397; x_wconf 90' lang='lat'><strong>&#39;</strong></span> <span class='ocrx_word' id='word_1_5' title='bbox 3712 400 3779 461; x_wconf 60' lang='lat'><strong>1’0</strong></span> 
     </span>
    </p>
   </div>
   <div class='ocr_carea' id='block_1_2' title="bbox 520 493 2114 579">
    <p class='ocr_par' dir='ltr' id='par_1_2' title="bbox 520 493 2099 565">
     <span class='ocr_line' id='line_1_2' title="bbox 520 493 2099 565; baseline 0.001 -19"><span class='ocrx_word' id='word_1_6' title='bbox 520 494 730 546; x_wconf 84' lang='lat' dir='ltr'><strong>circum</strong></span> <span class='ocrx_word' id='word_1_7' title='bbox 753 501 1095 561; x_wconf 75' lang='lat' dir='ltr'><strong>equestrem,</strong></span> <span class='ocrx_word' id='word_1_8' title='bbox 1121 493 1392 563; x_wconf 73' lang='lat' dir='ltr'><strong>porticus,</strong></span> <span class='ocrx_word' id='word_1_9' title='bbox 1417 494 1682 565; x_wconf 80' lang='lat' dir='ltr'><strong>projecta,</strong></span> <span class='ocrx_word' id='word_1_10' title='bbox 1714 497 2099 561; x_wconf 78' lang='lat' dir='ltr'><strong>aqua-ductus,</strong></span> 
     </span>
    </p>
   </div>
   <div class='ocr_carea' id='block_1_3' title="bbox 2223 493 3779 579">
    <p class='ocr_par' dir='ltr' id='par_1_3' title="bbox 2223 505 3779 579">
     <span class='ocr_line' id='line_1_3' title="bbox 2223 505 3779 579; baseline 0.008 -25"><span class='ocrx_word' id='word_1_11' title='bbox 2223 505 2638 559; x_wconf 69' lang='grc' dir='ltr'><strong>ιετεστέλλιι.το⁹</strong></span> <span class='ocrx_word' id='word_1_12' title='bbox 2699 508 3034 579; x_wconf 64' lang='grc' dir='ltr'><strong>ἰππῶρομῦν</strong></span> <span class='ocrx_word' id='word_1_13' title='bbox 3096 525 3153 561; x_wconf 87' lang='grc' dir='ltr'><strong>τε</strong></span> <span class='ocrx_word' id='word_1_14' title='bbox 3222 509 3318 562; x_wconf 74' lang='grc' dir='ltr'><strong>καὶ</strong></span> <span class='ocrx_word' id='word_1_15' title='bbox 3376 509 3635 579; x_wconf 70' lang='grc' dir='ltr'><strong>ἐμϐόλους</strong></span> <span class='ocrx_word' id='word_1_16' title='bbox 3686 516 3779 567; x_wconf 70' lang='grc' dir='ltr'><strong>καὶ</strong></span> 
     </span>
    </p>
   </div>
   <div class='ocr_carea' id='block_1_4' title="bbox 522 584 2114 672">
    <p class='ocr_par' dir='ltr' id='par_1_4' title="bbox 522 584 2099 656">
     <span class='ocr_line' id='line_1_4' title="bbox 522 584 2099 656; baseline 0 -17"><span class='ocrx_word' id='word_1_17' title='bbox 522 584 729 648; x_wconf 80' lang='lat' dir='ltr'><strong>fontes,</strong></span> <span class='ocrx_word' id='word_1_18' title='bbox 785 591 1020 646; x_wconf 75' lang='lat' dir='ltr'><strong>statuas.</strong></span> <span class='ocrx_word' id='word_1_19' title='bbox 1071 585 1359 656; x_wconf 82' lang='lat' dir='ltr'><strong>imagines,</strong></span> <span class='ocrx_word' id='word_1_20' title='bbox 1411 595 1466 640; x_wconf 89' lang='lat' dir='ltr'><strong>et</strong></span> <span class='ocrx_word' id='word_1_21' title='bbox 1516 602 1863 656; x_wconf 80' lang='lat' dir='ltr'><strong>quaecunque</strong></span> <span class='ocrx_word' id='word_1_22' title='bbox 1908 598 2099 641; x_wconf 77' lang='lat' dir='ltr'><strong>essent</strong></span> 
     </span>
    </p>
   </div>
   <div class='ocr_carea' id='block_1_5' title="bbox 2223 584 3776 672">
    <p class='ocr_par' dir='ltr' id='par_1_5' title="bbox 2223 597 3776 672">
     <span class='ocr_line' id='line_1_5' title="bbox 2223 597 3776 672; baseline 0.007 -26"><span class='ocrx_word' id='word_1_23' title='bbox 2223 598 2410 665; x_wconf 74' lang='grc' dir='ltr'>ταμεῖα</span> <span class='ocrx_word' id='word_1_24' title='bbox 2442 597 2674 666; x_wconf 83' lang='grc' dir='ltr'><strong>ὑδάτων,</strong></span> <span class='ocrx_word' id='word_1_25' title='bbox 2707 601 2803 652; x_wconf 76' lang='grc' dir='ltr'><strong>καὶ</strong></span> <span class='ocrx_word' id='word_1_26' title='bbox 2849 602 3081 672; x_wconf 74' lang='grc' dir='ltr'><strong>κρήνας,</strong></span> <span class='ocrx_word' id='word_1_27' title='bbox 3132 601 3424 670; x_wconf 78' lang='grc' dir='ltr'><strong>ἀγάλματα</strong></span> <span class='ocrx_word' id='word_1_28' title='bbox 3460 604 3556 656; x_wconf 75' lang='grc' dir='ltr'><strong>καὶ</strong></span> <span class='ocrx_word' id='word_1_29' title='bbox 3584 604 3691 657; x_wconf 71' lang='grc' dir='ltr'><strong>πᾶν</strong></span> <span class='ocrx_word' id='word_1_30' title='bbox 3722 622 3776 657; x_wconf 89' lang='grc' dir='ltr'>τι</span> 
     </span>
    </p>
   </div>
   <div class='ocr_carea' id='block_1_6' title="bbox 522 676 2114 763">
    <p class='ocr_par' dir='ltr' id='par_1_6' title="bbox 522 676 2099 748">
     <span class='ocr_line' id='line_1_6' title="bbox 522 676 2099 748; baseline 0.003 -18"><span class='ocrx_word' id='word_1_31' title='bbox 522 676 817 746; x_wconf 67' lang='lat' dir='ltr'><strong>praecipuae</strong></span> <span class='ocrx_word' id='word_1_32' title='bbox 859 677 998 732; x_wconf 89' lang='lat' dir='ltr'><strong>artis</strong></span> <span class='ocrx_word' id='word_1_33' title='bbox 1046 690 1240 746; x_wconf 82' lang='lat' dir='ltr'><strong>Opera,</strong></span> <span class='ocrx_word' id='word_1_34' title='bbox 1276 676 1392 731; x_wconf 82' lang='lat' dir='ltr'><strong>ﬁeri</strong></span> <span class='ocrx_word' id='word_1_35' title='bbox 1423 693 1605 748; x_wconf 89' lang='lat' dir='ltr'><strong>eoque</strong></span> <span class='ocrx_word' id='word_1_36' title='bbox 1638 679 2003 748; x_wconf 76' lang='lat' dir='ltr'><strong>comportari,</strong></span> <span class='ocrx_word' id='word_1_37' title='bbox 2040 690 2099 734; x_wconf 90' lang='lat' dir='ltr'><strong>nt</strong></span> 
     </span>
    </p>
   </div>
   <div class='ocr_carea' id='block_1_7' title="bbox 2223 676 3783 763">
    <p class='ocr_par' dir='ltr' id='par_1_7' title="bbox 2223 687 3783 763">
     <span class='ocr_line' id='line_1_7' title="bbox 2223 687 3783 763; baseline 0.006 -25"><span class='ocrx_word' id='word_1_38' title='bbox 2223 687 2335 751; x_wconf 79' lang='grc' dir='ltr'><strong>τῶν,</strong></span> <span class='ocrx_word' id='word_1_39' title='bbox 2387 690 2486 743; x_wconf 84' lang='grc' dir='ltr'><strong>ὅσα</strong></span> <span class='ocrx_word' id='word_1_40' title='bbox 2523 690 2705 760; x_wconf 76' lang='grc' dir='ltr'><strong>χειρὸς</strong></span> <span class='ocrx_word' id='word_1_41' title='bbox 2735 691 3001 758; x_wconf 79' lang='grc' dir='ltr'>ἐξαισίοις,</span> <span class='ocrx_word' id='word_1_42' title='bbox 3058 693 3283 763; x_wconf 73' lang='grc' dir='ltr'><strong>ἐκόμιζε</strong></span> <span class='ocrx_word' id='word_1_43' title='bbox 3315 711 3375 747; x_wconf 86' lang='grc' dir='ltr'>τε</span> <span class='ocrx_word' id='word_1_44' title='bbox 3418 694 3511 747; x_wconf 75' lang='grc' dir='ltr'><strong>καὶ</strong></span> <span class='ocrx_word' id='word_1_45' title='bbox 3551 697 3783 750; x_wconf 82' lang='grc' dir='ltr'><strong>κατεκό-</strong></span> 
     </span>
    </p>
   </div>
   <div class='ocr_carea' id='block_1_8' title="bbox 520 766 2114 857">
    <p class='ocr_par' dir='ltr' id='par_1_8' title="bbox 520 766 2101 839">
     <span class='ocr_line' id='line_1_8' title="bbox 520 766 2101 839; baseline 0.002 -17"><span class='ocrx_word' id='word_1_46' title='bbox 520 766 808 839; x_wconf 81' lang='lat' dir='ltr'><strong>splendida</strong></span> <span class='ocrx_word' id='word_1_47' title='bbox 842 777 1150 837; x_wconf 87' lang='lat' dir='ltr'><strong>ornataque</strong></span> <span class='ocrx_word' id='word_1_48' title='bbox 1194 768 1455 825; x_wconf 86' lang='lat' dir='ltr'><strong>redderet</strong></span> <span class='ocrx_word' id='word_1_49' title='bbox 1486 771 1693 832; x_wconf 87' lang='lat' dir='ltr'><strong>omnia,</strong></span> <span class='ocrx_word' id='word_1_50' title='bbox 1747 786 1971 826; x_wconf 88' lang='lat' dir='ltr'><strong>curans.</strong></span> <span class='ocrx_word' id='word_1_51' title='bbox 2015 770 2101 825; x_wconf 82' lang='lat' dir='ltr'><strong>Ad</strong></span> 
     </span>
    </p>
   </div>
   <div class='ocr_carea' id='block_1_9' title="bbox 2223 766 3787 857">
    <p class='ocr_par' dir='ltr' id='par_1_9' title="bbox 2223 781 3787 857">
     <span class='ocr_line' id='line_1_9' title="bbox 2223 781 3787 857; baseline 0.006 -26"><span class='ocrx_word' id='word_1_52' title='bbox 2223 795 2357 849; x_wconf 76' lang='grc' dir='ltr'>ιμει,</span> <span class='ocrx_word' id='word_1_53' title='bbox 2416 781 2653 852; x_wconf 73' lang='grc' dir='ltr'>διαφανῆ</span> <span class='ocrx_word' id='word_1_54' title='bbox 2694 783 2992 837; x_wconf 86' lang='grc' dir='ltr'><strong>καθιστῶν.</strong></span> <span class='ocrx_word' id='word_1_55' title='bbox 3048 784 3204 847; x_wconf 81' lang='grc' dir='ltr'><strong>Νεὼς</strong></span> <span class='ocrx_word' id='word_1_56' title='bbox 3255 785 3346 838; x_wconf 73' lang='grc' dir='ltr'>ἐπὶ</span> <span class='ocrx_word' id='word_1_57' title='bbox 3395 785 3610 849; x_wconf 83' lang='grc' dir='ltr'><strong>τούτοις</strong></span> <span class='ocrx_word' id='word_1_58' title='bbox 3669 786 3787 857; x_wconf 83' lang='grc' dir='ltr'><strong>Θεῷ</strong></span> 
     </span>
    </p>
   </div>
   <div class='ocr_carea' id='block_1_10' title="bbox 524 860 2114 947">
    <p class='ocr_par' dir='ltr' id='par_1_10' title="bbox 524 860 2103 933">
     <span class='ocr_line' id='line_1_10' title="bbox 524 860 2103 933; baseline 0.002 -19"><span class='ocrx_word' id='word_1_59' title='bbox 524 860 663 926; x_wconf 66' lang='lat' dir='ltr'><strong>hate,</strong></span> <span class='ocrx_word' id='word_1_60' title='bbox 730 861 936 930; x_wconf 85' lang='lat' dir='ltr'><strong>templa</strong></span> <span class='ocrx_word' id='word_1_61' title='bbox 983 861 1119 925; x_wconf 85' lang='lat' dir='ltr'><strong>Deo,</strong></span> <span class='ocrx_word' id='word_1_62' title='bbox 1173 862 1443 933; x_wconf 80' lang='lat' dir='ltr'><strong>apostolis</strong></span> <span class='ocrx_word' id='word_1_63' title='bbox 1494 872 1554 917; x_wconf 84' lang='lat' dir='ltr'><strong>et</strong></span> <span class='ocrx_word' id='word_1_64' title='bbox 1621 863 1993 933; x_wconf 73' lang='lat' dir='ltr'><strong>martyribus,</strong></span> <span class='ocrx_word' id='word_1_65' title='bbox 2044 872 2103 917; x_wconf 91' lang='lat' dir='ltr'><strong>et</strong></span> 
     </span>
    </p>
   </div>
   <div class='ocr_carea' id='block_1_11' title="bbox 2223 860 3790 947">
    <p class='ocr_par' dir='ltr' id='par_1_11' title="bbox 2223 869 3790 947">
     <span class='ocr_line' id='line_1_11' title="bbox 2223 869 3790 947; baseline 0.006 -25"><span class='ocrx_word' id='word_1_66' title='bbox 2223 869 2422 937; x_wconf 70' lang='grc' dir='ltr'><strong>ἱνιστα,</strong></span> <span class='ocrx_word' id='word_1_67' title='bbox 2465 874 2561 925; x_wconf 71' lang='grc' dir='ltr'><strong>καὶ</strong></span> <span class='ocrx_word' id='word_1_68' title='bbox 2604 874 2933 939; x_wconf 74' lang='grc' dir='ltr'><strong>ἀποστόλοις</strong></span> <span class='ocrx_word' id='word_1_69' title='bbox 2966 876 3062 930; x_wconf 77' lang='grc' dir='ltr'><strong>καὶ</strong></span> <span class='ocrx_word' id='word_1_70' title='bbox 3110 878 3385 946; x_wconf 84' lang='grc' dir='ltr'><strong>μάρτυσι⁶</strong></span> <span class='ocrx_word' id='word_1_71' title='bbox 3425 878 3521 932; x_wconf 71' lang='grc' dir='ltr'><strong>καὶ</strong></span> <span class='ocrx_word' id='word_1_72' title='bbox 3566 878 3660 932; x_wconf 79' lang='grc' dir='ltr'><strong>τὸν</strong></span> <span class='ocrx_word' id='word_1_73' title='bbox 3695 878 3790 947; x_wconf 83' lang='grc' dir='ltr'><strong>μέ-</strong></span> 
     </span>
    </p>
   </div>
   <div class='ocr_carea' id='block_1_12' title="bbox 522 950 2114 1038">
    <p class='ocr_par' dir='ltr' id='par_1_12' title="bbox 522 950 2103 1023">
     <span class='ocr_line' id='line_1_12' title="bbox 522 950 2103 1023; baseline 0.003 -19"><span class='ocrx_word' id='word_1_74' title='bbox 522 951 818 1004; x_wconf 75' lang='lat' dir='ltr'><strong>maximam</strong></span> <span class='ocrx_word' id='word_1_75' title='bbox 848 950 999 1005; x_wconf 85' lang='lat' dir='ltr'><strong>illam</strong></span> <span class='ocrx_word' id='word_1_76' title='bbox 1032 951 1407 1023; x_wconf 74' lang='lat' dir='ltr'><strong>porphyretici</strong></span> <span class='ocrx_word' id='word_1_77' title='bbox 1456 954 1753 1008; x_wconf 84' lang='lat' dir='ltr'><strong>marmoris</strong></span> <span class='ocrx_word' id='word_1_78' title='bbox 1786 954 2103 1009; x_wconf 82' lang='lat' dir='ltr'><strong>columnam</strong></span> 
     </span>
    </p>
   </div>
   <div class='ocr_carea' id='block_1_13' title="bbox 2223 950 3790 1038">
    <p class='ocr_par' dir='ltr' id='par_1_13' title="bbox 2223 960 3790 1038">
     <span class='ocr_line' id='line_1_13' title="bbox 2223 960 3790 1038; baseline 0.004 -24"><span class='ocrx_word' id='word_1_79' title='bbox 2223 979 2395 1028; x_wconf 70' lang='grc' dir='ltr'>τιστον</span> <span class='ocrx_word' id='word_1_80' title='bbox 2426 964 2746 1037; x_wconf 81' lang='grc' dir='ltr'>πορφυροῦν</span> <span class='ocrx_word' id='word_1_81' title='bbox 2796 967 2973 1033; x_wconf 83' lang='grc' dir='ltr'><strong>κίονα,</strong></span> <span class='ocrx_word' id='word_1_82' title='bbox 3015 971 3073 1023; x_wconf 82' lang='grc' dir='ltr'><strong>ὲν</strong></span> <span class='ocrx_word' id='word_1_83' title='bbox 3106 960 3151 1038; x_wconf 82' lang='grc' dir='ltr'><strong>ᾧ</strong></span> <span class='ocrx_word' id='word_1_84' title='bbox 3192 970 3288 1023; x_wconf 73' lang='grc' dir='ltr'><strong>καὶ</strong></span> <span class='ocrx_word' id='word_1_85' title='bbox 3331 969 3462 1023; x_wconf 72' lang='grc' dir='ltr'>ἴδιον</span> <span class='ocrx_word' id='word_1_86' title='bbox 3494 969 3790 1038; x_wconf 82' lang='grc' dir='ltr'>ἀνδριάντα</span> 
     </span>
    </p>
   </div>
   <div class='ocr_carea' id='block_1_14' title="bbox 526 1045 2114 1133">
    <p class='ocr_par' dir='ltr' id='par_1_14' title="bbox 526 1045 2104 1115">
     <span class='ocr_line' id='line_1_14' title="bbox 526 1045 2104 1115; baseline 0.003 -18"><span class='ocrx_word' id='word_1_87' title='bbox 526 1052 880 1110; x_wconf 88' lang='lat' dir='ltr'><strong>construens,</strong></span> <span class='ocrx_word' id='word_1_88' title='bbox 909 1045 965 1098; x_wconf 91' lang='lat' dir='ltr'><strong>in</strong></span> <span class='ocrx_word' id='word_1_89' title='bbox 999 1060 1108 1114; x_wconf 91' lang='lat' dir='ltr'><strong>qua</strong></span> <span class='ocrx_word' id='word_1_90' title='bbox 1152 1054 1393 1099; x_wconf 85' lang='lat' dir='ltr'><strong>statuam</strong></span> <span class='ocrx_word' id='word_1_91' title='bbox 1421 1060 1642 1115; x_wconf 87' lang='lat' dir='ltr'><strong>quoque</strong></span> <span class='ocrx_word' id='word_1_92' title='bbox 1677 1062 1833 1101; x_wconf 88' lang='lat' dir='ltr'><strong>suam</strong></span> <span class='ocrx_word' id='word_1_93' title='bbox 1861 1046 2104 1102; x_wconf 84' lang='lat' dir='ltr'><strong>colloca-</strong></span> 
     </span>
    </p>
   </div>
   <div class='ocr_carea' id='block_1_15' title="bbox 2223 1045 3788 1133">
    <p class='ocr_par' dir='ltr' id='par_1_15' title="bbox 2223 1056 3788 1133">
     <span class='ocr_line' id='line_1_15' title="bbox 2223 1056 3788 1133; baseline 0.004 -25"><span class='ocrx_word' id='word_1_94' title='bbox 2223 1056 2438 1125; x_wconf 63' lang='grc' dir='ltr'>ιπῆγεν,</span> <span class='ocrx_word' id='word_1_95' title='bbox 2485 1058 2579 1112; x_wconf 74' lang='grc' dir='ltr'>ἐπὶ</span> <span class='ocrx_word' id='word_1_96' title='bbox 2630 1059 2782 1131; x_wconf 78' lang='grc' dir='ltr'>πόλῳ</span> <span class='ocrx_word' id='word_1_97' title='bbox 2834 1061 3073 1131; x_wconf 77' lang='grc' dir='ltr'>σταυρὸν</span> <span class='ocrx_word' id='word_1_98' title='bbox 3121 1063 3486 1133; x_wconf 86' lang='grc' dir='ltr'>ὲμπεπηγότα</span> <span class='ocrx_word' id='word_1_99' title='bbox 3533 1061 3788 1116; x_wconf 79' lang='grc' dir='ltr'><strong>διακατέ·</strong></span> 
     </span>
    </p>
   </div>
   <div class='ocr_carea' id='block_1_16' title="bbox 525 1134 2114 1225">
    <p class='ocr_par' dir='ltr' id='par_1_16' title="bbox 525 1134 2103 1206">
     <span class='ocr_line' id='line_1_16' title="bbox 525 1134 2103 1206; baseline 0.004 -18"><span class='ocrx_word' id='word_1_100' title='bbox 525 1134 625 1201; x_wconf 83' lang='lat' dir='ltr'><strong>vit,</strong></span> <span class='ocrx_word' id='word_1_101' title='bbox 655 1136 710 1189; x_wconf 90' lang='lat' dir='ltr'><strong>in</strong></span> <span class='ocrx_word' id='word_1_102' title='bbox 762 1136 892 1206; x_wconf 88' lang='lat' dir='ltr'><strong>polo</strong></span> <span class='ocrx_word' id='word_1_103' title='bbox 949 1152 1049 1192; x_wconf 90' lang='lat' dir='ltr'><strong>seu</strong></span> <span class='ocrx_word' id='word_1_104' title='bbox 1092 1138 1300 1193; x_wconf 86' lang='lat' dir='ltr'><strong>vertice</strong></span> <span class='ocrx_word' id='word_1_105' title='bbox 1348 1138 1541 1193; x_wconf 88' lang='lat' dir='ltr'><strong>mundi</strong></span> <span class='ocrx_word' id='word_1_106' title='bbox 1597 1155 1821 1195; x_wconf 90' lang='lat' dir='ltr'><strong>crucem</strong></span> <span class='ocrx_word' id='word_1_107' title='bbox 1880 1140 2103 1196; x_wconf 80' lang='lat' dir='ltr'><strong>inﬁxam</strong></span> 
     </span>
    </p>
   </div>
   <div class='ocr_carea' id='block_1_17' title="bbox 2223 1134 3788 1225">
    <p class='ocr_par' dir='ltr' id='par_1_17' title="bbox 2223 1145 3788 1225">
     <span class='ocr_line' id='line_1_17' title="bbox 2223 1145 3788 1225; baseline 0.001 -23"><span class='ocrx_word' id='word_1_108' title='bbox 2223 1167 2394 1220; x_wconf 74' lang='grc' dir='ltr'><strong>(οντα.</strong></span> <span class='ocrx_word' id='word_1_109' title='bbox 2423 1145 2519 1215; x_wconf 73' lang='grc' dir='ltr'><strong>Οἷς</strong></span> <span class='ocrx_word' id='word_1_110' title='bbox 2552 1154 2885 1223; x_wconf 77' lang='grc' dir='ltr'><strong>παρεδήλου,</strong></span> <span class='ocrx_word' id='word_1_111' title='bbox 2921 1153 2999 1217; x_wconf 83' lang='grc' dir='ltr'><strong>ὡς</strong></span> <span class='ocrx_word' id='word_1_112' title='bbox 3029 1153 3103 1223; x_wconf 83' lang='grc' dir='ltr'><strong>γῆ</strong></span> <span class='ocrx_word' id='word_1_113' title='bbox 3143 1172 3202 1208; x_wconf 87' lang='grc' dir='ltr'>τε</span> <span class='ocrx_word' id='word_1_114' title='bbox 3238 1155 3389 1225; x_wconf 82' lang='grc' dir='ltr'><strong>αὐτῷ</strong></span> <span class='ocrx_word' id='word_1_115' title='bbox 3414 1154 3509 1207; x_wconf 74' lang='grc' dir='ltr'><strong>καὶ</strong></span> <span class='ocrx_word' id='word_1_116' title='bbox 3545 1152 3788 1207; x_wconf 81' lang='grc' dir='ltr'><strong>θάλαττα</strong></span> 
     </span>
    </p>
   </div>
   <div class='ocr_carea' id='block_1_18' title="bbox 522 1227 2114 1317">
    <p class='ocr_par' dir='ltr' id='par_1_18' title="bbox 522 1227 2107 1301">
     <span class='ocr_line' id='line_1_18' title="bbox 522 1227 2107 1301; baseline 0.005 -21"><span class='ocrx_word' id='word_1_117' title='bbox 522 1240 688 1281; x_wconf 88' lang='lat' dir='ltr'><strong>manu</strong></span> <span class='ocrx_word' id='word_1_118' title='bbox 737 1235 1046 1284; x_wconf 88' lang='lat' dir='ltr'><strong>tenentem.</strong></span> <span class='ocrx_word' id='word_1_119' title='bbox 1079 1227 1201 1295; x_wconf 87' lang='lat' dir='ltr'><strong>Quo</strong></span> <span class='ocrx_word' id='word_1_120' title='bbox 1247 1230 1340 1285; x_wconf 88' lang='lat' dir='ltr'><strong>ille</strong></span> <span class='ocrx_word' id='word_1_121' title='bbox 1375 1232 1623 1301; x_wconf 83' lang='lat' dir='ltr'><strong>symbolo</strong></span> <span class='ocrx_word' id='word_1_122' title='bbox 1660 1232 1944 1299; x_wconf 86' lang='lat' dir='ltr'><strong>indicavit,</strong></span> <span class='ocrx_word' id='word_1_123' title='bbox 1993 1234 2107 1288; x_wconf 86' lang='lat' dir='ltr'><strong>vir-</strong></span> 
     </span>
    </p>
   </div>
   <div class='ocr_carea' id='block_1_19' title="bbox 2223 1227 3789 1317">
    <p class='ocr_par' dir='ltr' id='par_1_19' title="bbox 2223 1240 3789 1317">
     <span class='ocr_line' id='line_1_19' title="bbox 2223 1240 3789 1317; baseline 0.003 -24"><span class='ocrx_word' id='word_1_124' title='bbox 2223 1240 2533 1296; x_wconf 73' lang='grc' dir='ltr'><strong>Ξεδούλωται</strong></span> <span class='ocrx_word' id='word_1_125' title='bbox 2553 1246 2704 1298; x_wconf 81' lang='grc' dir='ltr'><strong>πᾶσα</strong></span> <span class='ocrx_word' id='word_1_126' title='bbox 2727 1249 2795 1314; x_wconf 82' lang='grc' dir='ltr'><strong>τῇ</strong></span> <span class='ocrx_word' id='word_1_127' title='bbox 2826 1245 3057 1314; x_wconf 82' lang='grc' dir='ltr'><strong>δυνάμει</strong></span> <span class='ocrx_word' id='word_1_128' title='bbox 3081 1246 3172 1299; x_wconf 69' lang='grc' dir='ltr'><strong>τοῦ</strong></span> <span class='ocrx_word' id='word_1_129' title='bbox 3195 1247 3470 1317; x_wconf 79' lang='grc' dir='ltr'><strong>ἀηττήτου</strong></span> <span class='ocrx_word' id='word_1_130' title='bbox 3495 1245 3789 1316; x_wconf 81' lang='grc' dir='ltr'><strong>τροπαίου.</strong></span> 
     </span>
    </p>
   </div>
   <div class='ocr_carea' id='block_1_20' title="bbox 524 1318 2114 1407">
    <p class='ocr_par' dir='ltr' id='par_1_20' title="bbox 524 1318 2106 1393">
     <span class='ocr_line' id='line_1_20' title="bbox 524 1318 2106 1393; baseline 0.005 -20"><span class='ocrx_word' id='word_1_131' title='bbox 524 1328 640 1374; x_wconf 88' lang='lat' dir='ltr'><strong>tute</strong></span> <span class='ocrx_word' id='word_1_132' title='bbox 672 1318 861 1375; x_wconf 81' lang='lat' dir='ltr'><strong>invicti</strong></span> <span class='ocrx_word' id='word_1_133' title='bbox 894 1321 1016 1389; x_wconf 86' lang='lat' dir='ltr'><strong>ejus</strong></span> <span class='ocrx_word' id='word_1_134' title='bbox 1049 1321 1243 1390; x_wconf 66' lang='lat' dir='ltr'><strong>tropaei</strong></span> <span class='ocrx_word' id='word_1_135' title='bbox 1282 1331 1339 1377; x_wconf 90' lang='lat' dir='ltr'><strong>et</strong></span> <span class='ocrx_word' id='word_1_136' title='bbox 1381 1322 1525 1393; x_wconf 83' lang='lat' dir='ltr'><strong>signi</strong></span> <span class='ocrx_word' id='word_1_137' title='bbox 1560 1335 1761 1378; x_wconf 89' lang='lat' dir='ltr'><strong>terram</strong></span> <span class='ocrx_word' id='word_1_138' title='bbox 1792 1339 2013 1381; x_wconf 89' lang='lat' dir='ltr'><strong>omnem</strong></span> <span class='ocrx_word' id='word_1_139' title='bbox 2049 1335 2106 1381; x_wconf 90' lang='lat' dir='ltr'><strong>et</strong></span> 
     </span>
    </p>
   </div>
   <div class='ocr_carea' id='block_1_21' title="bbox 2223 1318 3796 1407">
    <p class='ocr_par' dir='ltr' id='par_1_21' title="bbox 2223 1332 3796 1407">
     <span class='ocr_line' id='line_1_21' title="bbox 2223 1332 3796 1407; baseline 0.001 -24"><span class='ocrx_word' id='word_1_140' title='bbox 2223 1332 2321 1385; x_wconf 75' lang='grc' dir='ltr'><strong>Καὶ</strong></span> <span class='ocrx_word' id='word_1_141' title='bbox 2357 1333 2499 1388; x_wconf 83' lang='grc' dir='ltr'><strong>κατὰ</strong></span> <span class='ocrx_word' id='word_1_142' title='bbox 2536 1335 2630 1389; x_wconf 79' lang='grc' dir='ltr'><strong>τὸν</strong></span> <span class='ocrx_word' id='word_1_143' title='bbox 2662 1335 2718 1398; x_wconf 86' lang='grc' dir='ltr'><strong>ὃς</strong></span> <span class='ocrx_word' id='word_1_144' title='bbox 2753 1338 3010 1390; x_wconf 85' lang='grc' dir='ltr'><strong>καλεῖται</strong></span> <span class='ocrx_word' id='word_1_145' title='bbox 3059 1336 3241 1407; x_wconf 81' lang='grc' dir='ltr'><strong>χῶρος</strong></span> <span class='ocrx_word' id='word_1_146' title='bbox 3290 1335 3594 1390; x_wconf 79' lang='grc' dir='ltr'>Σωσθένιον</span> <span class='ocrx_word' id='word_1_147' title='bbox 3627 1336 3686 1388; x_wconf 67' lang='grc' dir='ltr'>ὲν</span> <span class='ocrx_word' id='word_1_148' title='bbox 3713 1332 3796 1403; x_wconf 84' lang='grc' dir='ltr'>τῷ</span> 
     </span>
    </p>
   </div>
   <div class='ocr_carea' id='block_1_22' title="bbox 522 1412 2114 1502">
    <p class='ocr_par' dir='ltr' id='par_1_22' title="bbox 522 1412 2103 1487">
     <span class='ocr_line' id='line_1_22' title="bbox 522 1412 2103 1487; baseline 0.008 -23"><span class='ocrx_word' id='word_1_149' title='bbox 522 1426 677 1466; x_wconf 85' lang='lat' dir='ltr'><strong>mare</strong></span> <span class='ocrx_word' id='word_1_150' title='bbox 710 1412 889 1479; x_wconf 90' lang='lat' dir='ltr'><strong>ipsum</strong></span> <span class='ocrx_word' id='word_1_151' title='bbox 922 1428 953 1467; x_wconf 91' lang='lat' dir='ltr'><strong>a</strong></span> <span class='ocrx_word' id='word_1_152' title='bbox 984 1428 1043 1469; x_wconf 87' lang='lat' dir='ltr'><strong>se</strong></span> <span class='ocrx_word' id='word_1_153' title='bbox 1074 1429 1197 1470; x_wconf 86' lang='lat' dir='ltr'><strong>esse</strong></span> <span class='ocrx_word' id='word_1_154' title='bbox 1235 1415 1548 1471; x_wconf 86' lang='lat' dir='ltr'><strong>subactum.</strong></span> <span class='ocrx_word' id='word_1_155' title='bbox 1589 1416 1645 1471; x_wconf 92' lang='lat' dir='ltr'><strong>In</strong></span> <span class='ocrx_word' id='word_1_156' title='bbox 1679 1418 1902 1487; x_wconf 80' lang='lat' dir='ltr'><strong>regione</strong></span> <span class='ocrx_word' id='word_1_157' title='bbox 1931 1421 2103 1475; x_wconf 87' lang='lat' dir='ltr'><strong>etiam</strong></span> 
     </span>
    </p>
   </div>
   <div class='ocr_carea' id='block_1_23' title="bbox 2223 1412 3909 1502">
    <p class='ocr_par' dir='ltr' id='par_1_23' title="bbox 2223 1424 3909 1502">
     <span class='ocr_line' id='line_1_23' title="bbox 2223 1424 3909 1502; baseline 0.001 -25"><span class='ocrx_word' id='word_1_158' title='bbox 2223 1424 2462 1495; x_wconf 61' lang='grc' dir='ltr'>ἂνάπλῳ,</span> <span class='ocrx_word' id='word_1_159' title='bbox 2493 1426 2629 1482; x_wconf 87' lang='grc' dir='ltr'>νεὼν</span> <span class='ocrx_word' id='word_1_160' title='bbox 2660 1428 2721 1493; x_wconf 79' lang='grc' dir='ltr'>ἐξ</span> <span class='ocrx_word' id='word_1_161' title='bbox 2773 1430 3101 1496; x_wconf 72' lang='grc' dir='ltr'><strong>ἐπιφανείας</strong></span> <span class='ocrx_word' id='word_1_162' title='bbox 3133 1430 3229 1483; x_wconf 87' lang='grc' dir='ltr'><strong>τοῦ</strong></span> <span class='ocrx_word' id='word_1_163' title='bbox 3274 1428 3628 1502; x_wconf 80' lang='grc' dir='ltr'><strong>ἀρχαγγέλου</strong></span> <span class='ocrx_word' id='word_1_164' title='bbox 3676 1427 3805 1480; x_wconf 73' lang='grc' dir='ltr'><strong>ἀνί·⁴</strong></span> <span class='ocrx_word' id='word_1_165' title='bbox 3900 1458 3909 1467; x_wconf 76' lang='grc' dir='ltr'><strong>ι</strong></span> 
     </span>
    </p>
   </div>
   <div class='ocr_carea' id='block_1_24' title="bbox 525 1505 2114 1591">
    <p class='ocr_par' dir='ltr' id='par_1_24' title="bbox 525 1505 2106 1585">
     <span class='ocr_line' id='line_1_24' title="bbox 525 1505 2106 1585; baseline 0.004 -24"><span class='ocrx_word' id='word_1_166' title='bbox 525 1519 589 1561; x_wconf 87' lang='lat' dir='ltr'><strong>ea</strong></span> <span class='ocrx_word' id='word_1_167' title='bbox 612 1520 737 1574; x_wconf 77' lang='lat' dir='ltr'><strong>quae</strong></span> <span class='ocrx_word' id='word_1_168' title='bbox 759 1505 1117 1562; x_wconf 86' lang='lat' dir='ltr'><strong>Sosthenium</strong></span> <span class='ocrx_word' id='word_1_169' title='bbox 1160 1508 1387 1575; x_wconf 90' lang='lat' dir='ltr'><strong>dicitur,</strong></span> <span class='ocrx_word' id='word_1_170' title='bbox 1428 1518 1484 1564; x_wconf 91' lang='lat' dir='ltr'><strong>et</strong></span> <span class='ocrx_word' id='word_1_171' title='bbox 1528 1510 1582 1563; x_wconf 93' lang='lat' dir='ltr'><strong>in</strong></span> <span class='ocrx_word' id='word_1_172' title='bbox 1628 1513 1887 1581; x_wconf 89' lang='lat' dir='ltr'><strong>trajectu,</strong></span> <span class='ocrx_word' id='word_1_173' title='bbox 1914 1529 1977 1567; x_wconf 84' lang='lat' dir='ltr'><strong>ex</strong></span> <span class='ocrx_word' id='word_1_174' title='bbox 2010 1530 2106 1585; x_wconf 87' lang='lat' dir='ltr'><strong>ap-</strong></span> 
     </span>
    </p>
   </div>
   <div class='ocr_carea' id='block_1_25' title="bbox 2223 1505 3799 1591">
    <p class='ocr_par' dir='ltr' id='par_1_25' title="bbox 2223 1519 3799 1591">
     <span class='ocr_line' id='line_1_25' title="bbox 2223 1519 3799 1591; baseline 0.001 -21"><span class='ocrx_word' id='word_1_175' title='bbox 2223 1534 2319 1585; x_wconf 73' lang='grc' dir='ltr'><strong>πτη</strong></span> <span class='ocrx_word' id='word_1_176' title='bbox 2340 1535 2357 1551; x_wconf 79' lang='grc' dir='ltr'><strong><em>ο</em></strong></span> <span class='ocrx_word' id='word_1_177' title='bbox 2388 1523 2485 1574; x_wconf 72' lang='grc' dir='ltr'><strong>καὶ</strong></span> <span class='ocrx_word' id='word_1_178' title='bbox 2509 1519 2624 1576; x_wconf 78' lang='grc' dir='ltr'>ἄλλ’</span> <span class='ocrx_word' id='word_1_179' title='bbox 2651 1520 2811 1589; x_wconf 81' lang='grc' dir='ltr'><strong>ἄττα,</strong></span> <span class='ocrx_word' id='word_1_180' title='bbox 2846 1521 2975 1588; x_wconf 78' lang='grc' dir='ltr'><strong>ἄξιά</strong></span> <span class='ocrx_word' id='word_1_181' title='bbox 3009 1536 3071 1587; x_wconf 81' lang='grc' dir='ltr'>γε</span> <span class='ocrx_word' id='word_1_182' title='bbox 3099 1524 3197 1591; x_wconf 80' lang='grc' dir='ltr'><strong>τῆς</strong></span> <span class='ocrx_word' id='word_1_183' title='bbox 3225 1523 3441 1575; x_wconf 75' lang='grc' dir='ltr'>ἐκείνου</span> <span class='ocrx_word' id='word_1_184' title='bbox 3476 1521 3572 1575; x_wconf 79' lang='grc' dir='ltr'><strong>καὶ</strong></span> <span class='ocrx_word' id='word_1_185' title='bbox 3598 1519 3799 1589; x_wconf 72' lang='grc' dir='ltr'><strong>φρενδς</strong></span> 
     </span>
    </p>
   </div>
   <div class='ocr_carea' id='block_1_26' title="bbox 523 1595 2114 1681">
    <p class='ocr_par' dir='ltr' id='par_1_26' title="bbox 523 1595 2104 1676">
     <span class='ocr_line' id='line_1_26' title="bbox 523 1595 2104 1676; baseline 0.008 -26"><span class='ocrx_word' id='word_1_186' title='bbox 523 1595 802 1667; x_wconf 87' lang='lat' dir='ltr'><strong>paritione</strong></span> <span class='ocrx_word' id='word_1_187' title='bbox 835 1599 1153 1671; x_wconf 79' lang='lat' dir='ltr'><strong>archangeli</strong></span> <span class='ocrx_word' id='word_1_188' title='bbox 1213 1601 1518 1669; x_wconf 84' lang='lat' dir='ltr'><strong>Michaelis,</strong></span> <span class='ocrx_word' id='word_1_189' title='bbox 1578 1605 1780 1673; x_wconf 85' lang='lat' dir='ltr'><strong>templa</strong></span> <span class='ocrx_word' id='word_1_190' title='bbox 1829 1606 2104 1676; x_wconf 85' lang='lat' dir='ltr'><strong>condidit,</strong></span> 
     </span>
    </p>
   </div>
   <div class='ocr_carea' id='block_1_27' title="bbox 2223 1595 3799 1681">
    <p class='ocr_par' dir='ltr' id='par_1_27' title="bbox 2223 1609 3799 1681">
     <span class='ocr_line' id='line_1_27' title="bbox 2223 1609 3799 1681; baseline 0.003 -21"><span class='ocrx_word' id='word_1_191' title='bbox 2223 1611 2307 1661; x_wconf 72' lang='lat' dir='ltr'><strong>tati.</strong></span> <span class='ocrx_word' id='word_1_192' title='bbox 2342 1609 2492 1672; x_wconf 81' lang='grc' dir='ltr'>θείας</span> <span class='ocrx_word' id='word_1_193' title='bbox 2528 1612 2827 1677; x_wconf 77' lang='grc' dir='ltr'>συνέσεως,</span> <span class='ocrx_word' id='word_1_194' title='bbox 2851 1613 2935 1667; x_wconf 76' lang='grc' dir='ltr'><strong>ἔτι</strong></span> <span class='ocrx_word' id='word_1_195' title='bbox 2959 1614 3018 1667; x_wconf 79' lang='grc' dir='ltr'><strong>δὲ</strong></span> <span class='ocrx_word' id='word_1_196' title='bbox 3051 1614 3143 1667; x_wconf 71' lang='grc' dir='ltr'><strong>καὶ</strong></span> <span class='ocrx_word' id='word_1_197' title='bbox 3167 1612 3262 1667; x_wconf 83' lang='grc' dir='ltr'>τού</span> <span class='ocrx_word' id='word_1_198' title='bbox 3289 1613 3378 1681; x_wconf 78' lang='grc' dir='ltr'><strong>ἐφ’</strong></span> <span class='ocrx_word' id='word_1_199' title='bbox 3402 1612 3581 1666; x_wconf 72' lang='grc' dir='ltr'>ἅπασι</span> <span class='ocrx_word' id='word_1_200' title='bbox 3625 1627 3799 1679; x_wconf 76' lang='grc' dir='ltr'><strong>μεγαιο</strong></span> 
     </span>
    </p>
   </div>
   <div class='ocr_carea' id='block_1_28' title="bbox 523 1688 2114 1771">
    <p class='ocr_par' dir='ltr' id='par_1_28' title="bbox 523 1688 2103 1767">
     <span class='ocr_line' id='line_1_28' title="bbox 523 1688 2103 1767; baseline 0.008 -26"><span class='ocrx_word' id='word_1_201' title='bbox 523 1688 743 1760; x_wconf 78' lang='lat' dir='ltr'><strong>aliaque</strong></span> <span class='ocrx_word' id='word_1_202' title='bbox 793 1690 952 1757; x_wconf 86' lang='lat' dir='ltr'><strong>plura</strong></span> <span class='ocrx_word' id='word_1_203' title='bbox 1007 1707 1174 1763; x_wconf 83' lang='lat' dir='ltr'><strong>opera</strong></span> <span class='ocrx_word' id='word_1_204' title='bbox 1226 1695 1488 1765; x_wconf 82' lang='lat' dir='ltr'><strong>perfecit,</strong></span> <span class='ocrx_word' id='word_1_205' title='bbox 1540 1713 1663 1767; x_wconf 71' lang='lat' dir='ltr'><strong>quae</strong></span> <span class='ocrx_word' id='word_1_206' title='bbox 1713 1699 1864 1754; x_wconf 87' lang='lat' dir='ltr'><strong>illius</strong></span> <span class='ocrx_word' id='word_1_207' title='bbox 1918 1700 2103 1754; x_wconf 87' lang='lat' dir='ltr'><strong>divina</strong></span> 
     </span>
    </p>
   </div>
   <div class='ocr_carea' id='block_1_29' title="bbox 2223 1688 3801 1771">
    <p class='ocr_par' dir='ltr' id='par_1_29' title="bbox 2223 1698 3801 1771">
     <span class='ocr_line' id='line_1_29' title="bbox 2223 1698 3801 1771; baseline 0.002 -21"><span class='ocrx_word' id='word_1_208' title='bbox 2223 1698 2520 1769; x_wconf 69' lang='grc' dir='ltr'>ίοπρεποῦς</span> <span class='ocrx_word' id='word_1_209' title='bbox 2565 1700 2951 1770; x_wconf 83' lang='grc' dir='ltr'><strong>διεπράττετο.</strong></span> <span class='ocrx_word' id='word_1_210' title='bbox 2980 1701 3217 1771; x_wconf 83' lang='grc' dir='ltr'><strong>Λέγεται</strong></span> <span class='ocrx_word' id='word_1_211' title='bbox 3273 1703 3464 1769; x_wconf 80' lang='grc' dir='ltr'>μέντοι</span> <span class='ocrx_word' id='word_1_212' title='bbox 3519 1698 3656 1769; x_wconf 77' lang='grc' dir='ltr'>περὶ</span> <span class='ocrx_word' id='word_1_213' title='bbox 3701 1701 3801 1769; x_wconf 77' lang='grc' dir='ltr'><strong>τῆς</strong></span> 
     </span>
    </p>
   </div>
   <div class='ocr_carea' id='block_1_30' title="bbox 524 1787 2114 1864">
    <p class='ocr_par' dir='ltr' id='par_1_30' title="bbox 524 1787 2107 1858">
     <span class='ocr_line' id='line_1_30' title="bbox 524 1787 2107 1858; baseline 0.008 -22"><span class='ocrx_word' id='word_1_214' title='bbox 524 1793 711 1838; x_wconf 88' lang='lat' dir='ltr'><strong>mente</strong></span> <span class='ocrx_word' id='word_1_215' title='bbox 739 1796 796 1839; x_wconf 87' lang='lat' dir='ltr'><strong>et</strong></span> <span class='ocrx_word' id='word_1_216' title='bbox 826 1787 1126 1856; x_wconf 85' lang='lat' dir='ltr'><strong>prudentia</strong></span> <span class='ocrx_word' id='word_1_217' title='bbox 1153 1798 1322 1858; x_wconf 81' lang='lat' dir='ltr'><strong>atq-ue</strong></span> <span class='ocrx_word' id='word_1_218' title='bbox 1354 1790 1522 1845; x_wconf 88' lang='lat' dir='ltr'><strong>etiam</strong></span> <span class='ocrx_word' id='word_1_219' title='bbox 1554 1792 1611 1845; x_wconf 86' lang='lat' dir='ltr'><strong>in</strong></span> <span class='ocrx_word' id='word_1_220' title='bbox 1653 1791 1819 1847; x_wconf 89' lang='lat' dir='ltr'><strong>rebus</strong></span> <span class='ocrx_word' id='word_1_221' title='bbox 1844 1793 2107 1848; x_wconf 86' lang='lat' dir='ltr'><strong>omnibus</strong></span> 
     </span>
    </p>
   </div>
   <div class='ocr_carea' id='block_1_31' title="bbox 2223 1787 3803 1864">
    <p class='ocr_par' dir='ltr' id='par_1_31' title="bbox 2223 1791 3803 1864">
     <span class='ocr_line' id='line_1_31' title="bbox 2223 1791 3803 1864; baseline 0.001 -21"><span class='ocrx_word' id='word_1_222' title='bbox 2223 1792 2508 1861; x_wconf 77' lang='grc' dir='ltr'>ίπωνύμου</span> <span class='ocrx_word' id='word_1_223' title='bbox 2543 1793 2695 1863; x_wconf 83' lang='grc' dir='ltr'><strong>αύτῷ</strong></span> <span class='ocrx_word' id='word_1_224' title='bbox 2734 1794 2969 1861; x_wconf 81' lang='grc' dir='ltr'>πόλεως,</span> <span class='ocrx_word' id='word_1_225' title='bbox 3000 1794 3077 1858; x_wconf 83' lang='grc' dir='ltr'><strong>ὡς</strong></span> <span class='ocrx_word' id='word_1_226' title='bbox 3121 1795 3264 1847; x_wconf 83' lang='grc' dir='ltr'><strong>κατὰ</strong></span> <span class='ocrx_word' id='word_1_227' title='bbox 3307 1793 3406 1864; x_wconf 82' lang='grc' dir='ltr'><strong>τὴν</strong></span> <span class='ocrx_word' id='word_1_228' title='bbox 3445 1793 3618 1847; x_wconf 88' lang='grc' dir='ltr'>Ἴλιον</span> <span class='ocrx_word' id='word_1_229' title='bbox 3668 1791 3803 1862; x_wconf 76' lang='grc' dir='ltr'>περὶ</span> 
     </span>
    </p>
   </div>
   <div class='ocr_carea' id='block_1_32' title="bbox 527 1878 2114 1956">
    <p class='ocr_par' dir='ltr' id='par_1_32' title="bbox 527 1878 2104 1955">
     <span class='ocr_line' id='line_1_32' title="bbox 527 1878 2104 1955; baseline 0.007 -25"><span class='ocrx_word' id='word_1_230' title='bbox 527 1878 938 1948; x_wconf 78' lang='lat' dir='ltr'><strong>magniﬁcentia</strong></span> <span class='ocrx_word' id='word_1_231' title='bbox 969 1881 1134 1952; x_wconf 88' lang='lat' dir='ltr'><strong>digna</strong></span> <span class='ocrx_word' id='word_1_232' title='bbox 1173 1891 1354 1937; x_wconf 81' lang='lat' dir='ltr'><strong>erant.</strong></span> <span class='ocrx_word' id='word_1_233' title='bbox 1386 1884 1465 1939; x_wconf 91' lang='lat' dir='ltr'><strong>De</strong></span> <span class='ocrx_word' id='word_1_234' title='bbox 1494 1885 1825 1955; x_wconf 80' lang='lat' dir='ltr'><strong>cognomine</strong></span> <span class='ocrx_word' id='word_1_235' title='bbox 1864 1887 1915 1941; x_wconf 90' lang='lat' dir='ltr'><strong>ei</strong></span> <span class='ocrx_word' id='word_1_236' title='bbox 1965 1885 2104 1941; x_wconf 87' lang='lat' dir='ltr'><strong>urbe</strong></span> 
     </span>
    </p>
   </div>
   <div class='ocr_carea' id='block_1_33' title="bbox 2223 1878 3801 1956">
    <p class='ocr_par' dir='ltr' id='par_1_33' title="bbox 2223 1885 3801 1956">
     <span class='ocr_line' id='line_1_33' title="bbox 2223 1885 3801 1956; baseline 0.002 -22"><span class='ocrx_word' id='word_1_237' title='bbox 2223 1885 2272 1936; x_wconf 78' lang='grc' dir='ltr'><strong>τὸ</strong></span> <span class='ocrx_word' id='word_1_238' title='bbox 2310 1885 2418 1938; x_wconf 83' lang='grc' dir='ltr'><strong>τῶν</strong></span> <span class='ocrx_word' id='word_1_239' title='bbox 2468 1885 2742 1953; x_wconf 84' lang='grc' dir='ltr'>Ἑλλήνων</span> <span class='ocrx_word' id='word_1_240' title='bbox 2775 1887 3126 1956; x_wconf 82' lang='grc' dir='ltr'>ναύσταθμον</span> <span class='ocrx_word' id='word_1_241' title='bbox 3161 1886 3477 1942; x_wconf 78' lang='grc' dir='ltr'>ἐπιϐάλλειν</span> <span class='ocrx_word' id='word_1_242' title='bbox 3522 1886 3801 1956; x_wconf 83' lang='grc' dir='ltr'><strong>πρότερον</strong></span> 
     </span>
    </p>
   </div>
   <div class='ocr_carea' id='block_1_34' title="bbox 527 1970 2114 2051">
    <p class='ocr_par' dir='ltr' id='par_1_34' title="bbox 527 1970 2106 2045">
     <span class='ocr_line' id='line_1_34' title="bbox 527 1970 2106 2045; baseline 0.004 -20"><span class='ocrx_word' id='word_1_243' title='bbox 527 1970 762 2036; x_wconf 86' lang='lat' dir='ltr'><strong>dicitur,</strong></span> <span class='ocrx_word' id='word_1_244' title='bbox 799 1987 912 2028; x_wconf 89' lang='lat' dir='ltr'><strong>non</strong></span> <span class='ocrx_word' id='word_1_245' title='bbox 954 1973 1117 2045; x_wconf 89' lang='lat' dir='ltr'><strong>longe</strong></span> <span class='ocrx_word' id='word_1_246' title='bbox 1146 1974 1216 2029; x_wconf 91' lang='lat' dir='ltr'><strong>ab</strong></span> <span class='ocrx_word' id='word_1_247' title='bbox 1246 1976 1368 2042; x_wconf 85' lang='lat' dir='ltr'><strong>Ilio,</strong></span> <span class='ocrx_word' id='word_1_248' title='bbox 1406 1976 1551 2032; x_wconf 84' lang='lat' dir='ltr'><strong>circa</strong></span> <span class='ocrx_word' id='word_1_249' title='bbox 1582 1977 1903 2032; x_wconf 79' lang='lat' dir='ltr'><strong>Graecorum</strong></span> <span class='ocrx_word' id='word_1_250' title='bbox 1935 1993 2106 2031; x_wconf 81' lang='lat' dir='ltr'><strong>nava-</strong></span> 
     </span>
    </p>
   </div>
   <div class='ocr_carea' id='block_1_35' title="bbox 2223 1970 3802 2051">
    <p class='ocr_par' dir='ltr' id='par_1_35' title="bbox 2223 1977 3802 2051">
     <span class='ocr_line' id='line_1_35' title="bbox 2223 1977 3802 2051; baseline 0 -22"><span class='ocrx_word' id='word_1_251' title='bbox 2223 1977 2382 2046; x_wconf 76' lang='grc' dir='ltr'>ιύτὴν</span> <span class='ocrx_word' id='word_1_252' title='bbox 2439 1979 2708 2049; x_wconf 80' lang='grc' dir='ltr'><strong>ἁνιστᾷν·</strong></span> <span class='ocrx_word' id='word_1_253' title='bbox 2742 1978 2836 2033; x_wconf 82' lang='grc' dir='ltr'><strong>τοῦ</strong></span> <span class='ocrx_word' id='word_1_254' title='bbox 2883 1979 2941 2032; x_wconf 81' lang='grc' dir='ltr'><strong>δὲ</strong></span> <span class='ocrx_word' id='word_1_255' title='bbox 2993 1979 3134 2033; x_wconf 78' lang='grc' dir='ltr'><strong>Θεοῦ</strong></span> <span class='ocrx_word' id='word_1_256' title='bbox 3186 1979 3499 2051; x_wconf 79' lang='grc' dir='ltr'><strong>χρήσαντος</strong></span> <span class='ocrx_word' id='word_1_257' title='bbox 3556 1978 3802 2046; x_wconf 78' lang='grc' dir='ltr'><strong>νύκτωρ,</strong></span> 
     </span>
    </p>
   </div>
   <div class='ocr_carea' id='block_1_36' title="bbox 522 2061 2114 2143">
    <p class='ocr_par' dir='ltr' id='par_1_36' title="bbox 522 2061 2104 2140">
     <span class='ocr_line' id='line_1_36' title="bbox 522 2061 2104 2140; baseline 0.006 -25"><span class='ocrx_word' id='word_1_258' title='bbox 522 2061 632 2116; x_wconf 86' lang='lat' dir='ltr'><strong>lem</strong></span> <span class='ocrx_word' id='word_1_259' title='bbox 674 2063 998 2131; x_wconf 84' lang='lat' dir='ltr'><strong>stationem,</strong></span> <span class='ocrx_word' id='word_1_260' title='bbox 1032 2082 1153 2121; x_wconf 88' lang='lat' dir='ltr'><strong>eam</strong></span> <span class='ocrx_word' id='word_1_261' title='bbox 1187 2068 1342 2122; x_wconf 89' lang='lat' dir='ltr'><strong>illum</strong></span> <span class='ocrx_word' id='word_1_262' title='bbox 1377 2069 1621 2124; x_wconf 74' lang='lat' dir='ltr'><strong>excitare</strong></span> <span class='ocrx_word' id='word_1_263' title='bbox 1648 2070 1922 2139; x_wconf 81' lang='lat' dir='ltr'><strong>coepisse:</strong></span> <span class='ocrx_word' id='word_1_264' title='bbox 1958 2071 2104 2140; x_wconf 90' lang='lat' dir='ltr'><strong>quod</strong></span> 
     </span>
    </p>
   </div>
   <div class='ocr_carea' id='block_1_37' title="bbox 2223 2061 3807 2143">
    <p class='ocr_par' dir='ltr' id='par_1_37' title="bbox 2223 2071 3807 2143">
     <span class='ocr_line' id='line_1_37' title="bbox 2223 2071 3807 2143; baseline -0.002 -19"><span class='ocrx_word' id='word_1_265' title='bbox 2223 2072 2354 2125; x_wconf 63' lang='grc' dir='ltr'><strong>κατὰ.</strong></span> <span class='ocrx_word' id='word_1_266' title='bbox 2390 2071 2450 2124; x_wconf 80' lang='grc' dir='ltr'><strong>τὸ</strong></span> <span class='ocrx_word' id='word_1_267' title='bbox 2503 2072 2801 2137; x_wconf 78' lang='grc' dir='ltr'><strong>Βυζάντιον</strong></span> <span class='ocrx_word' id='word_1_268' title='bbox 2850 2072 3085 2143; x_wconf 74' lang='grc' dir='ltr'><strong>ἀντικρὺ</strong></span> <span class='ocrx_word' id='word_1_269' title='bbox 3140 2071 3511 2142; x_wconf 76' lang='grc' dir='ltr'><strong>Χαλκηδόνος,</strong></span> <span class='ocrx_word' id='word_1_270' title='bbox 3559 2072 3807 2141; x_wconf 73' lang='grc' dir='ltr'><strong>ἐγείρειν</strong></span> 
     </span>
    </p>
   </div>
   <div class='ocr_carea' id='block_1_38' title="bbox 525 2159 2114 2235">
    <p class='ocr_par' dir='ltr' id='par_1_38' title="bbox 525 2159 2104 2226">
     <span class='ocr_line' id='line_1_38' title="bbox 525 2159 2104 2226; baseline 0.004 -18"><span class='ocrx_word' id='word_1_271' title='bbox 525 2162 712 2209; x_wconf 86' lang='lat' dir='ltr'><strong>autem</strong></span> <span class='ocrx_word' id='word_1_272' title='bbox 756 2165 924 2213; x_wconf 88' lang='lat' dir='ltr'><strong>noctu</strong></span> <span class='ocrx_word' id='word_1_273' title='bbox 972 2160 1203 2214; x_wconf 86' lang='lat' dir='ltr'><strong>oraculo</strong></span> <span class='ocrx_word' id='word_1_274' title='bbox 1244 2159 1439 2216; x_wconf 87' lang='lat' dir='ltr'><strong>divino</strong></span> <span class='ocrx_word' id='word_1_275' title='bbox 1486 2161 1837 2226; x_wconf 85' lang='lat' dir='ltr'><strong>admonitus,</strong></span> <span class='ocrx_word' id='word_1_276' title='bbox 1892 2161 2104 2216; x_wconf 89' lang='lat' dir='ltr'><strong>circum</strong></span> 
     </span>
    </p>
   </div>
   <div class='ocr_carea' id='block_1_39' title="bbox 2223 2159 3806 2235">
    <p class='ocr_par' dir='ltr' id='par_1_39' title="bbox 2223 2162 3806 2235">
     <span class='ocr_line' id='line_1_39' title="bbox 2223 2162 3806 2235; baseline -0.001 -20"><span class='ocrx_word' id='word_1_277' title='bbox 2223 2164 2407 2230; x_wconf 77' lang='grc' dir='ltr'>ιύτὴν,</span> <span class='ocrx_word' id='word_1_278' title='bbox 2462 2162 2540 2232; x_wconf 84' lang='grc' dir='ltr'><strong>τῷ</strong></span> <span class='ocrx_word' id='word_1_279' title='bbox 2592 2163 2830 2234; x_wconf 81' lang='grc' dir='ltr'><strong>χρησμῷ</strong></span> <span class='ocrx_word' id='word_1_280' title='bbox 2882 2165 3203 2230; x_wconf 82' lang='grc' dir='ltr'><strong>πεισθέντα,</strong></span> <span class='ocrx_word' id='word_1_281' title='bbox 3260 2164 3474 2235; x_wconf 78' lang='grc' dir='ltr'><strong>τείχεσι</strong></span> <span class='ocrx_word' id='word_1_282' title='bbox 3541 2164 3806 2233; x_wconf 73' lang='grc' dir='ltr'>μεγάλοις</span> 
     </span>
    </p>
   </div>
   <div class='ocr_carea' id='block_1_40' title="bbox 523 2246 2114 2328">
    <p class='ocr_par' dir='ltr' id='par_1_40' title="bbox 523 2246 2106 2324">
     <span class='ocr_line' id='line_1_40' title="bbox 523 2246 2106 2324; baseline 0.006 -23"><span class='ocrx_word' id='word_1_283' title='bbox 523 2246 874 2319; x_wconf 84' lang='lat' dir='ltr'><strong>Byzantium,</strong></span> <span class='ocrx_word' id='word_1_284' title='bbox 906 2264 937 2306; x_wconf 89' lang='lat' dir='ltr'><strong>e</strong></span> <span class='ocrx_word' id='word_1_285' title='bbox 968 2253 1194 2324; x_wconf 78' lang='lat' dir='ltr'><strong>regione</strong></span> <span class='ocrx_word' id='word_1_286' title='bbox 1230 2251 1566 2309; x_wconf 88' lang='lat' dir='ltr'><strong>Chalcedoni</strong></span> <span class='ocrx_word' id='word_1_287' title='bbox 1596 2264 1885 2310; x_wconf 77' lang='lat' dir='ltr'><strong>exstruere</strong></span> <span class='ocrx_word' id='word_1_288' title='bbox 1916 2256 2106 2323; x_wconf 85' lang='lat' dir='ltr'><strong>jussus</strong></span> 
     </span>
    </p>
   </div>
   <div class='ocr_carea' id='block_1_41' title="bbox 2223 2246 3809 2328">
    <p class='ocr_par' dir='ltr' id='par_1_41' title="bbox 2223 2254 3809 2328">
     <span class='ocr_line' id='line_1_41' title="bbox 2223 2254 3809 2328; baseline 0.001 -22"><span class='ocrx_word' id='word_1_289' title='bbox 2223 2254 2557 2323; x_wconf 77' lang='grc' dir='ltr'>περιϐαλεῖν,</span> <span class='ocrx_word' id='word_1_290' title='bbox 2589 2256 2856 2328; x_wconf 73' lang='grc' dir='ltr'><strong>ὁμότιμον</strong></span> <span class='ocrx_word' id='word_1_291' title='bbox 2894 2273 2953 2310; x_wconf 90' lang='grc' dir='ltr'><strong>τε</strong></span> <span class='ocrx_word' id='word_1_292' title='bbox 2989 2260 3055 2328; x_wconf 78' lang='grc' dir='ltr'><strong>τῇ</strong></span> <span class='ocrx_word' id='word_1_293' title='bbox 3092 2256 3288 2327; x_wconf 79' lang='grc' dir='ltr'><strong>Ῥώμῃ</strong></span> <span class='ocrx_word' id='word_1_294' title='bbox 3340 2255 3665 2324; x_wconf 81' lang='grc' dir='ltr'>πρεσϐείοις</span> <span class='ocrx_word' id='word_1_295' title='bbox 3703 2256 3809 2308; x_wconf 75' lang='grc' dir='ltr'><strong>πᾶ-</strong></span> 
     </span>
    </p>
   </div>
   <div class='ocr_carea' id='block_1_42' title="bbox 523 2345 2114 2420">
    <p class='ocr_par' dir='ltr' id='par_1_42' title="bbox 523 2345 2106 2418">
     <span class='ocr_line' id='line_1_42' title="bbox 523 2345 2106 2418; baseline 0.004 -23"><span class='ocrx_word' id='word_1_296' title='bbox 523 2350 697 2405; x_wconf 86' lang='lat' dir='ltr'><strong>esset,</strong></span> <span class='ocrx_word' id='word_1_297' title='bbox 746 2357 1014 2412; x_wconf 88' lang='lat' dir='ltr'><strong>responso</strong></span> <span class='ocrx_word' id='word_1_298' title='bbox 1059 2345 1110 2399; x_wconf 93' lang='lat' dir='ltr'><strong>ei</strong></span> <span class='ocrx_word' id='word_1_299' title='bbox 1170 2360 1383 2400; x_wconf 86' lang='lat' dir='ltr'><strong>morem</strong></span> <span class='ocrx_word' id='word_1_300' title='bbox 1430 2359 1737 2416; x_wconf 81' lang='lat' dir='ltr'><strong>gerentem,</strong></span> <span class='ocrx_word' id='word_1_301' title='bbox 1787 2349 1990 2418; x_wconf 83' lang='lat' dir='ltr'><strong>amplis</strong></span> <span class='ocrx_word' id='word_1_302' title='bbox 2032 2348 2106 2402; x_wconf 84' lang='lat' dir='ltr'><strong>ita</strong></span> 
     </span>
    </p>
   </div>
   <div class='ocr_carea' id='block_1_43' title="bbox 2223 2345 3807 2420">
    <p class='ocr_par' dir='ltr' id='par_1_43' title="bbox 2223 2346 3807 2420">
     <span class='ocr_line' id='line_1_43' title="bbox 2223 2346 3807 2420; baseline -0.001 -19"><span class='ocrx_word' id='word_1_303' title='bbox 2223 2366 2296 2402; x_wconf 69' lang='grc' dir='ltr'><strong>τιν</strong></span> <span class='ocrx_word' id='word_1_304' title='bbox 2341 2350 2723 2419; x_wconf 69' lang='grc' dir='ltr'><strong>οἰκοδομῆσαι,</strong></span> <span class='ocrx_word' id='word_1_305' title='bbox 2780 2348 3168 2420; x_wconf 75' lang='grc' dir='ltr'><strong>βουλευτήριόν</strong></span> <span class='ocrx_word' id='word_1_306' title='bbox 3203 2365 3264 2402; x_wconf 88' lang='grc' dir='ltr'><strong>τε</strong></span> <span class='ocrx_word' id='word_1_307' title='bbox 3313 2350 3407 2402; x_wconf 68' lang='grc' dir='ltr'><strong>καὶ</strong></span> <span class='ocrx_word' id='word_1_308' title='bbox 3466 2346 3807 2417; x_wconf 81' lang='grc' dir='ltr'>σύγκλητον,</span> 
     </span>
    </p>
   </div>
   <div class='ocr_carea' id='block_1_44' title="bbox 525 2435 2114 2511">
    <p class='ocr_par' dir='ltr' id='par_1_44' title="bbox 525 2435 2109 2509">
     <span class='ocr_line' id='line_1_44' title="bbox 525 2435 2109 2509; baseline 0.003 -22"><span class='ocrx_word' id='word_1_309' title='bbox 525 2435 806 2491; x_wconf 61' lang='lat' dir='ltr'><strong>moenibus</strong></span> <span class='ocrx_word' id='word_1_310' title='bbox 848 2436 924 2491; x_wconf 89' lang='lat' dir='ltr'><strong>ibi</strong></span> <span class='ocrx_word' id='word_1_311' title='bbox 957 2436 1390 2493; x_wconf 89' lang='lat' dir='ltr'><strong>circumdedisse</strong></span> <span class='ocrx_word' id='word_1_312' title='bbox 1411 2480 1425 2504; x_wconf 97' lang='lat'><strong>,</strong></span> <span class='ocrx_word' id='word_1_313' title='bbox 1462 2441 1740 2509; x_wconf 89' lang='lat' dir='ltr'><strong>rebusque</strong></span> <span class='ocrx_word' id='word_1_314' title='bbox 1766 2439 2029 2494; x_wconf 88' lang='lat' dir='ltr'><strong>omnibus</strong></span> <span class='ocrx_word' id='word_1_315' title='bbox 2052 2449 2109 2493; x_wconf 89' lang='lat' dir='ltr'><strong>et</strong></span> 
     </span>
    </p>
   </div>
   <div class='ocr_carea' id='block_1_45' title="bbox 2223 2435 3811 2511">
    <p class='ocr_par' dir='ltr' id='par_1_45' title="bbox 2223 2436 3811 2511">
     <span class='ocr_line' id='line_1_45' title="bbox 2223 2436 3811 2511; baseline -0.003 -18"><span class='ocrx_word' id='word_1_316' title='bbox 2223 2441 2306 2493; x_wconf 67' lang='lat' dir='ltr'><strong>ut</strong></span> <span class='ocrx_word' id='word_1_317' title='bbox 2340 2440 2612 2509; x_wconf 72' lang='grc' dir='ltr'>δαπάνην,</span> <span class='ocrx_word' id='word_1_318' title='bbox 2648 2442 2744 2493; x_wconf 81' lang='grc' dir='ltr'><strong>καὶ</strong></span> <span class='ocrx_word' id='word_1_319' title='bbox 2780 2441 3095 2511; x_wconf 81' lang='grc' dir='ltr'>σιτηρέσια,</span> <span class='ocrx_word' id='word_1_320' title='bbox 3142 2443 3239 2495; x_wconf 76' lang='grc' dir='ltr'><strong>καὶ</strong></span> <span class='ocrx_word' id='word_1_321' title='bbox 3277 2439 3602 2509; x_wconf 75' lang='grc' dir='ltr'>φιλοτιμίαν</span> <span class='ocrx_word' id='word_1_322' title='bbox 3641 2436 3811 2507; x_wconf 78' lang='grc' dir='ltr'>ἀλλην</span> 
     </span>
    </p>
   </div>
   <div class='ocr_carea' id='block_1_46' title="bbox 526 2530 2114 2604">
    <p class='ocr_par' dir='ltr' id='par_1_46' title="bbox 526 2530 2106 2603">
     <span class='ocr_line' id='line_1_46' title="bbox 526 2530 2106 2603; baseline 0.003 -21"><span class='ocrx_word' id='word_1_323' title='bbox 526 2530 869 2584; x_wconf 81' lang='lat' dir='ltr'><strong>ornamentis</strong></span> <span class='ocrx_word' id='word_1_324' title='bbox 911 2540 1077 2600; x_wconf 88' lang='lat' dir='ltr'><strong>atque</strong></span> <span class='ocrx_word' id='word_1_325' title='bbox 1124 2533 1433 2597; x_wconf 73' lang='lat' dir='ltr'><strong>honoribus</strong></span> <span class='ocrx_word' id='word_1_326' title='bbox 1468 2533 1760 2603; x_wconf 75' lang='lat' dir='ltr'><strong>praecipuis</strong></span> <span class='ocrx_word' id='word_1_327' title='bbox 1793 2534 1981 2588; x_wconf 65' lang='lat' dir='ltr'><strong>Romae</strong></span> <span class='ocrx_word' id='word_1_328' title='bbox 2007 2549 2106 2603; x_wconf 87' lang='lat' dir='ltr'><strong>pa—</strong></span> 
     </span>
    </p>
   </div>
   <div class='ocr_carea' id='block_1_47' title="bbox 2223 2530 3809 2604">
    <p class='ocr_par' dir='ltr' id='par_1_47' title="bbox 2223 2532 3809 2604">
     <span class='ocr_line' id='line_1_47' title="bbox 2223 2532 3809 2604; baseline -0.002 -18"><span class='ocrx_word' id='word_1_329' title='bbox 2223 2534 2668 2604; x_wconf 75' lang='grc' dir='ltr'><strong>αὑταρκεστάτην</strong></span> <span class='ocrx_word' id='word_1_330' title='bbox 2707 2534 3008 2603; x_wconf 74' lang='grc' dir='ltr'><strong>βασιλικῶς</strong></span> <span class='ocrx_word' id='word_1_331' title='bbox 3034 2536 3147 2597; x_wconf 86' lang='grc' dir='ltr'><strong>τοῖς</strong></span> <span class='ocrx_word' id='word_1_332' title='bbox 3178 2535 3463 2600; x_wconf 70' lang='grc' dir='ltr'><strong>οἰκήτορσι</strong></span> <span class='ocrx_word' id='word_1_333' title='bbox 3500 2532 3809 2598; x_wconf 84' lang='grc' dir='ltr'><strong>διανεῖμαι.</strong></span> 
     </span>
    </p>
   </div>
   <div class='ocr_carea' id='block_1_48' title="bbox 528 2623 2114 2697">
    <p class='ocr_par' dir='ltr' id='par_1_48' title="bbox 528 2623 2103 2696">
     <span class='ocr_line' id='line_1_48' title="bbox 528 2623 2103 2696; baseline 0.003 -20"><span class='ocrx_word' id='word_1_334' title='bbox 528 2636 643 2676; x_wconf 83' lang='lat' dir='ltr'><strong>rem</strong></span> <span class='ocrx_word' id='word_1_335' title='bbox 671 2623 1036 2688; x_wconf 79' lang='lat' dir='ltr'><strong>exstruxisse,</strong></span> <span class='ocrx_word' id='word_1_336' title='bbox 1071 2624 1286 2678; x_wconf 84' lang='lat' dir='ltr'><strong>curiam</strong></span> <span class='ocrx_word' id='word_1_337' title='bbox 1314 2635 1481 2696; x_wconf 84' lang='lat' dir='ltr'><strong>atque</strong></span> <span class='ocrx_word' id='word_1_338' title='bbox 1512 2637 1790 2691; x_wconf 88' lang='lat' dir='ltr'><strong>senatum,</strong></span> <span class='ocrx_word' id='word_1_339' title='bbox 1824 2635 2103 2695; x_wconf 86' lang='lat' dir='ltr'><strong>sumptus.</strong></span> 
     </span>
    </p>
   </div>
   <div class='ocr_carea' id='block_1_49' title="bbox 2223 2623 3810 2697">
    <p class='ocr_par' dir='ltr' id='par_1_49' title="bbox 2223 2624 3810 2697">
     <span class='ocr_line' id='line_1_49' title="bbox 2223 2624 3810 2697; baseline -0.004 -17"><span class='ocrx_word' id='word_1_340' title='bbox 2223 2628 2523 2689; x_wconf 60' lang='grc' dir='ltr'>βιλοκάλως</span> <span class='ocrx_word' id='word_1_341' title='bbox 2575 2627 2621 2679; x_wconf 89' lang='grc' dir='ltr'><strong>δ’</strong></span> <span class='ocrx_word' id='word_1_342' title='bbox 2671 2627 2891 2680; x_wconf 74' lang='grc' dir='ltr'>ἅπαντα</span> <span class='ocrx_word' id='word_1_343' title='bbox 2945 2627 3015 2679; x_wconf 78' lang='grc' dir='ltr'><strong>τὰ</strong></span> <span class='ocrx_word' id='word_1_344' title='bbox 3058 2625 3180 2679; x_wconf 86' lang='grc' dir='ltr'><strong>κατ’</strong></span> <span class='ocrx_word' id='word_1_345' title='bbox 3226 2626 3398 2697; x_wconf 79' lang='grc' dir='ltr'><strong>αὐτὴν</strong></span> <span class='ocrx_word' id='word_1_346' title='bbox 3456 2624 3810 2693; x_wconf 83' lang='grc' dir='ltr'>διαθέμενος,</span> 
     </span>
    </p>
   </div>
   <div class='ocr_carea' id='block_1_50' title="bbox 529 2714 2114 2790">
    <p class='ocr_par' dir='ltr' id='par_1_50' title="bbox 529 2714 2109 2790">
     <span class='ocr_line' id='line_1_50' title="bbox 529 2714 2109 2790; baseline 0.003 -23"><span class='ocrx_word' id='word_1_347' title='bbox 529 2724 768 2771; x_wconf 85' lang='lat' dir='ltr'><strong>tesseras</strong></span> <span class='ocrx_word' id='word_1_348' title='bbox 782 2714 1607 2790; x_wconf 71' lang='lat' dir='ltr'><strong>frumentarias,dignilatisque</strong></span> <span class='ocrx_word' id='word_1_349' title='bbox 1619 2734 1794 2790; x_wconf 87' lang='lat' dir='ltr'><strong>genus</strong></span> <span class='ocrx_word' id='word_1_350' title='bbox 1806 2734 1991 2784; x_wconf 89' lang='lat' dir='ltr'><strong>omne,</strong></span> <span class='ocrx_word' id='word_1_351' title='bbox 2006 2719 2109 2773; x_wconf 87' lang='lat' dir='ltr'><strong>im-</strong></span> 
     </span>
    </p>
   </div>
   <div class='ocr_carea' id='block_1_51' title="bbox 2223 2714 3811 2790">
    <p class='ocr_par' dir='ltr' id='par_1_51' title="bbox 2223 2715 3811 2789">
     <span class='ocr_line' id='line_1_51' title="bbox 2223 2715 3811 2789; baseline -0.004 -16"><span class='ocrx_word' id='word_1_352' title='bbox 2223 2720 2358 2773; x_wconf 82' lang='grc' dir='ltr'><strong>Νὲαν</strong></span> <span class='ocrx_word' id='word_1_353' title='bbox 2401 2718 2622 2789; x_wconf 83' lang='grc' dir='ltr'><strong>Ῥώμην</strong></span> <span class='ocrx_word' id='word_1_354' title='bbox 2654 2718 3233 2773; x_wconf 79' lang='grc' dir='ltr'>Κωνσταντινούπολιν</span> <span class='ocrx_word' id='word_1_355' title='bbox 3263 2718 3688 2786; x_wconf 76' lang='grc' dir='ltr'><strong>κατωνόμασσν,</strong></span> <span class='ocrx_word' id='word_1_356' title='bbox 3719 2715 3811 2767; x_wconf 82' lang='grc' dir='ltr'><strong>ἴσα</strong></span> 
     </span>
    </p>
   </div>
   <div class='ocr_carea' id='block_1_52' title="bbox 2142 1839 2182 1893">
    <p class='ocr_par' dir='ltr' id='par_1_52' title="bbox 2142 1839 2182 1893">
     <span class='ocr_line' id='line_1_52' title="bbox 2142 1839 2182 1893; baseline 0 0"><span class='ocrx_word' id='word_1_357' title='bbox 2142 1839 2182 1893; x_wconf 84' lang='grc' dir='ltr'>Β</span> 
     </span>
    </p>
   </div>
   <div class='ocr_carea' id='block_1_53' title="bbox 527 2808 2106 2883">
    <p class='ocr_par' dir='ltr' id='par_1_53' title="bbox 527 2808 2106 2883">
     <span class='ocr_line' id='line_1_53' title="bbox 527 2808 2106 2883; baseline 0.003 -21"><span class='ocrx_word' id='word_1_358' title='bbox 527 2808 802 2877; x_wconf 87' lang='lat' dir='ltr'><strong>peratoria</strong></span> <span class='ocrx_word' id='word_1_359' title='bbox 822 2825 1051 2879; x_wconf 83' lang='lat' dir='ltr'><strong>prorsus</strong></span> <span class='ocrx_word' id='word_1_360' title='bbox 1068 2810 1446 2866; x_wconf 82' lang='lat' dir='ltr'><strong>munilicentia</strong></span> <span class='ocrx_word' id='word_1_361' title='bbox 1459 2811 1674 2867; x_wconf 81' lang='lat' dir='ltr'><strong>civibus</strong></span> <span class='ocrx_word' id='word_1_362' title='bbox 1688 2812 1943 2883; x_wconf 82' lang='lat' dir='ltr'><strong>largitum</strong></span> <span class='ocrx_word' id='word_1_363' title='bbox 1962 2828 2106 2880; x_wconf 83' lang='lat' dir='ltr'><strong>esse;</strong></span> 
     </span>
    </p>
   </div>
   <div class='ocr_carea' id='block_1_54' title="bbox 528 2901 2112 2976">
    <p class='ocr_par' dir='ltr' id='par_1_54' title="bbox 528 2901 2112 2976">
     <span class='ocr_line' id='line_1_54' title="bbox 528 2901 2112 2976; baseline 0.005 -22"><span class='ocrx_word' id='word_1_364' title='bbox 528 2909 695 2969; x_wconf 88' lang='lat' dir='ltr'><strong>atque</strong></span> <span class='ocrx_word' id='word_1_365' title='bbox 722 2901 796 2955; x_wconf 89' lang='lat' dir='ltr'><strong>ita</strong></span> <span class='ocrx_word' id='word_1_366' title='bbox 823 2903 1085 2959; x_wconf 89' lang='lat' dir='ltr'><strong>omnibus</strong></span> <span class='ocrx_word' id='word_1_367' title='bbox 1114 2905 1282 2959; x_wconf 88' lang='lat' dir='ltr'><strong>rebus</strong></span> <span class='ocrx_word' id='word_1_368' title='bbox 1324 2904 1425 2959; x_wconf 87' lang='lat' dir='ltr'><strong>rite</strong></span> <span class='ocrx_word' id='word_1_369' title='bbox 1457 2914 1623 2974; x_wconf 88' lang='lat' dir='ltr'><strong>atque</strong></span> <span class='ocrx_word' id='word_1_370' title='bbox 1643 2906 1841 2961; x_wconf 87' lang='lat' dir='ltr'><strong>ordine</strong></span> <span class='ocrx_word' id='word_1_371' title='bbox 1868 2907 2112 2976; x_wconf 85' lang='lat' dir='ltr'><strong>disposi-</strong></span> 
     </span>
    </p>
   </div>
   <div class='ocr_carea' id='block_1_55' title="bbox 527 2992 2108 3068">
    <p class='ocr_par' dir='ltr' id='par_1_55' title="bbox 527 2992 2108 3068">
     <span class='ocr_line' id='line_1_55' title="bbox 527 2992 2108 3068; baseline 0.007 -24"><span class='ocrx_word' id='word_1_372' title='bbox 527 2992 621 3055; x_wconf 85' lang='lat' dir='ltr'><strong>tis,</strong></span> <span class='ocrx_word' id='word_1_373' title='bbox 641 2992 1180 3065; x_wconf 87' lang='lat' dir='ltr'><strong>Constantinopolim</strong></span> <span class='ocrx_word' id='word_1_374' title='bbox 1209 3006 1264 3052; x_wconf 89' lang='lat' dir='ltr'><strong>et</strong></span> <span class='ocrx_word' id='word_1_375' title='bbox 1297 2995 1500 3051; x_wconf 80' lang='lat' dir='ltr'><strong>Novam</strong></span> <span class='ocrx_word' id='word_1_376' title='bbox 1525 2998 1754 3053; x_wconf 80' lang='lat' dir='ltr'><strong>Romam</strong></span> <span class='ocrx_word' id='word_1_377' title='bbox 1777 2999 2108 3068; x_wconf 85' lang='lat' dir='ltr'><strong>appellasse,</strong></span> 
     </span>
    </p>
   </div>
   <div class='ocr_carea' id='block_1_56' title="bbox 527 3085 2111 3162">
    <p class='ocr_par' dir='ltr' id='par_1_56' title="bbox 527 3085 2111 3162">
     <span class='ocr_line' id='line_1_56' title="bbox 527 3085 2111 3162; baseline 0.004 -21"><span class='ocrx_word' id='word_1_378' title='bbox 527 3085 688 3157; x_wconf 79' lang='lat'><strong>535</strong></span> <span class='ocrx_word' id='word_1_379' title='bbox 710 3087 1016 3159; x_wconf 88' lang='lat' dir='ltr'><strong>eademque</strong></span> <span class='ocrx_word' id='word_1_380' title='bbox 1046 3105 1170 3145; x_wconf 87' lang='lat' dir='ltr'><strong>cum</strong></span> <span class='ocrx_word' id='word_1_381' title='bbox 1191 3090 1282 3146; x_wconf 87' lang='lat' dir='ltr'><strong>illa</strong></span> <span class='ocrx_word' id='word_1_382' title='bbox 1306 3099 1604 3162; x_wconf 86' lang='lat' dir='ltr'><strong>potestate,</strong></span> <span class='ocrx_word' id='word_1_383' title='bbox 1622 3092 1831 3147; x_wconf 87' lang='lat' dir='ltr'><strong>eisdem</strong></span> <span class='ocrx_word' id='word_1_384' title='bbox 1860 3092 2111 3149; x_wconf 86' lang='lat' dir='ltr'><strong>moribus</strong></span> 
     </span>
    </p>
   </div>
   <div class='ocr_carea' id='block_1_57' title="bbox 2213 2809 3814 2885">
    <p class='ocr_par' dir='ltr' id='par_1_57' title="bbox 2213 2809 3814 2885">
     <span class='ocr_line' id='line_1_57' title="bbox 2213 2809 3814 2885; baseline -0.004 -19"><span class='ocrx_word' id='word_1_385' title='bbox 2213 2815 2261 2866; x_wconf 88' lang='grc' dir='ltr'><strong>τ’</strong></span> <span class='ocrx_word' id='word_1_386' title='bbox 2303 2814 2487 2885; x_wconf 75' lang='grc' dir='ltr'>ἐκείνῃ</span> <span class='ocrx_word' id='word_1_387' title='bbox 2521 2815 2769 2883; x_wconf 77' lang='grc' dir='ltr'><strong>κρατεῖν,</strong></span> <span class='ocrx_word' id='word_1_388' title='bbox 2808 2814 2903 2867; x_wconf 74' lang='grc' dir='ltr'><strong>καὶ</strong></span> <span class='ocrx_word' id='word_1_389' title='bbox 2936 2814 3267 2883; x_wconf 83' lang='grc' dir='ltr'>οἰκονομεῖν,</span> <span class='ocrx_word' id='word_1_390' title='bbox 3315 2811 3412 2866; x_wconf 60' lang='grc' dir='ltr'><strong>καὶ¹</strong></span> <span class='ocrx_word' id='word_1_391' title='bbox 3455 2809 3814 2880; x_wconf 80' lang='grc' dir='ltr'><strong>θεμιστεύειν</strong></span> 
     </span>
    </p>
   </div>
   <div class='ocr_carea' id='block_1_58' title="bbox 2214 2900 3810 2974">
    <p class='ocr_par' dir='ltr' id='par_1_58' title="bbox 2214 2900 3810 2974">
     <span class='ocr_line' id='line_1_58' title="bbox 2214 2900 3810 2974; baseline -0.004 -17"><span class='ocrx_word' id='word_1_392' title='bbox 2214 2904 2389 2957; x_wconf 75' lang='grc' dir='ltr'><strong>ἐδίδου</strong></span> <span class='ocrx_word' id='word_1_393' title='bbox 2413 2919 2427 2934; x_wconf 77' lang='grc' dir='ltr'><strong><em>ο</em></strong></span> <span class='ocrx_word' id='word_1_394' title='bbox 2476 2908 2571 2957; x_wconf 75' lang='grc' dir='ltr'><strong>καὶ</strong></span> <span class='ocrx_word' id='word_1_395' title='bbox 2620 2903 2868 2974; x_wconf 85' lang='grc' dir='ltr'>βασιλίδα</span> <span class='ocrx_word' id='word_1_396' title='bbox 2903 2904 3012 2959; x_wconf 80' lang='grc' dir='ltr'><strong>τῶν</strong></span> <span class='ocrx_word' id='word_1_397' title='bbox 3051 2905 3265 2959; x_wconf 76' lang='grc' dir='ltr'>πόλεων</span> <span class='ocrx_word' id='word_1_398' title='bbox 3303 2902 3639 2973; x_wconf 79' lang='grc' dir='ltr'>ἀνηγόρευε,</span> <span class='ocrx_word' id='word_1_399' title='bbox 3675 2900 3810 2963; x_wconf 72' lang='grc' dir='ltr'>τῶν,</span> 
     </span>
    </p>
   </div>
   <div class='ocr_carea' id='block_1_59' title="bbox 2215 2994 3817 3069">
    <p class='ocr_par' dir='ltr' id='par_1_59' title="bbox 2215 2994 3817 3069">
     <span class='ocr_line' id='line_1_59' title="bbox 2215 2994 3817 3069; baseline -0.001 -18"><span class='ocrx_word' id='word_1_400' title='bbox 2215 2999 2328 3051; x_wconf 78' lang='grc' dir='ltr'>ὅσοι</span> <span class='ocrx_word' id='word_1_401' title='bbox 2366 2998 2465 3069; x_wconf 81' lang='grc' dir='ltr'><strong>τὴν</strong></span> <span class='ocrx_word' id='word_1_402' title='bbox 2512 2997 2797 3068; x_wconf 81' lang='grc' dir='ltr'>Ῥωμαίων</span> <span class='ocrx_word' id='word_1_403' title='bbox 2849 2998 3093 3067; x_wconf 79' lang='grc' dir='ltr'><strong>ὑπήκοον</strong></span> <span class='ocrx_word' id='word_1_404' title='bbox 3134 2996 3493 3066; x_wconf 82' lang='grc' dir='ltr'><strong>γινώσκουσι,</strong></span> <span class='ocrx_word' id='word_1_405' title='bbox 3539 2995 3681 3064; x_wconf 74' lang='grc' dir='ltr'><strong>πρὸς</strong></span> <span class='ocrx_word' id='word_1_406' title='bbox 3715 2994 3817 3061; x_wconf 87' lang='grc' dir='ltr'><strong>ἄρ·</strong></span> 
     </span>
    </p>
   </div>
   <div class='ocr_carea' id='block_1_60' title="bbox 2217 3086 3815 3161">
    <p class='ocr_par' dir='ltr' id='par_1_60' title="bbox 2217 3086 3815 3161">
     <span class='ocr_line' id='line_1_60' title="bbox 2217 3086 3815 3161; baseline -0.006 -17"><span class='ocrx_word' id='word_1_407' title='bbox 2217 3108 2345 3144; x_wconf 84' lang='grc' dir='ltr'><strong>κτον</strong></span> <span class='ocrx_word' id='word_1_408' title='bbox 2377 3092 2470 3143; x_wconf 78' lang='grc' dir='ltr'><strong>καὶ</strong></span> <span class='ocrx_word' id='word_1_409' title='bbox 2504 3090 2655 3144; x_wconf 82' lang='grc' dir='ltr'><strong>νότον</strong></span> <span class='ocrx_word' id='word_1_410' title='bbox 2682 3090 2777 3144; x_wconf 73' lang='grc' dir='ltr'><strong>καὶ</strong></span> <span class='ocrx_word' id='word_1_411' title='bbox 2797 3089 3093 3161; x_wconf 77' lang='grc' dir='ltr'><strong>ἀνίσχοντα</strong></span> <span class='ocrx_word' id='word_1_412' title='bbox 3121 3088 3294 3161; x_wconf 82' lang='grc' dir='ltr'><strong>ἥλιον,</strong></span> <span class='ocrx_word' id='word_1_413' title='bbox 3334 3087 3430 3141; x_wconf 64' lang='grc' dir='ltr'><strong>καλ⁸</strong></span> <span class='ocrx_word' id='word_1_414' title='bbox 3457 3088 3530 3142; x_wconf 80' lang='grc' dir='ltr'><strong>τὰ</strong></span> <span class='ocrx_word' id='word_1_415' title='bbox 3557 3090 3620 3140; x_wconf 74' lang='grc' dir='ltr'><strong>ὲν</strong></span> <span class='ocrx_word' id='word_1_416' title='bbox 3659 3086 3815 3156; x_wconf 81' lang='grc' dir='ltr'><strong>μέσῳ</strong></span> 
     </span>
    </p>
   </div>
   <div class='ocr_carea' id='block_1_61' title="bbox 526 3175 2114 3257">
    <p class='ocr_par' dir='ltr' id='par_1_61' title="bbox 526 3182 2112 3257">
     <span class='ocr_line' id='line_1_61' title="bbox 526 3182 2112 3257; baseline 0.007 -24"><span class='ocrx_word' id='word_1_417' title='bbox 526 3190 694 3250; x_wconf 83' lang='lat' dir='ltr'><strong>atque</strong></span> <span class='ocrx_word' id='word_1_418' title='bbox 744 3182 1033 3248; x_wconf 83' lang='lat' dir='ltr'><strong>institutis,</strong></span> <span class='ocrx_word' id='word_1_419' title='bbox 1072 3186 1396 3255; x_wconf 80' lang='lat' dir='ltr'><strong>eisdemque</strong></span> <span class='ocrx_word' id='word_1_420' title='bbox 1430 3186 1643 3256; x_wconf 80' lang='lat' dir='ltr'><strong>legibus</strong></span> <span class='ocrx_word' id='word_1_421' title='bbox 1681 3202 1807 3243; x_wconf 88' lang='lat' dir='ltr'><strong>esse</strong></span> <span class='ocrx_word' id='word_1_422' title='bbox 1854 3188 2112 3257; x_wconf 85' lang='lat' dir='ltr'><strong>jussisse,</strong></span> 
     </span>
    </p>
   </div>
   <div class='ocr_carea' id='block_1_62' title="bbox 2223 3175 3819 3257">
    <p class='ocr_par' dir='ltr' id='par_1_62' title="bbox 2223 3179 3819 3256">
     <span class='ocr_line' id='line_1_62' title="bbox 2223 3179 3819 3256; baseline -0.002 -20"><span class='ocrx_word' id='word_1_423' title='bbox 2223 3185 2456 3256; x_wconf 73' lang='grc' dir='ltr'>πελάγη,</span> <span class='ocrx_word' id='word_1_424' title='bbox 2490 3187 2554 3238; x_wconf 86' lang='grc' dir='ltr'><strong>ἐκ</strong></span> <span class='ocrx_word' id='word_1_425' title='bbox 2579 3185 2683 3239; x_wconf 82' lang='grc' dir='ltr'><strong>τῶν</strong></span> <span class='ocrx_word' id='word_1_426' title='bbox 2716 3186 2865 3256; x_wconf 70' lang='grc' dir='ltr'><strong>παρὰ</strong></span> <span class='ocrx_word' id='word_1_427' title='bbox 2895 3186 2985 3239; x_wconf 72' lang='grc' dir='ltr'><strong>τὸν</strong></span> <span class='ocrx_word' id='word_1_428' title='bbox 3012 3185 3226 3253; x_wconf 85' lang='grc' dir='ltr'><strong>Ἵστρον</strong></span> <span class='ocrx_word' id='word_1_429' title='bbox 3257 3181 3488 3247; x_wconf 71' lang='grc' dir='ltr'>πόλεων,</span> <span class='ocrx_word' id='word_1_430' title='bbox 3521 3179 3618 3233; x_wconf 77' lang='grc' dir='ltr'><strong>καὶ</strong></span> <span class='ocrx_word' id='word_1_431' title='bbox 3664 3179 3819 3233; x_wconf 81' lang='grc' dir='ltr'>Ἐπι-</span> 
     </span>
    </p>
   </div>
   <div class='ocr_carea' id='block_1_63' title="bbox 527 3276 2114 3351">
    <p class='ocr_par' dir='ltr' id='par_1_63' title="bbox 527 3276 2114 3351">
     <span class='ocr_line' id='line_1_63' title="bbox 527 3276 2114 3351; baseline 0.003 -20"><span class='ocrx_word' id='word_1_432' title='bbox 527 3288 584 3331; x_wconf 83' lang='lat' dir='ltr'><strong>et</strong></span> <span class='ocrx_word' id='word_1_433' title='bbox 619 3276 850 3344; x_wconf 85' lang='lat' dir='ltr'><strong>insuper</strong></span> <span class='ocrx_word' id='word_1_434' title='bbox 889 3279 1296 3348; x_wconf 84' lang='lat' dir='ltr'><strong>imperatricetn</strong></span> <span class='ocrx_word' id='word_1_435' title='bbox 1350 3280 1543 3334; x_wconf 88' lang='lat' dir='ltr'><strong>urbem</strong></span> <span class='ocrx_word' id='word_1_436' title='bbox 1570 3281 1900 3346; x_wconf 85' lang='lat' dir='ltr'><strong>declarasse,</strong></span> <span class='ocrx_word' id='word_1_437' title='bbox 1937 3296 2114 3351; x_wconf 88' lang='lat' dir='ltr'><strong>popu-</strong></span> 
     </span>
    </p>
   </div>
   <div class='ocr_carea' id='block_1_64' title="bbox 528 3370 2115 3443">
    <p class='ocr_par' dir='ltr' id='par_1_64' title="bbox 528 3370 2115 3443">
     <span class='ocr_line' id='line_1_64' title="bbox 528 3370 2115 3443; baseline 0.005 -22"><span class='ocrx_word' id='word_1_438' title='bbox 528 3370 709 3422; x_wconf 85' lang='lat' dir='ltr'><strong>lorum</strong></span> <span class='ocrx_word' id='word_1_439' title='bbox 733 3371 981 3423; x_wconf 88' lang='lat' dir='ltr'><strong>omnium</strong></span> <span class='ocrx_word' id='word_1_440' title='bbox 1011 3371 1105 3438; x_wconf 89' lang='lat' dir='ltr'><strong>qui</strong></span> <span class='ocrx_word' id='word_1_441' title='bbox 1147 3371 1455 3426; x_wconf 79' lang='lat' dir='ltr'><strong>Romanum</strong></span> <span class='ocrx_word' id='word_1_442' title='bbox 1483 3373 1779 3438; x_wconf 86' lang='lat' dir='ltr'><strong>imperium</strong></span> <span class='ocrx_word' id='word_1_443' title='bbox 1812 3388 2115 3443; x_wconf 79' lang='lat' dir='ltr'><strong>agnoscen-</strong></span> 
     </span>
    </p>
   </div>
   <div class='ocr_carea' id='block_1_65' title="bbox 533 3465 2112 3534">
    <p class='ocr_par' dir='ltr' id='par_1_65' title="bbox 533 3465 2112 3534">
     <span class='ocr_line' id='line_1_65' title="bbox 533 3465 2112 3534; baseline 0.003 -19"><span class='ocrx_word' id='word_1_444' title='bbox 533 3473 634 3523; x_wconf 82' lang='lat' dir='ltr'><strong>tes,</strong></span> <span class='ocrx_word' id='word_1_445' title='bbox 689 3465 1146 3534; x_wconf 70' lang='lat' dir='ltr'><strong>septentrionem,</strong></span> <span class='ocrx_word' id='word_1_446' title='bbox 1184 3473 1434 3519; x_wconf 68' lang='lat' dir='ltr'><strong>austrum</strong></span> <span class='ocrx_word' id='word_1_447' title='bbox 1488 3473 1542 3520; x_wconf 89' lang='lat' dir='ltr'><strong>et</strong></span> <span class='ocrx_word' id='word_1_448' title='bbox 1601 3467 1769 3520; x_wconf 87' lang='lat' dir='ltr'><strong>solem</strong></span> <span class='ocrx_word' id='word_1_449' title='bbox 1841 3467 2112 3523; x_wconf 86' lang='lat' dir='ltr'><strong>orientem</strong></span> 
     </span>
    </p>
   </div>
   <div class='ocr_carea' id='block_1_66' title="bbox 530 3556 2115 3626">
    <p class='ocr_par' dir='ltr' id='par_1_66' title="bbox 530 3556 2115 3626">
     <span class='ocr_line' id='line_1_66' title="bbox 530 3556 2115 3626; baseline 0.005 -19"><span class='ocrx_word' id='word_1_450' title='bbox 530 3570 745 3618; x_wconf 83' lang='lat' dir='ltr'><strong>versus,</strong></span> <span class='ocrx_word' id='word_1_451' title='bbox 779 3566 835 3611; x_wconf 92' lang='lat' dir='ltr'><strong>et</strong></span> <span class='ocrx_word' id='word_1_452' title='bbox 861 3556 1006 3626; x_wconf 89' lang='lat' dir='ltr'><strong>quod</strong></span> <span class='ocrx_word' id='word_1_453' title='bbox 1043 3557 1097 3609; x_wconf 89' lang='lat' dir='ltr'><strong>in</strong></span> <span class='ocrx_word' id='word_1_454' title='bbox 1133 3557 1317 3610; x_wconf 87' lang='lat' dir='ltr'><strong>medio</strong></span> <span class='ocrx_word' id='word_1_455' title='bbox 1346 3567 1434 3611; x_wconf 84' lang='lat' dir='ltr'><strong>est</strong></span> <span class='ocrx_word' id='word_1_456' title='bbox 1480 3574 1631 3613; x_wconf 90' lang='lat' dir='ltr'><strong>mare</strong></span> <span class='ocrx_word' id='word_1_457' title='bbox 1672 3560 1883 3622; x_wconf 88' lang='lat' dir='ltr'><strong>colunt,</strong></span> <span class='ocrx_word' id='word_1_458' title='bbox 1929 3562 1998 3614; x_wconf 90' lang='lat' dir='ltr'><strong>ab</strong></span> <span class='ocrx_word' id='word_1_459' title='bbox 2032 3562 2115 3615; x_wconf 87' lang='lat' dir='ltr'><strong>eis</strong></span> 
     </span>
    </p>
   </div>
   <div class='ocr_carea' id='block_1_67' title="bbox 529 3649 2113 3722">
    <p class='ocr_par' dir='ltr' id='par_1_67' title="bbox 529 3649 2113 3722">
     <span class='ocr_line' id='line_1_67' title="bbox 529 3649 2113 3722; baseline 0.002 -20"><span class='ocrx_word' id='word_1_460' title='bbox 529 3665 653 3718; x_wconf 65' lang='lat' dir='ltr'><strong>qure</strong></span> <span class='ocrx_word' id='word_1_461' title='bbox 685 3650 752 3703; x_wconf 88' lang='lat' dir='ltr'><strong>ad</strong></span> <span class='ocrx_word' id='word_1_462' title='bbox 794 3649 994 3704; x_wconf 83' lang='lat' dir='ltr'><strong>Istrum</strong></span> <span class='ocrx_word' id='word_1_463' title='bbox 1039 3658 1334 3705; x_wconf 64' lang='lat' dir='ltr'><strong>exstructa:</strong></span> <span class='ocrx_word' id='word_1_464' title='bbox 1364 3659 1493 3705; x_wconf 90' lang='lat' dir='ltr'><strong>sunt</strong></span> <span class='ocrx_word' id='word_1_465' title='bbox 1524 3651 1772 3715; x_wconf 86' lang='lat' dir='ltr'><strong>urbibus,</strong></span> <span class='ocrx_word' id='word_1_466' title='bbox 1800 3662 1856 3706; x_wconf 89' lang='lat' dir='ltr'><strong>et</strong></span> <span class='ocrx_word' id='word_1_467' title='bbox 1886 3653 1953 3707; x_wconf 91' lang='lat' dir='ltr'><strong>ab</strong></span> <span class='ocrx_word' id='word_1_468' title='bbox 1986 3653 2113 3722; x_wconf 83' lang='lat' dir='ltr'><strong>Epi-</strong></span> 
     </span>
    </p>
   </div>
   <div class='ocr_carea' id='block_1_68' title="bbox 531 3742 2113 3812">
    <p class='ocr_par' dir='ltr' id='par_1_68' title="bbox 531 3742 2113 3812">
     <span class='ocr_line' id='line_1_68' title="bbox 531 3742 2113 3812; baseline 0.003 -16"><span class='ocrx_word' id='word_1_469' title='bbox 531 3742 758 3806; x_wconf 83' lang='lat' dir='ltr'><strong>damno,</strong></span> <span class='ocrx_word' id='word_1_470' title='bbox 794 3758 916 3812; x_wconf 64' lang='lat' dir='ltr'><strong>qua:</strong></span> <span class='ocrx_word' id='word_1_471' title='bbox 946 3758 1054 3798; x_wconf 89' lang='lat' dir='ltr'><strong>non</strong></span> <span class='ocrx_word' id='word_1_472' title='bbox 1088 3743 1250 3812; x_wconf 85' lang='lat' dir='ltr'><strong>longe</strong></span> <span class='ocrx_word' id='word_1_473' title='bbox 1278 3742 1347 3797; x_wconf 85' lang='lat' dir='ltr'><strong>ab</strong></span> <span class='ocrx_word' id='word_1_474' title='bbox 1388 3743 1542 3798; x_wconf 88' lang='lat' dir='ltr'><strong>Ionio</strong></span> <span class='ocrx_word' id='word_1_475' title='bbox 1584 3743 1706 3798; x_wconf 89' lang='lat' dir='ltr'><strong>sinu</strong></span> <span class='ocrx_word' id='word_1_476' title='bbox 1751 3755 1840 3798; x_wconf 89' lang='lat' dir='ltr'><strong>est</strong></span> <span class='ocrx_word' id='word_1_477' title='bbox 1863 3746 1990 3807; x_wconf 84' lang='lat' dir='ltr'><strong>sita,</strong></span> <span class='ocrx_word' id='word_1_478' title='bbox 2024 3762 2113 3800; x_wconf 86' lang='lat' dir='ltr'><strong>us-</strong></span> 
     </span>
    </p>
   </div>
   <div class='ocr_carea' id='block_1_69' title="bbox 530 3835 2115 3907">
    <p class='ocr_par' dir='ltr' id='par_1_69' title="bbox 530 3835 2115 3907">
     <span class='ocr_line' id='line_1_69' title="bbox 530 3835 2115 3907; baseline 0.001 -18"><span class='ocrx_word' id='word_1_479' title='bbox 530 3852 640 3906; x_wconf 89' lang='lat' dir='ltr'><strong>que</strong></span> <span class='ocrx_word' id='word_1_480' title='bbox 668 3835 734 3889; x_wconf 88' lang='lat' dir='ltr'><strong>ad</strong></span> <span class='ocrx_word' id='word_1_481' title='bbox 761 3836 1027 3906; x_wconf 82' lang='lat' dir='ltr'><strong>Cyrenem</strong></span> <span class='ocrx_word' id='word_1_482' title='bbox 1058 3849 1113 3891; x_wconf 91' lang='lat' dir='ltr'><strong>ct</strong></span> <span class='ocrx_word' id='word_1_483' title='bbox 1146 3838 1454 3905; x_wconf 82' lang='lat' dir='ltr'><strong>proximam</strong></span> <span class='ocrx_word' id='word_1_484' title='bbox 1496 3836 1747 3907; x_wconf 79' lang='lat' dir='ltr'><strong>Libyam,</strong></span> <span class='ocrx_word' id='word_1_485' title='bbox 1769 3852 1866 3907; x_wconf 87' lang='lat' dir='ltr'><strong>per</strong></span> <span class='ocrx_word' id='word_1_486' title='bbox 1915 3849 2115 3901; x_wconf 78' lang='lat' dir='ltr'><strong>tutum,</strong></span> 
     </span>
    </p>
   </div>
   <div class='ocr_carea' id='block_1_70' title="bbox 530 3930 2113 4001">
    <p class='ocr_par' dir='ltr' id='par_1_70' title="bbox 530 3930 2113 4001">
     <span class='ocr_line' id='line_1_70' title="bbox 530 3930 2113 4001; baseline 0.003 -20"><span class='ocrx_word' id='word_1_487' title='bbox 530 3931 677 4000; x_wconf 88' lang='lat' dir='ltr'><strong>quod</strong></span> <span class='ocrx_word' id='word_1_488' title='bbox 710 3930 939 3990; x_wconf 80' lang='lat' dir='ltr'><strong>dicitur.</strong></span> <span class='ocrx_word' id='word_1_489' title='bbox 970 3931 1192 3985; x_wconf 88' lang='lat' dir='ltr'><strong>boreale</strong></span> <span class='ocrx_word' id='word_1_490' title='bbox 1236 3930 1399 3985; x_wconf 90' lang='lat' dir='ltr'><strong>clima</strong></span> <span class='ocrx_word' id='word_1_491' title='bbox 1433 3941 1489 3984; x_wconf 91' lang='lat' dir='ltr'><strong>et</strong></span> <span class='ocrx_word' id='word_1_492' title='bbox 1523 3931 1808 4001; x_wconf 85' lang='lat' dir='ltr'><strong>regionem</strong></span> <span class='ocrx_word' id='word_1_493' title='bbox 1835 3947 2113 3997; x_wconf 82' lang='lat' dir='ltr'><strong>arctoam;</strong></span> 
     </span>
    </p>
   </div>
   <div class='ocr_carea' id='block_1_71' title="bbox 531 4021 2117 4091">
    <p class='ocr_par' dir='ltr' id='par_1_71' title="bbox 531 4021 2117 4091">
     <span class='ocr_line' id='line_1_71' title="bbox 531 4021 2117 4091; baseline 0.001 -14"><span class='ocrx_word' id='word_1_494' title='bbox 531 4032 588 4077; x_wconf 90' lang='lat' dir='ltr'><strong>ct</strong></span> <span class='ocrx_word' id='word_1_495' title='bbox 643 4023 834 4076; x_wconf 84' lang='lat' dir='ltr'><strong>urbem</strong></span> <span class='ocrx_word' id='word_1_496' title='bbox 885 4036 1003 4075; x_wconf 87' lang='lat' dir='ltr'><strong>eam</strong></span> <span class='ocrx_word' id='word_1_497' title='bbox 1050 4021 1217 4076; x_wconf 86' lang='lat' dir='ltr'><strong>condi</strong></span> <span class='ocrx_word' id='word_1_498' title='bbox 1265 4022 1520 4091; x_wconf 69' lang='lat' dir='ltr'><strong>cmpisse,</strong></span> <span class='ocrx_word' id='word_1_499' title='bbox 1576 4039 1605 4075; x_wconf 90' lang='lat' dir='ltr'><strong>a</strong></span> <span class='ocrx_word' id='word_1_500' title='bbox 1667 4022 1876 4077; x_wconf 90' lang='lat' dir='ltr'><strong>mundo</strong></span> <span class='ocrx_word' id='word_1_501' title='bbox 1927 4033 2117 4080; x_wconf 78' lang='lat' dir='ltr'><strong>creato</strong></span> 
     </span>
    </p>
   </div>
   <div class='ocr_carea' id='block_1_72' title="bbox 524 4115 2116 4186">
    <p class='ocr_par' dir='ltr' id='par_1_72' title="bbox 524 4115 2116 4186">
     <span class='ocr_line' id='line_1_72' title="bbox 524 4115 2116 4186; baseline 0.001 -19"><span class='ocrx_word' id='word_1_502' title='bbox 524 4115 830 4184; x_wconf 88' lang='lat' dir='ltr'><strong>&#39;qninquies</strong></span> <span class='ocrx_word' id='word_1_503' title='bbox 909 4115 1203 4169; x_wconf 88' lang='lat' dir='ltr'><strong>millesimo</strong></span> <span class='ocrx_word' id='word_1_504' title='bbox 1302 4117 1764 4186; x_wconf 73' lang='lat' dir='ltr'><strong>octingentesimo</strong></span> <span class='ocrx_word' id='word_1_505' title='bbox 1851 4118 2116 4173; x_wconf 81' lang='lat' dir='ltr'><strong>vicesimo</strong></span> 
     </span>
    </p>
   </div>
   <div class='ocr_carea' id='block_1_73' title="bbox 530 4208 2115 4278">
    <p class='ocr_par' dir='ltr' id='par_1_73' title="bbox 530 4208 2115 4278">
     <span class='ocr_line' id='line_1_73' title="bbox 530 4208 2115 4278; baseline 0.001 -16"><span class='ocrx_word' id='word_1_506' title='bbox 530 4209 748 4273; x_wconf 85' lang='lat' dir='ltr'><strong>quinto,</strong></span> <span class='ocrx_word' id='word_1_507' title='bbox 797 4208 1017 4278; x_wconf 89' lang='lat' dir='ltr'><strong>imperii</strong></span> <span class='ocrx_word' id='word_1_508' title='bbox 1065 4208 1189 4277; x_wconf 90' lang='lat' dir='ltr'><strong>ejus</strong></span> <span class='ocrx_word' id='word_1_509' title='bbox 1241 4208 1505 4265; x_wconf 90' lang='lat' dir='ltr'><strong>decimo:</strong></span> <span class='ocrx_word' id='word_1_510' title='bbox 1563 4210 1870 4266; x_wconf 89' lang='lat' dir='ltr'><strong>absolutam</strong></span> <span class='ocrx_word' id='word_1_511' title='bbox 1931 4224 2115 4267; x_wconf 82' lang='lat' dir='ltr'><strong>autem</strong></span> 
     </span>
    </p>
   </div>
   <div class='ocr_carea' id='block_1_74' title="bbox 531 4301 2118 4373">
    <p class='ocr_par' dir='ltr' id='par_1_74' title="bbox 531 4301 2118 4373">
     <span class='ocr_line' id='line_1_74' title="bbox 531 4301 2118 4373; baseline 0.003 -18"><span class='ocrx_word' id='word_1_512' title='bbox 531 4316 757 4371; x_wconf 88' lang='lat' dir='ltr'><strong>prorsus</strong></span> <span class='ocrx_word' id='word_1_513' title='bbox 812 4316 958 4365; x_wconf 89' lang='lat' dir='ltr'><strong>esse,</strong></span> <span class='ocrx_word' id='word_1_514' title='bbox 1022 4302 1269 4373; x_wconf 87' lang='lat' dir='ltr'><strong>ejusdem</strong></span> <span class='ocrx_word' id='word_1_515' title='bbox 1324 4301 1544 4372; x_wconf 89' lang='lat' dir='ltr'><strong>imperii</strong></span> <span class='ocrx_word' id='word_1_516' title='bbox 1598 4302 1864 4359; x_wconf 87' lang='lat' dir='ltr'><strong>vicesimo</strong></span> <span class='ocrx_word' id='word_1_517' title='bbox 1921 4314 2118 4361; x_wconf 79' lang='lat' dir='ltr'><strong>octavo</strong></span> 
     </span>
    </p>
   </div>
   <div class='ocr_carea' id='block_1_75' title="bbox 531 4394 2119 4467">
    <p class='ocr_par' dir='ltr' id='par_1_75' title="bbox 531 4394 2119 4467">
     <span class='ocr_line' id='line_1_75' title="bbox 531 4394 2119 4467; baseline 0.001 -18"><span class='ocrx_word' id='word_1_518' title='bbox 531 4410 699 4458; x_wconf 87' lang='lat' dir='ltr'><strong>anno,</strong></span> <span class='ocrx_word' id='word_1_519' title='bbox 736 4395 830 4464; x_wconf 89' lang='lat' dir='ltr'><strong>qui</strong></span> <span class='ocrx_word' id='word_1_520' title='bbox 872 4394 1071 4448; x_wconf 88' lang='lat' dir='ltr'><strong>incidit</strong></span> <span class='ocrx_word' id='word_1_521' title='bbox 1114 4396 1168 4448; x_wconf 89' lang='lat' dir='ltr'><strong>in</strong></span> <span class='ocrx_word' id='word_1_522' title='bbox 1210 4396 1423 4450; x_wconf 88' lang='lat' dir='ltr'><strong>conditi</strong></span> <span class='ocrx_word' id='word_1_523' title='bbox 1458 4395 1647 4450; x_wconf 85' lang='lat' dir='ltr'><strong>mundi</strong></span> <span class='ocrx_word' id='word_1_524' title='bbox 1696 4410 1901 4450; x_wconf 89' lang='lat' dir='ltr'><strong>annum</strong></span> <span class='ocrx_word' id='word_1_525' title='bbox 1957 4396 2119 4467; x_wconf 87' lang='lat' dir='ltr'><strong>quin-</strong></span> 
     </span>
    </p>
   </div>
   <div class='ocr_carea' id='block_1_76' title="bbox 2217 3274 3813 3351">
    <p class='ocr_par' dir='ltr' id='par_1_76' title="bbox 2217 3274 3813 3351">
     <span class='ocr_line' id='line_1_76' title="bbox 2217 3274 3813 3351; baseline -0.005 -17"><span class='ocrx_word' id='word_1_526' title='bbox 2217 3282 2429 3351; x_wconf 85' lang='grc' dir='ltr'>δάμνου</span> <span class='ocrx_word' id='word_1_527' title='bbox 2461 3281 2561 3351; x_wconf 82' lang='grc' dir='ltr'><strong>τῆς</strong></span> <span class='ocrx_word' id='word_1_528' title='bbox 2596 3281 2731 3349; x_wconf 79' lang='grc' dir='ltr'><strong>πρὸς</strong></span> <span class='ocrx_word' id='word_1_529' title='bbox 2765 3280 2842 3350; x_wconf 83' lang='grc' dir='ltr'><strong>τῷ</strong></span> <span class='ocrx_word' id='word_1_530' title='bbox 2888 3277 3062 3350; x_wconf 84' lang='grc' dir='ltr'><strong>Ἰονίῳ</strong></span> <span class='ocrx_word' id='word_1_531' title='bbox 3093 3279 3278 3346; x_wconf 77' lang='grc' dir='ltr'><strong>κόλπῳ</strong></span> <span class='ocrx_word' id='word_1_532' title='bbox 3307 3275 3475 3346; x_wconf 82' lang='grc' dir='ltr'><strong>μέχρι</strong></span> <span class='ocrx_word' id='word_1_533' title='bbox 3516 3274 3813 3345; x_wconf 80' lang='grc' dir='ltr'><strong>Κυρήνης,</strong></span> 
     </span>
    </p>
   </div>
   <div class='ocr_carea' id='block_1_77' title="bbox 2219 3366 3818 3444">
    <p class='ocr_par' dir='ltr' id='par_1_77' title="bbox 2219 3366 3818 3444">
     <span class='ocr_line' id='line_1_77' title="bbox 2219 3366 3818 3444; baseline -0.007 -16"><span class='ocrx_word' id='word_1_534' title='bbox 2219 3376 2317 3430; x_wconf 79' lang='grc' dir='ltr'><strong>καὶ</strong></span> <span class='ocrx_word' id='word_1_535' title='bbox 2347 3376 2453 3428; x_wconf 84' lang='grc' dir='ltr'><strong>τῶν</strong></span> <span class='ocrx_word' id='word_1_536' title='bbox 2495 3375 2622 3444; x_wconf 79' lang='grc' dir='ltr'><strong>τῇδε</strong></span> <span class='ocrx_word' id='word_1_537' title='bbox 2660 3373 2901 3438; x_wconf 82' lang='grc' dir='ltr'>Λιϐύων,</span> <span class='ocrx_word' id='word_1_538' title='bbox 2942 3371 3098 3443; x_wconf 79' lang='grc' dir='ltr'>παρὰ</span> <span class='ocrx_word' id='word_1_539' title='bbox 3135 3371 3197 3423; x_wconf 76' lang='grc' dir='ltr'>τὸ</span> <span class='ocrx_word' id='word_1_540' title='bbox 3217 3369 3428 3440; x_wconf 81' lang='grc' dir='ltr'><strong>βόρειον</strong></span> <span class='ocrx_word' id='word_1_541' title='bbox 3465 3366 3818 3437; x_wconf 83' lang='grc' dir='ltr'>καλούμενον</span> 
     </span>
    </p>
   </div>
   <div class='ocr_carea' id='block_1_78' title="bbox 2220 3460 3821 3539">
    <p class='ocr_par' dir='ltr' id='par_1_78' title="bbox 2220 3460 3821 3539">
     <span class='ocr_line' id='line_1_78' title="bbox 2220 3460 3821 3539; baseline -0.007 -16"><span class='ocrx_word' id='word_1_542' title='bbox 2220 3468 2414 3539; x_wconf 83' lang='grc' dir='ltr'><strong>κλίμα.</strong></span> <span class='ocrx_word' id='word_1_543' title='bbox 2441 3468 2552 3520; x_wconf 74' lang='grc' dir='ltr'><strong>Καὶ</strong></span> <span class='ocrx_word' id='word_1_544' title='bbox 2577 3465 2848 3538; x_wconf 79' lang='grc' dir='ltr'><strong>ἄρξασθαί</strong></span> <span class='ocrx_word' id='word_1_545' title='bbox 2880 3482 2946 3535; x_wconf 86' lang='grc' dir='ltr'><strong>γε</strong></span> <span class='ocrx_word' id='word_1_546' title='bbox 2978 3467 3079 3536; x_wconf 82' lang='grc' dir='ltr'><strong>τῆς</strong></span> <span class='ocrx_word' id='word_1_547' title='bbox 3106 3463 3397 3533; x_wconf 74' lang='grc' dir='ltr'><strong>οἰκοδομῆς</strong></span> <span class='ocrx_word' id='word_1_548' title='bbox 3428 3460 3575 3514; x_wconf 83' lang='grc' dir='ltr'><strong>κατὰ</strong></span> <span class='ocrx_word' id='word_1_549' title='bbox 3604 3460 3667 3512; x_wconf 81' lang='grc' dir='ltr'>τὸ</span> <span class='ocrx_word' id='word_1_550' title='bbox 3696 3477 3821 3512; x_wconf 66' lang='lat' dir='ltr'><strong>trav.</strong></span> 
     </span>
    </p>
   </div>
   <div class='ocr_carea' id='block_1_79' title="bbox 2219 3554 3822 3630">
    <p class='ocr_par' dir='ltr' id='par_1_79' title="bbox 2219 3554 3822 3630">
     <span class='ocr_line' id='line_1_79' title="bbox 2219 3554 3822 3630; baseline -0.004 -18"><span class='ocrx_word' id='word_1_551' title='bbox 2219 3560 2664 3630; x_wconf 78' lang='grc' dir='ltr'><strong>τακισχιλιοστὺν</strong></span> <span class='ocrx_word' id='word_1_552' title='bbox 2691 3559 3114 3613; x_wconf 75' lang='grc' dir='ltr'><strong>ἐκτακοσιοστδν</strong></span> <span class='ocrx_word' id='word_1_553' title='bbox 3139 3557 3394 3627; x_wconf 79' lang='grc' dir='ltr'>πέμπτον</span> <span class='ocrx_word' id='word_1_554' title='bbox 3426 3555 3525 3607; x_wconf 74' lang='grc' dir='ltr'><strong>καὶ</strong></span> <span class='ocrx_word' id='word_1_555' title='bbox 3560 3554 3822 3607; x_wconf 75' lang='grc' dir='ltr'><strong>εἰκοστὸν</strong></span> 
     </span>
    </p>
   </div>
   <div class='ocr_carea' id='block_1_80' title="bbox 2221 3647 3825 3723">
    <p class='ocr_par' dir='ltr' id='par_1_80' title="bbox 2221 3647 3825 3723">
     <span class='ocr_line' id='line_1_80' title="bbox 2221 3647 3825 3723; baseline -0.007 -14"><span class='ocrx_word' id='word_1_556' title='bbox 2221 3657 2340 3719; x_wconf 81' lang='grc' dir='ltr'><strong>ἔτος</strong></span> <span class='ocrx_word' id='word_1_557' title='bbox 2377 3654 2472 3708; x_wconf 75' lang='grc' dir='ltr'><strong>τοῦ</strong></span> <span class='ocrx_word' id='word_1_558' title='bbox 2504 3657 2737 3723; x_wconf 82' lang='grc' dir='ltr'><strong>κόσμου,</strong></span> <span class='ocrx_word' id='word_1_559' title='bbox 2787 3655 2886 3723; x_wconf 81' lang='grc' dir='ltr'><strong>τῆς</strong></span> <span class='ocrx_word' id='word_1_560' title='bbox 2917 3654 2974 3706; x_wconf 81' lang='grc' dir='ltr'><strong>δὲ</strong></span> <span class='ocrx_word' id='word_1_561' title='bbox 3005 3652 3182 3721; x_wconf 82' lang='grc' dir='ltr'><strong>ἀρχῆς</strong></span> <span class='ocrx_word' id='word_1_562' title='bbox 3212 3649 3379 3704; x_wconf 81' lang='grc' dir='ltr'><strong>αὐτοῦ</strong></span> <span class='ocrx_word' id='word_1_563' title='bbox 3427 3647 3701 3702; x_wconf 81' lang='grc' dir='ltr'><strong>δέκατον·</strong></span> <span class='ocrx_word' id='word_1_564' title='bbox 3734 3663 3825 3699; x_wconf 78' lang='grc' dir='ltr'>τεο</span> 
     </span>
    </p>
   </div>
   <div class='ocr_carea' id='block_1_81' title="bbox 2220 3739 3821 3816">
    <p class='ocr_par' dir='ltr' id='par_1_81' title="bbox 2220 3739 3821 3816">
     <span class='ocr_line' id='line_1_81' title="bbox 2220 3739 3821 3816; baseline -0.006 -16"><span class='ocrx_word' id='word_1_565' title='bbox 2220 3748 2376 3802; x_wconf 80' lang='grc' dir='ltr'><strong>λέσαι</strong></span> <span class='ocrx_word' id='word_1_566' title='bbox 2404 3748 2462 3803; x_wconf 82' lang='grc' dir='ltr'><strong>δὲ</strong></span> <span class='ocrx_word' id='word_1_567' title='bbox 2488 3748 2700 3816; x_wconf 85' lang='grc' dir='ltr'><strong>ταύτην</strong></span> <span class='ocrx_word' id='word_1_568' title='bbox 2730 3745 3052 3799; x_wconf 82' lang='grc' dir='ltr'><strong>παντάπασι</strong></span> <span class='ocrx_word' id='word_1_569' title='bbox 3080 3742 3224 3797; x_wconf 79' lang='grc' dir='ltr'><strong>κατὰ</strong></span> <span class='ocrx_word' id='word_1_570' title='bbox 3252 3741 3313 3795; x_wconf 79' lang='grc' dir='ltr'><strong>τὸ</strong></span> <span class='ocrx_word' id='word_1_571' title='bbox 3338 3740 3597 3794; x_wconf 70' lang='grc' dir='ltr'><strong>εἰκοστὸν</strong></span> <span class='ocrx_word' id='word_1_572' title='bbox 3624 3739 3821 3806; x_wconf 78' lang='grc' dir='ltr'><strong>ὄγδοον</strong></span> 
     </span>
    </p>
   </div>
   <div class='ocr_carea' id='block_1_82' title="bbox 2221 3831 3824 3908">
    <p class='ocr_par' dir='ltr' id='par_1_82' title="bbox 2221 3831 3824 3908">
     <span class='ocr_line' id='line_1_82' title="bbox 2221 3831 3824 3908; baseline -0.006 -15"><span class='ocrx_word' id='word_1_573' title='bbox 2221 3839 2385 3895; x_wconf 79' lang='grc' dir='ltr'><strong>αὐτοῦ</strong></span> <span class='ocrx_word' id='word_1_574' title='bbox 2419 3839 2517 3908; x_wconf 80' lang='grc' dir='ltr'><strong>τῆς</strong></span> <span class='ocrx_word' id='word_1_575' title='bbox 2543 3839 2719 3907; x_wconf 79' lang='grc' dir='ltr'><strong>ἀρχῆς</strong></span> <span class='ocrx_word' id='word_1_576' title='bbox 2738 3852 2753 3866; x_wconf 87' lang='grc'><strong>·</strong></span> <span class='ocrx_word' id='word_1_577' title='bbox 2785 3836 2923 3905; x_wconf 86' lang='grc' dir='ltr'>ὅπερ</span> <span class='ocrx_word' id='word_1_578' title='bbox 2955 3834 3075 3888; x_wconf 77' lang='grc' dir='ltr'><strong>ἐστὶ</strong></span> <span class='ocrx_word' id='word_1_579' title='bbox 3104 3833 3315 3900; x_wconf 72' lang='grc' dir='ltr'><strong>κόσμου</strong></span> <span class='ocrx_word' id='word_1_580' title='bbox 3349 3831 3471 3893; x_wconf 74' lang='grc' dir='ltr'><strong>ἔτος</strong></span> <span class='ocrx_word' id='word_1_581' title='bbox 3499 3845 3824 3885; x_wconf 79' lang='grc' dir='ltr'><strong>πεντακισ-</strong></span> 
     </span>
    </p>
   </div>
   <div class='ocr_carea' id='block_1_83' title="bbox 2220 3922 3820 4004">
    <p class='ocr_par' dir='ltr' id='par_1_83' title="bbox 2220 3922 3820 4004">
     <span class='ocr_line' id='line_1_83' title="bbox 2220 3922 3820 4004; baseline -0.009 -18"><span class='ocrx_word' id='word_1_582' title='bbox 2220 3933 2490 4004; x_wconf 77' lang='grc' dir='ltr'><strong>χιλιοστδν</strong></span> <span class='ocrx_word' id='word_1_583' title='bbox 2536 3927 2959 3983; x_wconf 80' lang='grc' dir='ltr'><strong>ὀκτακοσιοστδν</strong></span> <span class='ocrx_word' id='word_1_584' title='bbox 3020 3922 3110 3995; x_wconf 85' lang='grc' dir='ltr'><strong>μγ¹</strong></span> <span class='ocrx_word' id='word_1_585' title='bbox 3132 3962 3148 3988; x_wconf 88' lang='grc'><strong>,</strong></span> <span class='ocrx_word' id='word_1_586' title='bbox 3181 3923 3259 3987; x_wconf 84' lang='grc' dir='ltr'><strong>ὡς</strong></span> <span class='ocrx_word' id='word_1_587' title='bbox 3287 3924 3333 3979; x_wconf 84' lang='grc' dir='ltr'><strong>δ’</strong></span> <span class='ocrx_word' id='word_1_588' title='bbox 3373 3922 3586 3992; x_wconf 73' lang='grc' dir='ltr'>ἕτεροι,</span> <span class='ocrx_word' id='word_1_589' title='bbox 3618 3922 3820 3995; x_wconf 57' lang='grc' dir='ltr'>,εωληη</span> 
     </span>
    </p>
   </div>
   <div class='ocr_carea' id='block_1_84' title="bbox 2224 4014 3830 4092">
    <p class='ocr_par' dir='ltr' id='par_1_84' title="bbox 2224 4014 3830 4092">
     <span class='ocr_line' id='line_1_84' title="bbox 2224 4014 3830 4092; baseline -0.01 -10"><span class='ocrx_word' id='word_1_590' title='bbox 2224 4031 2332 4083; x_wconf 57' lang='grc' dir='ltr'><strong>Καὶ⁸</strong></span> <span class='ocrx_word' id='word_1_591' title='bbox 2372 4025 2534 4079; x_wconf 83' lang='grc' dir='ltr'><strong>τοῦτο</strong></span> <span class='ocrx_word' id='word_1_592' title='bbox 2571 4022 2630 4076; x_wconf 85' lang='grc' dir='ltr'><strong>δὲ</strong></span> <span class='ocrx_word' id='word_1_593' title='bbox 2662 4019 2793 4092; x_wconf 68' lang='grc' dir='ltr'><strong>περὶ¹</strong></span> <span class='ocrx_word' id='word_1_594' title='bbox 2828 4019 3039 4089; x_wconf 81' lang='grc' dir='ltr'><strong>ταύτης</strong></span> <span class='ocrx_word' id='word_1_595' title='bbox 3072 4019 3401 4088; x_wconf 78' lang='grc' dir='ltr'><strong>ἱστορεῖται,</strong></span> <span class='ocrx_word' id='word_1_596' title='bbox 3440 4014 3519 4079; x_wconf 83' lang='grc' dir='ltr'><strong>ὡς</strong></span> <span class='ocrx_word' id='word_1_597' title='bbox 3560 4017 3657 4070; x_wconf 85' lang='grc' dir='ltr'>τὸν</span> <span class='ocrx_word' id='word_1_598' title='bbox 3690 4014 3830 4068; x_wconf 75' lang='grc' dir='ltr'>ταύο</span> 
     </span>
    </p>
   </div>
   <div class='ocr_carea' id='block_1_85' title="bbox 2220 4107 3823 4189">
    <p class='ocr_par' dir='ltr' id='par_1_85' title="bbox 2220 4107 3823 4189">
     <span class='ocr_line' id='line_1_85' title="bbox 2220 4107 3823 4189; baseline -0.009 -17"><span class='ocrx_word' id='word_1_599' title='bbox 2220 4138 2319 4189; x_wconf 89' lang='grc' dir='ltr'><strong>της</strong></span> <span class='ocrx_word' id='word_1_600' title='bbox 2352 4115 2641 4185; x_wconf 79' lang='grc' dir='ltr'>περίϐολον</span> <span class='ocrx_word' id='word_1_601' title='bbox 2672 4112 3015 4183; x_wconf 73' lang='grc' dir='ltr'><strong>ὁριζόμενον,</strong></span> <span class='ocrx_word' id='word_1_602' title='bbox 3052 4109 3224 4180; x_wconf 74' lang='grc' dir='ltr'>βάδην</span> <span class='ocrx_word' id='word_1_603' title='bbox 3256 4107 3542 4177; x_wconf 85' lang='grc' dir='ltr'>περιιέναι</span> <span class='ocrx_word' id='word_1_604' title='bbox 3585 4107 3684 4160; x_wconf 75' lang='grc' dir='ltr'><strong>τὸν</strong></span> <span class='ocrx_word' id='word_1_605' title='bbox 3722 4108 3823 4177; x_wconf 81' lang='grc' dir='ltr'><strong>βα-</strong></span> 
     </span>
    </p>
   </div>
   <div class='ocr_carea' id='block_1_86' title="bbox 2224 4201 3821 4279">
    <p class='ocr_par' dir='ltr' id='par_1_86' title="bbox 2224 4201 3821 4279">
     <span class='ocr_line' id='line_1_86' title="bbox 2224 4201 3821 4279; baseline -0.009 -12"><span class='ocrx_word' id='word_1_606' title='bbox 2224 4214 2377 4267; x_wconf 78' lang='grc' dir='ltr'>σιλέα</span> <span class='ocrx_word' id='word_1_607' title='bbox 2404 4210 2529 4279; x_wconf 84' lang='grc' dir='ltr'><strong>δόρυ</strong></span> <span class='ocrx_word' id='word_1_608' title='bbox 2566 4207 2869 4277; x_wconf 82' lang='grc' dir='ltr'><strong>κατέχοντα</strong></span> <span class='ocrx_word' id='word_1_609' title='bbox 2897 4207 2965 4276; x_wconf 83' lang='grc' dir='ltr'><strong>τῇ</strong></span> <span class='ocrx_word' id='word_1_610' title='bbox 2999 4203 3176 4275; x_wconf 84' lang='grc' dir='ltr'><strong>χειρί·</strong></span> <span class='ocrx_word' id='word_1_611' title='bbox 3205 4203 3329 4256; x_wconf 76' lang='grc' dir='ltr'>ἐπεὶ</span> <span class='ocrx_word' id='word_1_612' title='bbox 3354 4201 3412 4255; x_wconf 74' lang='grc' dir='ltr'><strong>δὲ</strong></span> <span class='ocrx_word' id='word_1_613' title='bbox 3459 4203 3583 4266; x_wconf 88' lang='grc' dir='ltr'><strong>τοῖς</strong></span> <span class='ocrx_word' id='word_1_614' title='bbox 3612 4201 3821 4272; x_wconf 81' lang='grc' dir='ltr'><strong>ἐπομέ·</strong></span> 
     </span>
    </p>
   </div>
   <div class='ocr_carea' id='block_1_87' title="bbox 2222 4293 3828 4371">
    <p class='ocr_par' dir='ltr' id='par_1_87' title="bbox 2222 4293 3828 4371">
     <span class='ocr_line' id='line_1_87' title="bbox 2222 4293 3828 4371; baseline -0.009 -12"><span class='ocrx_word' id='word_1_615' title='bbox 2222 4322 2334 4369; x_wconf 86' lang='grc' dir='ltr'><strong>νοις</strong></span> <span class='ocrx_word' id='word_1_616' title='bbox 2362 4303 2539 4356; x_wconf 77' lang='grc' dir='ltr'><strong>ἐδόκει</strong></span> <span class='ocrx_word' id='word_1_617' title='bbox 2588 4296 2837 4371; x_wconf 78' lang='grc' dir='ltr'>μεῖζονῆ</span> <span class='ocrx_word' id='word_1_618' title='bbox 2884 4297 3134 4368; x_wconf 85' lang='grc' dir='ltr'><strong>προσῆκε</strong></span> <span class='ocrx_word' id='word_1_619' title='bbox 3170 4294 3232 4348; x_wconf 82' lang='grc' dir='ltr'>τὸ</span> <span class='ocrx_word' id='word_1_620' title='bbox 3274 4293 3476 4363; x_wconf 84' lang='grc' dir='ltr'><strong>μέτρον</strong></span> <span class='ocrx_word' id='word_1_621' title='bbox 3519 4293 3828 4357; x_wconf 72' lang='grc' dir='ltr'>ἐκτείνειν,</span> 
     </span>
    </p>
   </div>
   <div class='ocr_carea' id='block_1_88' title="bbox 2222 4387 3832 4466">
    <p class='ocr_par' dir='ltr' id='par_1_88' title="bbox 2222 4387 3832 4466">
     <span class='ocr_line' id='line_1_88' title="bbox 2222 4387 3832 4466; baseline -0.007 -15"><span class='ocrx_word' id='word_1_622' title='bbox 2222 4396 2545 4466; x_wconf 85' lang='grc' dir='ltr'>προσελθεῖν</span> <span class='ocrx_word' id='word_1_623' title='bbox 2578 4411 2637 4446; x_wconf 89' lang='grc' dir='ltr'><strong>τε</strong></span> <span class='ocrx_word' id='word_1_624' title='bbox 2674 4391 2824 4463; x_wconf 80' lang='grc' dir='ltr'><strong>αὐτῷ</strong></span> <span class='ocrx_word' id='word_1_625' title='bbox 2856 4408 2977 4445; x_wconf 90' lang='grc' dir='ltr'><strong>τινα</strong></span> <span class='ocrx_word' id='word_1_626' title='bbox 3009 4390 3105 4443; x_wconf 74' lang='grc' dir='ltr'><strong>καὶ</strong></span> <span class='ocrx_word' id='word_1_627' title='bbox 3134 4387 3636 4449; x_wconf 84' lang='grc' dir='ltr'>διαπυνθάνεσθαι,</span> <span class='ocrx_word' id='word_1_628' title='bbox 3678 4387 3832 4450; x_wconf 83' lang='grc' dir='ltr'><strong>Ἕως</strong></span> 
     </span>
    </p>
   </div>
   <div class='ocr_carea' id='block_1_89' title="bbox 531 4480 2114 4578">
    <p class='ocr_par' dir='ltr' id='par_1_89' title="bbox 531 4488 2114 4559">
     <span class='ocr_line' id='line_1_89' title="bbox 531 4488 2114 4559; baseline 0.003 -22"><span class='ocrx_word' id='word_1_629' title='bbox 531 4488 692 4559; x_wconf 85' lang='lat' dir='ltr'><strong>quies</strong></span> <span class='ocrx_word' id='word_1_630' title='bbox 743 4488 1101 4542; x_wconf 83' lang='lat' dir='ltr'><strong>millesimum</strong></span> <span class='ocrx_word' id='word_1_631' title='bbox 1155 4488 1679 4556; x_wconf 82' lang='lat' dir='ltr'><strong>octingentesimum</strong></span> <span class='ocrx_word' id='word_1_632' title='bbox 1749 4489 2114 4558; x_wconf 80' lang='lat' dir='ltr'><strong>quadragesi-</strong></span> 
     </span>
    </p>
   </div>
   <div class='ocr_carea' id='block_1_90' title="bbox 2223 4480 3836 4578">
    <p class='ocr_par' dir='ltr' id='par_1_90' title="bbox 2227 4480 3836 4555">
     <span class='ocr_line' id='line_1_90' title="bbox 2227 4480 3836 4555; baseline -0.006 -13"><span class='ocrx_word' id='word_1_633' title='bbox 2227 4491 2353 4553; x_wconf 79' lang='grc' dir='ltr'>ποῦ,</span> <span class='ocrx_word' id='word_1_634' title='bbox 2386 4490 2665 4551; x_wconf 79' lang='grc' dir='ltr'><strong>δέσποτα;</strong></span> <span class='ocrx_word' id='word_1_635' title='bbox 2693 4486 2788 4539; x_wconf 79' lang='grc' dir='ltr'><strong>τὸν</strong></span> <span class='ocrx_word' id='word_1_636' title='bbox 2815 4484 2873 4537; x_wconf 84' lang='grc' dir='ltr'><strong>δὲ</strong></span> <span class='ocrx_word' id='word_1_637' title='bbox 2903 4483 3207 4555; x_wconf 79' lang='grc' dir='ltr'><strong>διαρρήδην</strong></span> <span class='ocrx_word' id='word_1_638' title='bbox 3240 4480 3698 4548; x_wconf 73' lang='grc' dir='ltr'>ἀποκρινάμενον</span> <span class='ocrx_word' id='word_1_639' title='bbox 3729 4482 3836 4548; x_wconf 71' lang='grc' dir='ltr'><strong>φά-</strong></span> 
     </span>
    </p>
   </div>
   <div class='ocr_carea' id='block_1_91' title="bbox 533 4579 2111 4646">
    <p class='ocr_par' dir='ltr' id='par_1_91' title="bbox 533 4579 2111 4646">
     <span class='ocr_line' id='line_1_91' title="bbox 533 4579 2111 4646; baseline 0.002 -15"><span class='ocrx_word' id='word_1_640' title='bbox 533 4594 682 4631; x_wconf 89' lang='lat' dir='ltr'><strong>mum</strong></span> <span class='ocrx_word' id='word_1_641' title='bbox 738 4582 986 4646; x_wconf 90' lang='lat' dir='ltr'><strong>tertium,</strong></span> <span class='ocrx_word' id='word_1_642' title='bbox 1032 4581 1170 4642; x_wconf 86' lang='lat' dir='ltr'><strong>sive,</strong></span> <span class='ocrx_word' id='word_1_643' title='bbox 1230 4590 1290 4632; x_wconf 90' lang='lat' dir='ltr'><strong>ut</strong></span> <span class='ocrx_word' id='word_1_644' title='bbox 1325 4580 1416 4633; x_wconf 88' lang='lat' dir='ltr'><strong>alii</strong></span> <span class='ocrx_word' id='word_1_645' title='bbox 1464 4579 1709 4642; x_wconf 83' lang='lat' dir='ltr'><strong>tradunt,</strong></span> <span class='ocrx_word' id='word_1_646' title='bbox 1769 4579 2111 4635; x_wconf 57' lang='lat' dir='ltr'><strong>tricesimum</strong></span> 
     </span>
    </p>
   </div>
   <div class='ocr_carea' id='block_1_92' title="bbox 533 4672 2113 4742">
    <p class='ocr_par' dir='ltr' id='par_1_92' title="bbox 533 4672 2113 4742">
     <span class='ocr_line' id='line_1_92' title="bbox 533 4672 2113 4742; baseline 0.001 -15"><span class='ocrx_word' id='word_1_647' title='bbox 533 4680 808 4727; x_wconf 87' lang='lat' dir='ltr'><strong>octavum.</strong></span> <span class='ocrx_word' id='word_1_648' title='bbox 838 4672 909 4725; x_wconf 88' lang='lat' dir='ltr'><strong>De</strong></span> <span class='ocrx_word' id='word_1_649' title='bbox 933 4687 997 4725; x_wconf 85' lang='lat' dir='ltr'><strong>ea</strong></span> <span class='ocrx_word' id='word_1_650' title='bbox 1038 4672 1169 4726; x_wconf 90' lang='lat' dir='ltr'><strong>illud</strong></span> <span class='ocrx_word' id='word_1_651' title='bbox 1221 4688 1444 4742; x_wconf 90' lang='lat' dir='ltr'><strong>quoque</strong></span> <span class='ocrx_word' id='word_1_652' title='bbox 1491 4673 1773 4727; x_wconf 75' lang='lat' dir='ltr'><strong>memoria:</strong></span> <span class='ocrx_word' id='word_1_653' title='bbox 1806 4680 1891 4726; x_wconf 84' lang='lat' dir='ltr'><strong>est</strong></span> <span class='ocrx_word' id='word_1_654' title='bbox 1932 4673 2113 4742; x_wconf 88' lang='lat' dir='ltr'><strong>prodi-</strong></span> 
     </span>
    </p>
   </div>
   <div class='ocr_carea' id='block_1_93' title="bbox 533 4746 2110 4835">
    <p class='ocr_par' dir='ltr' id='par_1_93' title="bbox 533 4746 2110 4835">
     <span class='ocr_line' id='line_1_93' title="bbox 533 4746 2110 4835; baseline 0.003 -17"><span class='ocrx_word' id='word_1_655' title='bbox 533 4774 649 4819; x_wconf 89' lang='lat' dir='ltr'><strong>tum</strong></span> <span class='ocrx_word' id='word_1_656' title='bbox 687 4764 798 4835; x_wconf 78' lang='grc'><strong>(1),</strong></span> <span class='ocrx_word' id='word_1_657' title='bbox 836 4773 895 4817; x_wconf 90' lang='lat' dir='ltr'><strong>ut</strong></span> <span class='ocrx_word' id='word_1_658' title='bbox 926 4764 1228 4832; x_wconf 89' lang='lat' dir='ltr'><strong>imperator</strong></span> <span class='ocrx_word' id='word_1_659' title='bbox 1251 4766 1365 4834; x_wconf 89' lang='lat' dir='ltr'><strong>ipse</strong></span> <span class='ocrx_word' id='word_1_660' title='bbox 1399 4746 1656 4835; x_wconf 77' lang='lat' dir='ltr'><strong>pedibus,</strong></span> <span class='ocrx_word' id='word_1_661' title='bbox 1692 4766 1903 4821; x_wconf 87' lang='lat' dir='ltr'><strong>hastam</strong></span> <span class='ocrx_word' id='word_1_662' title='bbox 1944 4783 2110 4822; x_wconf 84' lang='lat' dir='ltr'><strong>manu</strong></span> 
     </span>
    </p>
   </div>
   <div class='ocr_carea' id='block_1_94' title="bbox 535 4856 2114 4927">
    <p class='ocr_par' dir='ltr' id='par_1_94' title="bbox 535 4856 2114 4927">
     <span class='ocr_line' id='line_1_94' title="bbox 535 4856 2114 4927; baseline 0 -16"><span class='ocrx_word' id='word_1_663' title='bbox 535 4870 749 4918; x_wconf 79' lang='lat' dir='ltr'><strong>tenens,</strong></span> <span class='ocrx_word' id='word_1_664' title='bbox 801 4856 1071 4908; x_wconf 87' lang='lat' dir='ltr'><strong>ambitum</strong></span> <span class='ocrx_word' id='word_1_665' title='bbox 1130 4857 1442 4926; x_wconf 69' lang='lat' dir='ltr'><strong>mmniaqne</strong></span> <span class='ocrx_word' id='word_1_666' title='bbox 1504 4858 1623 4927; x_wconf 90' lang='lat' dir='ltr'><strong>ejus</strong></span> <span class='ocrx_word' id='word_1_667' title='bbox 1677 4856 1947 4911; x_wconf 76' lang='lat' dir='ltr'><strong>deﬁniens</strong></span> <span class='ocrx_word' id='word_1_668' title='bbox 2002 4858 2114 4911; x_wconf 85' lang='lat' dir='ltr'><strong>cir-</strong></span> 
     </span>
    </p>
   </div>
   <div class='ocr_carea' id='block_1_95' title="bbox 533 4948 2114 5020">
    <p class='ocr_par' dir='ltr' id='par_1_95' title="bbox 533 4948 2114 5020">
     <span class='ocr_line' id='line_1_95' title="bbox 533 4948 2114 5020; baseline -0.002 -13"><span class='ocrx_word' id='word_1_669' title='bbox 533 4951 768 5007; x_wconf 74' lang='lat' dir='ltr'><strong>cumiit:</strong></span> <span class='ocrx_word' id='word_1_670' title='bbox 812 4948 959 5019; x_wconf 84' lang='lat' dir='ltr'><strong>quod</strong></span> <span class='ocrx_word' id='word_1_671' title='bbox 987 4949 1284 5003; x_wconf 87' lang='lat' dir='ltr'><strong>comitibus</strong></span> <span class='ocrx_word' id='word_1_672' title='bbox 1307 4950 1427 5020; x_wconf 84' lang='lat' dir='ltr'><strong>ejus</strong></span> <span class='ocrx_word' id='word_1_673' title='bbox 1456 4948 1691 5004; x_wconf 89' lang='lat' dir='ltr'><strong>ulterius</strong></span> <span class='ocrx_word' id='word_1_674' title='bbox 1715 4964 1879 5018; x_wconf 86' lang='lat' dir='ltr'><strong>quam</strong></span> <span class='ocrx_word' id='word_1_675' title='bbox 1909 4964 2114 5005; x_wconf 90' lang='lat' dir='ltr'><strong>conve-</strong></span> 
     </span>
    </p>
   </div>
   <div class='ocr_carea' id='block_1_96' title="bbox 533 5046 2115 5117">
    <p class='ocr_par' dir='ltr' id='par_1_96' title="bbox 533 5046 2115 5117">
     <span class='ocr_line' id='line_1_96' title="bbox 533 5046 2115 5117; baseline -0.001 -15"><span class='ocrx_word' id='word_1_676' title='bbox 533 5048 699 5112; x_wconf 86' lang='lat' dir='ltr'><strong>niret,</strong></span> <span class='ocrx_word' id='word_1_677' title='bbox 735 5046 980 5117; x_wconf 88' lang='lat' dir='ltr'><strong>pomeria</strong></span> <span class='ocrx_word' id='word_1_678' title='bbox 1011 5046 1165 5100; x_wconf 88' lang='lat' dir='ltr'><strong>urbis</strong></span> <span class='ocrx_word' id='word_1_679' title='bbox 1200 5048 1453 5115; x_wconf 79' lang='lat' dir='ltr'><strong>proferre</strong></span> <span class='ocrx_word' id='word_1_680' title='bbox 1482 5046 1786 5108; x_wconf 81' lang='lat' dir='ltr'><strong>videretur,</strong></span> <span class='ocrx_word' id='word_1_681' title='bbox 1820 5048 2115 5115; x_wconf 87' lang='lat' dir='ltr'><strong>quemdatn</strong></span> 
     </span>
    </p>
   </div>
   <div class='ocr_carea' id='block_1_97' title="bbox 532 5139 2119 5210">
    <p class='ocr_par' dir='ltr' id='par_1_97' title="bbox 532 5139 2119 5210">
     <span class='ocr_line' id='line_1_97' title="bbox 532 5139 2119 5210; baseline -0.001 -16"><span class='ocrx_word' id='word_1_682' title='bbox 532 5156 598 5194; x_wconf 70' lang='lat' dir='ltr'><strong>ex</strong></span> <span class='ocrx_word' id='word_1_683' title='bbox 631 5140 713 5195; x_wconf 89' lang='lat' dir='ltr'><strong>eis</strong></span> <span class='ocrx_word' id='word_1_684' title='bbox 735 5142 801 5194; x_wconf 87' lang='lat' dir='ltr'><strong>ad</strong></span> <span class='ocrx_word' id='word_1_685' title='bbox 833 5155 959 5194; x_wconf 86' lang='lat' dir='ltr'><strong>eum</strong></span> <span class='ocrx_word' id='word_1_686' title='bbox 987 5140 1288 5195; x_wconf 79' lang='lat' dir='ltr'><strong>accessisse</strong></span> <span class='ocrx_word' id='word_1_687' title='bbox 1336 5149 1501 5210; x_wconf 83' lang='lat' dir='ltr'><strong>atque</strong></span> <span class='ocrx_word' id='word_1_688' title='bbox 1531 5156 1769 5210; x_wconf 81' lang='lat' dir='ltr'><strong>rogasse,</strong></span> <span class='ocrx_word' id='word_1_689' title='bbox 1799 5139 1919 5205; x_wconf 86' lang='lat' dir='ltr'><strong>Quo</strong></span> <span class='ocrx_word' id='word_1_690' title='bbox 1945 5155 2119 5208; x_wconf 84' lang='lat' dir='ltr'><strong>usque</strong></span> 
     </span>
    </p>
   </div>
   <div class='ocr_carea' id='block_1_98' title="bbox 535 5230 2117 5301">
    <p class='ocr_par' dir='ltr' id='par_1_98' title="bbox 535 5230 2117 5301">
     <span class='ocr_line' id='line_1_98' title="bbox 535 5230 2117 5301; baseline -0.003 -16"><span class='ocrx_word' id='word_1_691' title='bbox 535 5232 782 5297; x_wconf 80' lang='lat' dir='ltr'><strong>tandem,</strong></span> <span class='ocrx_word' id='word_1_692' title='bbox 816 5232 998 5285; x_wconf 81' lang='lat' dir='ltr'><strong>here?</strong></span> <span class='ocrx_word' id='word_1_693' title='bbox 1038 5232 1303 5301; x_wconf 89' lang='lat' dir='ltr'><strong>illumque</strong></span> <span class='ocrx_word' id='word_1_694' title='bbox 1346 5230 1553 5285; x_wconf 87' lang='lat' dir='ltr'><strong>diserte</strong></span> <span class='ocrx_word' id='word_1_695' title='bbox 1607 5230 2002 5300; x_wconf 75' lang='lat' dir='ltr'><strong>respondisse:</strong></span> <span class='ocrx_word' id='word_1_696' title='bbox 2041 5231 2117 5284; x_wconf 81' lang='lat' dir='ltr'><strong>En</strong></span> 
     </span>
    </p>
   </div>
   <div class='ocr_carea' id='block_1_99' title="bbox 534 5322 2115 5392">
    <p class='ocr_par' dir='ltr' id='par_1_99' title="bbox 534 5322 2115 5392">
     <span class='ocr_line' id='line_1_99' title="bbox 534 5322 2115 5392; baseline 0.001 -20"><span class='ocrx_word' id='word_1_697' title='bbox 534 5337 732 5391; x_wconf 83' lang='lat' dir='ltr'><strong>usque,</strong></span> <span class='ocrx_word' id='word_1_698' title='bbox 767 5322 898 5377; x_wconf 89' lang='lat' dir='ltr'><strong>dum</strong></span> <span class='ocrx_word' id='word_1_699' title='bbox 924 5325 1018 5392; x_wconf 91' lang='lat' dir='ltr'><strong>qui</strong></span> <span class='ocrx_word' id='word_1_700' title='bbox 1069 5337 1156 5376; x_wconf 90' lang='lat' dir='ltr'><strong>me</strong></span> <span class='ocrx_word' id='word_1_701' title='bbox 1200 5323 1462 5391; x_wconf 67' lang='lat' dir='ltr'><strong>praecedit</strong></span> <span class='ocrx_word' id='word_1_702' title='bbox 1511 5323 1732 5387; x_wconf 86' lang='lat' dir='ltr'><strong>ductor,</strong></span> <span class='ocrx_word' id='word_1_703' title='bbox 1782 5323 2115 5376; x_wconf 85' lang='lat' dir='ltr'><strong>constiterit.</strong></span> 
     </span>
    </p>
   </div>
   <div class='ocr_carea' id='block_1_100' title="bbox 536 5411 2117 5483">
    <p class='ocr_par' dir='ltr' id='par_1_100' title="bbox 536 5411 2117 5483">
     <span class='ocr_line' id='line_1_100' title="bbox 536 5411 2117 5483; baseline -0.001 -15"><span class='ocrx_word' id='word_1_704' title='bbox 536 5411 686 5468; x_wconf 81' lang='lat' dir='ltr'><strong>Unde</strong></span> <span class='ocrx_word' id='word_1_705' title='bbox 751 5413 886 5468; x_wconf 88' lang='lat' dir='ltr'><strong>satis</strong></span> <span class='ocrx_word' id='word_1_706' title='bbox 944 5413 1275 5476; x_wconf 62' lang='lat' dir='ltr'><strong>constabat,</strong></span> <span class='ocrx_word' id='word_1_707' title='bbox 1338 5414 1618 5468; x_wconf 68' lang='lat' dir='ltr'><strong>cmlestem</strong></span> <span class='ocrx_word' id='word_1_708' title='bbox 1687 5414 2006 5483; x_wconf 84' lang='lat' dir='ltr'><strong>quampiam</strong></span> <span class='ocrx_word' id='word_1_709' title='bbox 2066 5415 2117 5467; x_wconf 92' lang='lat' dir='ltr'><strong>ci</strong></span> 
     </span>
    </p>
   </div>
   <div class='ocr_carea' id='block_1_101' title="bbox 536 5508 2119 5578">
    <p class='ocr_par' dir='ltr' id='par_1_101' title="bbox 536 5508 2119 5578">
     <span class='ocr_line' id='line_1_101' title="bbox 536 5508 2119 5578; baseline -0.001 -19"><span class='ocrx_word' id='word_1_710' title='bbox 536 5509 782 5578; x_wconf 70' lang='lat' dir='ltr'><strong>prwiisse</strong></span> <span class='ocrx_word' id='word_1_711' title='bbox 831 5509 1117 5576; x_wconf 85' lang='lat' dir='ltr'><strong>virtutem,</strong></span> <span class='ocrx_word' id='word_1_712' title='bbox 1150 5524 1274 5578; x_wconf 72' lang='lat' dir='ltr'><strong>quae</strong></span> <span class='ocrx_word' id='word_1_713' title='bbox 1315 5524 1439 5562; x_wconf 87' lang='lat' dir='ltr'><strong>eutn</strong></span> <span class='ocrx_word' id='word_1_714' title='bbox 1468 5551 1481 5573; x_wconf 95' lang='lat'><strong>,</strong></span> <span class='ocrx_word' id='word_1_715' title='bbox 1526 5510 1673 5578; x_wconf 84' lang='lat' dir='ltr'><strong>quod</strong></span> <span class='ocrx_word' id='word_1_716' title='bbox 1719 5508 1834 5561; x_wconf 79' lang='lat' dir='ltr'><strong>ﬁeri</strong></span> <span class='ocrx_word' id='word_1_717' title='bbox 1871 5508 2119 5572; x_wconf 75' lang='lat' dir='ltr'><strong>deberet,</strong></span> 
     </span>
    </p>
   </div>
   <div class='ocr_carea' id='block_1_102' title="bbox 606 5690 2119 5756">
    <p class='ocr_par' dir='ltr' id='par_1_102' title="bbox 606 5690 2119 5756">
     <span class='ocr_line' id='line_1_102' title="bbox 606 5690 2119 5756; baseline -0.002 -13"><span class='ocrx_word' id='word_1_718' title='bbox 606 5693 682 5754; x_wconf 82' lang='lat' dir='ltr'><strong>(li</strong></span> <span class='ocrx_word' id='word_1_719' title='bbox 716 5690 771 5746; x_wconf 90' lang='lat' dir='ltr'><strong>Si</strong></span> <span class='ocrx_word' id='word_1_720' title='bbox 803 5690 1016 5746; x_wconf 75' lang='lat' dir='ltr'><strong>scilicet</strong></span> <span class='ocrx_word' id='word_1_721' title='bbox 1052 5699 1149 5744; x_wconf 90' lang='lat' dir='ltr'><strong>aut</strong></span> <span class='ocrx_word' id='word_1_722' title='bbox 1176 5690 1319 5743; x_wconf 89' lang='lat' dir='ltr'><strong>intra</strong></span> <span class='ocrx_word' id='word_1_723' title='bbox 1358 5690 1719 5744; x_wconf 90' lang='lat' dir='ltr'><strong>tredecimnm</strong></span> <span class='ocrx_word' id='word_1_724' title='bbox 1758 5705 1963 5743; x_wconf 88' lang='lat' dir='ltr'><strong>annum</strong></span> <span class='ocrx_word' id='word_1_725' title='bbox 1994 5704 2119 5756; x_wconf 88' lang='lat' dir='ltr'><strong>per-</strong></span> 
     </span>
    </p>
   </div>
   <div class='ocr_carea' id='block_1_103' title="bbox 533 5760 2120 5830">
    <p class='ocr_par' dir='ltr' id='par_1_103' title="bbox 533 5760 2120 5830">
     <span class='ocr_line' id='line_1_103' title="bbox 533 5760 2120 5830; baseline -0.004 -12"><span class='ocrx_word' id='word_1_726' title='bbox 533 5764 696 5826; x_wconf 84' lang='lat' dir='ltr'><strong>fecta,</strong></span> <span class='ocrx_word' id='word_1_727' title='bbox 728 5770 823 5815; x_wconf 89' lang='lat' dir='ltr'><strong>aut</strong></span> <span class='ocrx_word' id='word_1_728' title='bbox 849 5763 1042 5828; x_wconf 86' lang='lat' dir='ltr'><strong>quinto</strong></span> <span class='ocrx_word' id='word_1_729' title='bbox 1066 5761 1294 5830; x_wconf 83' lang='lat' dir='ltr'><strong>imperii</strong></span> <span class='ocrx_word' id='word_1_730' title='bbox 1321 5762 1445 5824; x_wconf 76' lang='lat' dir='ltr'><strong>ejus</strong></span> <span class='ocrx_word' id='word_1_731' title='bbox 1470 5774 1616 5813; x_wconf 88' lang='lat' dir='ltr'><strong>anno</strong></span> <span class='ocrx_word' id='word_1_732' title='bbox 1647 5760 1907 5813; x_wconf 68' lang='lat' dir='ltr'><strong>aediﬁcari</strong></span> <span class='ocrx_word' id='word_1_733' title='bbox 1942 5768 2120 5827; x_wconf 71' lang='lat' dir='ltr'><strong>empta</strong></span> 
     </span>
    </p>
   </div>
   <div class='ocr_carea' id='block_1_104' title="bbox 535 5830 2118 5901">
    <p class='ocr_par' dir='ltr' id='par_1_104' title="bbox 535 5830 2118 5901">
     <span class='ocr_line' id='line_1_104' title="bbox 535 5830 2118 5901; baseline -0.006 -13"><span class='ocrx_word' id='word_1_734' title='bbox 535 5844 702 5890; x_wconf 73' lang='lat' dir='ltr'><strong>esset.</strong></span> <span class='ocrx_word' id='word_1_735' title='bbox 723 5832 1069 5889; x_wconf 78' lang='lat' dir='ltr'><strong>Justiniauus</strong></span> <span class='ocrx_word' id='word_1_736' title='bbox 1091 5830 1623 5901; x_wconf 82' lang='lat' dir='ltr'><strong>Constantinopolim</strong></span> <span class='ocrx_word' id='word_1_737' title='bbox 1649 5843 1843 5883; x_wconf 72' lang='lat' dir='ltr'><strong>novatn</strong></span> <span class='ocrx_word' id='word_1_738' title='bbox 1867 5830 2118 5893; x_wconf 71' lang='lat' dir='ltr'><strong>Romam,</strong></span> 
     </span>
    </p>
   </div>
   <div class='ocr_carea' id='block_1_105' title="bbox 2226 4573 3833 4648">
    <p class='ocr_par' dir='ltr' id='par_1_105' title="bbox 2226 4573 3833 4648">
     <span class='ocr_line' id='line_1_105' title="bbox 2226 4573 3833 4648; baseline -0.006 -13"><span class='ocrx_word' id='word_1_739' title='bbox 2226 4600 2340 4648; x_wconf 88' lang='grc' dir='ltr'>ναι,</span> <span class='ocrx_word' id='word_1_740' title='bbox 2371 4580 2516 4643; x_wconf 81' lang='grc' dir='ltr'><strong>Ἕως</strong></span> <span class='ocrx_word' id='word_1_741' title='bbox 2544 4582 2612 4633; x_wconf 85' lang='grc' dir='ltr'>ἂν</span> <span class='ocrx_word' id='word_1_742' title='bbox 2634 4582 2661 4633; x_wconf 88' lang='grc' dir='ltr'>ὁ</span> <span class='ocrx_word' id='word_1_743' title='bbox 2684 4577 2997 4648; x_wconf 75' lang='grc' dir='ltr'>ἔμπροσθεν</span> <span class='ocrx_word' id='word_1_744' title='bbox 3025 4575 3237 4641; x_wconf 74' lang='grc' dir='ltr'>ὁδηγῶν</span> <span class='ocrx_word' id='word_1_745' title='bbox 3265 4590 3330 4643; x_wconf 89' lang='grc' dir='ltr'><strong>με</strong></span> <span class='ocrx_word' id='word_1_746' title='bbox 3356 4575 3476 4641; x_wconf 75' lang='grc' dir='ltr'><strong>στῇ.</strong></span> <span class='ocrx_word' id='word_1_747' title='bbox 3528 4573 3833 4644; x_wconf 73' lang='grc' dir='ltr'><strong>Ἐπὶδηλον</strong></span> 
     </span>
    </p>
   </div>
   <div class='ocr_carea' id='block_1_106' title="bbox 2227 4668 3833 4745">
    <p class='ocr_par' dir='ltr' id='par_1_106' title="bbox 2227 4668 3833 4745">
     <span class='ocr_line' id='line_1_106' title="bbox 2227 4668 3833 4745; baseline -0.005 -16"><span class='ocrx_word' id='word_1_748' title='bbox 2227 4675 2282 4729; x_wconf 77' lang='grc' dir='ltr'><strong>δὲ</strong></span> <span class='ocrx_word' id='word_1_749' title='bbox 2310 4674 2419 4744; x_wconf 82' lang='grc' dir='ltr'><strong>ἄρα</strong></span> <span class='ocrx_word' id='word_1_750' title='bbox 2446 4670 2537 4745; x_wconf 83' lang='grc' dir='ltr'><strong>ἦν,</strong></span> <span class='ocrx_word' id='word_1_751' title='bbox 2569 4675 2643 4735; x_wconf 85' lang='grc' dir='ltr'><strong>ὡς</strong></span> <span class='ocrx_word' id='word_1_752' title='bbox 2668 4672 2898 4740; x_wconf 83' lang='grc' dir='ltr'><strong>δύναμις</strong></span> <span class='ocrx_word' id='word_1_753' title='bbox 2928 4668 3096 4723; x_wconf 80' lang='grc' dir='ltr'>αὐτοῦ</span> <span class='ocrx_word' id='word_1_754' title='bbox 3125 4685 3209 4730; x_wconf 85' lang='grc' dir='ltr'><strong>τις</strong></span> <span class='ocrx_word' id='word_1_755' title='bbox 3231 4668 3459 4738; x_wconf 74' lang='grc' dir='ltr'>οὐρανία</span> <span class='ocrx_word' id='word_1_756' title='bbox 3488 4671 3833 4738; x_wconf 74' lang='grc' dir='ltr'>προηγεῖτο,</span> 
     </span>
    </p>
   </div>
   <div class='ocr_carea' id='block_1_107' title="bbox 2224 4759 3835 4835">
    <p class='ocr_par' dir='ltr' id='par_1_107' title="bbox 2224 4759 3835 4835">
     <span class='ocr_line' id='line_1_107' title="bbox 2224 4759 3835 4835; baseline -0.003 -15"><span class='ocrx_word' id='word_1_757' title='bbox 2224 4766 2322 4820; x_wconf 75' lang='grc' dir='ltr'><strong>τοῦ</strong></span> <span class='ocrx_word' id='word_1_758' title='bbox 2358 4765 2742 4835; x_wconf 82' lang='grc' dir='ltr'><strong>πραττομένου</strong></span> <span class='ocrx_word' id='word_1_759' title='bbox 2781 4762 3125 4835; x_wconf 68' lang='grc' dir='ltr'><strong>διδασκαλος.</strong></span> <span class='ocrx_word' id='word_1_760' title='bbox 3159 4761 3317 4815; x_wconf 75' lang='grc' dir='ltr'><strong>Οὕτω</strong></span> <span class='ocrx_word' id='word_1_761' title='bbox 3353 4759 3411 4814; x_wconf 78' lang='grc' dir='ltr'><strong>δὲ</strong></span> <span class='ocrx_word' id='word_1_762' title='bbox 3462 4762 3835 4834; x_wconf 80' lang='grc' dir='ltr'>μεγαλοπρε-</span> 
     </span>
    </p>
   </div>
   <div class='ocr_carea' id='block_1_108' title="bbox 2227 4850 3837 4925">
    <p class='ocr_par' dir='ltr' id='par_1_108' title="bbox 2227 4850 3837 4925">
     <span class='ocr_line' id='line_1_108' title="bbox 2227 4850 3837 4925; baseline -0.002 -16"><span class='ocrx_word' id='word_1_763' title='bbox 2227 4857 2346 4921; x_wconf 85' lang='grc' dir='ltr'><strong>πῶς</strong></span> <span class='ocrx_word' id='word_1_764' title='bbox 2379 4855 2764 4925; x_wconf 77' lang='grc' dir='ltr'><strong>ἱδρυσάμενον,</strong></span> <span class='ocrx_word' id='word_1_765' title='bbox 2799 4853 2949 4923; x_wconf 79' lang='grc' dir='ltr'><strong>ἆλμα</strong></span> <span class='ocrx_word' id='word_1_766' title='bbox 2994 4851 3218 4920; x_wconf 86' lang='grc' dir='ltr'><strong>Ῥώμαν</strong></span> <span class='ocrx_word' id='word_1_767' title='bbox 3261 4850 3535 4919; x_wconf 84' lang='grc' dir='ltr'><strong>ὀνομάσαι</strong></span> <span class='ocrx_word' id='word_1_768' title='bbox 3572 4853 3781 4923; x_wconf 72' lang='grc' dir='ltr'>αὐτὴν,</span> <span class='ocrx_word' id='word_1_769' title='bbox 3807 4852 3837 4905; x_wconf 84' lang='grc' dir='ltr'><strong>ὃ</strong></span> 
     </span>
    </p>
   </div>
   <div class='ocr_carea' id='block_1_109' title="bbox 2227 4945 3834 5022">
    <p class='ocr_par' dir='ltr' id='par_1_109' title="bbox 2227 4945 3834 5022">
     <span class='ocr_line' id='line_1_109' title="bbox 2227 4945 3834 5022; baseline 0.021 -55"><span class='ocrx_word' id='word_1_770' title='bbox 2227 4955 2294 5022; x_wconf 65' lang='grc' dir='ltr'><strong>τῇ</strong></span> <span class='ocrx_word' id='word_1_771' title='bbox 2341 4951 2632 5019; x_wconf 65' lang='grc' dir='ltr'><strong>Ῥωμαίων</strong></span> <span class='ocrx_word' id='word_1_772' title='bbox 2692 4949 2909 5020; x_wconf 73' lang='grc' dir='ltr'><strong>γλώττῃ</strong></span> <span class='ocrx_word' id='word_1_773' title='bbox 2977 4948 3080 5017; x_wconf 76' lang='grc' dir='ltr'><strong>τὴν</strong></span> <span class='ocrx_word' id='word_1_774' title='bbox 3134 4945 3346 5011; x_wconf 76' lang='grc' dir='ltr'><strong>ἔνδοξον</strong></span> <span class='ocrx_word' id='word_1_775' title='bbox 3401 4945 3834 5002; x_wconf 82' lang='grc' dir='ltr'>ὑπαινίσσεται.</span> 
     </span>
    </p>
   </div>
   <div class='ocr_carea' id='block_1_110' title="bbox 2238 5038 3840 5115">
    <p class='ocr_par' dir='ltr' id='par_1_110' title="bbox 2238 5038 3840 5115">
     <span class='ocr_line' id='line_1_110' title="bbox 2238 5038 3840 5115; baseline -0.004 -16"><span class='ocrx_word' id='word_1_776' title='bbox 2238 5045 2410 5115; x_wconf 81' lang='grc' dir='ltr'>Ὑπὲρ</span> <span class='ocrx_word' id='word_1_777' title='bbox 2453 5043 2508 5097; x_wconf 75' lang='grc' dir='ltr'><strong>δὲ</strong></span> <span class='ocrx_word' id='word_1_778' title='bbox 2535 5044 2634 5113; x_wconf 77' lang='grc' dir='ltr'><strong>τῆς</strong></span> <span class='ocrx_word' id='word_1_779' title='bbox 2663 5042 2945 5105; x_wconf 84' lang='grc' dir='ltr'>εὐσεϐείας</span> <span class='ocrx_word' id='word_1_780' title='bbox 2979 5042 3006 5093; x_wconf 90' lang='grc' dir='ltr'><strong>ὁ</strong></span> <span class='ocrx_word' id='word_1_781' title='bbox 3043 5040 3457 5099; x_wconf 83' lang='grc' dir='ltr'><strong>Κωνσταντίνος</strong></span> <span class='ocrx_word' id='word_1_782' title='bbox 3489 5038 3585 5089; x_wconf 83' lang='grc' dir='ltr'><strong>ἀεί</strong></span> <span class='ocrx_word' id='word_1_783' title='bbox 3626 5056 3682 5091; x_wconf 87' lang='grc' dir='ltr'><strong>τι</strong></span> <span class='ocrx_word' id='word_1_784' title='bbox 3734 5057 3840 5093; x_wconf 87' lang='grc' dir='ltr'><strong>πο-</strong></span> 
     </span>
    </p>
   </div>
   <div class='ocr_carea' id='block_1_111' title="bbox 2229 5129 3841 5202">
    <p class='ocr_par' dir='ltr' id='par_1_111' title="bbox 2229 5129 3841 5202">
     <span class='ocr_line' id='line_1_111' title="bbox 2229 5129 3841 5202; baseline -0.003 -9"><span class='ocrx_word' id='word_1_785' title='bbox 2229 5140 2337 5193; x_wconf 80' lang='grc' dir='ltr'>νῶν</span> <span class='ocrx_word' id='word_1_786' title='bbox 2372 5137 2630 5192; x_wconf 77' lang='grc' dir='ltr'><strong>διε-τέλει’</strong></span> <span class='ocrx_word' id='word_1_787' title='bbox 2666 5138 2764 5189; x_wconf 76' lang='grc' dir='ltr'><strong>καὶ</strong></span> <span class='ocrx_word' id='word_1_788' title='bbox 2811 5136 2913 5189; x_wconf 81' lang='grc' dir='ltr'><strong>οὐκ</strong></span> <span class='ocrx_word' id='word_1_789' title='bbox 2960 5137 3019 5187; x_wconf 77' lang='grc' dir='ltr'><strong>ὲν</strong></span> <span class='ocrx_word' id='word_1_790' title='bbox 3055 5132 3135 5202; x_wconf 80' lang='grc' dir='ltr'><strong>τῷ</strong></span> <span class='ocrx_word' id='word_1_791' title='bbox 3185 5129 3492 5197; x_wconf 76' lang='grc' dir='ltr'><strong>Βυζαντίῳ,</strong></span> <span class='ocrx_word' id='word_1_792' title='bbox 3530 5131 3680 5186; x_wconf 82' lang='grc' dir='ltr'>ἀλλὰ</span> <span class='ocrx_word' id='word_1_793' title='bbox 3736 5134 3841 5187; x_wconf 73' lang='grc' dir='ltr'><strong>καὶ</strong></span> 
     </span>
    </p>
   </div>
   <div class='ocr_carea' id='block_1_112' title="bbox 2231 5222 3841 5300">
    <p class='ocr_par' dir='ltr' id='par_1_112' title="bbox 2231 5222 3841 5300">
     <span class='ocr_line' id='line_1_112' title="bbox 2231 5222 3841 5300; baseline -0.005 -16"><span class='ocrx_word' id='word_1_794' title='bbox 2231 5229 2547 5300; x_wconf 81' lang='grc' dir='ltr'><strong>ἁπανταχοῦ</strong></span> <span class='ocrx_word' id='word_1_795' title='bbox 2578 5229 2677 5298; x_wconf 84' lang='grc' dir='ltr'><strong>τῆς</strong></span> <span class='ocrx_word' id='word_1_796' title='bbox 2710 5230 2836 5295; x_wconf 83' lang='grc' dir='ltr'><strong>γῆς,</strong></span> <span class='ocrx_word' id='word_1_797' title='bbox 2882 5225 3234 5295; x_wconf 83' lang='grc' dir='ltr'>περικαλλεῖς</span> <span class='ocrx_word' id='word_1_798' title='bbox 3262 5222 3454 5291; x_wconf 82' lang='grc' dir='ltr'>ἀνίστη</span> <span class='ocrx_word' id='word_1_799' title='bbox 3495 5223 3667 5287; x_wconf 82' lang='grc' dir='ltr'><strong>νεώς.</strong></span> <span class='ocrx_word' id='word_1_800' title='bbox 3703 5227 3841 5277; x_wconf 87' lang='grc' dir='ltr'><strong>Δια-</strong></span> 
     </span>
    </p>
   </div>
   <div class='ocr_carea' id='block_1_113' title="bbox 2233 5316 3838 5395">
    <p class='ocr_par' dir='ltr' id='par_1_113' title="bbox 2233 5316 3838 5395">
     <span class='ocr_line' id='line_1_113' title="bbox 2233 5316 3838 5395; baseline -0.003 -18"><span class='ocrx_word' id='word_1_801' title='bbox 2233 5326 2511 5395; x_wconf 77' lang='grc' dir='ltr'>φερόντως</span> <span class='ocrx_word' id='word_1_802' title='bbox 2529 5323 2574 5375; x_wconf 91' lang='grc' dir='ltr'>δ’</span> <span class='ocrx_word' id='word_1_803' title='bbox 2594 5324 2654 5375; x_wconf 79' lang='grc' dir='ltr'>ὲν</span> <span class='ocrx_word' id='word_1_804' title='bbox 2670 5323 2791 5383; x_wconf 82' lang='grc' dir='ltr'><strong>ταῖς</strong></span> <span class='ocrx_word' id='word_1_805' title='bbox 2816 5319 3188 5389; x_wconf 82' lang='grc' dir='ltr'>μητρόπολεσι</span> <span class='ocrx_word' id='word_1_806' title='bbox 3209 5316 3358 5372; x_wconf 81' lang='grc' dir='ltr'>τοῦθ’</span> <span class='ocrx_word' id='word_1_807' title='bbox 3382 5317 3604 5384; x_wconf 81' lang='grc' dir='ltr'><strong>ἑωρᾶτο</strong></span> <span class='ocrx_word' id='word_1_808' title='bbox 3629 5319 3838 5372; x_wconf 75' lang='grc' dir='ltr'>ποιῶνο</span> 
     </span>
    </p>
   </div>
   <div class='ocr_carea' id='block_1_114' title="bbox 2231 5408 3843 5485">
    <p class='ocr_par' dir='ltr' id='par_1_114' title="bbox 2231 5408 3843 5485">
     <span class='ocr_line' id='line_1_114' title="bbox 2231 5408 3843 5485; baseline -0.003 -16"><span class='ocrx_word' id='word_1_809' title='bbox 2231 5416 2421 5485; x_wconf 80' lang='grc' dir='ltr'>ὥσπερ</span> <span class='ocrx_word' id='word_1_810' title='bbox 2449 5416 2507 5466; x_wconf 74' lang='grc' dir='ltr'><strong>ἐν</strong></span> <span class='ocrx_word' id='word_1_811' title='bbox 2531 5416 2598 5484; x_wconf 79' lang='grc' dir='ltr'><strong>τῇ</strong></span> <span class='ocrx_word' id='word_1_812' title='bbox 2630 5414 2773 5467; x_wconf 80' lang='grc' dir='ltr'><strong>κατὰ</strong></span> <span class='ocrx_word' id='word_1_813' title='bbox 2808 5412 3184 5483; x_wconf 85' lang='grc' dir='ltr'><strong>Νικομήδειαν</strong></span> <span class='ocrx_word' id='word_1_814' title='bbox 3213 5409 3322 5464; x_wconf 82' lang='grc' dir='ltr'><strong>τῶν</strong></span> <span class='ocrx_word' id='word_1_815' title='bbox 3355 5408 3613 5463; x_wconf 86' lang='grc' dir='ltr'>Βιθυνῶν</span> <span class='ocrx_word' id='word_1_816' title='bbox 3658 5414 3843 5481; x_wconf 78' lang='grc' dir='ltr'><strong>ἐπαρ-</strong></span> 
     </span>
    </p>
   </div>
   <div class='ocr_carea' id='block_1_115' title="bbox 2231 5504 3838 5580">
    <p class='ocr_par' dir='ltr' id='par_1_115' title="bbox 2231 5504 3838 5580">
     <span class='ocr_line' id='line_1_115' title="bbox 2231 5504 3838 5580; baseline -0.002 -20"><span class='ocrx_word' id='word_1_817' title='bbox 2231 5510 2356 5580; x_wconf 78' lang='grc' dir='ltr'><strong>χίᾳ’</strong></span> <span class='ocrx_word' id='word_1_818' title='bbox 2393 5509 2487 5560; x_wconf 69' lang='grc' dir='ltr'><strong>καὶ</strong></span> <span class='ocrx_word' id='word_1_819' title='bbox 2538 5510 2593 5559; x_wconf 84' lang='grc' dir='ltr'><strong>ὲν</strong></span> <span class='ocrx_word' id='word_1_820' title='bbox 2645 5509 2710 5577; x_wconf 78' lang='grc' dir='ltr'><strong>τῇ</strong></span> <span class='ocrx_word' id='word_1_821' title='bbox 2750 5507 2887 5576; x_wconf 72' lang='grc' dir='ltr'>πρὸς</span> <span class='ocrx_word' id='word_1_822' title='bbox 2934 5506 3191 5575; x_wconf 81' lang='grc' dir='ltr'><strong>Ὀρόντην</strong></span> <span class='ocrx_word' id='word_1_823' title='bbox 3255 5504 3580 5574; x_wconf 77' lang='grc' dir='ltr'>Ἀντιοχείᾳ,</span> <span class='ocrx_word' id='word_1_824' title='bbox 3629 5507 3729 5558; x_wconf 72' lang='grc' dir='ltr'><strong>καὶ</strong></span> <span class='ocrx_word' id='word_1_825' title='bbox 3766 5511 3838 5579; x_wconf 83' lang='grc' dir='ltr'><strong>τῇ</strong></span> 
     </span>
    </p>
   </div>
   <div class='ocr_carea' id='block_1_116' title="bbox 2236 5688 3828 5758">
    <p class='ocr_par' dir='ltr' id='par_1_116' title="bbox 2236 5688 3828 5758">
     <span class='ocr_line' id='line_1_116' title="bbox 2236 5688 3828 5758; baseline 0.003 -19"><span class='ocrx_word' id='word_1_826' title='bbox 2236 5688 2345 5743; x_wconf 86' lang='lat' dir='ltr'><strong>Deo</strong></span> <span class='ocrx_word' id='word_1_827' title='bbox 2377 5691 2633 5758; x_wconf 79' lang='lat' dir='ltr'><strong>propitio,</strong></span> <span class='ocrx_word' id='word_1_828' title='bbox 2673 5689 2994 5747; x_wconf 84' lang='lat' dir='ltr'><strong>melioribus</strong></span> <span class='ocrx_word' id='word_1_829' title='bbox 3039 5702 3202 5754; x_wconf 83' lang='lat' dir='ltr'><strong>quam</strong></span> <span class='ocrx_word' id='word_1_830' title='bbox 3245 5695 3489 5758; x_wconf 72' lang='lat' dir='ltr'><strong>veterem</strong></span> <span class='ocrx_word' id='word_1_831' title='bbox 3528 5690 3828 5758; x_wconf 77' lang='lat' dir='ltr'><strong>cpnditam</strong></span> 
     </span>
    </p>
   </div>
   <div class='ocr_carea' id='block_1_117' title="bbox 2231 5754 3838 5829">
    <p class='ocr_par' dir='ltr' id='par_1_117' title="bbox 2231 5754 3838 5829">
     <span class='ocr_line' id='line_1_117' title="bbox 2231 5754 3838 5829; baseline 0.002 -18"><span class='ocrx_word' id='word_1_832' title='bbox 2231 5774 2351 5812; x_wconf 89' lang='lat' dir='ltr'><strong>esse</strong></span> <span class='ocrx_word' id='word_1_833' title='bbox 2378 5754 2634 5829; x_wconf 66' lang='lat' dir='ltr'><strong>auguriis</strong></span> <span class='ocrx_word' id='word_1_834' title='bbox 2678 5772 2888 5824; x_wconf 79' lang='lat' dir='ltr'><strong>censet,</strong></span> <span class='ocrx_word' id='word_1_835' title='bbox 2930 5758 2967 5813; x_wconf 92' lang='lat' dir='ltr'><strong>l.</strong></span> <span class='ocrx_word' id='word_1_836' title='bbox 3008 5758 3117 5813; x_wconf 83' lang='lat' dir='ltr'><strong>Deo</strong></span> <span class='ocrx_word' id='word_1_837' title='bbox 3156 5766 3390 5813; x_wconf 81' lang='lat' dir='ltr'><strong>auctore.</strong></span> <span class='ocrx_word' id='word_1_838' title='bbox 3426 5754 3489 5810; x_wconf 87' lang='lat' dir='ltr'><strong>C.</strong></span> <span class='ocrx_word' id='word_1_839' title='bbox 3538 5756 3622 5811; x_wconf 86' lang='lat' dir='ltr'><strong>De</strong></span> <span class='ocrx_word' id='word_1_840' title='bbox 3661 5769 3838 5817; x_wconf 71' lang='lat' dir='ltr'><strong>vetzr.</strong></span> 
     </span>
    </p>
   </div>
   <div class='ocr_carea' id='block_1_118' title="bbox 2220 5831 2560 5899">
    <p class='ocr_par' dir='ltr' id='par_1_118' title="bbox 2220 5831 2560 5899">
     <span class='ocr_line' id='line_1_118' title="bbox 2220 5831 2560 5899; baseline 0.009 -18"><span class='ocrx_word' id='word_1_841' title='bbox 2220 5831 2351 5899; x_wconf 81' lang='lat' dir='ltr'><strong>jure</strong></span> <span class='ocrx_word' id='word_1_842' title='bbox 2390 5833 2560 5884; x_wconf 78' lang='lat' dir='ltr'><strong>enucl.</strong></span> 
     </span>
    </p>
   </div>
  </div>
