4118 6496
436 353 502 418 εει
1349 331 1964 422 ECCLESIAS’ftcn

2101 365 2397 427 sroms
2440 336 2587 428 LIB.
2628 372 2790 435 vnr.
3457 333 3461 336 ’
3623 380 3711 442 εε-

439 464 786 553 πρεσόυτὲρᾳ
826 464 1034 538 Ῥώμῃ,
1074 465 1167 520 καὶ
1197 465 1257 519 ὲν
1279 466 1417 538 αὑτῇ
1458 467 1822 540 Ἰερουσαλήμ
1843 486 1857 500 ο
1887 489 1991 543 περ

2118 476 2440 532 instrueret.
2477 479 2609 534 Eam
2651 487 2760 535 tam
2790 480 3084 553 magniﬁce
3131 483 3414 541 fundatam
3440 526 3456 551 ,
3496 487 3694 544 almam

434 549 505 626 ἧς
560 556 756 627 μικρὸν
807 555 1037 635 ὕστερον
1091 558 1162 612 τὰ
1214 557 1366 629 αὖτῷ
1422 561 1763 631 εἰργασμένα
1792 562 2008 617 διέλθω.

446 646 601 700 Ἐπεὶ
632 647 688 701 δὲ
715 649 862 719 αὐτῷ
892 650 1073 705 πάντα
1104 651 1245 704 κατά
1268 649 1509 724 γνώμην
1531 653 1872 726 προύχώρει,
1910 673 2012 710 κα·-

432 737 541 804 λῶς
565 741 621 795 δέ
664 742 714 796 oi
744 743 894 814 αῦτῷ
927 747 1023 800 καὶ
1068 744 1137 797 τὰ
1171 745 1280 799 τῶν
1327 745 1647 816 ἀλλοφύλων
1700 749 2009 817 συνέϐαινε,

434 831 542 885 τῶν
572 850 630 886 τε
669 835 1003 907 πορρωτέρω
1030 836 1129 890 καὶ
1158 836 1427 906 σύνεγγυς
1453 838 1605 910 νόμῳ
1640 839 1882 910 πολέμου
1914 842 2011 894 καὶ

436 925 690 990 σπονδαῖς
740 926 1224 999 ὲξημερουμένων,
1254 927 1449 999 βαθεῖα
1479 932 1672 1003 εἰρήνη
1721 934 1837 997 τοῖς
1875 933 2008 987 Ῥώ-

436 1018 616 1088 μαίων
672 1019 971 1090 ἐπεχόρευε
1013 1022 1340 1092 πράγμασιν
1393 1022 1573 1077 ἔτεσιν
1615 1024 1717 1095 ἤδη
1769 1028 2007 1095 συχνοῖς,

431 1113 527 1166 καὶ
566 1114 600 1183 ἡ
631 1114 768 1169 κατά
791 1113 1027 1186 Χριστὸν
1060 1118 1243 1179 πίστις
1275 1117 1600 1188 ἁπανταχοῦ
1629 1119 1730 1190 τῆς
1759 1119 1867 1189 γῆς
1898 1120 2009 1174 διε-

432 1205 710 1276 σπείρετο,
739 1207 815 1271 ὡς
843 1210 937 1267 καὶ
965 1208 1136 1264 πολλά
1173 1211 1277 1263 τῶν
1308 1210 1518 1283 ἀγρίων
1558 1211 1728 1266 ἐθνῶν
1757 1213 2011 1268 ἀσπάσα·

434 1297 657 1352 σθαιτά
705 1301 950 1372 ἡμέτερα
975 1318 990 1334 ’
1026 1301 1275 1356 πολιτεία
1312 1320 1375 1356 τε
1427 1304 1818 1378 ὑπερφέρουσα
1862 1304 1920 1361 ἔν
1949 1323 2008 1360 τε

430 1393 553 1455 ταῖς
594 1392 915 1463 ἐκκλησίαις
954 1397 1050 1450 καὶ
1090 1396 1325 1468 πλήθεσι
1371 1397 1562 1469 δήμων
1590 1398 1685 1452 καὶ
1727 1400 1785 1452 ἐν
1821 1401 2010 1464 αὐτοῖς

431 1486 542 1549 τοῖς
573 1485 756 1554 ὄρεσιν
782 1488 1275 1560 ὐπερήστραπτεν,
1296 1489 1422 1561 ἄρτι
1455 1489 1566 1545 τῶν
1599 1492 1855 1563 μοναχῶν
1876 1493 2010 1546 ὐπο-

432 1579 749 1648 φυομένων·
785 1580 870 1634 ἔτι
900 1581 958 1634 δὲ
991 1582 1289 1653 μαρτύρων
1322 1584 1415 1639 καὶ
1437 1584 1789 1656 ὁμολογητῶν
1811 1586 2011 1640 διασω-

429 1670 693 1738 ζομένων,
732 1674 827 1727 καὶ
865 1676 1056 1746 ἱερέων
1108 1678 1491 1743 ἀποστολικοῖς
1547 1679 1856 1752 χαρίσμασι
1910 1680 2009 1735 καὶ

428 1764 670 1837 θαύμασι
706 1769 798 1822 κιί
848 1769 1115 1842 ἁπλότητι
1163 1770 1282 1842 βίου
1321 1770 1757 1842 διαπρεπόντων,
1803 1764 1880 1828 ὧν
1924 1772 2006 1826 ἔτι

425 1857 746 1926 περιόντων,
783 1859 879 1932 τὴν
902 1861 1158 1931 οὐράνιον
1182 1858 1252 1935 ἦν
1277 1862 1558 1917 πολιτείαν
1584 1864 1719 1936 ὀρᾷν
1748 1862 1843 1916 ἐπὶ
1872 1865 1999 1933 γῆς,

423 1947 774 2019 καθεκάστην
806 1952 899 2005 καὶ
928 1950 1018 2005 διὰ
1047 1954 1269 2008 πάντων
1299 1954 1387 2006 ἀεὶ
1418 1953 1520 2023 τῆς
1553 1953 1852 2026 θρησκείας
1883 1956 2001 2008 ἐπι-

423 2035 692 2108 διδούσης,
728 2040 819 2095 τοῦ
854 2043 1283 2118 ,Κωνσταντίνου
1315 2046 1500 2099 πᾶσαν
1536 2045 1859 2113 εἰσάγοντος
1896 2046 1998 2116 τὴν

425 2133 682 2203 σπουδὴν,
708 2133 848 2188 ὥστε
876 2135 1209 2192 καθεστάναι
1237 2139 1349 2202 τοῖς
1374 2139 1539 2202 ὅλοις,
1570 2138 1756 2204 αὔξειν
1782 2156 1842 2191 τε
1870 2139 2002 2193 ταύ-

420 2243 521 2296 την
551 2228 643 2281 καὶ
693 2231 773 2293 είς
809 2230 1038 2299 μέγεθος
1087 2231 1242 2301 ήκειν
1266 2247 1280 2263 ο
1317 2233 1413 2287 καὶ
1449 2232 1517 2286 δι’
1569 2232 1758 2299 αὐτὸν,
1800 2233 1872 2286 τὰ
1901 2231 1998 2287 τοῦ

420 2319 851 2393 Χριστιανισμοῦ
906 2325 963 2377 ἐν
1002 2327 1238 2398 σταθερᾷ
1289 2328 1386 2381 καὶ
1441 2328 1708 2398 ἀταράχῳ
1752 2327 1995 2399 γαλήνῃ,

419 2414 514 2465 καὶ
545 2416 602 2467 ἐν
631 2414 822 2487 βαθείᾳ
872 2419 1231 2489 καθειστήκει
1275 2421 1473 2492 εἰρήνῃ
1502 2437 1517 2453 θ
1563 2423 1658 2473 καὶ
1696 2420 1883 2482 ἀπλῶς
1917 2421 1998 2473 εἰ·

419 2504 562 2568 πεῖν,
599 2507 856 2574 τηνικάδε
889 2508 1111 2579 χορείας
1153 2510 1251 2564 καί
1273 2510 1546 2583 θυμηδίας
1592 2509 1736 2585 ἦσαν
1774 2512 1999 2581 ἐμπλεω

416 2597 486 2649 τὰ
520 2599 798 2670 ἡμέτερα·
831 2601 900 2655 τὰ
944 2603 1000 2656 δέ
1032 2604 1141 2660 τῶν
1184 2605 1448 2659 ἐναντίων
1487 2609 1569 2671 εἰς
1603 2606 1701 2678 τὴν
1743 2607 1997 2671 ἐναντίαν

419 2690 721 2762 μετεχώρει
750 2692 947 2764 ἀηδίαν
974 2712 1035 2749 τε
1070 2698 1164 2750 καὶ
1191 2698 1523 2768 κατήφειαν.

2116 582 2340 639 quoque
2390 570 2620 627 Romam
2669 573 2910 640 vocavit,
2957 575 3106 645 quod
3161 577 3394 633 verbum
3430 577 3699 639 Romanis

2114 662 2290 732 gloria
2355 665 2680 730 praeclaram
2736 667 3031 738 signiﬁcat.
3104 668 3504 729 Constantinus
3563 689 3699 730 sane

2116 768 2399 823 nunquam
2430 769 2541 809 non
2575 771 2678 826 pro
2703 754 3021 813 Christiana
3047 759 3254 828 pietate
3267 760 3479 831 aliquid
3501 776 3692 832 agens,

2114 859 2223 898 non
2247 844 2491 917 Byzantii
2524 852 2759 912 tantum,
2789 849 2885 904 sed
2922 857 2977 904 et
3007 849 3214 920 ubique
3238 864 3534 916 terrarum,
3569 852 3695 922 pol--

2112 936 2390 992 cherrima
2446 939 2740 994 aediﬁcavit
2795 948 2994 1012 templa
3025 981 3040 1007 ,
3113 943 3584 1015 potissimumque
3636 946 3697 1001 in

2115 1031 2556 1099 metropolitanis
2604 1032 2848 1101 sedibus,
2905 1035 3069 1092 sicuti
3109 1036 3447 1099 Nicomediae
3506 1039 3562 1093 in
3600 1039 3687 1093 Bi-

2113 1119 2302 1193 thynia
2335 1122 2641 1191 provincia,
2671 1121 2981 1180 Antiochia:
3008 1124 3075 1180 ad
3098 1124 3361 1182 Orontem
3384 1166 3403 1192 ,
3434 1125 3493 1180 in
3519 1125 3692 1180 veteri

2113 1213 2312 1282 Roma,
2351 1224 2410 1271 et
2433 1214 2838 1288 Hierosolymis
2873 1217 3029 1289 ipsis.
3073 1218 3153 1273 De
3187 1218 3412 1288 quibus,
3448 1232 3572 1288 qua:
3616 1217 3691 1273 ibi

2110 1320 2277 1375 opera
2313 1291 2632 1377 perfecerit,
2685 1319 2877 1379 postea
2918 1309 3188 1365 dicemus.
3222 1308 3357 1365 Cum
3414 1325 3549 1365 vero
3605 1324 3693 1363 res

2111 1415 2306 1456 omnes
2325 1401 2375 1454 ei
2407 1417 2474 1456 ex
2509 1401 2789 1457 sententia
2809 1399 3276 1464 cederent,etiam
3307 1401 3453 1470 apud
3476 1410 3695 1455 exteras
3734 1436 3735 1439 η

2111 1494 2386 1561 nationes,
2424 1493 2699 1549 ﬁnitimas
2719 1494 2887 1549 simul
2911 1502 2968 1548 et
2992 1493 3431 1564 longinquiores,
3463 1493 3546 1547 vel
3570 1493 3694 1564 jure

2109 1587 2241 1644 belli
2275 1587 2359 1643 vel
2393 1587 2697 1643 fcederihus
2728 1589 2906 1659 pactis
2936 1594 3161 1658 pacatas
3192 1586 3495 1642 :altissima
3531 1586 3693 1641 annis

2110 1680 2363 1751 pluribus
2395 1696 2503 1751 pax
2533 1690 2590 1736 et
2633 1680 3006 1750 tranquillitas
3030 1680 3086 1735 in
3131 1679 3266 1734 orbe
3300 1677 3553 1734 Romano
3589 1677 3692 1732 ﬁo-

2112 1774 2246 1839 ruit,
2276 1783 2334 1827 et
2366 1771 2638 1842 professio
2672 1769 2800 1826 ﬁdei
2823 1769 3155 1827 Christianas
3185 1770 3387 1840 ubique
3420 1779 3703 1825 terrarum.

2109 1875 2195 1921 est
2227 1875 2545 1938 propagata.
2586 1865 2771 1921 Multae
2795 1881 3019 1936 quoque
3061 1865 3192 1920 fera:
3238 1863 3492 1920 nationes
3537 1879 3695 1919 sacra

2107 1970 2298 2016 nostra
2333 1968 2466 2017 sunt
2496 1960 2799 2031 complexae
2827 1975 2842 2013 :
2870 1970 2928 2015 et
2976 1959 3270 2015 miriﬁcum
3306 1952 3437 2015 vita:
3467 1958 3692 2013 institu-

2106 2062 2223 2107 tum
2276 2050 2333 2105 in
2389 2050 2663 2116 ecclesiis,
2719 2058 2774 2106 et
2811 2049 2958 2120 apud
3017 2046 3433 2103 multitudinem
3489 2045 3695 2117 ipsam,

2102 2144 2345 2215 denique
2367 2143 2425 2199 in
2457 2143 2745 2199 montibus
2789 2142 2957 2199 etiam
2986 2149 3043 2198 et
3083 2140 3220 2197 solis
3265 2139 3405 2196 locis
3441 2138 3693 2210 resplen-

2104 2237 2246 2302 duit,
2286 2236 2452 2309 536
2480 2235 2630 2308 quod
2656 2251 2835 2308 nuper
2865 2234 3168 2291 admodum
3212 2232 3476 2288 monachi
3511 2231 3695 2302 pullu-

2101 2331 2219 2385 lare
2236 2332 2556 2401 cmpissent,
2596 2338 2654 2386 et
2689 2327 2839 2401 quod
2870 2335 3144 2400 martyres
3168 2325 3350 2382 adhuc
3381 2330 3440 2380 et
3465 2322 3689 2400 confes-

2104 2438 2262 2479 sores
2310 2423 2644 2493 superstites
2708 2421 2927 2488 essent”,
2987 2419 3416 2488 sacerdotesque
3465 2415 3713 2485 insuper

2103 2516 2427 2586 apostolicis
2460 2513 2623 2572 donis
2643 2522 2700 2571 et
2731 2513 3036 2580 miraculis,
3059 2512 3300 2582 vitaeque
3335 2506 3692 2578 simplicitate

2101 2609 2375 2679 vigerent.
2398 2609 2507 2665 Per
2525 2623 2664 2679 quos
2680 2608 2964 2665 caelestem
2986 2619 3224 2677 prorsus
3248 2602 3416 2659 vitam
3446 2601 3503 2656 in
3526 2599 3692 2655 terris

2096 2714 2336 2757 cernere
2375 2709 2517 2768 erat,
2550 2699 2822 2770 religione
2874 2697 2998 2770 ipsa
3030 2698 3088 2753 in
3119 2695 3242 2751 dies
3285 2705 3505 2763 semper
3553 2701 3608 2746 et
3634 2688 3689 2743 in

412 2783 578 2840 rebus
615 2789 876 2845 omnibus
924 2801 1213 2861 augmenta
1261 2807 1361 2848 sua
1409 2783 1664 2863 capiente
1702 2812 1717 2849 :
1762 2802 1817 2850 et
1859 2792 2222 2849 Constantino
2269 2792 2454 2849 studio
2508 2792 2658 2848 omni
2717 2793 2775 2847 in
2817 2791 2927 2847 hoc
2976 2787 3355 2853 incumbente,
3423 2791 3484 2839 ut
3536 2781 3688 2853 apud

413 2897 605 2940 omnes
647 2871 969 2958 ea'ubiquc
1013 2888 1339 2943 conﬁrmata
1377 2888 1722 2945 stabiliretur
1748 2932 1764 2958 ,
1836 2897 1890 2945 et
1927 2889 1998 2945 ad
2064 2888 2391 2960 ampliorem
2434 2888 2876 2959 magnitudinem
2919 2892 3274 2957 exaresceret
3313 2898 3330 2937 :
3382 2892 3555 2951 utque
3595 2894 3710 2951 per

411 2975 613 3046 ipsum,
666 2981 960 3053 adjuvante
1014 2983 1143 3048 Deo,
1195 2981 1657 3039 Christianismus
1709 2982 1766 3038 in
1830 2997 2030 3039 serena
2071 2994 2335 3054 certaque
2410 2981 2815 3052 tranquillitate
2855 2988 2912 3036 et
2955 2981 3223 3036 altissima
3256 2994 3389 3051 pace
3420 2979 3692 3035 consiste-

412 3081 518 3127 ret.
555 3074 736 3145 Atque
796 3085 857 3131 ut
898 3076 1224 3148 simpliciter
1274 3079 1478 3146 dicam,
1535 3093 1602 3133 ea
1659 3087 1991 3149 tempestate
2030 3092 2122 3134 res
2189 3087 2397 3132 nostrae
2464 3076 2787 3141 laetissima,
2817 3073 3238 3147 jucundissima:
3269 3083 3325 3129 et
3367 3071 3699 3129 ﬁorentissi~

410 3180 514 3221 ma:
562 3165 755 3224 fuere:
808 3169 1113 3227 adversarii
1162 3181 1346 3227 autem
1383 3182 1575 3228 contra
1626 3173 1684 3228 in
1737 3172 1984 3240 tristitia,
2021 3173 2417 3229 summissione
2441 3181 2499 3229 et
2526 3186 2765 3227 maerore
2795 3183 3013 3226 summo
3048 3167 3256 3224 vixere.

1007 3350 1260 3405 ΚΕΦΔΛ.
1302 3349 1379 3406 E'.

408 3487 547 3557 Περὶ
572 3486 682 3556 τῆς
708 3489 941 3555 Ἀρείου
962 3490 1113 3558 πρὸς
1154 3488 1558 3558 Ἀλέξανδρον
1584 3491 1981 3558 φιλονεικίας

477 3560 573 3612 καί
606 3560 742 3626 περὶ
769 3563 1051 3615 Μελιτίου
1074 3579 1086 3593 ο
1118 3562 1222 3616 καὶ
1244 3562 1385 3617 ὅθεν
1429 3560 1530 3614 καί
1576 3560 1738 3628 ὅπως
1779 3563 1878 3615 καὶ
1908 3561 1983 3615 δι’

474 3628 550 3695 ἀς
579 3632 775 3696 αἰτίας
803 3630 842 3697 ἠ
871 3630 1278 3702 ἕριςέγένετο.
1326 3708 1331 3711 _

476 3765 697 3837 Καίπερ
748 3767 814 3839 δὴ
869 3767 1014 3822 οὕτω
1062 3770 1163 3841 τῆς
1215 3770 1519 3842 θρησκείας
1553 3770 1977 3843 εὐδοκιμούσης,

407 3859 498 3911 καί
525 3857 696 3923 οὕτως
731 3860 1028 3931 ἀγομένης,
1058 3861 1164 3931 τὴν
1209 3862 1470 3934 τοιαύτην
1527 3862 1756 3934 εἰρήνην
1801 3861 1983 3933 ἐμφύ-

405 3946 517 4011 λιός
540 3965 626 4013 τις
655 3949 893 4020 πόλεμος
924 3953 1306 4023 ἀνερρίπισεν.
1351 3953 1666 4023 Ἐριστικαὶ
1695 3952 1803 4024 γάρ
1837 3970 1980 4017 τινες

404 4039 588 4111 λέσχαι
627 4043 722 4096 καὶ
752 4042 1038 4109 διαλέξεις,
1079 4044 1355 4114 πρόφασιν
1399 4045 1621 4115 ἔχουσαι
1679 4045 1779 4117 τὴν
1822 4044 1980 4098 εὐσέ-

404 4134 575 4201 ϐειαν,
609 4136 702 4191 καί
745 4137 845 4205 τὴν
877 4136 1088 4190 τελείαν
1120 4137 1215 4190 τοῦ
1263 4137 1410 4191 θείου
1459 4137 1714 4208 εὕρεσιν,
1745 4144 1814 4193 τὰ
1847 4143 1979 4210 πρὶν

401 4228 731 4292 ἀνεξέταστα
777 4227 884 4281 ὑπὸ
927 4228 1159 4299 ζήτησιν
1193 4224 1350 4298 ἦγον,
1384 4228 1688 4285 κάντεῦθεν
1737 4231 1831 4284 καὶ
1877 4230 1979 4292 τὰς

400 4319 697 4388 ἐκκλησίας
750 4317 1070 4388 ἐτάραττον.
1135 4318 1197 4372 '0
1257 4317 1365 4387 γὰρ
1411 4316 1506 4370 τοῦ
1566 4317 1760 4387 γένους
1818 4317 1978 4387 ἡμῶν

398 4411 670 4481 ἀλάστωρ,
730 4412 760 4462 ὁ
805 4410 1164 4481 παμπόνηρος
1219 4411 1314 4465 καὶ
1356 4409 1703 4481 παλαμναῖος
1761 4411 1975 4482 ἐχθρὸς,

398 4504 539 4557 οὕτω
565 4503 662 4570 τὴν
690 4503 1158 4572 ἐκκλησιαστικὴν
1186 4502 1388 4558 ὁλκάδα
1420 4505 1480 4569 ἐξ
1512 4503 1711 4575 οὐρίων
1737 4504 1813 4573 τῷ
1844 4504 1976 4573 θείῳ

398 4597 666 4667 πνεύματι
699 4599 1014 4669 φερομένην
1049 4598 1218 4669 ὁρῶν,
1251 4599 1348 4653 καὶ
1398 4599 1832 4670 κυδερνωμένην
1868 4597 1977 4653 ὑπὸ

2747 3343 2973 3401 CAPUT
3003 3346 3065 3401 ν.

2093 3488 2170 3544 De
2202 3489 2317 3543 Arii
2374 3504 2492 3544 cum
2549 3483 2857 3540 Alexandro
2903 3486 3279 3540 contentione:
3334 3486 3399 3540 de
3436 3484 3699 3545 Meﬁtis:

2163 3561 2305 3614 unde
2348 3568 2399 3613 et
2431 3557 2718 3637 quomodo,
2742 3565 2800 3637 et.
2818 3570 2913 3627 per
2936 3572 3069 3625 quas
3093 3572 3284 3612 causa:
3304 3567 3352 3613 et
3385 3559 3683 3615 occasiones

2164 3648 2225 3685 ea
2256 3631 2523 3685 contentio
2561 3630 2845 3683 exstiterit.

2163 3767 2379 3838 Religio
2412 3773 2600 3823 nostra
2633 3780 2758 3821 cum
2789 3763 2845 3819 in
2880 3772 3029 3819 tanta
3060 3774 3206 3821 esset
3234 3764 3412 3834 gloria
3438 3774 3497 3821 et
3521 3768 3678 3828 llore.

2091 3876 2281 3932 pacem
2311 3868 2369 3916 et
2398 3859 2643 3930 quietem
2691 3867 2898 3912 tantam
2934 3855 3256 3913 intestinum
3286 3856 3529 3912 turbavit
3562 3858 3677 3912 hel-

2089 3952 2224 4008 lum.
2268 3951 2435 4021 Nugae
2475 3964 2714 4021 namque
2757 3958 2815 4004 et
2856 3948 3264 4018 disputationes
3294 3949 3679 4010 contentiosa,

2089 4062 2273 4102 veram
2349 4046 2610 4114 pietatem
2681 4042 3095 4113 perfectamque
3173 4041 3347 4097 divini
3432 4043 3678 4096 numinis

2088 4138 2462 4207 cognitionem
2511 4144 2894 4205 praetexentes,
2928 4134 2998 4188 de
3042 4133 3248 4203 quibus
3295 4140 3457 4187 antea
3490 4133 3679 4203 inqui-

2087 4231 2253 4285 situm
2302 4244 2412 4283 non
2445 4228 2647 4293 fuerat,
2679 4243 2741 4281 ea
2786 4227 2842 4281 in
2896 4227 3257 4296 quaestionem
3305 4225 3675 4292 deduxerunt,

2085 4338 2260 4393 eaque
2295 4337 2355 4375 re
2403 4321 2655 4393 ingentes
2685 4319 2879 4375 turbas
2920 4322 2975 4375 in
3011 4319 3267 4375 ecclesiis
3297 4317 3676 4374 concitarunt.

2089 4414 2368 4486 Siquidem
2395 4414 2614 4486 generis
2639 4412 2810 4469 nostri
2858 4412 3051 4481 pestis,
3085 4411 3477 4481 improhasque
3510 4425 3674 4478 pror-

2085 4522 2179 4563 sus
2224 4516 2277 4561 et
2327 4505 2597 4562 exitiosus
2650 4505 2849 4570 hostis,
2882 4504 3065 4559 navim
3097 4502 3539 4559 ecclesiasticam
3564 4512 3671 4558 tam

2085 4599 2299 4672 placide
2347 4598 2606 4655 secundis
2647 4597 2831 4654 ventis
2887 4596 3020 4652 ferri
3067 4605 3125 4651 et
3174 4595 3257 4652 ab.
3293 4597 3693 4652 universitatis.

394 4691 490 4745 τοῦ
539 4691 649 4745 τῶν
702 4692 841 4746 ὅλων
883 4693 1176 4760 Δεσπὸτου,
1224 4692 1327 4747 οὐκ
1378 4693 1620 4755 ἀνεκτῶς
1670 4689 1838 4763 εἶχεν.
1885 4693 1977 4746 Ἐν

2096 4693 2252 4763 hujus
2280 4692 2394 4746 Deo
2438 4690 2732 4761 gubernari
2761 4688 2982 4754 .videns,
3012 4689 3158 4746 ferre
3202 4687 3257 4743 id
3302 4703 3415 4743 non
3464 4687 3670 4758 potuit,

396 4783 552 4854 δεινῷ
600 4783 647 4838 δ’
687 4785 926 4839 ἐποιεῖτο
975 4786 1024 4838 εἰ
1079 4783 1154 4857 μὴ
1203 4784 1508 4840 καταδῦσαι
1556 4783 1765 4856 ταύτην
1798 4801 1980 4855 παρα-

397 4878 744 4942 σκευασαιεν,
775 4876 949 4942 οὕτως
1008 4877 1453 4949 ἀκλύστωςκτῶν
1502 4877 1760 4947 πονηρῶν
1807 4879 1977 4949 ὑπερ-

394 4969 698 5040 νηχομένην
725 4970 1038 5039 δογμάτων.
1087 4969 1177 5032 Ὠς
1204 4969 1314 5039 γὰρ
1361 4964 1472 5024 εἶδε
1499 4969 1600 5040 τὴν
1647 4967 1977 5038 Ἑλληνικὴν

394 5062 796 5133 διαπτυομένην
825 5062 1139 5136 τερθρείαν,
1171 5064 1254 5128 εἰς
1285 5061 1566 5133 προῦπτόν
1594 5046 1655 5115 τε
1699 5063 1796 5124 τὰς
1826 5062 1973 5115 ὲκεί-

396 5169 486 5206 νου
518 5153 867 5223 φωραθείσας
898 5155 1102 5224 πάγας,
1140 5155 1240 5210 καὶ
1279 5155 1369 5209 ἐπ’
1420 5153 1648 5226 ἀκριϐὲς
1695 5154 1971 5225 διελεγχθ-

396 5246 602 5317 μένας,
644 5248 741 5302 καὶ
783 5247 883 5319 τὴν
928 5250 1027 5320 μὲν
1076 5250 1260 5302 κτίσιν
1307 5247 1503 5302 οὐκέτι
1541 5248 1847 5319 σεϐομένην
1892 5247 1969 5310 ὡς

394 5337 680 5407 πρότερον,
707 5337 800 5393 τὸν
828 5338 887 5393 δὲ
932 5339 1141 5410 ταύτης
1175 5337 1410 5410 ποιητὴν
1440 5338 1518 5401 ὡς
1549 5336 1731 5413 χρεὼν
1765 5337 1969 5409 ὑμνού-

366 5500 367 5503 η
396 5431 555 5500 μενόν
580 5447 639 5483 τε
674 5432 769 5485 καὶ
812 5432 1293 5502 προσκυνούμενον
1312 5446 1326 5462 ’
1359 5433 1562 5486 ἀπεῖπε
1601 5430 1701 5501 μὲν
1731 5430 1801 5484 τὸ
1827 5448 1966 5503 προ.-

393 5521 575 5589 φανῶς
625 5523 769 5577 οὕτω
826 5525 970 5580 κατὰ
1026 5525 1165 5579 Θεοῦ
1217 5523 1605 5597 ἀναρριπίζειν
1659 5520 1816 5588 αὖθις
1872 5526 1964 5579 τὸν

2081 4794 2137 4841 et
2166 4798 2330 4857 grave
2371 4783 2776 4854 molestumque
2805 4781 2912 4837 sibi
2952 4795 3076 4837 esse
3123 4780 3359 4851 putavit,
3398 4780 3505 4835 nisi
3537 4778 3673 4836 sub-

2080 4877 2432 4950 mergendam
2482 4891 2604 4932 eam
2652 4883 2875 4931 curaret
2920 4890 3044 4946 qute
3079 4882 3189 4930 tam
3229 4888 3489 4929 securum
3532 4874 3669 4928 citra

2078 4987 2371 5044 pravorum
2427 4971 2745 5042 dogmatum
2796 4968 2999 5026 ﬂuctus
3048 4979 3107 5025 et
3158 4967 3426 5039 procellas
3455 4977 3670 5025 teneret

2075 5080 2320 5121 cursum.
2351 5062 2421 5118 Ut
2466 5062 2616 5118 enim
2648 5061 2854 5119 Graecae
2899 5062 3316 5133 superstitionis
3362 5060 3690 5132 praestigias-

2076 5156 2407 5227 proculcari,
2456 5156 2791 5227 dolososque
2841 5157 3095 5228 laqueos.
3120 5157 3245 5229 ejus
3299 5155 3371 5211 in.
3414 5166 3667 5225 apertum

2080 5247 2325 5317 protrahi
2382 5256 2437 5302 ct
2498 5247 2795 5304 manifesto
2841 5247 2996 5319 argui
3056 5256 3225 5316 atque
3277 5246 3555 5311 convinci,
3612 5255 3687 5300 et.

2076 5349 2386 5398 creaturam
2437 5343 2659 5413 quidem
2706 5344 2788 5411 (ut
2817 5341 3076 5413 antehac)
3108 5340 3346 5411 amplius
3389 5355 3499 5394 non
3531 5338 3664 5401 coli,

2074 5432 2390 5491 Creatorem
2423 5450 2555 5491 vero
2582 5436 2726 5506 ejus,
2758 5435 2920 5491 sicuti
2946 5432 3225 5496 convenit,
3250 5431 3511 5489 laudibus
3537 5430 3691 5485 venia

2077 5533 2132 5578 et
2175 5524 2393 5579 adorari
2423 5523 2815 5581 animadvertit
2850 5541 2867 5579 :
2899 5535 3153 5594 apertum
3197 5536 3421 5577 rursum
3463 5528 3657 5576 contra

392 5613 663 5685 πόλεμον·
697 5619 908 5688 μέτεισι
949 5619 1007 5673 δὲ
1040 5619 1102 5672 τὸ
1136 5620 1371 5690 πρᾶγμα
1419 5618 1542 5671 λίαν
1583 5618 1837 5683 ὑπούλως
1869 5618 1964 5673 καὶ

2096 5623 2236 5672 leum
2302 5632 2524 5674 movere
2577 5619 2781 5675 bellum
2842 5615 3181 5688 posthabuit,
3242 5623 3300 5670 et
3350 5614 3493 5671 dolo
3531 5629 3647 5668 rem

389 5705 643 5778 δολερῶς.
673 5709 864 5779 Εὑρὼν
897 5712 1007 5780 γάρ
1048 5729 1221 5777 τινας,
1252 5712 1352 5782 τὴν
1401 5711 1500 5782 μὲν
1540 5712 1652 5767 τῶν
1695 5712 1965 5782 Χριστια-

2063 5710 2405 5769 clandestine
2449 5712 2746 5771 admodum
2794 5721 2852 5769 et
2901 5710 3290 5767 fraudulenter
3355 5721 3647 5780 aggressus

389 5796 496 5852 νῶν
528 5799 710 5854 πίστιν
737 5803 1177 5874 ἀσπαζομένους,
1204 5803 1361 5874 τύφῳ
1400 5803 1456 5858 δὲ
1499 5805 1593 5859 καὶ
1625 5807 1690 5875 τῇ
1728 5804 1964 5875 διακένῳ

2096 5813 2161 5860 st.
2201 5805 2452 5877 Repertis
2496 5822 2733 5879 namque
2763 5803 3118 5877 quihusdam,
3146 5801 3239 5875 qui
3271 5801 3659 5859 Christianam.
