4118 6462
433 352 507 418 25
1312 355 1924 417 ΕείῖιΕΞΙΑΞΤΙΟᾸΞ
1965 355 2367 418 ΗΙΞΤΟΒΙιΈ
2408 357 2557 418 LIB.
2604 356 2770 420 VIII.
3116 356 3145 376 ’
3622 355 3695 417 25‘

430 471 726 544 ὀρδοδὸξως
775 453 1327 541 ὲκεῖνῳδεγομὲνοις
1379 472 1469 524 ἐπ’
1510 472 1804 541 ἐκκλησίας
1850 472 1999 525 ἀνει-

2110 473 2241 527 bene
2272 471 2444 527 ferret
2471 472 2845 526 Alexandrum
2891 470 3140 540 episcopi
3184 470 3509 539 dignitatem
3541 473 3696 527 obti-

430 562 627 631 τείνειν
656 563 988 632 διεπειρᾶτο.
1040 562 1097 616 Ὀ
1130 563 1227 632 μὲν
1254 563 1363 634 γὰρ
1393 564 1692 625 ἐπίσκοπος
1738 564 2003 632 ὁμότιμον

432 657 585 724 ἔλεγε
630 656 706 726 τῷ
755 658 926 724 Πατρὶ
970 657 1060 709 τὸν
1127 656 1271 717 Υξδν,
1300 658 1393 710 καὶ
1436 658 1535 725 τῆς
1593 657 1763 727 αὐτῆς
1811 656 2003 718 οὐσίας

434 743 573 804 εἶναι
610 748 824 815 ἐκείνῳ,
848 750 939 801 καί
971 748 1113 802 κατὰ
1167 749 1343 802 πάντα
1383 750 1570 817 ὅμοιον
1621 748 1696 817 τῷ
1738 764 2002 815 γεγεννη-

434 839 551 892 κότι
590 840 784 912 Πατρὶ,
821 840 962 892 κατὰ
1004 839 1101 909 τὴν
1142 839 1250 892 τῶν
1279 839 1440 891 θείων
1482 838 1717 908 Γραφῶν
1766 838 2003 907 παραδο-

434 950 541 986 σιν.
585 932 800 1001 ’Ἄρειος
845 931 901 984 δὲ
930 932 957 983 6
998 932 1105 983 τῶν
1138 931 1531 1001 πρεσϐυτέρων
1573 930 1897 1000 ἡγούμενος,
1925 929 2003 998 τῷ

433 1022 576 1093 λόγῳ
602 1024 697 1091 τῆς
729 1021 987 1091 ἀληθείας
1019 1022 1280 1092 ἄντικρυς
1306 1022 1394 1073 διὰ
1429 1022 1610 1090 μάχης
1649 1019 1765 1084 ἰὼν,
1797 1019 2006 1086 κτίσμα

433 1115 527 1167 καὶ
559 1113 767 1183 ποίημα
794 1113 883 1165 τὸν
912 1113 1037 1166 Υίὸν
1064 1108 1203 1167 εἶναι
1235 1112 1328 1166 τοῦ
1360 1114 1570 1183 Πατρὺς
1599 1112 2001 1181 προσηγόρευε,

433 1206 529 1259 καὶ
561 1207 638 1269 είς
671 1207 905 1269 ἀτόπους
938 1207 1098 1270 δόξας
1122 1205 1433 1270 ἐξεκυλίετο
1459 1224 1470 1237 ·
1510 1207 1567 1272 ἐξ
1616 1206 1717 1258 οὐκ
1745 1205 1914 1257 ὄντων
1944 1220 2003 1256 τε

432 1299 806 1367 γεγεννῆσθαι,
839 1301 934 1352 καὶ
984 1294 1123 1352 εἶναί
1182 1316 1312 1352 ποτε
1372 1302 1566 1369 χρόνον
1618 1301 1706 1352 ὅτε
1761 1298 1859 1351 οὐκ
1897 1292 2002 1367 ἦν·

434 1393 532 1445 καὶ
585 1392 1027 1461 αὐτεξουσιὸτητι
1102 1391 1328 1460 γνώμης
1394 1392 1592 1452 auxia;
1648 1392 1745 1444 καὶ
1803 1389 2007 1458 ἀρετῆς

433 1485 677 1539 δεκτικὸν
715 1487 998 1555 ὑπάρχειν,
1026 1485 1307 1548 δυσσεϐῶς
1352 1485 1674 1552 ἐδογμάτιξε
1695 1501 1708 1513 ⁸
1742 1485 1836 1536 καὶ
1868 1482 2006 1535 ἄλλα

435 1580 650 1631 τοιαῦτα
670 1580 766 1631 ὅσα
792 1574 860 1650 ἦν
894 1578 1040 1640 εἰκὸς
1068 1578 1156 1629 τὸν
1192 1580 1284 1631 ἐπὶ
1317 1578 1580 1639 τοιοᾶτοις
1615 1575 2007 1644 συνιστάμενον

435 1671 526 1722 ἐπὶ
578 1670 841 1733 διαλέξεις
907 1673 1003 1722 καὶ
1075 1666 1401 1739 συζητήσεις
1459 1672 1677 1738 χωρεῖν.
1732 1668 1841 1721 Καὶ
1896 1668 2005 1736 γὰρ

436 1761 676 1832 οίόμενος
722 1761 811 1817 τὸν
855 1762 1156 1814 ἐπίσκοπον
1200 1765 1263 1815 τὸ
1318 1761 1411 1814 τοῦ
1457 1762 1654 1824 Λίϐυος
1712 1759 2004 1812 Σαϐελλίου

438 1853 688 1922 συνιστᾷν
717 1852 912 1919 δόγμα,
948 1854 1026 1915 εἰς
1066 1853 1123 1904 τὸ
1170 1852 1310 1905 κατὰ
1335 1851 1629 1921 διάμετρον
1662 1848 1907 1902 ἐναντίον
1935 1850 2004 1919 τῇ

437 1944 714 2015 ἀντιλογίᾳ
760 1944 1038 2009 ἐξέκλινε’
1076 1943 1305 2006 πολλούς
1367 1960 1423 1996 τε
1481 1942 1618 2012 πρὸς
1672 1942 1761 1994 τὸν
1807 1957 2006 1994 νεωτε-

438 2036 630 2107 ρισμὸν
677 2035 767 2091 τοῦ
816 2037 1089 2105 δόγματος
1144 2036 1470 2105 ὑπεσύρετο,
1508 2035 1600 2088 καὶ
1638 2035 1730 2087 ἐπὶ
1764 2031 2003 2101 σμικροῦ

437 2130 728 2200 σπινθῆρος
764 2130 971 2200 μεγάλη
1005 2132 1096 2181 καὶ
1125 2130 1363 2198 διαέριος
1392 2128 1666 2197 ἁνήπτετο
1713 2126 1866 2194 φλόξ.
1910 2125 2005 2179 Ἐκ

433 2225 540 2293 γὰρ
566 2222 663 2292 τῆς
706 2222 1055 2290 Ἀλεξάνδρου
1091 2221 1152 2274 τὸ
1181 2222 1359 2290 δόγμα
1393 2222 1493 2289 τὴν
1532 2219 1708 2290 ἀρχὴν
1740 2217 2002 2288 ἐσχηκὸς,

434 2318 703 2383 Αἴγυπτόν
734 2333 792 2369 τε
821 2317 915 2368 καὶ
955 2316 1165 2385 Λιϐύην
1197 2317 1292 2368 καὶ
1324 2314 1425 2382 τὴν
1473 2313 1587 2366 ἅνω
1620 2311 1864 2381 Θηϐαΐδα
1895 2312 2005 2364 διέ-

432 2426 652 2482 τρεχεν·
684 2409 781 2479 ἤδη
809 2409 868 2462 δὲ
899 2410 992 2460 καὶ
1022 2411 1127 2461 τῶν
1160 2409 1330 2462 ἄλλων
1362 2405 1645 2476 ἐπαρχιῶν
1670 2405 1764 2458 καὶ
1794 2405 2003 2458 πόλεων

435 2504 653 2573 ἥπτετο.
695 2501 1063 2577 Ἀμφηρίστου
1095 2501 1152 2559 δὲ
1194 2502 1292 2568 τῆς
1331 2498 1615 2570 ζητήσεως
1648 2497 1836 2566 οὔσης,
1882 2499 2004 2551 πεί-

434 2596 546 2648 θειν
587 2593 929 2663 Ἀλέξανδρος
960 2594 1218 2662 ἐπειρᾶτο
1242 2608 1255 2622 ⁶
1287 2592 1387 2661 ἤδη
1416 2591 1526 2661 γὰρ
1555 2592 1657 2644 οὐκ
1696 2591 1865 2657 ὀλίγοι
1895 2590 2003 2644 τῶν

433 2690 765 2752 ἐπισκόπων,
815 2692 910 2742 καὶ
963 2689 1074 2743 τῶν
1121 2691 1185 2741 ὲκ
1231 2687 1326 2741 τοῦ
1380 2688 1586 2757 κλήρου
1622 2686 1679 2739 δὲ
1737 2686 1999 2749 πλεῖστοι,

432 2781 611 2842 καλῶς
637 2781 818 2846 λέγειν
839 2781 930 2831 τὸν
961 2780 1182 2848 ΙἈρειον
1213 2778 1558 2844 διετείνοντο,
1601 2779 1696 2831 καὶ
1721 2778 1822 2848 τῆς
1861 2778 2005 2831 ὲκεί-

434 2889 527 2925 νου
569 2872 726 2942 δόξης
769 2869 1258 2941 ἀντελαμϐάνοντο.
1302 2870 1453 2923 Ἐπεὶ
1483 2871 1539 2924 δὲ
1574 2871 1649 2941 μὴ
1682 2870 2003 2923 συνέϐαινον

433 2964 701 3033 ἀλλήλοις,
739 2965 938 3034 μᾶλλον
967 2963 1065 3032 μὲν
1091 2961 1183 3015 οὖν
1229 2962 1323 3016 καὶ
1359 2961 1739 3033 κορυϐαντιῶν
1780 2962 2002 3031 Ἄρειος

434 3058 733 3126 ἀναφανδὸν
782 3056 1051 3123 ἐκήρυττε
1087 3055 1184 3125 τὴν
1216 3054 1495 3120 ἀσέϐειαν,
1529 3052 1849 3121 ἀπεκήρυξε
1901 3052 2002 3121 μὲν

2106 581 2259 628 nere,
2286 566 2432 635 quod
2469 582 2579 620 non
2614 566 2718 620 rite
2754 566 2800 619 is
2828 579 3048 635 quoque
3084 579 3261 633 neque
3288 564 3485 619 ordine
3516 565 3699 620 lectus

2105 668 2272 723 esset,
2305 660 2531 714 dissidia
2562 660 2830 715 adversus
2854 674 2981 713 eum
3012 660 3252 714 latenter
3283 670 3338 714 et
3372 660 3699 715 contentio-

2106 768 2205 807 nes
2231 753 2421 806 movit.
2451 752 2700 823 Cumque
2738 768 2850 808 non
2895 753 3128 807 haberet
3159 754 3307 823 quod
3340 753 3396 807 in
3435 754 3547 807 vita
3578 768 3701 808 mo-

2108 842 2372 910 ribusque
2408 842 2704 897 Alexandri
2731 854 3014 911 carperet,
3046 858 3231 911 neque
3259 857 3358 912 per
3389 841 3704 912 sycophan-

2110 936 2239 988 tiam
2268 934 2429 989 facile
2457 933 2760 1003 quidquam
2796 934 3112 1002 conlingere
3149 942 3356 1003 posset,
3375 947 3441 987 ea
3471 932 3699 1001 quidem

2109 1027 2164 1080 in
2219 1034 2374 1096 parte
2434 1026 2655 1096 quietus
2706 1026 2850 1080 fuit:
2889 1042 3011 1096 quae
3051 1042 3182 1081 vero
3231 1027 3321 1080 ille
3369 1025 3422 1079 in
3460 1025 3698 1080 ecclesia

2109 1133 2208 1186 pro
2256 1116 2524 1171 concione
2572 1125 2720 1171 recte
2766 1117 2967 1187 pieque
3012 1117 3259 1180 doceret,
3289 1116 3345 1170 in
3392 1116 3473 1170 eis
3533 1130 3703 1183 repu-

2108 1224 2277 1279 gnare
2310 1209 2388 1263 illi
2419 1210 2680 1264 instituit.
2710 1209 3018 1279 EpiscOpus
3046 1224 3307 1277 namque,
3337 1208 3535 1262 Filium
3569 1221 3695 1261 cum

2109 1302 2270 1356 Patre
2326 1301 2617 1370 ὁμότιμον,
2652 1302 2757 1357 hoc
2802 1311 2909 1367 est,
2940 1302 3192 1370 ejusdem
3251 1301 3500 1360 honoris,
3537 1308 3703 1367 atque

2108 1393 2353 1463 ejusdem
2390 1394 3132 1462 substantiae,:equalemque
3166 1409 3263 1460 per
3298 1394 3484 1444 omnia
3513 1391 3701 1446 eidem

2109 1485 2202 1554 qui
2236 1501 2361 1539 eum
2391 1486 2602 1555 genuit,
2637 1501 2779 1546 esse,
2818 1501 2884 1539 ex
2927 1485 3243 1539 divinarum
3278 1484 3700 1552 Scripturarum

2110 1579 2382 1633 sententia
2429 1587 2486 1631 et
2536 1578 2835 1632 traditione
2879 1578 3091 1631 docuit.
3128 1576 3292 1630 Arius
3323 1584 3505 1631 autem
3559 1576 3703 1628 inter

2112 1669 2466 1739 presbyteros
2541 1670 2747 1738 primas
2812 1677 3041 1731 tenens,
3097 1668 3381 1735 verboque
3454 1665 3705 1719 veritatis

2113 1775 2340 1828 prorsus
2388 1776 2722 1829 repugnans,
2753 1772 3066 1812 creaturam
3103 1758 3488 1826 facturamque
3524 1756 3705 1809 Patris

2041 1821 2079 1872 Β
2112 1852 2310 1905 Filium
2343 1853 2583 1913 vocavit.
2620 1851 2674 1906 in
2704 1852 2977 1905 absurdas
3019 1850 3313 1919 opiniones
3346 1849 3698 1918 provolutus.

2109 1943 2187 1997 Ex
2234 1960 2341 1997 non
2383 1944 2792 1997 exsistcntibus
2826 1943 3101 2011 siquidem
3145 1941 3392 2009 genitum
3428 1954 3553 1995 esse
3593 1956 3607 1993 :
3643 1948 3701 1991 ct

2106 2037 2277 2091 fuisse
2310 2036 2609 2106 aliquando
2639 2046 2858 2104 tempus
2884 2052 3006 2088 cum
3051 2050 3159 2087 non
3192 2033 3383 2094 fuerit,
3431 2046 3701 2100 moraque

2108 2129 2395 2184 sententiae
2440 2138 2495 2183 et
2527 2129 2747 2183 arbitrii
2793 2130 3050 2183 libertate
3106 2128 3225 2181 vitii
3260 2138 3318 2179 et.
3356 2114 3578 2178 virtutis
3613 2139 3704 2178 ca-

2107 2239 2295 2292 pacem
2335 2238 2455 2276 esse
2494 2244 2506 2277 :
2550 2223 2767 2291 aliaque
2791 2220 3126 2291 cjuscetnodi
3153 2220 3388 2281 censuit,
3421 2233 3543 2288 qua:
3574 2217 3703 2285 opi-

2107 2315 2230 2368 nari
2260 2330 2383 2367 eum
2419 2330 2516 2384 par
2541 2323 2680 2378 erat,
2715 2313 2812 2382 qui
2841 2314 2946 2369 sibi
2982 2315 3048 2368 de
3076 2314 3240 2384 hujus
3282 2312 3499 2382 generis
3534 2310 3704 2363 rebus

2107 2405 2491 2460 disserendum
2524 2417 2690 2476 atque
2718 2406 3111 2476 inquirendum
3140 2421 3261 2458 esse
3292 2402 3700 2458 constituissvt.

2107 2495 2176 2549 Et
2233 2511 2359 2550 cum
2412 2495 2757 2549 existimaret
2822 2496 3146 2565 episcopum
3217 2494 3406 2562 Libyci
3475 2492 3701 2546 Sabellii

2106 2586 2303 2657 dogma
2336 2602 2612 2650 asserere,
2641 2588 3010 2641 contendendi
3047 2596 3100 2639 et
3146 2584 3475 2639 adversandi
3512 2582 3703 2637 studio

2107 2677 2161 2730 in
2212 2694 2464 2732 errorem
2511 2694 2576 2731 ex
2624 2678 2898 2731 diametro
2945 2678 3019 2730 illi
3076 2677 3416 2730 contrarium
3470 2672 3702 2727 decidit.

2107 2770 2252 2825 Sane
2283 2771 2506 2838 quidem
2553 2769 2859 2840 permul:os
2916 2768 2982 2821 ad
3044 2782 3216 2821 novas
3262 2768 3382 2838 ejus
3428 2764 3704 2834 dogmatis

2106 2881 2195 2918 res
2237 2863 2533 2935 pertraxit,
2569 2871 2623 2918 et
2664 2879 2731 2917 ex
2779 2863 2932 2933 parvi
2968 2860 3191 2931 igniculi
3239 2860 3475 2914 scintilla
3513 2858 3707 2927 ingens

2105 2966 2192 3013 est
2221 2970 2272 3012 et
2312 2957 2483 3010 altum
2532 2965 2789 3012 exortum
2845 2954 3184 3009 incendium.
3233 2952 3312 3006 Al)
3372 2950 3704 3006 Alexandria

2105 3051 2253 3104 enim
2303 3049 2553 3103 doctrina
2605 3048 2723 3101 bzec
2757 3063 3071 3117 progressa,
3117 3045 3435 3114 Egyptum,
3470 3043 3701 3114 Libyam

436 3149 527 3201 καὶ
568 3145 676 3200 τῶν
729 3143 1018 3215 ἱερατικῶν
1076 3142 1305 3212 ἐξήλασε
1355 3142 1675 3210 καταλόγων
1731 3141 1896 3193 αὐτόν
1946 3157 2004 3193 τε

2110 3151 2166 3197 et
2188 3142 2529 3211 superiorem
2570 3138 2906 3195 Thebaidem
2934 3138 3228 3208 percurrit,
3262 3152 3387 3189 mox
3424 3134 3591 3189 etiam
3625 3134 3695 3188 ad

436 3241 529 3294 καὶ
574 3239 623 3293 ο¹ί
655 3240 1025 3307 συνέπραττον
1061 3236 1209 3306 αὒτῷ
1258 3236 1513 3307 κληρικοὶ
1561 3238 1589 3289 ὁ
1629 3234 2003 3302 Ἀλέξανδρος.

435 3333 811 3401 Συνέπραττον
837 3331 892 3385 δὲ
927 3335 990 3384 ὲκ
1025 3331 1122 3401 μὲν
1155 3333 1254 3400 τῆς
1283 3334 1343 3382 ὲν
1388 3328 1772 3399 Ἀλεξανδρείᾳ
1807 3346 2006 3398 παροι-

435 3424 561 3486 κίας
627 3422 990 3491 πρεσϐύτεροι
1057 3421 1155 3490 μὲν
1222 3420 1509 3482 Ἀειθαλᾶς
1570 3420 1666 3471 καὶ
1728 3419 2005 3487 Ἀχιλλᾶς.

435 3513 749 3587 Καρπώνης
787 3531 848 3566 τε
894 3514 988 3565 καὶ
1028 3513 1352 3583 Σαρμάτης,
1386 3512 1480 3564 καὶ
1528 3512 1748 3580 Ἀρειος
1778 3511 2003 3579 ἔτερος·

433 3606 666 3669 διάκονοι
689 3605 743 3657 δὲ
779 3603 1012 3667 Εὐζώῖο;
1046 3605 1139 3656 καὶ
1169 3603 1478 3669 Μακάριος,
1532 3599 1799 3664 Ἰούλλιος,
1825 3601 2010 3668 Ληνᾶς

435 3704 527 3757 καὶ
565 3697 837 3760 Ἐλλάδιος
880 3694 1080 3765 πολλὴν
1131 3695 1226 3747 καὶ
1273 3693 1366 3746 τοῦ
1409 3693 1540 3745 λαοῦ
1586 3694 1782 3763 μοῖραν
1813 3693 2009 3745 ἀποτε-

438 3791 685 3867 μόμινοι.
714 3789 840 3850 Τοῖς
896 3786 993 3857 μὲν
1046 3782 1140 3838 οὖν
1191 3783 1394 3855 ὁμοίως
1442 3786 1641 3854 χρῆναι
1694 3786 1819 3851 περὶ
1869 3782 2003 3835 Θεοῦ

435 3880 712 3935 πιστεύειν
736 3878 1017 3947 ἐνομίζετο
1044 3878 1152 3929 δεῖν
1186 3876 1261 3946 τῷ
1287 3877 1534 3946 ἀρχιερεῖ
1558 3891 1570 3904 ⁸
1613 3869 1694 3935 οἷς
1721 3876 1797 3939 δὲ,
1828 3869 1917 3927 οἶα
1940 3873 2006 3941 δὴ

439 3971 760 4043 συμϐαίνειν
814 3970 971 4023 εἴωθε
1026 3970 1137 4030 τοῖς
1202 3968 1441 4032 πολλοῖς,
1500 3968 1581 4029 εἰς
1636 3961 1818 4018 οἶκτον
1868 3962 2007 4036 ἦσαν

435 4068 654 4130 ἐκείνοι,
684 4063 759 4126 ὡς
802 4063 1141 4135 ἠδικημένοι,
1175 4063 1267 4115 καὶ
1302 4061 1399 4130 τῆς
1459 4059 1791 4130 Ἐκκλησίας
1844 4062 2008 4130 dspi-

434 4175 542 4222 τως
567 4156 983 4227 ἐκϐεϐλημένοι.

434 4251 705 4313 Achillas,
756 4248 1067 4318 Carpones,
1120 4244 1436 4309 Sarmates,
1495 4251 1551 4299 et
1618 4241 1756 4297 alter
1818 4242 2004 4308 Arius,
2045 4248 2399 4319 presbyteri:
2471 4258 2528 4303 et
2577 4247 2843 4308 Euzoius,

2109 3234 2245 3287 alias
2284 3234 2598 3303 provincias
2641 3240 2696 3285 et
2730 3234 2893 3286 urbes
2934 3228 3205 3299 pervenit.
3242 3227 3557 3294 Quaestione
3608 3225 3706 3280 tali

2103 3326 2217 3395 jam
2273 3325 2325 3376 in
2381 3326 2818 3379 controversiam
2872 3335 3085 3382 vocata,
3120 3321 3432 3375 Alexander
3488 3319 3706 3372 dissua-

2112 3417 2243 3468 dere
2277 3432 2396 3469 eam
2427 3426 2509 3469 est
2543 3427 2795 3471 conatus.
2834 3415 2941 3470 Sed
2970 3417 3080 3484 jam
3108 3431 3214 3465 non
3252 3413 3409 3482 pauci
3443 3408 3698 3480 episcopi

2109 3520 2165 3565 et
2213 3508 2434 3579 plurimi
2486 3523 2556 3562 ex
2618 3508 2768 3562 clero
2824 3518 2971 3562 recte
3014 3507 3198 3560 dicere
3232 3506 3422 3558 Arium
3473 3503 3710 3555 aﬂirma-

2115 3605 2268 3666 bant,
2306 3601 2746 3668 sententiamque
2801 3599 2920 3670 ejus
2972 3597 3404 3666 cmnplirctentes
3448 3608 3709 3663 compro-

2118 3695 2342 3749 babant.
2378 3693 2676 3762 Postquam
2727 3700 2910 3746 autem
2954 3692 3099 3743 inter
3145 3704 3203 3742 se
3251 3703 3359 3742 non
3413 3699 3713 3739 consense-

2104 3796 2254 3850 runt,
2291 3803 2387 3839 seu
2439 3787 2625 3856 potius
2657 3785 2822 3839 Arius
2877 3783 3038 3836 furiis
3091 3792 3383 3855 correptus
3415 3778 3704 3849 propalam

2109 3880 2451 3949 impietatem
2487 3880 2697 3940 docuit,
2728 3876 2892 3948 539
2934 3878 3242 3929 Alexander
3276 3870 3459 3935 illum,
3488 3880 3544 3926 ct
3579 3884 3708 3924 cum

2109 3988 2177 4026 eo
2210 3973 2303 4041 qui
2358 3983 2543 4041 partes
2601 3972 2721 4040 ejus
2770 3979 3155 4036 sequerntur,
3216 3966 3455 4020 clericos
3509 3977 3707 4017 omnes

2112 4066 2616 4120 excommunicavit
2644 4073 2699 4117 et
2728 4078 2885 4116 sacro
2920 4062 3116 4115 ordine
3148 4060 3339 4113 movit.
3377 4056 3708 4112 Sentiebant

2117 4172 2280 4224 porro
2318 4172 2441 4210 cum
2494 4171 2561 4210 eo
2604 4156 2657 4209 in
2707 4154 3075 4209 Alexandrina
3132 4151 3399 4222 parmcia,
3437 4147 3712 4206 Aithalas.

2932 4244 3224 4307 Macarius,
3275 4242 3477 4304 Julius,
3526 4239 3717 4293 Menas

434 4356 492 4403 et
518 4346 818 4404 Helladius.
851 4342 1338 4405 diaconi,mul:atn
1373 4342 1541 4397 etiam
1612 4340 1797 4411 populi
1871 4352 2082 4411 partem
2121 4360 2307 4399 secum
2363 4328 2666 4399 trahentes.
2694 4344 2752 4398 ltt
2802 4358 2934 4413 quo,
2980 4341 3071 4396 alii
3120 4341 3266 4395 idem
3322 4338 3424 4394 sibi
3472 4337 3539 4390 de
3598 4336 3715 4391 Deo

435 4438 780 4496 sentiendum
810 4447 972 4508 atque
1006 4434 1341 4490 credendum
1381 4449 1503 4489 esse
1535 4434 1683 4504 quod
1752 4436 2047 4506 episcopus
2114 4439 2502 4506 arbitraretur,
2556 4438 2862 4509 putabant;
2916 4435 3012 4489 alii
3070 4450 3225 4499 vero,
3283 4433 3449 4486 sicuti
3508 4432 3700 4483 multis

435 4532 658 4586 evenire
694 4530 1003 4594 consuevit,
1040 4529 1175 4584 istos
1206 4525 1636 4593 miserabantur,
1676 4527 1827 4582 velut
1897 4526 2097 4599 injuria
2166 4531 2417 4598 aﬂ‘ectos,
2485 4539 2540 4585 et
2591 4530 2798 4585 indicta
2830 4543 2995 4582 causa
3041 4527 3110 4581 ab
3163 4525 3410 4582 Ecclesia
3473 4525 3718 4595 proscri'

439 4636 580 4700 plus.

510 4723 628 4775 Εἰσὶ
662 4720 719 4774 δὲ
751 4720 806 4773 οἶ
828 4737 960 4789 φασι
987 4718 1089 4786 τῆς
1118 4716 1379 4787 τοιαύτης
1416 4715 1594 4787 εριδος
1645 4714 1751 4785 πρὸ
1796 4714 2008 4786 Ἀρείου

2193 4716 2336 4772 Sunt
2361 4713 2454 4784 qui
2490 4712 2705 4776 dicunt,
2737 4709 3113 4765 contentionis
3148 4708 3316 4779 ltujus
3345 4707 3543 4765 alium.
3583 4714 3717 4761 ante

438 4817 621 4885 ἕτερον
663 4812 954 4879 ἄρξασθαι,
994 4811 1347 4880 Ἀλέξανδρον
1395 4808 1587 4878 ὄνομα,
1619 4809 1718 4878 τὴν
1750 4808 2017 4879 δευτέραν

439 4911 591 4975 τάξιν
619 4908 733 4978 μετ’
767 4909 991 4977 Ἀρειον
1038 4905 1251 4974 ἔχοντα,
1282 4904 1557 4957 Batiam)“
1589 4903 1762 4972 ὄνομα
1787 4919 1801 4933 ο
1835 4904 2020 4958 καλεί-

442 5004 565 5056 sliat
598 5002 640 5055 δ’
672 5002 834 5063 οὕτω,
860 5001 947 5053 διὰ
976 5000 1034 5053 τὸ
1063 4998 1264 5068 σαρκὸς
1296 4996 1685 5068 ὑπερτραφοῦς
1711 4996 1875 5066 ὄγκον
1912 4998 2018 5050 ὑπὸ

442 5093 549 5146 τῶν
570 5091 926 5161 μεταφρένων
946 5088 1114 5141 αὐτοῦ
1144 5088 1556 5157 σεσωρευμένον
1587 5089 1791 5155 ἄγγους
1818 5087 2021 5157 ὀστρα-

442 5186 591 5238 κίνου
649 5180 1005 5250 ὲκμιμεῖσθαι
1064 5184 1290 5251 σχῆμα·
1361 5178 1505 5250 ἅπερ
1550 5178 1644 5232 οὖν
1692 5177 2019 5243 ,βαυκὰλας

441 5275 748 5349 ἐπιχωρίως
813 5274 1191 5345 Ἀλεξανδρεῖς
1245 5272 1503 5325 εἰώθασιν
1567 5271 1883 5340 ὀνομάζειν.
1938 5270 2019 5322 Τὰ

441 5368 669 5439 δεύτερα
719 5367 776 5420 δὲ
834 5367 1036 5437 σχόντα
1082 5366 1182 5434 τῆς
1240 5366 1624 5436 λειτουργίας,
1684 5364 1780 5433 τῆς
1835 5361 2015 5424 αἰτίας

443 5462 629 5533 ἄρξαι.
670 5462 731 5527 ἐξ
772 5455 840 5533 ἧς
888 5463 922 5533 ὴ
973 5460 1209 5529 διαφορὰ
1278 5458 1618 5528 Ἀλεξάνδρῳ
1674 5457 1770 5510 καὶ
1827 5455 2026 5524 Ἀρείῳ

444 5557 640 5609 ἔπειτα
673 5554 1132 5625 συνερῤάγη,καὶ
1177 5554 1275 5623 τὴν
1324 5553 1420 5605 τοῦ
1469 5552 1764 5619 ὁμοουσίυυ
1820 5549 2023 5620 ἀνακή·

448 5644 605 5715 ρυξιν
651 5645 904 5699 ὲντεῦοεν
964 5626 1240 5713 γενέσθαι.
1291 5642 1382 5713 Τῷ
1435 5645 1545 5713 γὰρ
1607 5640 2025 5711 προτιμηθῆναι

444 5739 541 5791 τὸν
570 5735 789 5807 Ι’Δρειον
840 5735 916 5807 μὴ
969 5738 1153 5806 φέρων
1208 5736 1236 5788 ὁ
1276 5734 1585 5800 Βαὺκαλις,
1635 5733 1727 5787 τὸν
1778 5734 1908 5803 περὶ
1965 5730 2028 5783 τὸ

445 5831 627 5907 δόγμα
674 5830 843 5901 ἐπῆγε
896 5828 1260 5901 νεωτερισμὸν
1309 5828 1521 5899 ἐκείνῳ.
1569 5826 1917 5898 Ἀλέξανδρος
1967 5824 2023 5879 δὲ

2118 4811 2335 4874 Arium,
2366 4816 2654 4861 auctorem
2692 4805 2889 4868 fuisse,
2920 4801 3316 4866 Alexandrum,
3356 4800 3606 4855 secundo
3639 4801 3711 4854 ab

2118 4901 2252 4955 Ario
2285 4900 2405 4953 loco
2434 4896 2842 4966 presbyterum,
2870 4880 3179 4947 Baucalim‘
3205 4892 3532 4961 cognomine
3565 4910 3576 4942 :
3610 4892 3708 4961 qui

2119 4974 2319 5049 nomen
2376 4991 2427 5043 id
2471 4990 2705 5059 adeptus
2751 4989 2952 5051 fuerat,
2989 5003 3056 5040 ex
3089 4983 3563 5054 supercresretttis
3594 4999 3716 5038 cara

2120 5086 2208 5140 uis
2252 5084 2494 5154 pondere
2538 5083 2591 5136 in
2639 5082 2802 5136 dorso
2851 5081 2972 5152 ejus
3002 5080 3258 5158 collecto,
3294 5077 3519 5132 tcstacei
3568 5077 3718 5131 vasis

2129 5177 2321 5234 forma.
2364 5171 2509 5243 quod
2543 5169 2904 5225 Alexandrini
2948 5167 3246 5222 vernaculo
3274 5180 3537 5227 sermone
3574 5163 3713 5216 bau-

2127 5268 2303 5321 calam
2346 5265 2632 5320 nominare
2679 5262 2907 5317 solent:
2950 5260 3119 5323 hunc,
3160 5259 3408 5329 inquam,
3439 5255 3716 5312 secundas

2128 5362 2181 5416 itt
2214 5358 2522 5414 ministerio
2551 5371 2707 5413 sacro
2738 5353 3033 5416 ferentem,
3069 5349 3438 5406 dissensionis
3486 5361 3713 5401 causam

2124 5451 2404 5506 exstitisse
2436 5455 2634 5519 putant
2668 5464 2684 5502 :
2721 5445 2867 5499 unde
2915 5452 3104 5512 postea
3161 5442 3307 5496 inter
3336 5436 3711 5492 Alexandrum

2123 5551 2181 5597 et
2240 5542 2429 5595 Arium
2484 5538 2767 5595 cententio
2826 5543 3204 5596 comtttota,et
3248 5529 3340 5585 τοῦ
3396 5528 3709 5600 ὁμοοοσίου,

2125 5636 2231 5690 hoc
2279 5644 2366 5688 est
2414 5627 2909 5691 consubstmttialis,
2958 5624 3326 5695 promulgatio
3373 5634 3565 5675 exorta
3612 5620 3708 5673 sit.

2124 5725 2280 5795 Quod
2347 5710 2585 5796 namque
2649 5720 2895 5776 Betucalis
2958 5715 3245 5781 przelatum
3324 5713 3431 5769 sibi
3498 5713 3711 5766 honore

2122 5820 2312 5877 Arium
2372 5833 2512 5890 aegre
2563 5817 2761 5887 ferret,
2822 5816 3174 5872 norationem
3226 5806 3498 5881 dogmatis
3546 5804 3712 5860 iSIius
