4118 6458
464 373 534 436 ΞἿ
1658 380 1704 440 Ν
1720 381 2089 441 lCEPHORI
2134 382 2483 442 CALLISTI
3641 383 3713 449 23

456 486 532 539 illi
558 485 836 555 aseripsit.
868 487 1178 542 Alexander
1223 503 1357 543 vero
1390 489 1705 561 episcopus.
1740 502 2035 563 utrumque

2149 495 2314 550 θέλων
2344 495 2541 550 παύειν
2571 497 2667 566 τῆς
2698 494 2876 566 ἔριδος
2907 496 3096 568 ἄμφω,
3130 497 3210 560 είς
3258 496 3491 567 ἅμιλλαν
3525 497 3708 568 λόγων

450 576 864 632 aconteutione
915 577 1188 633 abducere
1240 580 1449 640 volens,
1501 582 1567 635 ad
1619 582 2023 653 disputationes

451 682 881 737 sermonumque
907 669 1229 725 eollationes
1244 684 1340 724 eos
1357 671 1631 738 invitavit,
1660 677 2024 743 persuasione

447 760 634 829 potius
663 775 825 829 qnam
856 759 1095 815 violenta
1147 762 1395 832 jussione
1441 766 1877 821 controversiam
1933 782 2025 823 so-

449 850 571 919 pire
612 850 1015 905 conducibilius
1055 867 1177 907 esse
1206 853 1439 908 ducens.
1475 855 1544 908 Et
1582 871 1706 911 cum
1741 859 2026 914 multoties

450 940 784 1010 disputando
832 943 1110 1012 congressi
1150 952 1355 1006 essent,
1405 944 1568 999 sicuti
1606 947 1725 1000 fieri
1756 950 2024 1014 assuevit,

451 1035 804 1088 contentione
837 1036 982 1089 inter
1011 1036 1301 1106 quospiam
1335 1047 1502 1099 mota.
1538 1038 1834 1108 episcopus
1879 1057 2028 1097 nunc

451 1127 603 1191 huic,
657 1143 803 1182 nunc
854 1128 930 1181 illi
971 1128 1239 1184 benevole
1287 1140 1343 1184 et
1396 1133 1683 1186 commode
1742 1134 2027 1193 adhasit:

450 1228 731 1287 postremo
762 1235 893 1273 vero
920 1222 1137 1274 tandem
1168 1229 1223 1275 et
1264 1222 1378 1290 ipse
1417 1232 1750 1277 coaeternum
1797 1235 1853 1279 et
1897 1241 2032 1280 con-

451 1308 872 1362 substantialem
921 1309 1067 1363 Patri
1114 1308 1335 1374 Filium,
1366 1311 1442 1365 ita
1492 1312 1569 1367 uti
1613 1323 1773 1368 antea
1811 1330 2031 1384 semper

2135 588 2339 650 ἐκάλει,
2380 591 2561 642 πειθοῖ
2608 589 2809 659 μᾶλλον
2862 588 2895 660 ἢ
2948 589 3040 661 βίᾳ.
3083 588 3246 642 λῦσαι
3294 591 3357 643 τὸ
3407 592 3710 661 άμορίϐολον

2135 679 2434 750 ᾑρημένος.
2470 681 2578 734 Καὶ
2612 680 2904 750 συνεδρίων
2934 681 3321 751 γεγενημένων
3365 682 3600 747 πολλῶν,
3622 677 3712 737 οἷα

2133 770 2266 838 δῆτα
2296 771 2445 839 φιλεῖ
2467 771 2566 839 τῆς
2612 770 2790 841 ἔριδος
2821 770 3167 841 ἑκατέρωθεν
3216 774 3537 844 αἰρομένης,
3581 775 3712 828 ποτὲ

2138 859 2238 928 μὲν
2270 861 2465 931 τούτῳ,
2491 860 2686 915 ἄλλοτε
2734 861 2783 914 δ’
2830 862 3025 932 ἐκείνῳ
3071 863 3289 932 εὐφυῶς
3334 865 3659 933 προσέκειτο
3688 869 3715 919 ό

2128 951 2427 1015 ἐπίσκοπος
2450 967 2464 982 ·
2491 954 2647 1017 τέλος
2673 954 2729 1006 δὲ
2761 953 2855 1006 καὶ
2883 954 3068 1016 αὐτὸς,
3096 955 3369 1008 συναῖδιον
3403 958 3495 1009 καὶ
3520 956 3714 1023 ὀμοούω

2133 1059 2250 1095 σιον
2295 1043 2373 1113 τῷ
2407 1045 2582 1114 Πατρὶ
2634 1049 2726 1097 τὸν
2776 1046 2924 1109 Υίὺν,
2959 1044 3150 1114 ὥσπερ
3201 1048 3295 1099 καὶ
3340 1047 3546 1101 ἄνωθεν
3599 1045 3714 1118 εἶχε

2132 1134 2311 1202 δόξης,
2335 1136 2547 1204 τρανῶς
2573 1137 2935 1206 άνεκήρυττε,
2970 1139 3065 1190 καὶ
3096 1139 3317 1208 Ἀρειον
3350 1138 3422 1192 τὰ
3461 1140 3552 1193 ίσα
3584 1156 3715 1209 (ppo-

2134 1228 2246 1278 νεῖν
2277 1226 2549 1283 ἐκέλευεν.
2596 1229 2688 1291 Ὠς
2723 1231 2767 1281 δ’
2812 1229 2914 1282 οὒκ
2963 1228 3171 1294 ἔπειθε,
3202 1230 3310 1283 τῶν
3360 1231 3523 1302 ἱερῶν
3561 1246 3720 1304 περι-

2136 1316 2309 1371 ϐόλων
2343 1321 2494 1385 τέλος
2528 1321 2812 1387 ἐξήλαυνε.

452 1415 719 1469 senserat,
769 1404 991 1460 disertis
1033 1406 1214 1462 verbis
1264 1408 1662 1477 pronuntiavit,
1718 1411 2021 1482 Ariumque
2059 1412 2204 1468 idem
2257 1417 2460 1471 sentire
2502 1418 2692 1488 jussit.
2765 1417 2923 1486 Quod
2972 1418 3068 1474 ubi
3145 1418 3260 1485 ille,
3290 1428 3352 1474 ut
3397 1418 3627 1487 faceret,
3661 1418 3718 1473 in

454 1498 697 1551 animum
728 1497 986 1554 inducere
1018 1514 1128 1553 non
1155 1500 1355 1569 potuit,
1393 1502 1566 1558 sacris
1596 1502 1807 1559 aedibus
1836 1513 1921 1559 est
1958 1505 2026 1561 ab
2063 1522 2130 1561 eo
2161 1509 2395 1578 ejectus.

983 1616 1144 1687 540
1172 1617 1400 1674 CAPUT
1449 1619 1537 1676 Vl.

459 1706 562 1773 Qui
576 1726 653 1787 ea_
669 1717 971 1787 tempestate
990 1725 1310 1787 magnarum
1329 1713 1538 1787 urbith
1562 1714 1761 1784 fuerint
1776 1717 2037 1787 episcopi:

529 1789 576 1831 et
620 1779 682 1831 de
728 1780 981 1848 episcopis
1027 1780 1117 1849 qui
1166 1783 1230 1834 ab
1264 1782 1416 1836 initio
1465 1779 1717 1854 Byiantii
1767 1779 2039 1842 ecclesiam

534 1858 802 1901 rexerant.

532 1962 610 2016 Eo
639 1970 884 2032 tempore
916 1963 1176 2018 Romanae
1205 1964 1457 2021 Ecclesiae
1481 1965 1762 2038 Sylvester
1792 1971 2033 2040 praefuit,

460 2054 721 2109 Miltiadis
750 2071 1059 2120 successor,
1098 2057 1191 2126 qui
1241 2066 1365 2127 post
1400 2057 1775 2116 Marcellinum
1818 2066 2037 2134 egregie

460 2146 516 2199 in
566 2147 951 2215 persecutione
994 2148 1109 2217 ipsa
1167 2150 1470 2207 certamine
1506 2152 1850 2219 defunctum,
1892 2158 2036 2212 sacri

405 2293 429 2322 .
462 2241 706 2294 muneris
761 2241 1006 2310 suscepit
1064 2241 1625 2300 administrationem.
1689 2248 2037 2304 Alexandria:

459 2339 645 2383 autem
706 2341 830 2399 post
899 2331 1179 2385 Theonam
1243 2342 1299 2387 et
1353 2335 1598 2402 Petrum,
1659 2338 1920 2404 Achillas,
1973 2356 2038 2395 ac

462 2420 661 2475 deinde
686 2437 846 2490 quem
880 2422 991 2477 dixi
1024 2408 1355 2493 Alexander,
1390 2429 1823 2485 ecclesiasticam
1860 2433 2039 2486 tenuit

464 2513 874 2582 praefecturam;
900 2514 1229 2583 Antiochia},
1277 2508 1542 2591 Tyranno‘
1566 2522 1619 2575 in
1658 2522 2039 2580 ecclesiastico

465 2594 771 2661 ministerio
803 2607 995 2662 \‘italis
1028 2608 1313 2675 sutfectus,
1346 2627 1478 2680 pace
1516 2615 1755 2682 primum
1790 2615 2041 2670 ecclesiis

464 2699 701 2752 reddita.
751 2699 802 2754 Is
854 2716 883 2754 a
930 2703 1177 2772 tyrannis
1225 2705 1513 2759 ecclesiam
1563 2706 1805 2761 dirutam
1859 2708 2042 2764 denuo

463 2792 745 2856 excitavit,
775 2793 932 2863 cujus
984 2803 1324 2850 structuram
1372 2798 1637 2868 reliquam
1677 2800 2044 2871 Philogouius

462 2884 831 2954 perfecit,qui
866 2901 931 2940 ex
967 2888 1246 2942 causidico
1274 2889 1567 2959 episcopus
1594 2891 1771 2947 factus
1810 2894 1886 2947 illi
1920 2911 2046 2949 suc-

463 2978 651 3038 cessit,
705 2976 1012 3047 Liciniique
1075 2980 1436 3048 temporibus,
1472 2983 1550 3035 uti
1608 2982 1787 3037 virum
1842 2984 2040 3038 fortem

465 3069 643 3132 decet,
677 3069 933 3124 arderent
979 3072 1501 3142 aemulationemque
1554 3089 1709 3128 suam
1762 3091 1863 3145 pro
1916 3091 2042 3130 vera

2730 1633 2988 1687 ΚΕΦΔΔ.
3032 1631 3125 1700 ς’.

2146 1722 2311 1789 Τίνες
2349 1723 2680 1790 τηνικαῦτα
2700 1724 2820 1777 τῶν
2838 1724 3122 1793 μεγάλων
3152 1724 3391 1778 πόλεων
3411 1720 3574 1793 ἦσαν
3596 1724 3723 1778 ἐπι-

2213 1809 2429 1863 σκοποι
2458 1808 2471 1822 ·
2512 1794 2613 1847 καὶ
2642 1796 2774 1863 περὶ
2808 1794 2921 1848 τῶν
2946 1793 3210 1863 ἀρχῆθεν
3241 1795 3593 1848 emendatur
3615 1794 3721 1848 τοῦ

2213 1862 2564 1924 Βυζαντίου.

2212 1979 2366 2031 Κατὰ
2409 1977 2597 2032 τοῦτον
2644 1977 2701 2032 δέ
2746 1978 2839 2032 τὸν
2889 1977 3083 2050 χρόνον
3125 1978 3226 2049 τῆς
3282 1976 3383 2045 μὲν
3431 1977 3724 2045 Ῥωμαίων

2151 2070 2483 2139 Ἐκκλησίας
2532 2070 2860 2140 Σίλϐεστρος
2900 2071 3002 2132 τὰς
3044 2069 3202 2138 ήνίας
3247 2063 3383 2139 εἷχε,
3415 2068 3722 2139 Μιλτιάδην

2138 2161 2546 2232 διαδεξάμενος,
2578 2161 2632 2225 ὃς
2670 2164 2811 2232 μετὰ
2860 2159 3239 2232 Μαρκελλῖνον
3268 2161 3359 2213 τὸν
3387 2161 3447 2213 ὲν
3481 2160 3560 2229 τῷ
3593 2160 3723 2212 διω-

2140 2254 2266 2325 γμῷ
2296 2255 2476 2318 καλῶς
2505 2253 2997 2324 διαγωνισάμενον,
3027 2256 3091 2325 τῇ
3126 2250 3402 2326 ἱερωσύνῃ
3423 2249 3686 2319 διέπρεπε
3706 2265 3721 2279 ·

2139 2348 2239 2418 τὴν
2270 2347 2314 2400 δ’
2359 2347 2713 2417 Ἀλεξάνδρου
2750 2346 2890 2417 μετὰ
2924 2346 3146 2400 Θεωνᾶν
3179 2344 3275 2399 καλ⁵
3305 2345 3510 2415 Πέτρον
3547 2342 3728 2413 ’Δχιλ-

2139 2438 2276 2502 λᾶς·
2324 2432 2446 2490 εἶτα
2499 2440 2526 2490 ὁ
2576 2436 2919 2508 προρρηθεὶς
2984 2434 3339 2500 Ἀλέξανδρος
3411 2433 3510 2505 τὴν
3568 2433 3724 2487 θείαν

2142 2529 2441 2599 ἡγεμονίαν
2470 2528 2646 2580 διεῖπε
2671 2544 2684 2557 ·
2716 2528 2817 2598 τῆς
2847 2527 2894 2580 δ’
2931 2526 3214 2596 Ἀντιόχου
3265 2524 3404 2595 μετά
3438 2523 3720 2593 Τύραννον

2142 2622 2390 2684 Βιτάλιος
2412 2620 2508 2691 τὴν
2547 2619 2821 2675 διακονίαν
2854 2619 3257 2691 ἐγκεχείριστο,
3292 2618 3392 2687 τῆς
3424 2617 3726 2686 ἐκκλησια-

2146 2716 2338 2782 στικῆς
2391 2713 2700 2787 ἀρξάμενος
2753 2714 2976 2784 εἰρήνης
3005 2728 3021 2745 ·
3058 2712 3154 2766 καὶ
3204 2711 3305 2783 τὴν
3338 2709 3442 2763 ὑπὸ
3482 2710 3591 2763 τῶν
3631 2725 3730 2763 τυ·

2147 2809 2363 2881 ράννων
2393 2810 2794 2863 καταλυθεῖσαν
2820 2806 3117 2874 ἐκκλησίαν
3140 2805 3451 2874 ἀνήγειρεν·
3484 2802 3543 2855 δν
3567 2801 3725 2855 Φιλο-

2146 2896 2327 2966 γόνιος
2350 2898 2378 2950 ὁ
2408 2898 2516 2952 ἀπὸ
2551 2896 2835 2963 δικολόγου
2867 2896 3172 2954 ἐπίσκοπος
3198 2891 3441 2958 γεγονὼς
3474 2888 3730 2953 διαδεξά-

2151 3008 2333 3062 μενος,
2366 2991 2436 3045 τὰ
2478 2990 2733 3044 λείποντα
2764 2988 2829 3058 τῇ
2879 2985 3137 3053 οἰκοδομῇ
3173 2981 3436 3047 ἐπετίθει,
3465 2982 3568 3035 κάν
3611 2983 3729 3044 τοῖς

2148 3084 2393 3138 Λικινίου
2440 3083 2675 3151 καιροῖς,
2709 3080 2800 3132 τὸν
2833 3077 2973 3148 ὑπὲρ
3007 3076 3295 3139 εὐσεϐείας
3332 3074 3493 3145 ζῆλον
3540 3074 3726 3143 ἀνδρι-

464 3161 668 3230 pietate
715 3164 978 3216 ostendit.
1015 3163 1187 3217 Porro
1223 3162 1618 3236 Hierosolymis
1659 3178 1782 3235 post
1812 3166 2038 3222 Hermo-

2149 3179 2251 3240 κῶς
2282 3174 2569 3229 διεδείκνυ.
2605 3171 2726 3223 Τῶν
2758 3169 2815 3223 δὲ
2853 3166 3253 3239 Ἰεροσολύμων
3288 3168 3429 3236 μετὰ
3458 3166 3727 3237 Ἕρμωνα

463 3267 590 3306 nem
640 3252 876 3308 Macario
907 3269 1123 3308 sacrum
1169 3271 1370 3310 munus
1413 3258 1708 3326 creditum,
1742 3259 1907 3331 digno
1949 3261 2040 3316 tali

468 3343 691 3398 nomine
725 3346 867 3409 viro,
907 3353 964 3398 ut
999 3346 1092 3415 qui
1127 3348 1383 3402 omnibus
1415 3349 1577 3405 bouis
1605 3362 1660 3405 et
1703 3352 2045 3406 ornamentis

467 3435 740 3489 ﬂoruerit.
807 3435 1284 3508 Constantinopoli
1339 3455 1494 3506 vero,
1556 3453 1682 3511 post
1739 3442 2048 3512 Metropha-

470 3544 617 3594 nem,
644 3528 806 3583 Probi
855 3529 1202 3599 imperatoris
1245 3531 1434 3588 fratris
1488 3532 1687 3600 filium,
1730 3536 2044 3589 Alexandro

468 3635 752 3675 sacrorum
800 3635 933 3675 cura
981 3632 1129 3677 sorte
1187 3633 1446 3678 cesserat.
1497 3624 1700 3680 Verum
1756 3627 2045 3680 enimvero

468 3713 576 3775 hoc
601 3713 724 3768 loco
748 3712 1058 3768 faciendum
1090 3716 1223 3771 mihi
1263 3717 1490 3771 omnino
1524 3718 1764 3783 videtur,
1797 3726 1856 3771 ut
1881 3718 2048 3771 altius

471 3804 539 3858 ab
588 3805 721 3874 ipsis
779 3808 1047 3875 apostolis
1099 3811 1365 3876 repetitos
1412 3808 1704 3880 Byzantios
1757 3809 2048 3878 episcopos

474 3912 810 3962 recenseam,
843 3909 898 3954 et
952 3899 1116 3954 veluti
1151 3915 1364 3955 sacram
1398 3902 1693 3971 quamdam
1729 3899 2050 3968 inscriptio-

474 4006 599 4045 nem
636 3991 878 4046 historiac
917 3992 1046 4045 huic
1071 3991 1346 4061 adjiciam.

544 4081 813 4147 Andreas,
842 4082 1060 4135 Domini
1112 4084 1416 4151 apostolus,
1446 4081 1765 4145 Thraciam.
1793 4082 2043 4137 Macedo-

474 4175 621 4228 niam
676 4185 732 4228 et
784 4174 1086 4237 Euxinum,
1127 4175 1444 4243 provincias
1495 4176 1752 4236 sortitus,
1803 4174 2048 4246 Byzantii

472 4263 752 4320 Christum
784 4266 1121 4334 praedicavit.
1166 4267 1233 4321 Et
1278 4282 1403 4321 cum
1447 4282 1476 4320 a
1532 4265 1836 4335 Zeuxippo,
1865 4275 2048 4336 tyran-

473 4358 658 4411 nidem
693 4369 805 4411 tum
836 4358 1037 4413 ibidem
1072 4368 1315 4419 tenente.
1345 4357 1411 4413 ad
1453 4358 1653 4411 eadem
1683 4367 2047 4428 quaereretur.

472 4448 853 4520 Argyropolim
895 4450 1136 4514 transiit,
1166 4461 1329 4518 atque
1363 4448 1437 4502 ibi
1473 4447 1758 4502 biennium
1812 4463 2051 4502 conven-

475 4549 564 4593 tus
602 4558 787 4611 agens,
831 4543 1132 4611 permultos
1188 4541 1254 4594 ad
1304 4538 1510 4595 Christi
1549 4539 1708 4592 (idem
1765 4540 2051 4608 pertraxit.

472 4631 743 4686 Caeterum
795 4648 951 4687 sacra
993 4647 1061 4687 eo
1111 4634 1232 4687 loco
1286 4629 1513 4685 fundata
1562 4632 1703 4694 aede,
1741 4640 1796 4685 et
1849 4631 2049 4703 Stachy

475 4725 720 4793 apostolo
773 4727 1034 4795 episcopo
1089 4723 1378 4788 ordinato,
1444 4722 1687 4791 Sinopen
1749 4722 2048 4778 concessit.

474 4816 703 4887 Stachys
749 4832 908 4871 sacro
948 4830 1015 4870 eo
1047 4828 1275 4867 munere
1324 4815 1482 4866 annis
1517 4813 1761 4868 sedecim
1808 4812 2050 4867 admini-

475 4908 909 4972 strato,'ibidem
938 4905 1208 4972 sepultus.
1247 4902 1569 4958 Onesimum
1597 4903 1789 4958 habuit
1825 4918 2049 4958 succes-

478 5016 685 5055 sorem.
721 4998 1015 5053 Onesius
1058 4994 1479 5065 quatuordecim
1529 5010 1707 5049 annos
1761 4996 2051 5051 ecclesiam

475 5108 595 5146 eam
650 5089 1008 5162 gubernavit,
1064 5088 1226 5157 eique
1292 5086 1622 5158 Polycarpus
1683 5087 2050 5158 subrogatus,

475 5186 568 5255 qui
601 5186 792 5239 decem
842 5191 897 5235 et
948 5192 1075 5234 octo
1116 5182 1277 5235 annis
1308 5196 1537 5236 minuere
1572 5196 1673 5234 suo
1721 5196 1847 5234 cum
1888 5180 2053 5234 laude

477 5278 722 5341 functus,
776 5273 1070 5329 Plutarcho
1129 5272 1183 5327 id
1245 5274 1490 5342 reliquit.
1547 5273 1648 5328 Hic
1697 5289 1807 5328 non
1871 5274 2054 5327 minus

480 5384 644 5439 quam
695 5364 937 5422 sedecim
991 5364 1149 5421 annis
1198 5364 1446 5419 ecclesia:
1500 5364 1751 5434 praefuit,
1820 5378 2054 5433 eamque

480 5462 726 5515 moriens
753 5456 1044 5514 Sedecioni
1090 5457 1363 5514 concessit
1392 5474 1406 5511 :
1439 5473 1550 5528 quo
1581 5468 1705 5527 post
1754 5472 1930 5511 annos
1957 5472 2055 5511 no-

485 5568 607 5606 vent
669 5552 964 5615 defuncto,
1029 5550 1292 5621 Diogenes
1350 5549 1664 5619 quindecim
1722 5550 1883 5605 annis
1931 5566 2053 5604 eam

485 5641 650 5697 rexit.
695 5640 777 5696 Illi
817 5641 1170 5696 Eleutherius
1218 5640 1503 5706 sudectus,
1534 5641 1626 5710 qui
1653 5652 1860 5712 septem
1897 5642 2057 5697 annis

490 5734 786 5806 episcopali
820 5750 1043 5791 munere.
1076 5736 1244 5795 obito.
1276 5732 1511 5789 Felicem
1538 5733 1735 5788 habuit
1773 5749 2055 5790 successo-

495 5839 633 5879 rem.
690 5825 837 5882 Felix
902 5827 1144 5900 quinque
1213 5826 1373 5882 annis
1442 5824 1626 5881 sedem
1691 5827 2055 5896 episcopalem

2148 3270 2437 3338 Μακάριος
2479 3265 2578 3337 τὴν
2605 3263 2950 3334 λειτουργίαν
2991 3260 3400 3325 ἐνεπιστεῦετο,
3434 3258 3585 3324 ἄξιος
3628 3258 3728 3327 τῆς

2146 3356 2485 3426 ἐπικλήσεως
2532 3356 2559 3407 ὁ
2615 3351 2778 3424 ἀνὴρ,
2821 3351 2913 3404 καὶ
2956 3350 3127 3403 πᾶσιν
3162 3347 3548 3420 ,ἅϐρυνόμενος
3590 3347 3730 3415 ἁγα-

2148 3448 2280 3510 θοῖς.
2320 3436 2433 3515 Τῆς
2474 3444 2529 3498 δὲ
2578 3440 2994 3497 Κωνσταντίνου
3034 3438 3174 3509 μετὰ
3208 3437 3587 3508 Μητροιράνην
3636 3434 3729 3486 τὸν

2148 3534 2522 3604 ἀδελφόπιιδα
2554 3532 2764 3602 Πρόϐου
2804 3529 2902 3584 τοῦ
2940 3529 3203 3600 βασιλέως
3247 3527 3597 3595 Ἀλέξανδρος
3630 3524 3732 3594 τὴν

2150 3628 2301 3697 ἱερὰν
2354 3625 2654 3696 ἐκληροῦτο
2711 3626 2908 3694 ἀρχήν.
2981 3620 3248 3674 Ἐνταῦθα
3302 3619 3361 3672 δέ
3424 3617 3729 3689 γενομένῳ,

2151 3718 2430 3791 προῦργου
2456 3718 2603 3770 δοκεῖ
2646 3733 2736 3786 μοι
2770 3714 2977 3770 ἄνωθεν
3005 3714 3069 3766 ἐκ
3094 3712 3205 3765 τῶν
3231 3709 3571 3777 ἀποστόλων,
3600 3709 3732 3770 τοὺς

2148 3811 2244 3864 τοῦ
2291 3810 2589 3873 Βυζαντίου
2640 3805 2973 3868 ἐπισκόπους
3017 3802 3317 3870 διαλαϐεῖν,
3349 3802 3443 3874 καλ
3487 3800 3563 3864 ὡς
3605 3799 3737 3868 πρό-

2152 3903 2388 3975 γραμμά
2424 3919 2476 3955 τι
2514 3901 2658 3955 θεῖον
2692 3901 2759 3971 τῇ
2800 3897 3014 3969 ἱστορίᾳ
3046 3896 3305 3950 ἐνθεῖναι.

2234 4083 2490 4154 Ἀνδρέας
2520 4082 2628 4152 γάρ
2673 4084 2702 4135 ό
2741 4079 2837 4134 τοῦ
2882 4079 3090 4150 Κυρίου
3123 4075 3446 4142 ἀπόστολος,
3492 4077 3560 4130 τὰ
3599 4077 3736 4144 περὶ

2151 4176 2376 4247 Θρᾴκην
2433 4177 2528 4228 καὶ
2567 4170 2911 4227 Μακεδονίαν
2950 4168 3046 4223 καὶ
3098 4168 3192 4220 τὸν
3239 4165 3496 4231 Εὖξεινον
3529 4165 3735 4235 κλῆρον

2152 4266 2354 4337 λαχὼν,
2390 4266 2511 4318 ἐπεὶ
2544 4265 2602 4317 ἐν
2646 4262 2932 4331 Βυζαντίῳ
2981 4260 3281 4328 γενόμενος
3331 4258 3604 4327 ἐκήρυττε
3641 4256 3734 4309 τὸν

2153 4357 2411 4428 Χριστὸν,
2445 4355 2549 4408 ὑπὸ
2583 4355 2895 4419 Ζευξίππου
2923 4349 3018 4403 τοῦ
3050 4348 3312 4420 τηνικάδε
3341 4346 3739 4419 τυραννοῦντος

2157 4447 2511 4518 ζητούμενος,
2540 4447 2596 4498 ἐν
2642 4441 3040 4514 Ἀργυροπόλει
3092 4439 3420 4511 μετέϐαινε·
3470 4437 3566 4494 καὶ
3609 4437 3741 4508 χρόο

2157 4552 2247 4593 νον
2273 4538 2426 4606 διετῆ
2460 4537 2638 4589 ἐκεῖσε
2670 4534 2943 4601 συνάγων,
2977 4530 3211 4593 πολλοὺς
3235 4531 3520 4583 ἐπεσπᾶτο
3548 4530 3737 4582 πίστει

2160 4633 2227 4702 τῇ
2257 4631 2335 4692 εἰς
2370 4627 2627 4699 Χριστόν.
2660 4627 3059 4696 Θυσιαστήριον
3086 4622 3270 4677 τοίνυν
3299 4621 3375 4693 τῷ
3405 4622 3560 4690 τόπῳ
3584 4621 3745 4690 ἐδρά-

2160 4737 2278 4784 σας,
2321 4722 2416 4771 καὶ
2444 4718 2537 4771 τὸν
2567 4716 2866 4770 ἀπόστολον
2899 4714 3113 4783 Στάχυν
3144 4714 3323 4767 ἐκεῖσε
3347 4713 3741 4784 χειροτονήσας

2158 4814 2479 4876 ἐπίσκοπον,
2515 4811 2594 4873 είς
2619 4808 2875 4877 Σινώπην
2910 4807 3161 4877 ἀπαίρει.
3198 4807 3294 4869 ⁸⁵ος
3321 4808 3387 4875 τῇ
3423 4803 3743 4875 λειτουργίᾳ

2160 4904 2256 4974 ἐτη
2288 4910 2362 4969 ις’
2398 4901 2768 4972 παραμείνας,
2803 4899 2902 4953 καὶ
2949 4898 3143 4968 ταφεὶς
3189 4900 3394 4963 ἐκεῖσε,
3444 4898 3742 4969 Ὀνήσιμον

2160 5000 2288 5069 ἔσχε
2338 4996 2621 5064 διάδοχον·
2668 4992 2726 5046 ὃν
2765 4994 3014 5062 τέσσαρα
3061 4990 3202 5061 πρὸς
3247 4992 3363 5053 τοῖς
3405 4989 3543 5043 δέκα
3592 4989 3743 5042 ἔτεσι

2160 5086 2515 5155 διαγεγονότα
2577 5082 2950 5151 Πολῦκαρπος
3004 5078 3302 5142 διεδέξατο.
3356 5075 3652 5131 Δεκαοκτὼ
3695 5076 3743 5129 δ’

2160 5183 2257 5252 ἔτη
2304 5183 2370 5251 τῇ
2421 5179 2669 5246 διακονία
2707 5175 2801 5229 καὶ
2845 5168 3002 5235 οὗτος
3048 5171 3359 5242 ἐμπρέψας,
3409 5169 3744 5241 Πλουτάρχῳ

2162 5262 2366 5340 ταύτης
2395 5269 2697 5334 ἐξίσταται.
2729 5269 2837 5320 Καὶ
2865 5265 3022 5328 οὗτος
3044 5263 3101 5317 δὲ
3128 5264 3227 5336 οὐχ
3250 5256 3420 5336 ἦττον
3447 5263 3479 5334 ἢ
3517 5267 3595 5326 ις’
3628 5261 3746 5315 δια-

2162 5360 2426 5432 γεγονὼς,
2450 5359 2739 5414 Σεδεκίωνι
2783 5357 2877 5411 τοῦ
2923 5357 3117 5427 θρόνου
3158 5356 3521 5424 παραχωρεῖ·
3549 5347 3612 5408 οὗ
3644 5369 3745 5423 με-

2162 5458 2231 5512 τὰ
2280 5456 2324 5509 θ’
2372 5456 2494 5518 ἔτος
2540 5453 2798 5521 Διογένης
2842 5448 3235 5503 πεντεκαίδεκα
3279 5447 3376 5516 ἐτη
3441 5447 3744 5516 ίερατεύει.

2165 5549 2303 5604 Μεθ’
2331 5548 2389 5602 δν
2430 5547 2798 5614 Ἐλευθέριος·
2833 5543 2889 5604 ὃς
2944 5540 2986 5606 ζ’
3017 5541 3109 5609 ἔτη
3163 5541 3508 5611 ἱερατεύσας,
3537 5538 3744 5609 Φήλικι

2165 5641 2407 5711 διάδοχον
2434 5640 2581 5710 ἔσχε.
2619 5638 2787 5691 Πέντε
2828 5635 2884 5689 δὲ
2921 5637 3016 5688 καὶ
3064 5628 3221 5697 οὗτος
3250 5634 3740 5701 διακονησάμενος,

2167 5734 2517 5804 Πολυκάρπῳ
2543 5729 2871 5799 μεταδίδωσι
2899 5727 2999 5793 τῆς
3033 5725 3395 5797 λειτουργίας.
3423 5722 3488 5778 Οἳ
3517 5723 3584 5794 δὴ
3606 5721 3745 5774 πάν-

2166 5844 2253 5891 τες
2281 5826 2369 5881 διλ
2402 5824 2499 5887 τὰς
2548 5821 2653 5875 τῶν
2701 5820 2943 5875 ἀπίστων
2978 5818 3221 5888 ἐφόδους,
3259 5816 3334 5889 τῷ
3365 5812 3745 5887 διειλημμένῳ
