4118 6460
379 368 443 430 31
1562 363 1981 426 NICEPHORI
2025 363 2109 423 CA
2125 362 2378 424 LLISTI
3571 353 3645 415 32

382 479 605 547 scripsit
659 495 672 530 :

382 570 715 629 Alexandro,
746 569 1050 623 Alexander
1097 570 1150 622 in
1199 568 1429 621 Domino
1464 568 1719 621 salutem.
1755 566 1956 618 l’ravo-

384 685 504 723 ru-n
540 668 846 730 hominum,
885 667 976 736 qui
1007 665 1322 720 dominandi
1366 665 1595 719 libidine
1621 673 1678 718 et
1713 664 1957 732 pecunitc

387 759 687 828 cupiditate
728 758 1023 822 ducuntur,
1054 757 1386 815 institutum.
1425 770 1641 824 semper
1687 770 1807 823 quin
1847 770 1952 807 am.

389 851 594 916 rbores
620 850 701 903 eis
735 862 855 902 esse
890 849 1168 910 videntur,
1211 847 1507 901 insidiatur
1538 846 1790 901 ecclesiis
1818 863 1831 899 :
1862 845 1959 915 qui

387 939 545 991 vario
578 953 708 991 sane
743 946 1004 1005 prmtextu
1039 938 1301 1005 pietatem
1344 934 1777 989 ecclesiasticam
1810 935 1965 988 ini-ao

390 1032 520 1084 dere
548 1031 741 1084 solent.
756 1029 1038 1098 Siquidem
1068 1040 1324 1098 tanquam
1351 1027 1588 1082 stimulis
1607 1025 1958 1095 quibusdam,

389 1122 461 1173 ab
506 1136 571 1174 eo
615 1119 706 1186 qui
756 1119 809 1171 iu
862 1119 973 1172 illis
1009 1116 1198 1171 efﬁcax
1240 1128 1345 1181 est,
1379 1116 1618 1173 diabolo.
1644 1115 1711 1169 ad
1758 1131 1963 1184 propo-

392 1214 552 1265 sitam
606 1211 706 1264 sibi
773 1211 1110 1278 voluptatem
1181 1209 1428 1273 incitati,
1493 1208 1757 1277 religione
1813 1206 1961 1261 omni

389 1302 656 1371 projerta,
687 1300 880 1370 judicii
915 1301 1007 1353 Dei
1062 1300 1315 1352 timorem
1362 1299 1701 1368 proculcaut.
1733 1298 1805 1352 De
1846 1297 1966 1365 qui-

394 1392 495 1444 bus
540 1392 840 1445 necessitas
885 1390 1016 1444 mihi
1073 1391 1323 1458 imposita
1375 1399 1490 1455 est,
1549 1391 1718 1444 multa
1770 1389 1839 1444 ab
1884 1392 1967 1444 eis

395 1497 580 1551 passo,
617 1491 678 1537 ut
725 1482 793 1535 ad
842 1482 1101 1550 pietatem
1136 1490 1374 1538 vestram
1425 1482 1684 1543 scribam.
1717 1491 1776 1537 ut
1818 1482 1967 1551 ejus-

392 1574 543 1627 modi
589 1574 839 1629 homines
875 1576 1133 1640 caveatis,
1177 1585 1234 1629 et
1285 1591 1353 1628 ne
1385 1574 1510 1644 quis
1558 1587 1750 1629 eorum
1801 1589 1860 1628 se
1909 1572 1964 1627 in

395 1666 666 1735 parmcias
688 1676 744 1719 et
773 1666 1040 1721 ecclesias
1075 1676 1285 1722 vestras
1325 1665 1712 1720 subinsiuuare
1742 1664 1964 1730 audeat,

396 1758 754 1827 provideatis.
788 1757 1046 1813 lnstructi
1072 1759 1217 1814 enim
1259 1769 1389 1813 sunt
1419 1775 1520 1828 per
1557 1758 1963 1813 simulationem

393 1859 455 1904 et
499 1849 1014 1913 dissimulationem,
1055 1850 1122 1904 ad
1167 1849 1416 1904 fraudem
1463 1858 1519 1906 et
1564 1850 1967 1915 seductionem,

398 1941 727 2010 impostures
754 1941 865 2005 isti,
896 1950 954 1995 ut
980 1941 1097 1995 sive
1131 1956 1228 2011 per
1254 1956 1311 1995 se
1349 1940 1517 2010 ipsos,
1546 1956 1642 1995 seu
1678 1957 1773 2011 per
1815 1941 1971 1996 litte-

398 2048 509 2096 ras,
568 2047 664 2100 per
716 2034 1139 2088 assentationem
1193 2041 1248 2086 et
1294 2033 1725 2088 venditatiouem
1778 2033 1969 2087 falsam

397 2131 517 2175 arte
551 2121 784 2190 quadam
816 2123 1164 2191 compositas,
1188 2132 1531 2178 transversos
1559 2132 1725 2193 agant
1753 2122 1972 2193 simpli.

396 2228 515 2267 cem
545 2224 712 2283 atque
745 2215 1014 2269 sinceram
1066 2214 1227 2269 ﬁdem
1278 2224 1659 2269 consectantes
1699 2215 1970 2269 homines.

395 2305 857 2374 Quandoquidem
914 2305 1080 2360 Arius
1138 2314 1194 2360 et
1257 2306 1523 2371 Achillas,
1591 2305 1973 2375 conjuratione

398 2407 576 2461 nuper
619 2393 785 2455 facta,
833 2394 1053 2448 Coluthi
1103 2394 1178 2463 (l)
1218 2393 1541 2448 dominandi
1591 2393 1972 2462 cupiditatem,

396 2484 563 2554 longe
592 2485 758 2539 etiam
784 2488 1029 2539 deterius
1057 2501 1221 2554 quam
1251 2487 1369 2554 ipse
1401 2486 1515 2549 ille,
1549 2494 1677 2539 sunt
1706 2485 1971 2539 aemulati.

399 2574 496 2629 Ille
539 2591 773 2644 namque
824 2577 1175 2631 accusatione
1218 2576 1483 2631 adversus
1537 2577 1638 2629 hos
1697 2577 1843 2644 ipsos
1891 2575 1976 2629 iu-

398 2668 613 2727 stituta,
649 2665 870 2736 maligni
908 2667 1128 2722 consilii
1186 2669 1273 2720 sui
1313 2666 1551 2734 aliquem
1602 2666 1809 2734 reperit
1838 2682 1976 2733 prte-

402 2766 634 2811 textum.
674 2758 770 2811 Isti
814 2774 962 2824 vero,
994 2761 1418 2814 aeruscationem
1447 2758 1595 2813 illius
1628 2760 1733 2815 sub
1769 2759 1973 2813 Christi

400 2850 624 2905 nomine
680 2860 991 2918 susceptam
1060 2851 1347 2922 videntes,
1412 2850 1673 2906 Ecclesiae
1740 2851 1976 2919 amplius

398 2940 635 3011 subjecti
671 2956 789 2995 esse
824 2958 934 2996 non
965 2943 1391 2996 sustinuerunt:
1418 2941 1511 2996 sed
1538 2942 1834 2998 exstructis
1871 2940 1975 2995 sibi

403 3033 540 3103 ipsis
564 3033 841 3087 latronum
888 3034 1184 3103 speluncis,
1220 3033 1513 3088 continuos
1544 3032 1620 3088 ibi
1652 3040 1977 3102 peragentes

734 495 752 529 ι
824 475 1301 532 Reverendissimo
1358 484 1411 529 ct
1473 475 1718 529 unanimi
1793 470 1948 526 fratri

2078 473 2463 542 ’Ᾱῖ·ἐξκνδρο;’
2522 489 2540 522 ι
2598 470 2690 540 Τῷ
2751 469 3064 538 τιμιωτὰτῳ
3110 464 3327 535 ἀδελφῷ
3376 464 3471 517 καὶ
3509 467 3643 533 ὁμο-

2058 567 2219 635 ψύχῳ
2265 564 2602 635 Ἀλεξάνδρῳ
2655 562 3002 632 Ἀλέξανδρος
3053 563 3109 613 ἐν
3165 559 3356 628 Κυρίῳ
3404 557 3638 627 χαίρειν.

2071 658 2136 709 ’11
2172 658 2435 726 φίλαρχος
2479 656 2588 708 τῶν
2634 654 2927 724 μοχθηρῶν
2977 651 3281 721 ἀνθρώπων
3327 668 3389 703 τε
3419 654 3514 704 καὶ
3553 666 3643 715 φι-

2060 748 2333 817 λάργυρος
2407 748 2687 817 πρόθεσις,
2739 747 2859 808 ταῖς
2914 744 3203 807 δοκούσαις
3265 744 3354 797 ἀεὶ
3425 741 3641 811 μείζοσι

2066 842 2385 911 παροικίαις
2455 841 2701 907 πέφυκεν
2759 837 3157 902 ἐπιϐουλεύειν,
3224 835 3313 888 διὰ
3388 833 3642 902 ποικίλης

2064 932 2391 1001 προφάσεως
2435 930 2545 983 τῶν
2585 928 2848 983 τοιούτων
2880 926 3282 996 ἐπιτιθεμένων
3328 926 3393 996 τῇ
3438 923 3642 990 ἐκκλη-

2068 1026 2321 1093 σιαστικῇ
2357 1022 2630 1093 εὐσεϐείᾳ.
2667 1019 3209 1091 Οίστρηλατούμενοι
3256 1018 3366 1087 γὰρ
3411 1016 3518 1070 ὐπὸ
3542 1013 3639 1067 τοῦ

2066 1116 2122 1169 ἐν
2161 1116 2346 1178 αὐτοῖς
2376 1113 2723 1183 ἐνεργοῦντος
2766 1113 3020 1167 διαϐόλου
3076 1114 3158 1172 εἰς
3204 1110 3305 1181 τὴν
3343 1107 3642 1178 προκειμὲο

2065 1222 2164 1268 νην
2216 1205 2402 1266 αὐτοῖς
2453 1202 2671 1272 ἡδονὴν,
2734 1202 2917 1269 πάσης
2967 1200 3257 1259 εὐλαϐείας
3303 1196 3643 1265 ἀποσκιρτή-

2068 1309 2283 1356 σαντες,
2310 1292 2543 1346 πατοῦσι
2594 1293 2686 1345 τὸν
2728 1292 2830 1362 τῆς
2867 1293 3104 1361 κρίσεως
3153 1288 3248 1343 τοῦ
3286 1287 3420 1341 Θεοῦ
3455 1286 3641 1356 φόϐον.

2069 1387 2203 1455 Περὶ
2241 1379 2316 1437 ὧν
2355 1388 2653 1451 ἀναγκαῖον
2706 1379 2775 1455 ἦν
2831 1401 2920 1453 μοι
2964 1383 3042 1453 τῷ
3089 1382 3358 1453 πάσχοντι
3405 1381 3646 1451 δηλῶσαι

2067 1481 2132 1545 τῇ
2170 1478 2409 1548 ὐμετέρξι
2457 1478 2733 1549 εὐλαϐείᾳ,
2768 1478 2855 1530 ἵνα
2891 1476 3238 1547 φυλάττησθε
3291 1475 3419 1537 τοὺς
3467 1473 3649 1527 τοιού-

2068 1586 2215 1637 τους,
2250 1573 2323 1639 μή
2384 1588 2466 1633 τις
2514 1570 2697 1624 αὐτῶν
2745 1570 2992 1641 τολμήσῃ
3036 1569 3129 1622 καὶ
3175 1572 3295 1631 ταῖς
3344 1567 3643 1635 ὑμετέραις

2071 1663 2383 1732 παροικίαις
2452 1662 2731 1733 ἐπιϐῆναι.
2800 1659 3000 1715 Ἱκανοὶ
3068 1659 3179 1727 γὰρ
3255 1654 3647 1726 ὑποκρίνεσθαι

2072 1756 2209 1824 πρὸς
2238 1755 2454 1823 ἀπάτην
2476 1756 2526 1807 οἱ
2554 1755 2748 1823 γόητες
2773 1754 2894 1824 ἦτοι
2924 1751 2992 1806 δι’
3020 1751 3258 1809 ἑαυτῶν,
3287 1748 3318 1817 ἦ
3349 1748 3436 1800 διὰ
3469 1765 3648 1815 γραμ-

2075 1848 2260 1919 μάτων
2301 1847 2513 1916 ψευδῶς
2568 1844 3060 1916 κεκομψευμένων,
3091 1842 3407 1903 δυναμένων
3466 1842 3647 1908 ἀφαρ-

2069 1940 2242 1994 πάσαι
2269 1939 2360 1992 τὸν
2390 1938 2534 2008 ἁπλῇ
2561 1938 2743 1991 πίστει
2787 1937 2882 1990 καὶ
2931 1935 3168 2007 ἀκεραίᾳ
3200 1932 3644 2003 προσεσχηκότα.

2074 2032 2291 2103 Ἄρειος
2344 2025 2437 2083 οῦν
2503 2029 2597 2084 καὶ
2675 2028 2944 2100 Ἀχιλλᾶς,
3010 2027 3356 2097 συνωμοσίαν
3415 2027 3647 2094 ἔναγχον

2075 2124 2460 2192 ποιησάμενοι,
2510 2122 2608 2191 τὴν
2637 2120 2914 2175 Κολούθου
2955 2120 3249 2191 φιλαρχίαν
3296 2120 3430 2174 πολὺ
3460 2122 3647 2189 χεῖρον

2070 2214 2103 2284 ἢ
2149 2217 2354 2277 ἐκεῖνος
2412 2214 2713 2285 ἐζήλωσαν.
2759 2214 2819 2267 ’0
2877 2214 2977 2283 μὲν
3037 2215 3148 2282 γὰρ
3196 2213 3381 2275 αὐτοῖς
3435 2213 3648 2275 τούτοις

2071 2307 2357 2375 ἐγκαλῶν,
2402 2307 2501 2375 τῆς
2552 2306 2749 2360 ἐαυτοῦ
2805 2305 3086 2376 μοχθηρᾶς
3147 2305 3459 2375 προθέσεως
3517 2296 3647 2374 εὗρε

2073 2401 2348 2471 πρόφασιν
2374 2418 2387 2432 ·
2416 2402 2469 2453 ot
2496 2400 2552 2453 δέ
2573 2400 2669 2470 τὴν
2693 2400 2902 2452 ἐκείνου
2938 2398 3275 2468 θεωροῦντες
3299 2400 3652 2467 Χριστεμπο-

2076 2494 2234 2563 ρίαν,
2294 2493 2479 2546 οὐκέτι
2531 2494 2631 2562 τῆς
2692 2492 3021 2561 Ἐκκλησῐας
3088 2492 3396 2562 ὑποχείριοι
3468 2491 3652 2559 μένειν

2072 2578 2453 2648 ἐκαρτέρησαν
2477 2594 2492 2609 ·
2526 2576 2642 2631 ἀλλ’
2686 2578 2901 2639 ἑαυτοῖς
2952 2576 3197 2646 σπήλαια
3250 2576 3463 2649 λῃστῶν
3508 2575 3655 2627 οἱκο-

2074 2672 2434 2741 δομὴσαντες,
2460 2670 2844 2731 ἀδιαλείπτους
2877 2670 2937 2722 ἐν
2958 2670 3143 2731 αὐτοῖς
3169 2667 3456 2729 ποιοῦντες
3488 2665 3650 2719 συνόο

2074 2762 2220 2823 δους,
2248 2760 2463 2832 νύκτωρ
2494 2778 2555 2813 τε
2599 2760 2695 2815 καὶ
2730 2759 3052 2829 μεθημέραν
3084 2761 3140 2812 ἐν
3171 2761 3290 2821 ταῖς
3332 2758 3474 2811 κατὰ
3517 2757 3657 2825 Χρι-

2079 2852 2205 2906 στοῦ
2236 2853 2330 2906 καὶ
2359 2853 2516 2923 ἡμῶν
2546 2852 2824 2915 διαϐολαῖς
2869 2851 3222 2919 ἀσκούμενοι,
3253 2851 3304 2904 οῖ
3343 2851 3522 2918 πάσης
3551 2850 3654 2918 τῆς

2078 2944 2337 3009 εὐσεϐοῦς
2380 2942 2748 3015 ἀποστολικῆς
2791 2944 2951 3014 δόξης
3008 2940 3464 3012 κατηγοροῦντες,
3519 2940 3654 2993 Ἰου-

2078 3037 2249 3107 δαῖκῷ
2283 3038 2634 3107 προσχήματι
2679 3036 3067 3106 Χριστομάχον
3114 3035 3523 3104 συνεκρότησαν
3562 3033 3658 3101 ἐρ·-

401 3132 727 3191 conventus,
756 3125 849 3179 diu
890 3134 1167 3194 noctuque
1191 3139 1250 3179 se
1283 3126 1337 3179 in
1368 3125 1660 3180 calumniis
1684 3125 1975 3180 adversum

2080 3130 2401 3200 γαστήριον,
2446 3128 2542 3200 τὴν
2571 3128 2802 3199 θεότητα
2842 3127 2937 3180 τοῦ
2982 3125 3236 3196 Σωτῆρος
3267 3126 3425 3195 ἡμῶν
3455 3122 3655 3193 ἀρνού-

401 3214 683 3271 Christum
732 3225 789 3271 et
829 3232 930 3272 nos
978 3217 1321 3284 excogitatis,
1355 3218 1673 3272 meditando
1698 3227 1976 3283 exercent,

402 3314 572 3375 atque
610 3321 802 3360 omnes
844 3308 963 3376 pias
988 3317 1047 3363 et
1082 3309 1412 3375 apostolicas
1455 3310 1763 3364 sententias
1792 3325 1980 3378 repre-

409 3397 734 3461 hendentes,
785 3397 943 3469 543
987 3399 1217 3455 Judaico
1274 3416 1499 3469 prorsus
1553 3416 1728 3465 more,
1774 3400 1978 3456 Christi

408 3490 838 3558 persecutricem
913 3493 1206 3546 instituunt
1272 3492 1582 3559 oﬂicinam,
1634 3494 1981 3548 divinitatem

410 3582 715 3637 Salvatoris
764 3584 937 3637 nostri
998 3597 1383 3654 pernegantes.
1433 3587 1805 3655 omnibusque
1853 3601 1978 3641 eum

409 3688 600 3743 parem
654 3688 776 3730 esse
833 3674 1115 3740 docentes,
1176 3686 1232 3731 et
1290 3692 1454 3732 voces
1507 3678 1805 3732 salutifera:
1858 3678 1983 3748 ejus

407 3766 734 3822 oeconomiae
785 3775 840 3821 et
894 3766 1393 3823 administrationis
1452 3779 1751 3839 nostraque
1817 3785 1980 3825 causa

412 3859 739 3929 abjectionis
786 3859 1131 3929 colligentes.
1187 3875 1485 3930 congerere
1534 3878 1603 3916 ex
1634 3862 1745 3917 illis
1789 3864 1984 3933 impie-

414 3951 544 4006 tatis
578 3966 689 4006 sure
717 3953 915 4023 dogma
946 3954 1314 4020 contendunt,
1349 3956 1629 4025 verbaque
1676 3956 1985 4012 divinitatis

413 4044 575 4097 initio
624 4046 863 4099 carentis
890 4054 947 4100 et
979 4045 1278 4102 inetl‘abilis
1332 4046 1478 4117 apud
1532 4048 1749 4102 Patrem
1796 4048 1985 4117 gloriae

412 4137 536 4205 ejus
564 4148 909 4192 arersantur.
945 4138 1290 4209 QuaprOpter
1323 4140 1545 4208 impiam
1578 4138 1894 4194 Graecorum
1927 4148 1985 4194 et

411 4230 730 4286 Judaeorum
780 4231 848 4286 de
900 4231 1121 4287 Christo
1171 4232 1489 4301 opinionem
1539 4233 1982 4298 corroborantes,

415 4323 633 4377 laudem
658 4323 725 4378 ab
755 4324 883 4387 illis,
920 4339 1085 4394 quam
1131 4323 1368 4379 maxime
1397 4332 1645 4393 possunt,
1671 4333 1942 4378 venantur
1968 4339 1981 4374 :

415 4416 599 4471 omnia
640 4432 702 4471 ea
735 4419 937 4487 quibus
963 4418 1071 4471 illis
1096 4417 1339 4471 ludibrio
1370 4432 1579 4481 sumus,
1617 4418 1987 4472 subornantes

418 4520 584 4578 atque
627 4521 1003 4579 procurantes,
1034 4510 1443 4578 seditionesque
1487 4520 1543 4564 et
1570 4510 1987 4580 persecutiones

417 4602 665 4670 quotidie
727 4612 916 4657 contra
964 4620 1061 4657 nos
1125 4603 1474 4658 excitantes:
1511 4614 1563 4659 et
1602 4620 1723 4658 cum
1778 4604 1988 4673 judicia

419 4708 451 4745 a
493 4709 683 4747 versus
725 4710 858 4758 nos,
919 4694 1213 4763 impudicis
1267 4694 1641 4759 mulierculis,
1698 4711 1831 4766 quas
1883 4696 1986 4765 ipsi

421 4785 612 4839 dolose
654 4788 1012 4848 seduxerunt,
1059 4786 1556 4842 intervenientibus
1595 4790 1986 4853 instituo-ntcs,

420 4886 535 4931 tum
576 4876 1051 4932 Christianisu'ium
1099 4878 1163 4930 ad
1205 4878 1658 4934 obtrectationem
1691 4880 1987 4934 traducen-

422 4979 606 5035 tes,ex
636 4985 708 5024 eo
738 4970 885 5040 quod
917 4962 1148 5038 turpiter
1180 4986 1275 5040 per
1299 4972 1499 5041 plateas
1530 4982 1587 5027 et
1614 4973 1765 5026 vicos
1795 4987 1990 5026 omnes

416 5061 720 5131 juvencula:
764 5078 956 5116 eorum
1013 5062 1343 5118 discurrunt.
1402 5062 1540 5129 Quin
1595 5064 1759 5118 etiam
1820 5064 1990 5118 indis-

419 5155 711 5209 solubilem
739 5155 941 5209 Christi
978 5157 1235 5222 tunicam,
1256 5174 1416 5227 quam
1446 5173 1512 5211 ne
1543 5158 1830 5214 carniﬁces
1868 5160 1993 5228 qni-

424 5250 549 5302 dem
601 5248 676 5302 illi
726 5248 973 5302 dividere
1047 5250 1357 5314 voluerunt,
1406 5249 1657 5303 scindere
1718 5251 1821 5319 ipsi
1870 5254 1987 5304 ausi

423 5350 574 5395 sunt.
632 5339 816 5410 Itaque
868 5356 968 5395 nos
1015 5356 1079 5397 ea
1124 5358 1244 5412 qua:
1305 5343 1553 5396 moribus
1613 5344 1990 5414 improhisque

419 5432 711 5486 conatibus
755 5434 971 5486 illorum
1022 5444 1363 5503 congruunt,
1416 5436 1541 5491 licet
1587 5450 1712 5490 sero
1768 5447 1991 5504 propter

421 5528 505 5580 rei
540 5526 957 5596 ignorationem,
1007 5528 1332 5583 adhibentes
1389 5528 1650 5593 remedia,
1681 5529 1990 5582 communi-

2087 3239 2258 3292 μενοι,
2288 3223 2386 3276 καὶ
2412 3227 2526 3285 τοῖς
2558 3224 2725 3276 πᾶσιν
2772 3221 2888 3273 ῖσον
2915 3215 3055 3273 εἶναι
3096 3217 3503 3287 κηρύσσοντες·
3546 3217 3658 3269 πᾶ-

2086 3317 2186 3371 σάν
2209 3333 2269 3369 τε
2301 3315 2467 3369 αὐτοῦ
2501 3316 2601 3384 τῆς
2631 3314 2899 3384 σωτηρίου
2933 3311 3251 3380 οἰκονομίας
3282 3310 3373 3364 καὶ
3407 3307 3478 3363 δι’
3502 3309 3653 3377 ἡμᾶς

2082 3407 2468 3468 ταπεινώσεως
2520 3407 2704 3477 φωνὴν
2750 3406 3121 3475 ἐκλεξάμενοι.
3157 3406 3217 3470 ἐξ
3262 3404 3444 3458 αὐτῶν
3493 3420 3657 3458 συνα-

2083 3499 2294 3567 γείρειν
2322 3500 2619 3569 πειρῶνται
2644 3499 2743 3569 τῆς
2764 3498 3019 3559 ἀσεϐείας
3046 3498 3227 3552 αὐτῶν
3271 3500 3334 3552 τὸ
3367 3500 3652 3569 κήρυγμα,

2084 3591 2182 3660 τῆς
2230 3589 2471 3661 ἀρχῆθεν
2517 3588 2775 3658 θεότητος
2827 3588 2994 3642 αὐτοῦ
3042 3589 3138 3643 καὶ
3186 3589 3334 3658 παρὰ
3363 3588 3439 3658 τῷ
3479 3589 3656 3659 Πατρὶ

2084 3684 2244 3754 δόξης
2292 3684 2522 3739 ἀλέκτου
2571 3684 2696 3745 τοὺς
2736 3682 2933 3751 λόγους
2987 3683 3482 3752 ἀποστρεφόμενοι.
3541 3682 3655 3753 Τὴν

2086 3776 2220 3845 γοῦν
2276 3776 2545 3847 Ἑλλήνων
2598 3777 2693 3829 καὶ
2753 3775 3022 3829 Ἰουδαίων
3076 3776 3246 3843 ἀσεϐῆ
3302 3774 3463 3840 δόξαν
3522 3775 3650 3843 περὶ

2087 3871 2325 3942 Χριστοῦ
2374 3869 2756 3941 κρατύνοντες,
2783 3869 2875 3922 τὸν
2912 3869 3050 3938 παρ’
3092 3870 3280 3932 αὐτοῖς
3315 3868 3537 3922 ἔπαινον
3580 3868 3656 3929 ὡς

2088 3964 2167 4018 ἐνι
2198 3963 2433 4033 μάλιστα
2463 3961 2759 4032 θηρῶνται,
2803 3961 2983 4015 πάντα
3038 3960 3138 4031 μὲν
3174 3960 3279 4014 ὅσα
3326 3957 3447 4013 καθ’
3495 3957 3656 4027 ἡμῶν

2089 4054 2220 4122 παρ’
2262 4053 2448 4116 αὐτοῖς
2479 4053 2707 4120 γελᾶται
2742 4051 3285 4123 πραγματευόμενοι,
3334 4049 3556 4111 στάσεις
3597 4047 3657 4101 δὲ

2088 4149 2218 4216 ἡμῖν
2263 4145 2385 4199 καθ’
2432 4146 2646 4216 ἡμέραν
2683 4146 2778 4199 καὶ
2809 4144 3082 4214 διωγμοὺς
3129 4143 3533 4212 ἐπεγείροντες’
3561 4143 3658 4193 καὶ
3710 4170 3717 4175 -

2088 4239 2246 4292 τοῦτο
2297 4238 2418 4306 μὲν,
2451 4236 2776 4308 δικαστήρια
2807 4235 3242 4305 συγκροτοῦντες
3292 4232 3362 4288 δι’
3400 4232 3658 4303 ἐντυχίας

2089 4330 2460 4400 γυναικαρίων
2508 4329 2761 4383 ἀτάκτων
2803 4328 2841 4383 ἀ
2892 4328 3205 4399 ἠπάτησαν,
3253 4324 3410 4378 τοῦτο
3449 4324 3529 4388 δέ,
3568 4324 3659 4376 τὸν

2088 4420 2516 4490 Χριστιανισμὸν
2563 4420 2931 4491 διασύροντες,
2981 4420 3047 4473 ἐκ
3089 4417 3184 4472 τοῦ
3240 4415 3659 4488 περιτροχάζειν

2023 4493 2063 4547 D
2091 4517 2270 4568 πᾶσαν
2306 4513 2505 4582 ἀγυιὰν
2542 4513 2797 4582 ἀσέμνως
2841 4511 2942 4574 τάς
2988 4510 3121 4580 παρ’
3171 4509 3355 4571 αὐτοῖς
3399 4523 3662 4577 νεωτερο-

2090 4608 2293 4671 ποιίας.
2342 4606 2505 4659 Ἀλλά
2553 4605 2648 4659 καὶ
2705 4605 2796 4657 τὸν
2830 4606 3108 4675 ἀῤῥηκτον
3144 4601 3238 4656 τοῦ
3281 4601 3522 4673 Χριστοῦ
3569 4617 3661 4672 χι-

2089 4701 2257 4768 τῶνα,
2289 4700 2348 4753 ὃν
2377 4700 2426 4753 oi
2452 4700 2636 4770 δήμιοι
2685 4697 2883 4751 διελεῖν
2912 4698 3013 4749 οὐκ
3049 4696 3467 4759 ἐϐουλεύσαντο,
3503 4693 3662 4748 αὐτοὶ

2093 4791 2272 4861 σχίσαι
2303 4790 2633 4859 ἐτόλμησαν.
2672 4788 2865 4857 Ἡμεῖς
2918 4787 3018 4857 μὲν
3068 4786 3161 4841 οῦν
3209 4787 3245 4841 ἃ
3294 4786 3388 4840 καὶ
3442 4784 3520 4855 τῷ
3561 4782 3662 4853 βίῳ

2095 4883 2274 4937 αὐτῶν
2302 4884 2394 4935 καὶ
2422 4884 2488 4951 τῇ
2522 4879 2725 4950 ἀνοσίῳ
2750 4880 3121 4951 ἀπιχειρήσει,
3143 4879 3232 4933 διά
3259 4878 3320 4931 τὸ
3346 4875 3656 4937 λανθάνειν,

2099 4976 2345 5045 βραχέως
2376 4974 2791 5043 ἐπιστήσαντες,
2831 4973 3124 5043 παμψηφεὶ
3168 4973 3268 5042 τῆς
3318 4966 3662 5040 προσκυνού-

2098 5083 2196 5135 σης
2228 5065 2467 5137 Χριστοῦ
2498 5066 2597 5136 τὴν
2643 5064 2874 5136 θεότητα
2922 5064 3245 5133 Ἐκκλησίας
3274 5062 3621 5134 ἐξηλάσαμεν
3641 5074 3659 5092 ο

2097 5159 2466 5229 ἐπεχείρησαν
2496 5158 2551 5211 δὲ
2589 5159 2949 5229 περιδρομαῖς
2982 5160 3256 5227 χρώμενοι
3308 5154 3433 5210 καθ’
3476 5153 3658 5223 ἡμῶν,

2098 5251 2488 5321 παρεκϐαίνειν
2538 5251 2675 5321 πρὸς
2725 5251 2851 5312 τοὺς
2896 5252 3204 5320 ὁμόφρονας
3249 5247 3406 5319 ἡμῶν
3452 5247 3663 5301 συλλει-

2096 5341 2380 5412 τουργοὺς,
2408 5343 2650 5413 σχήματι
2684 5341 2782 5410 μὲν
2811 5342 3036 5413 εἰρήνης
3066 5343 3162 5396 καὶ
3189 5340 3472 5407 ἀξιώσεως
3497 5339 3664 5405 ἀξίω·-

2099 5453 2183 5488 σιν
2217 5433 2660 5504 ὑποκρινόμενοι,
2687 5435 2749 5487 τὸ
2773 5435 2818 5487 δ’
2848 5435 3067 5506 ἀληθὲς,
3101 5435 3471 5505 συναρπάσαι.
3496 5433 3664 5496 Τινάς

2098 5527 2278 5581 αὐτῶν
2313 5529 2394 5588 εἰς
2439 5527 2538 5595 τὴν
2587 5527 2725 5581 ίδίαν
2776 5527 2928 5581 νόσον
2970 5528 3059 5581 διά
3119 5529 3220 5599 τὴν
3268 5528 3665 5599 χρηστολογίαν

492 5709 569 5782 (1)
601 5727 620 5761 ι
647 5712 712 5766 Ει
741 5712 1007 5768 Coluthus
1031 5714 1273 5780 qumdam
1305 5731 1558 5779 perversa
1587 5714 1835 5777 docebat,
1877 5715 1970 5771 sed
2014 5730 2119 5769 non
2155 5714 2367 5769 duravit
2437 5712 2557 5781 ejus
2626 5713 2853 5769 haeresis
2879 5728 3047 5768 :Aiam
3087 5713 3271 5769 statim
3308 5710 3601 5782 disparuit.
3632 5726 3656 5773 ι

417 5779 685 5851 Epiphan.
720 5794 901 5836 contra
940 5779 1315 5840 Ariumauitas.
