4118 6468
456 411 524 476 33
1334 404 1952 475 ECClESIASTlCdﬁ
1992 413 2383 474 IIlSTOBUE
2427 414 2573 474 LIB.
2618 416 2782 477 Vill.
3638 418 3708 482 34

456 525 871 595 σπουδάζοντες,
929 528 1023 583 καὶ
1076 527 1480 599 στωμυλώτερα
1535 530 1843 601 γράμματα
1891 531 2019 601 παρ’
2050 532 2082 590 Α

2077 534 2096 590 ι
2128 531 2228 584 bus
2262 531 2538 602 suﬁ‘ragiis
2572 535 2800 595 nostris,
2834 532 2957 588 illos
2998 533 3065 588 ab
3109 549 3173 587 ea
3210 549 3330 603 qua:
3361 533 3703 592 divinitatem

454 619 633 672 αὐτῶν
662 621 960 686 αἰτοῦντες,
994 620 1080 677 ἵνα
1102 621 1699 691 παραναγινώσκοντες
1731 623 1874 677 αὑτά
1902 625 2013 687 τοῖς

2122 622 2325 677 Christi
2362 623 2556 679 adorat
2605 625 2848 680 Ecclesia
2901 627 3348 695 proscripsintus,
3395 626 3703 682 Consilium

453 712 545 764 ὑπ’
604 712 779 767 αὐτῶν
842 715 1252 785 ἠπατημένοις,
1312 716 1723 787 ἀμετανοήτους
1775 717 1863 786 ἐφ’
1931 712 2014 779 οἷς

2123 728 2344 783 quoque
2385 725 2670 784 ceperunt,
2722 726 2778 770 ut
2822 732 2922 771 nos
2969 718 3350 771 fraudulenter
3394 720 3707 773 circumve-

451 802 763 872 ἐσφάλησαν
830 806 1349 873 κατασκιυάζωσιν,
1417 808 1872 879 ὲπιτριϐομένους
1933 810 2015 872 είς

2123 805 2301 868 niaut,
2359 805 2427 859 ad
2495 806 2907 861 consentientes
2973 806 3132 861 nobis
3210 809 3447 877 collegas
3515 810 3704 864 furtim

453 894 734 961 ἀσέὸειαν,
785 897 861 960 ὡς
909 898 1238 971 συμψήφους
1292 902 1478 964 αὐτοῖς
1547 902 1642 953 καὶ
1702 902 2015 972 ὁμόφρονας

2124 900 2382 961 transire,
2413 896 2516 951 sub
2549 899 2775 952 obtentu
2828 900 2980 968 pacis
3031 911 3195 970 atque
3231 902 3473 966 unionis,
3512 904 3707 971 depre-

447 987 661 1056 ῐχοντες
684 989 1041 1050 ἐπισκόπους.
1075 992 1186 1061 Οὐχ
1231 992 1375 1061 ἅπερ
1408 993 1543 1061 γοῦν
1591 996 1845 1063 πονηρῶς
1880 995 2014 1064 παρ’

2124 991 2396 1044 cationem
2447 990 2672 1059 quidem
2721 1007 2833 1059 pra:
2885 1008 2944 1046 se
2996 992 3256 1055 ferentes,
3295 1011 3352 1049 rc
3400 995 3516 1065 ipsa
3574 1012 3706 1050 vero

448 1079 579 1143 ἡμῖν
606 1077 851 1142 ἐδίδαξαν
883 1082 977 1133 καὶ
1023 1081 1414 1152 διεπράξαντο,
1444 1084 1804 1153 ὁμολογοῦσιν
1835 1086 2012 1149 αὐτοὶ,

2122 1082 2338 1153 aliquos
2382 1099 2448 1137 ex
2484 1083 2593 1136 illis
2639 1084 2692 1137 in
2740 1087 3122 1155 contagionem
3162 1089 3336 1142 morbi
3371 1088 3455 1143 sui
3491 1100 3706 1158 pertra-

448 1166 516 1220 δι’
539 1167 575 1222 ἀ
609 1169 699 1222 καὶ
752 1171 1065 1242 ἐξώσθησαν
1088 1190 1103 1205 δ
1144 1174 1260 1227 ἀλλ’
1291 1175 1323 1245 ἦ
1360 1180 1542 1247 σιωπῇ
1572 1178 1744 1230 ταῦτα
1781 1179 2012 1248 παραδισ

2124 1174 2253 1227 here
2299 1189 2397 1243 per
2438 1174 2963 1244 blandiloquentiam
3018 1187 3351 1246 satagi-ntes,
3397 1189 3453 1233 et
3503 1191 3562 1232 ut
3606 1195 3703 1234 ca-

450 1261 650 1327 δόασιν,
682 1264 715 1336 ἦ
746 1265 1152 1336 πεπλασμένοις
1191 1269 1368 1335 λόγοις
1418 1269 1512 1322 καὶ
1555 1272 1856 1339 ἐγγράφοις
1891 1273 2016 1323 ἐπι-

2125 1268 2319 1335 ptiosis
2349 1268 2665 1336 argutisque
2697 1267 2766 1320 ab
2794 1268 2874 1321 eis
2910 1269 3151 1336 acceptis
3184 1271 3403 1333 litteris,
3435 1269 3701 1336 habeant,

452 1353 786 1419 σκιάζοντες,
827 1358 1102 1412 ἀπατῶσι.
1141 1360 1554 1430 Πιθανωτέραις
1586 1361 1716 1430 γοῦν
1768 1364 1863 1416 καὶ
1910 1363 2015 1432 βω-

2122 1373 2260 1427 quas
2288 1373 2318 1411 a
2355 1373 2413 1412 se
2459 1356 2513 1410 in
2559 1358 2807 1413 fraudem
2841 1360 3093 1415 abductis
3148 1376 3436 1429 perperam
3470 1362 3652 1431 legant
3685 1381 3701 1417 :

454 1445 758 1516 μολοχικαῖς
781 1450 1021 1517 ὁμιλίαις
1047 1453 1146 1522 τὴν
1175 1453 1504 1524 φθοροποιὸν
1542 1455 1724 1508 αὐτῶν
1757 1455 2014 1508 διδασκαα-

2121 1464 2328 1519 eosque
2366 1449 2634 1519 impietati
2662 1451 2773 1520 jam
2815 1452 3174 1519 assuefactus,
3214 1468 3442 1520 prorsus
3466 1470 3495 1507 a
3522 1454 3724 1522 pmni-,

451 1542 569 1594 λίαν
599 1544 1053 1615 ὲπικρύπτοντες,
1099 1550 1509 1618 συναρπάζουσι
1544 1549 1637 1601 τὸν
1676 1550 1752 1611 είς
1791 1550 2015 1618 ἀπάτην

2123 1543 2291 1596 tentia
2329 1547 2387 1595 et
2428 1540 2553 1612 fuga
2602 1558 2877 1612 errorum,
2907 1546 3108 1615 quibus
3155 1554 3284 1600 sunt
3334 1546 3573 1610 seducti,
3607 1548 3703 1600 ab-

451 1636 790 1706 ὲκκείμενον,
838 1640 937 1692 οὐκ
988 1625 1320 1711 ἀπεχόμενοι
1373 1643 1466 1694 καὶ
1517 1640 1612 1693 τοῦ
1670 1641 1822 1712 παρά
1879 1642 2014 1694 πᾶσι

2122 1635 2394 1697 strahant,
2431 1634 2659 1700 perinde
2708 1645 2874 1700 atque
2921 1638 3286 1707 suﬁ‘mgantes
3315 1638 3423 1692 sibi
3463 1647 3519 1693 et
3569 1654 3704 1694 con-

453 1734 806 1797 συκοφαντεῖν
852 1732 947 1804 τὴν
998 1734 1274 1805 ἡμετέραν
1335 1736 1639 1789 ε’ἒσέὸειαν.
1695 1734 1860 1789 Ὅθεν
1917 1734 2015 1788 καλ⁸

2123 1727 2429 1783 sentientes
2460 1728 2731 1783 haberent
2765 1730 3076 1799 episcopos.
3106 1730 3227 1785 Non
3272 1730 3346 1784 illi
3386 1746 3541 1797 sane,
3579 1745 3700 1801 quae

453 1818 738 1887 συμόαίνει
784 1822 898 1883 τοῖς
944 1822 1270 1893 γράμμασιν
1327 1823 1510 1875 αὐτῶν
1556 1840 1711 1886 τινας
1771 1823 2016 1891 ὑπογρά-

2124 1823 2267 1892 apud
2294 1837 2394 1876 nos
2429 1822 2568 1876 male
2595 1831 2651 1876 ct
2688 1822 2996 1876 docuerunt
3037 1832 3091 1876 ct
3121 1830 3356 1892 egerunt
3405 1824 3589 1892 (quam
3628 1822 3698 1877 ob

451 1926 669 1977 φοντας,
695 1911 774 1972 εἰς
809 1908 1102 1979 ἐκκλησίαν
1132 1911 1492 1980 εἰσδέχεσθαι,
1530 1912 1797 1983 μεγίστης
1840 1912 2018 1965 διαὸο-
2050 1901 2077 1953 Ε

2070 1902 2235 1967 3mm
2284 1915 2447 1968 etiam
2497 1914 2955 1969 excommunicati
3003 1918 3175 1984 sunt),
3211 1914 3566 1978 conﬁtentur,
3599 1913 3696 1969 sed

449 2000 546 2065 λῆς
602 2003 990 2075 ὑποκειμένης,
1034 2006 1107 2068 ὡς
1160 2001 1336 2075 οἶμαι,
1377 2007 1492 2069 τοῖς
1550 2006 1711 2059 τοῦτο
1768 2005 2012 2074 τολμῶσι

2121 2023 2216 2061 aut
2263 2007 2485 2061 silentio
2522 2024 2586 2063 ea
2639 2002 3018 2072 committunt,
3061 2019 3155 2061 aut.
3214 2007 3468 2062 conﬁctis
3529 2016 3699 2076 atque

450 2093 902 2164 συλλειτουργοῖς,
931 2095 1009 2166 τῷ
1061 2098 1200 2168 μήτε
1247 2096 1340 2149 τὸν
1391 2097 1751 2150 ἀποστολικδν
1806 2099 2012 2151 κανόνα

2120 2101 2441 2169 compositis
2475 2101 2657 2154 verbis
2700 2111 2756 2156 et
2788 2102 3010 2170 scriptis
3050 2101 3452 2156 adumbrautes
3481 2111 3697 2173 tegunt,

448 2188 602 2240 τοῦτο
627 2190 948 2260 συγχωρεῖν,
983 2182 1240 2244 ἀλλὰ’καὶ
1270 2189 1598 2243 ὑπεκκαίειν
1639 2188 1739 2261 τὴν
1785 2190 1872 2244 ἐπ’
1918 2192 2015 2244 αὑ·-

2115 2191 2481 2263 bominesque
2537 2193 2848 2262 decipiunt,
2899 2206 3066 2264 atque
3119 2194 3186 2248 ad
3247 2196 3697 2263 persuadendum

449 2280 558 2342 τοῖς
607 2279 923 2352 διαὸολικὴν
970 2282 1110 2335 κατά
1155 2282 1395 2351 Χριστοῦ
1437 2282 1738 2351 ἐνέργειαν.
1778 2284 1857 2335 Δι’
1883 2283 1919 2334 ἃ.
1950 2281 2014 2354 δὴ

2113 2283 2448 2352 comparatis
2509 2285 2899 2356 insidiosisque
2952 2288 3303 2344 sermonibus
3373 2289 3697 2358 pestiferam

448 2370 543 2425 καὶ⁵
588 2371 738 2424 οὐδὲν
777 2373 1072 2442 μελλήσας,
1104 2373 1402 2444 ἀγαπητοὶ,
1454 2374 1696 2442 δηλῶσαι
1750 2375 1879 2443 ὑμῖν
1916 2373 2014 2442 τὴν

2112 2390 2267 2429 suam
2307 2376 2649 2431 occultantes
2699 2377 3035 2445 doctrinam,
3067 2379 3382 2435 seductioni
3417 2390 3473 2436 et
3519 2380 3700 2438 fraudi

447 2465 553 2517 τῶν
579 2465 835 2519 τοιούτων
862 2467 1119 2521 ἀπιστίαν
1158 2468 1396 2538 ἐμαυτὸν
1433 2467 1785 2534 διανέστησα.
1823 2488 1845 2518 ρ

2112 2466 2393 2537 expositos
2424 2468 2729 2538 abripiunt.
2763 2467 2926 2542 544,
2966 2471 3074 2525 Sed
3110 2479 3163 2526 et
3189 2473 3450 2542 pietatem
3483 2456 3722 2544 quoque

449 2573 709 2625 nostram,
736 2566 936 2634 passim
971 2566 1115 2636 apud
1140 2582 1333 2622 omnes
1372 2566 1758 2638 sycophantice
1782 2580 2011 2634 carpere
2050 2580 2163 2620 non
2229 2566 2517 2621 omittunt.
2547 2566 2895 2637 Quapropter
2941 2568 3074 2623 illud
3122 2571 3328 2634 evenit,
3362 2585 3488 2624 cum
3557 2587 3705 2627 non-

448 2658 585 2713 nulli
610 2660 810 2716 litteris
860 2677 1050 2718 eorum
1096 2664 1472 2729 subscribam,
1509 2672 1568 2717 ut
1618 2664 1683 2717 in-
1709 2662 2006 2717 Ecclesiam
2047 2661 2128 2716 illi
2199 2662 2582 2732 recipiantur:
2611 2673 2667 2718 et
2706 2665 2949 2736 collegae.
2983 2665 3078 2735 qui
3128 2667 3180 2720 id
3247 2669 3573 2736 permittere
3606 2686 3707 2723 au-

449 2753 597 2821 dent,
642 2764 703 2811 ut
736 2756 989 2827 equidem
1037 2765 1190 2827 puto,
1236 2758 1390 2830 gravi
1443 2757 1732 2813 calumniae
1779 2754 2012 2812 crimine
2052 2770 2163 2810 non
2218 2765 2491 2810 careant:
2557 2758 2652 2826 qui
2698 2758 2913 2813 scilicet
2959 2774 3071 2813 non
3125 2760 3305 2815 solum
3393 2762 3443 2814 id
3469 2760 3703 2826 faciunt,
3774 2768 3785 2779 ί

448 2849 593 2918 quod
624 2851 960 2918 apostolicus
993 2866 1167 2906 canon
1237 2850 1319 2906 eis
1363 2867 1474 2906 non
1526 2849 1824 2921 permittit.
1888 2863 2082 2902 verum
2122 2848 2288 2903 etiam
2339 2849 2698 2914 diabolicam,
2733 2868 2852 2922 qua:
2902 2853 2958 2907 in
3005 2853 3111 2908 illis
3164 2864 3268 2918 est,
3303 2865 3497 2910 contra
3543 2857 3706 2911 (Lhri-

447 2955 587 3002 stum
642 2947 936 3004 eﬁicaciam
977 2947 1325 3004 succendunt
1374 2956 1431 3002 et
1482 2957 1702 3018 augent.
1755 2946 1888 3000 Eam
1938 2945 2009 2999 ob
2041 2960 2267 2999 causam
2332 2946 2473 3002 nihil
2508 2956 2824 3014 cunctatus,
2895 2949 3103 3014 dilecti,
3140 2951 3411 3019 mcipsutn
3442 2951 3705 3021 excitavi,

448 3054 506 3099 ut
544 3044 732 3101 talium
780 3044 1065 3100 hominum
1103 3044 1265 3100 vobis
1312 3043 1663 3099 ostenderem
1721 3040 2137 3096 inﬁdelitatem.
2180 3058 2200 3092 ›

517 3139 747 3192 Ἔπειτα
788 3139 929 3192 κατά
958 3138 1123 3209 μέρος
1154 3137 1251 3201 τὰς
1280 3136 1507 3191 ἐκείνων
1537 3135 1884 3206 βλασφημίας
1922 3135 2015 3185 ὲκον
2041 3138 2086 3193 c

2074 3139 2086 3192 ἱ
2194 3133 2403 3190 Deinde
2438 3134 2809 3205 blasphemias
2841 3137 3060 3191 illormn
3103 3137 3420 3209 singillatim
3450 3144 3700 3212 exponit,

446 3233 653 3303 τίθησι,
690 3234 784 3285 καὶ
838 3231 1159 3286 ἀνθίσταται
1195 3232 1423 3295 ταύταις
1477 3231 1548 3285 τὰ
1599 3232 1669 3285 ὲκ
1706 3230 1817 3283 τῶν
1849 3227 2011 3280 θείων

2115 3227 2308 3295 eisque
2346 3228 2569 3296 c0piose
2621 3246 2686 3283 ex
2736 3229 2937 3286 divinis
2986 3231 3289 3301 Scripturis
3339 3236 3704 3296 refutationes

444 3328 524 3389 είς
559 3327 758 3388 πλάτος
780 3324 1045 3393 παράγων
1073 3324 1328 3394 Γραφῶν,
1359 3323 1680 3393 ἀπελέγχων
1705 3323 1885 3374 αὐτῶν
1910 3321 2011 3389 τὴν

2116 3316 2342 3387 objicit,
2381 3318 2723 3387 impietatem
2767 3321 3014 3388 ipsorum
3064 3323 3406 3394 redarguens
3436 3347 3450 3381 :
3480 3339 3534 3383 et
3582 3330 3704 3386 lou-

444 3417 764 3472 δυσσέϐειαν
788 3432 802 3448 ·
841 3415 936 3470 καὶ
962 3414 1057 3469 τοῦ
1088 3416 1277 3485 πρόσω
1333 3415 1470 3468 πολὺ
1507 3415 1734 3484 προῖὼν,
1778 3413 1974 3479 ἐπάγει
1996 3426 2008 3439 ο

2115 3410 2240 3480 gius
2284 3411 2426 3481 ston
2473 3427 2835 3481 progressus,
2893 3413 3059 3467 infert
3103 3431 3116 3468 :
3172 3433 3191 3466 ι
3247 3415 3437 3486 Multa,
3488 3421 3700 3486 dilecti,

451 3529 470 3561 ι
516 3510 694 3564 Πολλὰ
729 3509 907 3577 λέγειν
932 3508 1094 3579 ἔχων,
1125 3508 1423 3576 ἀγαπητοὶ,
1457 3509 1835 3577 παρέρχομαι,
1878 3519 2011 3573 φορ-

2116 3515 2240 3554 cum
2268 3500 2453 3556 dicere
2482 3517 2721 3571 possem,
2758 3513 3024 3571 pra:tereo
3049 3520 3063 3559 :
3093 3504 3336 3560 molestae
3370 3512 3700 3579 arrogantia:

442 3601 592 3653 τικον
624 3597 764 3654 εἶναι
791 3601 1020 3669 νομίσας
1049 3600 1138 3655 διὰ
1175 3601 1439 3653 πλειόνων
1468 3598 1826 3659 διδασκάλους
1880 3595 2012 3666 ὁμό-

2115 3605 2253 3671 esse
2289 3591 2519 3657 ducens,
2553 3594 2743 3647 eadem
2783 3595 3089 3651 sentientes
3133 3597 3408 3659 doctores,
3443 3604 3699 3671 pluribus

444 3713 649 3766 φρονας
677 3666 1148 3765 ὑπομιμνήσκειν.
1181 3694 1349 3746 Αὐτοὶ
1386 3693 1496 3761 γὰρ
1530 3692 1690 3761 ὑμεῖς
1719 3689 2014 3743 θεοδίδακ-

2117 3666 2438 3738 adtribuere.
2473 3684 2609 3738 Nam
2640 3700 2737 3739 vos
2770 3687 2871 3755 ipsi
2903 3703 2932 3740 a
2967 3687 3078 3741 Deo
3109 3688 3255 3744 docti
3289 3693 3444 3755 estis,
3471 3696 3695 3751 minime

444 3787 526 3839 τοί
582 3788 729 3851 ὲστε,
795 3786 895 3838 οὐκ
928 3785 1272 3854 ἀγνοοῦντες,
1308 3784 1383 3846 ὡς
1415 3785 1446 3854 ἡ
1492 3781 1815 3837 διδασκαλία
1846 3780 2012 3849 αὕτη,

2119 3775 2457 3845 ignorantes,
2486 3777 2793 3833 doctrinam
2846 3780 2986 3834 hanc
3020 3781 3247 3836 Ebiouis
3282 3784 3474 3854 ipsius,
3506 3800 3562 3843 et
3599 3788 3701 3842 Ar-

455 3879 713 3942 Ἐὖίωνός
741 3880 983 3932 ἐστικαὶ
1049 3877 1298 3948 Ἀρτεμᾶ
1336 3879 1432 3930 καὶ
1491 3874 1588 3928 τοῦ
1649 3873 2013 3943 Σαμοσατέως

2118 3876 2276 3921 ternm
2308 3867 2405 3939 (i),
2442 3878 2500 3923 et
2537 3868 2691 3925 Pauli
2747 3870 3092 3930 Samosateni
3140 3891 3283 3942 esse,
3322 3894 3559 3947 quorum
3609 3881 3700 3937 isti

448 3971 695 4024 Παύλουο
731 3964 807 4024 ὧν
826 3972 925 4040 τῆς
962 3970 1224 4032 ἀσεϐείας
1253 3968 1353 4041 τὴν
1396 3966 1576 4040 τρύγα
1616 3967 2013 4039 ὲρροφηκότες,

2118 3960 2415 4028 impietatis
2471 3961 2695 4019 faecibus
2743 3964 2979 4031 haustis,
3032 3969 3192 4023 nobis
3237 3987 3405 4034 nunc,
3460 3988 3525 4026 ex
3589 3989 3700 4029 non

446 4065 539 4116 νῦν
569 4065 702 4133 ἡμῖν
734 4060 796 4126 ἐξ
821 4063 922 4115 οὐκ
947 4062 1119 4115 ὄντων
1149 4061 1473 4131 ὲπεφύησαν
1523 4060 1592 4114 τὰ
1645 4061 1873 4114 ὲκείνων
1925 4076 2015 4112 κε·-

2119 4053 2532 4116 exsistentibus,
2562 4054 2780 4109 illorum
2803 4057 2940 4110 clam
2969 4058 3077 4112 vivi
3106 4060 3321 4116 radices
3349 4068 3696 4133 produt-unt;

448 4155 778 4225 κρυμμένως
825 4155 1203 4225 μοσχεύματα,
1240 4154 1458 4225 Ἀρειός
1498 4169 1558 4206 τε
1593 4153 1688 4207 καὶ
1732 4150 2013 4223 Ἀχιλλᾶς,

2119 4140 2285 4195 Arius
2327 4142 2584 4196 nimirum
2630 4143 2746 4213 ipse
2782 4155 2838 4199 et
2883 4146 3143 4214 Achillas,
3178 4161 3233 4204 et
3272 4154 3419 4220 quod
3462 4170 3585 4208 cum
3619 4157 3700 4210 eis

446 4250 538 4301 καὶ
570 4250 602 4319 ἡ
636 4247 746 4301 τῶν
776 4250 875 4302 σὺν
899 4249 1083 4311 αὐτοῖς
1138 4248 1600 4320 πονηρευομένων
1640 4245 1883 4310 σύνοδος,
1920 4244 2015 4298 καὶ

2119 4246 2204 4290 est
2236 4237 2648 4305 malignantium
2699 4240 3126 4295 conciliabulum
3161 4263 3173 4296 :
3204 4254 3253 4298 et
3286 4256 3396 4301 tres
3437 4261 3701 4315 praeterea

443 4344 543 4397 οὐκ
576 4339 675 4396 οἷδ’
703 4342 851 4404 ὅπως
892 4342 948 4395 ὲν
997 4341 1166 4413 Συρίᾳ
1206 4339 1684 4412 χειροτονηθέντες
1720 4338 2015 4391 ἐπίσκοποι

2120 4328 2197 4383 illi
2233 4330 2287 4382 in
2328 4328 2485 4400 Syria
2528 4331 2714 4385 nescio
2759 4348 2870 4402 quo
2922 4336 3085 4388 melo
3121 4339 3290 4391 creati
3338 4340 3601 4410 episcopi,
3633 4343 3702 4399 de

442 4444 628 4510 τρεῖς·
676 4440 805 4512 περὶ⁵
853 4434 931 4495 ὧν
970 4441 1002 4508 ὴ
1072 4442 1252 4509 κρίσις
1283 4442 1349 4511 τῇ
1407 4439 1652 4509 ὑμετέρᾳ⁸
1701 4434 2017 4490 ἀνακείσθω
2050 4507 2068 4512 _

1972 4453 2017 4487 ω
2121 4422 2326 4494 quibus
2351 4424 2624 4495 judicium
2658 4427 2893 4482 arbitrio
2920 4441 3105 4483 vestro
3137 4432 3533 4500 permittimus.
3571 4454 3590 4487 ι

443 4507 762 4605 δοκιμασίᾳ.⁷
800 4552 820 4585 ι
996 4507 999 4508 ν
1113 4507 1123 4509 ⁷
1323 4507 1347 4511 ἡ
1447 4507 1455 4509 ν
1581 4507 1638 4509 Π
2048 4507 2092 4561 D

519 4622 753 4677 Ἔπειτα
781 4622 1123 4694 διασαφήσας
1155 4619 1288 4692 περὶ
1345 4619 1457 4672 τῶν
1488 4616 1897 4686 ταπεινοτέρων
1927 4613 2011 4667 λέ-

2193 4606 2463 4678 Dcinceps
2517 4607 2814 4665 declaratis
2871 4615 3352 4670 summissioribus
3400 4618 3707 4691 Scriptum

446 4718 580 4783 ξεων
610 4722 707 4785 τῆς
731 4716 979 4787 Γραφῆς,
1008 4714 1073 4778 ἃς
1113 4715 1446 4783 ἐπικτήτους
1472 4714 1501 4765 ὁ
1532 4709 1725 4780 Σωτὴρ
1753 4707 1821 4762 δι’
1865 4709 2013 4778 ἡμᾶς

2122 4702 2377 4764 γυςίιιιιε.
2410 4719 2549 4772 quas
2575 4704 2831 4758 Salvator
2861 4709 3063 4762 ascititi
3088 4725 3132 4763 is
3180 4724 3370 4767 nostra
3399 4729 3566 4771 causa
3603 4734 3704 4786 per

444 4800 726 4874 ἀνεδέξατο
759 4810 847 4862 διὰ
892 4809 989 4880 τὴν
1023 4810 1258 4862 κένωσιν
1284 4808 1380 4861 καὶ
1414 4807 1474 4859 τδ
1496 4807 1769 4874 σωτήριον
1794 4802 1968 4863 πάθος
1994 4816 2009 4831 '

2121 4796 2558 4850 exiuanitionem
2615 4797 3028 4869 salutaremque
3062 4803 3377 4871 passionem
3430 4813 3700 4880 suscepit,

443 4903 700 4965 ὡσαύτως
727 4902 783 4954 δὲ
808 4902 902 4952 καὶ
929 4901 1050 4953 ὅσαι
1105 4901 1205 4968 τὴν
1235 4898 1498 4951 ἀνωτάτω
1549 4895 1723 4965 ἀρχὴν
1752 4892 1846 4946 καὶ
1897 4891 2011 4944 θεόν

2123 4887 2427 4959 ἰιὶιιεηπιυε
2455 4891 2539 4944 eis
2570 4889 2709 4945 locis
2741 4892 2928 4947 relatis
2955 4904 3120 4965 atque
3147 4900 3422 4967 expositis
3446 4943 3460 4965 ,
3496 4907 3704 4974 quibus

445 5014 600 5065 τητα,
631 4996 733 5065 τήν
767 5011 825 5046 τε
853 4986 1093 5063 φυσικὴν
1129 4990 1297 5045 αὑτοῦ
1326 4990 1486 5057 δόξαν
1540 5005 1600 5041 τε
1632 4989 1727 5041 καὶ
1781 4985 2013 5054 θεότητα

2121 4991 2278 5036 extra
2327 4981 2546 5036 initium
2584 4999 2745 5039 omne
2776 4987 3110 5058 principium
3141 5006 3205 5045 ac
3236 4992 3447 5061 deitas,
3479 5010 3705 5054 natura-

444 5085 670 5141 διελθὼν
717 5086 812 5139 καὶ
846 5085 1247 5155 φιλοσοφήσας,
1290 5081 1550 5151 ἐπιφέρει
1584 5079 1763 5147 λέγων
1784 5093 1798 5109 ο
1831 5096 1848 5128 ι
1903 5076 2014 5130 Καὶ

2121 5073 2299 5144 lisque
2348 5075 2523 5145 gloria
2574 5086 2633 5137 et
2685 5077 2948 5135 divinitas
3004 5082 3124 5152 ejus
3168 5087 3534 5155 exprimitur,
3589 5093 3706 5148 haec

443 5181 496 5233 τί
522 5179 707 5232 λοιπὸν
748 5178 828 5230 ἔτι
859 5178 1173 5246 θαυμαστὸν
1199 5174 1228 5228 δ
1267 5173 1446 5247 μέλλω
1487 5173 1745 5241 γράφειν,
1786 5173 2015 5241 ἀγαπη-

2125 5171 2523 5238 prosequitur:
2569 5189 2587 5221 ι
2627 5169 2765 5236 Quis
2824 5188 2955 5227 vero
3005 5177 3152 5246 quod
3202 5181 3516 5249 scripturus
3581 5202 3705 5242 sum

445 5272 548 5336 τοὶ,
600 5273 649 5324 εί
686 5270 783 5335 τὰς
841 5270 963 5322 κατ’
1008 5266 1144 5339 ἐμοῦ
1200 5265 1420 5337 ψευδεῖς
1477 5265 1755 5329 διαϐολάς,
1791 5262 2013 5317 καὶτοῦ

2125 5262 2441 5326 mirabitur,
2478 5263 2688 5331 dilecti,
2727 5266 2770 5319 si
2803 5278 2997 5322 contra
3048 5286 3137 5325 me
3163 5282 3221 5326 et
3251 5275 3553 5343 piissimam
3591 5281 3708 5349 ple-

444 5362 836 5416 εὐσεϐεστάτου
870 5360 1003 5413 λαοῦ
1049 5359 1206 5429 ἡμῶν
1236 5358 1576 5428 ἐκθήσομαι;
1625 5358 1686 5410 Oi
1728 5356 1836 5427 γάρ
1870 5357 2013 5407 κατὰ

2124 5354 2248 5409 bern
2299 5367 2537 5410 nosu'am
2583 5358 2878 5429 ementitus
2938 5377 3130 5417 eorum
3179 5367 3489 5422 calumnias
3538 5387 3708 5440 expo-

442 5458 542 5521 τῆς
600 5455 853 5524 θεότητος
895 5453 988 5506 τοῦ
1044 5453 1175 5506 1⁸ἱοῦ
1231 5450 1326 5505 τοῦ
1372 5451 1512 5503 Θεοῦ
1558 5449 2013 5519 παραταξάμενοι

2123 5447 2333 5502 suero?
2363 5448 2465 5514 Qui
2494 5451 2709 5532 etenim
2747 5453 3013 5510 adversus
3063 5459 3412 5514 divinitatem
3448 5461 3569 5516 Filii
3606 5464 3701 5518 Dei

444 5547 564 5601 οὐδὲ
597 5545 694 5608 τὰς
724 5545 847 5598 καθ’
880 5544 1036 5614 ἡμῶν
1087 5542 1421 5612 ἀχαρίστους
1477 5543 1768 5610 παροινίας
1814 5556 2016 5608 περαι-

2123 5542 2297 5597 aciem
2330 5555 2549 5598 struere
2577 5547 2696 5601 ausi
2721 5557 2876 5615 sunt,
2899 5559 3090 5604 contra
3117 5566 3216 5605 nos
3240 5568 3457 5622 quoque
3490 5554 3701 5625 ingrata

444 5638 664 5692 τοῦνται
690 5640 873 5706 λέγειν
896 5655 907 5667 ·
939 5637 993 5689 οῖ
1015 5654 1080 5704 γε
1102 5636 1224 5689 οὐδὲ
1252 5635 1361 5688 τῶν
1402 5635 1651 5705 ἀρχαίων
1691 5638 1843 5699 τινας
1881 5652 2015 5703 συγ-

2125 5636 2326 5706 probra
2353 5647 2407 5692 et
2441 5638 2690 5694 convicia
2721 5639 2907 5696 dicere
2935 5658 3044 5697 non
3087 5654 3369 5699 verentur.
3402 5643 3504 5712 Qui
3534 5650 3701 5701 etiam

446 5735 656 5805 κρίνειν
701 5733 919 5792 ἑαυτοῖς
946 5731 1193 5796 ἀξιοῦσιν
1248 5731 1369 5783 οὐδὲ
1401 5725 1481 5793 οἷς
1521 5732 1683 5801 ἡμεῖς
1712 5732 1775 5782 ἐκ
1801 5728 2012 5783 παίδων

2125 5744 2191 5784 ex
2220 5730 2500 5786 veteribus
2533 5731 2713 5788 nullos
2773 5749 2893 5789 csse
2950 5734 3145 5806 dignos
3177 5745 3408 5804 putant,
3451 5739 3546 5810 qui
3578 5753 3708 5795 cum

516 5866 593 5940 (i)
625 5863 729 5922 Hic
753 5864 916 5920 etiam
947 5863 1206 5920 Artemon
1238 5879 1404 5935 supra
1431 5863 1633 5920 dictus.
