4118 6494
436 453 508 517 35
1628 449 2059 510 NllLEi’IIURi
2097 449 2449 511 CALLISTI
3629 450 3696 512 26

434 567 518 622 eis
543 566 900 623 conferantur
936 580 951 620 :
982 578 1163 634 neque
1220 560 1301 618 eis
1337 560 1545 631 aequari
1596 576 1655 616 se
1702 560 2015 631 patiuntur,

2126 561 2491 631 ὡμιλὴσαμεν
2511 560 2861 624 διδασκάλοις
2896 559 3212 629 ἐξισοῦσθαι
3235 560 3524 632 ἀνέχονται
3544 577 3560 594 ο
3581 562 3699 616 ἀλλ’
3752 558 3761 567 ’

433 659 637 729 quibus
670 674 768 714 nos
828 673 859 713 a
911 656 1096 727 pueris
1155 653 1589 723 praeceptoribus
1639 654 1725 707 usi
1777 669 2012 707 sumus:

435 749 531 805 sed
566 765 635 804 ne
674 765 740 803 ex
768 748 1025 803 omnibus
1063 747 1283 817 quidem
1316 745 1409 815 qui
1458 744 1662 815 passim
1718 753 1868 810 sunt,
1902 747 2017 800 col-

434 843 570 912 legis
599 850 654 895 et
686 840 1062 912 presbyteris,
1114 853 1449 908 quemquam
1496 838 1634 908 ipsis
1699 839 2014 909 comparari

433 937 648 1003 volunt,
672 938 821 991 solos
872 951 932 991 se
981 935 1287 1006 sapientes,
1321 935 1731 1005 possessionum
1771 942 2019 989 contem-

435 1038 642 1098 ptores,
677 1038 732 1084 et
758 1029 1075 1099 dogmatum
1111 1038 1421 1097 repertores
1443 1043 1565 1081 esse
1600 1027 1870 1097 jactantes
1908 1044 1921 1080 :
1956 1034 2016 1080 ut

436 1122 640 1190 quibus
694 1123 817 1177 unis
859 1122 1166 1177 revelatum
1205 1120 1278 1175 sit
1324 1119 1470 1189 quod
1515 1118 1722 1173 nemini
1767 1119 2012 1173 omnium

436 1215 529 1282 qui
563 1214 668 1269 sub
702 1214 819 1270 sole
880 1222 1014 1269 sunt
1066 1212 1351 1266 hominum
1386 1212 1441 1265 in
1501 1220 1742 1264 mentem
1775 1208 2014 1264 venerit.

2122 656 2250 710 οὐδὲ
2272 656 2383 708 τῶν
2411 654 2510 708 νῦν
2540 656 2819 726 πανταχοῦ
2862 655 3300 725 συλλειτουργῶν
3324 673 3448 709 τινα
3479 657 3559 717 είς
3608 656 3700 725 μέ.

2124 765 2253 817 τρον
2313 749 2600 818 ἡγοῦνται,
2658 748 2813 817 μόνοι
2873 750 3030 817 σοφοὶ
3091 748 3186 801 καὶ
3240 749 3550 817 ἀκτήμονες
3607 747 3702 801 καὶ

2120 842 2412 910 δογμάτων
2444 844 2667 913 εὑρεταὶ
2700 843 2955 910 λέγοντες
2989 839 3155 908 εἶναι,
3188 842 3288 896 καὶ
3342 843 3530 905 αὐτοῖς
3567 845 3703 895 ἀπο-

2122 938 2467 1006 κεκαλύφθαι
2510 940 2720 1009 μόνοις,
2753 939 2900 1009 ἅπερ
2923 939 3104 993 οἰδδενλ⁸
3152 940 3261 993 τῶν
3293 939 3399 991 ὑπὸ
3437 941 3529 992 τὸν
3547 938 3700 1008 ἣλιον

2121 1030 2296 1099 ἑτέρῳ
2332 1030 2579 1098 πέφυκεν
2604 1032 2783 1084 ἐλθεῖν
2811 1033 2892 1094 είς
2925 1032 3157 1086 ἔννοιαν.
3193 1032 3258 1085 Ὠ
3283 1032 3497 1085 ἀνοσίου
3527 1031 3696 1099 τύφου

2119 1122 2215 1173 καὶ⁵
2260 1121 2501 1191 ἀμέτρου
2553 1125 2771 1193 μανίας,
2804 1123 2897 1177 καὶ⁴
2939 1123 3344 1195 μελαγχολικῆς
3393 1125 3554 1192 δόξης
3603 1123 3701 1176 καὶ

2121 1214 2416 1266 σατανικοῦ
2449 1216 2840 1286 φρονήματοςί
2882 1235 2901 1268 ι

437 1306 599 1378 545
650 1305 695 1361 Ο
734 1316 1006 1362 tumorem
1033 1304 1285 1375 impium,
1316 1313 1371 1358 et
1397 1303 1638 1358 furorem
1681 1303 2050 1357 immensum!
2094 1317 2127 1357 ο
2160 1305 2476 1374 opinionem
2520 1308 2806 1376 insanam,
2864 1318 2919 1365 et
3002 1309 3314 1366 Satanicum
3366 1311 3528 1381 plane
3581 1323 3705 1365 sen-

439 1403 598 1458 sumi
640 1420 659 1452 υ

510 1499 625 1554 Sub
654 1499 772 1554 haec
794 1498 916 1552 aliis
942 1497 1272 1568 quibusdam
1304 1494 1644 1559 memoratis,
1671 1506 1725 1549 et
1756 1494 2016 1565 dogmate

439 1592 566 1646 ﬁdei
603 1605 795 1645 eorum
836 1590 1013 1644 fusius
1054 1587 1326 1657 exposito,
1371 1587 1516 1640 circa
1570 1585 1733 1638 ﬁnem
1769 1584 2017 1655 epistola:

439 1685 556 1739 haec
612 1681 801 1751 adjicit
838 1699 852 1734 :
900 1698 916 1732 ι
954 1680 1127 1734 Hosce
1172 1679 1339 1749 igitur
1366 1677 1734 1732 anatbeinatis
1765 1678 2014 1743 fulmine,

438 1778 508 1832 de
542 1775 781 1829 ﬁdelium
814 1772 1043 1826 fratrum
1069 1786 1364 1835 consensu,
1390 1769 1546 1837 ictos,
1576 1785 1739 1823 nemo
1770 1779 2014 1826 vestrum

440 1867 696 1937 recipiat,
739 1880 919 1934 neque
953 1864 1035 1918 vel
1066 1864 1213 1917 dicta
1244 1863 1332 1917 vel
1372 1863 1577 1931 scripta
1618 1877 1810 1916 eorum
1847 1862 2016 1917 susti-

2199 1494 2384 1549 Εἰπὼν
2426 1496 2484 1550 δὲ
2515 1497 2607 1550 καὶ
2648 1498 2787 1552 ἄλλα
2822 1499 2917 1551 καὶ
2956 1498 3014 1550 τὸ
3042 1498 3223 1566 δόγμα
3266 1498 3365 1567 τῆς
3404 1496 3573 1550 αὐτοῦ
3607 1499 3702 1550 πί-

2126 1606 2300 1651 στεως
2327 1591 2669 1660 πλατύτερον
2708 1594 3078 1663 διεκθὲμενος,
3118 1594 3247 1660 περῖ
3298 1594 3358 1645 τὸ
3418 1593 3570 1646 τέλος
3601 1593 3699 1661 τῆς

2125 1681 2421 1745 ἐπιστολῆς
2464 1684 2765 1738 καὶταῦτα
2799 1686 2999 1751 ἐπάγει
3025 1702 3040 1716 ·
3078 1703 3096 1736 ι
3143 1685 3378 1747 Τούτους
3438 1686 3530 1737 οὖν
3572 1688 3703 1737 ἁνα-

2125 1773 2560 1842 θεματισθέντας
2600 1777 2706 1828 ὑπὸ
2736 1778 2835 1846 τῆς
2890 1777 3251 1847 ἀδελφότητος
3318 1777 3508 1844 μηδεὶς
3545 1775 3702 1842 ὑμῶν

2124 1865 2384 1936 δεχέσθω,
2433 1869 2569 1938 μηδὲ
2596 1871 2924 1941 ἀνασχέσθω
2961 1873 3072 1925 τῶν
3120 1872 3432 1941 λεγομένων
3486 1871 3518 1941 ἢ
3566 1889 3702 1942 γρα-

439 1968 589 2016 neat.
631 1959 734 2025 Qui
780 1958 924 2012 enim
958 1956 1177 2009 mentiri
1210 1954 1395 2008 omnia
1442 1969 1802 2021 consuevere,
1846 1954 2021 2023 impo-

2127 1956 2380 2023 φομένων
2414 1958 2506 2011 ὑπ’
2540 1959 2743 2014 αὐτῶν.
2783 1963 2972 2015 Πάντα
3006 1963 3114 2033 γὰρ
3142 1964 3191 2014 οί
3230 1965 3427 2031 γόητες
3470 1962 3698 2031 ψεύδον-

438 2062 641 2116 stores,
689 2050 979 2104 veritatem
1020 2056 1170 2102 certe
1216 2062 1323 2101 non
1378 2046 1798 2116 proloquentur.
1847 2045 2022 2101 Urbes

442 2144 522 2197 illi
563 2143 933 2202 circumeunt,
969 2138 1107 2192 nihil
1139 2137 1284 2190 aliud
1318 2146 1544 2206 agentes
1576 2153 1740 2206 quam
1789 2146 1847 2189 ut
1880 2140 2023 2190 ami-

440 2234 583 2289 cilia:
613 2236 839 2287 obtentu
884 2247 982 2301 per
1016 2228 1349 2299 hypocrisim
1381 2236 1436 2282 et
1469 2228 1843 2281 adulationem
1870 2227 2021 2280 litte-

441 2340 533 2379 ras
566 2324 696 2378 deut
741 2332 796 2376 et
843 2321 1137 2389 accipiant,
1187 2318 1393 2389 quibus
1436 2318 1725 2381 seducunt,
1774 2317 1843 2370 ab
1891 2318 2023 2386 ips’s

437 2417 549 2487 jam
603 2416 861 2485 deceptas
912 2427 1114 2481 paucas
1165 2409 1514 2465 mulierculas
1551 2408 1790 2476 peccatis
1820 2422 2020 2461 onera-

446 2519 569 2570 tas,
620 2526 639 2560 ι
694 2519 749 2560 et
808 2520 930 2574 quae
981 2512 1310 2572 sequuntur.
1371 2519 1388 2552 ι
1449 2500 1623 2553 Hosce
1672 2500 1857 2568 itaque
1895 2501 2021 2554 talia

442 2612 634 2656 contra
662 2599 944 2653 Christum
973 2611 1158 2661 ausos,
1185 2603 1241 2648 et
1265 2593 1357 2663 qui
1379 2592 1860 2647 Christianismum
1894 2606 2021 2648 cum

436 2692 669 2763 publice
724 2690 793 2744 ad
838 2688 1098 2760 populum
1149 2685 1470 2750 traducunt,
1530 2693 1642 2738 tum
1693 2684 1746 2738 in
1798 2684 2024 2755 judiciis

442 2808 644 2864 magno
698 2790 882 2845 studio
933 2797 991 2844 et
1032 2787 1388 2842 contentione
1442 2785 1660 2853 probris
1716 2783 2025 2838 manifestis

442 2885 765 2955 exagitant;
800 2882 893 2952 qui
931 2878 1372 2950 persecutionem
1419 2875 1761 2945 temporibus
1794 2875 2021 2943 pacatis,

443 2986 710 3048 quantum
738 2975 792 3030 in
823 2974 907 3028 eis
937 2973 1103 3028 situm
1140 2977 1244 3032 cst,
1277 2970 1541 3022 adversus
1572 2981 1673 3020 nos
1703 2966 2020 3019 concitant:

442 3071 538 3141 qui
589 3068 866 3124 ineffabile
910 3065 1115 3121 Christi
1160 3061 1462 3118 nativitatis
1495 3059 1815 3130 mysterium
1864 3072 2025 3112 ener-

444 3175 574 3218 vant
610 3179 624 3216 :
671 3162 860 3225 hosce,
899 3157 1106 3222 dilecti,
1160 3163 1499 3217 aversantes,
1548 3150 1794 3207 unanimi
1838 3151 2027 3205 nobis-

2125 2066 2249 2101 ται·
2283 2051 2546 2122 ἀλήθειαν
2578 2055 2639 2107 οὐ
2672 2056 2748 2125 μὴ
2775 2056 3054 2127 λαλήσωσι
3085 2074 3100 2089 ο
3157 2059 3540 2127 περιέρχονται
3590 2061 3698 2128 γὰρ

2124 2140 2224 2204 τὰς
2259 2143 2463 2209 πόλεις,
2493 2146 2649 2199 οὐδὲν
2675 2148 2870 2217 ἕτερον
2922 2150 3346 2214 σπουδάζοντες,
3396 2151 3429 2220 ἢ
3484 2150 3563 2219 τῷ
3600 2150 3699 2217 τῆς

2127 2231 2310 2299 φιλίας
2344 2239 2696 2306 προσχήματι
2746 2238 2812 2291 δι’
2842 2240 3192 2309 ὑποκρίσεως
3261 2241 3354 2293 καὶ
3409 2241 3700 2304 κολακείας

2124 2326 2433 2395 γράμματα
2460 2329 2664 2382 διδόναι
2699 2334 2791 2383 καὶ
2825 2332 3128 2402 λαμϐάνειν
3161 2350 3173 2363 ·
3210 2333 3346 2403 πρὸς
3383 2333 3443 2384 τὸ
3492 2334 3702 2402 πλανᾷν

2130 2419 2233 2471 ὑπὸ
2270 2421 2480 2475 τούτων
2510 2423 2583 2475 τὰ
2613 2423 2681 2476 δι’
2719 2424 2901 2477 αὐτῶν
2927 2424 3260 2493 ὴπατημένα
3311 2424 3471 2491 ὀλίγα
3509 2442 3702 2493 γυναι-

2127 2517 2298 2584 κάρια
2333 2517 2731 2585 σεσωρευμένα
2770 2517 3096 2586 ἁμαρτίαις.
3134 2518 3243 2571 Καὶ
3270 2523 3339 2571 τὰ
3385 2519 3532 2586 ἑξῆς.
3561 2517 3700 2570 Tou-

2127 2622 2251 2668 τους
2278 2603 2372 2658 οὖν
2401 2605 2528 2669 τοὺς
2570 2604 2815 2659 τοσαῦτα
2845 2606 2988 2659 κατά
3022 2607 3262 2677 Χριστοῦ
3296 2607 3700 2679 τολμήσαντας,

2127 2697 2254 2761 τοὺς
2279 2698 2369 2751 τὸν
2395 2689 2833 2769 Χριστιανισμὸν
2869 2699 3030 2752 τοῦτο
3065 2699 3164 2768 μὲν
3220 2700 3458 2771 δημοσίᾳ
3514 2702 3705 2770 σύρονσ

2126 2805 2247 2852 τας,
2280 2791 2440 2841 τοῦτο
2467 2789 2524 2842 δὲ
2553 2790 2647 2842 ἐπὶ
2672 2789 3044 2861 δικαστηρίων
3078 2791 3465 2854 ἐπιδεικτικῶς
3495 2792 3705 2860 φιλοτι-

2096 2876 2099 2879 “
2131 2880 2463 2949 μουμένους,
2489 2882 2617 2944 τοὺς
2643 2881 2887 2950 διωγμὸν
2914 2883 3049 2951 ἡμῖν
3070 2883 3127 2934 ὲν
3158 2884 3359 2953 εἰρήνῃ
3379 2881 3441 2935 τὸ
3466 2883 3590 2935 ὅσον
3607 2882 3704 2936 ἐπι

2127 2970 2312 3032 αὐτοῖς
2360 2970 2779 3042 ὲπεγεῐραντας,
2825 2970 2954 3034 τοὺς
3006 2970 3067 3023 τὺ
3124 2971 3365 3043 ἄρρητον
3404 2973 3704 3041 μυστήριον

2129 3064 2225 3132 τῆς
2285 3062 2524 3134 Χριστοῦ
2586 3064 2894 3134 γεννήσεως
2960 3064 3423 3134 ὲκνευρίσαντας·
3477 3066 3703 3128 τούτους

2125 3157 2599 3224 ἀποστραφέντες,
2646 3155 2931 3225 ἀγαπητοὶ
2975 3158 3070 3210 καὶ
3129 3156 3418 3225 ὁμόψυχοι,
3484 3155 3705 3224 σύμψη-

442 3271 568 3311 cum
602 3268 876 3309 consensu
904 3262 963 3306 et
987 3248 1273 3319 suﬁ‘ragio,
1312 3246 1544 3301 calculis
1576 3258 1801 3316 quoque
1826 3242 2021 3297 vestris

2129 3264 2220 3316 φοι
2272 3248 2501 3316 γένεσθε
2554 3248 2694 3302 κατὰ
2739 3249 2841 3318 τῆς
2876 3247 3183 3316 μανιώδους
3240 3247 3420 3300 αὐτῶν
3470 3247 3701 3318 τόλμης.

447 3349 803 3404 furibundam
860 3359 1051 3401 eorum
1102 3340 1389 3396 audaciam
1440 3338 1722 3409 iugulate,
1773 3336 2025 3404 exemplo

444 3440 779 3509 collegarum
806 3445 1122 3491 nostrorum
1156 3431 1249 3502 qui
1274 3428 1542 3500 indignati
1570 3438 1700 3482 sunt
1728 3436 1784 3480 et
1811 3426 2027 3479 litteras

445 3541 640 3589 contra
692 3546 788 3585 eos
835 3528 904 3585 ad
961 3542 1049 3582 me
1107 3526 1404 3584 dederunt,
1455 3520 1760 3589 libelloque
1802 3517 2029 3572 damna-

447 3625 616 3681 tionis
643 3623 1095 3692 subscripserunt
1120 3636 1136 3673 :
1160 3632 1283 3687 quae
1307 3616 1491 3670 omnia
1521 3626 1620 3683 per
1639 3611 1811 3666 ﬁlium
1841 3623 2026 3663 meum

445 3717 750 3788 Appionem
783 3712 1230 3768 archidiaconnm
1270 3707 1392 3762 misi
1433 3721 1530 3775 per
1576 3703 1872 3774 Egyptum
1908 3716 2027 3755 om-

444 3826 596 3875 nem,
637 3806 999 3870 Thebaidem,
1061 3802 1306 3874 Libyam,
1360 3796 1723 3867 Pentapolim,
1784 3792 2023 3866 Syriam,

445 3901 708 3973 Lyciam,
749 3896 1164 3968 Pamphyliam,
1226 3891 1454 3957 Asiam.
1509 3886 1908 3958 Cappadociam
1970 3892 2027 3940 et

447 3996 586 4050 alias
619 3993 985 4049 circumcirca
1043 3988 1323 4058 regiones.
1366 3983 1446 4037 Ad
1496 3982 1697 4036 horum
1744 3994 1879 4033 sane
1926 3992 2025 4032 ex-

450 4085 720 4156 emplum,
749 4097 779 4137 a
820 4080 978 4136 vobis
1008 4079 1173 4133 etiam
1205 4089 1330 4130 eum
1360 4070 1743 4126 conﬁrmatum
1778 4067 1869 4131 iri,
1904 4079 2027 4135 per-

447 4192 677 4235 suasum
718 4174 917 4229 habeo.
953 4170 1181 4227 Multum
1216 4165 1438 4237 quidem
1471 4172 1618 4218 certe
1646 4161 1765 4230 opis
1794 4175 1822 4213 a
1853 4174 1940 4213 me
1971 4158 2025 4212 in

445 4281 542 4322 eos
579 4265 674 4335 qui
723 4263 792 4316 ab
838 4262 946 4316 illis
978 4266 1106 4313 sunt
1132 4256 1466 4311 detrimento
1496 4251 1703 4313 affecti.
1736 4258 1823 4305 est
1852 4250 2026 4304 colla-

449 4369 562 4413 tum
616 4354 766 4410 :sed
818 4352 954 4406 illud
1012 4347 1313 4404 maximum
1365 4344 1533 4399 fuerit
1573 4341 2027 4412 depellendorum

448 4468 478 4505 a
509 4438 745 4505 seducta.
772 4447 929 4515 plebe
975 4443 1247 4497 malorum
1281 4437 1570 4502 auxilium,
1606 4437 1652 4491 si
1689 4434 2023 4505 collegarum

448 4553 765 4597 nostrorum
802 4539 879 4607 (l)
918 4533 1179 4592 concordi
1209 4544 1481 4586 consensu
1517 4528 1605 4582 illa
1640 4542 1923 4596 persuasa,
1957 4526 2023 4581 ad

447 4630 834 4706 pmnitentiam
870 4627 1174 4682 decurrere
1207 4620 1502 4678 studuerit.
1539 4620 1784 4675 Salutate
1813 4633 1912 4672 vos
1940 4621 2026 4674 in-

446 4733 648 4787 vicem,
693 4723 811 4792 ejus
850 4734 972 4788 qua:
1018 4713 1161 4785 apud
1203 4728 1305 4768 nos
1353 4719 1439 4766 est
1489 4711 1887 4765 consentientis
1918 4710 2028 4763 fra-

450 4817 728 4875 ternitatis
784 4813 1025 4867 nomine.
1079 4807 1276 4863 Valere
1326 4820 1425 4860 vos
1476 4803 1530 4857 in
1590 4803 1823 4857 Domino
1869 4812 2022 4871 opto,

447 4909 657 4964 dilecti.
690 4906 910 4961 Utinam
948 4902 1189 4956 fructum
1225 4899 1463 4968 aliquem
1499 4905 1808 4951 vestrorum
1847 4900 2026 4946 tanto-

447 5019 576 5075 pere
606 4998 809 5054 Christi
838 4995 1139 5051 amantium
1180 4995 1488 5047 animorum
1519 4987 1844 5060 percipiam.
1886 5004 1906 5038 ι

518 5092 727 5148 Deinde
766 5089 1117 5143 anathemate
1152 5084 1657 5141 excommunicatos
1700 5081 1754 5135 in
1794 5079 2023 5150 epistola

447 5194 722 5249 recenset,
752 5199 891 5254 quos
916 5190 972 5236 et
1003 5196 1102 5235 nos
1130 5195 1296 5250 supra
1326 5178 1645 5232 retulimus.
1677 5175 1736 5230 ln
1767 5174 2021 5229 eamdem

447 5278 776 5334 sententiain
834 5275 936 5348 (‘2),
984 5272 1307 5342 Philogonio
1359 5268 1686 5334 Antiochim,
1729 5266 2022 5322 Eustathio

445 5371 723 5424 Berrhmre
754 5368 809 5422 in
846 5367 1025 5438 Syria,
1065 5374 1231 5435 atque
1274 5363 1398 5417 aliis
1432 5364 1597 5417 etiam
1641 5361 1877 5414 aliarum
1921 5359 2024 5413 Ec-

447 5463 739 5518 clesiarum
793 5458 1135 5514 antistitibus
1180 5456 1428 5526 scripsit,
1474 5470 1614 5524 quos
1660 5453 2021 5523 apostolicam

447 5557 755 5610 doctrinam
796 5553 1158 5622 comprobare
1202 5550 1430 5604 sciebat.
1468 5547 1632 5619 546
1662 5547 1826 5601 Arius
1853 5560 2020 5615 porro

450 5664 628 5717 neque
659 5648 775 5717 ipse
813 5646 915 5701 sibi
960 5643 1293 5699 cessandum
1335 5655 1457 5695 esse
1504 5638 1737 5710 putavit.
1775 5638 2025 5708 Quapro-

520 5825 598 5895 (Ι)
647 5823 928 5895 Scriptum
995 5821 1450 5895 hocﬂintegrum
1525 5818 1801 5895 reperitur
1875 5817 2019 5887 apud

445 5889 843 5950 Theoderitu'm
886 5893 1082 5947 Erclcs.
1116 5889 1421 5945 Ιιὶειονζιίίι.
1464 5907 1500 5953 l,
1535 5905 1651 5955 cap.
1689 5889 1738 5940 4.

2130 3341 2253 3394 καθ’
2281 3343 2589 3411 ὁμοιότητα
2622 3340 2732 3393 τῶν
2787 3342 3303 3409 ἀγανακτησάντων
3356 3339 3703 3411 συλλειτουρ-

2129 3434 2242 3501 γῶν
2262 3434 2444 3504 ήμῶν,
2486 3433 2582 3487 καὶ
2609 3433 3041 3486 ἐπιστειλάντων
3069 3448 3158 3502 μοι
3198 3433 3323 3485 κατ’
3372 3432 3578 3496 αὐτῶν,
3607 3433 3706 3486 καὶ

2127 3524 2209 3593 τῷ
2241 3529 2394 3594 τόμῳ
2447 3525 3024 3594 συνυπογραψάντωνο
3086 3524 3123 3577 ἃ
3176 3525 3274 3576 καὶ
3309 3523 3704 3594 διεπεμψάμην

2126 3609 2213 3663 διὰ
2239 3612 2334 3664 τοῦ
2364 3612 2493 3664 Υίυῦ
2519 3630 2622 3679 μου
2649 3614 2921 3675 Ἀπίωνος
2946 3614 3042 3666 καὶ
3090 3613 3501 3682 ἁρχιδιακόνου,
3536 3613 3702 3666 τοῦτο

2132 3707 2231 3778 μὲν
2264 3706 2450 3774 πάσης
2484 3705 2766 3773 Αἰγύπτου
2799 3706 2895 3758 καὶ
2933 3705 3222 3774 Θηϐαΐδος,
3280 3705 3439 3758 τοῦτο
3499 3706 3557 3759 δὲ
3607 3708 3706 3761 At.
3769 3764 3774 3769 ,

2131 3797 2269 3867 ὄύης
2296 3798 2393 3850 καὶ
2427 3799 2818 3861 Πενταπόλεως
2865 3798 2959 3851 καὶ
2989 3798 3209 3867 Συρίας,
3250 3799 3347 3851 καὶ
3378 3799 3458 3852 ἔτι
3492 3801 3701 3862 Λυκίας

2128 3891 2223 3943 καὶ
2252 3889 2602 3958 Παμφυλίας,
2645 3889 2834 3952 Ἀσίας
2888 3906 2949 3942 τε
3000 3891 3094 3943 καὶ
3157 3892 3578 3953 Καππαδοκίας,
3625 3885 3703 3948 ὧν

2131 3981 2229 4035 καὶ
2283 3980 2392 4033 τῶν
2459 3981 2639 4035 ἄλλων
2691 3981 3023 4052 περιχώρων
3067 3982 3188 4034 καθ’
3245 3984 3541 4054 ὁμοιότητα
3606 3988 3702 4039 καὶ

2133 4073 2266 4142 παρ’
2320 4073 2454 4142 ὑμῖν
2480 4073 2741 4136 δέξασθαι
2774 4072 3037 4126 πέποιθα.
3079 4073 3300 4125 Πολλῶν
3328 4076 3435 4146 γάρ
3463 4092 3552 4145 μοι
3572 4075 3703 4146 βοη-

2132 4156 2396 4234 σημάτων
2427 4165 2564 4234 πρὸς
2595 4166 2727 4228 τοὺς
2772 4166 3074 4236 βλαϐέντας
3118 4170 3566 4238 πεπορισμένων,
3609 4168 3702 4224 καὶ

2131 4255 2291 4308 τοῦτο
2326 4256 2557 4328 εὓρηται
2587 4257 3012 4329 λυσιφάρμακον
3070 4260 3167 4312 τοῦ
3229 4259 3320 4311 ὑπ’
3354 4259 3536 4312 αὐτῶν
3568 4263 3705 4313 ἁπα-

2128 4348 2389 4419 τηθέντος
2417 4349 2570 4414 λαοῦ,
2606 4353 2971 4423 πειθομένων,
3010 4352 3105 4405 καὶ
3158 4352 3279 4414 ταῖς
3325 4351 3436 4404 τῶν
3491 4353 3705 4405 συλλει-

2128 4439 2383 4510 τουργῶν
2423 4440 2585 4511 ἡμῶν
2619 4443 3092 4509 συγκαταθέσεσιν
3148 4444 3230 4505 είς
3285 4446 3581 4512 μετάνοιαν
3610 4445 3705 4516 ἐρ-

2130 4532 2324 4601 χεσθαι
2355 4533 2445 4586 διὰ
2490 4533 2687 4587 τούτου
2713 4534 3147 4597 σπουδαζόντων.
3171 4534 3518 4589 Ἀσπάσασθε
3543 4537 3706 4608 ἀλλή-

2131 4624 2257 4687 λους
2279 4627 2338 4679 ὲν
2376 4628 2444 4696 τῇ
2482 4626 2615 4697 παρ’
2648 4627 2810 4696 ἡμῶν
2850 4626 3196 4697 ἀδελφότητι.
3226 4628 3538 4699 Ἐῥρῶσθαι
3559 4630 3705 4698 ὑμᾶς

2129 4716 2188 4768 ὲν
2217 4717 2409 4786 Κυρίῳ
2435 4716 2695 4786 εὔχομαι,
2756 4719 3054 4789 ἀγαπητοί.
3101 4721 3370 4791 Ὀναίμην
3402 4722 3559 4792 ὑμῶν
3603 4722 3706 4793 τῆς

2131 4809 2478 4879 φιλοχρίστου
2503 4811 2703 4882 ψυχῆς.
2742 4827 2763 4863 ι

2201 5078 2335 5136 Εἶτα
2371 5086 2499 5146 τοὺς
2521 5082 3060 5153 ἁναθεματισθέντας
3117 5084 3183 5152 τῇ
3239 5082 3496 5151 ἐπιστολῇ
3538 5098 3707 5135 κατα-

2127 5176 2297 5242 λέγει,
2325 5176 2419 5238 οὓς
2443 5177 2539 5228 καὶ
2572 5178 2735 5246 ἡμεῖς
2765 5174 2974 5229 ἄνωθεν
3004 5174 3349 5242 διελάϐομεν.
3378 5176 3458 5226 Τὰ
3486 5174 3530 5226 δ’
3560 5173 3704 5226 αὐτὰ

2131 5267 2228 5319 καὶ
2259 5267 2560 5336 Φιλογονίῳ
2588 5267 2685 5318 καὶ
2722 5267 3027 5334 Εὑσταθίῳ,
3054 5257 3128 5316 ὧν
3151 5266 3179 5317 ό
3218 5264 3319 5333 μὲν
3342 5263 3700 5333 Ἀντιοχείας,

2129 5358 2433 5421 Εὑστὰθιος
2469 5360 2527 5412 δὲ
2562 5362 2661 5425 τῆς
2691 5360 2750 5410 ἐν
2790 5357 2963 5427 Συρίᾳ
3022 5356 3287 5426 Βερῤοίας
3328 5357 3532 5425 ἡγεῖτο,
3577 5354 3705 5406 ἑπέ-

2128 5451 2339 5516 arens,
2384 5452 2479 5503 καὶ
2532 5450 2649 5512 τοῖς
2673 5448 2856 5510 ἄλλοις
2907 5448 3017 5500 τῶν
3052 5445 3364 5514 ἐκκλησιῶν
3412 5443 3699 5512 ἡγεμόσιν,

2126 5540 2220 5604 οὓς
2249 5540 2367 5611 ⁴ᾔδει
2394 5543 2508 5602 τοῖς
2532 5539 2918 5601 ἁποστολικοῖς
2963 5536 3409 5606 συνηγοροῦντας
3439 5532 3703 5599 διδάγμα-

2127 5654 2234 5690 σιν.
2278 5635 2348 5687 '0
2388 5651 2452 5701 γε
2489 5635 2594 5705 μὴν
2630 5635 2869 5704 Ἄρειος,
2901 5630 3017 5684 οὐδ’
3072 5630 3236 5692 αὐτὸς
3265 5626 3499 5698 ἡσυχίαν
3546 5624 3700 5692 ἄγειν

2197 5814 2274 5888 (ε)
2309 5815 2439 5884 Cap.
2547 5815 2670 5868 eod.
