4118 6466
419 420 485 485 37
1320 406 1930 478 ΕΟΕΙᾸΞΞΙΑΞΤΙΕΕ
1974 408 1996 466 Ι

2099 404 2368 466 .T.OIII.’E
2410 405 2559 468 LIB.
2605 408 2773 470 VIII.
3610 407 3683 470 38

420 534 605 607 ᾑρεῖτο
626 547 642 564 ο
665 529 964 599 ἀναγκαῖον
1019 527 1065 582 δ’
1093 526 1234 599 ᾤετο
1281 523 1380 594 τὴν
1413 522 1632 576 εὔνοιαν
1661 519 1996 592 προφθάνειν

2109 525 2232 586 pter
2280 517 2609 574 necessitate
2641 521 2876 588 quadam
2915 519 3134 587 ductus,
3169 534 3440 590 occupare
3472 519 3689 591 episco-

423 627 530 679 τῶν
563 622 916 677 ἐπισκόπωνο
974 620 1070 673 καὶ
1105 618 1428 687 πρεσϐεύων
1463 615 1704 685 ἔγραφεν
1739 612 1816 674 ὡς
1869 610 1993 663 ἐπί-

424 733 622 771 στευεο
671 716 764 770 καὶ
806 715 988 787 ἐξῄτει
1038 712 1198 783 δῆθεν
1240 711 1428 779 εἰμὲν
1475 708 1653 780 ὀρθῶς
1717 703 1991 768 πιστεύοι,

426 808 714 871 κάκείνους
739 809 966 878 κυροῦν
999 804 1338 874 Ἀλεξάνδρῳ
1398 818 1458 854 τε
1511 799 1705 869 δηλοῦν
1741 796 1818 869 μὴ
1868 797 1991 850 κατ’

424 901 590 970 αὐτοῦ
616 918 675 954 τε
698 901 793 955 καὶ
816 898 926 953 τῶν
955 901 1085 969 περὶ⁵
1106 897 1266 951 αὐτὸν
1289 895 1643 966 χαλεπαίνειν
1680 908 1692 922 ·
1722 891 1770 942 εί
1807 889 1852 941 δ’
1873 884 1990 953 οὖν,

424 994 607 1058 καλῶς
637 994 847 1047 ἐθέλειν
870 991 1221 1047 διδάσκεσθαι
1243 989 1302 1043 ὃν
1332 990 1439 1060 χρὴ
1462 987 1664 1057 τρόπον
1688 980 1994 1037 πιστεύειν.

423 1085 536 1139 Καὶ
585 1085 646 1137 οὐ
711 1082 923 1153 μικρῶς
978 1097 1041 1150 γε
1098 1078 1277 1149 ὤνησε
1329 1076 1392 1129 τὸ
1433 1074 1648 1128 τοιοῦτο
1700 1071 1813 1133 τοῖς
1863 1066 1994 1135 περὶ

426 1178 677 1249 Ἀρειονο
711 1177 808 1246 τῆς
848 1176 958 1248 γὰρ
987 1173 1250 1241 τοιαύτης
1286 1169 1444 1240 δόξης
1504 1167 1618 1230 τοῖς
1673 1157 1992 1228 ἅπανταχοῦ

425 1271 615 1342 σχεδὸν
643 1270 969 1332 ἐπισκόποις
996 1265 1427 1334 διασπαρείσης,
1459 1259 1615 1329 κοινὴ
1665 1259 1801 1311 πᾶσι
1827 1255 1995 1324 ζήτη-

423 1379 508 1426 σις
525 1357 612 1433 ἦν.
648 1361 713 1415 υί
748 1361 850 1430 μὲν
886 1355 977 1414 οὖν
1010 1357 1279 1429 μηδαμῶς
1309 1352 1637 1428 προσίεσθαι
1686 1351 1814 1413 τοὺς
1863 1347 1995 1418 περὶ

428 1458 647 1526 ’Δρειον
689 1451 1032 1531 Ἀλεξάνδρῳ
1062 1448 1415 1513 ἐπέστελλον,
1463 1449 1595 1518 πρὶν
1627 1446 1727 1517 τὴν
1781 1443 1994 1499 ἑαυτῶν

422 1544 818 1615 άποκηρύξωσι
869 1542 1258 1614 βλασφημίαν·
1295 1543 1346 1595 oi
1387 1540 1444 1594 δὲ
1491 1537 1807 1594 τούναντίον
1864 1536 1995 1607 μᾶλο

422 1640 536 1701 λον,
558 1636 955 1691 ἀντιποιεῖσθαι
980 1634 1055 1699 ὡς
1089 1634 1330 1689 εὐσεϐῶν
1364 1633 1461 1688 καὶ
1503 1632 1675 1704 μηδὲν
1711 1630 1841 1701 περὶ
1891 1628 1992 1698 τὴν

423 1728 607 1781 πΞστιν
629 1724 1087 1796 νεωτεριζόντων.
1133 1722 1194 1777 Ὁ
1232 1728 1365 1791 γοῦν
1422 1720 1795 1791 Ἀλέξανδρος,
1847 1718 1992 1788 ὁρῶν

426 1818 658 1881 πολλοὺς
686 1816 797 1871 τῶν
832 1814 1137 1888 τηνικαῦτα
1161 1816 1219 1869 ὲν
1254 1816 1496 1886 σχήματι
1516 1813 1852 1883 σεμνότητος
1866 1810 1992 1873 τοὺς

2102 622 2298 676 porum
2341 606 2783 662 benevolentiam
2834 608 3008 663 voluit
3065 628 3080 666 :
3129 618 3182 664 et
3226 610 3442 679 culpam
3486 609 3687 678 depreo

2102 712 2259 766 cans,
2294 697 2363 753 de
2397 697 2503 753 ﬁde
2542 715 2639 754 sua
2675 699 2741 753 ad
2775 716 2871 756 cos
2905 701 3149 772 scripsit,
3193 701 3467 769 simulque
3503 701 3684 769 petiit,

2103 791 2147 844 si
2178 800 2329 847 recte
2362 791 2586 860 quidem
2638 793 2914 860 crederet,
2978 803 3037 847 ut
3087 804 3142 847 et
3200 793 3305 863 ipsi
3351 795 3685 848 auctoritate

2103 899 2201 938 sua
2238 883 2289 938 id
2321 884 2738 950 conﬁrmarent,
2780 893 2835 938 et
2861 883 3175 939 Alexandro
3206 901 3273 939 ne
3303 885 3406 940 sibi
3457 885 3684 955 suisque

2102 976 2410 1030 molestiam
2442 976 2753 1040 exhiberet,
2790 977 3167 1042 significarent
3206 995 3222 1036 :
3256 980 3338 1033 sin
3385 979 3589 1045 minus,
3626 989 3686 1051 ut

2103 1068 2567 1139 quemadmodum
2620 1071 2960 1124 credendum
3011 1080 3178 1135 esset,
3221 1072 3321 1126 rite
3368 1072 3684 1126 doceretur.

2102 1164 2216 1218 Nec
2245 1179 2439 1234 parum
2475 1179 2539 1219 ea
2576 1180 2664 1218 res
2699 1165 2814 1217 Arii
2848 1167 3097 1234 partibus
3146 1167 3374 1236 profuit.
3414 1165 3685 1234 Opinione

2101 1273 2339 1327 namque
2371 1259 2465 1312 tali
2503 1259 2710 1329 ubique
2763 1262 2878 1314 fere
2919 1261 3067 1329 apud
3114 1261 3403 1330 episcenos
3444 1261 3682 1331 vulgata,

2101 1351 2412 1406 communis
2442 1352 2688 1406 omnium
2734 1352 2800 1405 de
2838 1368 2905 1407 eo
2933 1355 3166 1422 quaestio
3205 1353 3327 1407 luit.
3367 1354 3554 1424 Itaque
3588 1356 3682 1410 alii

2101 1443 2169 1498 ad
2240 1444 2613 1498 Alexandrum
2671 1446 3060 1514 scripserunt,
3117 1462 3465 1516 nequaquam
3531 1448 3683 1516 prius

2101 1535 2294 1590 Arium
2327 1536 2706 1606 recipiendum
2749 1554 2868 1592 esse
2895 1554 3059 1608 quam
3096 1538 3403 1593 solenniter
3435 1539 3687 1607 blasphe-

2104 1628 2224 1683 mia:
2254 1644 2368 1684 sum
2396 1630 2654 1683 nuntium
2692 1630 3036 1696 remisisset,
3072 1632 3164 1685 alii
3201 1640 3391 1685 contra
3436 1631 3588 1685 illum
3625 1640 3684 1685 ut

2102 1721 2251 1791 pium
2280 1731 2335 1776 et
2371 1722 2507 1776 nihil
2542 1722 2595 1776 in
2626 1721 2752 1776 fidei
2779 1722 3025 1778 doctrina
3062 1732 3355 1777 novantem
3385 1722 3570 1794 potius
3593 1724 3688 1776 des

2103 1813 2418 1870 fenderunt.
2457 1814 2768 1870 Alexander
2799 1830 2987 1884 porro,
3017 1832 3142 1870 cum
3182 1828 3437 1870 cerneret
3482 1817 3684 1870 multos

423 1914 550 1979 περὶ
590 1905 811 1978 Ἀρειον
842 1904 1423 1977 συλλαμϐανομένους,
1459 1901 1555 1956 καὶ
1584 1900 1778 1963 ἄλλους
1814 1900 1991 1968 διερε-

2102 1913 2241 1971 tum,
2276 1920 2376 1974 per
2412 1906 2654 1976 speciem
2690 1908 3068 1961 sanctimonim
3103 1918 3158 1961 et
3189 1907 3495 1976 gravitatis,
3531 1910 3685 1962 Aria-

423 1998 700 2063 θίζοντας,
738 1994 1096 2067 Ἀλέξανδρον
1131 1994 1342 2049 πείθειν
1366 1993 1712 2065 εἰσδέχεσθαι
1746 1994 1992 2064 Ἀρειον,

426 2093 524 2145 καὶ
554 2090 794 2161 μάλιστα
823 2090 916 2143 τὸν
974 2088 1352 2159 Νικομηδείας
1388 2088 1677 2153 Εὐσέϐιον,
1711 2086 1879 2159 ἄνδρα
1909 2086 1995 2139 ἐλ-

428 2182 673 2253 λόγιμον,
735 2182 1005 2253 ἑκατέραν
1049 2170 1112 2235 τε
1153 2180 1407 2235 παιδείαν
1461 2183 1542 2244 είς
1603 2181 1772 2250 ἄκρον
1823 2180 1996 2251 ἀσκή-

428 2292 620 2341 σαντα,
650 2275 820 2347 τιμῆς
855 2291 917 2329 τε
940 2273 1207 2345 πλείστης
1243 2277 1300 2327 ὲν
1328 2274 1445 2336 τοῖς
1478 2272 1775 2343 βασιλείοις
1807 2272 1996 2343 εὐμοι-

427 2370 646 2441 ροῦντα,
691 2369 821 2439 περὶ
857 2368 968 2440 γάρ
995 2368 1096 2439 τὴν
1134 2368 1512 2441 Νικομήδειαν
1537 2368 1584 2420 οἱ
1617 2367 1725 2438 πρὸ
1770 2370 1996 2435 Διοκλη-

426 2462 607 2516 τιαγοῦ
675 2461 774 2529 τὴν
840 2461 1130 2533 διατριϐὴν
1199 2458 1369 2531 εῐχον,
1451 2459 1783 2530 διεγείρεται
1825 2474 1838 2489 ⁸
1899 2460 1995 2512 καὶ

427 2554 585 2609 πάλιν
609 2554 708 2608 οὐκ
728 2555 883 2626 ἀνῄει
914 2555 1165 2624 γράφων,
1205 2553 1281 2625 μὴ
1320 2553 1401 2613 είς
1464 2551 1757 2606 κοινωνίαν
1797 2551 1992 2614 αὐτοὺς

426 2647 675 2718 δέχεσθαι
699 2665 714 2682 ’
757 2647 880 2703 λίαν
910 2648 968 2702 δὲ
996 2648 1112 2710 τοῖς
1143 2646 1441 2717 γράμμασι
1473 2646 1569 2699 και⁸
1612 2642 1708 2697 τοῦ
1764 2642 1865 2712 τῆς
1897 2642 1995 2695 Νι-

427 2737 714 2808 κομηδείας
746 2737 1007 2793 Εὐσεὸίου
1030 2736 1348 2808 καθήπτετο
1368 2751 1382 2765 ⁸
1414 2734 1450 2790 ἂ
1483 2734 1540 2789 δὲ
1565 2733 1834 2806 ἔγραφεν,
1854 2729 1994 2806 ἦσαν

427 2846 614 2886 ταυτα.

1013 3033 1267 3091 ΚΕΦΑΛ.
1291 3037 1372 3092 Η’.

437 3133 642 3200 Ἑτέρα
687 3130 981 3199 ἐπιστολὴ
1028 3131 1133 3185 τοῦ
1158 3133 1346 3187 αὐτοῦ
1395 3130 1718 3199 καθολικὴ,
1764 3131 1995 3194 ἀποκη-

485 3204 817 3286 ρρττουιξα,
852 3203 1140 3286 Ἀρειον-ἐ,
1166 3202 1588 3270 καθαπτομένη
1637 3202 1705 3254 δὲ
1757 3203 1850 3254 καὶ
1886 3202 1993 3254 τοῦ
2021 3228 2064 3286 c

493 3271 890 3342 Νικομηδείας
915 3271 1236 3326 Εὐσεϐίου.

501 3387 661 3450 ιΤοῖς
683 3389 988 3459 ἀγαπητοῖς
1030 3387 1126 3440 καὶ⁷
1164 3386 1525 3457 τιμιωτάτοις
1557 3386 1995 3458 συλλειτουργοίς

424 3482 536 3544 τοῖς
596 3478 918 3551 ἁπανταχοῦ
958 3479 1059 3550 τῆς
1093 3478 1396 3549 καθολικῆς
1423 3477 1763 3549 Ἐκκλησίας
1811 3478 1997 3544 Ἀλέξ-

424 3570 618 3640 ανδρος
641 3570 698 3623 ὲν
736 3569 927 3641 Κυρίῳ
956 3571 1198 3642 χαίρειν.
1238 3567 1393 3635 Ἐνὸς
1427 3570 1683 3641 σώματος
1713 3571 1865 3636 ὄντος
1897 3575 1995 3644 τῆς

425 3662 722 3729 καθολικῆς
772 3662 1131 3733 Ἐκκλησίας,
1184 3662 1405 3733 ἐντολῆς
1444 3681 1504 3717 τε
1545 3663 1713 3735 οὔσης
1765 3666 1822 3719 ὲν
1874 3668 1997 3730 ταῖς

427 3754 601 3818 θείαις
641 3756 887 3826 Γραφαϊς
918 3757 1107 3829 τηρεῖν
1129 3755 1223 3810 τὸν
1255 3755 1556 3828 σύνδεσμον
1600 3757 1701 3828 τῆς
1742 3759 1995 3828 ὁμονοίας

426 3848 521 3901 καὶ
572 3848 822 3919 εἰρήνης,
880 3848 1176 3901 ἀκόλουθόν
1232 3850 1351 3902 ἔστι
1401 3851 1639 3920 γράφειν
1691 3851 1839 3920 ἡμᾶς
1898 3852 1995 3903 καὶ

428 3940 717 4010 σημαίνειν
777 3938 1031 4010 ἀλλήλοις
1076 3940 1144 3994 τὰ
1190 3939 1325 4012 παρ’
1368 3940 1623 4006 ἑκάστοις
1688 3943 1948 4010 γινόμενα
1976 3959 1989 3973 ·

426 4030 512 4086 ἵνα
544 4032 654 4086 εἴτε
686 4032 888 4104 πάσχει
917 4033 1032 4087 εἴτε
1062 4034 1246 4105 χαίρει
1270 4032 1329 4088 ἓν
1351 4089 1360 4096 _
1380 4032 1565 4105 μέλος,
1598 4033 1630 4105 ἢ
1660 4036 1996 4104 συμπάσχω-

427 4122 593 4193 μενῆ
658 4124 1051 4196 συγχαίρωμεν
1114 4124 1388 4196 ἀλλήλοις.
1462 4124 1552 4177 Ἐν
1603 4127 1670 4196 τῇ
1744 4125 1993 4195 ἡμετέρα

430 4219 600 4272 τοίνυν
628 4220 896 4288 παροικίᾳ
923 4216 1148 4288 ἐξῆλθον
1179 4216 1276 4271 νῦν
1330 4216 1526 4288 ἄνδρες
1558 4218 1870 4287 παράνομοι
1900 4217 1993 4269 καὶ

424 4310 469 4362 Χ
479 4310 822 4379 ριστομάχοι,
862 4308 1211 4372 διδάσκοντες
1241 4308 1618 4362 ἀποστασίαν·
1657 4307 1725 4379 ῆν
1763 4308 1994 4371 εἰκότως

423 4403 490 4455 ἄν
525 4419 606 4465 τις
663 4402 975 4472 πρόδρομον
1031 4403 1126 4454 τοῦ
1181 4401 1566 4471 ’Λντιχρίστου
1610 4402 1858 4471 νομίσειε
1900 4400 1994 4453 καὶ

422 4495 690 4549 καλέσειε.
722 4496 828 4548 Καὶ
846 4493 1151 4564 ἐδουλόμην
1190 4493 1291 4562 μὲν
1341 4495 1523 4564 σιωπῇ
1558 4490 1898 4562 παραδοῦναι
1928 4492 1992 4544 τὸ

422 4584 683 4651 τοιοῦτον,
712 4586 778 4638 ἶν’
807 4584 939 4649 ἴσως
964 4587 1023 4638 ὲν
1055 4586 1170 4647 τοῖς
1223 4585 1566 4648 ἀποστάταις
1620 4584 1807 4654 μόνοις
1863 4583 1993 4640 ἀνα·
2024 4563 2071 4622 D

422 4679 565 4751 λωθῇ
597 4679 657 4732 τὸ
704 4681 899 4746 κακὸν,
929 4680 1029 4732 καὶ
1064 4681 1139 4752 μὴ
1163 4682 1243 4742 είς
1284 4678 1511 4750 ἑτέρους
1545 4679 1750 4742 τόπους
1777 4678 1989 4743 διαύὰν,

423 4776 652 4849 ῥυπώσῃ
678 4776 840 4831 τινῶν
876 4775 1154 4848 ἀκεραίων
1179 4776 1278 4836 τὰς
1318 4775 1490 4836 ἀκοάς
1516 4789 1532 4806 ·
1566 4773 1755 4843 ἐπειδὴ
1786 4772 1843 4825 δὲ
1890 4770 1995 4824 Εὑ-

424 4868 601 4932 σέειος
627 4871 654 4921 ό
702 4866 799 4923 νῦν
832 4870 889 4920 ὲν
919 4870 987 4938 τῇ
1016 4866 1380 4940 Νικομηδείᾳ,
1415 4866 1652 4936 νομίσας
1707 4865 1795 4917 ἐπ’
1827 4864 1992 4918 αὑτοῦ

422 4958 636 5011 κεῖσθαι
684 4957 752 5011 τὰ
792 4955 893 5027 τῆς
961 4957 1318 5026 Ἐκκλησίας,
1373 4957 1457 5009 ὅτι
1510 4954 1847 5024 καταλείψας
1894 4955 1993 5025 τὴν

421 5047 686 5120 Βηρυτὸν,
712 5050 807 5102 καὶ
831 5048 1253 5119 ἐποφθαλμίσας
1299 5050 1366 5120 τῇ
1396 5047 1701 5119 Ἐκκλησία
1740 5048 1993 5118 Νικομη-

420 5143 572 5206 δέων,
602 5142 703 5195 οὐκ
734 5141 1083 5210 ἐκδεδίκηται
1125 5140 1196 5193 τά
1256 5141 1382 5192 κατ’
1421 5139 1605 5206 αὑτὸν,
1660 5140 1993 5209 προΐσταται

422 5230 517 5282 καὶ
541 5229 746 5282 τούτων
775 5230 886 5281 τῶν
913 5228 1262 5295 ἀποστατῶν,
1285 5231 1377 5282 καὶ
1403 5230 1641 5299 γράφειν
1665 5233 1992 5301 ἐπεχείρησε

423 5320 721 5392 πανταχοῦ,
754 5321 1022 5375 συνιστῶν
1050 5321 1273 5386 αὐτοὺς,
1323 5320 1414 5376 ἵνα
1466 5322 1543 5393 μὴ
1576 5323 1708 5386 ἴσως
1741 5323 1990 5394 ύποσύρῃ

418 5413 570 5479 τινάς
601 5414 940 5497 ἀγνοοῦντας
972 5417 1049 5476 εἰς
1077 5414 1175 5481 τὴν
1215 5415 1453 5487 ἐσχάτην
1476 5414 1571 5468 καὶ
1602 5416 1991 5488 Χριστομάχον

422 5506 654 5576 αἵρεσιν,
685 5507 934 5576 ἀνάγκην
980 5506 1162 5579 ἔσχον,
1192 5506 1349 5570 εἰδὼς
1380 5508 1441 5560 τὸ
1487 5511 1545 5560 ἐν
1577 5508 1656 5579 τῷ
1710 5508 1862 5580 νόμῳ
1904 5527 1995 5576 γε-

426 5599 795 5669 γραμμένον,ξ
820 5599 1023 5670 μηκέτι
1085 5601 1186 5670 μὲν
1232 5600 1535 5670 σιωπῆσαι,
1582 5602 1903 5670 ἀναγγεῖλαι
1937 5604 1994 5657 δὲ

426 5696 592 5749 πᾶσιν
622 5696 777 5766 ύμῖν,
799 5697 889 5749 ἴνα
921 5696 1232 5768 γινώσκητε
1271 5697 1401 5761 τούς
1435 5713 1495 5750 τε
1547 5698 1863 5762 ἀποστάτας
1897 5717 1990 5767 γε·

492 5860 564 5929 tl)
596 5860 873 5917 Socrates.
916 5860 1112 5916 Ercles.
1150 5861 1334 5915 histor.
1370 5861 1467 5916 lib.
1507 5877 1542 5929 ι,
1574 5838 1693 5932 cap.
1722 5861 1775 5916 θ.

2098 2013 2200 2053 nos
2244 1997 2311 2052 ad
2349 2013 2408 2053 se
2454 1998 2751 2054 admittere
2790 2019 2802 2052 :
2849 2001 3054 2053 multos
3087 2001 3255 2055 etiam
3308 2002 3590 2071 instigare,
3624 2010 3684 2055 ut;

2098 2088 2215 2159 ipSe
2246 2090 2314 2145 ad
2358 2091 2736 2161 recipiendum
2773 2093 2827 2145 in
2863 2093 3094 2161 gratiam
3147 2093 3335 2146 Arium
3383 2094 3683 2162 persuade-

2098 2191 2253 2237 retur
2306 2202 2321 2239 :
2372 2184 2610 2240 maxime
2660 2200 2791 2242 vero
2838 2184 3141 2240 Eusebium
3178 2185 3679 2250 Nicomediensem,

2098 2275 2277 2329 virum
2341 2279 2711 2347 praeclarum,
2767 2291 2932 2349 atque
2989 2277 3042 2331 in
3104 2287 3339 2347 utraque
3388 2278 3680 2348 dist'ipliua

2098 2384 2311 2423 summe
2336 2383 2639 2437 versatum,
2668 2382 2724 2425 et
2756 2371 2809 2425 in
2844 2372 3114 2442 imperiali
3146 2372 3347 2442 palatio
3381 2372 3678 2441 plurimum

2101 2461 2427 2515 honoratum
2468 2464 2761 2534 (siquidem
2792 2464 3145 2530 Nicomediae,
3182 2468 3274 2535 qui
3315 2477 3440 2519 ante
3472 2467 3684 2521 Diocle-

2101 2552 2308 2607 tianum
2343 2553 2500 2611 l'ucre
2546 2557 2850 2627 principes,
2890 2559 3286 2627 imperatorum
3334 2557 3680 2611 domicilium

2098 2648 2526 2721 constituerant)
2550 2652 2791 2721 seipsum
2819 2655 3044 2717 excitat,
3070 2661 3233 2723 atque
3264 2653 3372 2707 illis
3402 2652 3678 2718 rescribit,

2096 2739 2333 2796 Arianos
2388 2758 2447 2797 se
2506 2745 2572 2797 ad
2627 2746 3076 2801 communionem
3130 2762 3240 2799 non
3301 2758 3677 2815 recepturum.

2100 2834 2409 2888 Admodum
2453 2846 2635 2889 autem
2672 2836 2872 2893 litteris
2908 2839 3023 2894 Suis
3057 2839 3538 2895 Nicomediensem
3571 2839 3682 2894 Eu-

2099 2923 2315 2980 sebiqu
2348 2927 2660 2994 pertrinxit,
2697 2914 2818 2999 quae
2848 2930 2926 2984 sic
2958 2930 3182 2985 habent.

2693 3042 2915 3099 CAPUT
2959 3045 3094 3099 VIII.

2097 3130 2219 3186 Alia
2248 3133 2481 3211 eiusdem
2532 3136 2755 3206 epistola
2798 3138 3003 3211 publice
3040 3142 3295 3193 universis
3338 3143 3560 3211 scripta,
3622 3146 3679 3198 in

2208 3219 2275 3278 tta
2308 3205 2460 3278 Arius
2487 3205 3007 3260 exeommunicatur:
3028 3211 3082 3262 in
3102 3227 3206 3278 qua
3237 3214 3393 3266 ctiam
3426 3205 3679 3269 Eusebius

2224 3274 2489 3328 icomediw
2525 3279 2793 3348 episcopus
2823 3274 3221 3348 perstringitur.

2180 3405 2198 3438 ι
2238 3386 2593 3459 Charissimis
2618 3390 2695 3462 (I)
2720 3400 2774 3445 et
2807 3393 3309 3455 reverendissimis,
3342 3396 3435 3465 qui
3473 3397 3679 3468 ubique

2099 3490 2250 3544 sunt,
2275 3497 2376 3552 per
2402 3482 2728 3538 catholiCam
2756 3484 3079 3550 Ecelesiam,
3101 3488 3347 3557 collegis,
3372 3490 3680 3547 Alexander

2100 3573 2152 3626 in
2195 3573 2428 3630 Domino
2476 3576 2731 3631 salutem.
2780 3577 2918 3632 Cum
2966 3593 3168 3650 corpus
3227 3598 3396 3635 unum
3444 3583 3515 3637 sit
3562 3586 3677 3653 ipsa

2098 3666 2367 3721 catholica
2402 3664 2672 3731 Ecclesia,
2699 3678 3146 3740 praeceptumque
3178 3682 3356 3728 exstet
3392 3673 3443 3728 in
3479 3677 3681 3733 divinis

2098 3756 2321 3821 litteris,
2359 3770 2417 3812 ut
2465 3759 2749 3814 vinculum
2801 3763 3116 3817 concordia:
3160 3774 3215 3819 et
3261 3768 3410 3835 pacis
3443 3771 3681 3824 retinea-

2098 3866 2241 3908 mus.
2277 3866 2593 3921 per-aequum
2620 3862 2701 3907 est
2734 3864 2795 3909 ut
2820 3855 2942 3909 aliis
2973 3857 3065 3910 alii
3095 3858 3352 3926 invicem,
3378 3877 3499 3931 quae
3528 3864 3676 3932 apud

2097 3958 2346 4012 quosque
2392 3943 2675 4011 accidunt,
2731 3948 3162 4016 perseribamus,
3217 3962 3275 4006 ut
3320 3954 3435 4008 sive
3496 3954 3680 4011 doleat

2096 4047 2191 4086 seu
2230 4031 2447 4087 Iaztetur
2498 4036 2804 4091 membrum
2852 4055 3047 4104 unutn,
3104 4041 3207 4112 ipsi
3260 4043 3406 4098 inter
3453 4062 3553 4103 nos
3589 4050 3677 4104 vel

2097 4124 2493 4180 eundoleamus
2523 4129 2609 4181 vel
2646 4135 3120 4201 congratulcmur.
3170 4137 3227 4191 In
3268 4137 3511 4195 Ecclesia
3540 4158 3676 4199 sane

2098 4225 2285 4271 nostra
2336 4230 2771 4274 cxsurrexerunt
2806 4240 2952 4277 nunc
2990 4226 3089 4279 viri
3149 4228 3323 4298 iniqui
3374 4241 3427 4284 et
3463 4231 3675 4289 Christi

2099 4310 2330 4372 inimici,
2362 4310 2726 4367 defectionem
2772 4315 3053 4378 docentes,
3093 4318 3254 4390 547
3310 4338 3472 4391 quam
3527 4337 3675 4382 recte

2096 4403 2276 4473 quivis
2326 4396 2724 4474 praecursorem
2770 4409 3096 4465 Antichristi
3154 4414 3558 4470 existimaverit
3587 4428 3674 4472 at-

2096 4513 2203 4567 que
2232 4498 2450 4552 dixerit.
2486 4499 2890 4556 Constiturram
2915 4505 3168 4573 equidem
3198 4507 3250 4559 id
3276 4508 3499 4565 silentio
3520 4526 3640 4566 Com
3661 4542 3675 4552 -

2099 4588 2336 4653 mittere,
2375 4597 2431 4643 ul
2466 4588 2606 4643 forte
2646 4593 2791 4647 inter
2816 4594 2964 4648 solos
2994 4595 3310 4652 desertores
3340 4602 3539 4655 malum
3573 4604 3677 4658 hoc

2097 4694 2538 4749 consumeretur,
2569 4698 2747 4753 neque
2776 4686 2825 4738 in
2856 4686 2973 4741 loca
3009 4689 3111 4743 alia
3145 4705 3518 4760 pregrcssum,
3547 4713 3683 4752 sm.

2096 4774 2324 4844 plicium
2357 4778 2721 4846 quorumdam
2763 4794 2926 4833 aures
2956 4786 3381 4840 contaminaret.
3413 4788 3676 4851 Quando-

2097 4867 2321 4936 quidem
2360 4884 2492 4922 vero
2545 4870 2836 4929 Eusebius.
2877 4874 2968 4942 qui
3023 4891 3170 4929 nunc
3204 4877 3538 4935 Nicomedia:
3570 4892 3677 4949 est,

2098 4960 2150 5013 in
2189 4975 2247 5013 se
2275 4962 2534 5017 Ecclesia:
2584 4978 2672 5018 res
2703 4967 2837 5019 sitas
2870 4983 2991 5021 esse
3027 4971 3354 5024 existimans
3390 4976 3675 5042 (quoniam

2099 5055 2154 5108 in
2185 5069 2338 5117 eum,
2371 5063 2519 5126 quod
2568 5058 2764 5130 Beryto
2798 5061 3008 5126 relicta,
3047 5064 3225 5119 oculis
3258 5066 3582 5136 cupiditath
3620 5069 3678 5124 ir.

2096 5149 2896 5221 N5eomedicnsemiEcclesiam
2931 5159 3181 5229 adjectis,
3213 5177 3331 5215 eam
3369 5174 3682 5220 assectatus

2097 5250 2202 5306 est,
2247 5241 2494 5311 legitime
2539 5245 2878 5301 vindicatum
2915 5266 3022 5302 non
3055 5256 3184 5319 est),
3219 5257 3556 5323 patrocinari
3585 5257 3681 5312 de-

2096 5334 2404 5388 sertoribus
2450 5337 2592 5403 istis,
2643 5346 2697 5392 et
2737 5340 2803 5393 ad
2850 5341 2965 5396 loca
3008 5344 3215 5412 qumvis
3268 5348 3534 5407 scribere,
3580 5365 3680 5402 eos

2100 5430 2517 5497 commendans,
2567 5432 2757 5503 cmpit,
2803 5450 2872 5490 ne
2929 5437 3070 5491 forte
3114 5438 3432 5507 ignorantes
3462 5441 3676 5509 aliquos

2099 5519 2156 5573 in
2197 5530 2498 5576 extremam
2547 5531 2602 5577 et
2644 5526 2850 5581 Christi
2910 5528 3190 5583 inimicam
3240 5531 3489 5585 luercsim
3542 5549 3669 5601 per-

2101 5613 2301 5677 trahat,
2337 5628 2566 5669 necesse
2616 5615 2816 5683 habeo,
2854 5619 2905 5672 id
2946 5619 3094 5689 quod
3139 5621 3190 5673 in
3243 5620 3361 5689 lege
3404 5625 3675 5692 scriptum

2100 5714 2179 5760 est
2214 5707 2476 5762 memoria
2512 5717 2726 5776 tenens,
2767 5713 3001 5782 amplius
3030 5729 3138 5767 non
3171 5714 3355 5779 silere,
3389 5716 3481 5770 sed
3518 5726 3679 5771 VUIHS
