4118 6466
477 446 551 510 39
1654 430 2089 497 NICEPBORI
2126 422 2479 492 CALLISTI
3675 421 3745 484 ΔΟ

472 577 586 616 rem
644 572 767 615 eam
828 553 1091 612 omnibus
1136 549 1493 618 annuntiare,
1544 554 1605 605 ut
1648 558 1705 604 et
1749 546 2085 605 defectores

2190 546 2430 617 ‘ottévou;
2453 542 2548 597 καὶ
2577 542 2647 595 τὰ
2666 541 2766 611 τῆς
2797 540 3068 614 αἱρέσεως
3116 536 3300 593 αὐτῶν
3361 537 3607 606 δύστηνα
3655 536 3750 606 ῥή-

474 656 627 724 ipsos
658 661 826 721 atque
867 648 1214 717 inauspicata
1256 659 1449 700 eorum
1478 644 1646 699 verba
1672 641 2055 713 cognoscatis:

470 756 527 801 et
573 761 698 801 cum
752 743 1027 798 Eusebius
1079 738 1390 810 scripserit,
1431 736 1680 791 animum
1739 735 1806 790 ad
1840 733 2059 788 litteras

470 838 590 909 ejus
617 851 727 889 non
755 832 1072 888 attendatis.
1100 828 1319 882 Dudum
1343 840 1581 895 namque
1610 823 2055 878 malevolentiam

476 944 637 984 suam
676 937 925 995 tempore
966 922 1323 985 occultatam,
1372 934 1521 975 nunc
1561 916 1785 972 tandem
1821 929 1921 985 per
1957 914 2061 967 hos

472 1035 745 1093 renovare
779 1016 997 1081 volens,
1032 1030 1144 1086 prae
1173 1028 1235 1068 se
1277 1012 1386 1067 fert
1416 1011 1510 1066 illc
1538 1008 1762 1080 quidem
1799 1015 2059 1075 tanquam

473 1127 578 1183 pro
626 1111 715 1165 his
760 1109 992 1175 scribat,
1042 1122 1240 1162 revera
1296 1114 1482 1159 autem
1525 1117 1626 1172 pro
1674 1100 1857 1169 seipso
1907 1095 1960 1149 id
2004 1108 2064 1147 se

476 1203 730 1259 studiose
782 1202 969 1255 facere
1022 1196 1296 1251 declarat.
1352 1193 1416 1248 Et
1465 1192 1781 1246 desertores
1839 1183 2063 1255 quidem

474 1304 625 1356 sunt,
680 1294 869 1360 Arius,
911 1289 1179 1353 Achillas,
1233 1284 1503 1348 Aitbales,
1554 1282 1864 1351 Carpones,
1924 1277 2066 1329 alter

474 1388 666 1450 Arius,
691 1385 995 1448 Sarmates,
1018 1381 1282 1444 Euzoius,
1308 1376 1535 1441 Lucius,
1560 1374 1832 1432 Julianus,
1858 1369 2064 1430 Menas,

476 1481 782 1544 llelladius,
813 1476 1003 1542 Caius,
1033 1486 1088 1530 et
1116 1489 1241 1529 cum
1272 1472 1353 1527 eis
1388 1467 1678 1523 Secundus
1700 1474 1757 1519 et
1785 1464 2065 1521 Theonas,

477 1569 783 1641 aliquando
805 1566 1055 1638 episcopi
1084 1564 1242 1619 dicti.
1270 1562 1402 1628 Quae
1430 1575 1566 1615 vero
1596 1567 1789 1612 contra
1816 1555 2069 1623 Scriptu-

478 1679 569 1717 ras
624 1663 921 1716 adinventa
981 1659 1207 1723 docent,
1261 1656 1378 1709 haec
1429 1662 1559 1707 sunt
1612 1668 1627 1705 :
1678 1650 1801 1705 Non
1851 1660 2070 1717 semper

481 1758 625 1809 Deus
672 1762 830 1825 pater
878 1762 1034 1816 erat,
1084 1749 1181 1804 sed
1231 1758 1350 1801 erat
1401 1762 1525 1800 cum
1576 1743 1719 1796 Deus
1757 1750 1913 1811 pater
1961 1755 2068 1792 non

480 1856 602 1901 erat
639 1865 652 1900 :
687 1859 799 1899 non
838 1858 1057 1912 semper
1081 1841 1249 1911 igitur
1286 1839 1381 1893 Dei
1416 1837 1655 1891 Verbum
1688 1844 1828 1899 erat,
1874 1832 1970 1887 sed
2002 1847 2071 1885 ex

2167 637 2352 710 ματαξο
2378 636 2475 691 καὶ
2510 635 2607 689 ἑὰν
2637 632 2827 706 γράφῃ
2861 632 3148 695 Εὐσέϐιος,
3185 630 3262 700 μὴ
3295 629 3607 699 πρόσχητε.
3637 627 3750 694 Τὴν

2163 729 2336 785 πάλαι
2356 727 2468 798 γάρ
2500 725 2666 779 αὑτοῦ
2698 725 2994 777 κακόνοιαν
3018 721 3119 791 τὴν
3163 720 3341 791 χρόνῳ
3366 715 3747 786 σιωπηθεωαν

2163 822 2262 876 νῦν
2292 822 2383 874 διά
2401 818 2611 874 τούτων
2630 817 2941 871 ἀνανεῶσαι
2968 814 3317 884 βουλόμενος,
3344 806 3750 880 σχηματίζεται

2168 913 2269 984 μὲν
2299 914 2375 975 ὡς
2409 910 2553 979 ὑπὲρ
2599 908 2807 961 τούτων
2858 908 3093 976 γράφων
3114 946 3128 967 ,
3163 904 3312 975 ἔργῳ
3359 901 3419 954 δὲ
3452 900 3754 961 δείκνυσιν,

2164 1004 2242 1067 ὡς
2276 1004 2359 1057 ὅτι
2390 1002 2535 1071 ὑπὲρ
2572 999 2768 1053 ἑαυτοῦ
2799 997 3119 1059 σπουδάζων
3149 994 3310 1047 τοῦτο
3358 992 3536 1044 ποιεῖ.
3564 990 3627 1043 0i
3660 988 3754 1055 μιν

2165 1096 2261 1150 οὖν
2291 1096 2601 1148 ἀποστάται
2650 1092 2795 1145 εἰσὶν
2829 1091 3077 1158 ’Λρειος,
3124 1085 3400 1156 Ἀχιλλᾶς.
3436 1078 3756 1148 Ἀειθαλὴς,

2168 1189 2261 1242 καὶ
2292 1187 2633 1254 Καρπὼνης,
2669 1182 2763 1234 ml
2791 1182 2977 1250 ἕτερος
3005 1180 3247 1249 Ἀρειος,
3289 1175 3393 1228 καὶ
3429 1176 3507 1227 Σα
3521 1170 3759 1242 ρμάτης,

2167 1288 2262 1339 καὶ
2286 1282 2548 1347 Εὐζώῖος,
2593 1281 2689 1333 καὶ
2722 1278 2975 1343 Λούκιος,
3035 1277 3132 1330 καὶ⁵
3160 1272 3477 1335 Ἰουλιανὸς,
3508 1270 3609 1324 καὶ
3640 1268 3761 1336 Μη-

2169 1381 2292 1444 νᾶς,
2331 1379 2427 1430 καὶ
2463 1376 2767 1439 ”Ε).)άδιος,
2806 1371 3115 1435 καὶΤάῖος,
3149 1371 3242 1422 καὶ
3287 1368 3386 1420 σὺν
3424 1366 3631 1425 αὐτοῖς
3661 1362 3763 1415 Σε-

2172 1473 2401 1534 κοῦνδος
2431 1473 2527 1523 καὶ
2551 1469 2778 1531 Θεωνᾶς
2810 1468 2860 1520 οἱ
2889 1466 3023 1519 ποτε
3085 1463 3376 1534 λεχθέντες
3435 1461 3760 1514 ἐπίσκοποι.

2174 1568 2312 1619 ῐῐοῖα
2356 1562 2415 1616 δὲ
2462 1561 2617 1632 παρὰ
2644 1561 2743 1623 τὰς
2794 1558 3018 1627 Γραφάς
3080 1554 3413 1626 ἐφευρόντες
3469 1548 3761 1610 λαλοῦσιν,

2173 1658 2293 1711 ἔστι
2326 1655 2524 1710 ταῦτα.
2558 1654 2674 1707 Οὐκ
2708 1652 2797 1705 ἀεὶ
2828 1653 2854 1705 6
2885 1652 3019 1714 Θεὸς
3055 1648 3235 1717 πατὴρ
3293 1642 3384 1716 ἢν,
3422 1642 3539 1696 ἀλλ’
3578 1636 3648 1711 ἦν
3675 1638 3763 1691 ὅτε

2170 1749 2198 1799 6
2230 1744 2363 1807 Θεὸς
2399 1742 2581 1811 πατὴρ
2617 1741 2719 1793 οὐκ
2744 1736 2845 1810 ἦν·
2880 1739 2980 1792 οὐκ
3032 1737 3119 1789 ἀεὶ
3172 1734 3265 1788 οὖν
3312 1730 3383 1805 ἦν
3436 1733 3466 1784 6
3498 1729 3598 1782 τοῦ
3629 1723 3765 1779 Θεοῦ

2177 1838 2374 1900 Λόγος,
2409 1834 2525 1888 ἀλλ’
2562 1835 2620 1898 ἐξ
2657 1835 2758 1885 οὐκ
2783 1832 2955 1885 ὅντων
2983 1831 3230 1897 γέγονεν.
3277 1824 3337 1879 '0
3372 1824 3487 1893 γὰρ
3523 1820 3603 1873 ῶν
3633 1816 3767 1877 Θεὸς

482 1956 593 1995 non
628 1937 1028 1994 exsistentibus
1064 1935 1269 1989 factum
1305 1940 1412 1988 est.
1439 1930 1541 1998 Qui
1579 1929 1728 1983 enim
1760 1935 1877 1982 erat
1914 1927 2079 1990 Deus,

2190 1928 2253 1980 τὰ
2280 1928 2355 1996 μὴ
2385 1926 2514 1979 ὄντα
2547 1927 2608 1978 ὲκ
2640 1925 2731 1978 τοῦ
2793 1922 2869 1993 μὴ
2897 1921 3051 1981 ὄντος
3089 1918 3387 1987 πεποίηκε.
3446 1915 3541 1967 Διὸ
3571 1911 3664 1963 καὶ
3700 1905 3768 1979 ἦν

485 2049 615 2089 eum
648 2031 743 2101 qui
795 2046 905 2084 non
943 2037 1084 2093 erat,
1119 2043 1184 2083 ex
1219 2042 1325 2081 non
1356 2019 1661 2080 exsistente
1702 2022 1852 2076 fecit.
1888 2019 2075 2089 Itaque

482 2124 789 2195 aliquando
834 2132 954 2177 erat
1004 2131 1245 2190 tempus,
1296 2133 1422 2172 cum
1461 2132 1572 2170 non
1616 2123 1759 2180 erat,
1795 2113 2074 2182 siquidem

481 2228 739 2272 creatura
773 2223 826 2267 et
871 2212 1082 2267 factura
1128 2217 1214 2264 est
1247 2208 1440 2263 Filius.
1486 2207 1678 2277 Neque
1712 2220 1843 2259 vero
1877 2202 2079 2259 similis

483 2309 802 2365 substantia
828 2316 915 2359 est
947 2305 1115 2367 Patri,
1145 2318 1325 2373 neque
1350 2318 1541 2355 verum
1575 2311 1629 2355 et
1660 2299 1909 2355 naturale
1948 2298 2082 2354 Ver-

496 2403 631 2457 bum
667 2400 843 2453 l‘atris
883 2406 989 2461 est,
1017 2411 1199 2466 neque
1230 2396 1396 2448 etiam
1437 2408 1563 2447 vera
1611 2393 1881 2462 sapientia
1913 2392 2031 2462 ejus
2063 2409 2077 2445 :

496 2494 594 2550 sed
639 2506 786 2546 unus
818 2490 1043 2561 quidem
1079 2505 1145 2543 ex
1179 2487 1384 2541 creatis
1425 2496 1481 2539 et
1523 2485 1813 2550 factis‘cst,
1853 2482 2083 2537 abusive

487 2596 676 2642 autem
707 2583 953 2640 Verbum
983 2591 1040 2636 et
1075 2579 1356 2650 Sapientia
1392 2581 1592 2632 iactus.
1628 2578 1695 2630 Et
1724 2578 1840 2646 ipse
1870 2575 1923 2627 in
1953 2589 2084 2644 pro-

489 2681 615 2748 prio
645 2693 742 2752 seu
767 2677 954 2730 nativo
985 2674 1082 2728 Dei
1110 2673 1317 2739 Verbo,
1348 2681 1402 2724 et
1436 2672 1490 2725 in
1527 2670 1624 2724 Dei
1663 2668 1947 2739 Sapientia
1974 2677 2081 2731 est,

491 2770 547 2823 in
574 2782 681 2839 qua
725 2774 782 2820 et
806 2763 993 2819 omnia
1026 2773 1082 2819 et
1112 2763 1290 2832 ipsum
1329 2776 1551 2831 quoque
1581 2759 1713 2814 fecit
1745 2758 1910 2825 Deus.
1953 2757 2088 2811 Pro-

491 2870 682 2931 pterea
707 2858 875 2913 etiam
915 2854 1216 2910 mutationi
1244 2863 1300 2909 et
1333 2853 1648 2909 alterationi
1684 2861 1882 2906 natura
1909 2851 2085 2906 obno-

490 2953 617 3008 xius
660 2959 767 3013 est,
810 2950 975 3004 sicuti
1006 2947 1194 3002 omnia
1226 2962 1449 3017 quoque
1490 2946 1810 3000 rationalia.
1838 2943 2089 3015 Peregri-

494 3060 627 3101 num
674 3058 899 3115 quoque
936 3050 993 3097 et
1035 3041 1275 3096 alienum
1321 3049 1787 3110 segregatumque
1820 3046 1905 3093 est
1955 3038 2090 3092 Ver-

491 3137 625 3191 bum
669 3150 699 3189 a
735 3134 1046 3190 substantia
1091 3133 1208 3187 Dei.
1242 3132 1312 3187 Et
1361 3131 1760 3186 inenarrabilis
1794 3136 1880 3185 est
1919 3127 2088 3184 Pater

493 3228 636 3284 Filio
674 3245 687 3282 :
717 3243 899 3298 neque
923 3227 1072 3282 enim
1098 3223 1345 3296 perfecte
1372 3239 1601 3280 cernere
1631 3233 1816 3293 potest
1845 3223 2088 3280 Verbum

494 3320 738 3387 Patrem,
776 3335 958 3389 neque
991 3320 1245 3390 perfecte
1291 3329 1345 3373 et
1374 3330 1527 3373 certo
1565 3333 1690 3372 eum
1726 3332 2086 3387 cognoscere.

497 3411 664 3485 548
700 3412 922 3466 Etenim
977 3426 1133 3465 suam
1197 3412 1368 3481 ipsius
1419 3424 1640 3481 quoque
1696 3409 2084 3475 substantiam,

496 3507 575 3558 uti
632 3514 739 3570 est,
775 3503 946 3558 Filius
986 3519 1092 3557 non
1142 3504 1296 3557 novit
1349 3520 1362 3557 :
1418 3510 1649 3572 propter
1697 3515 1799 3555 nos
1837 3514 2082 3571 namque

496 3597 678 3653 factus
712 3607 819 3664 est,
855 3607 911 3650 ut
942 3613 1042 3652 nos
1086 3612 1185 3667 per
1226 3595 1587 3663 eum,.veluti
1627 3596 2086 3661 instrumentum,

499 3698 717 3744 erraret
750 3690 894 3745 Deus
928 3710 939 3743 :
979 3705 1158 3760 neque
1196 3689 1242 3744 is
1278 3689 1642 3754 substitisset,
1666 3686 1773 3740 nisi
1808 3701 1910 3742 nos
1946 3686 2091 3741 Deus

500 3799 694 3839 creare
735 3783 1032 3838 voluisset.
1073 3782 1307 3851 Regavit
1349 3782 1516 3853 igitur
1545 3775 1927 3850 eos'quidam.
1961 3777 2095 3832 Pos-

503 3887 661 3932 setne
689 3877 935 3933 Verbum
964 3876 1060 3931 Dei
1094 3876 1321 3940 mutari,
1362 3876 1528 3930 sicuti
1561 3874 1817 3928 diabolus
1848 3881 2091 3927 mutatus

503 3970 629 4024 est?
683 3978 848 4039 atque
902 3968 980 4024 illi
1047 3968 1385 4038 respondere
1441 3982 1554 4020 non
1623 3963 2089 4028 reformidarunt,

502 4062 676 4118 Posse
717 4081 732 4117 :
764 4062 1052 4118 mutabilis
1075 4060 1223 4115 enim
1255 4070 1465 4115 natura:
1498 4074 1642 4122 esse,
1668 4057 2011 4129 generationi
2038 4066 2097 4113 et

504 4156 803 4210 mutationi
837 4154 1167 4209 obnoxium.
1202 4153 1329 4209 Haec
1359 4153 1631 4216 dicentes,
1676 4163 1843 4220 atque
1877 4151 1964 4207 bis
1991 4152 2097 4205 im-

506 4254 782 4317 pudenter
825 4262 951 4302 sese
983 4246 1336 4301 venditantes
1370 4245 1626 4308 Arianos,
1672 4252 2098 4313 sectatoresque

508 4357 724 4409 eorum,
771 4357 873 4397 nos
919 4341 1141 4408 quidem
1176 4355 1301 4394 cum
1352 4338 1626 4411 Egyptiis
1668 4349 1724 4392 et
1777 4337 1974 4392 vicinis
2008 4334 2100 4390 Li-

511 4434 666 4504 bycis
709 4432 828 4487 fere
877 4442 1102 4487 centum
1156 4446 1388 4485 numero
1453 4430 1765 4500 episcopis,
1819 4436 2097 4483 conventu

512 4535 682 4587 acto,
735 4523 1087 4578 anathemate
1149 4523 1548 4596 jugulavimus.
1620 4520 1897 4575 Eusebius
1967 4533 2101 4573 vero

2181 2022 2311 2073 ποτὲ
2342 2023 2430 2073 ὅτε
2472 2021 2570 2072 οὐκ
2599 2014 2688 2089 ἦν.
2730 2016 2950 2085 Κτίσμα
2981 2014 3092 2084 γάρ
3145 2014 3261 2065 ἐστι
3324 2010 3424 2063 καὶ
3459 2005 3679 2077 ποίημα
3740 2002 3770 2054 6

2186 2114 2336 2175 Υἱός.
2372 2112 2513 2166 Οὔτε
2549 2112 2604 2165 δὲ
2639 2113 2827 2180 ὅμοιος
2873 2107 2998 2161 κατ’
3033 2106 3221 2159 οὐσίαν
3253 2104 3330 2173 τῷ
3361 2101 3540 2172 Πατρί
3596 2100 3769 2161 ἐστιν,

2182 2206 2306 2260 οὔτε
2341 2205 2618 2274 ἀληθινὸς,
2647 2204 2743 2257 καὶ
2796 2201 2957 2269 φύσει
2985 2203 3081 2251 τοῦ
3116 2196 3328 2265 Πατρδς
3362 2195 3545 2261 Λόγος
3578 2190 3767 2244 ἐστίν’

2182 2299 2307 2353 οὔτε
2332 2297 2563 2369 ἀληθινὴ
2592 2298 2755 2365 σοφία
2783 2295 2951 2349 αὺτοῦ
2995 2293 3143 2346 ἐστίν
3168 2306 3183 2323 ·
3217 2289 3334 2344 ἀλλ’
3370 2285 3453 2351 εἷς
3503 2290 3605 2356 μὲν
3659 2284 3770 2335 τῶν

2187 2392 2517 2459 ποιημάτων
2552 2392 2649 2442 καὶ
2670 2385 2951 2456 γεννητῶν
2978 2385 3096 2437 ἐστι
3123 2398 3140 2414 ο
3197 2377 3667 2451 καταχρηστικῶς
3716 2373 3773 2426 δὲ

2184 2484 2359 2552 Λόγος
2391 2483 2482 2535 καὶ
2517 2482 2682 2550 σοφία
2711 2482 3028 2549 γενόμενος.
3077 2477 3186 2532 Καὶ
3238 2476 3401 2539 αὐτὸς
3467 2472 3549 2537 δὲ,
3606 2474 3665 2525 ὲν
3695 2467 3771 2536 τῷ

2190 2576 2306 2645 ἰδίῳ
2333 2574 2425 2628 τοῦ
2460 2572 2597 2626 Θεοῦ
2633 2572 2794 2641 Λόγῳ
2826 2572 2918 2623 καὶ
2940 2572 3006 2639 τῇ
3043 2571 3101 2621 ὲν
3126 2567 3205 2638 τῷ
3233 2566 3353 2635 Θεῷ
3384 2564 3557 2634 σοφίᾳ
3592 2558 3770 2613 ἐστίν’

2189 2672 2245 2722 ὲν
2344 2669 2439 2721 καὶ
2482 2668 2552 2720 τά
2592 2667 2774 2720 πάντα
2822 2666 2914 2716 καὶ
2970 2662 3130 2715 αὑτὸν
3194 2658 3507 2725 πεποίηκεν
3563 2656 3591 2707 ό
3619 2651 3774 2714 Θεός.

2189 2762 2279 2815 Διὸ
2311 2763 2406 2815 καὶ
2435 2760 2669 2832 τρεπτός
2696 2760 2812 2811 ἐστι
2842 2757 2936 2810 καὶ
2981 2755 3277 2817 summa;
3334 2753 3440 2822 τὴν
3477 2749 3665 2820 φύσιν,
3701 2747 3776 2810 ὡς

2192 2856 2287 2910 καὶ
2321 2856 2499 2910 πάντα
2532 2855 2603 2907 τά
2636 2853 2856 2921 λογικά.
2906 2850 3071 2913 Ξένος
3104 2866 3164 2901 τε
3205 2848 3301 2902 καὶ
3350 2845 3643 2916 ἀλλότριος
3685 2840 3777 2894 καὶ

2192 2951 2681 3022 ἀπεσχοινισμένος
2713 2951 2867 3003 ἐστὶν
2893 2951 2920 3002 6
2944 2949 3115 3015 Λόγος
3139 2950 3242 3017 τῆς
3262 2944 3358 2998 τοῦ
3390 2944 3535 2998 Θεοῦ
3567 2942 3775 3001 οὐσίας’

2193 3049 2289 3100 καὶ
2318 3046 2558 3118 ἄρρητός
2594 3046 2743 3099 ἔστιν
2773 3044 2801 3095 6
2859 3043 3052 3110 Πατὴρ
3096 3040 3172 3111 τῷ
3203 3039 3351 3108 Υἱῷο
3386 3037 3518 3090 οὔτε
3557 3033 3666 3104 γὰρ
3695 3049 3781 3084 τε·

2192 3140 2351 3203 λείως
2388 3140 2521 3210 όρᾷν
2551 3138 2780 3191 δύναται
2814 3136 2906 3189 τὸν
2948 3134 3169 3204 Πατέρα
3200 3135 3229 3186 6
3283 3132 3489 3200 Λόγος,
3532 3129 3657 3184 οὔτε
3697 3138 3781 3182 τεά

2193 3235 2356 3296 λείως
2381 3234 2477 3287 καὶ
2505 3229 2752 3301 ἀκριϐῶς
2783 3227 3048 3297 γινώσκει
3076 3227 3262 3287 αὐτόν.
3301 3226 3410 3278 Καὶ
3445 3228 3556 3295 γάρ
3587 3218 3779 3277 ἑαυτοῦ

2192 3331 2291 3393 τὴν
2323 3324 2513 3379 οὐσίαν
2547 3323 2648 3377 οὐκ
2669 3320 2810 3376 οἶδεν
2839 3325 2866 3374 6
2907 3322 3034 3382 Υἱὸς
3064 3318 3137 3381 ὡς
3174 3318 3312 3373 ἔστι.
3353 3320 3432 3371 Δι’
3487 3319 3634 3390 ημᾶς
3675 3315 3778 3386 γὰρ

2190 3420 2517 3491 πεποίηται,
2549 3418 2637 3471 ἵνα
2661 3417 2806 3487 ἡμᾶς
2833 3413 2900 3467 δι’
2925 3412 3088 3466 αὐτοῦ
3128 3411 3203 3474 ὡς
3237 3410 3305 3465 δι’
3347 3409 3588 3479 ὀργάνου
3615 3408 3775 3476 κτίσῃ

2191 3516 2218 3567 6
2248 3513 2404 3576 Θεός.
2467 3511 2580 3566 Καὶ
2614 3509 2717 3562 οὐκ
2750 3508 2814 3561 ἂν
2861 3507 3096 3578 ὑπέστη,
3157 3501 3204 3557 εί
3245 3500 3319 3574 μὴ
3394 3504 3548 3572 ἡμᾶς
3583 3504 3609 3555 6
3647 3499 3779 3560 Θεὸς

2192 3604 2429 3678 ἠθέλησε
2486 3605 2739 3674 ποιῆσαι.
2798 3600 3087 3671 Ἠρὼτησε
3148 3597 3281 3666 γοῦν
3323 3614 3409 3659 τις
3442 3596 3668 3660 αὐτοὺς,
3730 3590 3779 3645 εἰ

2193 3699 2424 3753 δύναται
2446 3699 2473 3750 6
2500 3696 2594 3749 τοῦ
2629 3694 2764 3747 Θεοῦ
2789 3692 2962 3759 Λόγος
2995 3689 3297 3758 τραπῆναι,
3333 3689 3407 3749 ὡς
3440 3691 3468 3741 6
3528 3684 3778 3743 διάϐολος

2193 3792 2413 3859 ἐτράπη
2436 3806 2448 3818 °
2483 3789 2576 3839 καὶ
2603 3787 2703 3838 οὐκ
2728 3784 3084 3855 εφοϐήθησαν
3117 3784 3318 3849 εἰπεῖν,
3352 3782 3464 3834 Ναὶ
3516 3782 3777 3834 δύναται·

2194 3882 2441 3953 τρεπτῆς
2474 3881 2585 3950 γάρ
2638 3877 2857 3947 φύσεώς
2903 3878 3041 3944 ἐστι,
3095 3876 3357 3946 γεννητὸς
3414 3876 3513 3930 καὶ
3547 3868 3782 3944 τρεπτδς

2194 3973 2480 4043 ὑπάρχων.
2528 3968 2718 4025 Ταῦτα.
2765 3968 3026 4037 λέγοντας
3074 3967 3203 4030 τοὺς
3253 3966 3386 4036 περὶ
3438 3966 3661 4038 ’Λρειον
3690 3965 3782 4015 καὶ

2195 4066 2290 4119 ἐπὶ
2323 4060 2538 4125 τούτοις
2609 4061 3131 4132 ἀναισχυντοῦντας,
3169 4058 3368 4123 αὐτούς
3425 4077 3485 4113 τε
3526 4059 3623 4112 καὶ
3655 4054 3784 4116 τοὺς

2201 4158 2790 4231 συνακολουθήσαντας
2843 4157 3055 4223 αὐτοῖς,
3090 4159 3254 4227 ἡμεῖς
3309 4155 3410 4226 μὲν
3477 4155 3621 4226 μετὰ
3675 4149 3782 4203 τῶν

2198 4255 2321 4309 κατ’
2346 4255 2624 4321 Αἴγυπτον
2683 4252 3003 4305 ἐπισκόπων
3040 4251 3135 4304 καὶ
3200 4252 3298 4318 τῆς
3354 4250 3575 4320 Λιϐύης
3620 4244 3784 4313 ἐγγὺς

2201 4345 2401 4400 ἑκατὸν
2432 4344 2601 4398 ὄντων
2660 4343 3014 4404 συνελθόντες
3074 4341 3581 4410 ἀνεθεματίσαμεν
3635 4339 3683 4391 οἱ
3728 4335 3785 4387 δὲ

2202 4441 2335 4510 περὶ
2368 4437 2632 4491 Εὑσέϐιον
2675 4435 3076 4506 προσεδέξαντο
3135 4434 3536 4497 σπουδάζοντες
3587 4444 3785 4497 συγκα-

2204 4531 2435 4602 ταμίξαι
2461 4531 2523 4583 τὸ
2573 4529 2769 4600 ψεῦδος
2800 4532 2868 4599 τῇ
2902 4527 3155 4599 ἀληθείᾳ,
3193 4529 3288 4581 καὶ
3321 4528 3388 4596 τῇ
3415 4524 3670 4592 εὐσεϐείᾳ
3690 4522 3786 4588 τὴν

513 4626 772 4685 receptos
809 4616 1133 4685 complexus
1175 4625 1285 4685 est,
1334 4615 1427 4683 qui
1481 4612 1829 4666 mendacium
1880 4610 2085 4665 veritati

2203 4624 2478 4678 ἀσέϐειαν.
2537 4622 2680 4676 Ἀλλ’
2717 4623 2817 4674 οὐκ
2852 4622 3169 4689 ἰσχύσουσι·
3223 4620 3351 4690 νικᾷ
3403 4621 3511 4689 γάρ
3570 4620 3604 4686 η
3657 4613 3787 4681 ἀλή-

512 4719 569 4762 ct
595 4708 933 4777 impietatem
969 4710 1159 4778 pietati
1195 4710 1566 4764 commiscere
1598 4707 1803 4762 studet.
1843 4705 1950 4760 Sed
1984 4720 2096 4759 non

515 4800 891 4871 praevalebit:
928 4801 1103 4854 vincit
1149 4801 1298 4854 enim
1348 4802 1569 4855 veritas.
1612 4800 1775 4855 Nulla
1816 4798 1962 4853 enim
2013 4806 2100 4852 est

517 4892 833 4947 communio
860 4892 968 4946 luci
994 4908 1119 4945 cum
1151 4893 1416 4958 tenebris,
1444 4894 1595 4946 trulla
1619 4891 1911 4946 concordia
1940 4890 2102 4944 Chri-

518 4995 604 5040 sto
636 5000 759 5039 cum
806 4985 999 5040 Belial.
1030 4984 1165 5051 Quis
1201 4984 1349 5038 enim
1394 5001 1635 5055 unquam
1678 4985 1892 5040 audivit
1931 4985 2101 5039 talia?

518 5078 645 5146 quis
672 5076 738 5129 ad
790 5092 917 5157 rem,
956 5087 1064 5130 tam
1109 5078 1458 5148 peregrinam
1491 5088 1546 5132 et
1590 5079 1941 5144 insolentem,
1977 5091 2099 5132 eam

519 5167 753 5222 audiens
781 5208 795 5232 ,
852 5184 963 5222 non
1020 5167 1365 5241 obstupescit
1409 5184 1684 5240 auresque
1733 5172 1993 5235 obturat,
2031 5184 2102 5223 ne

520 5261 819 5312 verborum
886 5258 1120 5312 istorum
1182 5259 1376 5314 sordes
1427 5260 1676 5315 auditum
1739 5259 2103 5332 pertingant?

520 5354 658 5420 Quis
682 5353 951 5408 Joannem
989 5356 1220 5408 audiens
1254 5355 1553 5422 dicentem,
1594 5355 1658 5409 In
1691 5355 1957 5426 principio
1987 5364 2102 5408 erat

534 5445 778 5507 Verbum,
830 5462 942 5499 non
980 5447 1206 5501 damnat
1249 5446 1419 5501 hosce
1458 5461 1798 5511 asserentes,
1834 5446 1967 5502 Erat
2002 5446 2104 5500 ali-

519 5540 741 5606 quando
771 5551 989 5609 tempus
1019 5555 1143 5594 cum
1169 5555 1279 5594 non
1308 5539 1474 5594 erat?
1509 5541 1614 5593 Aut
1649 5543 1775 5610 quis
1794 5540 2024 5595 audiens
2047 5541 2102 5595 in

524 5629 857 5700 Evangelio,
895 5631 1206 5702 Uuigem‘tus
1248 5629 1448 5696 Filius,
1490 5644 1569 5694 et,
1615 5631 1719 5685 Per
1754 5636 1926 5702 ipsum
1959 5634 2104 5703 facta

523 5733 647 5775 sunt
675 5725 876 5789 omnia,
915 5741 1026 5779 non
1069 5726 1418 5780 aversabitur
1460 5738 1739 5791 sonantes,
1788 5743 1952 5780 unum
1984 5741 2107 5781 esse

530 5823 910 5869 creaturarum
958 5816 1197 5872 Filium?
1231 5817 1521 5883 Quomodo
1548 5832 1679 5871 vero
1726 5832 1822 5884 par
1863 5830 1987 5871 esse
2026 5818 2109 5873 eis

527 5916 726 5972 potest,
765 5922 883 5976 quae
925 5925 1022 5978 per
1070 5911 1247 5978 ipsum
1297 5912 1435 5964 facta
1482 5908 1657 5963 sunt?
1703 5919 1797 5963 aut
1831 5909 2107 5979 quomodo

2210 4717 2351 4774 θεια.
2385 4717 2494 4770 Καὶ
2537 4717 2765 4786 οὐδεμία
2787 4713 2904 4767 ἔστι
2941 4713 3204 4767 κοινωνία
3225 4713 3367 4780 φωτὶ
3404 4712 3540 4782 πρὸς
3573 4708 3785 4766 σκότος,

2202 4805 2322 4860 οὐδὲ
2343 4802 2698 4875 συμφώνησις
2718 4802 2939 4872 Χριστῷ
2957 4801 3091 4872 πρὸς
3108 4800 3326 4868 Βελίαρ.
3346 4799 3442 4862 Τίς
3463 4801 3570 4868 γὰρ
3588 4792 3785 4868 ἢκουσε

2207 4900 2429 4952 πώποτε
2488 4894 2758 4961 tamira;
2805 4896 2837 4965 ἢ
2868 4896 2951 4957 τίς
2992 4895 3089 4948 νῦν
3143 4892 3359 4947 ἀκούων
3391 4892 3450 4944 ού
3486 4888 3782 4957 ξενίζεται,

2205 4992 2302 5045 καὶ
2320 4991 2420 5054 τὰς
2447 4989 2619 5052 ἀκοάς
2654 4988 2793 5058 βύει,
2827 4988 2967 5058 ὑπὲρ
3000 4986 3099 5041 τοῦ
3138 4988 3212 5056 μὴ
3235 4987 3323 5038 τὸν
3355 4976 3532 5056 ῥύπον
3578 4980 3786 5035 τούτων

2208 5083 2318 5136 τῶν
2374 5082 2641 5153 ῥημάτων
2689 5082 2896 5153 ψαῦσαι
2940 5083 3037 5151 τῆς
3110 5081 3314 5146 ἁκοῆς;
3398 5070 3492 5142 Τίς
3574 5073 3787 5128 ἀκούων

2221 5173 2477 5227 Ἰωάννου
2517 5174 2793 5242 λέγοντος,
2838 5175 2942 5228 Ἑν
2975 5170 3132 5241 ἀρχῇ
3170 5160 3250 5242 ἦν
3281 5174 3314 5225 ὀ
3339 5173 3553 5238 Λόγος,
3587 5167 3646 5219 οὑ
3694 5180 3785 5216 κα-

2205 5269 2537 5336 ταγινώσκει
2566 5266 2775 5319 τούτων
2799 5266 3094 5333 λεγόντων,
3119 5261 3228 5318 Ἦν
3268 5264 3398 5319 ποτὲ
3432 5267 3520 5317 ὅτε
3554 5263 3652 5314 οὐκ
3674 5254 3779 5323 ἦνς

2209 5362 2280 5414 ’Ἠ
2312 5360 2395 5423 τίς
2450 5359 2669 5413 ἁκούων
2700 5361 2759 5412 ἐν
2788 5359 2865 5429 τῷ
2928 5358 3272 5428 Εύαγγελίῳ,
3335 5357 3398 5411 Ὃ
3442 5350 3784 5428 μονογενὴς

2215 5451 2370 5517 Υἱὸς,
2403 5451 2523 5517 καὶ,
2552 5450 2633 5505 Δι’
2656 5452 2842 5506 αὐτοῦ
2867 5452 3107 5522 ἐγένετο
3124 5452 3196 5506 τὰ
3227 5451 3448 5516 πάντα,
3472 5452 3530 5503 ού
3567 5447 3783 5517 μισήσει

2208 5545 2431 5605 τούτους
2464 5543 2902 5614 φθεγγομένευς,
2955 5544 3037 5597 ὅτι
3074 5542 3154 5606 εἷς
3189 5548 3301 5596 ἐστι
3329 5544 3439 5596 τῶν
3464 5541 3782 5611 ποιημάτων

2210 5637 2238 5688 ὁ
2271 5635 2436 5699 Υἱό;;
2471 5636 2594 5699 Πῶς
2650 5635 2705 5689 δὲ
2756 5635 2983 5688 δύναται
3027 5639 3140 5698 ἶσος
3191 5634 3331 5689 εἶναι
3365 5624 3473 5688 τῶν
3509 5633 3574 5687 δι’
3622 5624 3783 5681 αὑτοῦ

2212 5727 2523 5793 γενομένων
2553 5742 2568 5792 ;
2598 5726 2631 5795 ἢ
2658 5728 2771 5789 πῶς
2802 5726 3099 5798 μονογενὴς
3131 5730 3158 5781 6
3191 5730 3307 5790 τοῖς
3345 5730 3483 5781 πᾶσι
3506 5724 3623 5776 κατ’
3643 5717 3785 5771 ἐκεί-

2213 5834 2337 5881 νους
2380 5810 2888 5888 συναρὶθμούμενος
2917 5839 2931 5883 ;
2963 5820 3087 5884 Πῶς
3146 5820 3202 5873 δὲ
3252 5819 3312 5884 ἐξ
3366 5820 3465 5873 οὐκ
3514 5817 3680 5870 ὄντων
3720 5810 3784 5862 ἂν

2215 5912 2306 5984 εἴη
2336 5910 2431 5966 τοῦ
2466 5913 2677 5986 [ἰατρὸς
2735 5914 3007 5981 λέγοντος,
3072 5914 3465 5983 Ἐξηδνκεύξι-ιῖί
3512 5912 3544 5976 ἡ
3578 5926 3671 5975 me;
3692 5906 3745 5956 δί
