4118 6474
489 341 558 401 «il
1477 425 1482 428 _
1675 343 2104 403 NICEPIIORI
2152 341 2500 402 CALLISTI
3667 340 3730 404 Μ

489 453 578 506 lus
627 453 816 507 eadem
847 469 876 507 ιι
919 455 1209 512 Serratore
1243 455 1472 512 edoctus
1513 456 1730 526 scripsit
1769 458 1808 519 ',
1840 458 1982 526 quod
2017 459 2056 510 ir

2175 458 2270 510 τοῦ
2328 459 2603 526 Σωτῆρος,
2661 456 2921 526 ἓγραέεν,
2983 456 3064 509 ὄτι
3118 457 3175 510 ἐν
3217 455 3463 526 ὑστέροις
3522 451 3732 526 καιρλῖ

487 545 754 598 extremis
817 548 1160 617 temporibus
1193 548 1450 604 deficient
1497 549 1722 616 quidam
1758 565 1784 601 a
1826 549 1930 602 fide
1979 564 2063 602 sa-

488 636 670 697 nime,
697 636 1047 692 intcndenles
1073 638 1360 708 spiritibus
1415 640 1642 702 erroris,
1675 649 1731 693 et
1796 639 2064 694 doctrinis

491 726 912 792 daemoniorum,
942 730 1312 784 aversantium
1344 732 1656 785 veritatem.
1695 731 1883 800 Itaque
1936 747 2063 785 cum

490 828 547 872 et
584 820 840 873 Servatur
863 830 1028 890 atque
1060 820 1325 877 Dominus
1349 832 1538 876 noster
1595 823 1756 878 Jesus
1807 821 2062 878 Christus

488 926 586 978 per
616 925 674 964 se
710 913 870 966 nobis
900 914 1247 982 praeceperit,
1281 923 1338 968 et
1371 930 1467 983 per
1497 915 1821 984 Apostolum
1847 913 1915 966 de
1943 913 2063 968 istis

493 1001 908 1070 significaverit,
939 1002 1101 1072 550
1136 1006 1242 1058 rite
1264 1020 1394 1058 sane
1422 1005 1616 1058 ordine
1656 1020 1779 1065 nos,
1809 1003 1899 1073 qui
1961 1018 2062 1056 au-

487 1094 646 1148 ribus
677 1095 781 1161 ipsi
823 1097 1024 1150 nostris
1083 1097 1424 1164 impietatem
1472 1098 1691 1151 illorum
1728 1095 2058 1160 audivimus,

485 1201 606 1246 eos.
643 1186 802 1239 sicuti
833 1197 993 1241 antea
1026 1188 1284 1253 diximus,
1324 1189 1660 1243 anathemati
1697 1189 2059 1257 subiecimus,

483 1289 540 1330 et
599 1279 810 1332 alienos
863 1295 1088 1348 prorsus
1133 1281 1202 1334 ab
1237 1281 1483 1336 Ecclesia
1525 1291 1582 1336 et
1633 1282 1737 1337 fide
1791 1283 2061 1337 catholica

485 1369 908 1426 declaravimus.
941 1370 1110 1440 quue
1132 1385 1420 1443 propterea
1455 1374 1646 1443 pietati
1679 1382 1896 1438 vestrm,
1926 1375 2060 1429 chav

484 1462 687 1516 rissimi
713 1471 880 1531 atque
896 1457 1336 1517 revereridissimi
1357 1466 1593 1534 collegas,
1613 1465 2058 1536 significavimus,

491 1565 551 1607 ut
586 1569 763 1622 neque
787 1571 855 1608 ex
894 1555 976 1608 cis
1006 1570 1362 1625 quemquam,
1398 1557 1442 1611 si
1469 1573 1566 1626 per
1596 1558 1961 1613 temeritatem
1992 1559 2059 1613 ad

429 1673 432 1676 -
484 1661 584 1700 vos
607 1645 869 1700 accedere
895 1648 1012 1700 ausi
1050 1647 1270 1713 fuerint,
1303 1649 1615 1718 suscipiatis
1641 1666 1655 1703 :
1681 1665 1861 1719 neque
1890 1650 2058 1703 Euse-

486 1737 603 1802 bio,
645 1747 742 1792 aut
777 1738 872 1792 alii
926 1739 1162 1807 cuipiam
1215 1740 1283 1794 de
1339 1741 1424 1794 eis
1468 1741 1754 1805 scribenti,
1801 1739 2055 1794 credatis.

481 1833 754 1887 Convenit
797 1834 944 1888 enim
977 1834 1155 1897 vobis.
1215 1844 1275 1889 ut
1321 1834 1667 1898 Christianis,
1713 1849 1906 1889 omnes
1962 1833 2056 1903 qui

484 1933 678 1977 contra
709 1925 989 1978 Christum
1026 1925 1337 1991 veldicunt,
1365 1927 1446 1981 vel
1465 1926 1729 1990 sentiunt,
1769 1926 1938 1980 veluti
1961 1925 2056 1978 Dei

484 2016 767 2079 ltostes,et
792 2019 1096 2072 animarum
1122 2027 1326 2086 pestes,
1359 2018 1624 2083 aversari,
1655 2026 1711 2073 et
1745 2033 1812 2073 ne
1847 2017 2055 2072 saluta-

484 2111 634 2165 tione
663 2111 885 2180 quidem
920 2093 1176 2180 dignari,
1190 2126 1260 2166 ne
1281 2110 1502 2178 quando
1523 2111 1737 2166 scilicet
1760 2110 2057 2179 participes

484 2212 839 2272 peccatorum
863 2219 1050 2257 eorum
1105 2203 1339 2257 fiamus:
1373 2201 1536 2256 sicuti
1593 2201 1785 2255 beatus
1842 2216 2056 2255 annun-

484 2296 642 2350 tiavit
675 2295 937 2350 Joannes.
971 2295 1238 2361 Salutem,
1277 2295 1467 2357 dicite,
1498 2295 1589 2364 qui
1624 2296 1764 2364 apud
1795 2310 1894 2349 vos
1928 2301 2058 2348 sunt

481 2387 784 2455 fratribus;
815 2404 934 2454 vos,
966 2388 1061 2457 qui
1094 2403 1310 2442 mecum
1367 2396 1512 2452 sunt,
1539 2387 1749 2442 salvere
1779 2387 2000 2457 jubent.
2033 2404 2051 2438 ι

556 2573 649 2626 lla:
676 2571 872 2626 littera:
898 2570 963 2623 ad
990 2571 1106 2623 loca
1125 2568 1306 2622 omnia
1332 2568 1572 2638 perlate,
1603 2568 1865 2638 majorem
1890 2568 2053 2622 etiam

485 2665 897 2721 contentionem
932 2676 1216 2730 peperere,
1269 2661 1584 2727 malumque
1618 2670 1839 2728 propter
1889 2660 2054 2713 dissi-

485 2757 653 2814 dendi
686 2754 927 2810 studium
957 2753 1254 2808 adauxerc.
1287 2753 1391 2817 Qui
1416 2753 1563 2806 cnim
1595 2751 1904 2804 Alexandro
1924 2758 2056 2804 sunt

490 2847 806 2920 suﬂragati,
839 2845 920 2900 eis
959 2843 1373 2914 subscripsere;
1406 2842 1498 2896 alii
1525 2852 1704 2896 autem
1739 2849 1929 2894 contra
1962 2855 2056 2894 cas

485 2958 711 3008 venere,
749 2942 802 2996 in
838 2939 1035 3011 primis
1061 2955 1191 2994 vero
1221 2938 1499 2993 Eusebius
1526 2934 1966 2992 Nicomediensis
1999 2935 2054 2987 in

482 3040 818 3094 contrariam
844 3035 1171 3090 sententiam
1211 3043 1298 3086 est
1329 3041 1540 3101 raptus,
1582 3031 1726 3101 quod
1759 3027 2053 3084 admodum

2170 548 2576 617 ἀποστήσονταί
2609 565 2756 611 τινες
2805 550 2900 618 τῆς
2943 548 3184 611 πίστεως
3215 547 3316 616 τῆς
3363 547 3716 614 ὑγιαινούσης

2169 641 2539 709 προσέχοντες
2603 639 2882 709 πνεύμασι
2931 642 3142 710 πλάνης
3203 642 3298 693 καὶ
3360 636 3731 699 διδασκαλίαις

2167 733 2466 800 δαιμονίων
2497 731 2996 800 ἀποστρεφομένων
3049 735 3148 802 τὴν
3175 731 3455 801 ἀλήθειαν.
3491 728 3596 781 Τοῦ
3619 728 3728 779 τοί-

2169 839 2263 874 νυν
2297 821 2554 891 Σωτῆρος
2593 823 2688 874 καὶ
2723 821 2933 892 Κυρίου
2959 820 3120 891 ἡμῶν
3152 820 3332 889 Ἰησοῦ
3364 817 3606 886 Χριστοῦ
3637 817 3724 868 αύ-

2168 913 2266 967 τοῦ
2297 913 2798 981 παραγγέλλοντος,
2833 915 2927 965 καὶ
2962 913 3049 965 διὰ
3075 912 3168 965 τοῦ
3190 911 3520 964 Ἀποστόλου
3554 908 3728 976 σημάι

2166 1023 2364 1069 ναντος
2400 1005 2528 1077 περὶ
2559 1004 2666 1058 τῶν
2705 1004 2991 1066 τοιούτων,
3027 1003 3339 1064 ἀκολούθως
3377 1003 3539 1071 ἡμεῖς
3575 1000 3730 1068 αὑτή-

2166 1116 2283 1152 κοοι
2309 1098 2675 1168 τῆςάσεὸείας
2694 1097 2877 1152 αὐτῶν
2894 1099 3200 1165 γενόμενοι,
3229 1093 3731 1162 ἀνεθεματίσαμεν,

2167 1192 2310 1246 καθὰ
2365 1195 2725 1260 προείπομεν,
2785 1189 2914 1254 τοὺς
2984 1188 3284 1251 τοιούτους,
3349 1185 3731 1251 ἀποδείξαντες

2165 1285 2360 1348 αὐτοὺς
2385 1284 2700 1353 ἀλλοτρίους
2730 1284 2826 1352 τῆς
2855 1281 3152 1348 καθολικῆς
3180 1279 3514 1348 Ἐκκλησίας
3555 1295 3612 1328 τε
3641 1279 3730 1328 καὶ

2165 1376 2424 1437 πίστεως.
2478 1375 2871 1446 Ἐδηλὼσαμεν
2901 1375 2957 1427 δὲ
3000 1374 3096 1426 καὶ
3138 1375 3205 1444 τῇ
3266 1372 3506 1440 ὑμετέρᾳ
3555 1370 3730 1420 θεοσε-

2164 1468 2310 1539 ϐείᾳ,
2341 1470 2617 1535 ἀγαπητοὶ
2665 1470 2759 1520 καὶ
2808 1467 3135 1535 τιμιώτατοι
3173 1464 3607 1531 συλλειτουργοὶ,
3647 1462 3731 1512 ἵνα

2167 1562 2307 1630 μήτε
2348 1562 2503 1622 τινὰς
2545 1557 2604 1624 ἐξ
2643 1560 2848 1623 αὐτῶν,
2892 1559 2942 1610 εί
2974 1556 3449 1628 προπετιύσαιντο
3477 1555 3570 1606 καὶ
3596 1556 3730 1620 πρὶς

2163 1654 2306 1722 ὑμᾶς
2332 1653 2530 1714 ἐλθεῖν,
2569 1651 2966 1723 προσδέξησθε,
3022 1652 3160 1721 μήτε
3217 1648 3466 1718 Εὐσεὸίῳ
3496 1648 3526 1717 ἢ
3561 1649 3731 1716 ἑτέρῳ

2163 1746 2274 1798 τινὶ
2304 1745 2574 1816 γράφοντι
2619 1747 2750 1814 περὶ
2807 1744 2988 1797 αὐτῶν
3036 1743 3330 1812 πεισθῆτεο
3378 1744 3579 1811 πρέπει
3624 1742 3732 1810 γὰρ

2161 1837 2329 1904 ὑμᾶς,
2375 1837 2450 1899 ὡς
2494 1835 2858 1902 Χριστιανοὺς
2904 1833 3091 1898 ὄντας,
3155 1834 3365 1894 πάντας
3413 1833 3539 1893 τοὺς
3590 1833 3731 1883 κατά

2158 1926 2400 1996 Χριστοῦ
2434 1927 2698 1993 λέγοντάς
2727 1942 2784 1977 τε
2813 1924 2907 1978 καὶ
2931 1923 3270 1996 φρονοῦντας
3317 1923 3392 1983 ὡς
3422 1922 3730 1990 θεομάχους

2159 2021 2254 2073 καὶ
2286 2021 2521 2088 φθορέας
2557 2019 2665 2070 τῶν
2697 2019 2890 2088 ψυχῶν
2937 2015 3403 2087 ἀποστρέφεσθαι,
3461 2016 3556 2067 καὶ
3594 2015 3729 2084 μηδὲ

2159 2111 2266 2166 κᾶν
2296 2111 2510 2182 χαίρειν
2539 2113 2650 2173 τοῖς
2675 2111 2942 2172 τοιούτοις
2968 2109 3172 2178 λέγειν,
3229 2109 3312 2161 ἴνα
3346 2108 3422 2177 μή
3467 2123 3596 2158 ποτε
3636 2106 3728 2157 καὶ

2158 2209 2280 2268 ταῖς
2311 2205 2612 2275 ἁμαρτίαις
2643 2203 2823 2256 αὐτῶν
2851 2203 3102 2256 κοινωνοὶ
3133 2201 3442 2271 γενώμεθα,
3472 2199 3548 2262 ὡς
3592 2215 3730 2268 παρ-

2160 2297 2420 2367 ήγγειλεν
2457 2297 2485 2348 δ
2535 2293 2806 2365 μακάριος
2872 2293 3151 2361 Ἰωάννης.
3200 2292 3538 2363 Προσείπατε
3599 2293 3726 2352 τοὺς

2161 2391 2292 2460 παρ’
2327 2391 2457 2456 ὑμῖν
2509 2387 2810 2456 ἁδελφούςο
2845 2388 2992 2459 ὑμᾶς
3038 2388 3086 2441 οἱ
3141 2389 3240 2440 σὺν
3297 2387 3422 2457 ἐμοὶ
3456 2403 3729 2455 προσαγον

2162 2484 2432 2554 ρεύουσιν.
2473 2502 2491 2534 ι

2231 2577 2418 2628 Ταῦτα
2466 2576 2531 2626 τὰ
2565 2576 2874 2644 γράμματα
2928 2571 3246 2643 ἁπανταχοῦ
3284 2572 3554 2642 φοιτῶντα
3605 2571 3726 2640 μεί-

2161 2667 2293 2731 ζονα
2332 2666 2430 2736 τὴν
2449 2667 2564 2738 ἐριν
2592 2668 2833 2730 ἐποίουν,
2865 2668 2962 2719 καὶ
2987 2667 3050 2719 τὸ
3078 2667 3250 2719 κακὸν
3283 2667 3346 2718 ἐκ
3385 2665 3727 2735 φιλονεικίας

2158 2757 2629 2828 ἐπικρατέστερον
2658 2753 2746 2829 ἦν.
2779 2759 2841 2810 Οἱ
2878 2756 2980 2824 μὲν
3016 2757 3123 2826 γὰρ
3161 2755 3446 2826 σύμψηφοι
3495 2755 3730 2824 γενόμε-

2159 2866 2262 2912 νοι,
2304 2852 2768 2920 προσυπέγραφον
2794 2866 2808 2881 ·
2844 2851 2894 2902 oi
2922 2849 2979 2902 δέ
3004 2851 3099 2902 καὶ
3127 2835 3420 2916 ἀντέλεγον
3443 2863 3457 2878 ·
3492 2848 3728 2917 μάλιστα

2158 2935 2203 2987 δ’
2245 2934 2502 2997 Εὐσέϐιος
2532 2938 2559 2990 ὁ
2590 2935 2990 3006 Νικομηδείας,
3024 2937 3118 2989 καὶ
3165 2936 3302 3008 πρὸς
3362 2936 3729 2989 ἀντιπάθειαι)

2159 3027 2356 3098 ὥρμα·
2395 3029 2586 3098 ὅτιπερ
2642 3031 2745 3081 κάν
2807 3030 2920 3090 τοῖς
2960 3028 3258 3098 γράμμασι
3304 3027 3513 3099 πολλὴν
3563 3027 3728 3080 αὐτοῦ

485 3147 546 3186 se
575 3132 630 3185 in
671 3132 751 3186 eis
787 3129 1138 3201 perstricmm
1199 3141 1320 3181 esse
1374 3124 1736 3178 intellexerat.
1788 3119 2050 3175 Permulti

2161 3115 2424 3189 εἶναιτὴν
2455 3120 2774 3188 καταφορὰν
2827 3119 3164 3172 ἐπυνθάνετο
3192 3135 3205 3150 ⁸
3246 3120 3434 3172 πολλοὶ
3487 3120 3533 3172 δ’
3579 3119 3728 3188 αὐτῷ

485 3232 671 3276 autem
707 3229 891 3290 partes
917 3218 1036 3288 ejus
1076 3216 1468 3286 sequebantur.
1525 3214 1705 3282 Atque
1740 3211 1787 3265 is
1829 3211 2052 3265 crebras

483 3317 551 3370 ad
582 3313 949 3371 Alexandrum
969 3311 1121 3364 dedit
1145 3311 1357 3362 litteras
1389 3316 1448 3362 ut
1475 3308 1730 3371 Arianos,
1750 3306 2053 3374 quaestione

485 3407 820 3479 posthabita,
858 3403 1172 3471 reciperet:
1211 3416 1374 3471 quem
1402 3399 1469 3455 ad
1507 3401 1609 3454 hoc
1642 3399 1876 3452 maxime
1908 3397 2056 3451 litte-

485 3501 562 3553 ris
585 3499 700 3552 suis
727 3495 976 3549 excitans
1007 3491 1224 3546 induxit
1259 3491 1439 3543 Arius.
1477 3489 1557 3544 Ex
1617 3487 1820 3557 quibus
1872 3486 2053 3555 aliqua

486 3589 732 3644 historia?
769 3587 1031 3649 inseram,
1064 3592 1126 3637 ut
1156 3583 1315 3637 simul
1350 3590 1401 3637 et
1439 3580 1736 3649 participes
1799 3580 1919 3649 ejus
1949 3581 2050 3631 im-

486 3683 706 3752 pietatis
738 3677 1012 3733 manifesti
1037 3676 1169 3730 fiant
1197 3684 1252 3729 ct
1279 3672 1575 3728 Alexandri
1606 3671 1758 3728 Iidcs.
1788 3670 1888 3738 qui
1919 3669 2051 3724 nihil

487 3790 774 3845 perperam
803 3779 999 3827 contra
1038 3785 1134 3824 eos
1170 3770 1446 3831 statuerit,
1475 3764 1820 3820 ostendatur.
1849 3761 2055 3816 Scribit

486 3869 650 3940 igitur
679 3867 747 3921 ad
773 3865 1074 3920 Eusebium
1113 3860 1588 3916 Nieomedicnsem
1621 3857 1786 3913 Arius
1821 3858 1876 3910 in
1939 3855 2055 3910 haec

487 3960 689 4016 verba:

1079 4042 1303 4103 CAPUT
1364 4042 1456 4098 lX.

555 4145 751 4211 Quibus
773 4142 836 4196 de
863 4142 1015 4196 rebus
1053 4139 1210 4191 Arius
1252 4137 1322 4189 ad
1361 4136 1639 4211 Eusebium
1666 4133 1987 4188 Nicomedite

971 4212 1267 4282 episcopum
1283 4208 1572 4276 scripserit.

555 4305 1033 4365 Desideratissimo
1066 4303 1310 4365 domino,
1365 4299 1483 4352 viro
1509 4298 1625 4364 Dei,
1659 4296 1831 4361 fideli,
1872 4295 2055 4350 «:rtbo-

484 4405 648 4466 doxo,
702 4400 959 4463 Eusebio,
1001 4395 1187 4455 Arius,
1229 4392 1323 4462 qui
1370 4390 1579 4459 injuste
1613 4387 2052 4459 persecutionem

2158 3213 2432 3274 συνιόντες
2463 3213 2761 3281 ὑπήκουον.
2803 3210 3147 3281 Ἀλεξάνδρῳ
3193 3210 3237 3262 δ’
3273 3212 3485 3275 ἐκεῖνος
3517 3213 3728 3281 συχνῶς

2156 3306 2506 3371 ἐπέστελλεν,
2536 3306 2622 3358 ἵνα
2651 3305 2781 3368 τοὺς
2807 3307 2937 3374 περὶ
2984 3305 3208 3376 Ι’Δρειον
3238 3306 3456 3374 δέξηται
3507 3307 3567 3360 τὸ
3626 3306 3726 3374 ζή-

2155 3415 2306 3468 τημα
2331 3398 2740 3467 παρωσαμένῳ.
2782 3397 2975 3466 Ἐνῆγε
3004 3397 3060 3450 δὲ
3112 3399 3274 3450 αὐτὸν
3309 3400 3526 3469 ’Λρειος
3574 3399 3730 3469 μάλι-

2159 3506 2260 3540 στα
2295 3492 2635 3558 παραθήγων
2660 3492 2772 3551 τοῖς
2803 3490 3131 3559 γράμμασιν
3158 3507 3174 3524 ο
3212 3484 3286 3544 ὧν
3333 3510 3454 3545 τινα
3509 3496 3602 3546 καὶ
3659 3496 3725 3563 τῇ

2160 3582 2368 3651 ἱστορίᾳ
2429 3584 2656 3651 evrotae,
2697 3581 2770 3643 ὡς
2821 3581 2890 3635 ἂν
2935 3583 3028 3635 καὶ
3076 3583 3127 3634 oi
3173 3586 3564 3649 κοινωνοῦντες
3627 3589 3727 3654 τῆς

2156 3674 2412 3734 ἀσεόείας
2452 3672 2752 3741 κατάδηλοι
2776 3674 3068 3739 γένωνται,
3107 3675 3300 3737 πιστὸς
3357 3675 3413 3727 δὲ
3440 3677 3536 3728 καὶ
3565 3677 3724 3729 Ἀλέ-

2157 3765 2383 3834 ξανδρος
2409 3766 2572 3829 δόξαι,
2609 3766 2686 3834 μὴ
2707 3765 2880 3834 ψευδῆ
2915 3765 3035 3818 κατ’
3067 3766 3248 3818 αὐτῶν
3284 3769 3723 3838 συστησάμενος.

2156 3856 2366 3926 Γράφει
2400 3851 2493 3906 οὖν
2527 3854 2746 3923 ’Ἄρειος
2777 3855 2854 3924 τῷ
2880 3855 3250 3926 Νικομηδείας
3279 3856 3529 3928 Εύσεσίῳ
3591 3859 3730 3929 πρὸς

2157 3948 2304 4009 λέξιν
2331 3948 2506 4000 οὕτω·

2744 4041 2997 4098 ΚΕΦΛΛ.
3028 4042 3107 4094 θ’.
3699 4092 3731 4116 .

2158 4133 2296 4200 Περὶ
2331 4125 2421 4188 ὧν
2444 4135 2676 4204 Ἄρειος
2702 4133 2785 4200 τῷ
2817 4135 3218 4258 Νὲθῖομηδείας
3243 4134 3512 4206 ἔγραψεν
3539 4138 3730 4192 Εὐσε-

2924 4220 2992 4258 ω.

2924 4220 2992 4268 φ.

2232 4296 2422 4367 Κυρίῳ
2455 4294 2825 4367 ποθεινοτάτῳ
2858 4297 3136 4369 ἀνθρώπῳ
3187 4299 3349 4365 Θεοῦ,
3393 4301 3592 4371 πιστῷ,
3639 4304 3730 4370 ὀρ-

2162 4386 2386 4454 θοδόξῳ,
2428 4387 2691 4458 Εὑσεϐίῳ,
2722 4389 2940 4457 Ἀρειος
2982 4390 3010 4442 ὁ
3043 4390 3381 4461 διωκόμενος
3441 4393 3547 4447 ὑπὸ
3585 4394 3734 4448 Ἀλε-

481 4495 550 4545 ab
583 4489 891 4544 Alexandro
917 4499 1078 4554 papa,
1115 4489 1339 4550 propter
1369 4479 1552 4532 omnia
1604 4481 1914 4531 vincentem
1970 4490 2056 4529 ve-

2165 4476 2390 4546 ξάνδρου
2426 4477 2520 4530 τοῦ
2553 4480 2756 4531 πάππα
2789 4479 2994 4541 ἀδίκως
3027 4479 3117 4533 διὰ
3144 4481 3245 4550 τὴν
3275 4481 3454 4535 πάντα
3489 4483 3732 4536 νικῶσαν

484 4589 905 4650 ritatem,quam
933 4586 990 4631 et
1022 4585 1076 4629 tu
1102 4586 1436 4643 prepugnas,
1472 4570 1700 4638 patitur,
1731 4567 1786 4620 in
1823 4566 2054 4620 Domino

482 4673 736 4724 salutem.
805 4663 1196 4720 l’roiiciscente
1264 4658 1638 4715 Nicomediam
1714 4667 1867 4726 putre
1929 4669 2052 4709 meo

484 4759 797 4822 Ammonio,
832 4766 979 4809 recte
1013 4768 1098 4806 me
1131 4752 1408 4806 facturum
1443 4764 1565 4802 esse
1600 4748 1809 4814 putavi,
1873 4745 1917 4800 si
1957 4760 2054 4814 per

483 4854 665 4918 ipsum
690 4856 740 4902 te
778 4845 1187 4914 compellarem,
1217 4839 1374 4910 551
1402 4837 1676 4908 simulque
1707 4835 1928 4889 insitam
1954 4834 2051 4889 tibi

483 4941 832 5001 charitatcn‘.,
869 4948 922 4990 et
956 4949 1119 5004 quam
1152 4946 1281 5000 erga
1308 4932 1508 4984 fratres
1533 4937 1758 4997 propter
1794 4927 1964 4981 Deum
2000 4934 2055 4980 et

481 5031 757 5086 Cluistum
781 5027 900 5095 ejus
932 5026 1075 5096 geris
1104 5021 1473 5098 affectionem,
1507 5019 1888 5081 admonerem,
1941 5031 2054 5068 ma-

483 5136 722 5194 gnOpere
771 5117 1029 5189 persequi
1090 5131 1176 5169 me
1227 5120 1282 5167 et
1322 5125 1664 5182 oppugnare,
1720 5122 2052 5175 omnemque

485 5218 776 5270 adversum
806 5225 908 5264 nos
933 5210 1116 5262 funem
1154 5219 1372 5259 morere
1429 5206 1773 5271 episcopum,
1837 5210 1896 5253 ut
1959 5214 2059 5252 nos

488 5306 711 5376 perinde
749 5314 912 5371 atque
942 5301 1060 5354 sine
1091 5297 1202 5351 Deo
1229 5295 1481 5350 homines
1509 5294 1643 5348 urbe
1689 5291 1894 5362 ejiciat,
1928 5307 2055 5361 pro-

488 5410 675 5467 pterea
699 5396 844 5464 quod
879 5408 987 5446 non
1034 5389 1456 5458 comprobamus
1485 5402 1644 5442 voces
1697 5387 1837 5455 ejus,
1875 5385 2058 5454 publi-

485 5492 626 5544 citus
655 5487 923 5542 dicentis:
951 5485 1178 5551 Semper
1198 5482 1362 5548 Deus,
1395 5495 1612 5549 semper
1642 5478 1849 5532 Filius:
1888 5477 2053 5530 simul

488 5581 664 5643 Pater,
684 5578 845 5634 simul
864 5577 1032 5631 Filius
1055 5573 1370 5629 :coexsislit
1385 5573 1628 5642 ingenito
1656 5572 1742 5625 Dei
1767 5569 1935 5624 Filius
1955 5571 2057 5641 (1),

593 5675 607 5703 ¹
644 5673 685 5726 ιι
715 5672 855 5726 Tim.
894 5685 968 5722 tv.

560 5794 632 5849 tl;
670 5791 911 5864 lngettltto
945 5787 1112 5840 Filius
1145 5786 1274 5838 Deo.

2161 4569 2444 4639 ἀλήθειαν,
2479 4565 2544 4641 ἧς
2575 4575 2668 4622 καὶ
2711 4573 2774 4624 σὺ
2810 4573 3188 4646 ὑπερασπίςῃ,
3239 4575 3295 4625 ἐν
3353 4575 3548 4644 Κυρίῳ
3604 4576 3730 4645 χαί-

2139 4649 2297 4729 ’ρειν.
2360 4660 2466 4713 Τοῦ
2503 4662 2720 4728 Πατρός
2776 4678 2877 4730 μου
2928 4663 3245 4732 Ἀμμωνίου
3297 4665 3598 4734 ἐρχομένου
3651 4669 3730 4728 είς

2158 4751 2258 4820 τὴν
2322 4752 2717 4822 Νικομήδειαν,
2757 4753 2979 4821 εῠλογον
3036 4753 3390 4824 ὀφειλόμενον
3451 4772 3731 4824 προσαγο-

2162 4843 2354 4912 ρεῦσαί
2383 4861 2442 4896 σε
2471 4845 2646 4913 ἐφάνη
2671 4845 2740 4896 δι’
2767 4845 2932 4898 αὐτοῦ
2956 4861 2968 4875 ⁸
2998 4846 3134 4915 ὁμοῦ
3162 4862 3221 4897 τε
3286 4849 3381 4899 καὶ
3416 4848 3730 4917 ὑπομνῆσαι

2158 4935 2257 5004 τὴν
2318 4936 2559 5004 ἔμφυτόν
2611 4953 2702 4988 σου
2751 4937 2976 5006 ἀγάπην
3015 4940 3110 4992 καὶ
3159 4938 3424 5005 διάθεσιν,
3472 4940 3542 5010 ἢν
3589 4942 3733 5011 ἔχεις

2161 5028 2298 5095 πρὸς
2329 5029 2454 5087 τους
2495 5025 2762 5092 ἀδελφοὺς
2797 5027 2885 5080 διὰ
2916 5028 3007 5079 τὸν
3030 5028 3183 5095 {Bson
3219 5027 3316 5081 xui.
3355 5029 3446 5082 τὸν
3496 5026 3734 5099 Χριστὸν

2161 5115 2330 5168 αὑτοῦ
2355 5132 2368 5146 ·
2408 5108 2489 5168 ὅτι
2523 5117 2776 5186 μεγάλως
2819 5119 2969 5186 ἡμᾶς
3011 5117 3268 5185 ἐκπορθεῖ
3315 5120 3408 5170 καὶ
3458 5119 3732 5184 ἐκδιώκει,

2164 5210 2257 5261 καὶ
2319 5209 2496 5260 πάντα
2560 5210 2738 5268 κάλων
2803 5213 2946 5261 κινεῖ
2980 5208 3285 5278 καθ’ἠμῶν
3349 5212 3730 5272 ὀέπίσκοπος·

2162 5299 2303 5353 ὥστε
2341 5294 2598 5364 ἐκδιῶξαι
2627 5302 2774 5371 ἡμᾶς
2811 5303 2871 5353 ἐκ
2905 5303 3001 5370 τῆς
3036 5301 3240 5353 πόλεως
3275 5302 3350 5362 ὡς
3405 5299 3733 5371 ἀνθρώπους

2164 5393 2356 5453 ἀθέους
2379 5409 2390 5422 ·
2430 5393 2618 5463 ἐπειδὴ
2643 5394 2702 5444 ού
2739 5393 3141 5462 συμφωνοῦμεν
3192 5393 3339 5462 αὐτῷ
3377 5392 3615 5465 δημοσίᾳ
3647 5394 3734 5444 λέ-

2163 5498 2339 5546 γοντι,
2389 5481 2506 5535 Ἀεὶ
2561 5482 2715 5545 Θεὸς,
2770 5482 2860 5534 ἀεὶ
2922 5482 3079 5543 Υἱός·
3153 5482 3270 5549 apta
3339 5484 3551 5552 Πατὴρ,
3619 5483 3736 5552 ἃμα

2168 5574 2316 5635 Υἱός.
2351 5575 2703 5644 Συνυττάρχει
2731 5576 3048 5643 ἀγεννήτως
3085 5577 3112 5628 ὁ
3165 5577 3286 5638 Υἱὸς
3321 5578 3395 5647 τῷ
3419 5579 3556 5648 Θεῷ.
3597 5579 3739 5630 Ἀει-
