4118 6470
530 333 602 395 47
1747 348 2169 410 NiCEPllORI
2213 353 2562 414 CALIJSTI
3723 377 3794 438 48

531 465 696 504 mur:
727 451 791 506 de
829 459 880 505 te
911 461 1092 507 autem
1119 454 1388 522 dolemus,
1428 458 1563 512 tanti
1594 459 1694 513 viri
1731 461 1950 516 silentio
1978 479 2075 516 ean

2179 514 2182 524 _
2213 482 2365 532 μενοι
2403 467 2504 539 τὴν
2534 469 2748 540 σιωπὴν
2776 471 2969 542 ἀνδρὸς
3001 476 3256 528 τοιούτου
3292 473 3462 550 ἧτταν
3519 480 3676 547 ἡμῶν
3714 483 3792 538 εἷ-

530 559 646 596 satn
705 552 946 598 nostram
1001 545 1246 600 damnari
1299 549 1701 606 existimantes.
1753 551 2098 622 Quapmpter

531 643 605 693 te,
631 634 722 702 qui
756 635 898 691 nosti
930 638 1182 705 prudenti
1213 640 1329 690 viro
1362 639 1588 695 minime
1620 642 1866 696 omnium
1897 659 2099 698 conve-

528 725 669 788 nire,
721 737 780 780 ut
823 727 1006 783 aliena
1051 738 1105 782 et
1157 729 1394 784 absurda
1453 733 1658 788 sentiat
1702 736 2100 805 veritatemque

527 811 789 883 οιιιίουοι,
829 819 1043 883 1ιοι·ιιιι·,
1081 829 1140 873 ιιι
1173 821 1372 890 spiritu
1410 831 1653 879 mentem
1686 834 1833 882 luam
1867 827 1934 882 ad
1963 830 2100 883 scri-

528 909 767 962 bendum
811 912 1243 982 redintegrante,
1284 917 1529 970 scribere
1563 917 1784 972 tandem
1832 920 1900 974 de
1934 923 2098 978 rebus

525 999 592 1053 iis
624 999 856 1070 incipias
897 1016 1017 1068 qua:
1048 1015 1101 1054 et
1140 1001 1234 1056 tibi
1267 1013 1323 1056 et
1357 1003 1706 1060 auditoribus
1740 1006 1938 1064 futurae
1969 1020 2096 1065 sunt

521 1091 720 1144 utiles:
773 1091 1084 1161 praecipue,
1120 1093 1164 1148 si
1215 1105 1587 1150 consentanea
1631 1097 1966 1168 Scriptor-ae,
2007 1118 2096 1155 vc-

519 1183 698 1251 stigiis
741 1183 1035 1237 verborum
1089 1195 1146 1238 et
1193 1187 1590 1241 sententiarum
1643 1190 1763 1260 cjus
1811 1189 2091 1258 insistens,

517 1275 762 1328 scribere
798 1276 1042 1328 animum
1080 1274 1389 1332 induxeris.
1430 1279 1620 1349 Neque
1662 1281 1810 1336 enim
1855 1283 1965 1337 duo
2009 1285 2094 1338 iu-

516 1365 699 1432 geuita
748 1365 1093 1428 audivimus,
1147 1381 1326 1436 neque
1371 1385 1543 1423 unum
1587 1369 1642 1424 in
1689 1372 1798 1426 duo
1825 1373 2084 1438 divisum,

515 1457 610 1512 sed
655 1472 832 1524 neque.
864 1472 1189 1526 corporeum
1235 1459 1367 1528 quid
1415 1463 1754 1530 perpessioni
1789 1465 2086 1520 obnoxium

515 1549 812 1604 didicimus
845 1557 940 1603 aut
975 1549 1317 1606 credidimus
1339 1589 1354 1614 ,
1385 1551 1651 1609 domine:
1683 1569 1874 1610 verum
1915 1573 2084 1611 unum

512 1642 735 1712 quidem
773 1642 1077 1712 ingenitum
1107 1659 1120 1696 :
1154 1657 1325 1697 unum
1359 1659 1491 1699 vero
1521 1646 1590 1700 ab
1624 1645 1746 1716 ipso
1776 1663 1938 1714 vere,
1975 1667 2085 1706 non

512 1745 696 1788 autem
731 1750 798 1788 ex
840 1734 1149 1790 substantia
1178 1737 1298 1806 ejus
1345 1735 1584 1803 factum,
1620 1753 1848 1808 prorsus
1877 1750 2087 1812 natur-te

2205 573 2315 610 ναι.
2348 559 2440 615 Διὸ
2493 563 2802 630 παρακαλῶ
2857 581 2939 630 σε,
2992 566 3172 619 εἰδότα
3225 568 3300 632 ὡς
3333 571 3589 640 ἀπρεπὲς
3631 580 3790 646 ἀνδρὶ

2205 651 2460 724 φρονίμῳ
2483 654 2675 708 ἀλλοῖα
2715 662 2955 726 φρονεῖν,
3010 663 3106 715 καὶ
3141 667 3357 736 σιωπᾷν
3389 667 3624 740 τάληθῆ,
3657 675 3790 726 ἁνα-

2205 742 2540 798 σκευάσαντι
2590 745 2666 815 τῷ
2711 747 2983 814 πνεύματι
3045 751 3134 803 τὸν
3203 753 3488 825 λογισμὸν,
3553 763 3687 832 περὶ
3725 765 3789 815 τὸ

2201 833 2436 903 γράφειν
2500 837 2670 908 ἄρχου
2727 839 3138 907 λυσιτελοῦντος
3211 848 3307 900 καὶ
3370 851 3453 901 σοὶ
3519 852 3614 904 καὶ
3672 857 3826 918 τοῖς·

2201 927 2464 980 ἀκούουσι
2496 947 2590 982 σου
2621 945 2635 960 ·
2688 933 2908 1000 μάλισθ’
2949 936 3078 988 ὅταν
3136 940 3258 990 κατ’
3303 941 3637 996 ἀκολουθίαν
3688 949 3789 1012 τῆς

2199 1013 2424 1082 Γραφῆς
2464 1019 2557 1068 καὶ
2589 1020 2706 1080 τοῖς
2738 1019 2912 1090 ἴχνεσι
2951 1023 3060 1075 τῶν
3098 1024 3276 1092 λόγων
3323 1029 3491 1098 αὐτῆς
3545 1034 3642 1084 καὶ
3673 1033 3786 1084 τῶν

2200 1103 2564 1174 βουλημάτων
2595 1108 2804 1173 ἐθέλοις
2836 1113 3100 1182 γράφειν.
3133 1115 3266 1170 Οὐτε
3316 1119 3424 1189 γὰρ
3476 1120 3572 1174 δύο
3619 1125 3785 1189 ἀγέν-

2196 1211 2330 1263 νητοι
2363 1198 2710 1268 ἀκηκόαμεν,
2755 1200 2879 1256 οὔτε
2922 1203 2980 1255 ἓν
3016 1207 3092 1268 εἰς
3123 1207 3218 1261 δύο
3262 1209 3622 1282 διῃρημένον,
3661 1215 3784 1268 οὐδὲ

2197 1289 2514 1356 σωματικόν
2552 1307 2605 1342 τι
2636 1293 2908 1356 πεπονθὸς
2957 1296 3035 1366 (1)
3092 1303 3500 1371 μεμαθήκαμεν
3535 1305 3566 1372 ἦ
3614 1323 3784 1358 πεπι-

2197 1381 2532 1450 στεύκαμεν,
2563 1384 2797 1438 δέσποτα
2824 1403 2837 1416 °
2876 1389 2988 1440 ἀλλ’
3026 1390 3083 1444 ἓν
3117 1395 3214 1458 μὲν
3242 1396 3301 1447 τὸ
3336 1397 3675 1466 ἀγέννητον·
3721 1399 3782 1450 ἒν

2191 1465 2248 1520 δὲ
2276 1468 2333 1518 τὲ
2359 1469 2450 1520 ὐπ’
2483 1472 2648 1524 αὐτοῦ
2681 1474 2897 1544 ἀληθῶς
2923 1481 3014 1529 καὶ
3041 1480 3102 1532 ἐκ
3135 1481 3233 1550 τῆς
3272 1483 3460 1548 οὐσίας
3489 1465 3660 1538 αὐτοῦ
3691 1505 3783 1555 γε·

2193 1559 2368 1624 γονδς,
2404 1562 2638 1616 καθόλου
2671 1563 3019 1635 τῆςφύσεως
3057 1573 3154 1640 τῆς
3188 1572 3488 1647 ἀγεννῆτου
3519 1580 3778 1649 μετέχον,

2189 1651 2264 1712 ὼς
2293 1654 2394 1704 οὐκ
2428 1654 2495 1708 ἂν
2528 1656 2593 1709 ἐκ
2625 1657 2723 1724 τῆς
2764 1659 2956 1724 οὐσίας
3003 1663 3196 1732 αὐτοῦ,
3228 1667 3368 1722 ἀλλά
3401 1672 3628 1738 γεγονὸς
3659 1673 3780 1724 ὀλο-

2193 1744 2428 1816 σχερῶς,
2461 1747 2655 1818 ἕτερον
2682 1752 2745 1820 τῇ
2774 1751 2936 1819 φύσει
2965 1757 3056 1808 καὶ
3099 1755 3326 1827 δυνάμει
3377 1765 3514 1832 πρὸς
3561 1763 3778 1817 τελείαν

513 1825 742 1896 ingeniti
779 1841 886 1882 non
921 1826 1200 1897 particeps
1232 1843 1246 1883 :
1287 1842 1476 1898 nequc-
1497 1831 1642 1898 quod
1676 1846 1743 1884 ex
1778 1833 2075 1888 substantia

2193 1835 2490 1908 ὁμοιότητα
2523 1839 2821 1904 διαθέσεώς
2849 1861 2909 1897 τε
2950 1847 3044 1898 καὶ
3087 1847 3369 1918 δυνάμεως
3404 1854 3503 1906 τοῦ
3540 1871 3778 1922 πεποιη-

511 1919 632 1988 ejus
675 1919 782 1984 sit,
817 1921 911 1974 sed
942 1919 1148 1974 factum
1181 1919 1343 1989 plane
1377 1922 1472 1986 sit,
1511 1921 1658 1976 aliud
1689 1931 1885 1978 natura
1919 1934 2085 1997 atque

507 2011 748 2074 virtute,
791 2013 856 2066 ad
890 2013 1192 2080 perfectam
1227 2012 1648 2068 similitudinem
1685 2015 1996 2072 alfectionis
2029 2027 2086 2072 et

505 2103 728 2158 virtulis
770 2102 1000 2158 factoris
1045 2103 1220 2173 ipsius
1262 2104 1490 2158 factum.
1527 2104 1700 2175 Cujus
1747 2109 2080 2178 principium

507 2209 620 2250 non
655 2195 822 2250 verbo
858 2202 1070 2249 tantum
1102 2194 1500 2261 inenarrabile,
1533 2197 1629 2252 sed
1659 2213 1839 2268 neque
1875 2209 2080 2266 mente,

490 2281 612 2342 non
655 2284 782 2344 dico
821 2288 1139 2352 hominum,
1172 2286 1269 2342 sed
1312 2302 1540 2354 eorum,
1582 2305 1704 2359 qum
1755 2306 1924 2361 supra
1978 2293 2082 2346 ho-

502 2379 680 2434 mines
711 2388 874 2444 sunt,
907 2379 1181 2442 omnium,
1213 2380 1710 2450 comprehcnsibile
1743 2395 1868 2436 esse
1899 2382 2082 2438 credi-

501 2488 643 2528 mus.
693 2473 1038 2542 Proindeque
1089 2489 1198 2527 non
1231 2475 1438 2528 nostris
1485 2475 1734 2543 ipsorum
1771 2475 2080 2530 rationibus

498 2565 658 2630 freti,
697 2565 792 2618 sed
821 2579 992 2622 sacrm
1043 2562 1347 2633 Scriptura:
1405 2564 1832 2620 auctoritatibus
1871 2565 2076 2630 edocti,

500 2656 766 2722 dicimus,
812 2654 1094 2710 conditum
1145 2669 1265 2708 esse
1311 2664 1368 2708 et
1408 2654 1693 2710 fundatum
1736 2665 1792 2710 et
1831 2657 2074 2726 genitura

499 2747 828 2810 substantia,
1059 2756 1114 2800 et
1156 2747 1483 2801 immutabili
1514 2755 1681 2816 atque
1718 2748 2074 2804 inenarrabili

501 2849 691 2892 natura
737 2848 792 2891 et
834 2836 1194 2892 similitudine
1241 2837 1308 2890 ad
1355 2836 1618 2892 factorem
1658 2839 1873 2908 ipsum,
1909 2841 2072 2896 sicuti

498 2931 617 3000 ipse
660 2930 794 2984 dicit
826 2929 1126 2982 Dominus:
1163 2927 1302 2981 Deus
1333 2930 1528 2982 creavit
1561 2943 1640 2982 me
1680 2929 1734 2982 in
1773 2930 1923 2984 initio
1959 2932 2075 2984 via-

498 3039 615 3076 rum
649 3021 780 3092 ejus,
820 3031 943 3074 ante
969 3037 1148 3074 omnes
1174 3019 1332 3073 colles
1368 3021 1536 3090 gignit
1565 3021 1721 3074 τηε-ί.
1751 3021 1808 3076 Si
1841 3037 1974 3077 vero
2005 3039 2071 3078 ex

497 3117 636 3184 ipso,
668 3115 770 3168 hoc
805 3123 918 3177 est,
962 3113 1031 3166 ab
1064 3114 1183 3183 ipso
1213 3122 1361 3178 erat,
1399 3128 1496 3166 ceu
1536 3128 1664 3182 pars
1699 3114 1840 3185 ejus,
1873 3126 1968 3172 aut
2003 3132 2066 3172 ex

2189 1928 2350 1992 κότος
2379 1931 2698 2001 γενόμενον.
2733 1929 2808 1988 Ob
2831 1937 2928 2007 τὴν
2961 1939 3136 2010 ἀρχὴν
3163 1942 3222 1994 οὐ
3252 1942 3398 2014 λόγῳ
3429 1947 3596 2014 μόνον
3622 1948 3778 2016 ἀδιή-

2185 2035 2377 2087 γητον,
2412 2021 2548 2074 ἀλλά
2583 2023 2676 2075 καὶ
2718 2026 2919 2097 ἐννοίᾳ,
2963 2029 3064 2082 οὐκ
3111 2032 3382 2102 ἀνθρώπῳ
3407 2037 3594 2103 μόνον,
3637 2037 3776 2088 ἀλλὰ

2185 2113 2276 2166 καὶ
2310 2112 2422 2166 τῶν
2455 2113 2600 2186 ὑπὲρ
2645 2115 2992 2187 ἀνθρώπους,
3041 2123 3260 2176 πάντων
3308 2120 3446 2179 εἶναι
3487 2124 3776 2197 ἀκατάληο

2188 2222 2320 2259 πτον
2375 2208 2832 2279 πεπιστεύκαμεν
2859 2227 2872 2240 ·
2907 2214 2998 2264 καὶ
3043 2215 3215 2267 ταῦτα
3240 2219 3419 2288 ,“οὐχὶ
3471 2220 3777 2290 λογισμοὺς

2183 2296 2402 2351 ἑαυτῶν
2438 2298 2844 2371 ὑποτιθέμενοι,
2892 2303 3010 2359 ἀλλ’
3049 2307 3154 2360 ἀπὸ
3186 2310 3285 2378 τῆς
3323 2310 3484 2378 ἁγίας
3543 2311 3775 2381 Γραφῆς

2188 2388 2595 2460 μεμαθηκότες,
2625 2390 2862 2462 λέγομεν
2906 2397 3124 2448 κτιστὸν
3167 2393 3331 2464 εἶναι,
3381 2400 3473 2452 καὶ
3508 2401 3778 2464 θεμελιώ-

2182 2472 2296 2538 τὸν,
2332 2476 2425 2528 καὶ
2447 2478 2712 2548 γεννητὸν
2740 2483 2806 2550 τῇ
2842 2482 3026 2552 οὐσίᾳ,
3057 2487 3148 2537 καὶ
3181 2489 3248 2555 τῇ
3295 2489 3774 2557 ἀναλλοιώτῳ·καὶ

2179 2567 2408 2636 ἀρρήτῳ
2447 2573 2606 2635 φύσει
2651 2571 2747 2624 καὶ
2799 2577 2864 2644 τῇ
2897 2575 3185 2646 ὁμοιότητι
3221 2580 3357 2649 πρὸς
3405 2581 3494 2634 τὸν
3542 2600 3776 2650 πεποιη-

2155 2661 2312 2711 -κότα
2363 2663 2793 2735 μεμαθήκαμεν.
2851 2669 2926 2730 ὡς
2979 2671 3139 2732 αὐτὸς
3197 2674 3222 2724 ὁ
3279 2675 3484 2742 Κύριός
3548 2692 3716 2746 φησιν
3756 2692 3770 2704 '

2189 2752 2250 2805 Ὀ
2297 2755 2442 2820 Θεὸς
2475 2755 2684 2811 ἐκτισέ
2711 2776 2788 2828 με
2823 2761 3021 2830 ἀρχὴν
3063 2763 3220 2817 ὁδῶν
3249 2768 3438 2822 αὐτοῦ
3467 2785 3480 2798 ·
3529 2769 3646 2838 πρὸ
3699 2770 3770 2822 δὲ

2175 2840 2419 2896 πάντων
2441 2845 2690 2908 ,Βουνῶν
2722 2850 2906 2919 γεννᾷ
2935 2871 3034 2921 με.
3097 2855 3158 2907 Et
3213 2856 3268 2908 δὲ
3298 2858 3356 2923 ἐξ
3389 2861 3582 2924 αὐτοῦ,
3613 2860 3760 2914 τοῦτ’

2174 2933 2344 3000 ἔστιν,
2376 2937 2472 2988 ἀπ’
2505 2938 2674 2992 αὐτοῦ
2707 2936 2796 3010 ἦν,
2830 2941 2904 3005 ὡς
2937 2943 3004 2997 ἂν
3037 2947 3200 3015 μέρος
3241 2949 3406 3002 αὐτοῦ
3437 2952 3468 3023 ἢ
3503 2952 3564 3017 ἐξ
3591 2954 3761 3022 ἀπορ-

2174 3026 2328 3094 ροίας
2357 3028 2456 3093 τῆς
2489 3029 2702 3094 οὐσεας,
2736 3030 2835 3082 οὐκ
2859 3032 2923 3083 ἂν
2954 3032 3038 3086 ἔτι
3076 3035 3310 3100 κτιστδν,
3337 3039 3458 3090 οὐδὲ
3493 3039 3758 3110 θεμελιώ-

2175 3119 2267 3172 silv
2305 3117 2447 3174 εἶναι
2477 3121 2720 3189 ἐλέγετοο
2755 3123 2878 3177 οὐδὲ
2919 3127 3084 3190 αὐτὸς
3123 3129 3360 3196 ἀγνοεῖς,
3398 3132 3582 3203 κύριε,
3617 3132 3755 3202 ἀλη-

495 3208 715 3262 dclluxu
747 3207 1091 3270 substantia,
1131 3221 1238 3258 non
1265 3205 1376 3275 jam
1412 3216 1634 3261 creatus
1664 3222 1844 3276 neque
1873 3207 2071 3264 funda-

2179 3211 2304 3273 θῶ;·
2331 3213 2389 3264 τὸ
2422 3212 2531 3281 γὰρ
2560 3215 2625 3266 ἐκ
2657 3214 2753 3266 τοῦ
2789 3217 3094 3284 ἁγεννήτου
3140 3221 3386 3293 ὑπάρχον
3421 3229 3644 3280 »πιστὸν
3675 3228 3753 3278 ἔτι

493 3311 586 3353 tus
614 3313 736 3354 esse
770 3300 802 3352 d
829 3307 1089 3352 ceretur:
1129 3295 1181 3349 id
1215 3297 1358 3366 quod
1390 3297 1504 3365 ipse
1531 3314 1780 3370 quoque,
1825 3299 2066 3366 domine,

496 3391 744 3460 profecto
817 3405 927 3442 non
987 3389 1226 3460 ignoras.
1297 3389 1451 3455 Quod
1506 3391 1652 3445 enim
1701 3407 1768 3446 ex
1807 3394 2070 3463 'iugenito

496 3482 750 3543 exsistat,
793 3479 1076 3534 conditum
1104 3479 1215 3550 jam
1253 3479 1322 3532 ab
1362 3479 1488 3544 alio,
1521 3481 1604 3534 vel
1641 3497 1672 3536 a
1702 3483 1911 3553 seipso,
1945 3484 2068 3538 fun-

495 3574 754 3626 dutuuwe
792 3587 897 3624 non
931 3571 1020 3634 sit,
1057 3580 1244 3640 utpote
1279 3570 1348 3624 ab
1391 3571 1550 3624 initio
1587 3573 1892 3641 ingenitum
1928 3575 2071 3629 exsi-

497 3677 666 3720 stens.
721 3665 774 3720 Si
806 3681 936 3718 vero
980 3665 1220 3734 genitum
1253 3665 1303 3718 id
1351 3679 1472 3719 esse
1501 3666 1753 3729 dicatur,
1806 3666 2066 3722 indicium

499 3759 772 3828 quoddam
818 3757 887 3812 de
932 3774 991 3812 se
1036 3759 1296 3828 praebeat,
1335 3757 1499 3812 veluti
1543 3773 1608 3812 ex
1661 3769 1889 3828 paterna
1939 3761 2070 3812 sub-

493 3851 694 3906 stantia
743 3849 1018 3920 genitum,
1067 3861 1122 3904 et
1169 3850 1314 3919 quod
1349 3849 1608 3924 eamdem
1661 3850 1860 3905 habeat.
1887 3865 1953 3904 ex
1999 3865 2066 3905 eo

495 3952 788 4006 naturam,
821 3943 1027 3996 scimus
1063 3941 1208 4011 quod
1261 3957 1372 3996 non
1423 3941 1490 3996 de
1539 3957 1606 3994 eo
1661 3941 1777 3996 solo
1817 3943 2064 4012 genitum

492 4052 636 4098 esse,
691 4035 1013 4104 Scriptura,
1066 4050 1254 4088 verum
1305 4035 1471 4090 etiam
1517 4033 1584 4087 de
1635 4033 1792 4094 aliis,
1847 4033 1924 4086 illi
1968 4048 2068 4103 per

491 4144 676 4181 omnza
719 4135 915 4181 natura
959 4125 1360 4191 dissimilibus,
1414 4125 1680 4194 loquitur.
1728 4123 1862 4177 Nam
1911 4123 2067 4180 etde

491 4219 814 4274 hominibus
863 4219 997 4272 dicit
1026 4219 1082 4272 ἰ
1130 4215 1294 4271 Filios
1343 4221 1502 4288 genui
1557 4229 1603 4269 et
1649 4216 1914 4282 excitavi,
1966 4217 2064 4285 ipsi

491 4322 670 4366 autem
694 4321 999 4379 spreverunt
1028 4326 1128 4365 me.
1167 4311 1252 4376 Et,
1285 4309 1453 4364 Deum
1479 4311 1566 4380 qui
1597 4311 1775 4380 genuit
1813 4318 1881 4372 te,
1917 4311 2065 4362 dere-

491 4406 693 4474 liquisti
721 4406 759 4458 ³.
797 4405 860 4458 Et
907 4403 962 4457 in
995 4403 1119 4459 aliis
1149 4401 1285 4472 quid
1313 4401 1489 4456 dicit?
1526 4400 1626 4466 Qui
1675 4403 1856 4470 genuit
1887 4411 2062 4473 guttas

2173 3303 2264 3372 ὐφ’
2317 3307 2504 3377 ἐτέρου
2551 3307 2583 3376 ἢ
2646 3309 2836 3372 αὐτοῦ,
2879 3311 2910 3380 ἦ
2959 3310 3303 3381 θεμελιωτὸν,
3364 3321 3465 3372 οὐκ
3524 3323 3592 3374 ἂν
3642 3324 3750 3388 εἴη,

2171 3395 2414 3465 ἐξαρχῆς
2444 3399 2742 3466 ἀγέννητον
2775 3402 3043 3472 ὑπάρχον.
3079 3406 3140 3457 Et
3185 3407 3240 3460 δὲ
3272 3410 3328 3460 τὺ
3367 3413 3630 3484 γεννητὸν
3657 3414 3756 3462 αὐ-

2170 3488 2266 3541 τοῦ
2298 3490 2556 3556 λέγεσθαι
2596 3494 2868 3561 ὐπόφασίν
2895 3497 2974 3567 (ἓ)
3013 3515 3139 3553 τινα
3178 3503 3430 3572 παρέχει,
3478 3509 3552 3568 ώς
3599 3505 3666 3559 ἂν
3696 3507 3756 3557 ἐκ

2171 3583 2272 3651 τῆς
2301 3583 2492 3646 οὐσίας
2521 3584 2618 3654 τῆς
2652 3590 2925 3658 πατρικῆς
2965 3591 3129 3646 αὐτὸν
3163 3598 3445 3662 γεγονότα,
3483 3599 3578 3653 καὶ
3605 3598 3752 3668 ἔχειν

2171 3671 2236 3722 ἐκ
2258 3670 2450 3724 τούτου
2479 3674 2578 3742 τῆς
2614 3678 2834 3742 φύσεως
2879 3678 2976 3749 τὴν
3022 3683 3356 3754 ταύτότητα,
3398 3691 3751 3758 γινώσκομεν

2169 3760 2245 3824 ὡς
2273 3763 2333 3815 οὐ
2368 3765 2498 3834 περὶ
2529 3767 2695 3820 αὐτοῦ
2743 3771 2909 3836 μόνον
2941 3771 3002 3824 τὸ
3037 3777 3300 3844 γεννητὸν
3345 3777 3488 3834 εἷναί
3514 3799 3680 3852 φησιν
3719 3781 3750 3848 ἡ

2169 3853 2381 3924 Γραφὴ,
2443 3856 2580 3909 ἀλλὰ
2635 3861 2731 3913 καὶ
2777 3861 2869 3912 ἐπὶ
2913 3863 3021 3916 τῶν
3073 3865 3350 3936 ἀνομοίων
3409 3871 3561 3942 αὐτῷ
3606 3872 3748 3924 κατὰ

2169 3945 2348 4000 πάντα
2375 3949 2440 4016 τῇ
2479 3948 2662 4015 φύσει.
2699 3951 2813 4005 Καὶ
2839 3956 2948 4024 γὰρ
2972 3957 3066 4009 καὶ
3098 3959 3186 4012 ἐπ’
3217 3960 3527 4032 ἀνθρώπων
3559 3969 3748 4033 φησὶν.

2179 4035 2342 4102 Υιοὺς
2379 4038 2684 4108 ἐγέννησα
2740 4044 2838 4096 καὶ
2893 4045 3113 4114 ὕψωσα
3137 4067 3150 4082 ·
3192 4054 3364 4107 αὐτοὶ
3398 4054 3464 4110 δέ
3489 4074 3570 4126 με
3611 4055 3748 4124 ἠθέο

2167 4143 2388 4195 τησαν·
2409 4129 2523 4195 καὶ,
2545 4132 2695 4185 Θεὸν
2711 4135 2816 4188 τὸν
2831 4142 3216 4210 γεννήσαντά
3236 4161 3312 4200 σε
3333 4145 3744 4216 ἐγκατέλιπες-

2168 4221 2279 4273 Kal
2309 4223 2367 4275 ἐν
2397 4225 2605 4292 ἑτέροις
2633 4228 2686 4279 τί
2718 4246 2912 4298 φησιν;
2967 4235 3024 4285 '0
3058 4239 3316 4305 τετοκὼς
3340 4241 3586 4306 βώλους
3611 4243 3670 4309 δι
3685 4241 3745 4294 ό-

2166 4328 2304 4368 σου·
2339 4316 2399 4367 οὐ
2456 4317 2556 4388 τὴν
2615 4319 2777 4386 φύσιν
2825 4325 2884 4378 ἐκ
2935 4327 3034 4397 τῆς
3086 4330 3304 4398 φύσεως
3360 4333 3743 4406 διηγούμενος,

2166 4407 2301 4462 ἀλλὰ
2331 4411 2430 4478 τὴν
2465 4411 2550 4478 ἐφ’
2581 4413 2798 4487 ἑκάστῳ
2826 4417 2936 4470 τῶν
2969 4423 3280 4488 γενομένων
3321 4427 3386 4478 ἐκ
3415 4427 3513 4479 τοῦ
3545 4426 3744 4498 βουλήο

489 4500 628 4553 roris
652 4500 706 4550 δε
737 4513 854 4550 non
881 4503 1135 4551 naturam
1161 4509 1227 4549 ex
1253 4501 1451 4548 natura
1475 4531 1488 4550 .
1539 4493 1633 4548 sed
1661 4493 1958 4564 cujuslibet
1986 4495 2060 4548 rei

2179 4514 2336 4565 ματος
2366 4499 2535 4554 αὐτοῦ
2565 4505 2778 4569 γένεσιν
2814 4522 2830 4538 ο
2861 4507 2984 4561 οὐδὲ
3009 4511 3116 4579 γάρ
3139 4513 3288 4567 ἐστιν
3319 4517 3383 4569 ἐκ
3425 4517 3526 4588 τῆς
3545 4493 3743 4578 οὐσίαις

487 4605 610 4660 qua:
653 4598 986 4661 generatur,
1014 4601 1084 4640 ex
1127 4585 1411 4641 voluntate
1453 4586 1610 4654 ejus,
1651 4586 2058 4655 generationem

485 4682 787 4736 deducens.
810 4678 962 4734 Nihil
988 4678 1138 4732 enim
1160 4685 1246 4731 est
1265 4691 1331 4728 ex
1358 4676 1666 4730 substantia
1697 4678 1841 4748 ejus,
1867 4693 2058 4733 verum

485 4774 672 4829 omnia
695 4773 982 4826 voluntate.
1008 4770 1151 4840 ejus.
1176 4785 1276 4839 pro
1301 4784 1360 4824 se
1386 4769 1664 4838 quodque,
1696 4769 1877 4840 genita
1905 4781 2058 4835 sunt,

483 4861 646 4918 sicuti
677 4860 862 4931 genita
909 4866 1060 4913 sunt.
1097 4860 1274 4928 Atque
1326 4859 1417 4913 ille
1451 4857 1674 4928 quidem
1713 4859 1895 4924 Deus,
1939 4861 2058 4916 haec

479 4969 616 5008 vero
661 4953 728 5007 ad
775 4951 1197 5006 similitudinem
1256 4951 1378 5022 ejus
1427 4949 1643 5006 ratione
1699 4968 1798 5006 sua
1854 4953 2054 5008 similia

484 5046 690 5105 futura,
718 5052 774 5096 et
803 5050 986 5096 tamen
1021 5043 1206 5098 omnia
1240 5057 1306 5096 ex
1335 5045 1470 5098 Deo.
1505 5040 1638 5108 Quae
1667 5053 1722 5098 tu
1753 5054 1980 5114 accepta
2007 5054 2064 5100 et

483 5137 759 5192 elaborata
784 5175 798 5197 ,
843 5147 941 5202 pro
981 5149 1042 5187 ca
1074 5150 1195 5203 quae.
1229 5134 1324 5187 tibi
1375 5133 1644 5188 divinitus
1683 5135 1836 5190 adest
1868 5137 2060 5206 gratia,

483 5229 551 5280 ad
597 5227 882 5279 dominum
936 5241 1116 5277 meum
1166 5225 1535 5278 Alexandrum
1591 5227 1896 5292 persctibe.
1935 5227 2064 5280 Per—

481 5333 704 5374 suasum
740 5318 887 5372 cnim
917 5318 1096 5372 habeo
1119 5358 1131 5380 ,
1168 5319 1212 5371 si
1243 5317 1309 5372 ad
1355 5317 1636 5372 hominem
1666 5319 1977 5388 scripseris,
2011 5333 2063 5374 te

485 5425 612 5466 eum
648 5420 1028 5482 permoturum
1057 5425 1200 5465 esse.
1235 5411 1419 5464 Saluta
1467 5426 1658 5464 omnes
1708 5411 1762 5462 in
1809 5410 2063 5465 Domino.

2169 4589 2358 4642 αὐτοῦ·
2394 4592 2572 4646 πάντα
2613 4594 2670 4646 δὲ
2716 4595 3023 4668 βουλήματι
3067 4601 3233 4654 αὐτοῦ
3268 4607 3560 4676 γενόμενα,
3607 4607 3742 4660 ἕκασ-

2169 4696 2296 4734 στον
2319 4683 2396 4744 ὡς
2425 4683 2520 4740 καὶ
2564 4685 2784 4753 ἐγένετο
2809 4703 2824 4719 ·
2857 4693 2885 4742 ὁ
2919 4691 3022 4759 μὲν
3055 4695 3165 4763 γάρ
3213 4695 3368 4760 Θεὸς,
3405 4701 3474 4752 τά
3503 4700 3562 4754 δὲ
3606 4697 3742 4768 πρὸς

2164 4773 2462 4842 ὁμοιότητα
2500 4777 2668 4829 αὐτοῦ
2707 4777 2850 4850 λόγῳ
2877 4780 3040 4850 ὃμοια
3079 4786 3317 4856 ἐσόμενα
3341 4807 3354 4821 ·
3383 4791 3562 4844 πάντα
3594 4791 3652 4843 δὲ
3679 4793 3740 4842 ἐκ

2163 4863 2260 4916 τοῦ
2282 4865 2446 4922 Θεοῦ.
2481 4867 2662 4940 "Amp
2711 4870 2895 4925 λαϐὼν
2942 4876 3038 4929 καὶ
3081 4875 3524 4950 ἐξεργασάμενος
3548 4924 3562 4948 ,
3597 4879 3739 4937 κατά

2161 4959 2262 5026 τὴν
2297 4961 2609 5030 προσοῦσάν
2634 4979 2718 5016 σοι
2741 4965 2930 5020 θεόθεν
2957 4973 3139 5038 χάριν,
3167 4972 3376 5040 γράψαι
3399 4975 3477 5046 τῷ
3499 4975 3738 5046 δεσπότῃ

2162 5065 2266 5118 μου
2305 5049 2646 5123 Ἀλεξάνδρῳ
2671 5057 2993 5113 σπούδασον.
3037 5063 3388 5120 Πεπίστευκα
3410 5069 3518 5138 γὰρ
3551 5067 3627 5128 ὡς
3649 5105 3664 5128 ,
3689 5065 3737 5116 sl

2159 5141 2391 5211 γράψεις
2434 5145 2608 5215 αὐτῷ.
2651 5149 2928 5218 ἐντρέψεις
2975 5153 3160 5208 αὐτόν.
3212 5158 3429 5214 Πάντας
3474 5160 3735 5230 πρόσειπε

2159 5235 2286 5295 τοὺς
2340 5235 2397 5286 ὲν
2435 5237 2644 5308 Κυρίῳ.
2715 5241 3064 5311 Ἐῥρωμένον
3117 5263 3201 5310 σε,
3253 5251 3348 5302 καὶ
3391 5251 3532 5320 ὑπὲρ
3581 5247 3734 5319 ίζμῶν

2161 5326 2460 5392 εὐχόμενον
2495 5367 2508 5392 ,
2581 5332 2612 5399 ἡ
2686 5330 2806 5384 θεία
2861 5333 3020 5402 χάρις
3079 5337 3434 5407 διαφυλάττοι
3492 5358 3585 5404 σε,
3647 5340 3730 5391 δέ-

2162 5432 2356 5470 σποτα.
2403 5437 2424 5469 ι

481 5507 762 5564 Valentem
792 5517 843 5562 te
863 5551 877 5574 ,
907 5518 962 5562 et
987 5513 1096 5578 fpro
1143 5508 1305 5562 nobis
1336 5516 1588 5562 orantem
1615 5547 1628 5572 ,
1661 5507 1847 5560 divina
1877 5511 2050 5575 gratia
2098 5524 2410 5578 conservet,
2442 5516 2684 5574 domine.
2729 5539 2746 5572 ι

553 5651 567 5679 ¹
605 5651 764 5704 Prov.
800 5666 922 5716 vnt,
953 5649 1042 5705 22.
1120 5652 1139 5680 ³
1174 5650 1278 5705 lsa.
1313 5664 1351 5713 ι,
1379 5648 1433 5700 2.
1513 5648 1533 5678 ³
1569 5647 1730 5702 Deut.
1766 5664 1936 5713 χχχιι,
1977 5651 2056 5705 18.

551 5770 628 5836 (1)
657 5769 768 5824 lloc
794 5779 895 5836 est,
931 5769 1374 5833 diminutionem,
1410 5761 1842 5823 decrenientum.

2141 5653 2160 5680 ⁸
2193 5653 2292 5706 Job
2330 5671 2552 5722 xxxviii,
2581 5657 2672 5712 ‘28.

2239 5777 2313 5844 (τι)
2347 5775 2450 5829 Alii
2483 5776 2688 5833 habent
2732 5781 3016 5840 ὑπόϐασιν.
