4118 6470
367 478 436 541 ta
1215 484 1825 547 ECCIESIASTICJE
1874 488 2273 550 illSTORlﬂi
2316 491 2464 553 LIB.
2510 489 2682 553 VIII.
3561 477 3632 541 50

954 590 1207 645 ΚΕΦΛΛ.
1241 594 1348 648 Μ’.
1977 601 2020 655 Α

1977 601 2020 655 Α
2652 595 2877 653 CAPUT
2932 596 3025 652 XI.

371 684 508 763 Περί
540 680 656 763 rei)?
680 683 833 763 ὑπὲρ
894 683 1129 763 Ἀγηε-ίουΔ
1168 688 1448 763 ιζωςόδων
1470 704 1482 715 ·
1539 690 1659 763 καὶΔ
1680 691 1811 758 περὶ
1838 690 1947 763 τῆς

2058 691 2132 745 De
2166 692 2378 763 synodis
2408 708 2503 760 pro
2521 692 2642 743 ,ιι-ἕο
2672 690 2885 750 coactis.
2910 698 2960 763 et
2986 688 3049 763 de
3075 686 3227 763 turba
3261 692 3315 763 et
3336 683 3644 754 confusione

441 750 556 877 :23“
579 750 942 877 ἒξκουμένην
994 756 1411 826 διαλασούσης
1463 750 1823 828 συγχύσεως
1852 750 1950 814 δὶἇ

516 843 579 877 υτ
663 865 676 877 .

1748 750 1823 828 ξος
1852 750 1950 814 δὶἇ
2194 750 2217 763 ’
2339 750 2457 827 οιιὶε
2486 762 2659 814 orbem
2685 768 2899 831 propter
2915 760 3101 815 Arium
3143 757 3373 816 invasit.

446 937 683 992 Τοιαῦτα
710 940 809 993 καὶ
864 933 1011 995 οὗτοι
1064 941 1312 1013 ἔγραφον
1362 946 1497 1015 πρὶς
1526 947 1621 1000 τὸν
1680 949 1822 1002 κατὰ
1850 948 1950 1018 τῆς

2133 939 2281 993 Τιωιι
2338 950 2393 993 et
2450 939 2534 991 isti
2586 939 2965 1007 scripserunt,
3025 936 3294 991 adversus
3352 934 3640 990 veritatem

378 1031 636 1102 ἀληθείας
660 1034 1009 1102 οπλιξόμενοι
1032 1036 1291 1104 πόλεμον.
1326 1037 1414 1100 Ὠς
1434 1039 1488 1091 δὲ
1515 1040 1684 1092 πολλὰ
1713 1041 1953 1110 γράφον-

2058 1032 2261 1087 bellum
2296 1032 2669 1086 instituentes.
2704 1033 2999 1099 Postquam
3032 1042 3212 1084 autem
3250 1029 3345 1084 diu
3377 1029 3643 1082 multum-

378 1139 464 1185 τες
488 1122 691 1193 ἣκιστα
727 1126 935 1178 πείθειν
968 1126 1060 1179 τὸν
1104 1127 1460 1197 Ἀλέξανδρον
1490 1127 1657 1201 εἶχον,
1691 1133 1953 1200 χαλεπαί-

2059 1142 2165 1194 que
2198 1126 2542 1188 scribentes,
2587 1111 2920 1194 persuadere
2953 1123 3267 1177 Alexandro
3307 1121 3455 1190 quod
3497 1121 3644 1174 vole-

382 1234 567 1280 νοντες
613 1213 752 1287 ἦσαν
795 1218 869 1282 ὡς
907 1219 1251 1297 ὑβρισμένοι·
1302 1224 1398 1276 καὶ
1446 1225 1683 1295 σπουδὴν
1713 1224 1954 1278 ἐτίθεντο

2060 1217 2189 1271 bant
2235 1232 2347 1272 non
2394 1228 2662 1286 potuere,
2713 1213 2944 1283 perinde
2992 1223 3155 1283 atque
3219 1212 3418 1283 injuria
3461 1210 3644 1266 aﬂ‘ecti

381 1307 445 1359 τὸ
478 1308 685 1378 Ἀρείου
720 1309 985 1383 κρατῦναι
1022 1309 1222 1381 δόγμα.
1273 1314 1385 1365 Καὶ
1416 1314 1480 1382 δὴ
1516 1316 1573 1367 ἐν
1604 1319 1666 1383 τῇ
1708 1316 1955 1369 Βιθυνῶν

2058 1318 2275 1374 essent,
2330 1324 2474 1378 aegre
2523 1308 2577 1362 id
2640 1307 2914 1372 ferentes,
2955 1322 3155 1376 magno
3187 1305 3371 1360 studio
3427 1304 3481 1359 in
3543 1304 3646 1357 huc

383 1400 447 1450 τὸ
468 1398 568 1468 τῆς
604 1400 857 1464 ἀσεϐείας
908 1405 1385 1474 συγκροτήσαντες
1423 1408 1809 1479 ἐργαστήριον,
1843 1411 1956 1471 τοῖς

2062 1401 2370 1456 incubuere
2397 1411 2458 1455 ut
2484 1400 2599 1454 Arii
2628 1399 2822 1470 dogma
2852 1398 3154 1454 obtineret.
3188 1397 3255 1451 Et
3289 1397 3345 1451 in
3374 1396 3646 1466 Bithynia:

386 1490 490 1543 ἀνὰ
513 1491 609 1560 τὴν
656 1494 990 1564 οἰκουμένην
1043 1497 1091 1548 οί
1141 1497 1270 1566 περὶ
1316 1497 1581 1551 Εὑσέῦιον
1629 1501 1957 1563 ἐπισκόποις

2063 1495 2323 1564 primaria
2353 1495 2488 1547 urbe
2511 1533 2526 1556 ,
2561 1491 2865 1562 impietatis
2905 1491 3154 1546 instituta
3183 1488 3398 1545 ollicina
3421 1528 3436 1553 ,
3477 1488 3648 1542 Euse—

387 1581 655 1653 ἔγραψαν,
692 1585 911 1656 Ἀρειόν
941 1602 999 1640 τε
1023 1588 1119 1640 καὶ
1146 1588 1274 1652 τοὺς
1320 1591 1441 1659 μετ’
1471 1591 1637 1644 αὑτοῦ
1670 1598 1956 1653 κοινωνίας

2064 1587 2186 1639 hius
2223 1585 2289 1641 ad
2322 1586 2620 1656 plerosque
2653 1584 2806 1639 orbis
2844 1583 3145 1639 Christiani
3179 1582 3473 1651 episcopos
3500 1581 3649 1635 litte-

386 1674 608 1739 ἀξιοῦν·
663 1675 949 1749 εἶναιγὰρ
998 1682 1184 1744 αὐτοῖς
1242 1683 1567 1755 ὲρῥωμένην
1592 1686 1689 1756 τὴν
1744 1689 1869 1757 περὶ
1902 1687 1961 1740 τὸ

2064 1696 2150 1732 ras
2178 1679 2351 1743 dedit,
2385 1687 2442 1731 ut
2474 1677 2664 1732 Arium
2702 1687 3120 1744 scctaloresque
3148 1674 3283 1746 ejus
3301 1672 3368 1728 ad
3401 1688 3647 1728 commu-

385 1767 563 1838 δόγμα
597 1768 777 1836 δόξαν·
805 1774 901 1825 καὶ⁹
931 1772 1288 1845 Ἀλέξανδρον
1332 1774 1387 1827 δὲ
1432 1778 1603 1830 ταυτὺ
1634 1776 1794 1830 τοῦτο
1827 1776 1959 1846 δρᾶν

2063 1772 2283 1825 nioncm
2306 1771 2686 1825 admitterent.
2710 1768 2800 1824 Sic
2819 1768 2968 1822 enim
2994 1767 3265 1831 futurum,
3292 1776 3350 1820 ut
3369 1766 3644 1834 ingcnlcm

390 1877 482 1913 σαι
540 1863 1011 1931 παρασκευάζειν.
1076 1866 1164 1929 Ὦς
1198 1865 1256 1919 δὲ
1291 1867 1446 1921 οὐδὲν
1495 1861 1660 1940 ἦττον
1685 1871 1747 1922 τὸ
1792 1869 1963 1924 σπούο
1987 1934 2016 1940 _

2018 1935 2029 1940 _
2064 1862 2132 1917 de
2157 1864 2409 1933 dogmate
2431 1868 2912 1929 consequerentur
2940 1856 3192 1927 gloriam,
3223 1861 3277 1909 et
3307 1853 3644 1915 Alexandro,

390 1950 573 2019 δασμα
603 1952 754 2022 παρὰ
808 1954 1033 2025 γνώμην
1085 1957 1388 2035 ὲξέᾷαινεν,
1448 1934 1801 2034 Ἀλεξάνδρου
1847 1934 2016 2026 τοῖςΙ

2019 1935 2124 2009 ιιιι
2169 1954 2313 2008 idem
2375 1953 2603 2019 iaceret,
2649 1960 2905 2006 auctores
2948 1949 3163 2004 ﬁerent.
3199 1946 3363 2017 55a.
3392 1945 3461 2000 Ut
3514 1960 3645 1999 vero

391 2043 537 2107 ἅπαξ
565 2045 687 2098 κατ’
746 2046 961 2117 ’Δρείου
995 2046 1344 2121 δεδογμένοις
1393 2054 1748 2123 ἐμμένοντος,
1800 2059 1963 2110 ἀπει-

2065 2048 2241 2102 nibilo
2269 2046 2442 2118 magis
2465 2053 2707 2115 coaptum
2733 2058 2925 2098 eorum
2953 2058 3021 2096 ex
3048 2037 3322 2095 sententia
3352 2036 3644 2106 processit,

393 2136 508 2189 πὼν
558 2139 802 2210 Ἄρειος.
863 2143 1162 2213 πρεσϐείαν
1203 2145 1422 2198 ἔστελλε
1474 2147 1728 2219 Παυλίνῳ
1760 2166 1820 2202 τε
1869 2151 1964 2205 καὶ

2064 2141 2209 2210 quod
2240 2139 2549 2195 Alexander
2571 2141 2627 2193 in
2659 2138 2743 2193 eis
2777 2152 2900 2207 qua:
2930 2134 3097 2190 semel
3127 2132 3486 2192 decrevisset,
3520 2146 3649 2185 con-

393 2224 631 2296 Εὑσεὸίῳ
677 2228 753 2297 τῷ
790 2228 1098 2299 Παμφίλου,
1136 2234 1229 2285 καὶ
1278 2234 1603 2307 Πατροφίλῳ
1651 2236 1728 2307 τῷ
1761 2238 1964 2291 Σκυθο-

2067 2242 2275 2289 stanter
2308 2240 2715 2303 perseveraret,
2747 2230 3037 2298 desperata
3068 2242 3131 2280 ea
3167 2241 3224 2280 re
3259 2223 3425 2279 Arius
3474 2223 3648 2277 inter-

394 2317 620 2386 πόλεως,
656 2322 750 2373 καὶ
781 2326 909 2392 περὶ
932 2322 1173 2386 ἐκείνιυς
1202 2328 1537 2396 συστήματι,
1566 2331 1963 2402 ἐπιτετράφθαι

2068 2328 2292 2380 nuntios
2338 2326 2404 2380 ad
2438 2324 2763 2379 Paulinum.
2799 2330 2854 2375 et
2895 2318 3194 2375 Eusebium
3254 2315 3554 2385 Pamphili,
3595 2323 3651 2369 et

390 2411 442 2461 οί
478 2412 571 2464 καὶ
608 2416 718 2476 τοῖς
756 2415 896 2484 ἀμφ’
924 2416 1109 2482 αὐτὸν,
1148 2406 1237 2472 τὸν
1286 2423 1417 2490 περὶ
1452 2422 1615 2475 αὑτὸν
1662 2424 1736 2485 ὡς
1770 2425 1967 2495 πρότε-

2068 2419 2445 2488 Patrophilum
2476 2414 3021 2486 Scytlmpolitannm,
3051 2422 3108 2467 et
3132 2409 3199 2464 ad
3233 2410 3451 2463 illorum
3486 2407 3655 2461 colle-

396 2514 499 2573 ρον⁸
545 2505 925 2575 ἐκκλησιάζειν
974 2510 1140 2572 λαὸν,
1178 2505 1268 2564 οία
1314 2512 1379 2583 δὴ
1418 2516 1511 2568 καὶ
1543 2516 1639 2585 τὴν
1685 2515 1794 2569 τῶν
1833 2535 1967 2587 πρε-

2068 2511 2217 2581 gium
2266 2510 2444 2569 misit,
2494 2517 2554 2562 ut
2605 2508 2708 2562 sibi
2770 2504 3251 2572 scctatoribusquc
3310 2501 3424 2555 suis
3468 2499 3651 2569 populi

396 2597 671 2667 σὸυτέρων
699 2599 854 2663 τάξιν
892 2602 954 2653 ἐκ
976 2602 1175 2655 πολλοῦ
1206 2602 1423 2675 ἔχοντα,
1454 2605 1609 2670 ἔθους
1636 2608 1700 2659 ὲκ
1733 2609 1965 2664 παλαιοῦ

2070 2602 2153 2656 sui
2185 2604 2237 2656 in
2270 2601 2503 2656 ecclesia
2538 2598 2794 2670 cogendi,
2833 2595 2999 2652 sicuti
3040 2602 3202 2648 antea
3239 2591 3521 2653 fecissent,
3559 2604 3655 2659 po-

397 2690 775 2759 κρατήσαντος
826 2693 921 2746 ἕνα
975 2695 1076 2763 μὲν
1105 2692 1246 2750 εἶναι
1287 2697 1378 2751 τὸν
1429 2700 1571 2753 κατὰ
1598 2700 1816 2755 πάντων
1851 2702 1970 2756 ἐπίο

2073 2705 2239 2750 tcstas
2290 2695 2474 2758 fieret,
2529 2684 2763 2764 petens:
2795 2690 3000 2761 quippe
3050 2687 3145 2751 qui
3189 2686 3354 2755 longo
3391 2683 3508 2751 ipse
3542 2683 3652 2753 jam

401 2800 622 2849 σκοπον,
647 2787 770 2849 τοὺς
798 2786 854 2840 δὲ
888 2789 1300 2859 πρεσϐυτέρους
1358 2790 1497 2853 ἰδίας
1529 2791 1629 2855 τὰς
1669 2794 1969 2865 ἐκκλησίαις

2074 2802 2320 2857 tempore
2361 2786 2613 2841 ordinem
2654 2785 2953 2852 locumque
2994 2794 3155 2835 suum
3195 2779 3340 2833 inter
3370 2778 3658 2847 presbyte-

400 2875 565 2947 ἔχειν,
603 2880 695 2932 καὶ
730 2878 819 2932 τὸν
854 2880 981 2933 λαὸν
1016 2885 1195 2934 ἐκεῖσε
1236 2885 1574 2952 συνάγοντας
1611 2883 1967 2940 ἐκδιδάσκειν.

2076 2897 2167 2935 ros
2216 2880 2468 2941 haberet.
2527 2887 2583 2932 et
2635 2893 2702 2933 ex
2760 2872 3169 2932 consuetudine
3225 2869 3456 2939 antiqua
3512 2882 3658 2922 unus

402 2971 462 3019 Οἱ
494 2969 547 3023 δὲ
580 2969 828 3040 δέχονται
854 2972 954 3042 τὴν
986 2974 1329 3044 ’πρεσϐείαν
1385 2977 1480 3029 καὶ
1530 2978 1588 3028 ὲν
1639 2978 1969 3049 Παλαιστίνη

2075 2973 2296 3043 quidem
2343 2972 2602 3026 omnibus
2654 2974 2916 3040 praeesset
2963 2967 3256 3035 cpiscopus
3284 3004 3298 3027 ,
3352 2959 3657 3031 presbyteri

404 3057 521 3124 μεθ’
551 3058 753 3129 ἐτέρων
782 3063 1087 3131 γενόμενοι,
1120 3064 1219 3134 τὴν
1267 3065 1484 3135 Ἀρείου
1515 3068 1735 3136 αἴτησιν
1766 3069 1975 3139 ἐκπλη-

2076 3075 2256 3119 autem
2303 3077 2432 3117 suas
2475 3061 2579 3131 ipsi
2622 3067 2879 3130 regerent
2914 3057 3215 3119 ecclesias,
3269 3062 3434 3123 atque
3479 3051 3534 3106 in
3576 3050 3659 3105 eis

407 3148 626 3219 ροῦσιν,
670 3152 963 3224 ἐγγράφως
1003 3154 1393 3226 διαταξάμενοι
1452 3159 1710 3228 συνάγειν
1768 3161 1866 3230 μὲν
1898 3161 1973 3225 ὡς

2078 3154 2337 3223 pupulum
2376 3161 2766 3223 congregatum
2812 3166 2910 3221 pro
2941 3149 3210 3203 concione
3253 3148 3535 3200 docerent.
3575 3143 3656 3197 llli

402 3245 668 3315 πρότερον
706 3248 953 3319 Ἀρειον,
998 3250 1335 3322 Ἀλεξάνδρῳ
1372 3269 1434 3322 γε
1469 3252 1576 3324 μὴν
1604 3253 1969 3307 ὑποκεῖσθαι·
2005 3274 2028 3329 ί

2031 3247 2410 3327 :legationcm
2468 3245 2711 3300 hominis
2760 3243 3110 3311 suscipiunt,
3159 3252 3213 3296 et
3260 3255 3385 3295 cum
3437 3239 3559 3295 aliis
3603 3243 3657 3293 in

402 3337 610 3392 δεῖσθαι
654 3340 710 3392 δὲ
757 3343 853 3393 καὶ
885 3341 1188 3395 ἀντιϐολεῖν
1232 3344 1329 3413 τῆς
1374 3345 1588 3398 ἐκείνου
1624 3346 1975 3415 κατατυγχά-

2082 3340 2371 3396 Palzestina
2398 3338 2826 3401 convenientes,
2866 3335 3306 3406 petitionemque
3335 3333 3457 3404 ejus
3485 3332 3660 3387 adim-

403 3444 516 3479 νειν
540 3429 764 3499 είρήνης
787 3445 845 3481 τε
885 3432 976 3482 καὶ
1010 3428 1281 3494 ὲνώσεως.
1315 3433 1423 3484 Καὶ
1472 3432 1604 3503 άλλη
1636 3433 1682 3487 δ’
1722 3434 1779 3486 ὲν
1805 3434 1974 3502 Αἰγύ-

2085 3436 2299 3507 plentcs
2326 3474 2341 3500 ,
2394 3433 2680 3489 decretum
2725 3433 2779 3486 in
2814 3430 3080 3500 scriptum
3127 3427 3417 3482 referunt:
3470 3426 3658 3480 Arium

406 3520 768 3587 attpeuvwo;
801 3522 941 3593 ὑπὲρ
960 3525 1170 3577 τούτων
1198 3525 1508 3579 συνίστατο.
1551 3527 1895 3596 Συνέπραττε
1918 3527 1975 3581 δὲ

2082 3531 2329 3601 quidem,
2355 3536 2414 3582 ut
2437 3536 2620 3594 antea,
2644 3534 2950 3582 conventus
2977 3537 3177 3592 cogere
3199 3536 3396 3591 posse:
3426 3520 3665 3575 Alexan-

404 3615 554 3682 αὐτῷ
582 3618 674 3671 καὶ
713 3617 971 3681 Μελίτιος
1007 3619 1101 3671 καὶ
1150 3620 1199 3673 οἱ
1232 3620 1363 3692 περὶ
1402 3620 1589 3687 αὑτὸν,
1630 3623 1678 3675 οί
1708 3622 1805 3690 τῆς
1852 3622 1974 3675 Ἑκ-

2083 3624 2183 3678 dro
2217 3634 2397 3677 autem
2429 3621 2712 3676 subditum
2741 3633 2893 3681 esse,
2928 3617 3330 3687 deprecariqne
3362 3624 3415 3669 ιιι
3452 3615 3662 3684 suppli-

405 3704 634 3775 κλησίας
687 3707 794 3778 πρὸ
838 3707 1075 3778 βραχέος
1116 3711 1452 3780 σχισθέντες,
1489 3714 1582 3765 καὶ
1625 3714 1691 3766 τὰ
1739 3714 1976 3782 μέγιστα

2084 3733 2212 3773 care
2241 3716 2327 3780 ei,
2372 3729 2483 3784 quo
2515 3714 2568 3768 in
2613 3713 2847 3785 gratiam
2890 3711 3268 3781 ultionemque
3312 3709 3435 3780 ejus
3471 3723 3665 3778 perve-

410 3798 877 3867 συνελαμϐάνοντο
913 3800 1029 3867 ,ἆτε
1056 3802 1120 3871 δὴ
1143 3804 1237 3856 καὶ
1268 3796 1418 3857 οὗτοι
1442 3806 1628 3869 κακῶς
1651 3807 1787 3877 πρὸς
1828 3807 1979 3861 Ἀλέ-

2088 3815 2207 3866 nire
2241 3793 2443 3880 posset,
2475 3807 2702 3863 debere.
2737 3806 2845 3861 Sed
2876 3814 2931 3861 et
2963 3804 3065 3859 alia
3093 3819 3312 3874 quoque
3345 3803 3397 3856 in
3438 3800 3665 3872 Egyptu

409 3888 630 3959 ξανδρον
655 3890 1015 3960 διακείμενοι.
1067 3894 1163 3957 Τίς
1204 3894 1260 3947 δὲ
1287 3896 1315 3947 ὁ
1357 3896 1616 3960 Μελίτιος
1658 3897 1810 3967 οὗτος
1836 3899 1978 3968 φθά-

2088 3901 2334 3973 synodus
2361 3902 2464 3954 hac
2493 3899 2560 3952 de
2591 3913 2649 3953 re
2679 3909 2820 3951 acta.
2855 3894 2988 3949 Ario
3028 3893 3269 3948 Melitius
3293 3893 3460 3948 etiam
3491 3901 3665 3946 seeta-

408 3999 570 4052 νομεν
606 3984 909 4054 εἰρηκότες.
956 3986 1087 4051 Τοῖς
1124 3987 1181 4041 δὲ
1219 3989 1342 4041 κατ’
1392 3989 1670 4059 Αἴγυπτον
1720 3992 1812 4044 καὶ
1857 3997 1979 4056 ταῖς

2092 4007 2347 4065 toresque
2384 3992 2630 4064 ejusdem
2660 3992 2934 4054 faverunt,
2976 4002 3217 4056 eumque
3251 3986 3487 4040 traxime
3514 3986 3669 4057 juve-

412 4077 729 4146 ἁπανταχοῦ
782 4077 1101 4148 ἐκκλησίαις
1121 4079 1523 4154 διασπαρείσης
1558 4087 1657 4153 τῆς
1688 4084 1975 4152 αἱρέσεως,

2092 4095 2221 4140 runt
2247 4079 2268 4138 τ’
2292 4085 2385 4155 qui
2410 4095 2467 4138 et
2494 4082 2599 4153 ipsi
2628 4096 2737 4136 non
2766 4081 2839 4134 ita
2870 4077 3083 4149 pridem
3113 4077 3181 4132 ab
3214 4076 3456 4131 Ecclesia
3486 4075 3667 4130 desci-

410 4167 525 4237 ἔρις
558 4168 614 4220 ὲν
646 4169 902 4231 ἑκάστοις
946 4170 1158 4241 ἄμαχος
1209 4174 1558 4245 ἀνηγείρετο.
1607 4175 1665 4228 '0
1701 4176 1757 4228 δὲ
1803 4177 1981 4239 κοιτὸς

2092 4190 2322 4245 verant,
2365 4187 2420 4233 et
2457 4177 2601 4232 male
2647 4188 2775 4245 erga
2816 4171 3191 4227 Alexandrum
3225 4169 3452 4225 animati
3485 4178 3669 4224 erant.

407 4260 563 4330 ὄχλος
591 4262 793 4331 κρίνων
819 4258 886 4331 ἦν
919 4261 985 4317 τὰ
1017 4261 1265 4317 τοιαῦταο
1302 4267 1399 4319 καὶ
1439 4266 1530 4319 ἐπ’
1567 4270 1774 4340 ἀγορᾶς
1813 4269 1985 4341 προΰο

2091 4276 2226 4342 Quis
2255 4283 2440 4328 autem
2468 4269 2710 4325 Melitius
2736 4269 2835 4322 iste
2864 4266 3053 4330 fuerit,
3078 4268 3187 4336 jam
3213 4272 3374 4319 antea
3403 4262 3666 4316 diximus.

410 4372 609 4420 κειντο,
658 4354 767 4407 τῶν
816 4356 917 4425 μὲν
965 4358 1165 4421 τοῖσδε,
1210 4359 1321 4414 τῶν
1357 4360 1405 4412 δ’
1433 4360 1664 4424 ἐκείνοις
1697 4363 1984 4428 προστιθε-

2092 4368 2364 4423 Ca'terum
2402 4361 2597 4417 haeresi
2632 4362 2735 4415 hac
2768 4373 2868 4428 per
2896 4356 3188 4427 Egyptum
3220 4361 3275 4412 et
3302 4354 3434 4408 alibi
3466 4354 3668 4422 passim

412 4449 589 4515 μένων
621 4449 712 4500 καὶ
747 4450 1204 4519 ὲπικλινομέτων.
1245 4451 1538 4521 Τραγῳδία
1571 4470 1629 4505 τε
1672 4456 1763 4505 καὶ
1807 4453 1984 4520 γέλως

2094 4463 2147 4517 in
2181 4459 2433 4515 ecclesiis
2460 4456 2708 4524 vulgata,
2754 4451 3045 4507 dissidium
3077 4449 3283 4518 ubique
3323 4446 3672 4517 implacabile

411 4539 668 4610 ἄντικρυς
712 4542 781 4595 τὰ
821 4539 1076 4612 δρώμενα
1128 4541 1300 4615 ἦσαν.
1347 4546 1421 4598 Οὐ
1453 4545 1562 4615 γὰρ
1612 4546 1983 4615 ἀλλόγλωσσοι

2096 4555 2393 4609 excitatum
2444 4558 2549 4604 est.
2601 4546 2667 4601 Et
2698 4545 2894 4614 vulgus
2936 4544 3207 4614 judicium
3245 4556 3433 4595 carum
3486 4553 3670 4595 rerum

411 4636 870 4705 ταῖςὲκκλησίαις
921 4639 1350 4710 ἐπεστράτευον,
1399 4638 1513 4693 ἀλλ’
1542 4641 1845 4710 ὁμοδίαιτοι
1890 4635 2037 4695 καὶι

2045 4638 2499 4698 )εἱὶ)ῑειιειιρι›ιιι.
2554 4638 2835 4709 Agebatur
2886 4637 2954 4695 de
3004 4635 3091 4689 bis
3145 4628 3365 4704 publice
3418 4631 3471 4684 in
3527 4630 3671 4687 foro.

413 4727 679 4792 ἑμόφυλοι
729 4729 852 4781 κατ’
892 4729 1144 4800 ἀλλήλων
1188 4730 1515 4795 ὡπλίζοντο,
1546 4735 1663 4795 ταῖς
1713 4733 1992 4801 γλώσσαις

2091 4736 2215 4792 aliis
2242 4734 2309 4789 ad
2337 4735 2500 4798 hanc,
2525 4732 2649 4785 aliis
2672 4729 2738 4783 ad
2769 4729 2914 4783 illam
2943 4737 3157 4797 partem
3184 4723 3353 4780 animi
3382 4722 3673 4777 aﬂ‘cctione

415 4813 503 4871 οἷα
531 4821 720 4891 δόρασι
751 4821 1051 4891 χρώμενον
1089 4825 1182 4875 καὶ
1212 4823 1305 4875 ὑπ’
1344 4824 1593 4893 ἀλλήλων
1631 4827 1992 4895 κατησθίοντο

2093 4828 2519 4885 inclinantibus.
2557 4826 2748 4892 anue
2782 4836 2971 4877 rerum
3019 4818 3190 4874 facies
3230 4818 3402 4872 risum
3453 4829 3676 4886 prorsus

416 4914 654 4966 ἕκαστοι.
682 4914 774 4979 Εἰς
805 4913 1062 4968 τοσοῦτον
1083 4916 1127 4968 δ’
1150 4916 1380 4978 ἀτοπίας
1405 4918 1616 4988 προέϐη
1651 4919 1711 4970 τὸ
1736 4921 1991 4989 πρᾶγμα,

2095 4925 2476 4993 tragicumque
2508 4919 2787 4990 prmbcbat
2815 4914 3222 4986 spectaculum.
3254 4910 3540 4981 Siquidem
3568 4923 3676 4962 non

416 5005 489 5066 ὡς
521 5005 754 5073 δημοσία
802 5010 859 5058 ὲν
904 5007 1248 5075 καταγέλωτι
1310 5008 1380 5061 τὰ
1428 5009 1519 5061 τοῦ
1564 5011 1995 5081 Χριστιανισμοῦ

2099 5015 2374 5087 peregrini
2414 5024 2469 5068 et
2518 5011 2745 5067 advena:
2795 5008 3073 5063 Ecclesias
3118 5004 3545 5077 oppugnabant,
3579 5003 3675 5058 sed

415 5100 719 5153 ἐκκεῖσθαι.
737 5100 1023 5164 Νεανικῶς
1042 5102 1152 5171 γὰρ
1169 5101 1685 5172 διαπλήκτιζόμενοι
1699 5142 1712 5167 ,
1735 5104 1991 5175 πρέσϐεις

2096 5111 2245 5163 cives
2281 5123 2343 5161 ac
2375 5103 2611 5159 tribules
2638 5101 2961 5173 quotidiana
3003 5098 3405 5154 consiietudine
3438 5096 3585 5150 inter
3618 5109 3676 5148 se

415 5186 683 5247 ἔστελλον,
723 5190 908 5242 ὁποῖον
955 5190 1063 5242 τῶν
1117 5192 1304 5262 μερῶν
1341 5191 1565 5261 μείζονα
1615 5194 1991 5263 περιαθροίσει

2097 5184 2401 5269 conjuncti,
2438 5197 2647 5253 bellum
2680 5194 2999 5249 intestinum
3026 5192 3315 5261 gerebant,
3345 5188 3549 5259 linguis
3577 5202 3677 5257 pro

418 5282 507 5333 τὶν
533 5280 811 5349 σύλλογιν.
838 5282 1149 5352 Γράμματα
1195 5284 1241 5336 δ’
1293 5286 1515 5337 ἐναντία
1553 5286 1685 5354 παρ’
1738 5286 1993 5349 ἑκάστοις

2100 5292 2272 5347 hastis
2311 5299 2564 5354 utentes,
2606 5294 2662 5341 et
2695 5286 2910 5355 seipsos
2956 5285 3194 5339 invicem
3237 5281 3582 5337 mordentes.
3617 5279 3679 5333 In

418 5375 753 5441 ἐπέμποντο.
784 5374 858 5436 ὡς
886 5376 1113 5428 πλεῖστα
1139 5378 1230 5428 καὶ
1271 5375 1619 5448 Ἀλέξανδρον
1645 5379 1739 5431 καὶ
1771 5380 1992 5446 Ἀρειον

2097 5399 2216 5437 eam
2250 5395 2382 5436 sane
2409 5379 2796 5449 indignitatem
2827 5391 2913 5430 res
2939 5375 3138 5442 evasit,
3169 5383 3231 5429 ut
3264 5374 3484 5444 publice
3511 5370 3678 5426 Chri-

420 5468 536 5527 ταῖς
569 5467 860 5537 σφετέραις
907 5468 1089 5531 δόξαις
1144 5472 1494 5537 συναγαγεῖν·
1544 5471 1618 5531 ὡς
1665 5469 1724 5535 ἐξ
1762 5471 1992 5526 ἐκείνων

2099 5473 2421 5528 slianisntus
2462 5468 2528 5523 ad
2573 5468 2755 5522 locum
2794 5475 2850 5522 et
2884 5465 3189 5521 ludibrium
3215 5463 3479 5517 omnibus
3504 5475 3677 5529 espo-

422 5563 513 5610 καὶ
545 5559 641 5622 τὰς
670 5550 795 5627 ἑξῆς
829 5558 1069 5630 αἱρέσεις
1123 5559 1444 5631 Ἀρειανῶν,
1499 5562 1873 5634 Εὐνομιανῶν,
1899 5565 1994 5618 καὶ

2102 5567 2241 5621 situs
2287 5571 2456 5615 esset.
2509 5560 2840 5615 Juveniliter
2894 5572 3133 5627 namque
3186 5557 3332 5611 inter
3375 5569 3435 5609 se
3485 5553 3682 5609 decer-

418 5656 561 5709 ὅσων
590 5653 788 5719 ἄλλων,
836 5654 936 5725 τὴν
984 5656 1257 5727 πρόφασιν
1307 5656 1408 5729 τῆς
1463 5656 1777 5721 συστάσεως
1826 5660 1991 5730 ὲσχη·

2105 5668 2321 5720 tantes,
2383 5655 2687 5725 legationes
2747 5649 3306 5712 circnnnnittebant,
3372 5655 3495 5701 utra
3559 5661 3683 5716 pars

420 5748 592 5805 κέναι.
2106 5753 2367 5823 majorem
2409 5748 2477 5803 ad
2507 5763 2565 5802 se
2596 5746 2945 5817 pertraheret
2974 5743 3258 5797 hominum
3288 5739 3679 5811 frequentiam.

420 5841 486 5895 Et
537 5843 957 5913 quamplurima:
1015 5844 1298 5913 epistolae,
1351 5843 1506 5898 inter
1562 5857 1621 5900 se
1711 5848 2025 5913 contrariae,
2071 5847 2273 5918 passim
2331 5842 2693 5897 mittebantur
2770 5840 2840 5894 ab
2895 5838 2979 5891 eis
3029 5836 3124 5906 qui
3175 5835 3261 5889 vel
3308 5834 3680 5890 Alexandrum

422 5937 501 5990 vri
550 5936 743 5990 Arium
795 5937 1152 6006 opinionibus
1230 5939 1345 5993 suis
1392 5941 1648 5994 assentiri
1701 5941 2019 6009 cupiebant.
2062 5941 2223 6012 555
2266 5940 2422 5995 Unde
2466 5937 2768 6005 deinceps,
2816 5949 2943 6004 qua:
3015 5940 3224 5986 secuta:
3258 5940 3389 5983 sunt
3441 5928 3683 5983 haereses

424 6031 533 6085 Ari.
559 6044 785 6095 norum,
825 6029 1323 6099 Eunomianorum,
1366 6041 1421 6088 et
1458 6033 1502 6091 si
1534 6048 1654 6097 qua:
1682 6043 1811 6089 sunt
1846 6035 1986 6096 alizc.
2030 6034 2244 6089 dissidii
2277 6043 2329 6089 et
2366 6028 2796 6088 conﬂictationis
2823 6024 3173 6084 occasionem
3204 6036 3516 6092 sumpsere.
