4118 6466
483 422 543 487 εἸ
1710 427 2132 492 NICEPHORI
2173 431 2519 504 CALLISTI
3684 430 3757 495 52

1069 537 1295 594 CAPUT
1341 539 1454 592 xu.
2096 556 2137 608 Α

2096 556 2137 608 Α
2765 547 3014 600 ΚΕΦΛΛ.
3057 548 3156 602 lll'.

460 621 946 704 ’ίῖε-ςοιιειωιιὶηαε
972 631 1154 704 cndita
1184 628 1432 684 Ecclesia:
1447 635 1800 704 contentione.
1837 633 2055 704 (Iasium

2179 636 2274 704 Ὠς
2305 637 2576 704 ἀκούσας
2627 636 2737 701 τὴν
2794 637 2901 703 τῆς
2960 638 3326 703 Ἐκκ.1ησιάς
3357 636 3484 704 ἔριν
3520 639 3554 692 ὀ
3593 640 3754 691 Κων-

546 697 876 773 ῌὶεραιιιιηι,
909 699 963 750 in
1007 696 1272 773 Orientem
1311 703 1530 773 miserit,
1581 704 1651 755 ad
1716 703 2054 758 concordiam

2238 696 2581 773 ἁταντῐνυςῖ.
2639 696 2858 761 Ὄσιοῆ
2882 696 3010 761 ’τὸν
3060 696 3356 762 Ἰσέτανὸγ
3381 696 3501 772 ἐις
3533 707 3652 772 τὴν
3681 707 3757 760 ἕω

503 784 516 798 ·
546 771 685 822 inter
713 767 1018 824 dissidentes
1039 768 1450 825 conciliandam.

2239 767 2624 848 ἀπέστειὶεν
2650 781 2739 844 είς
2771 777 3106 848 διαλλαγὰς
3127 775 3398 846 χωρῆσαι
3435 767 3566 842 τοῖς
3595 767 3753 830 ota-

2239 845 2576 906 σιὰζὸυσιν.

548 947 679 1015 Qua:
703 949 987 1004 contentio
1012 965 1136 1005 eum
1161 951 1227 1004 ad
1253 952 1606 1020 imperatoris
1629 967 1850 1023 quoque
1876 954 2055 1008 aulam

2248 961 2405 1012 Ἐπεὶ
2435 959 2489 1012 δὲ
2535 963 2567 1030 ἡ
2601 961 2714 1031 ἔρις
2748 960 2880 1030 ἄχρι
2913 962 3010 1014 καὶ
3041 958 3150 1013 τῶν
3201 957 3496 1029 βασιλείων
3533 958 3751 1028 ἐφοίτα,

480 1041 844 1110 pervenisset,
888 1055 997 1096 non
1030 1044 1410 1109 mediocriter,
1446 1059 1510 1100 ea
1545 1045 1752 1110 audita,
1790 1047 2048 1101 laudatis-

2163 1053 2224 1105 οὐ
2272 1051 2507 1122 μετρίως
2555 1053 2894 1123 ὲδυσφὸρησε
2944 1051 3242 1115 διακούσας
3298 1054 3325 1105 6
3385 1051 3753 1121 πανεύφημος

477 1134 646 1188 simus
698 1143 985 1202 permotus
1029 1146 1115 1191 est
1171 1145 1339 1206 atque
1387 1136 1628 1192 indoluit
1675 1139 1953 1207 princeps.
1988 1137 2057 1191 Et

2168 1143 2443 1211 βασιλεύς.
2495 1145 2804 1214 Περιαλγὴς
2835 1144 2891 1198 δὲ
2941 1144 3040 1214 τὴν
3091 1144 3269 1215 ψυχὴν
3315 1145 3638 1215 γενόμενος,
3681 1145 3758 1197 ol-

477 1223 628 1286 κιτιγί
675 1225 728 1278 in
775 1227 963 1280 animo
994 1237 1268 1296 concepto
1314 1244 1584 1295 maerore,
1619 1229 1900 1299 propriam
1931 1245 2053 1283 eam

2166 1238 2322 1292 κείαν
2356 1237 2640 1305 ἐλογίσατο
2673 1239 2962 1308 συμφοράν
2985 1255 2998 1268 °
3036 1238 3132 1290 καὶ
3165 1235 3522 1308 παραχρῆμα
3559 1236 3751 1288 σϐέσαι

479 1317 762 1394 reputavit
805 1332 928 1372 esse
975 1319 1363 1376 calamitatem.
1395 1320 1696 1376 Confestim
1739 1336 1872 1391 ergo
1903 1319 2056 1374 ﬂam-

2168 1333 2268 1398 τῇν
2295 1331 2680 1400 ἀναπτομένην
2729 1330 2903 1398 φλόγα
2937 1330 3177 1396 σπουδὴν
3227 1330 3487 1394 ἐποιεῖτο,
3521 1330 3620 1380 καὶ
3654 1328 3754 1396 τὴν

480 1425 620 1462 mam
675 1424 965 1465 accensam
1011 1413 1398 1483 exstinguere,
1446 1424 1503 1470 et
1549 1429 1714 1484 quam
1764 1415 2055 1470 celerrime

2170 1421 2278 1474 τῶν
2302 1423 2486 1474 κακῶν
2510 1422 2582 1484 ὡς
2614 1423 2776 1492 τάχος
2801 1422 3079 1491 ὲμφρίξαι
3109 1421 3315 1490 πηγήν.
3345 1421 3455 1474 Καὶ
3480 1421 3592 1488 γὰρ
3615 1417 3754 1489 ᾤετο

477 1501 746 1554 malorum
772 1501 980 1556 fontem
1006 1504 1268 1558 obturare
1294 1504 1528 1559 studuit.
1555 1505 1861 1560 Verebatur
1884 1507 2054 1566 enim,

2167 1515 2501 1583 προσφάτως
2547 1514 2647 1585 ἥδη
2700 1517 2797 1584 τῆς
2839 1513 3140 1584 θρησκείας
3181 1512 3367 1578 αὔξειν
3411 1513 3747 1581 ἐρχομένης.

476 1593 622 1660 quod
688 1610 866 1663 nuper
925 1595 1221 1649 admodum
1281 1597 1472 1664 religio
1531 1597 1715 1666 vigere
1771 1599 2050 1668 empisset,

2166 1606 2397 1669 πολλοὺς
2431 1609 2496 1678 τῇ
2537 1606 2810 1679 διαφωνία
2838 1607 2936 1676 τῆς
2982 1605 3139 1675 δόξης
3186 1605 3618 1674 ἀποστραφῆναι
3651 1602 3752 1672 τὴν

481 1685 682 1740 multos
714 1687 988 1758 ejusmodi
1019 1689 1344 1754 Opinionum
1381 1691 1727 1746 dissensione
1761 1692 2053 1756 adductos.

2168 1695 2352 1747 πίστιν
2383 1711 2396 1724 ’
2438 1696 2532 1748 καὶ
2559 1698 2814 1766 γράφων,
2853 1697 2911 1747 ὲν
2948 1695 3148 1758 αίτίαις
3190 1694 3360 1746 ἐτίθει
3388 1693 3486 1747 καὶ
3529 1693 3752 1762 Ἀρειον

480 1777 640 1832 tidem
675 1790 1028 1835 aversaturos
1067 1795 1208 1837 esse.
1255 1782 1440 1852 Itaque
1478 1782 1678 1839 litteris
1717 1787 1958 1855 scriptis,
2000 1797 2055 1840 et

2167 1788 2261 1840 καὶ
2313 1786 2690 1857 Ἀλέξανδρον,
2736 1785 3013 1851 ἐγκαλῶν,
3062 1781 3144 1849 οἷς
3197 1786 3512 1856 δυναμένην
3564 1785 3753 1837 λαθεῖν

476 1872 666 1924 Arium
704 1881 758 1927 et
795 1871 1170 1928 Alexandrum
1217 1874 1548 1945 obiurgans,
1580 1876 1717 1944 vitio
1759 1881 1843 1932 eis
1885 1879 2056 1932 vertit
2095 1916 2102 1967 Ι

2129 1924 2133 1965 ι
2166 1880 2395 1950 ζήτησιν
2435 1874 2573 1950 ἦγον
2603 1878 2681 1942 είς
2725 1879 2892 1947 μέσον
2921 1895 2932 1907 ·
2971 1879 3066 1932 καὶ
3095 1881 3162 1948 τῇ
3205 1880 3348 1947 ἄγαν
3389 1876 3481 1930 τοῦ
3516 1876 3755 1945 φιλονει-

477 1965 642 2030 quod,
668 1982 792 2036 qua:
821 1968 996 2022 latere
1027 1970 1298 2040 potuerit,
1325 1971 1695 2040 qumstionem
1725 1973 1779 2026 in
1811 1975 2056 2028 medium
2096 1965 2103 1967 “

2167 1974 2284 2026 κεῖν
2314 1970 2658 2042 μετακλίσει,
2691 1971 2966 2040 παράγειν
2995 1969 3031 2024 ἃ.
3065 1973 3204 2039 μήτε
3235 1971 3406 2024 κινεῖν
3440 1969 3575 2033 ἔδει,
3613 1969 3753 2039 μήτε

475 2059 762 2115 attulerint
791 2079 804 2115 :
831 2071 886 2116 et
909 2062 1077 2116 nimia
1101 2063 1170 2117 ad
1195 2065 1643 2119 contendendum
1669 2061 2052 2127 inclinatione,

2163 2065 2265 2135 τὴν
2301 2065 2480 2136 ἀρχὴν
2513 2064 2910 2136 ἐνθυμεῖσθαι·
2956 2064 3052 2117 καὶ
3091 2063 3525 2135 ἐνθυμηθέντας,
3571 2062 3753 2131 σιωπῇ

474 2170 538 2208 να
571 2170 857 2226 perperam
891 2159 1191 2228 vulgarint,
1231 2175 1353 2230 qnze
1385 2177 1564 2230 neque
1602 2179 1845 2227 movere,
1877 2179 2058 2232 neque

2163 2155 2470 2225 κρύπτειν·
2507 2155 2632 2226 μηδ’
2683 2156 2855 2218 οὕτως
2901 2155 3148 2226 ἀλλήλων
3206 2154 3663 2222 ἀποδιίστασθαι,
3705 2156 3755 2208 εί

477 2262 704 2314 prorsus
740 2249 795 2303 in
818 2235 1074 2304 animum
1106 2252 1424 2316 admittere,
1464 2265 1558 2308 aut
1587 2265 1758 2322 certe,
1794 2256 1837 2309 si
1879 2257 2059 2310 admi-

2161 2248 2256 2299 καὶ¹
2289 2249 2430 2309 τέως
2461 2248 2590 2313 περί
2616 2263 2674 2300 τε
2706 2246 2800 2300 τοῦ
2832 2247 3104 2316 δόγματος
3133 2245 3514 2317 διαφέρονται.
3541 2247 3615 2300 Τὸ
3647 2247 3757 2318 γὰρ

475 2338 698 2407 sissent,
734 2340 956 2396 silentio
995 2354 1198 2414 tegere,
1237 2361 1416 2412 neque
1445 2347 1518 2400 ita
1555 2349 1698 2402 inter
1738 2365 1858 2403 sese
1890 2350 2059 2404 dissi-

2161 2341 2462 2406 ἀναγκαῖον
2502 2339 2560 2392 ἓν
2594 2335 2759 2404 εἴναι,
2794 2342 2928 2410 περὶ
2969 2339 3070 2409 τῆς
3117 2338 3270 2403 θείας
3311 2341 3580 2410 προνοίας
3618 2358 3759 2410 συμ-

475 2432 644 2499 dere,
686 2436 942 2503 quamvis
988 2435 1095 2490 illis
1142 2446 1256 2490 tum
1298 2438 1366 2492 de
1411 2439 1664 2507 dogmale
1705 2456 1816 2494 non
1852 2456 2058 2496 conve-

2162 2431 2364 2500 φωνεῖν
2399 2431 2631 2496 πάντας,
2665 2433 2761 2485 καὶ
2795 2433 2893 2503 τὴν
2931 2433 3104 2501 αὐτὴν
3137 2435 3328 2503 τηρεῖν
3361 2435 3580 2488 πίστιν.
3607 2434 3683 2488 Τὸ
3713 2433 3757 2486 δ’

479 2525 642 2591 niret,
671 2525 1017 2583 debuissent.
1053 2528 1312 2584 Omnium
1351 2533 1556 2600 quippe
1592 2532 1828 2588 maxime
1863 2550 2057 2589 neces-

2161 2523 2544 2592 ἁκριϐολογεῖν
2580 2523 2711 2594 περὶ
2760 2524 2868 2576 τῶν
2920 2524 3180 2577 τοιούτων
3213 2526 3271 2578 ἐν
3325 2525 3576 2598 δευτέρῳ
3605 2527 3759 2580 τίθε-

476 2617 683 2672 sarium
709 2635 879 2674 unum
907 2637 1028 2676 esse
1055 2623 1290 2692 putavit,
1321 2633 1378 2676 ut
1402 2623 1470 2678 de
1494 2623 1680 2679 divina
1707 2626 2057 2696 providentia

2163 2615 2312 2671 σθαι.
2370 2616 2434 2670 Et
2468 2616 2525 2669 δὲ
2581 2619 2677 2670 καὶ
2731 2616 3030 2686 ἀμφίϐολοι
3091 2618 3335 2688 γένοιντο
3379 2619 3636 2690 γνῶμαι,
3699 2621 3757 2674 ὲν

475 2715 911 2780 consentiamus,
955 2724 1014 2770 et
1040 2731 1233 2771 omnes
1268 2717 1518 2771 eamdem
1550 2717 1713 2772 ﬁdem
1745 2735 2054 2775 servemus.

2161 2710 2461 2782 ἀπορρήτῳ
2502 2711 2602 2779 τῆς
2631 2707 2878 2771 διανοίας
2932 2710 3324 2780 ὲπηλυγάζειν.
3385 2711 3492 2764 Διά
3537 2728 3622 2765 τοι
3663 2713 3755 2766 καὶ

481 2803 764 2874 Exquisite
787 2821 919 2861 vero
941 2806 1010 2861 de
1033 2807 1304 2878 ejusmodi
1332 2809 1498 2864 rebus
1529 2809 1829 2879 inquirere,
1859 2825 2062 2866 secun-

2159 2805 2259 2874 τῆς
2290 2803 2419 2876 περὶ
2472 2805 2542 2856 τὰ
2574 2801 2807 2856 τοιαῦτα
2844 2803 3044 2874 λέσχης
3077 2805 3154 2868 ὡς
3206 2805 3553 2876 πορρωτέρω
3593 2822 3746 2874 γενο-

474 2899 668 2951 darum
697 2913 816 2954 esse
847 2901 1108 2970 partium.
1137 2901 1294 2968 Quod
1330 2903 1374 2956 si
1406 2903 1677 2973 ambigua:
1706 2915 2057 2975 emergerent

2163 2899 2384 2967 μένους,
2408 2896 2477 2948 τὰ
2515 2897 2604 2951 ἶσα
2636 2897 2857 2967 φρονεῖν
2885 2897 3136 2953 ὑπετίθει
3157 2915 3170 2928 ·
3205 2899 3471 2968 ἄχθεσθαι
3501 2901 3611 2970 γὰρ
3636 2902 3747 2964 τοῖς

475 2990 796 3056 sententiae,
841 2993 1051 3049 rectius
1098 3009 1192 3049 cas
1239 2994 1293 3048 in
1342 2994 1658 3050 recessibus
1695 2997 1897 3049 mentis
1934 3005 2056 3049 tan-

2158 2990 2428 3053 τοιούτοις
2461 2990 2537 3053 ὡς
2587 2990 2838 3044 πλεῖστον
2863 3007 2877 3021 ⁸
2910 2992 3005 3044 καί
3036 3008 3101 3060 γε
3139 2991 3422 3064 προῦργου
3462 2993 3753 3063 τιθέμενον

473 3098 638 3153 quam
693 3082 750 3137 in
799 3084 1034 3150 umbra,
1087 3086 1222 3157 regi.
1273 3084 1621 3155 Quapropter
1669 3097 1729 3140 ut
1774 3101 1805 3140 a
1856 3086 2058 3142 talibus

2161 3086 2254 3139 καὶ
2290 3085 2389 3147 τὰς
2417 3085 2560 3137 κατὰ
2596 3085 2696 3153 τὴν
2729 3085 2804 3137 ’ἐω
2835 3085 3024 3148 πόλεις
3065 3084 3195 3138 ίδεῖν
3226 3085 3323 3139 κα)⁸
3376 3085 3558 3158 αὐτὴν
3604 3086 3751 3142 Ἀλε-

474 3177 849 3232 contentionis
879 3179 1040 3248 nugis
1071 3179 1417 3245 alienissimi,
1450 3181 1590 3234 idem
1630 3183 1924 3246 sentirent,
1961 3196 2058 3236 eos

2163 3177 2446 3245 ξάνδρειαν
2503 3178 2604 3248 τὴν
2657 3178 2923 3250 τοιαύτην
2979 3177 3096 3248 ἔριν
3143 3175 3520 3232 καθίστασθαι
3573 3182 3749 3251 ἐμπο-

474 3279 560 3324 est
590 3270 948 3326 cohortatus:
980 3288 1124 3342 aegre
1155 3273 1258 3328 sibi
1286 3289 1411 3329 esse
1435 3290 1598 3343 quam
1629 3277 1862 3329 maxime
1895 3283 2062 3330 testa-
2087 3258 2132 3320 C
2164 3272 2294 3325 δὼν.

478 3373 598 3422 tns.
639 3363 892 3419 homines
935 3366 1072 3420 tales
1117 3379 1175 3420 et
1222 3367 1388 3420 urbes
1419 3367 1764 3432 Orientales,
1838 3369 2093 3438 quamvis
2133 3384 2235 3423 usu
2280 3369 2503 3438 publico
2541 3368 2595 3423 id
2628 3366 2940 3438 ﬂagitante,
3012 3365 3299 3438 ipsamque
3341 3364 3484 3421 adeo
3513 3367 3753 3422 Alexan-

473 3457 676 3519 driam,
705 3463 859 3512 tanto
880 3457 984 3513 sibi
1012 3459 1133 3527 ejus
1157 3459 1370 3514 dissidii
1395 3460 1794 3529 impedimento
1813 3461 2056 3532 objecto,
2101 3462 2308 3518 visere.

549 3552 700 3608 Talia
741 3553 990 3626 quaedam
1036 3555 1418 3624 objurgatione
1452 3564 1508 3610 et
1551 3555 1812 3611 suasione
1848 3567 2056 3625 tempe-

2238 3555 2480 3610 Τοιαῦτα
2535 3557 2598 3626 δή
2661 3574 2789 3611 τινα
2851 3555 3142 3626 σύμμικτα
3199 3557 3411 3629 μέμψει
3459 3557 3560 3611 καὶ
3609 3562 3791 3625 auir-

480 3657 617 3712 rata,
667 3647 984 3702 Alexandro
1032 3656 1088 3702 et
1142 3647 1275 3701 Ario
1331 3648 1776 3718 sapientissimus
1827 3650 2055 3718 scripsit

2160 3649 2324 3719 ϐουλῇ
2367 3648 2709 3720 Ἀλεξάνδρῳ
2759 3649 2857 3703 καὶ
2899 3650 3092 3717 Ἀρείῳ
3142 3651 3171 3702 ὁ
3203 3651 3488 3717 πάνσοφος
3537 3647 3747 3719 ἔγραφε

478 3742 798 3810 imperator.
848 3741 1104 3796 Graviter
1143 3742 1309 3796 etiam
1357 3741 1653 3795 admodum
1705 3741 1858 3808 tulit,
1908 3742 2053 3811 quod

2161 3746 2443 3816 βασλεύς.
2485 3746 2626 3800 Λίαν
2675 3745 2733 3798 δὲ
2781 3744 3040 3815 χαλεπῶς
3089 3743 3256 3812 ἔφερε
3308 3741 3745 3811 πυνθανόμενος,

479 3832 750 3899 audisset,
783 3834 1050 3903 quosdam
1085 3835 1139 3889 iu
1173 3833 1398 3888 Oriente
1428 3834 1628 3888 festum
1662 3834 1883 3888 Paschze
1909 3835 2054 3888 diem

2158 3840 2254 3893 καί
2301 3855 2458 3900 τινας
2503 3837 2647 3890 κατὰ
2684 3841 2778 3907 τὴν
2812 3837 2887 3890 ἕω
2927 3838 3025 3904 τὴν
3063 3835 3157 3888 τοῦ
3193 3835 3384 3902 Πάσχα
3436 3834 3634 3905 ἑορτὴν
3672 3831 3747 3902 μὴ

480 3944 590 3983 non
624 3928 822 3982 eodem
866 3937 1112 3998 tempore
1143 3943 1254 3998 quo
1285 3928 1526 3998 reliquos
1559 3944 1752 3983 omnes
1781 3927 2052 3984 Christia-

2160 3933 2251 3983 ἐπὶ
2295 3934 2426 4001 μιᾶς
2475 3932 2634 3999 ἄγειν
2680 3933 2917 4001 ἡμέρας,
2966 3931 3040 3994 ὡς
3090 3931 3216 3991 τοὺς
3251 3928 3447 3989 ἄλλους
3490 3915 3748 3989 ἅπαντας

484 4037 616 4085 nos,
665 4021 992 4075 celebrare:
1033 4035 1241 4090 eosque
1288 4036 1412 4074 cum
1460 4019 1737 4091 singulare
1791 4020 2054 4090 quiddam

2162 4024 2560 4096 Χριστιανούς·
2603 4024 2900 4094 διαφόρους
2943 4024 2989 4076 δ’
3029 4022 3284 4076 ἐντεῦθεν
3326 4019 3741 4074 καθίστασθαι·

481 4116 587 4169 sibi
638 4129 942 4183 usurpare,
989 4125 1152 4184 atque
1185 4129 1214 4168 a
1247 4112 1526 4169 destinato
1559 4123 1796 4182 receptae
1829 4113 1898 4168 ab
1933 4112 2056 4166 aliis
2099 4136 2105 4142 -

2162 4121 2256 4172 καὶ
2285 4118 2364 4188 τῷ
2398 4118 2751 4186 ἁκοινωνήτῳ
2785 4117 2883 4185 μὲν
2920 4116 2994 4186 μή
3023 4113 3356 4179 διίστασθαι,
3390 4113 3488 4166 ἅτε
3514 4112 3572 4165 δὲ
3614 4111 3747 4162 Ἰου-

480 4207 901 4262 consuetudinis
953 4207 1205 4261 instituto
1251 4208 1550 4269 recedere,
1599 4215 1711 4260 tum
1758 4209 1924 4260 lerias
1963 4221 2058 4260 eas

2159 4211 2496 4280 δαῖκώτερον
2530 4209 2917 4272 ἐπιτελοῦντας
2957 4207 3114 4265 αὐτὸ,
3160 4205 3492 4274 συμϐαίνειν
3521 4203 3582 4257 τὸ
3615 4219 3743 4271 φαι-

479 4303 711 4358 Jndaico
739 4298 980 4370 quodam
1024 4316 1174 4353 more
1209 4315 1501 4370 peragere;
1535 4309 1875 4369 quapropter
1905 4299 2059 4352 fieret

2159 4306 2286 4375 δρδν
2326 4305 2429 4371 τῆς
2457 4304 2823 4374 πανηγύρεως
2854 4301 3245 4372 ἀμαυροῦσθαι
3277 4301 3342 4369 τῇ
3376 4297 3618 4368 διχονοίᾳ
3649 4293 3745 4346 καὶ

484 4404 544 4448 ιιι
597 4404 702 4448 tam
751 4394 910 4448 1-.elus
953 4402 1008 4447 et
1051 4393 1224 4447 festus
1262 4392 1703 4448 Christianorum
1751 4402 2058 4446 conventus

2161 4397 2674 4452 καταϐλάπτεσθαι.
2729 4396 2840 4450 Καί
2883 4412 2946 4462 γε
2981 4395 3042 4446 τὸ
3091 4392 3463 4446 ἀστασίαστον
3511 4392 3578 4459 τῇ
3626 4388 3745 4439 Ἐκ-

482 4491 879 4542 obscuraretur
901 4526 915 4548 ,
953 4495 1008 4539 et
1038 4486 1384 4540 dissensione
1413 4486 1831 4554 depravaretur.
1871 4484 2060 4553 Itaque

2163 4493 2365 4563 κλησίᾳ
2420 4490 2971 4561 πραγματευόμενος,
3013 4485 3312 4539 ἐσπούδασε
3344 4483 3411 4536 δι’
3453 4482 3743 4554 ἀμφότερα

482 4581 922 4634 consentientem
959 4589 1160 4633 statum
1207 4579 1466 4632 Ecclesiis
1498 4576 1796 4632 conciliare
1839 4577 2054 4641 volens,

2165 4583 2606 4654 προκαταλαϐεῖν
2643 4583 2742 4652 τὴν
2775 4580 2868 4635 τοῦ
2897 4579 3071 4632 κακοῦ
3104 4580 3308 4647 ῥύμην,
3348 4577 3478 4644 πρὶν
3511 4576 3591 4638 είς
3617 4571 3744 4624 πο).-

483 4672 647 4742 556
682 4681 912 4741 utraque
948 4673 1005 4725 in
1047 4687 1105 4725 re
1145 4670 1398 4724 inhibere
1435 4670 1560 4724 mali
1595 4677 1913 4723 currentem
1955 4668 2058 4722 im-

2161 4679 2288 4740 λοὺς
2327 4677 2510 4745 διαϐῇ,
2550 4675 2645 4728 καὶ
2681 4676 2742 4728 τὸ
2792 4673 3086 4737 στασιάζον
3126 4671 3461 4737 συναγαγεῖν
3508 4670 3588 4728 εἰς
3615 4665 3741 4734 ὁμο·-

485 4775 696 4833 petnm.
733 4765 1050 4832 priusquam
1084 4764 1250 4818 latius
1289 4763 1354 4817 ad
1393 4765 1574 4832 plures
1615 4761 1930 4832 perveniret
1954 4801 1969 4825 ,
1999 4767 2056 4814 et

2162 4785 2334 4820 νοιαν.
2367 4766 2477 4818 Καὶ
2513 4765 2580 4833 δή
2613 4781 2732 4816 τινα
2757 4763 2866 4816 τῶν
2889 4763 3031 4832 ἀμφ’
3062 4761 3224 4814 αὑτὸν
3257 4759 3360 4830 βίῳ
3389 4777 3448 4811 τε
3482 4759 3578 4811 καὶ
3603 4756 3742 4819 λόγῳ

485 4858 812 4912 seditionem
853 4855 920 4911 ad
965 4856 1316 4910 concordiam
1355 4855 1620 4910 reducere
1651 4852 1886 4908 studuit.
1928 4853 2058 4922 Ejus
2094 4851 2111 4904 Ι

2119 4852 2134 4900 δ
2164 4858 2434 4927 διάσημον
2465 4855 2635 4924 ἄνδρα
2668 4853 2844 4923 εὑρών
2871 4870 2884 4885 ·
2923 4852 3210 4920 διαϐόητον
3240 4850 3338 4920 μὲν
3374 4850 3477 4901 κάν
3507 4849 3619 4907 τοῖς
3652 4843 3745 4896 ἄλ-

483 4952 562 5004 rei
599 4953 796 5020 gratia,
834 4950 1014 5004 virum
1055 4959 1111 5003 et.
1151 4949 1259 5002 vita
1295 4960 1353 5003 et
1393 4949 1644 5001 doctrina
1682 4945 1887 5015 insigni
1922 4961 2054 5014 prae-

2165 4950 2300 5013 λοις,
2333 4949 2435 5000 κάν
2468 4951 2588 5008 ταῖς
2621 4945 2760 5014 ὑπὲρ
2795 4946 2892 5012 τῆς
2935 4945 3171 5006 πίστεως
3203 4939 3516 5010 ὁμολογίαις
3560 4932 3742 5008 μικρῷ

485 5043 686 5107 «litum,
718 5043 809 5112 qui
841 5059 965 5099 cum
991 5044 1115 5097 aliis
1144 5043 1196 5095 in
1225 5043 1392 5097 rebus
1418 5043 1714 5109 praeclarus
1744 5049 1911 5102 esset,
1944 5047 2057 5093 tum

2165 5043 2406 5111 πρόσθεν
2437 5040 2880 5110 εὐδοκιμήσαντα
2901 5055 2914 5068 ·
2950 5037 3016 5090 δι’
3049 5033 3232 5096 αἰδοῦς
3263 5033 3319 5086 δὲ
3348 5034 3440 5085 καὶ
3479 5032 3561 5084 ὅτι
3585 5026 3741 5080 πλεί-

485 5140 538 5191 in
578 5138 778 5192 tuenda
821 5137 943 5193 ﬁdei
999 5137 1345 5207 professione
1381 5137 1546 5203 paulo
1590 5144 1752 5190 antea
1807 5147 2058 5203 magnam

2167 5155 2295 5204 στης
2326 5133 2430 5206 ἦγε
2456 5135 2621 5204 τιμῆς
2651 5134 2842 5188 τοῦτον
2879 5136 2906 5185 ὁ
2939 5129 3193 5202 βασιλεύς
3217 5147 3231 5160 ·
3272 5128 3447 5198 ὄνομα
3475 5125 3519 5178 δ’
3549 5121 3741 5189 ἐκείνῳ

486 5235 589 5286 sibi
625 5233 852 5301 gloriam
885 5241 1280 5300 conparasset,
1313 5233 1520 5298 quique
1556 5229 1609 5281 in
1647 5229 1882 5282 maxima
1913 5227 2056 5295 apud

2167 5228 2353 5288 'Osto;
2401 5222 2509 5295 ἦν·
2553 5226 2682 5293 μιᾶς
2727 5224 2784 5277 δὲ
2833 5223 2940 5274 τῶν
2991 5223 3049 5272 ἐν
3091 5219 3345 5288 Ἰσπανίᾳ
3385 5216 3598 5269 πόλεων
3644 5210 3742 5278 τὴν

485 5331 874 5395 imperatorem
899 5325 1251 5378 \eneralionc
1269 5333 1326 5376 et
1355 5323 1562 5375 honore
1588 5321 1865 5390 praecipuo
1886 5328 2051 5381 esset,

2165 5320 2476 5388 ἐπισκοπὴν
2547 5315 2847 5384 ἐκληροῦτο
2879 5329 2892 5343 ·
2963 5311 3286 5380 Κουρδούϐη
3335 5310 3395 5362 δὲ
3448 5305 3739 5402 ἕκαλεῖτοο

484 5420 706 5471 mnnine
759 5417 1022 5478 llosium,
1073 5415 1316 5470 civitatis
1362 5411 1632 5468 Corduba:
1682 5412 1734 5465 in
1786 5410 2048 5478 Hispania

2160 5407 2350 5461 τοῦτον
2404 5405 2541 5473 μετὰ
2591 5403 2940 5472 γραμμάτων
2974 5403 3086 5462 τοῖς
3125 5403 3180 5451 ἐν
3208 5400 3472 5466 Αἰγύπτῳ
3513 5400 3735 5445 στασια-

480 5512 829 5581 episcopum,
851 5525 918 5565 ex
945 5508 1205 5564 omnibus
1228 5506 1592 5562 iatltiliaribus
1614 5504 1729 5557 suis
1752 5503 2052 5564 delectum,

2159 5501 2346 5565 ζουσιν
2396 5501 2654 5566 ἔπεμπε,
2707 5495 3044 5562 καταλλάξαι
3094 5509 3152 5546 τε
3211 5491 3308 5544 καὶ
3353 5491 3431 5550 είς
3479 5487 3729 5556 ὁμόνοιαν

481 5620 603 5659 enm
648 5604 849 5658 litteris
893 5600 959 5655 ad
995 5615 1092 5654 eos
1127 5599 1219 5668 qui
1256 5598 1310 5652 in
1341 5597 1572 5667 Egypio
1621 5597 1765 5649 inter
1797 5610 1855 5648 se
1893 5592 2058 5647 dissi-

2159 5594 2392 5660 ἁγαγεῖν
2412 5607 2426 5621 ·
2470 5591 2553 5644 ἔτι
2583 5592 2638 5641 δὲ
2669 5593 2762 5641 καὶ
2796 5590 2907 5650 τοῖς
2954 5586 3084 5655 περὶ
3114 5588 3213 5656 τὴν
3243 5585 3438 5655 ἑορτὴν
3480 5584 3733 5646 διαφερο-

485 5698 691 5750 dobant
720 5694 1103 5750 conciliandos
1124 5702 1182 5748 et
1203 5693 1266 5746 ad
1291 5691 1645 5748 concordiam
1671 5689 2053 5743 reducendos:

2166 5688 2350 5756 μένοις
2411 5685 2554 5737 κατὰ
2607 5684 2706 5752 τὴν
2755 5683 2829 5734 ἒω
2863 5681 2964 5750 τὴν
3024 5680 3348 5749 συμφωνίλν
3410 5671 3732 5747 βραϐεῦσαι.

485 5799 537 5842 «ί
571 5788 698 5840 item
748 5789 814 5842 ad
847 5803 942 5842 eos
977 5789 1066 5855 qui
1122 5788 1174 5840 in
1218 5787 1450 5842 Oriente
1496 5783 1762 5838 Ecclesiis
1808 5781 1930 5834 aliis
1996 5796 2056 5834 se

2164 5778 2336 5845 Μέρος
2367 5776 2422 5827 δὲ
2453 5772 2527 5826 ὧν
2555 5774 2856 5844 ἐπεφέρετο
2876 5773 3248 5842 γραμμάτων,
3271 5772 3370 5822 οὐκ
3402 5771 3468 5822 ἂν
3493 5761 3559 5817 δι’
3579 5759 3731 5862 ὄχλου

487 5880 734 5940 l‘asebali
778 5881 865 5938 die
901 5880 1233 5937 celebrando
1269 5897 1377 5937 non
1419 5874 1946 5934 aceomnmdabant.
1988 5872 2055 5926 aal

2165 5873 2391 5937 γένοιτο,
2428 5871 2562 5936 γε
2606 5871 2670 5937 τῇ
2718 5869 3010 5936 συγγραφῇ
3061 5863 3474 5936 παραθείηξι.εν⁹
3526 5855 3585 5908 τὸ
3629 5855 3731 5919 γάρ
