4118 6468
398 457 423 492 ιτ

396 457 464 521 53
1272 449 1877 514 ECCLESIASTICZE
1919 445 2311 508 HISTORIA;
2353 443 2500 504 LIB.
2544 443 2712 506 VIII.
3589 433 3656 493 Si

394 572 597 639 πλῆρες
649 568 904 632 Εὐσέϐιος
932 569 986 621 ὲν
1020 567 1095 636 τῷ
1129 568 1301 638 τρίτῳ
1346 567 1455 619 τῶν
1490 564 1628 635 πρὸς
1678 564 1974 618 Κωνσταν·

2092 559 2493 616 ronsentientes
2520 557 2809 612 nobiscum
2838 552 3199 610 caeremonias
3224 546 3653 621 pertrahendos,

391 664 536 716 τίνον
566 661 792 734 βιϐλίων
816 661 1144 732 ἀνέγραψεν.
1186 660 1343 728 Ἔχει
1379 659 1433 711 δὲ
1463 657 1606 711 οὕτω
1628 672 1640 686 ·

2073 653 2244 708 misit.
2278 651 2614 706 Litterarum
2650 664 2842 704 earum
2877 655 3090 719 partem
3127 645 3372 715 aliquam
3415 657 3523 696 non
3569 640 3658 693 in-

392 758 742 813 commodum
788 756 956 812 fuerit
1009 757 1114 811 hoc
1159 755 1284 810 loco
1337 754 1602 808 inserere.
1656 749 1961 822 Epistolam
2001 749 2153 804 enim
2217 754 2389 802 totam
2424 746 2700 802 Eusebius
2743 745 2886 802 libro
2972 742 3139 798 tertio
3180 755 3373 797 eorum
3420 753 3560 808 quos
3594 735 3664 790 de

394 849 758 907 Constantino
793 851 1036 922 scripsit,
1074 849 1142 905 de
1182 848 1356 903 verbo
1388 849 1453 903 ad
1485 848 1716 902 verbum
1755 845 1966 901 retulit.
2005 842 2179 913 Cujus
2204 842 2386 912 capita
2412 840 2660 910 quaedam
2693 839 2774 894 sic
2807 836 3010 892 habent
3037 853 3051 890 :

411 1004 440 1026 ·
977 989 1231 1044 ΚΕΦΑΛ.
1271 986 1372 1042 ΙΓ’.

408 1079 733 1148 Ἐπιστολή
762 1080 867 1135 τοῦ
897 1080 1218 1150 θεοφιλοῦς
1235 1078 1567 1150 βασιλέως,
1601 1075 1971 1143 Ἀλεξάνδρῳ

816 1151 916 1205 καί
946 1149 1138 1220 Ἀρείῳ
1163 1149 1528 1219 πεμφθεῖσα.

473 1286 492 1320 ι
531 1267 775 1337 Νικητὴς
815 1269 1258 1331 Κωνσταντῖνος,
1313 1266 1610 1336 μέγιστος,
1662 1264 1965 1330 σεδαστδς,

409 1359 748 1430 Ἀλεξάνδρῳ
769 1359 863 1414 καὶ
891 1361 1106 1432 Ἀρείῳ.
1142 1359 1418 1414 Μανθάνω
1443 1360 1656 1412 ἐκεῖθεν
1682 1357 1965 1428 ὑπῆρχθαι

397 1454 492 1506 τού
525 1454 789 1524 παρόντος
815 1452 1129 1522 ζητήματος
1158 1452 1258 1523 τὴν
1284 1452 1620 1523 καταϐολὴν.
1654 1452 1828 1505 Ὅταν
1857 1451 1968 1522 γὰρ

400 1545 490 1628 σὺ,
517 1538 562 1598 ὦ
597 1544 951 1613 Ἀλέξανδρε,
993 1546 1209 1614 ἐζήτεις
1246 1545 1398 1618 παρά
1421 1543 1532 1598 τῶν
1573 1543 1968 1616 πρεσϐυτέρων

404 1638 613 1707 μαθεῖν,
647 1635 701 1689 τί
731 1636 794 1705 δὴ
832 1652 964 1688 ποτε
1010 1637 1122 1688 νοεῖ
1158 1635 1392 1700 ἕκαστος
1421 1637 1601 1690 αὐτῶν
1646 1637 1789 1706 ὑπέρ
1823 1655 1968 1702 τινος

399 1731 567 1782 τόπου
594 1730 701 1782 τῶν
736 1730 792 1782 ὲν
821 1729 972 1799 νόμῳ
1001 1729 1413 1801 γεγραμμένων
1434 1747 1450 1763 ο
1487 1730 1690 1800 μᾶλλον
1731 1731 1788 1785 δὲ
1829 1731 1969 1803 ὑπέρ

399 1839 544 1884 τινος
582 1823 816 1891 ματαίου
851 1823 1166 1894 ζητήματος
1197 1824 1400 1895 μέρους
1427 1825 1722 1878 πυνθάνοιο
1745 1841 1760 1855 ο
1791 1824 1856 1878 σύ
1884 1842 1968 1893 τε,

2668 980 2898 1035 CAPUT
2939 978 3080 1033 XIII.

2077 1077 2325 1150 Epistula
2351 1075 2514 1129 Deum
2542 1072 2811 1150 diligentis
2828 1071 3185 1150 imperatoris,
3202 1071 3274 1126 ad
3300 1070 3667 1126 Alexandrum

2639 1153 2687 1198 et
2717 1145 2904 1200 Arium
2936 1145 3117 1200 missa.
3481 1207 3484 1210 ,

2156 1280 2175 1314 ι
2211 1261 2399 1318 Victor
2426 1259 2843 1324 Constantinus,
2878 1256 3171 1322 Maximus,
3200 1257 3499 1327 Augustus,
3536 1257 3663 1311 Ale-

2079 1355 2295 1410 xandro
2319 1363 2374 1408 et
2397 1353 2551 1408 Ario.
2578 1351 2914 1418 Quastionis
2950 1350 3242 1420 praesentis
3288 1349 3576 1403 exordium
3635 1364 3664 1403 a

2079 1446 2242 1501 vobis
2269 1445 2476 1499 isthinc
2499 1442 2778 1498 exstitisse
2807 1441 3077 1512 intelligo.
3105 1440 3240 1495 Cum
3268 1440 3414 1494 enim
3443 1449 3522 1504 tu,
3541 1440 3672 1494 Ale-

2081 1539 2314 1604 xander,
2338 1554 2366 1592 a
2387 1535 2726 1609 presbyteris
2743 1535 3060 1605 requireres
3077 1532 3207 1604 quid
3226 1533 3462 1602 quisque
3479 1550 3670 1588 eorum

2076 1629 2400 1686 sentit-etde
2435 1628 2675 1698 quodam
2708 1628 2831 1683 loco
2853 1627 3013 1698 legis,
3046 1642 3141 1681 seu
3181 1628 3365 1695 potius
3393 1628 3460 1680 de
3482 1626 3670 1692 cuius-

2077 1723 2202 1777 dam
2250 1721 2420 1791 partis
2461 1720 2610 1774 inani
2658 1719 2967 1790 quaestione
3015 1719 3436 1789 interrogares:
3477 1726 3530 1772 et
3579 1726 3670 1777 tu,

2078 1814 2210 1876 Ari,
2247 1813 2394 1883 quod
2429 1815 2508 1866 vel
2549 1829 2777 1885 prorsus
2820 1813 2877 1865 in
2912 1816 3160 1867 animum
3198 1828 3304 1867 non
3341 1811 3671 1874 admissum,

398 1907 445 1967 ὦ
477 1915 688 1984 Ἀρειε,
721 1915 860 1984 ὅπερ
902 1914 935 1987 ἢ
984 1916 1120 1986 μήτε
1163 1915 1263 1986 τὴν
1294 1915 1470 1988 ἀρχὴν
1510 1915 1914 1986 ἐνθυμηθῆναι,
1945 1915 1978 1985 ἦ

2092 1906 2170 1961 vel
2220 1916 2372 1961 certe
2417 1905 2722 1961 admissum
2759 1906 2988 1962 silentio
3031 1895 3356 1961 mandatum
3399 1903 3673 1974 oportuit.

401 2008 768 2077 ἐνθυμηθέντα
797 2013 974 2079 σιωπῇ
1002 2009 1351 2080 παραδοῦναι
1382 2009 1663 2080 προσῆκον
1687 2005 1776 2079 ἧν,
1804 2011 1979 2080 ἀπροο

401 2102 581 2164 όπτιυς
627 2102 959 2167 ὲντέθεικας,
992 2103 1094 2172 τῆς
1142 2103 1200 2156 ὲν
1240 2103 1370 2174 ὑμῖν
1409 2103 1682 2174 διχονοίας
1731 2102 1980 2174 ὲγερθείο

403 2212 523 2262 σης,
569 2197 599 2266 ή
638 2195 736 2266 μὲν
771 2195 988 2259 σύνοδος
1036 2197 1249 2267 ἠρνήθη
1279 2211 1294 2227 ο
1344 2197 1371 2249 ὀ
1401 2197 1458 2250 δὲ
1515 2196 1822 2264 ἀγιώτατος
1852 2197 1980 2259 λαὸς

403 2290 484 2351 εἰς
511 2289 857 2359 ἀμφοτέρους
880 2288 1146 2359 σχισθεὶς,
1175 2291 1239 2342 ὲκ
1259 2288 1363 2358 τῆς
1383 2287 1482 2341 τοῦ
1509 2289 1694 2342 κοινοῦ
1725 2288 1980 2356 σώματος

403 2383 663 2450 ἁρμονίας
687 2382 959 2453 ἀχωρίσθη
983 2398 998 2411 ·
1028 2381 1231 2435 οὐκοῦν
1259 2381 1524 2453 ἑκάτερος
1573 2380 1730 2451 ὑμῶν
1771 2381 1832 2446 ἐξ
1860 2382 1978 2435 ἴσου

400 2477 502 2545 τὴν
557 2476 784 2546 γνώμην
843 2475 1168 2546 παρασχὼν,
1225 2477 1362 2547 ὅπερ
1421 2477 1489 2530 ἂν
1538 2477 1566 2529 δ
1623 2474 1982 2547 συνθεράπων

404 2567 558 2636 ὑμῶν
585 2568 814 2631 δικαίως
847 2572 1116 2640 παραινῇ,
1150 2568 1399 2634 δέξασθε.
1434 2569 1501 2622 Τί
1529 2569 1587 2624 δὲ
1617 2569 1778 2622 τοῦτό
1805 2571 1979 2634 ἐστιν,

404 2658 528 2712 οὔτε
563 2661 774 2730 ἐρωτᾷν
823 2661 965 2732 ὑπὲρ
996 2661 1104 2714 τῶν
1135 2659 1400 2716 τοιούτων
1433 2662 1668 2733 ἔξαρχῆς
1701 2663 1984 2732 προσῆκον

402 2743 492 2818 ἦν,
525 2746 648 2800 οὔτε
679 2747 1033 2818 ὶρωτώμενον
1062 2749 1494 2821 ἀποκρίνασθαι.
1525 2751 1636 2812 Τάς
1665 2749 1778 2820 γὰρ
1803 2751 1987 2806 τοιαύ-

404 2855 502 2901 τας
531 2839 814 2909 ζητήσεις,
856 2839 1061 2906 ὁπόσας
1088 2841 1150 2892 οὐ
1185 2840 1352 2910 νόμου
1383 2839 1532 2902 τινὸς
1555 2840 1773 2910 ἀνάγκη
1815 2855 1986 2908 προσ-

404 2932 632 2995 τάττει..
659 2931 776 2984 ἀλλ’
808 2932 1126 3002 ἀνωφελοῦς
1171 2932 1372 3002 ἀργίας
1423 2931 1713 3003 ἐρεσχελία
1758 2930 1984 3001 προστί-

409 3025 586 3094 θησιν,
633 3027 687 3080 εί
742 3025 838 3080 καὶ
888 3027 1130 3097 φυσικῆς
1189 3043 1336 3090 τινος
1393 3027 1710 3098 γυμνασίας
1771 3027 1986 3094 γένοιτο

408 3120 595 3186 ἕνεκα,
624 3121 777 3190 ὅμως
809 3121 1102 3190 ὀφείλομεν
1132 3121 1263 3176 τίσω
1293 3121 1394 3192 τῆς
1421 3122 1665 3184 διανοίας
1694 3118 1984 3188 ὲγκλείειν,

2084 2001 2396 2070 improvide
2445 2000 2835 2070 respondendo
2867 2016 3180 2071 exponeres
3201 2041 3216 2065 ,
3244 1999 3491 2054 excitata
3530 1997 3675 2052 inter

2081 2110 2182 2150 vos
2214 2093 2569 2148 dissensione
2593 2135 2608 2156 ,
2643 2102 2958 2147 conventus
2991 2093 3215 2162 quidem
3253 2092 3517 2147 solemnis
3550 2092 3675 2160 qui-

2082 2188 2313 2244 busdam
2342 2186 2669 2256 denegatus,
2704 2187 3098 2242 sanctissimus
3127 2195 3314 2240 autem
3347 2185 3584 2256 populus
3616 2185 3674 2238 in

2083 2257 2266 2350 parte}.
2301 2279 2532 2342 scissus,
2561 2277 2876 2332 communis
2907 2277 3160 2346 corporis
3189 2272 3326 2346 apta
3352 2287 3408 2330 et
3437 2291 3676 2329 consen-

2084 2374 2256 2428 tiente
2299 2372 2504 2427 unione
2535 2371 2761 2426 excidit.
2802 2369 2996 2438 Itaque
3045 2379 3280 2441 uterque
3328 2379 3574 2424 vestrum
3607 2384 3676 2422 ex

2082 2479 2242 2535 equo
2289 2465 2627 2519 sententiam
2676 2463 3020 2532 aninumque
3070 2462 3554 2526 animadvertens,
3607 2463 3674 2518 ad

2083 2559 2231 2630 quod
2278 2575 2376 2614 vos
2413 2573 2721 2614 conservus
2759 2566 2816 2613 et
2856 2557 3068 2626 collega
3105 2565 3291 2610 vester
3323 2555 3570 2625 legitime
3611 2572 3676 2610 ac

2079 2655 2228 2724 iuste
2259 2653 2587 2709 cohortatus
2613 2651 2804 2713 fuerit,
2836 2651 2890 2705 id
2919 2649 3213 2727 suscipiat.
3241 2649 3381 2716 Quid
3411 2665 3546 2704 vero
3573 2649 3679 2704 hoc

2085 2749 2264 2818 ipsum
2297 2747 2421 2802 est?
2451 2746 2643 2816 Neque
2670 2745 3015 2816 interrogare
3047 2743 3115 2798 de
3141 2743 3416 2814 ejusmodi
3453 2744 3620 2798 rebus
3647 2759 3676 2796 a

2085 2837 2384 2912 principio,
2411 2854 2593 2909 neque
2627 2839 3027 2908 interrogatum
3062 2835 3430 2907 respondere,
3457 2853 3678 2907 aequum

2086 2948 2226 2995 erat.
2252 2938 2605 3008 Ejuscemodi
2633 2938 2780 2994 enim
2805 2934 3163 3006 quaestiones.
3188 2948 3326 3003 quas
3353 2949 3462 2988 non
3495 2935 3679 3002 aliqua
3731 2999 3735 3005 ι

2086 3033 2226 3104 legis
2253 3042 2312 3087 et
2346 3033 2637 3104 religionis
2669 3040 2873 3087 nostra:
2915 3029 3225 3085 necessitas
3267 3028 3542 3098 iniungit.
3582 3029 3678 3080 sed

2088 3126 2284 3182 inanes
2320 3126 2532 3181 inutilis
2567 3124 2669 3180 otii
2709 3138 2869 3194 nugs:
2895 3121 3221 3192 proferunt,
3261 3119 3479 3175 etiamsi
3516 3127 3682 3174 natu-

410 3214 505 3268 καὶ
535 3213 612 3286 μὴ
642 3214 950 3286 προχείρως
980 3217 1062 3280 είς
1091 3215 1362 3288 δημοσίας
1402 3215 1657 3277 συνόδους
1702 3214 1982 3284 ἐκφέρειν,

2092 3219 2221 3274 ralis
2265 3219 2502 3290 alicujus
2543 3214 3002 3273 excercitationis
3045 3212 3220 3285 gratia
3270 3219 3679 3284 Pronomntur,

415 3307 547 3379 μηδὲ
593 3311 710 3371 ταῖς
751 3310 968 3363 πάντων
1015 3311 1211 3373 ἀκοαῖς
1262 3311 1621 3383 ἀπρονοήτως
1677 3307 1982 3362 πιστεύειν.

413 3403 579 3462 Ιιὸςος
611 3403 718 3476 γάρ
755 3407 904 3458 ἐστιν
955 3406 1211 3473 ἕκαστος,
1260 3404 1404 3459 ὥστε
1439 3405 1786 3477 πραγμάτων
1839 3402 1985 3457 οὕτω

415 3495 663 3564 μεγάλων
724 3497 820 3550 καὶ
875 3497 996 3551 λίαν
1055 3499 1336 3569 δυσχερῶν
1388 3498 1690 3570 δύναμινῆ
1746 3497 1883 3569 πρὸς
1925 3497 1986 3551 τδ

411 3589 637 3658 ἀκριϐὲς
677 3591 934 3653 συνιδεῖν,
969 3591 1001 3664 ἦ
1046 3595 1165 3646 κατ’
1204 3591 1364 3660 ἀξίαν
1403 3591 1791 3664 ἑρμηνεῦσαις
1838 3593 1899 3645 El
1928 3591 1986 3644 δὲ

415 3685 510 3737 καὶ
543 3685 701 3739 τοῦτο
729 3688 906 3739 ποιεῖν
941 3705 1025 3750 τις
1053 3687 1296 3756 εὐχερῶς
1336 3679 1650 3756 νομισθείη,
1686 3686 1852 3740 πόσον
1887 3685 1988 3755 μέ-

393 3757 511 3846 Χρος
537 3777 634 3831 τοῦ
665 3779 843 3850 δήμου
875 3779 1094 3844 πείσεις
1134 3781 1204 3832 Ἦ
1231 3781 1317 3844 τίς
1355 3781 1414 3844 ὃς
1441 3783 1560 3842 ταῖς
1589 3779 1699 3834 τῶν
1724 3778 1988 3833 τοιούτων

416 3871 721 3939 ἀκριϐείαις
757 3871 864 3937 ἔξω
895 3874 992 3942 τῆς
1023 3871 1372 3926 ἐπικινδύνου
1403 3871 1860 3956 παρολισθήσεως
1894 3873 1990 3925 ἀν-

417 3963 670 4033 τισταίης
728 3965 943 4018 Οὐκοῦν
995 3965 1257 4032 ἐφεκτέον
1309 3967 1368 4019 ἐν
1414 3969 1530 4028 τοῖς
1578 3965 1844 4029 τοιούτοις
1891 3967 1989 4033 τὴν

419 4050 774 4118 πολυλογίαν·
808 4053 895 4104 ἵνα
942 4054 1202 4123 μήπωςὴ
1244 4053 1405 4125 ἡμῶν
1445 4053 1705 4106 ἀσθένεια
1758 4053 1855 4122 τῆς
1888 4053 1992 4122 φύ-

421 4159 575 4209 σεως,
609 4143 668 4196 τὸ
697 4142 964 4214 προτεθὲν
997 4143 1336 4214 ἑρμηνεῦσαι
1368 4145 1444 4216 μὴ
1494 4145 1856 4214 δυνηθέντων,
1893 4143 1928 4213 ἢ
1957 4145 1989 4212 ή

418 4237 527 4287 τῶν
572 4236 980 4304 διδασκομένων
1035 4237 1326 4306 ἀκροατῶν
1386 4237 1698 4308 βραδυτέρα
1747 4235 1990 4301 σύνεσις,

422 4332 557 4399 πρὸς
578 4331 779 4401 ἀκριὸἦ
814 4331 908 4383 τοῦ
942 4329 1202 4400 ῥηθέντος
1223 4330 1533 4400 κατάληψιν
1560 4329 1742 4383 ἐλθεῖν
1774 4330 1848 4400 μὴ
1879 4347 1992 4400 χω-

423 4423 722 4492 ρησάντων,
754 4422 909 4484 αὖθις
939 4423 998 4488 ἐξ
1023 4424 1288 4492 ἐκατέρου
1314 4422 1542 4488 τούτων,
1571 4422 1604 4494 ἦ
1634 4423 1994 4494 βλασφημίας

420 4513 452 4582 ἢ
496 4513 812 4582 σχίσματος,
856 4515 937 4577 εἰς
966 4515 1216 4585 ἀνάγκην
1246 4517 1274 4568 δ
1315 4514 1487 4585 δῆμος
1522 4517 1845 4588 περισταίη.
1877 4516 1995 4569 Διδ-

2094 3322 2276 3366 tamen
2305 3311 2446 3366 intra
2479 3310 2664 3364 abdita
2699 3309 2903 3364 mentis
2935 3317 3140 3362 nostra:
3171 3307 3485 3370 continere,
3518 3304 3680 3376 557

2093 3421 2276 3476 neque
2310 3406 2395 3460 vel
2427 3403 2586 3460 facile
2627 3404 2683 3457 in
2727 3402 2982 3473 publicos
3011 3407 3322 3456 conventus
3351 3399 3681 3469 producere,

2094 3500 2183 3554 vel
2241 3499 2460 3554 incaute
2509 3497 2759 3552 omnium
2813 3495 3048 3550 auribus
3094 3493 3334 3548 credere
3389 3492 3681 3546 debemus.

2095 3593 2310 3661 Quotus
2356 3593 2504 3648 enim
2548 3591 2787 3661 quisque
2831 3598 2917 3645 est
2963 3587 3058 3658 qui
3109 3603 3197 3643 res
3247 3587 3320 3641 ita
3361 3601 3589 3657 magnas
3627 3594 3685 3640 et

2099 3685 2348 3740 diﬂiciles
2391 3685 2688 3740 admodum
2732 3691 2828 3737 aut
2869 3691 3020 3738 certo
3056 3681 3410 3752 perspicere,
3444 3687 3539 3734 aut
3576 3679 3684 3732 rite

2094 3795 2376 3848 exponere
2411 3778 2619 3848 queat?
2655 3775 2814 3844 Quod
2856 3775 2901 3830 si
2936 3774 3063 3844 quis
3100 3773 3154 3828 id
3195 3772 3300 3828 sibi
3339 3771 3521 3826 facere
3557 3785 3684 3839 pro-

2098 3869 2240 3923 clive
2269 3884 2394 3924 esse
2430 3869 2634 3933 ducat,
2668 3865 2758 3922 cui
2797 3865 2938 3937 parti
2977 3864 3154 3935 plebis
3189 3864 3243 3918 id
3286 3861 3685 3934 persuadebit?

2098 3960 2209 4015 Aut
2249 3960 2376 4028 quis
2417 3959 2634 4014 laudent
2668 3959 2805 4021 erit,
2857 3958 2951 4027 qui
2987 3966 3176 4010 contra
3224 3957 3362 4010 tales
3407 3967 3683 4009 tantarum

2101 4068 2288 4107 rerum
2320 4053 2566 4120 argutias
2586 4062 2642 4106 et
2669 4050 3156 4105 subtilitatessinc
3189 4050 3498 4120 perienloso
3528 4048 3684 4118 lapsu

2101 4143 2407 4200 consistet?
2444 4144 2619 4208 Quam
2655 4145 2724 4198 ob
2767 4159 2880 4194 rem
2925 4141 3226 4195 inhibenda
3268 4151 3345 4196 est
3389 4141 3443 4194 in
3483 4139 3687 4193 talibus

2101 4241 2404 4312 disputatio
2453 4240 2690 4311 longior,
2739 4256 2808 4293 ne
2857 4256 2968 4308 quo
3012 4238 3212 4305 modo,
3249 4237 3294 4294 si
3343 4238 3427 4294 vel
3475 4249 3689 4292 natura:

2101 4348 2306 4394 nostra:
2339 4336 2698 4391 imbecillitas
2733 4335 2880 4401 quod
2916 4335 3262 4404 propositum
3302 4332 3375 4388 sit
3409 4347 3689 4402 exponere

2102 4447 2213 4486 non
2242 4429 2420 4484 valeat
2447 4446 2460 4482 :
2492 4427 2577 4481 vel
2604 4425 2936 4480 discentium
2965 4425 3283 4480 auditorum
3312 4422 3571 4476 hebetius
3605 4422 3686 4474 in-

2103 4527 2328 4597 genium
2370 4522 2424 4578 id
2467 4519 2617 4591 quod
2657 4519 2934 4589 exquisite
2966 4519 3176 4574 dictum
3214 4517 3288 4572 sit
3322 4516 3542 4584 assequi
3576 4531 3687 4568 non

421 4624 529 4678 περ
577 4609 669 4660 καὶ
722 4609 991 4680 ἐρώτησις
1047 4608 1489 4679 ἀπροφύλακτος,
1548 4613 1640 4663 καὶ
1695 4611 1986 4680 ἀπόκρισις

2101 4618 2312 4689 possit,
2361 4617 2415 4672 in
2464 4614 2695 4670 alterius
2741 4612 3014 4678 istorum,
3058 4608 3416 4680 blasphemia
3449 4607 3688 4670 scilicet,

423 4702 780 4772 ἀπρονόητος,
830 4703 930 4773 τὴν
986 4702 1109 4774 ῐσην
1160 4702 1424 4774 ἀλλήλαις
1473 4703 1864 4756 ἐπιδιὸύτωσαν
1911 4702 1998 4772 ἐφ’

425 4793 667 4864 ἑκατέρῳ
694 4797 1046 4867 συγγνώμην.
1089 4797 1226 4849 Οὐδὲ
1249 4798 1360 4864 γὰρ
1391 4797 1530 4865 ὑπὲρ
1566 4795 1660 4849 τοῦ
1691 4796 1997 4866 κορυφαίου

423 4885 530 4938 τῶν
563 4887 621 4938 ὲν
655 4886 734 4956 τῷ
762 4887 913 4957 νόμῳ
947 4889 1432 4959 παραγγελμάτων
1462 4891 1594 4959 ἡμῖν
1622 4889 1836 4961 ἐξήφθη
1861 4890 1999 4960 πρό-

427 4994 610 5046 φασις,
668 4980 791 5033 οὐδὲ
845 4983 1006 5054 καινή
1053 4999 1139 5046 τις
1199 4983 1327 5052 ύμῖν
1366 4983 1509 5054 ὑπὲρ
1543 4983 1644 5054 τῆς
1702 4983 1795 5036 τοῦ
1857 4983 1996 5037 Θεοῦ

427 5071 722 5138 θρησκείας
779 5070 992 5142 αἵρεσις
1049 5073 1424 5144 ἀντεισήχθη·
1457 5075 1576 5128 ἀλλ’
1628 5075 1725 5128 ἕνα
1781 5075 1998 5128 καὶτὸν

424 5165 582 5217 αὐτὸν
611 5164 763 5234 ἔχετε
794 5166 1074 5235 λογισμὸν,
1112 5167 1304 5237 ὥσπερ
1332 5171 1394 5222 τὸ
1424 5171 1523 5240 τῆς
1555 5175 1842 5233 κοινωνίας
1871 5169 1999 5225 σύν-

425 5255 596 5325 θημα.
633 5257 819 5328 ’Υμῶν
868 5262 974 5330 γὰρ
1032 5263 1090 5314 ὲν
1150 5261 1405 5333 ἀλλήλοις
1456 5263 1600 5334 ὑπὲρ
1648 5265 1863 5334 μικρῶν
1904 5266 1997 5318 καὶ

424 5347 555 5418 λίανξ
579 5350 881 5420 ἐλαχίστων
922 5353 1402 5423 φιλονεικούντων,
1458 5357 1711 5412 τοσοῦτον
1759 5358 1852 5411 τὸν
1901 5357 1996 5411 τοῦ

426 5441 559 5493 θεοῦ
615 5441 744 5495 λαὸν
792 5445 914 5508 ταῖς
972 5447 1270 5517 ὖμετέραις
1329 5447 1608 5504 ίθύνεσθαι
1679 5452 1875 5520 φρεσὶν
1935 5451 1996 5503 ού

427 5533 689 5604 προσήκει
719 5534 808 5590 διά
851 5538 911 5590 τὺ
939 5538 1205 5610 διχονοεῖν
1235 5557 1249 5571 '
1287 5541 1406 5595 ἀλλ’
1456 5541 1581 5595 οὔτε
1636 5545 1846 5613 πρέπον
1873 5543 1998 5596 οὔτε

424 5625 558 5690 ὅλως
591 5629 816 5698 θεμιτὸν
849 5626 991 5686 εἶναι
1037 5634 1373 5690 πιστεύεται.
1410 5636 1530 5690 Ἵνα
1575 5637 1631 5690 δὲ
1667 5637 1850 5710 μικρῷ
1895 5657 2000 5692 πα·-

427 5717 756 5787 ραδείγματι
781 5723 879 5790 τὴν
910 5723 1185 5796 ὑμετέραν
1215 5727 1435 5780 σύνεσιν
1481 5727 1804 5796 ὑπομνήσω,
1837 5730 1995 5797 λέξω.

430 5807 574 5863 Ἰστι
602 5810 668 5880 δὴ
726 5815 980 5878 καὶτοὺς
1021 5818 1351 5888 φιλοσόφους
1407 5821 1625 5883 αὐτοὺς.
1663 5821 1740 5884 ὡς
1781 5821 1858 5875 ἑνὶ
1901 5824 1998 5889 μὲν

430 5903 664 5966 impne;
706 5906 938 5976 δόγματι
987 5913 1366 5976 συντίθενται·
1403 5915 1661 5977 πολλάκις
1693 5917 1745 5970 δὲ
1787 5918 1838 5968 ἓν
1887 5935 1992 5972 τινι

2103 4721 2198 4767 aut
2221 4709 2540 4766 schismatis
2568 4715 2734 4777 atque
2759 4704 3000 4770 dissidii,
3034 4702 3424 4759 necessitatem
3451 4703 3690 4774 populus

2101 4803 2332 4861 incidat.
2365 4802 2556 4873 Itaque
2587 4809 2644 4854 et
2671 4798 3035 4869 interrogatio
3061 4798 3286 4852 incauta
3319 4807 3375 4852 et
3399 4799 3691 4867 reSponsio

2103 4897 2410 4969 improvida
2444 4909 2658 4966 mquam
2701 4893 2807 4949 sibi
2840 4893 3079 4949 invicem
3114 4893 3168 4947 in
3201 4901 3438 4962 utroque
3470 4893 3688 4946 veniam

2104 4991 2432 5047 concedant.
2476 4990 2665 5059 Neque
2695 4989 2846 5043 enim
2886 4987 2955 5044 de
2996 4986 3279 5057 praecipuo
3320 4984 3510 5054 aliquo
3551 4985 3689 5055 legis

2101 5090 2307 5137 nostra:
2357 5089 2635 5152 praecepto
2697 5080 3047 5136 occasionem
3105 5077 3460 5134 concertandi
3531 5093 3687 5130 sum-

2104 5175 2327 5244 psistis,
2384 5188 2567 5243 neque
2612 5188 2818 5228 novum
2867 5173 3093 5244 aliquod
3139 5188 3170 5227 a
3219 5171 3380 5227 vobis
3429 5171 3497 5226 de
3535 5171 3685 5226 cultu

2105 5265 2203 5321 Dei
2259 5266 2577 5321 institutum
2637 5275 2725 5322 est
2775 5266 3092 5332 inductum,
3149 5266 3249 5323 sed
3307 5282 3471 5321 unam
3531 5281 3684 5321 eam-

2103 5359 2339 5430 demque
2417 5359 2636 5414 habetis
2714 5361 3054 5430 propositam
3133 5360 3448 5422 rationem.
3521 5357 3686 5414 sicuti

2103 5449 2513 5506 communionis
2560 5449 2728 5505 etiam
2781 5461 3071 5506 tesseram.
3109 5450 3179 5505 Et
3227 5464 3352 5504 cum
3402 5447 3470 5502 de
3522 5449 3692 5502 rebus

2105 5544 2354 5599 minimis
2393 5544 2539 5598 inter
2567 5558 2666 5600 vos
2701 5544 3054 5599 contentiose
3090 5541 3426 5604 decertctis,
3461 5539 3689 5594 minime

2103 5637 2352 5693 omnium
2380 5637 2556 5701 decet,
2582 5654 2680 5709 per
2709 5638 3115 5694 dissensionem
3142 5651 3240 5690 vos
3265 5643 3468 5690 tantam
3499 5631 3686 5703 populi

2105 5730 2199 5785 Dei
2268 5729 2685 5785 multitudinem
2743 5745 2845 5800 pro
2906 5726 3140 5783 arbitrio
3198 5735 3389 5782 vestro
3459 5725 3686 5780 ducere.

2102 5822 2259 5890 Quod
2291 5836 2469 5892 neque
2509 5823 2796 5886 decorum,
2833 5836 3010 5890 neque
3035 5835 3264 5892 prorsus
3294 5820 3375 5874 fas
3406 5833 3528 5874 esse
3555 5831 3684 5870 cre-

2103 5917 2270 5972 ditur.
2330 5914 2624 5980 Sedenim,
2688 5926 2748 5972 ut
2799 5913 3150 5985 prudentiam
3208 5923 3450 5974 vestram
3511 5925 3669 5980 parvt
