4118 6466
495 395 562 455 ἶῦ
1717 409 1764 465 Ν
1778 408 2136 468 lCEPHUIll
2182 409 2527 470 CALLIS'l'I
3684 418 3754 479 56

486 511 742 580 exemplo
801 513 1335 579 commonefaciam.
1398 533 1509 572 non
1572 519 1842 589 ignoratis
1904 538 2052 588 sane.

2168 522 2273 575 τῶν
2311 525 2644 594 ἀποφάσεων
2686 527 2845 597 μέρει
2883 528 2909 577 δ
2937 528 3248 595 αφωνοῦσιν
3274 543 3288 559 ο
3338 531 3385 581 εί
3426 531 3521 582 καὶ
3551 535 3619 601 τῇ
3651 534 3752 601 τῆς

489 605 837 674 philosophis
866 608 1032 661 etiam
1067 608 1201 675 ipsis
1230 610 1296 664 de
1328 625 1438 665 uno
1469 613 1731 667 omnibus
1760 616 2060 671 convenire

488 695 743 763 dogmate
767 741 780 763 ,
809 710 867 753 et
903 715 1143 769 persmpe
1170 701 1395 756 eosdem
1433 707 1498 757 de
1538 715 1693 772 parte
1721 706 1905 774 aliqua
1935 722 2062 761 sen-

488 789 787 842 tentiarum
818 800 913 843 aut
943 791 1193 845 brevium
1248 793 1520 847 dictorum
1556 796 1851 850 dissentire
1884 814 1897 852 :
1932 799 2059 852 sed—

481 881 633 935 enim
661 882 826 936 etiam
859 884 905 936 si
939 884 1181 939 scientiae
1214 886 1416 941 virtute
1448 889 1786 951 discordent,
1809 895 2059 961 corporis

492 983 670 1027 tamen
703 976 907 1031 unione
939 978 1084 1031 inter
1111 993 1171 1032 se
1198 982 1539 1050 conspirant.
1572 984 1726 1048 Quod
1764 986 1809 1039 si
1841 986 1946 1042 hoc
1977 989 2056 1043 sic

2171 620 2488 690 ἐπιστήμης
2513 622 2685 693 ἀρετῇ
2718 623 3073 691 διαφωνοῦσι,
3106 630 3171 695 τῇ
3216 630 3397 693 μέντοι
3434 628 3528 680 τοῦ
3562 628 3753 698 σώμα-

2168 729 2258 772 τος
2290 713 2482 764 ἑνώσει
2530 713 2691 765 πάλιν
2728 716 2805 777 εἰς
2838 716 3105 784 ἀλλήλους
3151 720 3549 785 συμπνέουσιν.
3598 723 3659 774 Εἰ
3693 724 3749 776 δὲ

2168 804 2325 857 τοῦτὸ
2375 807 2514 869 ἐστι,
2548 806 2662 867 πῶς
2711 808 2772 857 οὐ
2831 808 3011 877 πολλῷ
3054 811 3397 880 δικαιότερον
3445 814 3596 883 ὑμᾶς
3653 815 3749 867 τοῦ

2174 898 2413 967 μεγάλου
2450 898 2584 949 Θεοῦ
2634 898 2972 966 θεράποντας
3019 902 3370 965 καθεστῶτας
3410 906 3468 957 ὲν
3514 908 3748 977 τοιαύτῃ

2171 991 2490 1059 προαιρέσει
2520 992 2841 1061 θρησκείας,
2870 993 3178 1063 ὁμοψύχους
3210 996 3461 1062 ἀλλήλοις
3494 994 3670 1061 sint;
3724 1017 3743 1049 ι

482 1063 671 1127 habet,
708 1070 985 1135 quomodo
1013 1082 1123 1125 non
1157 1073 1329 1126 multo
1360 1074 1566 1143 justius
1597 1077 1786 1142 fuerit,
1832 1094 1948 1137 vos.
1994 1084 2087 1150 qui
2155 1084 2338 1155 magni
2371 1084 2465 1138 Dei
2500 1083 2740 1137 ministri
2780 1086 3067 1140 constituti
3109 1087 3278 1154 estis,
3314 1090 3368 1142 in
3410 1100 3578 1144 tanta:
3616 1092 3735 1144 reli-

478 1160 658 1231 gionis
691 1161 947 1218 instituto
980 1167 1274 1220 unanimes
1304 1168 1449 1222 inter
1481 1185 1575 1223 vos
1603 1171 1755 1226 esse?

555 1273 573 1305 ι
600 1256 799 1310 Verum
826 1273 948 1328 age,
966 1260 1365 1318 deliberatione
1391 1267 1594 1335 majore
1616 1269 2056 1333 consideremus,

480 1356 536 1401 et
566 1349 901 1419 cogitatione
934 1351 1227 1419 prolixiore
1267 1357 1414 1424 quod
1448 1359 1652 1413 dictum
1686 1372 1771 1414 est
1810 1362 2059 1415 animad-

482 1450 787 1507 vertamus,
819 1459 886 1497 an
921 1454 1068 1499 recte
1100 1457 1325 1516 propter
1351 1465 1553 1518 paucas
1580 1461 1633 1505 et
1666 1469 1831 1507 vanas
1861 1455 2057 1509 verbo-

483 1551 603 1588 rum
643 1537 786 1589 inter
825 1551 923 1591 vos
965 1542 1114 1595 rixas
1146 1541 1345 1597 fratres
1377 1543 1640 1599 fratribus
1671 1546 2055 1612 adversentur,

479 1635 536 1680 et
570 1628 848 1681 solemnes
893 1642 1201 1688 conventus
1242 1634 1408 1705 impia
1453 1638 1796 1693 dissensione
1830 1656 1927 1709 per
1960 1657 2055 1695 vos

479 1731 856 1789 segregentur,
892 1725 985 1794 qui
1037 1725 1103 1779 de
1157 1728 1339 1795 parvis
1386 1729 1684 1783 admodum
1735 1741 1787 1785 et
1828 1733 2053 1788 minime

481 1816 814 1870 necessariis
874 1818 1041 1872 rebus
1094 1830 1282 1874 mutua
1332 1820 1687 1875 contentione
1735 1821 2051 1877 decertatis.

478 1902 642 1974 553
676 1906 933 1975 Vulgaria
981 1910 1094 1965 lucc
1139 1920 1291 1977 sunt,
1328 1921 1385 1967 et
1420 1914 1725 1982 puerilibus
1775 1916 2055 1969 mentibus

478 1997 651 2064 magis
680 2002 1084 2067 convenientia,
1122 2020 1284 2072 quam
1314 2020 1597 2059 sacrorum
1622 2016 1674 2060 et
1696 2008 2052 2076 prudentium

475 2089 723 2147 virorum
761 2098 1040 2164 sapientia
1077 2101 1456 2168 congruentia.
1494 2101 1834 2155 Decedamus
1870 2114 2054 2155 nostra

476 2195 671 2252 Sponte
697 2202 725 2239 a
753 2186 1041 2241 diabolicis
1066 2191 1487 2244 tentationibus.
1514 2192 1741 2261 Magnus
1769 2192 1885 2261 ipse
1916 2193 2055 2247 lleus

476 2288 526 2329 τι
567 2278 814 2332 Salvator
858 2283 1103 2335 omnium
1154 2295 1398 2337 nostrum
1467 2299 1759 2338 commune
1796 2286 2057 2339 omnibus

479 2371 707 2436 protulit
748 2370 958 2435 lumen,
996 2389 1094 2442 per
1140 2377 1295 2446 cujus
1339 2377 1764 2445 providentiam,
1805 2387 2051 2445 emptum

479 2459 585 2513 lioe
628 2462 787 2525 mihi,
826 2463 972 2517 illius
1019 2465 1184 2533 longe
1233 2467 1559 2536 potentioris
1607 2469 1811 2522 famulo
1845 2468 1943 2538 (i),
1983 2469 2051 2523 ad

481 2556 639 2606 tinent
673 2554 917 2609 debitum
953 2558 1255 2625 perducere
1284 2562 1611 2628 permittite,
1634 2572 1693 2614 ut
1716 2576 1813 2630 per
1839 2577 1933 2615 vos
1952 2560 2051 2631 (2),

476 2647 623 2701 illius
654 2649 906 2716 populos,
939 2665 1058 2704 mea
1105 2651 1505 2716 admonitione,
1540 2654 1849 2709 ministerio
1879 2665 1935 2710 et
1963 2672 2056 2710 co-

481 2740 808 2795 hortationis
851 2745 1229 2810 contentione,
1260 2745 1325 2800 ad
1365 2757 1670 2801 conventus
1701 2749 2054 2803 communio-

477 2847 603 2884 nem
637 2834 917 2887 reducam.
950 2834 1044 2890 Est
1077 2837 1245 2903 enim,
1282 2839 1746 2907 quemadmodum
1779 2841 1912 2902 dixi.
1946 2858 2049 2895 una

477 2926 725 2988 qumdam
762 2926 813 2980 in
847 2929 1001 2982 vobis
1033 2928 1187 2993 ﬁdes,
1215 2947 1320 2983 una
1353 2932 1594 2986 instituti
1612 2935 1790 2995 _vestri
1825 2942 2051 2988 senten-

476 3025 495 3067 t
525 3033 574 3079 a,
602 3026 656 3073 et
683 3018 817 3088 legis
846 3019 1019 3088 ipsius
1053 3032 1408 3091 prteceptum,
1445 3024 1703 3078 omnibus
1734 3028 1848 3079 suis
1878 3028 2050 3094 parti-

476 3109 578 3162 bus
630 3110 681 3163 in
734 3127 904 3165 unum
959 3114 1155 3169 animm
1210 3117 1550 3184 propositum
1605 3127 1659 3171 et
1713 3119 2047 3173 voluntatem

2242 1292 2259 1323 ι
2299 1271 2761 1341 Ἐπισκεψώμεθα
2779 1272 2833 1327 δὲ
2860 1272 3105 1342 λογισμῷ
3132 1276 3362 1343 μείζονι,
3406 1282 3500 1333 καὶ
3532 1283 3743 1338 πλείονι

2165 1364 2379 1414 συνέσει
2411 1363 2467 1413 τὸ
2517 1362 2683 1431 ῥηθὲν
2726 1362 3147 1431 ἐνθυμηθῶμεν,
3185 1367 3341 1435 εἴπερ
3393 1370 3575 1441 ὀρθῶς
3626 1375 3746 1443 ἔχειν

2158 1454 2228 1505 δι’
2255 1453 2443 1520 ὀλίγας
2472 1455 2567 1506 καὶ
2595 1456 2830 1524 ματαίας
2863 1458 3125 1524 ῥημάτων
3155 1458 3213 1509 ἐν
3245 1460 3377 1528 ὑμῖν
3401 1462 3744 1528 φιλονεικίας

2161 1546 2425 1613 ἀδελφοὺς
2472 1550 2725 1614 ἀδελφάς
2758 1549 3115 1610 ἀντικεῖσθαι,
3157 1551 3250 1603 καὶ
3281 1552 3340 1604 τὸ
3383 1555 3481 1623 τῆς
3516 1558 3740 1621 συνόδου

2159 1638 2342 1704 τίμιον
2365 1639 2554 1690 ἀσεϐεῖ
2585 1640 2824 1710 διχονοίᾳ
2850 1641 3179 1710 χωρίζεσθαι
3222 1644 3288 1695 δι’
3314 1645 3490 1713 ὑμῶν,
3524 1649 3575 1701 οἳ
3602 1649 3740 1717 πρὸς

2163 1726 2425 1794 ἀλλήλους
2451 1729 2592 1797 ὑπὲρ
2610 1730 2825 1796 μικρῶν
2848 1732 2990 1782 οὕτω
3012 1734 3103 1784 καὶ
3132 1734 3399 1803 μηδαμῶς
3421 1736 3742 1803 ἀναγκαίων

2165 1816 2539 1884 φιλονεικεῖτε.
2572 1822 2806 1891 Δημώδη
2836 1823 2989 1875 ταῦτ’
3019 1825 3170 1875 ἐστί·
3205 1827 3299 1877 καὶ
3330 1829 3617 1892 παιδικαῖς
3650 1833 3741 1881 ἐν’

2158 1908 2328 1971 νοίαις
2355 1911 2694 1978 ἁρμόττοντα
2727 1913 2927 1979 μᾶλλον
2958 1915 2988 1983 ἦ
3019 1918 3084 1984 τῇ
3111 1916 3220 1968 τῶν
3250 1918 3443 1987 ἱερέων
3473 1921 3569 1971 καὶ
3608 1938 3742 1989 φρο-

2159 2000 2332 2065 νίμων
2388 2002 2600 2053 συνέσει
2658 2002 2869 2072 ἀνδρῶν
2926 2009 3296 2073 προσήκοντα.
3373 2009 3741 2076 ’Λποστῶμεν

2159 2091 2376 2155 ἑκόντες
2411 2093 2520 2146 τῶν
2552 2094 2879 2147 διαϐολικῶν
2918 2099 3264 2167 πειρασμῶν.
3305 2100 3361 2152 Ὀ
3394 2104 3576 2168 μέγας
3605 2104 3742 2163 Θεὸς

2159 2188 2256 2238 καὶ
2291 2184 2481 2256 Σωτὴρ
2512 2186 2668 2256 ἡμῶν
2701 2189 2922 2241 πάντων
2965 2192 3146 2243 κοινὸν
3179 2192 3351 2244 ἅπασι
3379 2195 3439 2246 τὸ
3479 2195 3603 2261 φῶς
3630 2195 3744 2261 ὲξέ-

2157 2294 2368 2329 τεινεν·
2408 2278 2492 2345 ἐφ’
2542 2279 2601 2331 οὗ
2643 2268 2708 2349 τῇ
2765 2281 2993 2350 προνοίᾳ
3040 2283 3248 2351 ταύτην
3291 2285 3415 2354 ἐμοὶ
3460 2286 3544 2355 τῷ
3579 2287 3744 2355 θερα-

2158 2369 2332 2437 πευτῇ
2361 2369 2452 2421 τοῦ
2482 2370 2794 2439 κρείττονος
2822 2371 2920 2441 τὴν
2949 2374 3188 2444 σπουδὴν
3212 2378 3291 2439 εἰς
3313 2378 3466 2439 τέλος
3491 2383 3745 2447 ἐνεγκεῖν

2160 2462 2554 2528 συγχωρήσατε
2576 2480 2588 2493 ·
2620 2464 2770 2525 ὅπως
2815 2465 2885 2516 δι’
2910 2466 3063 2534 ὑμῶν
3097 2470 3223 2530 τοὺς
3267 2473 3486 2525 ἐκείνου
3531 2473 3742 2543 δήμους

2157 2558 2264 2625 ἐμῇ
2316 2559 2701 2628 προσφωνήσει
2747 2562 2841 2612 καὶ
2869 2562 3147 2635 ὑπηρεσίᾳ
3182 2566 3277 2617 καὶ
3324 2566 3617 2630 νουθεσίας
3663 2574 3745 2621 ὲν-

2159 2647 2347 2699 στάσει
2384 2650 2520 2716 πρὸς
2570 2652 2670 2721 τὴν
2710 2652 2809 2721 τῆς
2856 2655 3073 2707 συνόδου
3128 2657 3416 2710 κοινωνίαν
3452 2661 3745 2727 ἐπαναγά-

2155 2756 2329 2809 γοιμι.
2386 2741 2603 2813 Ἐπειδὴ
2661 2745 2787 2811 γὰρ,
2823 2747 2897 2808 ὡς
2948 2748 3106 2815 ἔφην,
3144 2748 3239 2816 μία
3282 2751 3365 2813 τίς
3400 2751 3522 2805 ἐστι
3556 2756 3740 2817 πίστις

2158 2833 2216 2882 ἐν
2256 2832 2405 2897 ὑμῖν,
2435 2832 2529 2883 καὶ
2580 2834 2678 2900 μία
2715 2836 2809 2902 τῆς
2847 2837 2965 2888 καθ’
3006 2839 3149 2905 ἡμᾶς
3182 2840 3448 2907 αἱρέσεως
3493 2843 3734 2906 σύνεσις,

2157 2924 2217 2975 τό
2244 2940 2302 2975 τε
2336 2924 2431 2976 τοῦ
2462 2925 2633 2993 νόμου
2676 2930 3046 2997 παράγγελμα
3083 2933 3197 2992 τοῖς
3242 2932 3312 2983 δι’
3341 2933 3539 2986 ἑαυτοῦ
3575 2937 3739 3005 μέρε-

2156 3029 2243 3064 σιν
2302 3017 2381 3077 είς
2434 3014 2565 3083 μίαν
2611 3015 2790 3085 ψυχῆς
2844 3019 3108 3085 πρόθεσιν
3144 3021 3205 3072 τὸ
3259 3021 3380 3073 ὅλον
3427 3025 3733 3091 συγκλείει,

2155 3106 2316 3158 τοῦτο
2355 3109 2493 3177 ὅπερ
2529 3107 2659 3177 ὑμῖν
2698 3112 2756 3162 ὲν
2800 3109 3050 3180 ἀλλήλοις
3091 3111 3424 3179 φιλονεικίαν
3480 3116 3730 3186 ἤγειρεν,

473 3205 661 3258 omnia
697 3205 1000 3261 concludit.
1036 3206 1151 3262 Hoc
1193 3208 1371 3277 ipsum
1406 3213 1551 3279 quod
1589 3213 1740 3268 vobis
1777 3214 1920 3267 inter
1956 3229 2051 3268 vos

2161 3196 2349 3265 ἐπειδὴ
2386 3197 2460 3267 μὴ
2486 3200 2621 3266 πρὶς
2646 3200 2745 3270 τὴν
2777 3201 2867 3253 τοῦ
2900 3204 3098 3264 παντὸς
3137 3204 3304 3269 νόμου
3330 3205 3571 3275 δύναμιν
3593 3212 3730 3278 ἁνή-

474 3300 886 3351 contentionem
929 3299 1167 3368 peperit,
1210 3303 1656 3373 quandoquidem
1701 3321 1809 3359 non
1851 3306 1917 3360 ad
1964 3317 2049 3361 to-

476 3390 587 3441 tius
624 3389 758 3458 legis
790 3390 898 3442 vim
930 3392 1189 3459 refertur,
1222 3408 1568 3463 nequaquam
1601 3400 1743 3465 apud
1775 3414 1870 3453 vos
1906 3399 2051 3453 sedi-

479 3482 688 3535 tionem
725 3482 967 3550 aliquam
1001 3493 1057 3538 et
1094 3484 1460 3541 secessionem
1499 3487 1679 3541 faciat.
1718 3490 1894 3560 Atque
1935 3492 2049 3547 iure

474 3574 639 3640 dico,
691 3592 803 3630 non
865 3586 924 3631 ut
975 3578 1202 3632 omnino
1256 3581 1635 3635 necessitatem
1682 3583 1838 3637 vobis
1888 3585 2046 3638 istam

472 3668 637 3722 valde
683 3670 954 3738 puerilem
1003 3679 1167 3740 atque
1219 3671 1517 3738 incantam,
1555 3682 1648 3727 aut
1691 3677 2049 3745 qualemcuno

475 3779 581 3831 que
617 3764 834 3817 tandem
864 3766 1221 3832 quaestionem
1251 3767 1499 3834 sopiendi
1534 3768 1827 3838 imponam.
1864 3772 2049 3826 Potest

476 3858 622 3908 enim
648 3869 677 3908 a
704 3855 863 3909 vobis
884 3856 1097 3910 sincere
1121 3857 1442 3913 solemnitas
1464 3872 1765 3922 conventus
1794 3864 2045 3929 retineri,

476 3956 532 4001 et
564 3947 880 4001 communio
905 3948 1151 4001 omnium
1179 3950 1410 4013 servari,
1450 3952 1702 4021 quamvis
1727 3955 1965 4009 maxime
1993 3956 2046 4008 in

478 4049 637 4108 parte
673 4039 927 4107 quapiam
967 4039 1112 4092 inter
1154 4055 1252 4095 vos
1287 4039 1470 4110 aliqua
1509 4043 1580 4095 sit
1617 4042 1684 4097 de
1726 4059 1785 4097 re
1820 4044 2045 4097 minima

477 4131 771 4185 dissensio.
817 4130 1102 4200 Siquidem
1138 4149 1247 4187 non
1285 4134 1542 4188 omnibus
1578 4137 1756 4200 nobis,
1797 4136 1851 4189 iu
1886 4137 2050 4190 rebus

474 4225 781 4295 quibusvis,
807 4227 997 4279 eadem
1027 4228 1281 4281 voluntas
1304 4237 1406 4292 est,
1434 4244 1611 4297 netpie
1644 4244 1750 4283 una
1779 4229 1921 4297 apud
1951 4244 2050 4283 nos

475 4329 671 4371 natura
712 4326 806 4371 aut
851 4321 1121 4371 sententia
1155 4318 1392 4374 obtinet.
1428 4320 1615 4385 Itaque
1649 4320 1716 4373 de
1751 4320 2049 4388 providen-

474 4410 548 4463 tia
598 4408 784 4462 divina
832 4424 941 4461 una
980 4408 1033 4461 in
1082 4410 1239 4463 Vobis
1288 4410 1360 4462 sit
1412 4410 1563 4475 fides,
1604 4404 1709 4463 una
1748 4394 2046 4473 sententia,

473 4514 618 4553 unus
654 4508 723 4553 de
755 4500 868 4553 Deo
907 4516 1230 4554 consensus.
1269 4501 1338 4554 Ea
1376 4516 1508 4554 vero
1541 4517 1664 4569 quae
1702 4501 1770 4554 de
1806 4501 2049 4554 minimis

2158 3304 2260 3341 κει.
2295 3291 2573 3359 χωρισμόν
2617 3309 2739 3346 τινα
2782 3293 2877 3346 καὶ
2932 3295 3119 3345 στάσιν
3172 3298 3229 3346 ὲν
3281 3298 3408 3364 ὑμῖν
3462 3301 3734 3370 μηδαμῶς

2154 3382 2471 3447 ὲμποιείτω.
2527 3385 2637 3435 Καὶ
2691 3384 2834 3451 λέγω
2877 3385 3068 3451 ταῦτα,
3123 3388 3221 3457 οὐχ
3269 3389 3345 3451 ὼς
3397 3391 3734 3460 ἀναγκάζω]

2153 3473 2296 3540 ὑμᾶς
2327 3474 2629 3538 ἑξὰπαντος
2657 3480 2721 3545 τῇ
2755 3477 2876 3529 λίαν
2908 3478 3095 3546 εὐήθει
3124 3484 3219 3532 καὶ
3254 3482 3547 3552 οίᾳδὴποτέ
3581 3486 3735 3538 ἐστιν

2151 3568 2334 3638 ἐκείνῃ
2393 3566 3046 3637 ζητήσεισυντίθεσθαι.
3096 3572 3333 3641 Δυναται
3383 3576 3496 3646 γὰρ
3540 3580 3637 3632 καὶ
3671 3580 3734 3631 τὸ

2151 3662 2254 3727 τῆς
2286 3662 2506 3715 συνόδου
2536 3666 2716 3727 τίμιον
2748 3664 2875 3731 ὑμῖν
2922 3666 3182 3735 ἀκέραιον
3210 3668 3602 3733 φυλάττεσθαι,
3637 3674 3731 3724 καὶ

2151 3757 2184 3824 ἡ
2219 3756 2355 3823 αὑτὴ
2398 3757 2543 3809 κατὰ
2590 3757 2810 3808 πάντων
2848 3758 3104 3811 κοινωνία
3141 3762 3431 3828 τηρεῖσθαι
3458 3779 3473 3794 θ
3507 3766 3614 3817 κᾶν
3663 3767 3732 3817 τὰ

2156 3848 2394 3917 μάλιστα
2422 3865 2509 3925 τις
2531 3850 2588 3900 ὲν
2614 3849 2773 3916 μέρει
2802 3850 2935 3917 πρὸς
2969 3850 3233 3918 ἀλλήλους
3273 3854 3415 3922 ὑπὲρ
3442 3857 3730 3926 ἐλαχίστου

2150 3943 2417 4007 διαφωνία
2457 3943 2717 4010 γένηται·
2754 3945 2874 3993 ἐπεὶ
2910 3945 3045 4012 μηδὲ
3077 3946 3276 4008 πάντες
3306 3947 3364 3997 ὲν
3396 3951 3534 4002 πᾶσι
3564 3951 3732 4003 ταυτὸ

2154 4033 2455 4102 βουλόμεθα
2481 4049 2493 4062 ·
2559 4036 2691 4102 μηδὲ
2731 4037 2828 4104 μία
2870 4053 2947 4096 τις
2996 4037 3055 4089 ἐν
3093 4039 3222 4104 ὑμῖν
3250 4039 3412 4106 φύσις
3456 4042 3488 4108 ἢ
3532 4040 3727 4111 γνώμη

2152 4128 2522 4181 πολιτεύεται.
2558 4128 2694 4196 Περὶ
2734 4128 2831 4194 μὲν
2860 4127 2953 4180 οὖν
3007 4130 3103 4198 τῆς
3136 4130 3285 4192 Θείας
3325 4135 3587 4196 προνοίας
3634 4134 3731 4202 μία

2150 4236 2235 4278 τις
2270 4223 2326 4270 ἐν
2357 4221 2484 4286 ὑμῖν
2519 4219 2657 4271 ἔστω
2688 4221 2892 4281 πίστις,
2929 4221 3024 4289 μία
3058 4226 3295 4284 σύνεσις,
3350 4226 3450 4292 μία
3481 4227 3727 4294 συνθήκη

2152 4313 2247 4365 τοῦ
2281 4313 2622 4381 κρείττονος·
2661 4312 2696 4366 ὃ.
2743 4313 2799 4364 δὲ
2834 4314 2976 4381 ὑπὲρ
3027 4315 3134 4366 τῶν
3179 4314 3481 4384 ἐλαχίστων
3524 4316 3732 4381 τούτων

2155 4404 2437 4473 ζητήσεων
2462 4407 2517 4455 ὲν
2553 4405 2805 4474 ἀλλήλοις
2837 4405 3310 4475 ἀκριϐολογεῖσθε,
3348 4406 3450 4459 κᾶν
3486 4411 3575 4476 μὴ
3594 4410 3730 4479 πρὸς

2159 4498 2290 4566 μίαν
2345 4497 2571 4567 γνώμην
2624 4503 3002 4567 συμφέρηται,
3059 4504 3241 4570 μένειν
3277 4504 3407 4555 εἵσω
3450 4504 3732 4573 λογισμῶν

475 4596 599 4649 istis
646 4594 1045 4663 quaestionibus
1096 4595 1240 4647 inter
1282 4608 1382 4647 vos
1425 4593 1699 4662 exquisite
1744 4592 2048 4660 inquiritis,

2158 4591 2422 4659 προσήκει
2448 4591 2525 4658 τῷ
2559 4592 2656 4659 τῆς
2691 4592 2929 4653 διανοίας
2953 4594 3252 4665 ἀπορρήτῳ
3276 4599 3627 4666 τηρουμένῳ.
3661 4596 3733 4647 Τὸ

474 4687 693 4741 tametsi
736 4687 803 4741 ad
850 4687 1100 4741 eamdem
1154 4688 1483 4740 sententiam
1528 4702 1635 4739 non
1681 4686 2048 4749 deducantur,

474 4781 735 4835 convenit
800 4781 943 4834 intra
1008 4781 1399 4850 cogitationem
1471 4780 1711 4832 retinere
1769 4788 1934 4847 atque
1997 4780 2050 4832 in

474 4873 644 4926 auimi
700 4872 1084 4941 penetralibus
1142 4884 1496 4925 conservare.
1548 4869 1736 4939 Itaque
1783 4870 1943 4924 facite
1994 4879 2051 4922 ut

474 4964 758 5018 ineffabile
809 4965 941 5018 illud
995 4973 1050 5016 et
1105 4963 1447 5033 prmeipuum
1502 4963 1813 5039 communis
1858 4963 2052 5016 amici-

476 5060 562 5112 tia.-
608 5069 665 5111 et
709 5034 997 5111 charitatis
1035 5062 1468 5118 sacramentum,
1503 5063 1559 5108 et
1593 5055 1844 5109 veritatis
1893 5056 2051 5117 ﬁdes,

478 5151 688 5221 Deique
732 5151 955 5213 cultus,
1008 5155 1064 5203 et
1118 5147 1401 5216 religionis
1450 5156 1617 5216 atque
1666 5149 1802 5218 legis
1854 5159 2055 5202 nostrae

480 5250 656 5297 nonor
691 5241 1028 5303 reverentia,
1062 5250 1323 5294 constans
1351 5250 1405 5294 et
1436 5242 1587 5294 firma
1621 5244 1767 5311 apud
1806 5258 1900 5296 vos
1930 5257 2054 5311 pcr-

480 5346 761 5390 tnaneaut.
817 5334 1048 5387 Reddite
1090 5333 1155 5385 ad
1201 5340 1444 5387 mutuam
1486 5336 1812 5388 cluaritateut
1850 5345 1903 5388 et
1935 5351 2055 5403 gra-

483 5432 633 5489 tiam,
673 5411 886 5481 reddite
935 5427 1194 5481 universo
1250 5429 1451 5496 populo
1489 5445 1617 5482 suos
1664 5431 1968 5497 utnpletus,
2002 5439 2056 5481 et

480 5540 579 5577 vus
632 5524 736 5590 ipsi
786 5521 954 5575 vciuti
1012 5520 1224 5573 animas
1270 5531 1479 5575 vestras
1525 5524 1830 5590 cxpiantes,
1865 5538 2057 5575 rursus

485 5620 623 5675 alter
666 5617 898 5670 alterum
948 5615 1251 5684 agnoscite.
1298 5614 1605 5670 Jucundior
1651 5630 1887 5685 namque
1935 5632 2056 5684 per-

712 5718 833 5764 tmst
878 5708 1158 5777 depositas
1205 5709 1559 5777 inimicitias,
1609 5708 2058 5764 reconciliatione

2158 4684 2342 4751 μέντοι
2369 4684 2466 4753 τῆς
2494 4687 2682 4751 κοινῆς
2709 4684 2896 4751 φιλίας
2927 4686 3242 4755 ἀπόρρητόν
3281 4703 3337 4738 τε
3382 4688 3474 4739 καὶ
3514 4688 3734 4755 ἐξαίρε-

2154 4788 2267 4833 τον,
2301 4771 2393 4822 καὶ
2423 4772 2454 4838 ή
2489 4771 2586 4839 τῆς
2616 4770 2879 4839 ἀληθείας
2911 4773 3112 4834 πίστις,
3154 4774 3189 4841 ἧ
3219 4790 3278 4825 τε
3321 4777 3449 4843 περὶ
3478 4775 3570 4827 τὸν
3599 4773 3734 4826 Θεὸν

2157 4863 2248 4915 καὶ
2274 4863 2373 4932 τὴν
2425 4863 2547 4915 τοῦ.
2566 4865 2735 4930 νόμου
2783 4863 3084 4932 θρησκείαν
3135 4866 3291 4934 τιμὴ,
3351 4867 3562 4932 μενέτω
3602 4867 3733 4934 παρ’

2156 4956 2284 5024 ὑμῖν
2313 4956 2630 5018 ἀσάλευτος.
2678 4956 3036 5009 Ἐπανέλθετε
3075 4956 3138 5027 δὴ
3187 4959 3324 5027 πρὸς
3360 4959 3458 5029 τὴν
3484 4959 3732 5027 ἀλλήλων

2156 5050 2340 5117 φιλίαν
2365 5066 2423 5101 τε
2452 5050 2545 5102 καὶ
2578 5050 2762 5120 χάριν.
2804 5051 3057 5104 ’Λπὰδοτε
3084 5049 3161 5117 τῷ
3195 5049 3472 5117 σύμπαντι
3500 5049 3623 5119 λαῷ
3637 5052 3733 5110 τὰς

2157 5146 2367 5208 οἰκείας
2421 5146 2799 5215 περιπλοκάς·
2830 5146 2984 5214 ὑμεῖς
3024 5161 3083 5196 τε
3128 5144 3305 5207 αὐτοὶ,
3345 5145 3603 5213 καθάπερ
3638 5144 3734 5202 τὰς

2159 5240 2372 5292 ἑαυτῶν
2405 5238 2583 5307 ψυχὰς
2634 5236 3065 5306 ἐκκαθάραντες,
3097 5232 3255 5294 αὖθις
3305 5236 3570 5306 ἀλλήλους
3615 5233 3736 5287 ἐπί-

2128 5342 2132 5347 ‘
2159 5348 2354 5397 γνωτε.
2396 5330 2589 5383 Ἡδίων
2617 5330 2728 5398 γὰρ
2759 5329 3015 5389 πολλάκις
3050 5330 3263 5395 γίνεται
3292 5329 3442 5396 φιλία
3473 5328 3613 5396 μετὰ
3635 5327 3733 5393 τὴν

2160 5423 2255 5484 τῆς
2308 5419 2507 5489 ἔχθρας
2540 5416 2997 5480 ἁπόθεσιν,αὗθις
3037 5418 3115 5480 είς
3170 5418 3519 5486 καταλλαγὴν
3565 5417 3734 5466 ἐπαν-

2162 5515 2413 5564 εειθοῦσα.
2476 5512 2729 5563 Ἀπόδοτε
2776 5508 2871 5562 οὖν
2921 5527 3013 5577 μοι
3061 5510 3302 5578 γαληνὰς
3360 5511 3457 5577 μὲν
3498 5510 3709 5577 ἡμέρας

2162 5608 2361 5668 νύκτας
2394 5607 2449 5657 δὲ
2485 5603 2859 5673 ἀμερίμνους·
2898 5603 2983 5654 ἵνα
3029 5604 3197 5670 κάμοί
3245 5621 3328 5665 τις
3372 5602 3533 5670 ἡδονὴ
3569 5600 3727 5652 καθα-

2167 5700 2263 5770 ροῦ
2304 5700 2479 5767 φωτὸς
2514 5700 2608 5749 καὶ
2658 5697 2770 5766 βίου
2812 5697 3001 5748 λοιπὸν
3031 5697 3234 5765 ἥσυχος
3282 5694 3589 5765 εὐψροσύνη
3625 5689 3728 5745 σὼ·

2236 5865 2311 5932 ςσλ)
2344 5862 2397 5917 lJ
2434 5874 2537 5927 est,
2571 5869 2748 5919 vestra
2791 5873 2946 5930 pace.
