4118 6474
413 3131 428 3141 .
529 3099 891 3164 gradiendum
946 3105 1168 3161 inutiles
1220 3106 1597 3166 reddiderant.
1650 3112 1801 3167 Inter
1847 3127 1986 3181 quos
2040 3119 2099 3167 et

518 413 589 473 f9
1730 421 2156 484 NlCEPllORl
2197 426 2547 492 CALLISTI
3700 431 3790 495 60

520 532 925 593 pertraxerunt.
953 526 1347 597 Hierosolymis
1368 530 1745 599 episcOpatutu
1770 530 1961 602 gessit,
1989 545 2089 585 suo

2203 553 2305 604 μης
2334 538 2423 589 διὰ
2480 541 2657 610 γῆρας
2717 539 2874 607 βαθὺ,
2920 544 2947 595 6
2984 541 3041 595 δὲ
3086 540 3174 595 διὰ
3224 541 3429 611 πολλὴν
3479 540 3787 599 ἀσθένειαν

519 614 864 682 τιιεροιιάεηε
897 615 1130 682 nomini,
1168 616 1468 685 Macarius;
1501 620 1687 677 Romae
1714 621 1914 684 Julius,
1941 621 2092 676 Con-

2203 629 2617 700 ιπελείφθησαν.
2662 634 2803 689 Ἀντ⁹
2843 630 3022 688 αὐτῶν
3049 635 3106 687 δέ
3140 636 3282 688 κατὰ
3331 636 3425 688 δύο
3458 637 3787 706 πρεσϐύτε-

519 706 872 775 stantinopoli
900 707 1232 764 Alexander.
1267 709 1329 764 Et
1361 712 1642 767 R’omanus
1674 714 1925 778 antistes,
1960 729 2090 778 pra-

522 809 644 866 pter
666 809 887 853 mtatem
908 801 1265 871 decrepitam,
1288 803 1935 874 Constantinopolitanus
1957 823 2090 861 vero

519 901 747 959 propter
773 894 996 947 multam
1028 896 1485 963 imbecillitatem,
1512 899 1565 952 in
1599 899 1823 954 sedibus
1855 900 1973 955 suis
2003 917 2090 954 re-

523 999 810 1050 mansere;
847 988 940 1039 sed
972 1003 1164 1042 eorum
1199 993 1419 1044 nomine
1455 991 1567 1045 bini
1600 995 1900 1064 presbyteri
1934 996 2089 1049 missi

518 1087 666 1140 sunt,
693 1093 722 1129 a
743 1077 885 1131 Iulio
905 1080 1128 1148 quidem
1151 1083 1307 1137 Vitus
1327 1094 1379 1137 et
1406 1084 1752 1147 Vincentius,
1773 1087 1843 1141 ab
1863 1088 2092 1142 Alexan-

517 1166 619 1221 dro
651 1180 831 1222 autem
864 1170 974 1225 duo
1004 1173 1122 1233 alii,
1147 1183 1205 1228 et
1234 1175 1338 1228 vita
1365 1184 1422 1230 et
1445 1178 1759 1232 eruditione
1791 1180 2088 1248 plurimum

516 1261 875 1316 excellentes.
908 1263 1195 1319 Habebam
1224 1267 1259 1319 ii
1293 1267 1362 1320 ab
1393 1268 1502 1322 illis
1534 1270 1849 1325 mandatum
1880 1282 1937 1326 et
1962 1288 2093 1328 θου-

523 1352 753 1418 tionem,
793 1361 854 1405 ut
891 1354 943 1407 in
975 1368 1248 1411 conventu
1287 1357 1464 1413 locum
1498 1360 1717 1416 illorum
1750 1363 2087 1428 obtinerent,

519 1449 574 1494 ct
602 1442 749 1507 quod
788 1441 864 1495 ibi
905 1444 1009 1497 rite
1049 1456 1215 1514 atque
1252 1450 1446 1504 ordine
1477 1464 1660 1505 actum
1698 1452 2091 1524 decretumque

520 1542 688 1595 esset,
725 1537 1172 1605 comprobarent.
1222 1539 1283 1594 ln
1323 1545 1532 1612 synodo
1570 1550 1634 1598 ea
1677 1546 1835 1600 multi
1874 1556 2096 1617 aposto-

523 1624 646 1677 licis
698 1625 859 1679 donis
904 1627 1180 1695 pollebant
1215 1646 1231 1683 :
1271 1647 1382 1687 non
1436 1636 1597 1704 pauci
1643 1638 1832 1705 etiam,
1866 1649 2094 1709 propter

524 1716 891 1772 Christianam
917 1732 1239 1779 constanter
1265 1724 1471 1780 obitum
1499 1726 1925 1795 confessionem,
1954 1734 2089 1801 stig-

529 1818 672 1863 mata
703 1821 762 1865 et
795 1822 948 1869 notas
978 1815 1034 1870 in
1066 1832 1230 1872 carne
1263 1818 1748 1884 circumferebant,
1784 1824 2088 1891 prtesertitn

523 1917 591 1954 ex
631 1904 926 1974 episcopis,
960 1908 1303 1977 Paphnutius
1351 1915 1655 1981 superioris
1687 1916 2007 1982 Thebaidis,
2036 1928 2091 1971 et

524 1994 797 2064 Spyridon
852 1997 1087 2069 Cyprius
1131 2003 1574 2073 Trimytbuntis,
1611 2017 1669 2062 et
1711 2007 1911 2063 Hosius
1951 2009 2089 2064 Cor-

524 2087 706 2150 dubae,
729 2098 786 2143 et
817 2090 1052 2148 Jacobus
1082 2093 1283 2149 Nisibis
1312 2098 1415 2167 (sic
1436 2100 1587 2154 enim
1620 2101 1909 2156 Antiochia
1943 2103 2092 2173 Myg-

523 2180 706 2237 doniae
750 2194 909 2240 antea
962 2201 1152 2243 vocata
1197 2198 1326 2257 est).
1362 2194 1455 2260 qui
1507 2194 1673 2248 etiam
1722 2207 1970 2251 mortuos
2011 2214 2094 2251 re-

524 2274 800 2330 suscitans
832 2278 889 2331 in
922 2279 1086 2334 vitam
1131 2283 1354 2338 reduxit
1381 2293 1434 2337 et
1469 2285 1756 2342 innumera
1791 2289 1892 2343 alia
1928 2289 2097 2343 mira-

525 2367 647 2417 cula
678 2366 856 2421 edidit
887 2389 901 2423 :
938 2370 1190 2426 Meletius
1227 2371 1512 2439 Sebastia.
1543 2376 1792 2435 Basileus
1824 2381 2093 2448 Amaseaa,

526 2455 784 2512 Nicolaus
829 2459 1138 2532 Myrorum,
1181 2463 1482 2535 Gregorius
1529 2471 1752 2541 majoris
1786 2464 2094 2537 Armeniae,

530 2546 731 2605 l’aulns
758 2550 1125 2610 Neocaesarea:
1149 2557 1202 2611 in
1229 2558 1528 2627 Euphratis
1551 2562 1668 2629 ripa
1699 2563 1971 2630 conditae;
2001 2564 2098 2634 qui

527 2640 815 2697 ambarum
852 2660 1111 2701 manuum
1148 2666 1272 2712 usu,
1297 2649 1494 2706 Licinii
1528 2653 1905 2725 improbitate,
1928 2656 2099 2726 ignito

530 2730 678 2785 ferro
705 2732 858 2788 venis
882 2745 1047 2805 atque
1075 2740 1279 2803 nervis,
1303 2742 1505 2809 quibus
1535 2742 1618 2797 vis
1645 2745 1900 2799 movendi
1931 2748 2096 2813 inest,

529 2823 791 2889 perustis,
841 2830 1069 2882 orbatus
1119 2828 1319 2886 fuerat.
1371 2833 1438 2888 Et
1485 2833 1599 2897 alii,
1645 2835 1848 2903 quibus
1894 2838 2095 2906 partim

528 2913 669 2967 alter
712 2917 905 2972 oculus
957 2920 1210 2976 stridenti
1260 2922 1410 2979 ferro
1463 2926 1750 2995 ademptus
1794 2937 1936 2996 erat,
1969 2943 2097 2998 par-

530 3006 627 3059 tim
675 3007 912 3077 poplites
971 3011 1152 3068 dextri
1207 3016 1457 3071 cauterio
1503 3018 1766 3083 mutilati,
1806 3020 1979 3090 pedes
2028 3020 2097 3076 ad

2194 736 2279 789 ροι
2308 721 2758 792 διεπέμφθησαν·
2804 726 3067 796 Ῥωμαῖοι
3104 729 3203 795 μέν
3234 728 3408 781 Βίτων
3452 747 3511 782 τε
3542 729 3637 783 καὶ
3675 730 3788 783 Βι-

2191 808 2437 873 κέντιος·
2470 812 2536 864 ἐκ
2580 813 2636 864 δὲ
2679 815 3080 885 Μητροεράνους
3110 816 3289 885 ἕτεροι
3334 817 3439 887 βίῳ
3473 818 3567 871 καὶ
3618 817 3786 888 λόγῳ

2192 898 2375 967 πολλῷ
2423 901 2772 972 διαφέροντες
2794 921 2809 935 ·
2845 907 3048 976 ἐγγύην
3092 907 3371 970 λαϐόντες,
3421 910 3512 962 τόν
3544 913 3597 963 τ’
3622 911 3789 963 ἐκεί-

2191 1006 2298 1041 νων
2336 990 2503 1043 τόπον
2533 994 2910 1063 ἀναπληροῦν,
2951 1000 3045 1049 καὶ
3073 1000 3187 1059 τοῖς
3219 998 3400 1060 καλῶς
3446 999 3786 1069 πραττομέο

2192 1099 2305 1145 νοις
2334 1083 2648 1140 συνθέσθει.
2682 1087 2874 1139 Πολλοὶ
2892 1089 2934 1141 δ’
2958 1083 3098 1159 ἦσαν
3126 1092 3349 1143 ἐκείνων
3375 1090 3780 1153 ἀποστολικοτς

2192 1177 2497 1245 χαρίσμασι
2537 1178 2955 1249 διαπρέποντες.
2994 1182 3108 1233 Οὐκ
3142 1183 3417 1251 ἐλάχιστοι
3457 1182 3501 1235 δ’
3530 1181 3610 1235 ἔτι
3642 1184 3781 1244 ταῖς

2193 1267 2280 1319 διὰ
2318 1268 2552 1337 Χριστὸν
2585 1272 2897 1340 ὁμολογίαις
2937 1273 3006 1325 τὰ
3039 1276 3312 1341 στίγματα
3353 1277 3417 1343 τῇ
3459 1275 3626 1341 σαρκὶ
3665 1290 3783 1327 πε-

2196 1361 2543 1430 ριφέροντεςο
2581 1364 2647 1415 ἐκ
2677 1364 2778 1432 μὲν
2808 1364 2918 1418 τῶν
2962 1365 3280 1418 ἐπισκόπων
3314 1365 3655 1434 Παφνούτιος
3704 1367 3784 1419 ἐκ

2192 1455 2290 1520 τῆς
2319 1453 2434 1506 ἄνω
2472 1454 2762 1524 Θηϐαΐδος,
2812 1457 2907 1509 καὶ
2955 1457 3240 1525 Σπυρίδων
3281 1459 3309 1510 6
3344 1457 3614 1525 Κυπρίων
3667 1458 3786 1526 τῆς

2194 1541 2644 1615 Τριμυθούντων,
2687 1548 2784 1601 καὶ
2814 1548 3003 1609 Ὄσιος
3047 1550 3076 1602 6
3117 1548 3488 1619 Κουρδούϐης,
3534 1549 3628 1603 καὶ
3667 1549 3788 1603 Ἰά-

2194 1638 2374 1698 κωϐος
2404 1639 2432 1690 6
2477 1637 2752 1698 Νισίϐεως
2795 1639 3092 1706 (Μυγδονία
3130 1640 3187 1693 δὲ
3234 1643 3335 1712 τῆς
3376 1641 3711 1711 ’Δντιοχείας
3741 1643 3783 1713 ἡ

2198 1726 2410 1789 Νίσιϐις
2442 1728 2707 1799 πρότερον
2730 1727 3024 1798 ἐκαλεῖτο),
3056 1728 3111 1790 6;
3135 1730 3229 1781 καὶ
3252 1732 3482 1799 νεκροὺς
3508 1730 3783 1796 ἅνιστῶν,

2196 1819 2307 1880 τοῖς
2340 1818 2477 1883 ζῶσι
2504 1821 2817 1885 συνέταττε,
2848 1822 2944 1875 καὶ
2972 1820 3140 1891 μυρία
3171 1821 3462 1891 εἰργάζετο
3490 1821 3783 1892 θαύματα·

2197 1910 2457 1971 Μελέτιος
2498 1914 2525 1964 ὁ
2558 1912 3047 1974 Σεϐαστουπόλειιις
3068 1931 3079 1942 ·
3112 1914 3374 1975 Βασιλεὺς
3405 1915 3432 1967 6
3460 1913 3569 1967 τῶν
3605 1914 3790 1984 Ἄμα-

2199 2007 2363 2058 σέων·
2396 2008 2423 2058 6
2459 2006 2568 2058 τῶν
2611 2006 2817 2071 Μύρων
2859 2007 3149 2069 Νικόλαος,
3180 2008 3272 2059 καὶ
3300 2007 3329 2059 6
3381 2007 3480 2076 τῆς
3529 2008 3787 2077 μεγάλης

2210 2097 2503 2168 Ἀρμενίας
2532 2098 2858 2167 Γρηγόριος,
2899 2101 2993 2151 καὶ
3019 2098 3225 2160 Παῦλος
3254 2102 3282 2152 ὀ
3307 2098 3785 2168 Νεοκαισαρείαςο

2197 2190 2331 2260 ὄχθῃ
2387 2188 2443 2241 δὲ
2490 2194 2556 2259 τῇ
2602 2190 2710 2243 ’τοῦ
2758 2191 3049 2258 Εὐφράτου
3103 2191 3243 2259 αὕτη
3291 2192 3666 2262 παράκειται*
3720 2190 3791 2252 ὃς

2201 2283 2370 2350 ἄμφω
2420 2282 2497 2336 τὼ
2538 2284 2684 2352 χεῖρε
2736 2284 3139 2353 πεπηρωμένος
3189 2281 3279 2354 ἦν,
3332 2284 3442 2336 τῶν
3479 2284 3791 2352 κινητικῶν

2200 2373 2453 2445 ὀργάνων
2497 2374 2971 2443 διαθραυσθέντων
3016 2376 3509 2448 πεπυρακτοιμένῳ
3548 2377 3789 2446 σιδήρῳ,

2202 2464 2571 2533 προσϐαλόντι
2614 2468 2728 2528 τοῖς
2779 2465 2968 2535 μέλεσι
3023 2468 3144 2528 ταῖς
3192 2465 3439 2519 Λικινίου
3507 2483 3789 2537 κακοτρου

2199 2557 2373 2620 πίαις.
2407 2557 2517 2610 Καὶ
2543 2557 2715 2621 ἄλλοι,
2750 2574 2828 2611 ων
2853 2558 2905 2610 οἱ
2935 2558 3037 2626 μὲν
3067 2557 3177 2611 τῶν
3218 2557 3516 2627 ὀφθαλμῶν
3546 2557 3792 2628 θάτερον

2201 2647 2406 2711 σίζοντι
2441 2642 2644 2717 σιδήρῳ
2678 2644 2823 2718 εἶχον
2873 2648 3314 2718 πεπηρωμένον·
3345 2650 3395 2701 οι
3426 2648 3485 2701 δὲ
3521 2648 3622 2710 τὰς
3664 2649 3790 2703 τῶν

2175 2742 2448 2810 ’γονάτων
2477 2739 2721 2807 ἀγκύλας
2771 2741 2872 2803 τὰς
2918 2740 3098 2807 δεξιὰς
3142 2742 3437 2810 ἀκινήτους
3471 2743 3586 2804 τοῖς
3633 2756 3788 2795 καυ-

2203 2834 2433 2902 στῆρσιν
2486 2834 2803 2902 ἐκέκτηντο.
2835 2825 2936 2884 Ὧν
2967 2835 3184 2903 μετεῖχε
3237 2832 3330 2886 καὶ
3381 2832 3728 2902 Παφνούτιος
3761 2836 3793 2888 6

2199 2922 2501 2990 Αἰγύπτιος
2528 2938 2543 2953 ’
2574 2926 2706 2994 περὶ
2740 2917 2803 2975 οὗ
2835 2924 2935 2977 καὶ
2969 2923 3314 2995 Σπυρίδωνος
3363 2922 3595 2994 ὕστερον
3620 2922 3794 2995 ἐροῦ-

2202 3032 2322 3087 μεν,
2353 3015 2463 3069 Καὶ
2511 3015 2699 3077 ἁπλῶς
2745 3017 2938 3079 εἰπεῖν,
2974 3016 3273 3086 μαρτύρων
3296 3017 3469 3088 δῆμος
3502 3011 3571 3087 ἦν
3617 3019 3699 3080 είς
3728 3017 3795 3071 ιν

2202 3106 2424 3163 συνιών.
2452 3107 2701 3162 Πλεῖστοι
2730 3107 2786 3161 δὲ
2816 3109 2911 3161 καὶ
2931 3107 3084 3161 ἄλλοι
3117 3110 3180 3160 ἐκ
3208 3108 3486 3179 διαφόρων
3508 3103 3653 3178 ἦσαν
3682 3109 3790 3162 καὶ

529 3191 875 3262 Paphnutius
900 3193 1190 3268 Egyptius
1220 3200 1343 3269 fuit,
1371 3202 1440 3258 de
1470 3218 1581 3272 quo
1609 3205 1754 3261 sicut
1781 3216 1836 3261 et
1860 3205 1928 3262 de
1958 3205 2096 3277 Spy-

2203 3203 2263 3256 ἐκ
2296 3201 2525 3268 λαῖκῶν,
2575 3201 2774 3271 ἀγαθοὶ
2805 3202 2900 3255 καὶ
2934 3202 3077 3254 νοεῖν
3118 3200 3213 3255 καὶ
3258 3201 3464 3269 λέγειν,
3516 3202 3798 3270 ἐπίσημοι

531 3286 723 3342 ridone
773 3297 962 3358 postea
1000 3292 1271 3348 dicemus.
1307 3293 1506 3364 Atque,
1553 3309 1611 3350 nt
1655 3295 1978 3364 simpliciter
2014 3296 2098 3349 di-

2203 3313 2265 3351 τε
2299 3299 2364 3366 τῇ
2417 3313 2479 3349 τε
2524 3294 2632 3349 τῶν
2670 3294 2838 3367 ιερῶν
2885 3294 3087 3367 βίϐλων
3142 3294 3384 3366 παιδείᾳ,
3422 3295 3517 3349 καὶ
3560 3299 3627 3365 τῇ
3676 3295 3796 3361 ἔξω

532 3399 673 3445 eam,
710 3393 1013 3454 martyrum
1058 3386 1216 3454 plane
1251 3389 1491 3457 populus
1535 3389 1591 3443 in
1639 3405 1806 3443 unum
1844 3391 2099 3447 convenit

2210 3390 2376 3458 σοφίᾳ
2410 3387 2754 3458 διαπρεπεῖς,
2786 3388 3071 3460 ἑκατέροις
3104 3388 3296 3458 μέρεσι
3325 3387 3601 3458 πρόθυμοι
3642 3388 3795 3442 διδό-

532 3473 563 3525 li
588 3488 734 3529 cum.
776 3472 933 3546 561
985 3476 1228 3534 Adfuere
1277 3480 1354 3534 ibi
1401 3484 1564 3534 etiam
1608 3481 1831 3550 plurimi
1882 3483 2000 3541 alii.
2036 3497 2102 3537 ex
2210 3499 2299 3535 ναι
2328 3482 2521 3553 ῥοπήν.

536 3569 921 3635 praestantibus
972 3580 1029 3626 et
1081 3572 1258 3636 laicis.
1301 3574 1444 3628 docti
1488 3582 1544 3629 et
1578 3575 1920 3644 eloquentes,
1951 3576 2005 3629 in
2049 3575 2351 3646 primisque
2402 3589 2685 3629 sacrarum
2730 3573 3096 3641 Litterarum,
3134 3590 3238 3632 nec
3286 3592 3394 3631 non
3432 3575 3794 3646 profanarum

533 3680 754 3736 queque
798 3668 1215 3738 disciplinarum
1261 3672 1454 3740 peritia
1500 3674 1744 3742 prmelari
1781 3674 1908 3738 viri,
1942 3674 2195 3728 alterutri
2224 3673 2365 3742 parti
2398 3681 2736 3726 momentum
2769 3671 2968 3726 aﬂ'erre
3000 3672 3255 3727 alacriter
3284 3671 3482 3743 parati.

606 3759 681 3814 De
707 3759 788 3813 eis
812 3775 978 3829 porro
1016 3762 1108 3830 qui
1143 3761 1217 3816 ibi
1253 3779 1581 3830 convenere,
1611 3765 1881 3820 Eusebius
1924 3767 2108 3820 Palat-

533 3855 714 3908 stinus
742 3854 792 3907 in
819 3854 981 3908 tertio
1016 3855 1085 3908 ad
1115 3853 1533 3911 Constantinum
1567 3858 1707 3913 libro
1737 3861 1852 3913 inec
1894 3859 2102 3916 refert:

541 3966 561 3997 ε
587 3948 666 4001 Ex
694 3945 944 4001 Ecelesiis
968 3947 1222 4003 omnibus
1248 3963 1368 4017 quae
1415 3965 1510 4017 per
1540 3949 1835 4021 EurOpam,
1883 3951 2103 4022 Libyam

532 4050 593 4094 et
622 4039 803 4094 Asiam
836 4054 1055 4103 onlnem
1095 4054 1244 4103 sunt,
1280 4042 1654 4096 ministrorum
1708 4044 1803 4097 Dei
1839 4043 2106 4099 columna:

534 4142 909 4185 convenerunt
930 4132 983 4185 in
1021 4148 1127 4186 una
1152 4133 1391 4188 oratoria
1421 4135 1556 4195 aede.
1582 4135 1811 4203 perinde
1863 4145 2027 4205 atque
2073 4152 2104 4191 a

536 4222 650 4280 Deo
679 4223 1046 4291 ampliﬁcata:
1085 4224 1206 4294 Syri
1238 4236 1293 4280 et
1318 4224 1538 4290 Cilices,
1569 4226 1861 4282 Pbmnices
1880 4237 1936 4282 et
1964 4228 2104 4282 Ara-

540 4319 656 4382 bes,
682 4317 954 4372 Palaestini
971 4319 1163 4387 eisque
1186 4318 1350 4373 vicini
1370 4317 1884 4393 Egyptiiﬂbebazi,
1907 4321 2106 4393 Libyes

534 4408 695 4474 etqui
729 4424 758 4462 a
786 4408 1170 4479 Mesopotamia
1195 4420 1459 4466 venerant
1484 4430 1496 4466 :
1529 4414 1664 4482 quin
1693 4422 1746 4467 et
1775 4430 1842 4468 ex
1882 4415 2106 4469 Perside

535 4501 825 4570 epiSt'nptis
858 4505 1064 4559 aderat.
1095 4503 1284 4574 Neque
1338 4503 1537 4576 Scytha
1566 4507 1618 4560 in
1659 4522 1726 4562 eo
1757 4508 1927 4563 choro
1961 4509 2108 4563 desi-

2285 3765 2422 3832 ﬂspt
2473 3765 2658 3832 μέντοι
2712 3763 2822 3816 τῶν
2870 3764 3314 3834 συνεληλυθότων
3358 3768 3417 3819 ἐν
3450 3765 3528 3835 τῷ
3581 3766 3662 3829 εἰς
3688 3765 3795 3820 τὸν

2211 3856 2623 3911 Κωνσταντίνον
2651 3855 2823 3925 τρίτῳ
2852 3855 3045 3926 βιϐλίῳ
3075 3858 3200 3909 τάδε
3224 3859 3252 3910 6
3286 3856 3643 3920 Παλαιστινδς
3674 3855 3794 3910 Εὑ-

2211 3951 2387 4010 σέϐιος
2420 3950 2627 4017 ἱστορεῖ
2650 3963 2665 3979 ο
2704 3967 2722 4000 ι
2761 3948 2884 4002 Τῶν
2924 3948 3056 4016 γοῦν
3082 3948 3391 4019 ἐκκλησιῶν
3446 3949 3696 4013 ἀπασῶν,
3726 3949 3845 4021 αδ

2208 4041 2309 4111 τὴν
2364 4040 2636 4111 Εὐρώπην
2666 4041 2908 4107 ἃπασαν,
2957 4041 3169 4112 Λιϐύην
3208 4059 3269 4096 τε
3317 4043 3413 4096 καὶ
3458 4041 3558 4113 τὴν
3599 4042 3793 4097 Ἀσίαν

2207 4132 2509 4201 ἐπλήρουν,
2560 4131 2698 4203 ὁμοῦ
2731 4134 2966 4203 συνῆκτο
2993 4133 3103 4187 τῶν
3145 4134 3242 4187 τοῦ
3269 4132 3406 4187 Θεοῦ
3452 4134 3793 4208 λειτουργῶν

2209 4226 2277 4279 τὰ
2300 4226 2586 4295 ἀκροθίνια
2602 4236 2618 4255 ⁸
2645 4221 2726 4289 εἷς
2751 4243 2809 4279 τε
2833 4224 2982 4289 οἶκος
3004 4227 3316 4296 εὐκτὴριος,
3345 4224 3538 4296 ὥσπερ
3567 4230 3629 4281 ἐκ
3650 4227 3791 4281 Θεοῦ

2211 4318 2634 4387 πλατυνόμενος,
2681 4318 2831 4372 ἔνδον
2886 4319 3085 4388 ἐχώρει
3127 4318 3272 4371 κατὰ
3304 4318 3364 4370 τὸ
3407 4318 3540 4371 αὐτὸ
3576 4319 3792 4391 Σύρους

2211 4425 2270 4460 τε
2316 4407 2409 4461 καὶ
2452 4407 2711 4472 Κίλικας,
2765 4406 3021 4467 Φοίνικάς
3050 4421 3109 4457 τε
3165 4406 3263 4458 καὶ
3323 4405 3633 4477 Ἀραϐίους,
3688 4409 3788 4462 καὶ

2214 4498 2649 4561 Παλαιστινούς·
2703 4500 2799 4551 καὶ
2855 4498 2952 4550 ἐπὶ
3003 4497 3215 4559 τούτοις
3266 4497 3627 4566 Αἰγυπτίους,
3669 4499 3786 4566 Θη-

535 4591 648 4646 der:
674 4596 849 4648 batur.
882 4594 1090 4650 Pontus
1122 4612 1362 4666 quoque,
1390 4598 1536 4660 Asia.
1572 4599 1803 4670 Phrygia
1860 4608 1915 4654 et
1948 4601 2099 4654 Pam-

2214 4592 2423 4655 ϐαίους,
2481 4591 2710 4656 Λίϐυας,
2764 4589 2891 4653 τούς
2932 4605 2989 4642 τε
3040 4592 3104 4644 ἐκ
3139 4590 3328 4660 Μέσης
3362 4592 3472 4645 τῶν
3520 4591 3787 4663 ποταμῶν

535 4686 721 4753 ﬂagitat
763 4685 1004 4742 delectes
1032 4703 1174 4757 suos.
1198 4695 1255 4742 ει
1284 4690 1594 4759 praecipuos
1621 4690 1771 4745 viros
1818 4706 1884 4746 eo
1935 4691 2099 4745 mise-

538 4787 677 4830 rant.
697 4774 942 4829 Aderant
968 4791 1188 4847 quoque
1218 4777 1481 4843 Thraces,
1539 4779 1889 4844 Macedones,
1922 4779 2106 4837 Achaei

537 4875 593 4920 et
624 4866 882 4935 Epirotae.
916 4865 1058 4933 Quin
1082 4877 1139 4922 et
1162 4869 1257 4939 qui
1315 4869 1382 4926 iis
1416 4870 1831 4943 longinquiores
1882 4873 2109 4926 remoti-

538 4976 774 5029 oresque
802 4971 952 5024 sunt,
981 4961 1341 5018 advenerant.
1366 4963 1451 5018 Ab
1480 4963 1614 5033 ipsis
1634 4978 1858 5033 quoque
1912 4964 2109 5032 Hispa-

543 5052 628 5105 nis
657 5050 1051 5108 cel‘eberrimus
1093 5054 1185 5109 ille
1215 5054 1295 5125 (l)
1341 5070 1449 5108 una
1478 5070 1602 5109 cum
1636 5055 1758 5109 aliis
1809 5055 1883 5109 ibi
1923 5054 2109 5109 consi-

540 5145 726 5203 debat.
788 5145 1161 5212 Imperatoriae
1216 5161 1347 5201 sane
1396 5146 1546 5201 urbis
1601 5147 1832 5201 antistes
1886 5154 2111 5217 propter

541 5245 754 5290 aetatem
790 5236 1020 5290 senilem
1045 5237 1254 5298 aberat,
1284 5237 1377 5292 sed
1399 5237 1703 5309 presbyteri
1726 5238 1846 5307 ejus
1874 5252 2112 5308 praesim-

545 5338 629 5383 tus
651 5328 828 5382 vicem
858 5329 979 5398 ejus
1009 5328 1332 5398 implebant.
1394 5326 1561 5383 Solus
1597 5326 1845 5398 profecto
1877 5337 1933 5384 et
1969 5342 2112 5382 unus

543 5418 842 5490 imperator
868 5420 1266 5476 Constantinus
1297 5430 1421 5491 post
1440 5422 1640 5476 saecula
1673 5420 1921 5488 condita,
1953 5421 2114 5477 Chri-

543 5518 629 5571 sto
659 5509 941 5566 Servatori
972 5526 1093 5576 suo,
1134 5526 1338 5566 corona
1388 5512 1541 5581 pacis
1568 5513 1794 5569 vinculo
1837 5522 2112 5577 contexta,

544 5599 614 5655 de
653 5599 885 5654 victoria
918 5611 1115 5655 contra
1152 5600 1342 5656 hostes
1371 5609 1546 5670 parta,
1588 5602 1920 5672 ejuscemodi
1969 5601 2113 5656 divi-

547 5700 679 5743 num
712 5687 1008 5772 gratiarum
1063 5687 1296 5743 actionis
1320 5690 1661 5747 consecravit
1711 5691 2022 5759 donarium,
2059 5699 2116 5746 et

625 5867 698 5929 (ἶ)
733 5864 807 5916 in)
842 5868 925 5922 ξιιμ
962 5868 1229 5925 ιέκξυξζεμρί.

2208 4683 2588 4753 ὁρμωμένους.
2652 4682 2791 4753 Ἤδη
2826 4681 2883 4734 δέ
2937 4682 3034 4734 καὶ
3089 4682 3307 4753 Πέρσης
3362 4682 3662 4746 ἐπίσκοπος
3715 4687 3783 4753 τῇ

2214 4752 2421 4842 συνόδῳ
2453 4772 2654 4844 παρῆν.
2692 4752 2828 4825 Oliva
2877 4772 3091 4845 Σκύθης
3121 4752 3532 4843 ἀπελιμπάνετο
3563 4773 3663 4842 τῆς
3692 4752 3786 4843 Xo;
3852 4780 3880 4821 ‘-

2214 4865 2393 4935 ρείας.
2422 4863 2623 4925 Πόντος
2650 4878 2711 4916 τε
2740 4863 2834 4916 καὶ
2874 4863 3049 4928 Ἀσία,
3082 4865 3293 4935 Φρυγία
3321 4882 3381 4917 τε
3426 4867 3519 4918 καὶ
3558 4867 3791 4933 Παμφυ-
3818 4920 3849 4939 κ

2212 4954 2305 5008 λία
2355 4956 2479 5016 τοὺς
2514 4957 2649 5026 παρ’
2699 4956 2891 5034 αὐταῖς
2943 4954 3092 5026 εἶχον
3131 4956 3441 5028 ἐκκρίτους.
3487 4956 3647 5010 Ἀλλὰ
3695 4959 3790 5009 καὶ

2211 5041 2426 5115 Θρᾷκες
2467 5045 2560 5096 καὶ
2592 5044 2902 5108 Μακεδόνες
2927 5083 2943 5109 ,
3002 5043 3208 5114 Ἀχαιοί
3245 5060 3304 5096 τε
3356 5047 3453 5097 καὶ
3503 5045 3783 5112 Ἠπειρῶ-

2211 5153 2305 5191 ται
2329 5149 2345 5167 ’
2378 5134 2593 5190 τούτων
2640 5152 2700 5199 τε
2727 5137 2778 5189 oi
2814 5136 2896 5189 ἔτι
2934 5137 3274 5203 προσωτάτω
3303 5135 3578 5199 οἰκοῦντες
3609 5138 3790 5205 ἀπήν-

2212 5243 2361 5283 τωνο
2413 5228 2573 5292 αὐτός
2604 5245 2667 5282 τε
2711 5227 2976 5281 ’Ῐσπανῶν
3009 5229 3036 5279 6
3086 5228 3230 5281 πάνυ
3283 5226 3558 5296 βοώμενος
3604 5225 3683 5290 εἷς
3717 5225 3787 5298 ἦν

2212 5322 2325 5385 τοῖς
2356 5320 2572 5383 πολλοῖς
2597 5319 2711 5389 ἅμα
2746 5317 3105 5389 συνεδρεύων.
3143 5318 3257 5386 Τῆς
3287 5318 3345 5371 δέ
3375 5335 3436 5386 γε
3470 5318 3784 5388 βασιλευού-

2210 5429 2317 5483 σης
2370 5412 2577 5474 πόλεως
2625 5413 2653 5464 6
2706 5411 2806 5480 μὲν
2837 5409 3120 5480 προεστὼς
3165 5409 3255 5463 διὰ
3304 5409 3477 5480 γῆρας
3524 5410 3743 5480 ὑστέρει
3771 5427 3783 5438 ·

2217 5505 2581 5576 πρεσϐύτεροι
2634 5504 2692 5558 δὲ
2730 5500 2898 5557 αὑτοῦ
2954 5503 3252 5573 παρόντες,
3282 5502 3382 5572 τὴν
3422 5501 3589 5555 αὑτοῦ
3633 5501 3788 5565 τάξιν

2218 5597 2513 5667 ἐπλήρουν.
2564 5593 2821 5649 Τοιοῦτον
2856 5593 3017 5665 μόνος
3067 5592 3130 5657 ἐξ
3172 5592 3368 5655 αἰῶνος
3417 5588 3500 5655 εἷς
3541 5592 3788 5661 βασιλεὺς

2219 5691 2633 5753 Κωνσταντῖνος
2666 5687 2888 5759 Χριστῷ
2921 5687 3184 5759 στέφανον
3217 5685 3405 5760 δεσμῷ
3434 5685 3680 5756 συνάψας
3710 5685 3787 5738 εἰ·
