4118 6456
523 399 594 460 63
1753 425 1933 485 NlCE
1945 425 2092 486 PllO

2219 428 2566 492 CALLISTI

3687 449 3780 517 οι

526 513 745 567 tentias.
783 515 984 569 Verum
1021 522 1270 576 nonnulli
1306 525 1528 594 qunlem
1561 532 1853 586 consilium
1887 534 2093 588 confes-

2210 537 2257 586 oi
2287 535 2340 587 δὲ
2371 537 2469 590 τοῦ
2517 540 2768 610 διαλόγου
2817 544 3052 616 ἡσυχίαν
3102 549 3316 616 τῳτέως
3345 545 3502 622 ἦγον,
3555 513 3780 628 τάληθές

522 604 664 655 Soris
691 603 919 660 minime
945 615 1409 668 contemnendum
1430 633 1551 671 esse
1570 622 1893 686 jndicarunt
1916 643 1930 690 ;
1965 643 2102 680 non.

525 695 662 748 nulli
681 706 890 759 autem,
915 701 1059 767 quod
1081 718 1208 756 vera
1222 721 1347 760 eum
1369 710 1556 766 dicere
1572 712 1802 780 scirent,
1817 726 2128 773 sermones‘

526 801 652 840 cum
685 804 754 842 80
783 799 897 844 tum
938 809 1042 845 ιιοῐι
1074 810 1503 856 σοιιεθτιιιξτυηι.

593 880 698 934 Sed
719 891 774 935 et
799 884 955 938 multi
989 901 1055 941 ex
1101 887 1416 946 Graecorum
1459 897 1802 968 philosophis
1850 901 2102 972 disputa-

524 972 767 1037 tionibus
785 990 842 1029 se
879 977 1290 1036 immiscuerqu
1313 1003 1326 1038 :
1351 987 1438 1039 alii
1471 988 1730 1056 quidem,
1751 1001 1812 1045 ut
1845 1009 2098 1062 quaenam

519 1073 667 1117 esset
704 1065 895 1136 religio
924 1079 1108 1125 nostra
1141 1073 1438 1136 discerent.
1477 1078 1636 1150 563
1665 1082 1758 1136 alii
1790 1099 1922 1139 vero
1951 1089 2098 1154 quod

521 1154 956 1226 indignarentur,
978 1179 1078 1232 per
1099 1165 1580 1225 Christianismum
1605 1189 1785 1243 nuper
1799 1176 2097 1234 admodum

519 1258 702 1302 ortum
749 1251 951 1308 Graeca:
987 1261 1398 1326 superstitionis
1455 1264 1790 1332 imposturas
1827 1273 2096 1340 supprimi

517 1350 572 1392 et
601 1343 804 1406 perire.
834 1347 1013 1416 Atque
1051 1350 1088 1402 ii
1133 1353 1533 1420 professionem
1567 1369 1812 1414 nostram
1875 1363 1927 1416 in
1967 1378 2100 1418 emt-

522 1435 811 1489 tentiosam
837 1445 1274 1499 controversiam
1305 1449 1618 1514 trahebant,
1663 1462 1719 1504 ut
1771 1465 1992 1523 propter
2016 1457 2096 1509 in-

525 1528 726 1580 testina
757 1529 985 1598 dissidia
1039 1549 1257 1602 pessum
1293 1538 1396 1593 iret
1427 1541 1716 1611 minusque
1745 1545 1904 1612 vulgo
1942 1556 2094 1615 grata

522 1631 688 1671 esset.
731 1619 936 1676 llorum
965 1626 1209 1694 quidam,
1249 1639 1364 1684 arte
1388 1631 1606 1686 dicendi
1643 1650 1765 1688 sese
1802 1638 2094 1695 ambitiose

521 1707 834 1772 venditans,
869 1715 1251 1773 sacerdotibus
1282 1723 1491 1776 nostris
1521 1724 1926 1793 insnltabat,‘et
1983 1748 2093 1784 ttu-

521 1811 616 1864 gas
637 1813 701 1851 ac
735 1800 1094 1859 deliramenta
1128 1808 1271 1863 dicta
1321 1826 1514 1865 eorum
1551 1829 1672 1869 esse
1734 1808 1858 1872 eum
1906 1837 2091 1892 repre-

521 1885 791 1944 hensione
851 1894 1169 1959 objiciebat.
1226 1899 1352 1967 Ejus
1385 1910 1492 1955 tant
1523 1918 1866 1975 arrogantem
1901 1876 2094 1980 super-
2125 1876 2168 1935 Β

522 1978 670 2033 biam
703 1984 936 2048 simplex
969 1989 1190 2056 quidam
1225 2007 1391 2046 senex
1441 2010 1550 2048 non
1595 1997 1777 2053 lerens
1823 2003 2093 2068 (creditur

519 2085 701 2127 autent
730 2077 958 2130 celebris
982 2080 1069 2133 ille
1098 2091 1152 2136 et
1178 2099 1406 2153 magnus
1441 2086 1707 2156 Spyridon
1742 2091 1950 2162 fuissv),
1971 2109 2093 2148 eum

517 2179 583 2216 eo
613 2166 981 2234 disputatione
1008 2182 1090 2226 est
1111 2190 1463 2244 congressus.
1501 2180 1567 2233 l‘lt
1601 2185 1910 2238 temerariis
1962 2189 2089 2254 qui-

517 2257 549 2310 d
577 2273 643 2310 'nt
675 2275 739 2312 ea
775 2276 860 2314 res
889 2265 1023 2317 risui
1061 2267 1196 2320 fuit:
1232 2270 1322 2335 qui
1359 2285 1489 2322 vero
1531 2274 1806 2342 mqniores
1837 2277 2096 2334 humani-

517 2366 753 2421 oresqne
785 2367 966 2420 erant,
987 2359 1324 2415 verebantur
1343 2380 1409 2417 ne
1432 2365 1502 2418 ab
1523 2366 1744 2420 homine
1775 2381 1892 2440 arte
1919 2373 2092 2426 multa

518 2443 810 2510 instructo,
881 2450 964 2501 vir
1016 2448 1328 2505 Grmt'arum
1385 2453 1798 2524 disciplinarum
1848 2476 2094 2530 ‘prorsus

515 2551 732 2603 expers,
770 2539 932 2595 ludus
960 2541 1136 2605 ﬁeret,
1170 2553 1225 2598 et
1261 2554 1442 2600 tamen
1473 2547 1742 2617 dignitate
1775 2561 1926 2607 tanta
1964 2570 2092 2623 spe-

516 2637 724 2683 ctatnm
770 2631 1022 2689 inhibere
1048 2635 1500 2693 reformidabant.
1533 2640 1722 2710 Itaque
1776 2659 1902 2699 cum
1941 2648 1993 2702 id
2039 2650 2090 2704 ei

516 2723 842 2791 permissum
868 2739 1056 2795 esset,
1091 2731 1144 2783 In
1175 2732 1398 2786 nomine
1425 2733 1555 2787 Jcsu
1584 2735 1812 2798 Christi,
1843 2739 2092 2810 philoso-

516 2815 647 2884 phe,
712 2819 910 2886 inquit,
949 2823 1098 2878 audi.
1127 2824 1275 2880 L‘nus
1307 2839 1390 2882 est
1421 2829 1564 2884 Deus
1600 2832 1727 2886 caeli
1797 2841 1852 2886 et
1911 2845 2090 2897 terrm,

513 2908 929 2979 visibiliumque
959 2924 1014 2966 et
1034 2915 1395 2973 invisibilium
1420 2923 1664 2976 omnium
1689 2925 1965 2987 conditor,
1993 2927 2087 2995 qui
2130 2909 2135 2914 ’

515 3001 774 3054 universa
801 3003 915 3058 haec
941 3005 1146 3060 virtute
1182 3009 1341 3064 Verbi
1376 3015 1628 3080 producit
1655 3024 1710 3070 et
1747 3019 2005 3084 sustinet,
2035 3029 2092 3073 et

515 3095 805 3148 sanctitate
855 3096 1093 3164 Spiritus
1129 3103 1248 3170 ejus
1297 3103 1505 3158 stabilit
1558 3116 1613 3160 et
1673 3107 1981 3164 conﬁrmat.
2027 3109 2086 3164 ld

2207 626 2576 694 διακούοντες.

2279 899 2470 953 Πολλοί
2499 917 2563 968 γε
2599 901 2704 972 μὴν
2754 902 2848 954 καὶ
2877 903 2987 956 τῶν
3029 907 3160 974 παρ’
3193 906 3416 978 Ἕλλησι
3474 913 3782 984 φιλοσόφων

2208 991 2459 1056 μετεῖχον
2493 991 2592 1059 τῆς
2649 991 2938 1056 διαλέξεως
2966 1009 2980 1022 ·
3007 995 3055 1045 οἱ
3091 995 3191 1064 μὲν
3217 995 3245 1046 ὅ
3278 1014 3332 1049 τι
3378 1000 3511 1052 ποτέ
3560 1002 3680 1054 ἐστι
3719 1002 3782 1054 τὸ

2203 1081 2476 1150 ἡμέτερον
2522 1083 2718 1149 μαθεῖν
2757 1084 3062 1152 ἐφιέμενοι,
3096 1089 3144 1139 oi
3195 1089 3252 1140 δὲ
3287 1089 3550 1159 παρῆσαν
3578 1093 3781 1162 ἀσχάλ-

2203 1171 2412 1234 λοντες,
2436 1166 2517 1234 οἷς
2544 1173 2632 1225 διὰ
2657 1175 2750 1226 τὸν
2771 1175 3204 1246 Χριστιανισμὺν
3235 1179 3422 1250 ἐώρων
3450 1184 3781 1251 προσφάτως

2203 1266 2331 1336 ἄρτι
2365 1269 2466 1338 τὴν
2503 1270 2828 1340 Ἑλληνικὴν
2873 1274 3165 1342 τερθρείαν
3217 1277 3622 1348 ἀπολλυμένην.
3671 1282 3780 1335 Καὶ

2202 1363 2282 1421 εἰς
2311 1361 2496 1430 ἔριδας
2548 1365 2608 1416 τό
2660 1366 2931 1435 ἡμέτερον
2965 1367 3198 1422 ἐὸαλονο
3257 1371 3322 1424 ἵν’
3367 1373 3442 1435 ὡς
3491 1377 3782 1440 στασιάζον

2201 1453 2444 1504 ἐναντίον
2487 1453 2836 1524 καθίστηται,
2871 1459 2965 1512 καὶ
3011 1463 3122 1523 τοῖς
3161 1461 3375 1526 πολλοῖς
3413 1465 3780 1535 ἀπρόσδεκτον

2200 1543 2311 1612 εἴη.
2347 1545 2458 1598 Καί
2493 1563 2578 1610 τις
2611 1549 2796 1600 αὐτῶν
2821 1552 2909 1600 ἐπὶ
2939 1552 3224 1622 φιλοτιμίᾳ
3254 1553 3428 1620 λόγων
3458 1557 3778 1624 κομπάζιοιν,

2200 1637 2293 1688 καὶ
2331 1639 2439 1698 τοῖς
2483 1639 2716 1706 ἱερεῦσιν
2748 1642 3122 1710 ἐπιτωθάζων,
3157 1646 3356 1715 πολλὴν
3386 1649 3612 1701 ἐκείνων
3643 1666 3780 1703 κατ-

2197 1722 2385 1791 ηγόρει
2433 1725 2771 1794 ἐρεσχελὶαν.
2833 1722 3056 1794 Οὗτινος
3095 1733 3189 1786 τὸν
3239 1734 3404 1805 τῦφον
3455 1737 3664 1801 ἁπλοῦς
3697 1757 3779 1801 τις

2197 1815 2378 1885 γέρων
2417 1819 2490 1885 μὴ
2527 1821 2770 1885 ἐνεγκὼν
2799 1821 2978 1890 (λόγος
3005 1825 3050 1880 δ’
3079 1825 3194 1894 ἔχει
3232 1826 3322 1880 τὸν
3356 1828 3522 1881 πολὺν
3562 1833 3653 1882 καὶ
3683 1831 3779 1899 μέ·

2199 1923 2303 1972 γαν
2333 1905 2472 1960 εἶναι
2500 1909 2688 1961 τοῦτον
2721 1912 3065 1982 Σπυρίδωνα)
3083 1917 3162 1978 είς
3181 1916 3417 1986 ἅμιλλαν
3442 1922 3778 1990 καταστῆναι

2197 1997 2389 2065 λόγων.
2423 2001 2666 2065 Καὶτοῖς
2688 2004 2788 2070 μὲν
2819 2008 3118 2075 προπετέσι
3153 2010 3328 2076 γέλως
3359 2012 3552 2063 ἐδόκει·
3587 2015 3705 2066 ὅσοι
3731 2014 3778 2065 δ’

2197 2083 2338 2158 ἦσαν
2377 2093 2638 2154 ἐπιεικεῖς
2686 2095 2754 2146 δι’
2811 2097 2988 2155 αἰδοῦς
3041 2101 3323 2155 ἐποιοῦντο
3375 2105 3450 2173 μὴ
3485 2106 3576 2158 ὑπ’
3611 2105 3778 2174 ιάνδρὶ

2197 2181 2418 2252 τεχνίτῃ
2445 2183 2658 2251 γελοῖος
2689 2187 2716 2238 ὁ
2743 2188 3177 2270 γέρωνίφανεὶη,
3214 2179 3413 2264 τέχνης
3443 2197 3542 2264 τῆς
3589 2197 3779 2268 Ἐλλη-

2199 2273 2357 2341 νικῆς
2383 2277 2734 2332 παντάπασιν
2765 2281 2995 2352 ἄμοιρος
3026 2283 3101 2335 ὢν
3125 2299 3138 2312 ·
3166 2286 3383 2354 ἐπέχειν
3414 2289 3520 2356 γὰρ
3547 2292 3780 2358 εἰσάγον

2196 2365 2532 2433 ηὑλαεοῦντο
2558 2369 2650 2422 τὸν
2701 2371 2873 2441 ἄνδρα
2919 2375 3157 2426 τοιοῦτον
3194 2377 3341 2430 ὄντα.
3391 2377 3544 2430 Ἐπεὶ
3595 2381 3654 2434 δὲ
3702 2383 3778 2434 εἴ-

2196 2475 2355 2524 ασαν,
2373 2460 2464 2514 Ἑν
2488 2460 2716 2529 ὀνόματι
2757 2463 2932 2532 Ἰησοῦ
2966 2467 3232 2533 Χριστοῦ,
3256 2469 3536 2536 φιλόσοφε,
3565 2471 3779 2539 ἔλεγεν,

2196 2550 2450 2604 ἄκουσον.
2485 2547 2580 2614 Εἷς
2639 2553 2756 2604 ἐστι
2794 2553 2928 2616 Θεὸς
2978 2556 3214 2624 ούρανοῦ
3247 2561 3341 2610 καὶ
3372 2559 3475 2627 γῆς
3515 2561 3608 2611 καὶ
3641 2560 3778 2613 πάν-

2197 2661 2329 2704 των,
2359 2644 2462 2696 ὅσα
2493 2661 2555 2698 τε
2577 2646 2751 2714 ὁρατὰ
2789 2647 2886 2699 κα)⁵
2917 2649 3024 2700 ὅσα
3048 2650 3277 2718 ἀόρατα,
3312 2651 3644 2722 δημιουργός
3672 2670 3687 2684 ·
3719 2653 3776 2715 ὃς

2199 2736 2381 2790 πάντα
2415 2737 2586 2792 ταῦτα
2615 2741 2681 2807 τῇ
2713 2739 2945 2808 δυνάμει
2973 2740 3066 2794 τοῦ
3100 2743 3261 2808 λόγου
3289 2745 3550 2813 παράγει,
3586 2746 3679 2798 καὶ
3704 2751 3770 2817 τῇ

2197 2827 2478 2900 ἁγιωσύνῃ
2512 2829 2606 2881 τοῦ
2645 2833 2702 2882 ἐν
2744 2831 2896 2900 αύτῷ
2931 2832 3258 2902 Πνεύματος
3321 2837 3544 2905 ἐδραιοῖ.
3605 2834 3776 2901 Οὗτος

2195 2918 2286 2972 οὖν
2319 2922 2346 2972 ὁ
2399 2921 2597 2989 Λόγος,
2647 2921 2707 2976 ὃν
2744 2925 2906 2992 ἡμεῖς
2961 2927 3088 2980 Υίὸν
3132 2927 3266 2980 Θεοῦ
3320 2931 3684 3001 ὀνομάζομεν,
3715 2936 3777 2986 τὸ

2194 3012 2539 3081 ἀνθρώπινον
2567 3015 2666 3083 τῆς
2710 3016 2923 3086 πλάνης
2951 3020 3252 3091 οἰκτείρας,
3295 3023 3544 3077 τίκτεται
3576 3025 3676 3092 μὲν
3713 3028 3775 3079 ἐκ

2193 3104 2472 3171 γυναικὸς,
2503 3105 2596 3157 καὶ
2627 3106 2970 3176 ἀνθρώπινον
3003 3109 3282 3164 οὐσιοῦται
3310 3111 3492 3180 σῶμα,
3522 3117 3615 3166 καὶ
3647 3115 3777 3185 θνή-

517 3185 776 3251 Vt-ritum,
813 3191 961 3257 quod
1019 3207 1047 3244 a
1082 3193 1242 3247 nobis
1272 3195 1444 3251 Filius
1480 3197 1575 3252 Dei
1608 3200 1943 3267 nominatur,
2001 3217 2087 3256 er-

2198 3209 2318 3246 σκει
2355 3195 2494 3263 ὑπὲρ
2517 3195 2696 3265 ἡμῶν,
2729 3198 2821 3250 καὶ
2851 3199 3142 3252 ἀνίσταται
3171 3215 3186 3232 ·
3218 3199 3337 3270 ἥξει
3369 3202 3424 3254 δὲ
3457 3203 3581 3256 ὅσον
3619 3203 3776 3258 οὔπω

519 3295 698 3332 rorem
733 3290 788 3335 et
827 3283 1206 3338 seductionem
1260 3286 1484 3340 humani
1510 3291 1726 3358 generis
1753 3291 2094 3357 miseratum,

517 3381 706 3425 natum
755 3384 840 3427 est
869 3391 934 3428 ex
967 3377 1224 3442 muliere,
1247 3386 1302 3431 et
1335 3378 1633 3434 humanum
1659 3383 2098 3451 _substantialiter

519 3463 726 3531 recepit
751 3479 973 3533 corpus,
1001 3479 1275 3520 mortuum
1293 3469 1457 3524 etiam
1481 3480 1565 3524 est
1594 3487 1692 3540 pro
1721 3473 1894 3536 nobis.
1922 3489 1977 3529 et
2011 3491 2096 3530 re-

517 3555 780 3608 surrexit.
800 3557 867 3610 Et
883 3559 1061 3612 veniet
1079 3560 1256 3626 primo
1279 3575 1498 3630 quoque
1527 3571 1796 3632 tempore,
1818 3564 2092 3620 factorum

521 3648 788 3716 cujusque
822 3651 1080 3717 quarsitor
1107 3661 1161 3704 et
1213 3653 1404 3720 judex.
1443 3653 1571 3709 Haec
1629 3655 1708 3708 sic
1765 3670 1824 3710 se
1863 3657 2091 3722 habere,

519 3740 656 3793 citra
681 3742 956 3796 curiosum
998 3745 1416 3812 inquisitionem
1445 3761 1774 3816 cognosces:
1796 3749 1870 3804 ita
1910 3752 2094 3806 credi-

518 3847 660 3886 mus.
695 3831 806 3887 Nec
833 3844 912 3897 tu,
944 3835 1221 3902 quomodo
1254 3837 1370 3890 haec
1387 3837 1518 3904 sint,
1543 3853 1727 3906 quaere
1753 3859 1766 3894 :
1791 3856 1968 3911 neque
1995 3859 2088 3896 ra-

521 3925 726 3977 tionem
751 3939 942 3978 eorum
977 3942 1210 3996 arguere
1239 3940 1330 3982 aut
1361 3931 1646 3998 explorare
1698 3933 1858 3988 aude.
1915 3935 2088 4005 Supe-

517 4025 640 4068 rant
669 4017 818 4070 enim
868 4017 984 4072 haec
1009 4021 1300 4084 rationem,
1355 4031 1410 4076 et
1442 4023 1813 4091 cognitionem
1865 4041 2084 4080 omnem

515 4106 675 4176 longe
707 4109 1049 4175 praecellunt.
1077 4109 1144 4165 Et
1170 4111 1455 4180 paululum
1494 4113 1917 4169 conticescens:
1950 4116 2087 4172 Cre-

515 4199 697 4265 disne,
741 4203 941 4268 inquit,
975 4201 1124 4257 haec?
1150 4205 1440 4272 reSponde.
1469 4205 1549 4258 Ad
1578 4205 1692 4260 haec
1730 4207 1964 4272 primum
2009 4210 2090 4262 hi-

513 4291 625 4340 anti
646 4306 739 4344 ore
755 4303 1140 4348 consternatus
1171 4293 1562 4362 philosophus,
1599 4293 1825 4360 deinde,
1859 4297 2090 4352 credere

2198 3284 2306 3336 τῶν
2340 3286 2558 3354 ἑκάστῳ
2594 3289 3003 3358 πεπραγμένων
3049 3289 3366 3362 ἐξεταστὴς.
3415 3294 3601 3348 Ταῦτα
3635 3299 3777 3364 γνὼ-

2200 3393 2282 3430 σει
2361 3379 2903 3452 πολυπραγμοσύνης
2964 3382 3164 3444 em;-
3233 3385 3376 3437 οὕτω
3441 3389 3774 3458 πιστεύομεν

2195 3467 2362 3539 ἔχειν.
2393 3471 2485 3540 Μὴ
2537 3471 2720 3525 τοίνυν
2751 3473 2869 3536 πῶς
2895 3473 3066 3526 ταῦτα
3107 3473 3282 3544 ζήτει,
3315 3477 3410 3528 καὶ
3451 3477 3546 3529 τὸν
3573 3480 3774 3547 τρόπον

2197 3559 2444 3629 ἐλέγχειν
2475 3562 2651 3631 πειρῶ
2678 3579 2692 3594 ο
2726 3563 2868 3633 ὑπὲρ
2890 3565 3000 3634 γάρ
3029 3565 3187 3632 λόγον
3219 3564 3416 3631 ταῦτα,
3443 3568 3538 3620 καὶ
3573 3569 3774 3636 γνῶσιν

2196 3653 2377 3704 πᾶσαν
2422 3653 2478 3702 ἐν
2507 3652 2746 3724 δευτέρῳ
2784 3655 2943 3707 τίθει.
2978 3657 3085 3708 Καὶ
3118 3656 3314 3723 μικρὸν
3362 3658 3626 3728 ἐπισχὼν,
3671 3661 3774 3712 Πι-

2195 3743 2408 3805 στεύεις
2440 3742 2656 3807 ταῦτας
2693 3743 3012 3816 ἀπόκριναι,
3053 3747 3178 3817 ἔφη.
3229 3748 3354 3800 Ἐπὶ
3402 3752 3612 3813 τούτοις
3637 3753 3774 3820 άχα-

2195 3835 2290 3904 νὴς
2319 3837 2611 3902 γενόμενος
2643 3839 2670 3890 ὁ
2717 3837 3026 3907 φιλόσοφος,
3073 3837 3192 3894 εἶτα
3241 3845 3524 3897 πιστεύειν
3567 3845 3723 3913 ἔλεγε
3754 3862 3770 3879 ⁸

2195 3927 2290 3979 καὶ
2318 3927 2418 3996 τὴν
2442 3923 2617 3999 ἧτταν
2641 3929 2803 3992 εὐθὺς
2835 3932 3092 4000 ὁμολόγει
3118 3951 3130 3963 ·
3164 3938 3257 3986 καὶ
3290 3936 3357 3988 τὰ
3389 3938 3478 3989 [ea
3522 3937 3771 4002 δοξάζειν

2196 4020 2384 4088 ᾑρεῖτο
2411 4020 2489 4090 τῷ
2518 4021 2645 4091 θείῳ
2678 4022 2960 4094 πρεσϐύτῃ
2990 4039 3005 4054 ·
3033 4027 3127 4078 καὶ
3168 4018 3496 4090 τοίςάλλοις
3535 4031 3626 4082 τὸν
3653 4031 3771 4083 ίσον

2195 4112 2400 4180 τρόπον
2430 4113 2742 4181 διατεθῆναι
2782 4116 3110 4182 ἐσπούδαζε,
3159 4121 3325 4173 πᾶσιν
3369 4122 3770 4191 ἐπομνύμενος,

2203 4206 2278 4272 μὴ
2333 4205 2462 4258 ἄνευ
2515 4205 2665 4267 θείας
2723 4206 2920 4276 μοίρας
2966 4209 3058 4261 ἐπὶ
3089 4210 3149 4262 τὸ
3196 4211 3357 4274 σέϐας
3406 4213 3766 4266 ἐλαύνεσθαι·

2199 4295 2422 4366 ἀρρήτῳ
2454 4295 2512 4348 δὲ
2545 4295 2637 4365 βίᾳ
2667 4298 2758 4348 ἐπὶ
2786 4299 2856 4350 τὰ
2889 4299 3237 4368 Χριστιανῶν
3281 4303 3692 4372 μετατίθεσθαι.

510 4397 593 4447 se,
627 4384 798 4438 vixit:
834 4386 1150 4454 victumque
1175 4401 1297 4442 esse
1332 4388 1515 4440 statim
1542 4388 1845 4457 professus,
1903 4393 2096 4447 eadem
2137 4409 2261 4463 qua:
2325 4391 2548 4467 divinus
2575 4392 2670 4446 ille
2702 4407 2871 4447 senex
2926 4396 3190 4462 sentiret,
3223 4412 3282 4451 se
3312 4414 3533 4468 quoque
3561 4403 3768 4460 sentire

511 4483 832 4536 cons'ituit:
863 4491 1026 4552 atque
1057 4492 1193 4538 utet
1217 4484 1308 4538 alii
1335 4486 1589 4539 eumdem
1663 4487 1974 4558 reciperent
2037 4491 2306 4554 animum,
2377 4504 2601 4558 Operam
2637 4487 2811 4555 dedit,
2847 4489 3204 4560 jurejurando
3268 4497 3603 4554 confirmans
3652 4514 3770 4555 om-

511 4581 697 4642 nibus,
730 4596 836 4634 non
873 4582 990 4637 sine
1024 4581 1214 4636 divino
1253 4583 1491 4637 Numine
1530 4576 1846 4656 religionem
1888 4603 1946 4642 se
2005 4588 2372 4659 complexum,
2427 4587 2522 4642 sed
2540 4602 2738 4642 arcana
2757 4587 2992 4657 quadam
3035 4589 3084 4642 vi
3110 4589 3178 4644 ad
3231 4606 3386 4647 sacra
3425 4593 3765 4654 Christiano-

511 4690 633 4726 rum
668 4676 980 4731 traductum
1033 4693 1176 4732 esse.
2708 4752 2716 4760 ο
3437 4697 3446 4700 ’

582 4772 730 4825 Idem
801 4783 989 4841 postea
1055 4775 1368 4830 Alexandro
1426 4777 1687 4847 episcopo
1725 4779 2084 4835 Constantino

2262 4782 2336 4835 Τὸ
2367 4781 2413 4833 δ’
2433 4781 2568 4834 αὑτό
2595 4761 2761 4850 φαοίιν
2783 4779 3009 4852 ὕστερον
3037 4784 3289 4851 γενέσθαι
3318 4785 3394 4855 τῷ
3427 4787 3766 4860 Ἀλεξάνδρῳ

511 4865 778 4918 accidisse
810 4866 1016 4918 dicunt.
1047 4866 1283 4920 Vixdum
1330 4878 1450 4936 post
1479 4871 1745 4939 synodum
1779 4871 2084 4928 Constanti.

510 4971 616 5010 litis
673 4956 992 5027 Byzantium
1027 4968 1275 5025 venerat,
1324 4975 1450 5014 cum
1487 4963 1711 5030 quidam
1762 4963 2084 5020 Cra-corum

513 5048 828 5118 philosophi
863 5051 1207 5113 accedentes,
1237 5067 1362 5106 eum
1405 5055 1894 5122 reprehenderunt,
1926 5057 2085 5130 564

2191 4871 2268 4940 τῷ
2317 4877 2418 4942 τῆς
2459 4871 2872 4926 Κωνσταντίνου
2925 4875 3277 4944 προεδρεύειν
3329 4879 3571 4948 λαχόντι.
3605 4882 3765 4952 Ἀρτι

2191 4963 2302 5032 γὰρ
2355 4962 2768 5015 Κωνσταντίνου
2815 4963 2952 5033 μετὰ
2999 4965 3100 5034 τὴν
3135 4966 3354 5018 σύνοδον
3401 4969 3765 5038 παρελθόντος

2184 5055 2266 5116 είς
2311 5054 2371 5106 τὸ
2409 5053 2723 5118 Βυζάντιον,
2775 5056 2920 5118 τινὲς
2964 5056 3072 5109 τῶν
3123 5057 3398 5127 Ἑλλήνων
3449 5065 3765 5130 προσιόντες

512 5139 656 5208 quod
685 5154 743 5192 se
775 5140 1064 5210 illegitimo
1096 5143 1378 5210 religionis
1402 5146 1574 5199 cultui
1605 5147 1871 5212 dedisset,
1905 5166 1969 5204 ac
1995 5166 2082 5204 res

2195 5145 2356 5214 τούτῳ
2375 5145 2653 5214 φιλόσοφοι
2673 5147 2775 5199 ύπὶ
2801 5147 3009 5216 μέμψιν
3034 5150 3340 5216 ἐποιοῦντο,
3367 5156 3450 5206 ὅτι
3477 5157 3554 5222 μὴ
3588 5173 3760 5226 προσ-

511 5231 724 5286 divinas
745 5243 1022 5297 novasset,
1049 5249 1200 5288 sacra
1237 5237 1342 5290 alia
1379 5254 1541 5307 quam
1570 5241 1802 5308 majores
1835 5241 1955 5312 ejus
1983 5257 2075 5294 c0-

512 5323 774 5384 lnisSent.
809 5333 864 5377 et
901 5335 978 5378 tot
1009 5327 1335 5380 saeculorum
1371 5341 1613 5398 tempora
1649 5331 1927 5396 lttlissent’,
1953 5346 2076 5387 sec-

510 5422 677 5468 tatus.
709 5414 776 5467 Et
803 5423 858 5468 ut
889 5418 1192 5484 periculum
1213 5419 1295 5472 eis
1317 5419 1384 5474 de
1413 5436 1552 5474 nova
1589 5423 1846 5489 opinione
1876 5423 2073 5487 facere,

513 5515 684 5571 atque
723 5519 848 5558 cum
883 5507 1144 5578 episeopo
1172 5523 1458 5564 sermones
1481 5512 1728 5566 conferre
1753 5513 1965 5576 liceret,
1998 5528 2086 5566 ro—

513 5605 740 5664 garunt.
773 5597 950 5667 Atque
989 5600 1100 5664 ille,
1129 5601 1349 5656 tametsi
1387 5603 1780 5658 inexercitatus
1804 5606 2080 5658 etartiutn

514 5686 826 5745 disserendi
855 5691 1164 5762 imperitus,
1217 5695 1456 5764 vitmque
1509 5703 1722 5750 tantum
1769 5697 2084 5768 integritate

516 5777 695 5834 fretus
723 5779 862 5842 (erat
891 5785 1062 5850 enim,
1098 5797 1156 5840 ut
1178 5787 1266 5840 vix
1301 5786 1443 5840 alius
1471 5787 1792 5857 quisquam,
1819 5787 2087 5846 honestus

517 5879 568 5924 cl
639 5867 840 5942 bonus)
898 5886 1078 5932 tamen
1145 5879 1476 5946 imperatore
1534 5878 1784 5946 jubenle,
1828 5879 2088 5950 colloquii

2177 5236 2388 5307 ηκούσῃ
2429 5235 2698 5308 θρησκείᾳ
2727 5237 3038 5291 ἐπιδίδωσιν
3068 5239 3284 5303 ἑαυτὸν,
3340 5246 3433 5295 καὶ
3460 5243 3535 5304 ὡς
3565 5262 3761 5298 νεωτε-

2187 5329 2328 5398 ρίζοι
2365 5330 2491 5398 περὶ
2541 5329 2600 5382 τὸ
2651 5330 2829 5395 Θεῖον,
2861 5332 2923 5384 τὸ
2956 5332 3115 5398 δόξαν
3148 5335 3261 5394 τοῖς
3292 5337 3580 5404 προγόνοις
3613 5343 3764 5392 πολι-

2185 5420 2438 5474 τεύεσθαι
2461 5423 2762 5492 ᾑρημένος,
2789 5423 2882 5477 καὶ
2909 5423 3003 5487 οὒς
3029 5426 3057 5477 ὁ
3083 5425 3254 5492 μέγας
3281 5426 3416 5479 αἰὼν
3442 5410 3504 5480 ἐκ
3525 5431 3758 5484 παλαιοῦ

2184 5513 2407 5583 ⁸ἤνεγκε.
2439 5515 2648 5584 Πεῖραν
2679 5514 2736 5568 δὲ
2779 5517 2873 5568 καὶ
2921 5517 3018 5586 τῆς
3057 5519 3374 5588 προσφάτου
3409 5520 3566 5592 δόξης
3597 5523 3760 5594 ¹ᾔτουν

2183 5603 2392 5658 λαϐεῖν·
2424 5609 2521 5659 καὶ
2559 5606 2638 5677 τῷ
2665 5607 2952 5676 ἐπισκόπῳ
2982 5610 3063 5669 εἰς
3094 5609 3288 5676 λόγους
3319 5613 3473 5682 ἣκειν
3501 5631 3761 5684 κατηντι-

2188 5697 2400 5753 ϐόλουν.
2431 5699 2491 5752 ’0
2517 5698 2576 5752 δὲ
2605 5699 2809 5771 καίπερ
2843 5699 3078 5770 άτριὸὴς
3107 5703 3202 5756 καὶ
3249 5704 3476 5773 ἄπειρος
3524 5704 3602 5759 ὢν
3647 5706 3760 5761 τῶν

2189 5787 2452 5842 τοιούτων
2493 5789 2692 5859 λόγων,
2729 5790 2876 5861 μόνῳ
2908 5791 2964 5845 δὲ
2999 5793 3076 5862 τῷ
3125 5793 3274 5864 βιοῦν
3306 5796 3582 5859 πεποιθὼς
3614 5801 3759 5867 (ἐγέ-

2191 5898 2314 5934 νετο
2351 5879 2460 5950 γάρ
2498 5882 2612 5935 εἰπε
2625 5899 2656 5952 ρ
2685 5899 2766 5946 τις
2800 5883 2966 5948 καλός
3003 5901 3063 5938 τε
3097 5887 3190 5942 καὶ
3223 5887 3470 5954 ἀγαθὸς),
3500 5889 3756 5952 διαγωνί-
