4118 6502
505 346 574 406 (.7
1724 336 2146 399 NlCEPHOlll
2190 336 2535 397 usuusu
3380 322 3383 326 ’
3698 333 3769 396 68

511 467 734 526 bnnlttr,
754 472 811 517 et
828 462 1081 532 querelas
1104 475 1233 517 suas
1255 460 1493 531 scriptas
1520 459 1846 530 imperatori
1865 458 2090 513 dabant.

2206 460 2297 528 λὲῳ
2343 457 2860 528 ὑποσημτμάμενος.
2913 455 3168 526 ἀσφαλῶς
3204 455 3394 524 τηρεῖν
3431 453 3767 525 παρηγγύα.

508 557 723 624 Quibus
754 555 847 609 ille
874 555 1134 609 omnibus
1179 552 1473 623 colligatis,
1509 553 1750 631 sigillum
1779 551 1969 606 annuli
2002 550 2087 604 sui

515 649 815 721 impressit,
853 662 1060 716 eosque
1096 646 1393 716 diligenter
1430 645 1637 700 servari
1660 645 1936 715 pra-cepit.
1962 644 2091 699 Post

515 740 936 793 conventionem
967 752 1110 797 eam.
1147 735 1268 791 dies
1299 737 1640 790 constitutus
1666 750 1793 790 cum
1823 736 2085 797 venisset,

512 831 731 886 libellos
758 845 854 884 eos
887 843 1082 884 omnes
1113 829 1168 882 in
1198 827 1456 883 manibus
1491 836 1718 882 tenens:
1750 827 1863 891 lite,
1888 827 2087 895 inquit,

514 922 753 992 querelze
768 931 821 974 et
850 920 1233 975 accusationes
1261 919 1547 990 magnoilli
1573 919 1751 973 Judici
1773 917 2090 973 decidendae

517 1012 900 1073 remittuntur,
937 1018 1255 1078 statumque
1287 1016 1505 1077 tempus
1537 1008 1765 1061 extremi
1792 1006 1984 1076 judicii
2018 1008 2089 1059 sit

513 1106 633 1159 dies
660 1122 673 1155 :
704 1103 794 1158 cui
826 1101 1005 1172 judici
1036 1100 1251 1154 occulta
1270 1100 1436 1155 etiam
1457 1099 1746 1153 manifesta
1777 1108 1926 1153 sunt.
1960 1097 2087 1150 Mihi

517 1196 740 1265 quidem
778 1194 1012 1255 homini,
1044 1192 1222 1247 errori
1248 1191 1509 1251 obnoxio,
1535 1189 1691 1244 nefas
1714 1204 1839 1244 esse
1869 1187 2089 1242 videtur

515 1286 1025 1342 ccclesiasticorum
1066 1284 1307 1337 virorum
1333 1282 1713 1337 accusationes
1744 1281 1992 1349 recipere
2035 1288 2088 1330 et

513 1378 729 1432 audire.
771 1375 963 1444 Neque
991 1376 1155 1430 etiam
1182 1373 1409 1428 omnino
1447 1375 1746 1427 convenire
1787 1380 1939 1441 puto,
1991 1370 2086 1424 Dei

514 1469 803 1523 ministros
825 1469 960 1521 tales
985 1481 1044 1521 se
1075 1476 1334 1536 priestare
1358 1464 1580 1529 debere,
1608 1472 1668 1517 ut
1691 1463 1778 1518 vel
1831 1478 1862 1517 a
1890 1478 1975 1517 me
2003 1463 2087 1517 rel

514 1562 585 1616 ab
616 1560 724 1613 alio
751 1560 1091 1630 judicentnr.
1123 1557 1179 1613 Si
1213 1572 1451 1626 namque
1500 1557 1843 1613 sacerdoutm
1890 1556 2088 1611 delicta

515 1653 774 1724 plurimis
820 1654 1190 1714 innotescunt,
1222 1651 1460 1705 maxima
1491 1650 1771 1720 prtebetur
1807 1650 1889 1704 eis
1916 1649 2091 1703 allen—

515 1743 689 1798 diculi
719 1743 964 1800 occasio.
1015 1743 1110 1811 qui
1165 1743 1389 1810 impune
1423 1741 1572 1795 nullo
1612 1741 1809 1796 timore
1860 1753 2090 1808 peccare

516 1838 882 1890 constituere.
919 1833 1267 1902 Quapropter
1316 1834 1480 1901 agite.
1508 1830 1790 1886 Christum
1827 1831 2091 1895 aemulati,

517 1943 614 1996 per
638 1936 883 1980 mutuam
913 1926 1128 1981 veniam
1180 1925 1324 1979 alius
1359 1922 1451 1977 alii
1500 1922 1795 1977 commissa
1849 1922 2098 1976 remitta—

517 2035 661 2072 mus.
702 2018 973 2088 Oportere
1033 2018 1305 2087 siquidem
1337 2015 1543 2070 remitti
1573 2015 1642 2069 ab
1669 2030 1738 2070 eo
1765 2016 1975 2080 debita,
2004 2015 2096 2068 ille

517 2111 674 2173 dicit,
698 2112 789 2179 qui
821 2112 937 2179 ipse
960 2109 1187 2178 gratiam
1211 2108 1395 2164 delicti
1412 2116 1576 2178 petat.
1602 2105 1698 2163 llis
1715 2106 1896 2161 verbis
1910 2105 2094 2169 dictis,

515 2203 733 2260 libellos
788 2205 843 2258 in
888 2212 1189 2273 conspectu
1226 2188 1421 2256 eorum
1475 2198 1799 2262 combussit,
1851 2198 2092 2268 iuratus,

515 2295 657 2351 nihil
685 2312 744 2350 se
781 2310 1009 2364 prorsus
1046 2309 1169 2363 quae
1204 2294 1257 2347 in
1286 2294 1366 2347 eis
1400 2291 1603 2361 scripta
1635 2299 1818 2345 essent
1860 2288 2093 2359 legisse.

519 2388 684 2459 566
707 2388 928 2442 Addidit
979 2396 1037 2441 et
1059 2385 1194 2440 illud
1216 2402 1230 2439 :
1251 2384 1308 2438 Si
1341 2385 1393 2437 in
1427 2384 1748 2453 episcopum
1803 2381 2094 2445 incideret,

520 2481 761 2534 alienum
786 2478 1102 2548 conjugium
1124 2476 1445 2541 violantem,
1479 2490 1538 2529 se
1576 2488 1821 2544 purpura
1852 2489 1950 2528 sua
1982 2472 2100 2541 pia-

520 2574 706 2625 culum
746 2570 799 2624 id
831 2573 1180 2623 ohtecturutn
1206 2583 1351 2633 esse,
1395 2582 1463 2622 ne
1504 2577 1614 2621 tam
1643 2565 1849 2621 [indum
1886 2564 2098 2619 facinus

527 2662 944 2733 Spectatoribus
978 2661 1330 2716 occasionem
1364 2660 1489 2713 mali
1542 2667 1778 2713 crearet.

594 2756 770 2822 Atque
804 2754 920 2808 haec
945 2752 1167 2823 quidem
1200 2753 1283 2807 sic
1318 2761 1444 2806 ante
1479 2765 1828 2805 communem
1855 2764 2098 2804 conven-

522 2857 638 2901 tum
670 2854 810 2899 acta.
852 2845 908 2899 In
939 2859 1201 2899 consessu
1237 2854 1419 2898 autem
1462 2844 1709 2902 Patrum,
1751 2841 2000 2896 oratione
2030 2840 2098 2895 ad

524 2937 876 2992 concordiam
897 2951 993 2991 eos
1014 2936 1336 2999 cohortatus,
1357 2937 1423 2989 de
1453 2934 1801 3006 dogmatibus
1825 2933 1950 2989 ﬁdei
1972 2949 2104 2989 eon-

522 3030 732 3085 sultare
749 3037 806 3083 et
828 3026 1135 3083 sententias
1161 3044 1262 3098 per
1276 3026 1541 3096 suﬂ‘ragia
1558 3026 1746 3080 dicere
1761 3024 1949 3096 jussit.
1969 3024 2104 3091 Quae

2192 551 2350 605 Μετά
2373 551 2432 604 δὲ
2457 553 2558 620 τὴν
2583 550 2882 619 σύμϐασιν,
2909 549 3253 619 ἀφικομένης
3278 547 3379 617 τῆς
3406 542 3768 618 προθεσμίας,

2191 644 2260 698 τὰ
2297 643 2476 712 βιϐλία
2529 644 2816 714 παρόντων
2865 641 3124 696 ἀπάντων
3178 642 3269 694 ἰπὶ
3317 643 3511 712 χεῖρας
3564 642 3772 711 φέρων,

2190 736 2362 789 Λῦται
2399 736 2517 804 μὲν.
2565 736 2693 807 ἔφη,
2724 736 2780 787 αἱ
2816 735 3149 803 κατηγορίαι
3182 734 3262 804 τῷ
3315 732 3538 803 μεγάλῳ
3579 732 3772 802 ἐκείνῳ

2193 829 2355 896 κριτῇ
2415 828 2677 892 σνείνται,
2731 826 2824 880 καὶ
2872 828 3065 895 καιρὸς
3101 826 3292 889 αύταῖς
3339 828 3369 878 ὁ
3397 826 3494 893 τῆς
3535 824 3772 895 ἐσχάτης

2194 920 2384 990 rapias"
2401 936 2429 982 ς
2484 923 2653 984 ἐστιν,
2703 912 2748 986 ᾧ
2784 921 2920 986 δῆλα
2974 919 3073 973 κα)⁵
3128 920 3345 989 τάφανῆ
3404 917 3769 972 καθίσταταν

2192 1012 2316 1078 ἐμοὶ
2350 1011 2407 1064 δὲ
2438 1011 2499 1063 οὒ
2533 1009 2709 1078 θέμις,
2740 1010 3015 1080 ἀνθρώπῳ
3056 1010 3366 1081 ἑφαμάρτῳ
3408 1027 3472 1078 γε
3501 1011 3639 1071 ϐντι,
3676 1015 3772 1061 άν-

2190 1102 2335 1171 δρῶν
2364 1104 2558 1172 ἱερέων
2576 1084 2914 1172 κατηγορίας
2935 1102 3322 1173 ἀναδέχεσθαι,
3350 1104 3447 1158 xui.
3469 1104 3548 1165 είς
3565 1104 3771 1169 ἀκρόα-

2193 1209 2280 1245 σιν
2309 1192 2596 1262 καθιστᾷν.
2632 1193 2781 1262 Μηδὲ
2815 1194 2926 1262 γὰρ
2956 1193 3104 1246 ὅσων
3141 1194 3336 1263 ἔμοιγε
3375 1194 3581 1264 χρῆναι
3618 1193 3772 1246 λελό-

2194 1300 2401 1351 γισται,
2455 1284 2591 1337 Θεοῦ
2642 1283 2999 1354 λειτουργοὺς
3054 1285 3432 1348 καθεστῶτας,
3491 1285 3771 1349 τοιούτους

2193 1376 2421 1437 ἑαυτοὺς
2450 1377 2741 1443 παρέχειν,
2761 1375 2830 1436 ὡς
2859 1376 2988 1445 παρ’
3018 1376 3218 1442 ἑτέρων
3242 1376 3274 1444 ἢ
3295 1376 3385 1444 ὑφ’
3406 1373 3563 1446 ἡμῶν
3588 1377 3774 1443 κρίνε-

2195 1466 2342 1521 σθαι.
2365 1466 2487 1519 Τῶν
2523 1470 2632 1535 γὰρ
2666 1467 3171 1537 πλημμεληθέντων
3197 1470 3308 1530 τοῖς
3354 1468 3564 1536 ἱερεῦσι
3596 1469 3775 1537 δήλων

2194 1558 2618 1629 καθισταμένιιιν
2654 1560 2766 1620 τοῖς
2815 1559 3113 1623 πλείστοις,
3147 1559 3428 1628 πρόφασις
3469 1560 3771 1614 σκανδάλου

2194 1652 2500 1704 ἀνακύπτει
2534 1650 2764 1720 πλείστη
2808 1653 2923 1715 τοῖς
2972 1652 3146 1714 ἀδεῶς
3178 1652 3516 1722 ἁμαρτάνειν
3562 1651 3777 1704 ἐθέλουο

2196 1761 2304 1796 σιν.
2340 1744 2477 1809 Ἀγε
2500 1741 2593 1795 οὖν
2623 1743 2863 1812 Χριστὸν
2899 1746 3299 1814 μιμησάμενοι,
3328 1748 3392 1815 τῇ
3441 1748 3579 1815 πρὸς
3607 1747 3777 1815 ἀλλή-

2196 1835 2325 1901 λους
2358 1836 2660 1908 συγγνώμῃ
2704 1839 2772 1890 τά
2809 1837 3019 1892 ἑαυτῶν
3051 1839 3485 1909 θεραπεύσαιμεν
3510 1852 3523 1868 '
3554 1837 3778 1908 ἀφιέναι

2198 1931 2308 2001 γάρ
2343 1946 2479 2000 φησι
2533 1931 2601 1983 τὰ
2639 1931 2985 2000 ὀφειλήματα
3012 1931 3122 1984 δεῖν
3169 1934 3260 1984 τὸν
3295 1933 3550 2000 ἀφέσεως
3593 1935 3778 2004 τυχεῖν

2197 2022 2548 2091 ὀρεγόμενον.
2579 2022 2767 2096 Ταῦτα
2796 2022 2989 2089 λέγων,
3021 2024 3088 2075 τὰ
3122 2023 3303 2093 βιϐλία
3325 2025 3611 2095 παρρησίᾳ
3643 2041 3779 2077 κατ-

2199 2114 2451 2179 έκαυσεν,
2522 2115 2901 2185 ἐπομνύμενος
2944 2115 3113 2185 μηδὲν
3148 2116 3258 2168 τῶν
3299 2116 3640 2185 ἐγκειμένων
3670 2120 3780 2175 τοῖς

2198 2206 2529 2276 γράμμασιν
2581 2208 2916 2272 ἀναγνῶναι.
2974 2205 3297 2277 Προσετίθει
3340 2208 3397 2260 δὲ
3438 2206 3674 2270 τούτοις,
3705 2208 3782 2269 ὡς

2199 2296 2254 2349 εἴ
2277 2314 2339 2365 γε
2372 2301 2469 2351 καὶ
2497 2299 2783 2368 έπισκόπῳ
2806 2298 3026 2369 ἐνέτυχε
3053 2300 3233 2370 γάμον
3248 2299 3539 2369 ,ἀλλότριον
3567 2299 3781 2370 διορύτ-

2198 2405 2369 2454 τοντι,
2399 2390 2750 2460 συγκαλύψαι
2784 2389 2851 2444 ἂν
2882 2392 2950 2461 τῇ
2982 2392 3277 2463 πορφυρίδι
3310 2393 3369 2444 τὸ
3397 2392 3550 2460 ἄγος,
3579 2393 3668 2447 ἵνα
3701 2396 3778 2464 μὴ

2199 2481 2326 2544 τοὺς
2356 2482 2670 2553 θεωμένους
2720 2484 2754 2553 ἢ
2784 2482 2893 2537 τῶν
2928 2483 3230 2555 δρωμένων
3269 2483 3392 2554 ὄψις
3447 2485 3528 2548 εἰς
3574 2485 3784 2557 βλάϐης

2201 2573 2481 2643 πρόφασιν
2519 2575 2781 2646 περιστῇ.

2279 2753 2467 2806 Ταῦτα
2506 2753 2605 2823 μὲν
2635 2752 2741 2822 πρὸ
2773 2752 2868 2823 τῆς
2906 2755 3090 2819 κοινῆς
3139 2754 3508 2817 συνελεύσεως
3534 2771 3550 2786 ο
3582 2755 3704 2809 τότε
3737 2756 3784 2810 δ’

2202 2840 2297 2899 οὖν
2356 2846 2482 2907 τοὺς
2536 2845 2674 2914 πρὸς
2728 2846 2989 2917 ὁμόνοιαν
3048 2848 3496 2919 παρακλητικοὺς
3535 2847 3784 2912 διελθὼν,

2205 2940 2341 3007 περὶ
2374 2937 2483 2991 τῶν
2524 2937 2814 3006 δογμάτων
2848 2937 2948 3007 τῆς
2975 2939 3213 3003 πίστεως
3252 2941 3351 3011 τὴν
3383 2941 3577 3011 σκέψιν
3607 2946 3785 2995 ποιεί-

2209 3025 2337 3078 σθαι
2390 3029 2528 3078 κατά
2561 3026 2791 3097 γνώμην
2828 3027 3159 3098 ἐπέτρεπεν.
3197 3030 3263 3082 Ἀ
3299 3030 3346 3083 δ’
3373 3029 3466 3084 οὖν
3514 3031 3789 3101 διελέγετο

524 3136 656 3178 vero
674 3133 788 3177 tum
819 3121 885 3176 ad
907 3135 1003 3177 eos
1028 3119 1165 3175 dixit
1182 3120 1234 3175 in
1258 3134 1471 3175 summa
1499 3118 1615 3173 haec
1638 3125 1805 3173 sunt:
1840 3135 1858 3167 ι
1883 3113 2100 3172 Gratias

2206 3116 2442 3181 τούτοις,
2467 3116 2541 3185 ὡς
2569 3121 2626 3170 ὲν
2657 3117 2814 3187 τύπῳ
2844 3119 3185 3190 περιλαϐεῖν,
3210 3116 3353 3192 ἦσαν
3381 3122 3585 3177 ταῦτα’
3621 3143 3639 3176 1
3676 3126 3789 3179 Xa't-

524 3214 772 3285 quidem,
793 3213 992 3284 inquit,
1013 3227 1198 3266 rerum
1220 3210 1466 3266 omnium
1493 3224 1684 3273 causa,
1702 3207 1798 3265 sed
1821 3208 1988 3278 huius
2007 3223 2109 3278 po-

528 3306 800 3361 tissimum
821 3311 1130 3358 conventus
1151 3302 1396 3366 nomine,
1417 3317 1520 3371 ago
1549 3302 1687 3366 Deo,
1711 3300 1904 3355 Patres
1917 3307 1978 3353 et
1997 3297 2111 3353 ira-

528 3407 647 3451 tres
662 3394 996 3451 charissiini.
1023 3394 1195 3449 Recte
1218 3394 1369 3447 enim
1393 3393 1476 3447 sic
1502 3408 1604 3447 vos
1621 3392 1861 3462 appello,
1887 3390 2108 3461 quando

529 3490 676 3543 hanc
726 3485 867 3541 mihi
897 3484 1206 3541 communis
1239 3483 1500 3539 Serrator
1551 3486 1796 3539 omnium
1857 3492 2107 3543 nostrum

529 3578 808 3633 concessit
831 3575 1084 3646 gratiam,
1115 3584 1174 3628 ut
1206 3574 1421 3629 felicius
1441 3575 1607 3629 etiam
1638 3574 1774 3628 mihi
1813 3587 1978 3643 quam
2011 3586 2108 3625 vo-

530 3671 606 3726 tis
630 3680 824 3739 optare
850 3670 954 3722 sim
986 3683 1174 3734 ausus,
1191 3682 1282 3722 res
1302 3666 1586 3723 ceciderit.
1613 3666 1844 3723 Tantam
1867 3682 2108 3740 namque

514 3761 879 3815 sacerdotum
900 3758 997 3814 Dei
1025 3759 1080 3813 in
1097 3758 1332 3812 consilio
1346 3765 1403 3811 et
1417 3766 1692 3812 conventu
1716 3772 1827 3811 uno
1853 3756 2111 3827 frequen.

532 3856 690 3912 tiam,
722 3851 816 3905 illo
844 3849 1183 3905 concedente
1211 3848 1436 3910 intueri,
1464 3865 1535 3904 an
1567 3864 1679 3903 non
1720 3848 1960 3917 ingentis
1990 3847 2114 3903 l’eli-

529 3944 717 3998 citatis
745 3942 867 3997 Ιοιο
911 3940 1264 3996 habendum?
1291 3940 1386 3995 sed
1434 3940 1695 4010 pervelim
1744 3954 1842 3993 vos
1892 3954 2111 4005 omnes,

528 4038 725 4093 eadem
746 4036 1075 4106 cogitantes,
1108 4044 1164 4089 et
1195 4035 1507 4088 animorum
1533 4048 1808 4087 consensu
1836 4033 1889 4086 in
1919 4031 2111 4087 eadem

528 4140 725 4184 semen
735 4129 807 4185 tia
825 4127 1212 4191 consistentes,
1235 4125 1445 4179 ridere.
1470 4125 1654 4179 Rebus
1668 4124 1815 4179 enim
1846 4123 2115 4191 malisque

527 4222 691 4288 adeo,
716 4235 839 4291 quae
868 4219 994 4289 quis
1009 4219 1197 4287 eloqui
1231 4218 1407 4288 possit
1441 4215 1724 4282 omnibus,
1759 4216 1921 4286 longe
1955 4214 2110 4270 dete-

532 4314 652 4369 rius
682 4313 819 4367 mihi
842 4327 965 4367 esse
988 4312 1155 4373 duco,
1188 4309 1336 4380 quod
1372 4308 1675 4366 Ecclesiam
1734 4307 1829 4362 Dei
1884 4307 2116 4362 seditio-

530 4406 694 4460 nibus
734 4405 879 4459 inter
915 4418 974 4458 se
1013 4401 1372 4457 dissidentem
1409 4409 1465 4455 et
1504 4399 1797 4454 contrariis
1823 4399 2103 4455 hostiliter

2211 3226 2300 3277 ριν
2333 3210 2433 3279 μὲν
2483 3210 2689 3263 εἰδέναι
2732 3211 2855 3282 Θεῷ
2892 3213 3113 3266 πάντων
3161 3214 3352 3268 ἕνεκεν
3407 3214 3635 3285 ἔλεγεν·
3686 3218 3791 3288 οὐχ

2206 3297 2374 3371 ἦττον
2400 3302 2457 3354 δὲ
2486 3301 2563 3371 τῷ
2603 3302 2838 3374 παρόντι
2870 3304 3138 3387 συλλόγῳ,
3165 3299 3211 3360 ὦ
3253 3307 3399 3375 φίλοι
3430 3308 3522 3362 καὶ
3552 3310 3792 3381 πατέρες

2211 3397 2307 3447 καὶ
2334 3393 2558 3465 ἀδελφοί
2584 3409 2598 3423 ·
2628 3394 2779 3449 καλῶ
2804 3394 2915 3469 γὰρ
2949 3398 3095 3467 ὑμᾶς
3121 3396 3288 3466 οὕτω,
3341 3398 3437 3452 τοῦ
3467 3399 3649 3453 κοινοῦ
3678 3392 3790 3455 se.

2210 3489 2375 3558 τῆρος
2410 3486 2571 3556 ἡμῶν
2613 3488 2786 3541 ταῦτα
2832 3489 3233 3561 χαρισαμένου.
3269 3493 3380 3544 Καὶ
3425 3492 3585 3547 πλέον
3618 3495 3727 3564 γὰρ
3757 3495 3790 3563 ῆ

2211 3580 2334 3632 κατ’
2368 3578 2533 3649 εὐχήν
2590 3578 2780 3648 ἔμοιγε
2827 3582 3097 3651 περιέστη
3151 3583 3212 3634 τὸ
3253 3584 3520 3652 πρᾶγμα⁹
3563 3583 3624 3636 τὸ
3678 3584 3791 3655 γὰρ

2212 3671 2501 3733 τοσούτους
2521 3672 2565 3724 ιε
2576 3673 2701 3743 ρέας
2725 3671 2884 3739 Θεοῦ,
2910 3675 2966 3736 ἐς
2990 3673 3159 3726 ταυτὺ
3186 3674 3595 3746 συνδραμόντας
3614 3677 3795 3740 ἀξιοῦ-

2215 3764 2342 3814 σθαι
2389 3764 2544 3834 όρᾷν,
2581 3765 2752 3815 πόσου
2778 3762 2845 3815 ἄν
2884 3779 2966 3826 τις
2988 3764 3142 3833 θείης
3195 3765 3355 3820 Ἀλλά
3399 3784 3462 3834 γε
3495 3767 3793 3838 βουλοίμην

2216 3855 2282 3908 ἀν
2312 3855 2564 3919 ἅπαντας
2613 3856 2788 3910 ταῦτα
2826 3859 2927 3927 μὲν
2975 3858 3209 3912 θεᾶσθαι
3248 3861 3610 3931 φρονοῦντας,
3658 3878 3795 3932 συμ-

2216 3949 2395 4018 φωνίᾳ
2423 3947 2479 4000 δὲ
2509 3948 2690 4019 ψυχῆς
2717 3949 2811 4002 ἐπὶ
2843 3950 2974 4020 μιᾶς
3003 3949 3225 4005 ἑστάναι
3246 3952 3345 4022 τῆς
3375 3951 3622 4022 γνώμης.
3651 3953 3798 4006 Παν-

2218 4040 2309 4101 τὸς
2342 4043 2452 4112 γὰρ
2484 4040 2676 4110 ἔμοιγε
2703 4043 2908 4109 χεῖρον,
2936 4042 3031 4095 καὶ
3064 4042 3192 4096 δσου
3227 4043 3295 4096 ἄν
3331 4060 3416 4107 τις
3440 4044 3589 4098 εἴποι
3620 4045 3797 4098 κακεῦ

2220 4132 2480 4186 ὶπέκεινα
2511 4132 2703 4201 κρίνω,
2735 4135 2835 4200 τὴν
2872 4133 3205 4203 Ἐκκλησίαν
3231 4135 3368 4195 Θεοῦ
3399 4137 3533 4207 όρᾷν
3570 4137 3799 4190 στασιά-

2221 4226 2444 4303 ζουσαν,
2498 4226 2593 4276 καὶ
2639 4227 2718 4287 εἰς
2783 4225 3118 4288 ἀντιπάλους
3174 4227 3560 4296 διακρίνεσθαι
3615 4228 3794 4294 δόξας.

2234 4315 2506 4386 Ὀπηνίκα
2534 4317 2741 4377 τοίνυν,
2773 4314 2847 4378 ὥς
2878 4332 2942 4383 γε
2974 4317 3048 4387 μὴ
3079 4316 3279 4384 ὤφελε,
3312 4319 3605 4390 καταφανῆ
3646 4320 3683 4373 ἃ
3705 4337 3799 4391 μοι

2226 4408 2577 4479 προσηγγέλη
2635 4408 2879 4475 ἐγένετο,
2928 4409 3046 4471 πῶς
3095 4408 3302 4461 δοκεῖτε
3354 4409 3643 4481 δέδηγμαι,
3696 4412 3799 4482 τὴν

526 4497 821 4554 sententiis
850 4493 1259 4549 conﬂictantem
1277 4507 1469 4546 cerno.
1523 4489 1978 4558 Quandoquidem
2005 4504 2100 4543 au-

2213 4502 2393 4570 ψυχὴν
2420 4501 2737 4564 στασιάζειν
2772 4500 3123 4571 πεπυσμένος
3161 4501 3304 4571 ὑμᾶς
3334 4518 3349 4566 ;
3382 4500 3475 4565 οὒς
3507 4502 3710 4573 ἥκιστά
3734 4481 3799 4573 γε

530 4601 641 4645 tem
677 4589 847 4659 (quod
880 4601 1014 4643 sane
1047 4585 1250 4641 factum
1280 4585 1506 4652 uellem)
1549 4599 1670 4653 qua:
1698 4583 1767 4637 ad
1814 4596 1903 4636 me
1939 4582 2108 4637 relata

526 4693 660 4738 sunt
688 4682 951 4735 omnibus
978 4680 1089 4751 jam
1125 4679 1439 4740 innOtucre,
1468 4692 1578 4746 quo
1641 4675 1831 4730 dolore
1860 4673 2105 4729 animum

529 4790 717 4829 meum
756 4773 1071 4844 perculsum
1094 4787 1213 4827 esse
1258 4770 1489 4850 putatis,
1553 4785 1675 4824 cum
1733 4768 2107 4824 seditionibus

529 4868 815 4923 involutos
842 4882 965 4922 csse
989 4881 1082 4921 vos
1099 4864 1342 4919 audirem
1368 4866 1394 4919 2
1422 4864 1578 4931 Quod
1606 4865 1835 4917 minime
1862 4862 2109 4917 omnium

523 4977 563 5014 ει
597 4960 753 5014 vobis
770 4959 987 5013 .l‘actum
1006 4956 1271 5027 Oportuit,
1304 4958 1400 5027 qui
1446 4957 1538 5013 Dei
1573 4954 1813 5011 ministri
1845 4965 1901 5009 et
1960 4954 2110 5024 pacis

504 5066 816 5123 ,pru-cones
833 5050 1105 5118 designati
1137 5049 1295 5105 estis.
1326 5047 1462 5113 Quis
1479 5047 1593 5119 jam
1628 5047 1751 5102 aliis
1771 5047 1955 5116 quieta
1977 5061 2111 5098 con-

527 5145 657 5199 sitia
680 5145 837 5212 sequi
877 5142 1254 5212 persuadebit,
1285 5141 1505 5212 quando
1559 5154 1658 5195 vos
1690 5149 1799 5194 tam
1834 5140 2109 5194 hOstilitcr

530 5251 688 5291 arma
710 5238 929 5291 sumitis
973 5244 1030 5291 et
1059 5237 1203 5289 inter
1253 5250 1351 5289 vos
1388 5234 1750 5305 dcpugnatis?
1804 5235 1975 5300 Quam
2037 5232 2110 5285 ob

534 5343 760 5384 causam
825 5329 969 5383 hanc
998 5343 1208 5384 sacram
1236 5326 1388 5396 coegi
1422 5325 1712 5396 synodum,
1741 5327 1836 5394 qui
1871 5326 2111 5392 impera-

538 5429 717 5475 tor-et
734 5436 1037 5475 conservus
1068 5431 1248 5474 vester
1274 5434 1416 5473 sum.
1452 5420 1515 5472 lCt
1546 5421 1685 5471 hanc
1716 5434 1747 5471 a
1772 5416 2107 5470 vobisuuam

536 5525 670 5582 peto
699 5513 953 5584 gratiam,
976 5528 1143 5581 quam
1181 5527 1304 5565 cum
1337 5530 1365 5565 ιι
1397 5529 1484 5565 nae
1520 5512 1671 5564 νοω,
1697 5511 1964 5577 recipere,
1995 5519 2108 5560 tum

539 5621 639 5660 vos
675 5606 809 5659 mihi
843 5606 973 5659 dare
998 5616 1083 5659 est
1120 5621 1360 5673 :r-qnum,
1419 5614 1478 5657 ut
1513 5609 1676 5656 rebus
1706 5618 1827 5671 qua:
1877 5603 2108 5655 seditio-

536 5713 666 5751 nem
695 5698 836 5751 hanc
862 5713 1121 5767 peperere
1154 5697 1208 5749 in
1243 5699 1486 5750 medium
1511 5695 1762 5765 prolatis,
1790 5705 2099 5746 controver-

537 5793 750 5862 siisqtte
784 5793 983 5861 quietis
1015 5792 1261 5845 consiliis
1290 5790 1511 5852 decisis,
1557 5788 1623 5841 :ttl
1659 5802 1869 5857 pacem,
1894 5804 1992 5855 pro
2043 5803 2106 5840 ea

2215 4595 2486 4661 προσῆκε,
2520 4593 2654 4645 Θεοῦ
2704 4592 3055 4661 λειτουργοὺς
3100 4592 3199 4645 καὶ
3229 4590 3538 4662 βραϐευτὰς
3569 4594 3795 4669 εἰρήνης

2215 4684 2649 4754 καθεστηκότας.
2674 4686 2773 4747 Τίς
2799 4683 2911 4754 γὰρ
2935 4683 3002 4737 ἂν
3030 4686 3160 4748 τοὺς
3187 4685 3383 4749 ἄλλους
3406 4685 3648 4738 πείσειεν
3669 4674 3797 4756 ήρεέ

2219 4779 2362 4847 μεῖν,
2398 4777 2555 4846 ύμῶν
2588 4777 2734 4831 οὕτω
2761 4776 2850 4832 διὰ
2885 4777 3067 4850 μάχης
3107 4779 3297 4834 ἰόντων
3348 4781 3446 4832 καὶ
3479 4780 3603 4832 κατ’
3636 4780 3801 4849 ἀλλή·

2215 4869 2323 4922 λων
2373 4867 2788 4941 δπλιζομένωνς
2824 4869 3018 4923 Ἔνθεν
3048 4887 3132 4924 τοι
3180 4871 3276 4925 καὶ
3307 4871 3405 4942 τὴν
3457 4872 3610 4943 ἱερὰν
3638 4873 3798 4940 ὑμῶν

2218 4963 2595 5034 συνεκρότησα
2629 4961 2871 5027 σύνοδον,
2906 4962 3163 5035 βασιλεύς
3202 4978 3260 5014 τε
3289 4961 3365 5015 ὣν
3401 4967 3495 5016 καὶ
3528 4955 3796 5033 συνθερά-

2216 5075 2336 5110 πων
2375 5054 2666 5127 ὑμέτερος.
2711 5055 2820 5108 Καί
2850 5072 2915 5127 γε
2971 5056 3101 5125 μίαν
3138 5054 3277 5108 αἰτῶ
3304 5055 3490 5126 χάριν,
3516 5054 3585 5127 ἦν
3609 5056 3707 5123 ἐμέ
3738 5072 3798 5109 τε

2216 5146 2431 5211 λαϐεῖν,
2480 5147 2578 5198 καὶ
2612 5145 2756 5214 ὑμᾶς
2814 5144 3032 5208 πάντως
3084 5144 3268 5198 δοῦναι
3317 5145 3560 5198 δίκαιονο
3606 5144 3706 5216 τὴν
3739 5145 3799 5199 δὲ

2215 5234 2354 5291 εἶναι
2387 5237 2457 5288 τά
2483 5236 2582 5306 τὴν
2617 5235 2810 5289 στάσιν
2843 5235 3188 5307 γεννήσαντα
3223 5235 3321 5288 ἐπὶ
3363 5236 3531 5305 μέσου
3581 5235 3803 5304 πρνθεῖ-

2216 5349 2329 5392 ναι,
2382 5329 2477 5382 καὶ
2524 5329 2623 5399 τὴν
2661 5328 3080 5399 ἀμφισϐήτησιν
3123 5329 3301 5400 ἡσυχῆ
3351 5328 3799 5398 διαλυσαμένους,

2219 5421 2299 5480 είς
2329 5419 2555 5486 εἰρήνην
2584 5419 2727 5471 κατὰ
2755 5417 2854 5491 τήν
2883 5416 3111 5470 ἐνοῦσαν
3136 5417 3269 5486 ὑμῖν
3295 5416 3455 5486 χάριν
3484 5419 3639 5485 ἄγειν
3668 5418 3806 5469 πάν-

2220 5528 2345 5581 τας,
2372 5513 2467 5562 καὶ
2498 5510 2557 5561 τὸ
2588 5510 2956 5563 ἀστασίαστον
2982 5508 3060 5579 τῷ
3098 5508 3335 5577 δόγματι
3371 5508 3798 5580 ὲπιχορηγῆσαι’

2222 5602 2309 5653 ἵνα
2359 5600 2576 5668 σύναιμα
2623 5599 2865 5669 τοσούτῳ
2925 5599 3056 5665 θείῳ
3104 5597 3322 5667 στρατῷ
3377 5597 3479 5653 κα).
3522 5595 3661 5650 κατὰ
3706 5594 3801 5648 τοῦ

2221 5693 2484 5764 φθονεροῦ
2540 5693 2798 5762 δαίμονος
2850 5692 3030 5744 κοινὸν
3078 5691 3370 5759 ἀναστήσω
3402 5689 3461 5741 τὺ
3498 5688 3759 5759 τρόπαιον
3784 5701 3800 5717 ⁸

2215 5786 2273 5848 ὃς
2303 5786 2407 5839 τῶν
2466 5785 2835 5855 παλαμναίων
2872 5783 3152 5855 τυράννων
3202 5783 3448 5837 ἐκποδὼν
3502 5781 3579 5845 ὡς
3636 5778 3802 5849 τάχος
