4118 6470
371 357 443 446 is
1291 353 1896 445 E’cctﬁsmsma
1938 358 2328 444 nmmum
2365 385 2504 446 LIB.
2541 363 2706 448 vui.
3554 376 3624 444 7t

377 491 604 573 μηδένα.
637 497 712 550 Οὐ
750 497 859 566 μὴν
905 469 961 551 δὲ
990 497 1131 552 ἀλλὰ
1171 496 1264 550 καὶ
1302 497 1406 560 τὰς
1443 497 1621 561 λέξεις
1650 496 1818 569 αὑτοῦ
1847 499 1948 567 τῆς

2056 498 2173 569 eius
2205 498 2556 553 adliaarerent
2601 498 2892 554 sententia:
2912 537 2926 560 ,
2959 497 3460 554 cxcomtnunicatos
3489 512 3620 553 ana-

373 594 658 666 αἱρέσεως⁵
689 592 1058 661 ἀνεθεμάτισε
1080 608 1096 624 ’
1157 595 1253 666 καί
1299 593 1362 644 τὸ
1401 592 1611 678 βιϐλίον
1640 593 1696 646 δὲ
1730 594 1758 647 ὁ
1795 592 1940 647 κατὰ

372 691 467 756 τῆς
513 675 798 749 εὐσεϐείας
835 686 1105 752 συντάξας
1147 679 1434 756 ἐπέγραψε
1472 675 1733 741 Θάλειαν
1757 701 1773 718 ⁸
1811 678 1874 741 οὗ
1913 690 1942 740 ὁ

276 831 283 837 -
373 775 681 848 χαρακτὴρ.
705 776 779 838 ὥς
814 778 878 830 ὲκ
917 780 1137 846 γραφῆς
1168 779 1473 848 ὲπυθόμην,
1513 779 1724 848 ἀφελής
1760 795 1843 840 τις
1873 773 1942 849 ἦν

375 869 468 920 καὶ
507 867 907 936 διαλελυμένας,
935 867 1130 930 ἐοικὼς
1163 871 1273 932 τοῖς
1305 865 1552 924 Σωτάδου
1580 872 1675 924 τοῦ
1714 867 1966 944 ποιητοῦ,

372 958 596 1030 ᾅσμασι-
631 961 729 1012 καὶ
759 960 810 1012 εί
843 977 894 1011 τι
919 951 978 1012 δὲ
1012 961 1180 1012 αὑτοῦ
1236 963 1326 1014 καὶ
1355 963 1464 1016 τῶν
1493 964 1816 1036 ὁμοφρόνων
1841 966 1946 1018 αύ-

374 1053 468 1105 τοῡ
499 1051 811 1122 εύρίσκςιτά
843 1053 1212 1124 σύγγραμμα,
1241 1050 1493 1127 δαπάνην
1519 1053 1655 1126 πυρὶ
1688 1059 1946 1111 καταλεί-

375 1149 597 1210 πεσθαι,
625 1149 700 1211 ὡς
737 1147 865 1218 μήτι
891 1146 1076 1202 αὐτῶν
1111 1147 1419 1220 ὑπόμνημα
1443 1149 1541 1221 τῆς
1569 1153 1839 1222 αἱρέσεως
1865 1151 1944 1225 τῷ

376 1241 504 1310 ἑξῆς
538 1241 636 1311 βίῳ
662 1241 1024 1312 ἐμφέρεσθαι·
1065 1242 1294 1297 θάνατον
1331 1244 1378 1296 δ’
1412 1241 1553 1299 εἶναι
1585 1245 1791 1316 ζημίαν
1826 1251 1944 1300 ἔνο-ὲ

379 1333 617 1402 μοθέτει,
644 1335 698 1386 εί
719 1329 802 1397 τις
847 1329 1133 1406 φωραθείη
1165 1331 1220 1388 τι
1253 1337 1666 1409 κατακρύπτων
1697 1339 1945 1404 ἐκείνων,

375 1418 468 1472 iui
517 1424 590 1490 μὴ
639 1421 833 1474 θᾶττὸν
889 1424 1228 1494 ἐμπίπρησιε
1290 1425 1499 1488 Πολλὰς
1555 1427 1601 1478 δ’
1653 1428 1946 1491 ἐπιστολὰς

375 1515 404 1564 δ
439 1513 692 1581 βασιλεὺς
726 1516 872 1567 κατὰ
932 1516 1113 1579 πόλεις
1164 1515 1383 1588 ἔπεμπε
1435 1519 1580 1572 κατᾶ
1627 1537 1689 1572 τε
1730 1521 1945 1590 Ἀρείου

376 1606 471 1657 καὶ
526 1606 635 1659 τῶν
676 1607 744 1660 τὰ
799 1608 890 1661 ἴσα
930 1608 1275 1678 φρονούντων
1335 1612 1550 1681 ἐκείνῳ.
1599 1613 1860 1668 Εὐσέϐιον
1893 1615 1951 1668 δὲ

377 1699 472 1748 καὶ
503 1697 730 1766 Θέογνιν
779 1700 888 1753 τῶν
954 1701 1102 1756 ἰδίων
1153 1702 1461 1772 ἐφυγάδευε
1511 1706 1743 1761 πόλεων.
1783 1708 1865 1778 Τῇ
1894 1708 1952 1762 δὲ

375 1793 710 1866 Νικομηδείᾳ
742 1791 962 1865 ἔχεσθαι
1009 1799 1112 1867 τῆς
1143 1799 1312 1870 ὀρθῆς
1355 1799 1592 1867 πίστεως
1626 1805 1951 1876 παρηγγύα,

2045 589 2274 644 themati
2302 590 2628 660 subiiceret,
2655 606 2719 645 ac
2749 587 2817 645 ne
2847 591 2971 661 quis
3008 586 3201 646 eorum
3237 590 3625 647 Alexandriam

2045 680 2261 750 ingredi
2288 675 2542 750 auderet,
2563 683 3018 740 sanciret.Voces
3049 685 3220 739 etiam
3247 683 3476 739 haeresis
3503 684 3627 754 ejus
3685 723 3688 726 .

2047 774 2555 839 anathematizavit,
2590 784 2645 829 et
2683 777 2884 830 librum
2911 793 3074 846 quem
3108 778 3198 831 ille
3227 785 3419 832 contra
3460 777 3634 843 pieta-

2046 871 2159 920 tem‘
2214 866 2580 935 compositum
2624 865 2863 924 Thaliam
2901 868 3291 940 inscripserat,
3323 871 3481 939 quasi
3533 870 3634 924 ilo-

2048 957 2232 1012 ridum‘
2254 969 2310 1013 et
2335 959 2686 1028 viridantem,
2705 963 2866 1031 cujus
2890 965 3066 1034 stylus
3100 973 3156 1018 et
3177 964 3442 1031 elocutio,
3465 963 3632 1019 sicuti

2045 1065 2116 1104 ex
2147 1052 2355 1121 scripto
2389 1055 2512 1122 ipso
2537 1056 2793 1124 cognovi,
2840 1057 3074 1126 simplex
3101 1068 3160 1114 et
3204 1057 3499 1125 dissoluta,
3531 1059 3633 1112 Sos

2049 1143 2297 1213 tadistpte
2329 1154 2503 1213 poeta;
2543 1147 2838 1202 cantilenis
2886 1149 3188 1217 persimilis
3221 1151 3362 1214 fuit;
3395 1166 3460 1205 ac
3492 1165 3634 1221 prae.

2052 1242 2223 1298 terea;
2249 1236 2295 1290 si
2327 1236 2476 1306 quod
2506 1237 2653 1292 aliud
2677 1238 2800 1308 ejus
2828 1249 2924 1293 aut
2951 1251 3288 1295 sectatorum
3317 1243 3438 1312 ejus
3479 1243 3636 1296 inve-

2049 1328 2271 1382 niretur
2321 1329 2622 1399 scriptum,
2683 1340 2742 1385 ut
2776 1332 2830 1386 id
2879 1333 2989 1402 igni
3037 1333 3393 1394 mandaretur
3437 1334 3636 1388 edixit.

2053 1421 2195 1486 Quin
2247 1421 2426 1488 capite
2457 1437 2679 1492 quoque
2727 1423 3129 1480 Constantinus
3163 1427 3389 1493 sanxit,
3427 1428 3473 1482 si
3507 1430 3634 1497 quis

2051 1513 2354 1584 quidquam
2386 1529 2579 1569 eorum
2629 1530 2882 1585 pressum
2916 1519 3264 1584 occultasse,
3306 1535 3410 1574 nec
3450 1521 3636 1574 statim

2053 1606 2330 1662 exussisse
2359 1617 2679 1675 compertus
2714 1619 2885 1665 esset.-
2916 1611 3114 1666 Multas
3134 1612 3363 1682 insuper
3379 1614 3640 1682 epistolas
3741 1647 3746 1652 -

2057 1707 2155 1762 per
2175 1696 2340 1749 urbes
2385 1695 2588 1765 passim
2617 1708 2809 1771 contra
2849 1700 3044 1756 Arium
3078 1711 3133 1758 et
3173 1705 3270 1774 qui
3301 1716 3466 1760 secta:
3518 1705 3641 1774 ejus

2057 1795 2238 1851 erant,
2268 1787 2438 1842 misit.
2462 1789 2762 1846 Eusebium
2781 1800 2837 1846 et
2867 1792 3245 1866 Theognidem
3278 1798 3504 1854 sedibus
3524 1801 3643 1854 suis

378 1884 445 1953 ἦν
469 1885 519 1936 οἱ
547 1863 854 1954 τριακόσιοι
874 1863 1221 1959 παρέδοσανο
1253 1863 1348 1944 καὶ
1379 1863 1956 1966 ἐπισκόπουςπροχει-

2061 1877 2264 1947 exegit,
2296 1888 2352 1933 et
2377 1878 2829 1939 Nicomedienses
2859 1885 2929 1940 ad
2968 1863 3444 1957 coniplectendam
3473 1906 3502 1945 a
3535 1902 3645 1946 trc-

382 1977 555 2047 ρὲζειν
587 1977 830 2049 ἑτέρους,
871 1981 1011 2050 ὀρθὰ
1034 1985 1256 2052 φρονεῖν
1292 1987 1610 2056 ᾑρημένους
1630 2001 1646 2018 ⁸
1688 1987 1875 2058 βυθοῖς
1899 1989 1956 2043 δὲ

381 2071 552 2140 λήθης
605 2072 865 2126 Εὑσεϐίου
921 2076 1268 2147 παραδοῦναι
1318 2076 1422 2150 τὴν
1469 2076 1854 2152 μνήμην.⁹οἷς
1908 2079 1954 2136 δ’

383 2163 682 2233 ἐπιχειρεῖν
708 2167 927 2232 γένοιτο
948 2169 1017 2223 τᾶ
1039 2169 1268 2224 ἐκείνων
1299 2171 1332 2242 ἢ
1369 2175 1598 2242 φρονεῖν
1622 2175 1655 2244 ἦ
1685 2170 1952 2239 ἐπαινεῖν,

383 2255 632 2320 κολάζειν
686 2259 890 2331 σφόδρα
941 2259 1183 2331 ἠπείλει.
1230 2260 1323 2328 Οἷς
1380 2262 1446 2336 δὴ
1500 2262 1800 2337 γράμμασι
1861 2271 1958 2322 καὶ

380 2345 552 2410 ἄλλως
611 2349 1006 2420 ἀπηχθημένον
1077 2347 1222 2408 ἐῑναι
1281 2355 1477 2426 ἐδήλου
1533 2355 1837 2422 Εὐσέϐιον,
1877 2357 1955 2420 ὡς

381 2435 648 2506 πρότερον
704 2440 933 2511 Λικινίῳ
974 2443 1423 2512 συμφρονοῦντα.
1458 2445 1619 2499 Κατὰ
1669 2444 1735 2517 δὴ
1779 2447 1957 2500 ταῦτα

379 2527 449 2579 τὰ
473 2524 780 2597 γράμμα-τα
806 2533 868 2584 οὐ
899 2531 1061 2598 μόνον
1092 2532 1400 2604 ἠλάθησαν,
1429 2534 1566 2590 ἀλλὰ
1595 2538 1693 2590 καὶ
1732 2537 1956 2606 ἑτέρους

381 2619 536 2690 ἔσχον
567 2623 657 2675 ἐπὶ
703 2621 810 2676 τῶν
845 2625 1062 2679 οἰκείων
1102 2627 1328 2698 θρόνων.
1373 2629 1519 2683 Ἀντὶ
1547 2630 1658 2700 ⁸γὰρ
1688 2630 1955 2686 Εὐσεϐίου

396 2712 642 2781 Ἀμφίων
679 2714 781 2785 τὴν
825 2715 1175 2787 Νικομήδους
1228 2721 1546 2790 ἐλάμϐανε,
1595 2723 1848 2794 Χρηστὸς
1893 2724 1951 2777 δὲ

383 2803 480 2870 τὴν
529 2803 761 2868 Νικαίας
787 2823 802 2837 ·
844 2810 940 2859 καὶ
982 2807 1150 2877 ἄμφω
1179 2810 1236 2863 δὲ
1270 2813 1381 2862 τῶν
1438 2812 1812 2867 εὐσεϐούντων
1846 2815 1953 2884 μά-

384 2892 538 2946 λιστα
562 2891 726 2966 ἦσαν.
753 2896 968 2952 Εἰδέναι
997 2900 1055 2953 δὲ
1076 2901 1182 2970 χρὴ
1211 2902 1284 2964 ὡς
1307 2903 1575 2968 Εὐσέϐιος
1605 2907 1702 2960 καὶ
1731 2904 1956 2974 Θέογνις

385 2987 478 3039 καὶ
511 2989 560 3041 oi
613 2991 744 3060 περὶ
802 2991 1000 3056 αὐτοὺς
1056 2995 1322 3064 πρότερον
1357 2998 1458 3067 μὲν
1515 3001 1580 3068 τῇ
1619 2997 1823 3067 συνόδῳ
1861 2998 1954 3052 πί-

386 3096 556 3143 στεως
601 3080 954 3136 διδασκαλίαν
1007 3085 1147 3139 ίδίαν
1191 3088 1673 3159 ὑπαγορεύσαντες
1724 3091 1954 3156 ἔδοσαν,

2059 1972 2238 2025 centis
2268 1971 2542 2041 proditam
2578 1986 2786 2030 rectam
2822 1976 2984 2032 fidem
3007 2019 3022 2046 ,
3065 1982 3312 2052 aliosque
3349 1983 3644 2054 cpiscopus

2057 2064 2154 2133 qui
2205 2075 2350 2120 recte
2410 2067 2683 2124 sentirent
2750 2071 3046 2144 legendos,
3093 2074 3509 2149 Eusebiutnque
3564 2083 3643 2150 (Ι)

2059 2158 2326 2213 oblivioni
2366 2160 2742 2217 mandandum
2771 2178 2796 2231 ,‘
2847 2177 2932 2222 est
2991 2167 3268 2226 hortatus.
3323 2170 3488 2242 57o
3536 2172 3642 2239 Qui

2059 2267 2190 2306 vero
2231 2267 2356 2308 cum
2385 2254 2520 2309 Ario
2549 2259 2767 2311 sensuri
2799 2268 2897 2315 aut
2944 2261 3265 2330 opinionem
3297 2264 3420 2333 ejus
3447 2264 3645 2318 lauda-

2061 2346 2168 2399 turi
2235 2357 2441 2412 essent,
2482 2349 2538 2403 in
2564 2365 2662 2406 eos
2713 2366 2774 2407 se
2829 2355 3074 2424 graviter
3120 2357 3640 2415 animadversurum

2057 2452 2202 2503 esse,
2218 2441 2858 2510 estminitatus.Quibus
2880 2447 3078 2503 litteris
3101 2450 3268 2506 etiam
3293 2452 3641 2522 signiﬁcavit,

2057 2533 2222 2588 aliam
2250 2534 2323 2590 ob
2354 2550 2578 2592 causam
2626 2539 2867 2594 invisum
2905 2543 3012 2598 sibi
3058 2544 3364 2601 Eusebium
3391 2563 3538 2614 esse,
3585 2562 3647 2605 ut

2057 2627 2153 2697 qui
2181 2639 2346 2686 antea
2377 2629 2579 2687 Licinii
2616 2644 2799 2704 partes
2820 2647 3048 2694 secutus
3076 2641 3268 2696 fuerit.
3299 2642 3490 2713 itaque
3532 2661 3642 2700 non

2059 2720 2252 2792 solum.
2269 2723 2347 2777 illi
2374 2733 2505 2779 sunt
2527 2729 2858 2798 proscripti,
2880 2733 2977 2786 sed
3002 2732 3094 2787 alii
3120 2747 3341 2806 quoque
3374 2738 3428 2792 in
3448 2753 3644 2794 eorum

2058 2813 2240 2870 locum
2286 2815 2440 2872 lecti.
2495 2819 2604 2874 Pro
2662 2822 2901 2878 Eusebio
2951 2825 3101 2880 enim
3143 2828 3482 2886 Nicomediae
3513 2833 3649 2889 Am-

2059 2907 2271 2976 phion,
2324 2922 2426 2980 pro
2475 2911 2798 2986 Theognide
2853 2929 3040 2975 autem
3108 2923 3304 2981 Nicaeae
3353 2926 3646 2992 Chrestus.

2057 2999 2302 3071 episcopi
2336 3002 2489 3071 facti,
2519 3006 2683 3062 ambo
2706 3008 3030 3068 sincerioris
3063 3015 3285 3084 pietatis
3325 3033 3489 3088 quam
3521 3035 3660 3076 ma-‘

2058 3092 2205 3147 xime
2249 3094 2508 3151 studiosi.
2567 3097 2705 3154 Illud
2733 3104 2879 3159 scire
2937 3117 3178 3174 oportet,
3230 3109 3537 3168 Eusebium
3589 3126 3647 3171 ct

383 3171 474 3241 ἢν,
503 3173 576 3235 ὡς
622 3173 876 3243 κίϐδηλον
926 3178 1024 3230 καὶ
1073 3179 1333 3244 ἀσεϐείας
1378 3182 1606 3254 μεστὴν,
1638 3183 1954 3257 διέρρηξαν·

2065 3183 2465 3255 Theognidem,
2495 3191 2703 3260 quique
2732 3171 2998 3264 praeterea
3029 3171 3290 3257 factionis
3333 3205 3454 3276 ejus
3484 3219 3648 3262 erant

387 3263 586 3318 πολλοῦ
619 3265 666 3318 δ’
695 3267 953 3322 ἐντεῦθεν
990 3271 1232 3342 ταράχου
1263 3274 1658 3342 ἀναχυθέντος,
1689 3279 1788 3330 καὶ
1828 3281 1961 3332 πάν-

382 3369 489 3411 των
539 3358 618 3428 τῷ
657 3360 910 3432 προδήλῳ
947 3363 1050 3432 τῆς
1093 3365 1350 3427 ἀσεϐείας
1390 3360 1514 3422 κατ⁴
1549 3370 1732 3422 αὐτῶν
1775 3387 1960 3423 κινου-

400 3449 598 3518 μένων,
633 3451 702 3504 τὰ
757 3453 857 3522 μὲν
890 3454 1086 3524 πρῶτα
1142 3457 1363 3528 ’Λρειον
1423 3460 1520 3511 καὶ
1559 3460 1722 3513 αὐτὸν
1760 3461 1958 3515 ἀναθέέ

386 3557 512 3607 ματι
569 3541 969 3611 καθυπέϐαλον,
1052 3547 1193 3617 πλὴν
1272 3549 1572 3604 Σεκούνδου
1650 3554 1746 3606 καὶ
1809 3549 1960 3607 Θεω-

386 3629 476 3680 νᾶ’
512 3629 832 3700 ὑπογράψαι
899 3633 1086 3702 μέντοι
1151 3637 1216 3706 τῇ
1279 3636 1451 3692 αὐτοῦ
1488 3638 1808 3711 καθαιρέσει
1858 3643 1959 3695 οὐκ

382 3719 795 3792 ἠϐουλήθησαν,
872 3725 1078 3794 καίπερ
1148 3731 1214 3798 τῇ
1297 3730 1395 3799 τῆς
1459 3730 1696 3795 πίστεως
1745 3733 1959 3786 ἐκθέσει

385 3813 898 3884 καθυπογράψαντες
924 3857 940 3884 ,
1013 3818 1120 3872 κᾶν
1181 3819 1431 3894 ὑπούλως
1495 3824 1591 3876 καὶ
1658 3824 1758 3878 οὐκ
1823 3825 1960 3878 εἰλι-

385 3907 581 3974 κρινῶς
617 3910 757 3974 μετὰ
783 3909 884 3979 τὴν
928 3910 1142 3980 ὲξορίαν
1175 3913 1582 3978 ἐπανελθόντες,
1633 3915 1708 3978 ὡς
1744 3917 1960 3987 προῖόν-

383 4013 474 4060 τες
517 3999 852 4069 δηλώσομεν.
895 4003 1254 4074 Μαρτυρήσει
1301 4005 1360 4060 δὲ
1412 4007 1504 4061 καὶ
1550 4009 1690 4064 αὐτὰ
1727 4011 1795 4063 τὰ
1826 4012 1959 4081 παρ’

381 4089 558 4142 αὐτῶν
628 4093 973 4162 γεγενημένα
1048 4097 1164 4159 τοῖς
1230 4099 1329 4166 τῆς
1404 4099 1688 4164 εὐσεϐείας
1757 4101 1959 4172 προϐό-

381 4182 526 4248 λοις,
560 4185 654 4235 καὶ
691 4185 791 4236 ὅσα
843 4186 974 4255 περὶ
1010 4186 1218 4242 τούτων
1269 4190 1569 4245 κατέλιπον
1593 4193 1698 4253 ’κά
1755 4194 1822 4266 δὴ
1860 4197 1960 4248 καὶ

381 4273 713 4343 ἐκθήσομαι.
743 4276 810 4329 ὐ
838 4293 901 4344 γε
933 4278 1039 4349 μὴν
1076 4280 1338 4344 Εὐσέϐιος
1361 4283 1572 4354 ἔτερος,
1606 4287 1634 4338 ὁ
1669 4287 1956 4358 Παμφίλου

381 4363 481 4432 τὴν
533 4367 927 4436 προσωνυμίαν
962 4369 1443 4442 κεκληρωμένος,
1501 4377 1568 4448 τῇ
1609 4378 1814 4447 συνόδῳ
1851 4396 1960 4434 πα-

383 4453 517 4521 ρὼν,
546 4455 903 4524 ἀμφιϐάλλων
964 4454 1034 4531 ἦν
1085 4463 1182 4514 καὶ
1229 4462 1737 4536 διασκεπτόμενος,

381 4545 498 4597 δέον
527 4547 602 4616 τῷ
644 4549 924 4603 ὲκτεθέντι
971 4553 1084 4622 ὅρῳ
1136 4559 1393 4626 στοιχεῖν·
1444 4561 1538 4612 καὶ
1587 4563 1786 4634 μικρὸν
1828 4567 1954 4618 ἐπι·-
1990 4545 2034 4599 D

382 4733 449 4800 τῇ
485 4735 727 4806 σφετέρᾳ
755 4738 1022 4809 ἐκκλησίᾳ
1052 4740 1365 4813 αἰτιωμένῃ
1397 4746 1492 4796 τὸν
1521 4745 1647 4816 ὅρον
1671 4748 1947 4819 ἔπεμπεν,

383 4824 442 4874 ἐν
481 4817 524 4890 ᾧ
563 4827 657 4878 καὶ
704 4827 803 4898 τὴν
845 4829 941 4882 τοῦ
985 4833 1278 4902 ὁμοουσίου
1317 4835 1466 4900 λέξιν
1512 4817 1814 4909 διασαφεῖ-ο
1861 4845 1950 4899 ἵνα

387 4914 461 4982 μή
489 4931 596 4968 τινι
631 4917 702 4970 δι’
752 4920 1011 4986 ὑπονοίας
1046 4925 1298 4994 γένηται,
1338 4926 1436 4981 ἅτε
1473 4929 1538 5000 δὴ
1571 4932 1951 5004 ὲμϐραδύνας,

383 5005 458 5068 ὡς
507 5008 868 5081 ἀτημελήτως
907 5015 1006 5068 καὶ
1054 5017 1130 5080 ὡς
1192 5016 1354 5087 ἔτυχε
1407 5023 1480 5074 τὰ

380 5115 580 5169 γραφε-

1529 5021 1624 5074 τοῧ
1653 5024 1784 5094 ὅρου
1819 5028 1954 5082 ὑπέ-

385 5196 677 5266 ὁμοουσίου
705 5200 969 5272 declarat,
992 5221 1061 5261 ne
1093 5207 1184 5262 cui
1206 5218 1498 5280 suspectus
1555 5214 1712 5271 ﬁeret
1775 5226 2034 5292 tanquam

381 5291 816 5365 subscripsissct.

452 5462 529 5532 (Ι)
587 5464 856 5522 Eusebius
908 5467 1347 5529 Nicomediensis
1405 5475 1472 5530 ad
1530 5476 1952 5539 Constantinum

378 5532 792 5620 imperatorem,
822 5554 989 5620 manu
1036 5554 1245 5598 vestem
1295 5559 1453 5600 suam
1504 5532 1958 5620 quani‘ées-t-abat

379 5604 778 5682 demonstrans,
805 5608 990 5664 dicere
1041 5623 1127 5666 est
1179 5623 1348 5670 ansus
1399 5635 1414 5670 :
1474 5636 1491 5668 ι
1522 5604 1956 5682 Ἐιίοηῖέίνῖιῖέ

379 5688 475 5762 me
492 5675 818 5762 inspiciente
845 5691 1003 5762 rupta
1031 5684 1330 5762 dividatur,
1359 5701 1469 5740 non
1497 5697 1676 5762 tamen
1703 5675 1952 5762 ejusdem

380 5745 702 5827 substantia:
738 5764 858 5827 esse
909 5745 1140 5827 dixerim
1193 5745 1488 5827 utrumque
1521 5775 1542 5827 7:
1575 5759 1636 5811 Ei
1685 5745 1956 5820 «6966's;

386 5813 602 5880 ἱμάτιον
634 5818 769 5886 ἐμοῦ
797 5822 1072 5890 θεωμένου
1102 5813 1428 5895 διαιρεθείη,
1469 5826 1657 5882 οὔποτ’

703 5913 973 5975 Ριτιωι..
1018 5917 1134 5978 Gn.
1189 5916 1287 5978 CX
1303 5918 1428 5980 LVI

2063 3277 2222 3343 alios,
2277 3278 2403 3336 ﬁdei
2467 3293 2582 3340 suae“
2621 3282 2942 3344 doctrinam
2980 3293 3035 3348 in
3081 3297 3354 3366 scriptum
3413 3303 3645 3358 relatam

2063 3372 2296 3427 seorsim
2334 3378 2544 3446 synodo
2569 3381 2858 3449 obtulisse,
2903 3397 3137 3459 earnqtte
3172 3401 3233 3446 ut
3277 3393 3649 3453 adulterinum

2061 3471 2120 3519 et
2175 3465 2474 3537 impietatis
2518 3472 2738 3541 plenam
2784 3476 3118 3549 discerptum
3156 3469 3310 3541 Esse.
3369 3486 3544 3554 Quam
3568 3493 3648 3547 ob

2064 3568 2308 3627 causam,
2342 3564 2490 3633 quod
2530 3568 2722 3638 ingens
2756 3571 2916 3626 turba
2963 3575 3221 3644 excitata,
3256 3587 3426 3648 atque
3456 3596 3651 3638 omnes

2066 3663 2290 3722 propter
2323 3658 2670 3714 manifestam
2701 3663 3040 3732 impietatem
3082 3669 3350 3727 adversus
3379 3689 3472 3729 eos
3502 3691 3654 3729 com-

2066 3744 2203 3798 moti
2257 3757 2462 3813 essent,
2525 3749 2629 3819 ipsi
2689 3767 2934 3825 quoque,
2983 3768 3185 3826 praeter
3234 3762 3554 3820 Secundum
3596 3778 3655 3822 et

2065 3837 2108 3888 Τ
2114 3836 2371 3905 heonam,
2401 3840 2595 3896 Arium
2621 3846 2846 3914 quidem
2875 3849 3216 3906 anathemati
3240 3853 3317 3924 (2)
3346 3857 3649 3928 subjicere,

2070 3934 2631 4006 exauctorationique
2665 3939 2817 3996 illius
2847 3942 3199 4000 subscribere
3225 3947 3492 4014 nolentes,
3527 3955 3652 4006 litlci

2065 4021 2395 4089 professioni
2435 4028 2929 4100 subscripserunt:
2967 4036 3117 4106 quod
3162 4047 3347 4092 tamen
3383 4041 3653 4101 simulan-

2067 4122 2151 4167 ter
2185 4117 2544 4174 etJnsincere
2579 4120 2871 4193 fecerunt,
2911 4126 2980 4181 ab
3010 4129 3207 4184 exsilio
3240 4132 3474 4196 reversi,
3511 4134 3656 4188 sicut

2066 4214 2258 4274 postea
2287 4212 2667 4268 ostendemus.
2707 4214 3182 4277 Testiilcabuntur
3225 4223 3277 4277 id
3308 4241 3532 4296 quoque
3565 4242 3656 4282 res

2065 4312 2261 4353 eorum
2301 4302 2564 4359 adversus
2605 4309 2830 4377 pietatis
2864 4311 3190 4369 defensores
3221 4327 3389 4383 actze,
3430 4328 3486 4374 et
3533 4337 3657 4390 qua:

2067 4391 2171 4462 ipsi
2200 4393 2270 4448 de
2306 4397 2472 4452 rebus
2515 4399 2602 4454 his
2651 4402 2997 4471 reliquerunt
3027 4409 3258 4477 scripta,
3295 4427 3416 4480 qua:
3463 4413 3653 4468 itidem

2067 4489 2392 4543 recensebo.
2461 4489 2735 4550 Eusebius
2800 4511 2935 4553 sane
3001 4501 3179 4564 alter,
3237 4503 3324 4557 cui
3383 4505 3655 4576 Pamphili

1999 4802 2001 4804 -
2061 4765 2419 4836 promulgata:
2471 4766 2598 4823 fidei
2651 4771 2986 4840 professioni
3034 4779 3294 4834 assentiri
3370 4765 3655 4841 deberet:

2056 4865 2224 4925 atque
2251 4859 2656 4930 aliquantulum
2698 4867 3021 4924 assensione
3079 4881 3292 4928 retenta
3316 4915 3332 4942 ,
3360 4892 3482 4933 eam
3537 4888 3659 4934 tan-

2057 4951 2182 5007 dem
2213 4955 2542 5024 approbavit
2573 4968 2629 5014 et
2671 4963 3081 5030 subscriptione
3122 4983 3220 5023 sua
3245 4975 3598 5032 conlirmavit
3625 4996 3641 5033 :

2057 5036 2321 5099 Ecclesiae
2384 5062 2606 5118 quoque
2653 5067 2766 5106 sua:
2815 5058 3085 5124 quaerenti
3143 5062 3545 5130 professionem
3589 5080 3648 5126 et

2059 5132 2436 5191 deﬁnitionem
2475 5154 2595 5195 eam
2630 5143 2802 5209 misit,
2831 5145 2885 5200 in
2924 5163 3030 5217 qua
3068 5165 3258 5207 vocem
3304 5171 3525 5227 quoque
3551 5160 3652 5215 τοῦ

2078 5229 2292 5287 tardius
2353 5241 2452 5313 aut
2497 5237 2825 5308 neglectim,
2872 5243 3021 5300 nulla
3063 5246 3312 5305 adhibita
3362 5268 3515 5321 cura,
3573 5253 3654 5310 illi

2057 5491 2167 5580 τῆς
2206 5493 2380 5580 αὐτῇς
2417 5496 2606 5580 οὐσίας
2638 5501 2922 5573 ἑκάτερον.
2961 5523 2991 5580 )_
3006 5504 3129 5580 Qua
3160 5507 3504 5580 blasphemia
3537 5527 3666 5580 pcr-

2059 5572 2264 5646 motus.
2285 5566 2705 5650 Constantinus,
2741 5566 3146 5651 eo;proclivius
3203 5579 3257 5632 in
3283 5566 3666 5651 'proscrtptio‘

2060 5635 2674 5720 nern‘ej'usncon'sensit.
2700 5661 2738 5720 u
2779 5635 3026 5720 (Susum.
3062 5647 3163 5720 lib.
3191 5663 3252 5714 ιι,
3286 5635 3412 5720 cap.
3447 5635 3562 5719 21).

2057 5773 2091 5828 d
2246 5707 2610 5788 Ιςαθαιρέσει,
2657 5705 3017 5786 abrdgationi,
3065 5705 3417 5791 abdicatioui,
3468 5705 3666 5796 depra-

2095 5793 2124 5828 (ι
2156 5793 2284 5828 mm.

2095 5793 2284 5830 (ιιιοηι.

3191 5955 3228 6018 3
