4118 6472
433 419 498 483 ’Π
1355 374 1971 485 Εεαιὲειιιετιρλε

2105 426 2402 486 STURLE
2439 429 2586 491 LIB.
2630 431 2799 490 VllI.
3626 433 3698 493 78

433 537 531 603 τὴν
566 533 901 604 Ἐκκλησίαν
943 531 1229 605 φέρεσθαι.
1267 535 1378 587 Καὶ
1402 533 1729 604 πρόκεινται
1761 550 1825 604 γε
1853 537 2005 588 πᾶσι·

2117 535 2211 603 qui
2251 553 2472 592 uxorem
2511 556 2793 611 nunquam
2826 540 3094 602 duxisset.
3129 541 3417 606 suadente,
3452 546 3698 615 synodus

431 627 527 679 ml.
552 626 605 678 εί
625 642 703 696 τῳ
734 626 886 695 φίλον
916 625 1291 695 ἐντυγχάνειν,
1329 625 1514 696 ῥᾴδιόν
1553 626 1724 679 ἐστιν.

2118 622 2503 698 comprobavit
2527 648 2541 695 ;
2567 644 2732 701 atque
2759 633 2828 687 de
2872 632 2978 689 hac
3019 649 3098 697 re,
3133 649 3297 705 quam
3333 636 3570 693 arbitrio
3599 653 3700 693 cuo

424 723 650 794 juslibet
684 723 927 792 reliquit,
961 722 1094 777 nihil
1132 722 1333 777 sanxit.
1363 722 1438 776 De
1466 720 1590 776 aliis
1623 729 1830 781 autem.
1867 727 1931 775 ut
1986 720 2037 776 ei
2077 731 2164 775 est
2189 724 2393 789 visum,
2433 726 2538 780 rite
2599 736 2765 797 atque
2795 728 2992 783 ordine
3011 729 3159 801 leges
3192 729 3339 793 tulit,
3373 731 3441 785 ad
3461 749 3693 802 quorum

432 820 808 889 prescriptum
837 819 1100 873 convenit
1133 833 1222 873 res
1263 816 1673 874 ecclesiasticas
1701 816 1843 888 geri.
1903 813 2038 883 Quae
2078 832 2212 874 sane
2247 818 2397 891 leges
2428 822 2726 891 proposita:
2759 824 3023 880 omnibus
3080 835 3233 891 sunt,
3264 837 3320 882 et
3350 842 3379 880 a
3407 830 3623 899 quovis,
3653 839 3698 893 :i

431 912 580 976 velit,
614 910 768 966 facile
794 909 899 980 logi
930 919 1179 980 possunt.

1026 1029 1282 1082 ΚΕΦΑΛ.
1325 1025 1411 1083 ις’.

435 1122 568 1176 Ὀτι
597 1122 692 1175 καὶ
734 1120 1010 1177 Ἀκὲσιον
1042 1120 1153 1174 τὸν
1181 1118 1302 1175 τῶν
1332 1116 1731 1175 Ναυατιανῶν
1761 1118 2010 1172 ἐπίσκο-

501 1208 620 1244 πον
644 1195 675 1243 ό
701 1190 1001 1255 ,ϐασιλεὺς
1016 1191 1102 1264 εὶς
1126 1190 1241 1258 τὴν
1263 1189 1535 1244 σύνοδον
1550 1190 2007 1258 μετεστείλατο.

518 1302 577 1356 ’0
609 1300 666 1354 δὲ
716 1301 970 1372 θεοφιλὴς
1005 1300 1286 1371 βασιλεὺς,
1313 1304 1413 1369 τῆς
1444 1301 1636 1370 κοινῆς
1682 1299 2009 1371 προμηθού-

443 1410 603 1465 μενος
632 1393 891 1462 ὁμονοίας
912 1433 928 1458 ,
955 1394 1051 1446 καὶ
1093 1394 1341 1447 ’Λκέσιον
1370 1393 1463 1446 τδν
1496 1393 1605 1445 τῶν
1634 1392 2007 1446 Ναυατιανῶν

433 1490 733 1545 ἐπίσκοπον
761 1491 842 1552 είς
884 1491 983 1559 τὴν
1042 1490 1261 1542 σύνοδον
1314 1490 1743 1559 μετεστέλλετο,
1781 1489 1878 1541 καὶ⁸
1915 1488 2008 1551 τὸν

436 1583 533 1653 τῆς
578 1581 798 1636 συνόδου
847 1582 972 1648 ὅρον
1018 1583 1152 1649 περί
1206 1599 1270 1634 τε
1323 1583 1417 1635 τοῦ
1473 1582 1746 1652 δόγματος
1779 1580 2009 1647 καὶτῆς

435 1674 626 1744 ἑορτῆς
670 1674 980 1727 meum.
1032 1672 1249 1743 Ἡρὼτα
1293 1691 1352 1726 τε
1410 1676 1457 1726 εἰ
1493 1675 1586 1726 καὶ
1619 1673 1769 1741 αὐτῷ
1816 1673 1884 1727 τά
1918 1674 2007 1742 δότ

437 1776 605 1832 ξαντα
651 1768 747 1819 καὶ
802 1768 917 1831 τοῖς
952 1767 1276 1829 ἐπισκόποις
1327 1765 1698 1836 βεϐαιωθέντα
1753 1767 1900 1819 καὶᾶ
1942 1783 2005 1834 γε

2724 1028 2957 1105 CAPUT
2992 1027 3112 1083 xx.

2110 1118 2262 1185 Quod
2288 1119 2450 1175 etiam
2488 1119 2615 1173 Aces
2627 1122 2735 1194 ium
2762 1120 3183 1194 Novatianorum
3210 1123 3504 1193 episcopum
3529 1126 3698 1194 impe-

2500 1202 2650 1244 rator
2672 1193 2724 1245 in
2755 1193 3015 1261 synodum
3036 1194 3300 1247 arcitterit.

2180 1302 2448 1358 Caeterum
2481 1304 2784 1373 imperator
2814 1304 2909 1357 Dei
2952 1305 3369 1359 amantissimus
3396 1344 3410 1366 ,
3440 1305 3508 1360 de
3545 1320 3698 1360 0011}-

2109 1394 2259 1448 muni
2295 1394 2589 1449 concordia
2616 1394 2857 1451 sollicite
2886 1395 3158 1465 rogitans,
3183 1396 3441 1449 Acesium
3474 1412 3697 1465 quoque

2109 1483 2542 1537 Novatianorum
2592 1483 2919 1555 episcopum
2962 1486 3029 1538 ad
3084 1486 3384 1539 concilium
3415 1488 3693 1545 evocavit.

2108 1573 2271 1642 eique
2311 1579 2365 1626 et
2411 1572 2480 1626 de
2532 1572 2659 1626 lidei
2696 1572 2953 1645 dogmate
2997 1586 3050 1629 et
3082 1572 3152 1629 de
3200 1574 3292 1629 die
3324 1574 3466 1631 festo
3502 1574 3695 1629 deero-

2112 1673 2229 1719 tum
2264 1663 2460 1736 synodi
2485 1665 2756 1731 ostendit,
2792 1665 3270 1737 interrogavitque
3300 1666 3439 1722 adeo
3462 1683 3589 1722 eum
3619 1684 3687 1722 an

2109 1772 2174 1811 ea
2212 1767 2361 1811 recte
2412 1759 2492 1812 sic
2545 1757 2615 1812 ab
2664 1758 2941 1831 episcopis
2978 1768 3167 1812 essent
3219 1759 3545 1815 constituta.
3585 1759 3690 1825 Qui

434 1855 574 1911 εἶναι
603 1858 783 1911 δοκεῖ’
822 1859 915 1911 τὸν
952 1858 997 1912 δ’
1047 1859 1441 1924 ἐπαινέσαντα,
1504 1859 1675 1929 μηδὲν
1720 1876 1770 1912 τι
1816 1859 2005 1911 καινὸν

2110 1863 2237 1905 cum
2266 1864 2331 1904 ea
2362 1848 2661 1916 laudasset,
2698 1865 2879 1920 neque
2912 1851 3037 1904 novi
3069 1850 3369 1920 quidquam
3403 1850 3691 1904 definitum

433 1950 720 2020 ὁρίσασθαι
753 1951 947 2020 φάναι.
979 1949 1088 2002 Καὶ
1113 1950 1278 2003 αὐτὸν
1313 1951 1422 2018 γὰρ
1455 1949 1595 2003 οὕτω
1618 1950 1830 2004 ἄνωθεν
1858 1950 2006 2022 εἰλη-

440 2045 596 2112 φέναι
626 2045 688 2097 τὸ
723 2044 925 2110 δόγμα,
959 2045 1056 2097 καὶ
1102 2042 1245 2095 οὓτω
1279 2043 1343 2113 δὴ
1379 2043 1685 2113 ἑορτάζειν.
1733 2042 1790 2095 ’0
1826 2044 1883 2096 δὲ
1915 2042 2010 2113 βα·-

440 2133 620 2195 σιλεὺς
646 2173 659 2195 ,
714 2132 779 2184 Τί
833 2130 926 2184 οὖν
966 2130 1111 2185 οὕτω
1145 2130 1410 2200 δοξάζων,
1442 2132 1560 2196 πῶς
1602 2134 1699 2186 τοῦ
1740 2135 1837 2188 σὺν
1874 2136 2006 2205 ἡμῖν

436 2226 708 2278 κοινωνεῖν
762 2222 1108 2295 πορρωτέρω
1178 2226 1341 2296 γίνῃς
1406 2226 1517 2278 Καὶ
1578 2224 1638 2290 ὃς
1702 2226 1805 2295 τὴν
1862 2228 2008 2280 κατᾶ

434 2317 684 2371 Ναυᾶτον
727 2318 822 2369 καὶ
852 2316 1160 2387 Κορνήλιον
1189 2317 1281 2370 τὸν
1322 2316 1542 2388 Ῥώμης
1567 2317 1838 2387 διαφορὰν
1874 2318 2008 2372 ὑπε-

437 2409 707 2478 μίμνησκε
752 2408 896 2460 κατὰ
925 2407 1115 2462 Δέκιον
1142 2422 1157 2435 ‘
1204 2409 1401 2478 ὅτιπερ
1437 2409 1563 2473 τοὺς
1613 2411 1756 2479 μετά
1809 2408 1874 2462 τὸ
1908 2408 2007 2479 βά-

433 2518 647 2570 πτισμα
701 2501 1047 2571 ἁμαρτόντας
1089 2499 1190 2573 τὴν
1216 2502 1353 2572 πρὸς
1397 2501 1629 2556 θάνατον
1698 2503 2004 2574 ἁμαρτίαν,

441 2599 537 2647 καὶ
581 2593 988 2660 ὲπιθύσαντας,
1045 2594 1209 2649 θείων
1260 2595 1583 2667 μυστηρίων
1614 2597 1851 2666 ἀπηξίου
1905 2597 2006 2667 τῆς

437 2683 743 2748 κοινωνίας.
800 2681 935 2736 Θεοῦ
994 2681 1106 2755 γάρ
1167 2677 1311 2739 εἶναι
1376 2684 1474 2753 τῆς
1533 2683 1785 2751 ἐξουσίας
1846 2684 2005 2755 ἔλεγε

449 2778 636 2848 μόνου,
681 2776 778 2830 καὶ
815 2776 915 2847 οὐχ
968 2775 1161 2846 ἱερέων
1185 2815 1203 2840 ,
1242 2775 1612 2846 πρυτανεύειν
1654 2775 1871 2838 τούτοις
1903 2777 2003 2841 τὴν

433 2869 647 2936 ipsam.
699 2868 759 2921 Ὀ
799 2867 855 2921 δὲ
890 2865 1149 2938 βασιλεὺς
1179 2866 1257 2930 ὡς
1293 2868 1461 2938 τάχος
1493 2868 1736 2940 ὕπέφερε
1760 2884 1773 2898 ⁸
1802 2869 1926 2935 Θές,
1958 2868 2004 2923 ὦ

446 2961 680 3027 Ἀκέσιε,
708 2960 977 3031 κλίμακα,
1018 2962 1114 3013 καὶ
1141 2961 1308 3029 μόνος
1331 2960 1411 3025 είς
1439 2962 1707 3031 οὐρανοὺς
1742 2961 1999 3034 ἀνάΰηθι.

434 3054 618 3108 Ταῦτα
671 3054 716 3106 δ’
763 3054 942 3106 εἰπεῖν
982 3051 1074 3105 τὸν
1127 3051 1462 3123 κρατοῦντα,
1497 3052 1575 3124 μὴ
1618 3053 1710 3107 τὸν
1753 3054 2003 3109 Ἀκέσιον

432 3147 779 3208 ἐπαινοῦντα.
811 3146 924 3199 ἀλλ’
951 3146 1145 3216 ὅτιπερ
1200 3146 1591 3216 ἀναμάρτητον
1622 3147 1821 3200 ἑαυτὸν
1860 3149 2002 3219 τάχα

2108 1954 2232 1995 esse
2264 1938 2524 2006 dixisset,
2577 1956 2638 1998 se
2687 1942 2836 1995 enim
2868 1951 2925 1996 et
2956 1941 3099 1996 idem
3128 1943 3323 2014 dogma
3354 1942 3482 1997 ﬁdei
3515 1960 3545 1997 a
3580 1960 3695 1997 ma-

2101 2032 2323 2104 joribus
2346 2035 2649 2104 accepisse,
2675 2043 2734 2088 et
2762 2050 3044 2103 nunquam
3069 2035 3230 2090 aliter
3249 2037 3472 2091 Pascha:
3491 2035 3691 2091 festum

2106 2126 2444 2190 celebrasse,
2477 2126 2802 2197 imperator,
2837 2126 2942 2192 Qui
2999 2127 3190 2197 igitur,
3218 2128 3438 2198 inquit,
3472 2144 3597 2183 cum
3637 2128 3690 2181 in

2106 2218 2298 2277 eadem
2361 2220 2439 2275 sis
2503 2219 2795 2275 nobiscum
2852 2222 3166 2288 sententia,
3219 2237 3250 2275 a
3301 2221 3693 2277 communione

2108 2320 2297 2365 nostra
2328 2300 2632 2381 tantopere
2668 2312 2990 2368 abborres?
3032 2312 3114 2367 lbi
3162 2312 3254 2368 ille
3279 2313 3495 2369 dissidii
3539 2316 3689 2385 quod

2109 2404 2254 2459 inter
2282 2404 2553 2471 Novatum
2585 2415 2639 2462 et
2664 2403 2981 2462 Cornelium
3008 2407 3270 2462 Romana:
3298 2408 3454 2463 urbis
3475 2411 3695 2479 episco-

2106 2510 2235 2565 pum
2266 2484 2372 2561 sub
2408 2496 2572 2551 llccio
2618 2499 2951 2566 imperatore
3004 2499 3111 2553 fuit
3135 2539 3151 2563 ,
3191 2500 3440 2556 meminit
3470 2518 3484 2567 ;
3514 2501 3695 2557 Nova-

2110 2598 2221 2642 tum
2256 2589 2539 2654 videlicet,
2583 2605 2679 2645 eos
2719 2592 2812 2661 qui
2850 2601 2973 2661 post
3025 2592 3361 2663 baptismum
3403 2606 3692 2665 peccatum

2109 2682 2175 2737 ad
2226 2693 2458 2737 mortem
2514 2690 2876 2750 patrassent,
2926 2700 2991 2739 ac
3032 2686 3143 2741 diis
3195 2686 3628 2752 sacriﬁcassent,
3661 2706 3692 2742 a

2108 2776 2496 2832 communione
2558 2777 2873 2837 divinorum
2958 2779 3349 2850 mysteriorum
3405 2782 3691 2851 reiecisse.

2107 2868 2279 2923 solius
2307 2871 2426 2937 Dei,
2451 2881 2504 2926 et
2532 2886 2644 2926 non
2679 2871 3032 2937 sacerdotum
3064 2880 3395 2943 potestatem
3419 2890 3537 2929 eam
3572 2892 3693 2930 esse

2106 2958 2389 3026 dictitans,
2433 2962 2640 3018 talibus
2695 2962 3020 3019 hominibus
3075 2965 3461 3023 remissionem
3504 2965 3691 3022 delieti

2105 3051 2433 3105 concedere.
2467 3052 2547 3109 Ad
2565 3068 2730 3123 quem
2749 3038 2814 3107 ex
2850 3062 3099 3123 tempore
3121 3055 3421 3124 imperator
3444 3077 3458 3111 :
3480 3058 3689 3118 Scalas.

2107 3141 2309 3211 inquit,
2340 3144 2592 3210 admove,
2624 3142 2781 3199 Acesi
2806 3184 2820 3208 ,
2854 3153 2910 3198 et
2949 3144 3101 3199 solus
3133 3144 3188 3198 in
3230 3146 3400 3201 caelos
3430 3149 3690 3203 ascende.

435 3237 674 3309 ἐνόμιζε.
710 3238 822 3290 Καὶ
847 3236 916 3290 τὰ
944 3235 1044 3307 μὲν
1078 3234 1221 3289 κατὰ
1258 3237 1360 3307 τὴν
1402 3234 1627 3290 σύνοδον
1656 3235 1803 3290 οὕτω
1837 3240 2004 3309 προέ-

2105 3231 2224 3299 Quo
2257 3233 2426 3299 dicto,
2457 3249 2565 3289 non
2604 3234 2860 3289 Acesium
2919 3234 3011 3291 ille
3054 3235 3302 3291 laudavit
3330 3282 3345 3305 ,
3377 3238 3472 3293 sed
3503 3240 3692 3309 potius

432 3332 523 3398 6η,
557 3330 632 3393 ὡς
666 3331 724 3383 ἐν
765 3330 1017 3400 συντόμῳ
1057 3329 1257 3382 εἰπεῖν·
1285 3328 1397 3396 ἐγὼ
1423 3325 1472 3381 δ’
1506 3327 1606 3381 οὐκ
1650 3328 1870 3398 ὀκνήσω
1904 3330 2003 3381 τὰ-

436 3426 635 3493 σφαλὲς
673 3423 1029 3494 πρυτανεύων
1074 3425 1188 3485 τοῖς
1240 3422 1680 3493 γεγραμμένοις,
1717 3423 1793 3494 μὴ
1840 3424 1934 3476 καὶ
1965 3421 2004 3478 ἃ

435 3522 566 3590 περὶ
595 3518 687 3572 τοῦ
731 3518 886 3572 δόλου
943 3517 1054 3570 τῶν
1094 3513 1526 3587 Ἀρειομανιτῶν
1575 3514 1875 3579 Εὑστάθιος
1906 3516 2002 3569 καὶ

430 3612 753 3673 Ἀθανάσιος
806 3611 906 3679 τῆς
960 3607 1247 3667 εὐσεϐείας
1282 3608 1333 3660 οἱ
1368 3604 1630 3676 πρόϐολοι
1678 3608 1999 3677 γεγράφασι

429 3706 679 3759 διελθεῖν·
716 3705 817 3757 ὅσα
857 3719 917 3755 τε
960 3701 1126 3763 αὐτὸς
1171 3701 1200 3751 ὁ
1231 3700 1524 3771 Παμφίλου
1567 3699 1833 3763 Εὐσέϐιος
1876 3705 2004 3771 περὶ

430 3799 538 3849 τῶν
569 3796 837 3861 δοξάντων
864 3797 932 3865 τῇ
963 3793 1166 3865 συνόδῳ
1222 3795 1291 3864 τῇ
1329 3792 1435 3863 ἰδίᾳ
1467 3793 1750 3863 γέγραφεν
1796 3792 2000 3860 ἐκκλη-

436 3891 557 3960 σίᾳο
598 3890 678 3941 ἔτι
727 3888 786 3941 δὲ
830 3888 903 3941 τά
946 3887 1237 3959 ὁρισθέντα
1285 3887 1422 3940 πᾶσι
1482 3886 1734 3956 Πατράσι
1782 3885 1999 3948 κοινῶς·

434 3985 569 4052 πρὸς
619 3983 676 4037 δὲ
725 3983 820 4036 καὶ
861 3981 964 4035 ὅσα
1023 3983 1053 4035 ὁ
1098 3977 1354 4052 θεοφιλὴς
1405 3980 1826 4042 Κωνσταντϊνος
1888 3980 2003 4041 τοῖς

433 4074 750 4145 ἅπανταχοῦ
784 4074 859 4145 μὴ
888 4071 1128 4143 παροῦσι
1162 4071 1272 4124 τῶν
1300 4071 1622 4125 ἐπισκόπων
1653 4071 1782 4142 περί
1814 4088 1877 4124 τε
1905 4070 2001 4125 τοῦ

429 4166 698 4235 δόγματος
730 4170 826 4216 καὶ
850 4161 945 4215 τοῦ
977 4162 1169 4231 Πάσχα
1187 4202 1202 4226 ,
1226 4162 1322 4212 καὶ
1349 4159 1587 4230 Ἀρείου,
1616 4161 1711 4214 καὶ
1735 4159 1843 4212 τῶν
1870 4162 2003 4229 περὶ

434 4258 674 4327 Ἀρειον,
708 4255 791 4309 ἔτι
821 4254 876 4308 δὲ
918 4256 1013 4308 καὶ
1039 4240 1175 4324 περῖ
1201 4252 1294 4307 τοῦ
1323 4251 1699 4323 Νικομηδείας
1722 4252 2003 4323 γέγραφεν

429 4351 716 4405 Εὑσεσίου.
756 4350 793 4401 Γ
797 4350 970 4402 ἐνοιτο
1019 4348 1129 4419 γὰρ
1159 4345 1227 4402 ἂν
1278 4349 1344 4401 ὲκ
1385 4347 1595 4401 τούτων
1631 4348 1833 4418 μᾶλλον
1863 4347 1999 4417 δῆλα

430 4446 502 4498 τά
549 4446 617 4515 τῇ
672 4443 877 4510 συνόδῳ
933 4440 1275 4512 πραχθέντα.
1336 4442 1447 4494 Καὶ
1497 4440 1766 4511 πρότερόν
1817 4457 1883 4509 γε
1935 4444 2001 4494 τά

430 4534 733 4590 Εὑσταθίου
782 4532 878 4587 τοῦ
934 4534 1037 4603 τῆς
1077 4530 1412 4602 Ἀντιοχείας
1448 4532 1781 4603 ἐκθήσομαιο
1816 4534 1875 4586 ἐν
1916 4526 2001 4595 οἷς

430 4631 528 4701 τήν
579 4646 637 4682 τε
683 4626 789 4681 τῶν
828 4627 1125 4697 Ἀρειανῶν
1180 4624 1540 4696 βλασφημίαν
1598 4625 1852 4697 ἐλέγχει,
1904 4626 2001 4680 καὶ

428 4725 501 4777 τὰ
528 4722 845 4793 πραχθέντα
878 4720 1266 4774 ἀναδιδάσκει·
1316 4720 1413 4773 καὶ
1465 4725 1566 4791 τὴν
1618 4721 1779 4792 ῥῆσιν
1825 4722 2001 4795 ἑρμη-

428 4816 595 4879 νεύει,
632 4815 749 4885 τὴν,
780 4814 995 4880 Κύριος
1028 4811 1233 4866 ἐκτισέ
1264 4830 1342 4881 με
1371 4813 1572 4883 ἀρχὴν
1602 4812 1759 4869 ὁδῶν
1787 4813 1999 4870 αὐτοῦ.

400 4909 635 4976 ρΓράφει
662 4908 717 4961 δὲ
756 4906 901 4960 οὕτω
926 4920 939 4934 ⁸

1003 5106 1253 5160 ΚΕΦΛΛ.
1292 5105 1418 5160 ΛΔθ.

432 5192 542 5251 Οἷα
565 5196 898 5262 Εὑστάθιος
948 5198 1392 5267 όηἈντιοχείας
1444 5199 1542 5257 καὶ
1585 5199 1945 5267 Ἀθανάσιος
1971 5205 2005 5257 ὁ

499 5267 1047 5357 Ἀἔιεςανδρείας·,ιοί
1070 5265 1179 5337 τῆς
1199 5265 1513 5357 εὐσεϐείας
1536 5272 1844 5357 {motio/tat.
1865 5265 2007 5341 περὶ
2062 5342 2073 5357 _

498 5337 617 5392 τῶν
642 5339 711 5392 ἐν
732 5338 807 5407 τῇ
835 5338 1080 5403 συνόδῳ
1112 5339 1504 5409 πραχθέντων
1530 5337 1893 5411 ἱστόρησαν.

510 5542 529 5574 ι
564 5522 743 5576 Βαδιῶ
770 5521 817 5574 δ’
848 5518 1104 5574 ὶντιῦθιν
1127 5519 1224 5573 ἰπὶ
1243 5518 1313 5573 τὰ
1343 5519 1735 5590 πεπραγμένα.
1768 5520 1834 5573 Τί
1866 5520 1960 5578 οὖν
1986 5540 2003 5589 ;

441 5614 658 5687 Ἐπειδὴ
694 5614 783 5669 διὰ
804 5610 980 5668 ταῦτα
1007 5613 1226 5676 σύνοδος
1250 5613 1331 5675 είς
1361 5612 1464 5683 τὴν
1492 5611 1733 5667 Νίκαιαν
1755 5613 2007 5683 ἀφικνεῖ-

429 5727 527 5766 ται
564 5709 822 5781 μεγίστη,
857 5708 990 5778 μήτι
1018 5721 1083 5775 γε
1112 5706 1209 5759 καὶ
1234 5705 1617 5775 ὲὸδομήκοντα
1647 5704 1739 5759 τὸν
1773 5706 2007 5778 ἀριθμὸν

429 5803 596 5875 ὁμόσε
632 5799 1038 5871 συναχθέντων.
1092 5799 1166 5852 Τὸ
1213 5801 1324 5870 γὰρ
1377 5799 1554 5868 σαφὲς
1591 5798 1681 5853 διὰ
1725 5801 1854 5862 τοὺς
1902 5799 2005 5869 τῆς

432 5895 796 5965 πολυανδρίας
858 5893 1052 5964 ὄχλους
1103 5893 1204 5963 οὐχ
1252 5886 1366 5957 οἷός
1426 5892 1488 5945 τέ
1558 5892 1679 5962 ειμι
1725 5893 1998 5963 γράφειν,

2105 3323 2253 3395 quod
2311 3327 2615 3381 immunem
2666 3342 2696 3382 a
2742 3329 2986 3398 peccatis
3055 3345 3114 3383 se
3168 3328 3308 3385 forte
3357 3330 3695 3390 existimavit

2105 3434 2252 3481 esse,
2302 3420 2647 3489 perstrinxit.
2697 3421 2773 3476 Ac
2808 3437 2898 3477 res
2942 3421 3164 3492 quidem
3222 3424 3465 3487 ceucilii,
3525 3425 3692 3479 sicuti

2107 3510 2432 3568 brevissime
2470 3515 2873 3582 exposuimus.
2926 3524 3056 3570 sunt
3123 3525 3312 3586 gestae.
3368 3517 3501 3571 Mihi
3561 3534 3692 3572 vero

2106 3619 2272 3675 grave
2295 3614 2393 3660 aut
2424 3605 2716 3660 molestum
2749 3622 2857 3661 non
2895 3606 3082 3672 fuerit,
3110 3607 3177 3662 ad
3211 3608 3373 3664 ﬁdem
3412 3611 3687 3667 dictorum

2056 3692 2067 3703 ‘
2106 3693 2314 3748 certius
2363 3694 2823 3760 conﬁrmandam,
2877 3696 3038 3770 573
3085 3716 3206 3768 qua:
3235 3699 3304 3755 de
3336 3700 3464 3756 dolo
3501 3702 3692 3757 iuren-

2107 3787 2245 3841 tium
2306 3787 3016 3853 Arianorum.Eustathius
3066 3798 3124 3845 et
3175 3792 3513 3848 Athanasius
3546 3810 3693 3849 verae

2105 3877 2329 3948 pietatis
2361 3879 2775 3949 propugnacula
2823 3880 3215 3951 scripserunt,
3255 3884 3494 3955 allegare
3517 3925 3533 3950 ,
3567 3903 3693 3957 qua:

2108 3972 2238 4026 item
2270 3971 2541 4027 Eusebius
2572 3971 2842 4042 Pamphili
2878 3972 2947 4028 de
2971 3974 3163 4045 synodi
3196 3978 3693 4035 constitutionibus

2107 4078 2220 4118 sure
2243 4061 2582 4134 signiﬁcavit
2613 4064 2893 4131 Ecclesiae,
2922 4075 3186 4134 punierea
3222 4084 3344 4139 quae
3372 4086 3399 4123 ιι
3430 4072 3689 4129 Patribus

2109 4157 2383 4212 universis
2428 4166 2560 4211 sunt
2590 4161 2959 4212 communiter
3005 4157 3224 4215 decreta
3248 4201 3264 4226 ,
3296 4161 3533 4233 denique
3570 4181 3692 4235 quae

2110 4250 2221 4315 Deo
2254 4249 2456 4303 charus
2492 4248 2891 4303 Constantinus
2932 4251 2998 4305 ad
3031 4267 3399 4322 quoscunque
3430 4255 3692 4311 absentes

2110 4340 2400 4409 episcopos
2437 4339 2506 4393 de
2535 4338 2658 4393 tidei
2689 4340 2963 4410 dogmate,
2992 4343 3061 4396 de
3100 4342 3373 4398 Pascbate'
3394 4389 3409 4409 ,
3463 4347 3529 4399 de
3558 4349 3690 4401 Ario

2107 4433 2335 4503 ejusque
2367 4433 2754 4495 sectatoribus,
2792 4444 2848 4487 et
2898 4433 2965 4489 de
3008 4435 3126 4505 ipso
3169 4438 3406 4492 Eusebio
3436 4440 3691 4495 Nicome-

2107 4524 2286 4580 diensi
2341 4524 2584 4596 scripsit.
2611 4523 2690 4579 Ex
2739 4525 2804 4579 iis
2838 4526 2984 4581 enim
3035 4527 3273 4584 maxime
3324 4531 3517 4602 synodi
3569 4547 3690 4590 aeta

2029 4586 2531 4690 l)cognoseeutur.
2588 4618 2659 4675 Et
2710 4620 2947 4690 primum
3010 4620 3294 4678 Eustathii
3354 4625 3689 4683 Antiocheui

2108 4712 2351 4782 episcopi
2385 4712 2549 4767 Verba
2584 4728 2859 4783 exponam
2881 4753 2896 4778 ,
2932 4713 3134 4784 quibus
3173 4715 3503 4774 Arianorum
3546 4720 3692 4776 blas-

2109 4805 2387 4874 phemiam
2439 4805 2747 4876 redarguit,
2795 4816 2852 4860 et
2879 4822 2994 4861 rem
3033 4820 3240 4878 gestam
3273 4811 3437 4868 docet
3464 4823 3690 4885 galqtte

2112 4898 2337 4968 insuper
2376 4897 2583 4952 dictum
2618 4898 2774 4962 illud,
2809 4899 3069 4955 Dominus
3098 4905 3298 4957 creavit
3334 4923 3416 4959 me
3446 4905 3511 4961 ab
3539 4909 3690 4962 initio

2110 4990 2317 5043 viarum
2351 5004 2598 5058 suarum,
2636 4990 3053 5062 interpretatur.
3087 4994 3190 5060 Qui
3220 4997 3300 5051 sic
3336 4998 3548 5054 scribit.

2697 5106 2923 5167 CAPUT
2956 5108 3100 5166 XXI.

2113 5196 2310 5263 Qualia
2348 5196 2655 5254 Eustathius
2711 5200 3085 5267 Antias/tenus,
3125 5214 3172 5259 et
3215 5206 3538 5264 Athanasius
3572 5211 3696 5266 Alc-

2180 5269 2498 5349 agandrinus,
2544 5271 2770 5349 episwpi
2787 5312 2809 5349 _,
2840 5289 2975 5349 vera:
3008 5274 3220 5342 pietatis
3251 5289 3690 5349 prapugnatores,

2183 5341 2248 5423 de
2304 5340 2492 5411 synodi
2548 5342 2681 5395 actis
2717 5340 2978 5397 historiae
3010 5340 3377 5401 monumenta
3422 5340 3695 5417 ’ρνοέίιιεὲ

2187 5420 2314 5465 ηηι.

2192 5542 2211 5575 ι
2236 5523 2318 5578 Ad
2348 5536 2464 5577 rem
2497 5523 2673 5592 ipsam
2694 5564 2710 5589 ,
2741 5532 2803 5578 ut
2840 5536 2990 5594 gesta
3026 5534 3133 5588 est,
3176 5528 3522 5597 progredior.
3548 5528 3692 5597 Quid

2114 5616 2285 5688 igitur
2304 5614 2427 5670 est?
2455 5606 2754 5685 Postquam
2787 5626 2881 5670 eas
2906 5615 2977 5670 ob
3004 5630 3203 5674 causas
3230 5617 3426 5674 Nicaeae
3448 5622 3696 5689 synodus

2114 5715 2306 5764 coacta
2340 5712 2426 5761 est
2468 5704 2707 5760 maxima
2738 5706 3146 5776 (convenerunt
3173 5708 3324 5762 enim
3366 5700 3435 5765 'eo
3468 5708 3697 5767 ducenti

2114 5807 2170 5853 et
2231 5794 2578 5868 septuaginta
2644 5794 2763 5850 fere
2820 5804 3092 5867 praeterea
3142 5798 3430 5872 episcopi;
3485 5811 3697 5858 certum

2115 5890 2265 5946 enim
2298 5903 2610 5957 numerum,
2654 5897 2880 5960 propter
2912 5898 3119 5949 tantam
3179 5892 3553 5952 multitudinis
3582 5906 3701 5950 tur-
