4118 6458
462 415 480 421 η
497 369 566 430 70
1715 367 1993 427 NICEPI-l
2005 364 2142 424 0R1
2184 365 2270 426 CA
2282 364 2535 424 LUSTI

3675 365 3756 428 80

496 485 642 548 bam,
674 477 881 535 referre
918 491 1156 548 nequeo,
1190 490 1371 544 neque
1413 474 1464 528 id
1497 474 1634 529 adeo
1665 491 1862 544 magno
1892 475 2074 528 studio

2209 473 2367 542 πειδὴ
2402 473 2476 543 μὴ
2515 473 2694 542 πάντη
2722 469 2880 525 τοῦτο
2931 473 3421 544 περισπουδάστως
3451 474 3751 546 ἀνίχνευον.

496 591 617 632 sum
643 575 967 642 scrutatus),
1001 571 1093 625 ubi
1123 569 1190 624 de
1235 569 1358 622 fidei
1401 569 1615 622 ratione
1642 577 1726 623 est
1751 568 2068 636 quaesitum.

495 667 724 739 perinde
752 675 913 734 atque
941 661 1289 716 manifestum
1323 669 1706 731 argumentum
1732 669 1898 727 atque
1925 659 2070 712 indi-

495 761 647 814 cium
677 755 1051 827 blasphemiae,
1074 752 1291 808 Eusebii
1313 753 1576 822 scriptum
1605 761 1688 806 est
1713 751 2068 820 productum,

496 850 644 920 quod
694 849 748 902 in
797 845 1087 917 praesentia
1119 844 1365 898 omnium
1402 845 1634 905 lectum,
1687 857 1811 894 ctnn
1857 840 2069 893 varium

496 939 846 999 auditoribus
873 946 1081 992 motum
1124 944 1353 1006 propter
1380 949 1689 1003 perversam
1716 932 2072 1000 depravatio-

498 1051 646 1098 nem,
679 1043 793 1088 tum
823 1030 1038 1085 auctori
1088 1029 1192 1098 ipsi
1242 1026 1500 1095 probrum
1535 1025 1719 1080 attulit
1749 1023 2072 1080 maximum.

479 1129 859 1194 ‘Posteaqttam
897 1131 1080 1176 autem
1128 1127 1360 1174 conatus
1411 1117 1798 1171 fraudulentus
1848 1115 2072 1171 Eusebii

499 1216 795 1270 manifesto
824 1222 908 1268 est
939 1200 1342 1280 deprehensus,
1387 1219 1442 1262 et
1485 1209 1749 1277 scriptum
1790 1205 2075 1276 iniquissi-

500 1321 650 1359 mum
691 1305 747 1358 in
778 1312 1076 1371 conspectu
1125 1301 1371 1354 omnium
1421 1299 1783 1367 discerptum,
1812 1311 1878 1351 ex
1923 1311 2079 1352 eom-

499 1400 682 1468 posito
718 1393 967 1449 nonnulli
998 1391 1399 1462 pacificationis
1441 1405 1640 1445 nomen
1669 1405 1780 1459 pra:
1803 1404 1862 1444 se
1893 1387 2078 1442 feren-

467 1500 621 1553 ‘tes,
675 1486 1020 1551 effecerunt,
1056 1494 1119 1538 ut
1155 1484 1248 1552 qui
1299 1482 1501 1552 optime.
1538 1481 1842 1537 sententias
1887 1480 2074 1535 dicere

502 1583 650 1640 soliti
687 1583 928 1645 fuerant,
961 1580 1207 1635 silerent.
1251 1576 1437 1631 Ariani
1471 1592 1628 1640 vero,
1664 1584 1974 1631 metuentes
2004 1591 2074 1630 tte

503 1684 613 1728 tam
644 1672 947 1744 frequentis
970 1669 1188 1725 concilii
1229 1669 1448 1723 decreto
1491 1668 1736 1722 damnati
1768 1668 2076 1738 relegaren-

507 1776 618 1832 tur,
668 1767 884 1836 priores
917 1763 1020 1833 ipsi
1069 1762 1342 1816 sententia
1381 1775 1479 1814 sua
1513 1763 1832 1831 abrogatum
1879 1760 2075 1830 dogma

508 1859 856 1913 anathemate
908 1853 1273 1926 jugularunt;
1311 1861 1368 1908 et
1441 1851 1910 1908 consentientibus
1982 1866 2086 1904 an-

504 1948 884 2006 notationibus
936 1945 1264 2016 professioni
1318 1944 1440 1999 fidei
1489 1944 1742 1999 manibus
1805 1943 1908 2013 ipsi
1969 1942 2085 1998 suis

504 2043 994 2112 subscripserunt,
1051 2048 1108 2094 et
1169 2037 1578 2108 episcopalibus
1655 2052 1754 2107 per
1830 2035 2087 2091 ambitio~

474 2152 632 2192 :nem
673 2145 730 2191 et
775 2131 1362 2189 circumcursationem
1412 2131 1704 2186 maximam
1741 2143 1938 2184 manus
1960 2127 2086 2199 ple-

504 2244 802 2300 rorumque
848 2235 1234 2299 prensantes,
1283 2223 1380 2295 qui
1453 2223 1833 2294 paenitentiam
1901 2222 2086 2294 potius

457 2370 477 2374 ..
503 2339 666 2394 agere
717 2321 1062 2383 debuissent,
1094 2319 1357 2382 retentis;
1410 2325 1636 2387 postea,
1665 2330 1818 2370 nunc
1861 2315 2082 2385 quidem

471 2413 866 2479 “clandestine,
887 2410 1051 2483 574Ι
1079 2425 1228 2465 nunc
1259 2419 1445 2464 autem
1477 2409 1763 2479 propalam
1796 2407 2083 2462 damnatas

503 2509 745 2564 docuere
774 2504 1066 2574 opiniones
1093 2510 1150 2558 et
1177 2501 1346 2557 variis
1377 2515 1441 2556 ea
1474 2501 1530 2554 in
1552 2514 1612 2556 re
1644 2500 1729 2556 usi
1759 2509 1891 2556 sunt
1921 2515 2083 2570 argu-

471 2639 473 2641 -
504 2600 707 2655 mentis
731 2608 786 2654 et
817 2597 1054 2652 insidiis.
1082 2596 1148 2650 Et
1177 2609 1302 2649 cum
1331 2609 1569 2665 pangere
1601 2593 1803 2649 vellent
1837 2594 2080 2649 zizanio-

473 2707 626 2747 -rum
651 2691 889 2762 plantas,
919 2689 988 2744 ab
1035 2687 1355 2742 hominibus
1387 2687 1582 2757 peritis
1616 2685 1722 2741 sibi
1754 2695 2082 2751 metuentes,

503 2801 624 2849 eos,
650 2784 914 2854 aquibus
958 2778 1300 2852 deprehendi
1341 2786 1623 2848 pote-rant,
1657 2779 1998 2844 devitarunt,
2029 2787 2086 2834 et

505 2878 644 2933 alios
693 2891 840 2931 verae
892 2874 1116 2944 pietatis
1174 2884 1457 2941 praecones
1506 2881 1671 2940 atque
1742 2870 2086 2941 professores

479 2965 886 3022 'fraudulenter
929 2969 1333 3033 expugnarunt.
1379 2957 1508 3014 'Non
1554 2960 1834 3015 credimus
1874 2971 2084 3031 autem,

2187 567 2280 628 Ὠς
2327 565 2385 617 δὲ
2431 566 2680 634 ἐζητεῖτο
2727 563 2825 633 τῆς
2877 565 3116 628 πίστεως
3175 568 3202 618 6
3255 569 3478 636 τρόπος,
3522 568 3757 638 ἐναργὴς

2180 653 2280 721 μὲν
2319 653 2539 721 ἐλεγχος
2598 652 2660 704 τὸ
2703 652 2941 720 γράμμα
2973 653 3071 720 τῆς
3099 653 3364 706 Εὐσεϐίου
3394 655 3758 724 προύϐάλλετο

2145 746 2530 817 ,βλασφημίας
2557 761 2571 776 ·
2610 747 2703 798 ἐπὶ
2773 746 2994 798 πάντων
3044 745 3100 799 δὲ
3153 747 3523 815 ἀναγνωσθέν,
3560 747 3760 802 αὐτίκα

2179 859 2242 893 συ
2253 840 2470 910 μφορὰν
2513 839 2617 910 μὲν
2648 839 3003 910 ἀστάθμητον
3029 841 3128 910 τῆς
3152 841 3431 910 ἐκτροπῆς
3456 840 3621 894 ἕνεκα
3647 845 3760 903 τοῖς

2177 934 2472 1002 αὑτηκόοις
2537 933 2827 1004 προξενεῖ·
2896 934 3161 1004 αἰσχύνην
3223 934 3270 987 δ’
3331 934 3633 1005 ἀνήκεστον
3685 935 3762 1003 τῷ

2181 1027 2458 1096 γράψαντι
2525 1028 2812 1095 παρεῖχεν.
2869 1025 3089 1097 Ἐπειδὴ
3141 1026 3200 1079 δὲ
3278 1026 3340 1078 τὸ
3397 1013 3762 1096 ἐργαστήριον

2177 1119 2288 1170 τῶν
2339 1118 2487 1186 ἀμφὶ
2551 1118 2643 1170 τὸν
2706 1116 2968 1170 Εὑσέϐιον
3021 1117 3212 1187 σαφῶς
3270 1119 3452 1182 ἐάλω,
3500 1118 3593 1170 τοῦ
3653 1136 3760 1171 πχ-

2186 1209 2433 1281 ρανόμου
2485 1211 2817 1281 γράμματος
2879 1209 3272 1281 διαρραγέντος
3326 1212 3418 1265 ὑπ’
3457 1210 3578 1281 ὄψει
3627 1213 3764 1264 πάνυ

2177 1320 2287 1356 των
2334 1301 2470 1373 όμοῦ
2502 1343 2517 1366 ,
2585 1301 2732 1364 τινὲς
2780 1304 2840 1355 ἐκ
2915 1303 3192 1370 συσκευῆς
3251 1302 3491 1373 τοῦνομα
3524 1304 3766 1372 προεαλ-

2177 1401 2397 1470 λόμενοι
2446 1398 2550 1466 τῆς
2605 1397 2872 1467 εἰρήνης,
2934 1399 3305 1466 κατεσίγησαν
3366 1398 3466 1467 μὲν
3518 1399 3766 1457 ἃπαντας

2177 1494 2304 1556 τοὺς
2359 1495 2557 1564 ἄριστα
2615 1475 2792 1564 λέγειν
2827 1492 3087 1554 εἰωθότας
3116 1505 3130 1520 ·
3168 1491 3219 1542 οἱ
3251 1490 3308 1542 δὲ
3354 1488 3767 1559 Ἀρειομανῖται

2177 1587 2458 1650 δείσαντες
2501 1591 2713 1658 μήποτε
2765 1586 2875 1656 ἄρα
2909 1586 3182 1654 τοσαύτης
3224 1582 3445 1636 συνόδου
3498 1583 3557 1634 ἐν
3591 1579 3768 1648 τούτῳ

2181 1677 2708 1746 συγκεκροτημένης
2744 1674 3224 1745 ἐξοστρακισθεῖεν
3251 1711 3266 1736 ,
3298 1668 3770 1738 ἀναθεματίζουσι

2193 1768 2291 1838 μὲν
2320 1769 2776 1838 προπηδήσαντες
2807 1768 2869 1820 τὸ
2901 1762 3361 1838 ἀπηγορευμένον
3392 1761 3592 1830 δόγμα·
3626 1776 3769 1828 σιμ-

2193 1859 2395 1928 φώνοις
2443 1862 2500 1914 δέ
2544 1862 2869 1932 γράμμασιν
2899 1857 3222 1929 αὐτοχειρίᾳ
3259 1853 3610 1926 ὑπέγραψαν.
3645 1852 3772 1904 Τῶν

2190 1953 2244 2006 δὲ
2281 1953 2584 2024 προεδριῶν
2617 1953 2705 2006 διά
2736 1953 2995 2021 πλείστης
3026 1951 3159 2020 ὅσης
3191 1947 3535 2017 περιδρομῆς
3561 1945 3774 2014 κρατή-

2192 2062 2404 2109 σαντες,
2430 2047 2546 2098 δέον
2564 2046 2760 2107 αὐτοὺς
2785 2046 3102 2098 ὑπόπτωσιν
3125 2041 3448 2112 λαμϐάνειν,
3485 2038 3617 2092 ποτέ
3654 2038 3760 2106 μὲν

2185 2137 2515 2208 λεληθότως,
2567 2139 2700 2190 ποτὲ
2733 2138 2790 2190 δὲ
2825 2136 3118 2207 προφανῶς
3166 2137 3265 2197 τὰς
3293 2131 3775 2202 ἀποψηφισθείσας

2193 2228 2562 2300 πρεσϐεύουσι
2608 2229 2788 2294 δόξας,
2833 2229 3119 2299 διαφόροις
3163 2226 3614 2286 ἐπιϐουλεύοντες
3649 2226 3770 2284 τοῖς

2193 2324 2458 2392 ἐλέγχοις.
2514 2323 2842 2392 Βουλόμενοι
2891 2323 2949 2375 δέ
3013 2321 3298 2390 παγιῶσαι
3341 2319 3410 2373 τά
3470 2317 3776 2386 ζιζανιιῦδη

2192 2416 2651 2485 φυτουργήματα,
2679 2412 2979 2475 δεδοικότες
3007 2412 3134 2475 τοὺς
3160 2410 3566 2480 ἐπιγνώμονας,
3590 2408 3779 2462 ἐκκλί-

2191 2525 2343 2559 νουσι
2377 2509 2504 2569 τοὺς
2535 2507 2786 2576 ἐφόρους·
2817 2509 2918 2559 ,καὶ
2950 2505 3126 2577 ταύτῃ
3166 2505 3294 2567 τοὺς
3330 2505 3432 2574 τῆς
3469 2501 3780 2565 Εὑσεϐείας

2189 2601 2440 2670 κήρυκας
2475 2600 2906 2669 ἐκπολεμοῦσιν.
2941 2600 3054 2668 Οὐχ
3085 2597 3259 2661 οὕτως
3313 2597 3369 2650 δὲ
3419 2595 3778 2664 πιστεύομεν,

2192 2693 2269 2755 ὡς
2305 2692 2631 2762 ἀνθρώπους
2681 2692 2879 2756 ἀθέους
2927 2691 3192 2745 δύνασθαι
3227 2691 3504 2762 κρατῆσαι
3549 2688 3782 2741 πώποτε

2191 2784 2284 2836 τοῦ
2331 2785 2504 2839 θείου.
2565 2785 2684 2839 Κάν
2733 2789 2842 2855 γάρ
2885 2784 3050 2837 πάλιν
3101 2783 3406 2854 ἰσχύσωσι,
3449 2782 3544 2834 καὶ
3611 2779 3784 2831 πάλιν

2192 2877 2642 2948 ῂττηθήσονται,
2695 2880 2838 2932 κατά
2908 2879 3000 2932 τὸν
3065 2876 3415 2948 σεμνόφωνον
3486 2875 3786 2944 προφήτην

2202 2969 2459 3023 Ἡσαΐαν.
2496 2988 2517 3023 ι

505 3066 704 3136 impios
753 3071 916 3132 atque
966 3062 1086 3115 sine
1149 3058 1256 3113 Deo
1310 3058 1560 3113 homines
1609 3057 1798 3113 divino
1849 3061 2077 3117 numine
2117 3080 2357 3135 unquam
2425 3068 2543 3122 fore
2590 3069 2926 3137 superiores.
2984 3066 3211 3122 Etiamsi
3241 3067 3386 3120 enim
3436 3079 3629 3120 rursus
3686 3063 3791 3120 in-

507 3165 812 3222 valescant,
849 3173 1069 3213 rursum
1110 3166 1293 3212 tamen
1362 3157 1692 3224 vincentur,
1757 3157 1911 3226 juxta
1967 3162 2392 3234 grandiloquum
2433 3175 2488 3219 et
2521 3179 2744 3236 gravem
2787 3163 3111 3234 prophetam
3141 3161 3355 3228 Isaiam,
3388 3171 3494 3216 etc.
3527 3179 3556 3214 -ι

582 3255 710 3310 lliec.
761 3267 990 3324 magnus
1047 3251 1137 3306 ille
1169 3252 1506 3308 Eustathius.
1541 3252 1644 3318 Qui
1698 3269 1832 3309 vero
1893 3269 1960 3310 eo
2006 3257 2089 3311 vel
2119 3271 2161 3327 (ς

490 3346 718 3400 virtute
755 3345 841 3397 vel
901 3343 1121 3412 pietatis
1167 3342 1517 3396 aemulatione
1569 3342 1798 3397 inferior
1845 3360 1954 3398 non
1991 3355 2100 3410 est,

472 3485 476 3487 _
515 3433 982 3492 ceiebratissimus
998 3431 1438 3498 Atlianasius,ad
1471 3433 1633 3488 Afros
1682 3435 1956 3497 scribens.
1989 3436 2106 3492 haec

475 3572 481 3581 .
518 3529 717 3582 infert:
763 3546 780 3578 ι
812 3525 1064 3597 Episcopi
1089 3525 1181 3594 qui
1205 3537 1600 3591 convenerant,
1622 3540 1745 3580 cum
1781 3527 2003 3582 abolere
2035 3529 2104 3584 ab

484 3621 733 3676 =Arianis
755 3619 1093 3688 excogitatas
1147 3616 1443 3689 impietatis
1497 3632 1662 3672 voces
1711 3618 1831 3672 illas
1872 3620 1957 3689 (ex
1993 3634 2104 3674 non

517 3703 1243 3768 cxsistcntibus'creaturam
1268 3725 1388 3764 esse
1408 3720 1466 3765 et
1493 3708 1759 3765 facturam
1782 3710 2004 3776 Filium,
2025 3721 2102 3776 et,

488 3855 494 3859 .
528 3808 657 3860 Erat
679 3803 970 3875 aliquando
991 3812 1208 3871 tempus
1233 3817 1355 3856 cum
1385 3817 1493 3857 non
1525 3813 1667 3867 erat,
1691 3814 1746 3858 et
1764 3805 1909 3873 quod
1931 3815 2108 3859 muta-

523 3900 647 3953 bilis
683 3898 755 3953 sit
783 3895 1049 3966 naturae),
1068 3905 1232 3964 atque
1258 3909 1350 3949 eas
1383 3910 1504 3964 quae
1523 3911 1588 3949 ex
1609 3895 1852 3965 professo
1874 3897 1937 3951 in
1956 3897 2104 3952 Scri-

491 3992 697 4061 pturis
749 3999 873 4044 sunt
930 3988 1278 4058 promulgare
1313 3987 1538 4052 vellent,
1580 3989 1725 4058 quod
1775 3989 1987 4045 scilicet
2033 4005 2101 4046 ex

487 4085 633 4137 ..Deo
663 4082 832 4136 Filius
874 4091 1069 4134 natura
1127 4080 1445 4150 unigenitus
1494 4089 1579 4134 est
1616 4078 1878 4146 Verbum,
1903 4082 2096 4149 virtus,

525 4173 793 4242 sapientia
826 4171 944 4226 sola
974 4172 1174 4236 Patris,
1195 4171 1338 4226 Deus
1369 4179 1633 4236 verus,ut
1657 4170 1899 4226 Joannes
1927 4171 2099 4238 dixit;

519 4279 664 4321 etut
711 4268 913 4322 Paulus
941 4266 1203 4335 scripsit,
1252 4264 1756 4334 resplendescentia
1797 4265 2004 4334 glorias,
2047 4275 2104 4319 et

523 4376 782 4431 expressa
814 4360 993 4428 imago
1042 4358 1415 4413 subsistentia:
1467 4356 1644 4410 Patris
1677 4359 1718 4420 ¹,
1749 4356 2044 4411 Eusebiani
2071 4371 2101 4410 a

492 4454 743 4523 ,cpropria
777 4451 982 4505 insanae
1017 4448 1308 4520 opinionis~
1334 4448 1692 4517 persuasione
1747 4446 2100 4502 trausversim

525 4547 657 4609 acti,
687 4545 854 4598 inter
895 4533 992 4597 se-
1011 4550 1148 4594 sunt
1173 4539 1430 4594 collocuti
1465 4557 1477 4594 :
1530 4540 1754 4594 Pactum
1798 4540 2056 4594 feriamus
2083 4579 2097 4603 ,

2276 3262 2335 3314 '0
2381 3262 2482 3331 μὲν
2530 3257 2625 3314 οὖν
2677 3259 2844 3324 πολὺς
2892 3260 3190 3321 Εὑστάθιος
3241 3257 3450 3311 ταῦτα·
3499 3259 3528 3311 6
3575 3257 3635 3310 δὲ
3683 3257 3792 3329 τὴν

2211 3353 2412 3422 ἀρετὴν
2433 3353 2533 3422 οὐχ
2572 3348 2761 3425 ἦττον,
2793 3351 2826 3422 ἦ
2859 3352 2954 3404 καὶ
3001 3351 3092 3405 τὸν
3123 3350 3262 3417 ὑπὲρ
3301 3349 3588 3412 εὐσεϐείας
3613 3349 3796 3418 ,ζῆλον

2215 3445 2593 3514 πολυύμνητος
2660 3447 3036 3508 Ἀθανάσιος,
3121 3445 3352 3512 Ἀφροις
3414 3443 3791 3509 ἐπιστέλλων,

2195 3545 2306 3597 ,καὶ
2333 3542 2508 3595 ταῦτα
2541 3541 2797 3606 διέξεισι·
2838 3541 2988 3593 «Τῶν
3012 3539 3121 3610 γὰρ
3155 3538 3522 3593 συνελθόντων
3562 3538 3793 3589 ἐπισκό-

2214 3651 2332 3686 πων
2362 3635 2701 3704 βουλομένων
2723 3633 2817 3696 τὰς
2840 3633 2940 3704 μὲν
2963 3635 3114 3702 παρὰ
3135 3632 3244 3684 τῶν
3292 3632 3589 3702 Ἀρειανιῖλν
3620 3633 3713 3698 ὲφε
3725 3651 3792 3681 υ-

2213 3727 2468 3798 ρεθείσας
2522 3727 2624 3794 τῆς
2679 3725 2939 3789 ἀσεϐείας
2973 3725 3147 3790 λέξεις
3180 3724 3412 3790 ἀνελεῖν,
3445 3725 3524 3787 τὸ,
3568 3724 3655 3789 Ἐξ
3688 3723 3797 3775 οὐκ

2211 3820 2402 3884 ὅντων,
2427 3819 2520 3871 καὶ
2547 3819 2606 3871 τὸ
2629 3818 2807 3886 λέγειν
2837 3818 3045 3888 κτίσμα
3073 3820 3165 3871 καὶ
3185 3817 3396 3886 ποίημα
3413 3815 3512 3870 ,τὶν
3528 3815 3799 3870 Υίόνυιαὶ

2211 3915 2291 3976 τὸ,
2328 3907 2436 3965 Ἦν
2473 3912 2602 3965 ποτὲ
2638 3914 2728 3965 ότε
2754 3910 2858 3964 οὐκ
2882 3906 2985 3982 ἦν·
3016 3911 3114 3963 καὶ
3148 3909 3230 3961 ὅτι
3262 3910 3504 3979 τρεπτῆς
3537 3909 3654 3959 ἐστι
3687 3908 3798 3976 φύ-

2213 4021 2352 4067 σεως
2383 4019 2397 4033 ·
2430 4005 2530 4067 τὰς
2560 4005 2618 4058 δέ
2649 4004 2758 4056 τῶν
2811 4003 3048 4074 Γραφῶν
3080 4002 3524 4072 ὁμολογουμένας
3556 3999 3792 4070 γράψαι·

2209 4098 2383 4150 ὅτιτε
2439 4097 2500 4150 ἐκ
2549 4096 2643 4150 τοῦ
2692 4096 2830 4149 Θεοῦ
2867 4099 2895 4149 6
2938 4095 3066 4158 Υἱὸς
3127 4095 3287 4162 φύσει
3333 4093 3634 4162 μονογενής
3676 4095 3797 4145 ἐστι

2218 4189 2412 4255 Λόγος,
2447 4187 2702 4256 δύναμις,
2737 4187 2901 4254 σοφία
2934 4187 3070 4257 μόνη
3104 4185 3197 4238 τοῦ
3223 4185 3460 4255 Πατρὶς,
3492 4185 3625 4246 Θεὸς
3653 4183 3795 4253 ἀλη-

2211 4280 2380 4350 θινὸς,
2407 4282 2479 4343 ὡς
2528 4276 2683 4334 εἶπεν
2707 4283 2735 4334 6
2776 4279 3055 4349 Ἰωάννης,
3081 4280 3176 4333 καὶ
3201 4279 3273 4338 ὡς
3313 4277 3610 4347 ἔγραψενό
3645 4275 3796 4328 Παῦ-

2210 4371 2296 4433 λος
2320 4411 2335 4435 ,
2371 4372 2718 4442 ἀπαύγασμα
2754 4372 2851 4440 τῆς
2892 4371 3052 4440 δόξης
3102 4371 3197 4422 καὶ
3237 4369 3524 4440 χαρακτὴρ
3551 4369 3651 4436 τῆς
3693 4368 3796 4421 τοῦ

2211 4462 2423 4529 Πατρὸς
2447 4461 2820 4524 ὑποστάσεως·
2851 4463 2898 4513 el
2928 4459 3058 4528 περὶ
3096 4460 3357 4513 Εὑσέϐιον
3389 4459 3493 4510 ὑπὸ
3526 4458 3625 4526 τῆς
3657 4455 3797 4520 ἰδίας

2215 4550 2546 4614 κακοδοξίας
2589 4550 2898 4618 ἑλκόμενοι,
2936 4547 3228 4600 διελάλουν
3261 4547 3514 4610 ἀλλήλοις
3539 4562 3554 4577 ·
3584 4546 3798 4598 Συνθώο

527 4653 653 4691 nam
685 4644 740 4690 et
766 4649 866 4689 nos
892 4634 1097 4687 exDeo
1123 4647 1332 4686 sumus.
1370 4631 1522 4688 Unus
1553 4633 1702 4686 enim
1731 4643 1815 4685 est
1849 4632 2014 4696 Deus,
2046 4648 2093 4685 ct

2223 4642 2366 4711 μεθα
2393 4658 2404 4670 ·
2466 4645 2559 4696 καὶ
2596 4641 2714 4709 ,γάρ
2757 4641 2853 4693 καὶ
2895 4641 3148 4708 ἡμεῖςὲκ
3179 4639 3274 4691 τοῦ
3308 4639 3445 4691 Θεοῦ
3489 4641 3678 4705 ἐσμεν·
3715 4633 3798 4701 εἷς

532 4742 643 4796 quo
668 4727 882 4790 omnia;
915 4734 970 4777 et
995 4731 1181 4776 vetera
1209 4724 1772 4791 praeterierunt,ecce
1793 4737 1932 4776 nova
1968 4723 2111 4776 facta

531 4829 662 4873 sunt
712 4809 895 4870 Omnia
927 4816 1062 4880 ‘,ex
1112 4814 1224 4868 Deo
1257 4823 1439 4866 autem
1488 4815 1695 4868 omnia.
1756 4814 1817 4867 ln
1874 4823 2110 4867 mentem

537 4925 757 4981 quoque
803 4909 885 4962 eis
909 4907 1082 4972 venit,
1113 4904 1262 4976 quod
1316 4905 1372 4959 in
1405 4903 1626 4958 Pastore
1674 4907 1940 4975 scriptum
1988 4915 2117 4971 est;

530 5005 774 5058 l’rintutn
820 5001 1066 5056 omnium
1095 4999 1278 5062 crede,
1310 5014 1476 5052 unum
1513 5013 1634 5052 esse
1669 4998 1860 5061 Deum,
1883 4997 1976 5066 qui
2004 5012 2122 5050 om-

531 5103 624 5154 nia
663 5096 933 5152 creaverit
967 5104 1021 5149 et
1049 5094 1362 5164 perfecerit,
1402 5099 1566 5161 atque
1611 5107 1642 5146 e
1679 5090 1851 5144 nihilo
1893 5091 1945 5143 in
1980 5090 2112 5145 sub-

532 5189 792 5246 stantiam
847 5185 1160 5241 deduxerit.
1205 5183 1276 5236 At
1321 5182 1590 5252 episcopi,
1646 5181 1743 5235 ubi
1804 5180 2105 5236 versutiam

536 5287 758 5340 illorum
790 5290 956 5351 atque
1003 5278 1306 5348 impietatis
1352 5275 1645 5347 malignam
1689 5274 1940 5329 fraudem
1992 5273 2114 5327 ani-

535 5377 968 5437 madverterunt,
995 5369 1409 5425 dilucidandum
1445 5351 1588 5432 esse,
1619 5367 1764 5436 quod
1795 5381 1860 5420 ex
1895 5365 2002 5420 Deo
2029 5366 2114 5419 di-

533 5471 701 5532 citur,
740 5466 860 5528 rati,
915 5479 983 5519 ex
1017 5463 1324 5517 substantia
1357 5460 1433 5529 (l)
1472 5459 1566 5513 Dei
1589 5474 1710 5514 esse
1744 5459 1939 5513 Filium
1975 5457 2113 5512 scri-

610 5563 624 5592 ³
656 5561 822 5616 Hebr.
860 5575 898 5623 ι,
924 5558 977 5610 5.
1057 5557 1076 5586 ¹
1108 5553 1148 5607 ll
1183 5553 1312 5608 Cor.
1350 5551 1527 5613 v.17.

609 5675 684 5745 (l)
735 5675 929 5738 Ούσια,
967 5669 1273 5745 substantia
1319 5668 1435 5722 sive
1477 5666 1969 5745 essentia_dicitur
2005 5685 2018 5721 :
2055 5679 2111 5745 et

538 5737 786 5801 hoe'illo
833 5737 1231 5813 significantius
1277 5747 1362 5813 est
1417 5741 1665 5813 verbum.
1708 5737 1822 5813 Ego
1871 5753 2018 5813 _vero_
2054 5738 2107 5813 in

477 5875 482 5878 _
541 5817 805 5869 vertendo
836 5808 940 5874 pro
970 5812 1210 5865 essentia:
1253 5809 1578 5863 substantia!
1611 5809 1780 5862 verbo
1807 5808 1885 5864 uti
1916 5809 2106 5870 malui,

2217 4732 2322 4798 γάρ
2353 4729 2506 4790 Θεὸς,
2533 4729 2591 4794 ἐξ
2635 4723 2695 4781 οὗ
2731 4729 2799 4780 τά
2850 4729 3028 4782 πάντα
3055 4745 3071 4760 ο
3107 4732 3202 4780 καὶ
3223 4728 3290 4781 τά
3340 4729 3543 4799 ἀρχαῖα
3586 4727 3801 4797 παρῆ)-

2222 4823 2334 4874 θεν·
2380 4821 2494 4873 ἰδοὺ
2533 4822 2727 4888 γέγονε
2779 4822 2844 4873 τά
2878 4821 3058 4874 πάντα
3098 4804 3281 4874 καινά·
3319 4821 3388 4871 τά
3420 4820 3473 4872 δὲ
3508 4821 3684 4872 πάντα
3733 4822 3793 4872 ἐν

2229 4915 2326 4967 τοῦ
2370 4913 2531 4966 Θεοῦ.
2587 4914 2932 4980 Ἐλογίζοντο
2970 4918 3077 4984 γὰρ
3120 4915 3306 4967 καὶτὸ
3347 4916 3404 4966 ἐν
3451 4913 3528 4984 τῷ
3556 4915 3800 4982 Ποιμένι

2225 5007 2461 5077 γραφέν·
2501 5007 2728 5077 Πρῶτον
2769 5008 2993 5060 πάντων
3035 5009 3366 5073 πίστευσον,
3409 5007 3490 5060 ὅτι
3541 5003 3623 5069 εἷς
3653 5008 3802 5058 ἐστιν

2221 5101 2249 5152 6
2283 5099 2414 5158 Θεὸς
2440 5138 2452 5159 ,
2506 5100 2533 5150 6
2574 5101 2639 5152 τὰ
2670 5099 2849 5152 πάντα
2916 5100 3114 5163 κτίσας
3166 5099 3264 5152 καὶ
3311 5099 3671 5170 καταρτίσας,
3705 5101 3803 5152 καὶ

2222 5191 2457 5258 ποιήσας
2483 5191 2544 5242 ἐκ
2564 5189 2657 5243 τοῦ
2689 5191 2947 5260 μὴ’δντοςη
2966 5193 3045 5253 είς
3066 5191 3126 5244 τὸ
3158 5187 3323 5246 εἶναι.
3341 5191 3482 5244 ’Δλλ’
3501 5192 3548 5244 οἱ
3579 5191 3803 5243 ἐπίσκοο

2222 5295 2318 5330 ποι
2364 5278 2744 5347 θεωρήσαντες
2795 5279 2897 5345 τὴν
2937 5280 3277 5351 κακουργίαν
3322 5281 3546 5334 ἐκείνων
3575 5280 3672 5333 καὶ
3698 5281 3800 5348 τὴν

2224 5370 2319 5439 τῆς
2367 5371 2624 5433 ἀσεϐείας
2658 5371 3042 5440 κακοτεχνίαν,
3078 5371 3404 5442 λευκότερον
3444 5371 3702 5440 εἰρήκασι
3741 5371 3800 5420 τὸ

2226 5463 2290 5514 ὲκ
2313 5462 2406 5514 τοῦ
2438 5463 2573 5516 Θεοῦ
2603 5500 2616 5528 ,
2648 5463 2744 5515 καὶ
2777 5461 3027 5533 ἔγραψαν
3051 5465 3116 5516 ἐκ
3159 5463 3256 5534 τῆς
3292 5463 3482 5527 οὐσίας
3526 5463 3620 5516 τοῦ
3657 5460 3800 5513 0:95

2220 5678 2443 5793 prnlpler
2464 5669 2928 5750 ςοηειιίιειαηιὶαίὶε
2953 5669 3203 5733 verbum,
3222 5669 3481 5726 Ecclesia:
3501 5671 3801 5724 etiamnum

2221 5754 2302 5791 llSl
2333 5751 2660 5793 attssunum.

2221 5751 2360 5793 llSlla
2372 5751 2660 5794 lISSIIllum.
