4118 6462
348 453 411 520 81
1270 458 1873 521 ECCLESIASTIC/E
1913 459 2306 522 HlSTORl/E
2343 457 2488 523 LIB.
2526 461 2691 526 VIII.
2819 472 2827 478 ’
3557 460 3641 522 82.
3685 467 3688 472 ’

353 571 494 626 εἶναι
529 572 618 626 τὸν
653 570 818 626 Υίόι)”
839 573 926 626 ἵνα
970 574 1168 645 carpe;
1207 576 1489 646 κτίσματα
1520 575 1608 630 διὰ
1633 578 1694 630 τὸ
1728 577 1803 648 μὴ
1837 575 1930 645 ἀφ’

2049 587 2373 646 pseruntrut
2394 588 2660 634 creaturae
2681 579 2924 651 quidem,
2955 577 3098 649 quod
3127 595 3155 632 a
3189 577 3385 649 seipsis
3420 577 3628 647 absque

354 665 566 720 ἑαυτῶν
612 667 783 737 χωρὶς
832 667 1014 722 αίτίου
1065 665 1234 733 εἶναι,
1281 656 1402 723 ἀλλ’
1433 670 1612 742 ἀρχὴν
1644 672 1794 741 ἔχειν
1827 669 1926 724 τοῦ

354 759 624 828 γίνεσθαι,
659 760 888 830 λέγηται
941 763 1004 814 ὲκ
1060 760 1157 814 τοῦ
1215 760 1426 825 Θεοῦ,ό
1481 764 1538 816 δὲ
1577 762 1705 824 Υἱὸς
1744 763 1926 832 μόνος,

354 855 565 920 ἀϊδιος,
603 858 665 907 ἐκ
732 857 833 924 τῆς
893 855 988 908 τοῦ
1061 855 1278 925 Πατρδς
1320 855 1532 918 οὐσίας.
1581 855 1756 909 Τοῦτο
1819 856 1930 927 γὰρ

356 951 485 1003 ίδιον
519 949 844 1020 μονογενοῦς
895 949 992 1002 καὶ
1036 948 1294 1020 ἀληθινοῦ
1342 949 1518 1017 Λόγου
1556 949 1792 1022 Πατρός.
1820 950 1930 1004 Καὶ

351 1043 482 1112 περὶ
536 1043 635 1112 μὲν
686 1043 785 1096 τοῦ
839 1043 1155 1111 γεγράφθαι
1213 1044 1279 1096 ὲκ
1318 1043 1418 1110 τῆς
1459 1042 1656 1106 οὐσίας
1713 1043 1932 1113 πρόφα-

355 1154 442 1200 σις
479 1133 550 1208 ἦν
579 1135 739 1207 αῦτη⁹
773 1136 936 1191 πάλιν
975 1137 1032 1190 δὲ
1083 1136 1196 1190 τῶν
1248 1137 1569 1190 ἐπισκόπων
1596 1135 1931 1206 ἐρωτώντων

355 1227 482 1288 τοὺς
523 1225 815 1289 δοκοῦντας
871 1225 1113 1293 ὀλίγους,
1167 1226 1218 1280 εί
1274 1226 1487 1294 λέγοιεν
1531 1227 1623 1282 τδν
1685 1225 1814 1280 Υξὸν
1868 1227 1930 1277 οὔ

357 1319 588 1388 κτίσμα,
633 1318 768 1372 ἀλλὰ
813 1305 1096 1387 δύναμιν,
1135 1317 1331 1388 σοφίαν
1373 1335 1436 1371 τε
1478 1319 1650 1389 μόνην
1678 1318 1779 1372 τοῦ
1816 1319 1932 1370 Πα-

361 1409 505 1478 τρός·
548 1409 645 1462 καὶ
694 1408 878 1461 εἰκόνα
909 1409 1083 1463 ἀΐδιον
1111 1408 1538 1479 ἀπαράλλακτον
1576 1408 1721 1463 κατά
1757 1408 1933 1462 πάντα

355 1501 452 1555 τοῦ
490 1503 725 1572 Πατρδς,
768 1504 864 1557 καὶ
912 1503 1050 1556 Θεὸν
1088 1503 1368 1574 ἀληθινὸν,
1404 1502 1834 1573 κατελήφθησαν
1883 1504 1932 1556 οί

361 1596 491 1666 περὶ
529 1595 792 1648 Εὑσέϐιον
823 1595 1168 1660 διανεύοντες
1204 1596 1486 1667 ἀλλήλοις,
1528 1599 1610 1651 ὅτι
1639 1595 1933 1650 καὶταῦτα

362 1687 554 1754 φῢάνει
586 1686 683 1740 καὶ
716 1687 794 1748 είς
820 1687 990 1757 ἡμᾶς·
1025 1689 1116 1739 καὶ
1151 1687 1262 1758 γάρ
1311 1687 1410 1742 καὶ
1448 1689 1616 1759 ἡμεῖς
1642 1686 1809 1742 εἰκὼν
1839 1689 1934 1742 καὶ⁵

359 1776 488 1840 δὸξα
512 1777 604 1831 τοῦ
635 1778 771 1831 Θεοῦ
822 1777 1096 1848 λεγόμεϐα
1124 1794 1137 1808 ·
1170 1780 1267 1833 καὶ
1301 1780 1431 1849 περὶ
1477 1780 1656 1850 ήμῶν-
1688 1780 1932 1852 εἴρηται,

361 1875 460 1925 Ast
515 1874 624 1945 γὰρ
659 1875 824 1944 ἡμεῖς
882 1875 933 1928 oi
989 1874 1218 1940 ζῶντες,
1272 1876 1392 1940 καὶ,
1428 1875 1702 1946 Δυνάμεις
1743 1876 1935 1930 πολλαί

2035 674 2260 724 auclore
2292 669 2656 726 substantiam
2690 687 2798 726 non
2845 671 3065 741 capiant
3093 711 3108 737 ,
3161 669 3256 726 sed
3289 669 3626 741 principium

2037 760 2334 816 creationis
2385 777 2498 817 suae
2545 777 2612 817 ex
2662 763 2772 818 Deo
2811 763 3081 828 habeant‘,
3114 762 3197 818 sic
3225 777 3294 815 ex
3341 761 3454 817 Deo
3504 775 3629 817 esse

2038 842 2474 925 perhibeantur:
2509 856 2682 912 Filius
2711 867 2894 912 autem
2929 858 3078 912 solus
3107 865 3367 920 aeternus,
3397 871 3462 910 ex
3501 856 3632 909 sub-

2038 949 2237 1005 stantia
2268 951 2441 1006 Patris
2465 966 2584 1006 esse
2617 951 2850 1008 dicatur.
2886 953 3000 1008 Hoc
3025 952 3229 1007 etenim
3262 950 3538 1021 peculiare
3579 959 3631 1003 et

2039 1041 2320 1110 proprium
2355 1044 2623 1114 unigeniti
2672 1054 2728 1099 et
2775 1043 2891 1099 veri
2922 1042 3085 1100 Verbi
3139 1041 3340 1097 Patris.
3390 1041 3466 1096 Ac
3496 1041 3632 1094 scri-

2042 1131 2246 1200 ptionis
2276 1133 2495 1204 quidem
2527 1140 2648 1202 ejus
2677 1151 2800 1205 qua;
2849 1143 2965 1199 est,
2995 1150 3060 1188 ex
3087 1133 3397 1189 substantia
3429 1132 3627 1194 Patris,

2041 1225 2255 1280 occasio
2288 1234 2346 1281 et
2385 1243 2546 1282 causa
2593 1228 2708 1282 haec
2743 1226 2867 1284 fuit.
2919 1227 3209 1296 Episcopis
3245 1241 3408 1295 porro
3440 1240 3633 1278 rursus

2041 1333 2268 1388 paucos,
2301 1328 2362 1374 ut.
2407 1329 2518 1374 tum
2567 1321 2919 1385 videbantur,
2973 1320 3094 1374 illos
3132 1318 3630 1388 interrogantibus,

2040 1426 2111 1466 an
2153 1411 2350 1467 Filimn
2393 1413 2639 1468 dicerent
2685 1430 2794 1469 non
2844 1424 3152 1468 creaturam
3180 1455 3193 1478 ,
3231 1414 3326 1467 sed
3373 1413 3632 1466 virtutem

2041 1506 2476 1576 sapientiamque
2501 1507 2671 1561 solam
2709 1506 2907 1566 Patris.
2948 1505 3111 1576 575
3139 1514 3302 1575 atque
3336 1504 3628 1574 imaginem

2043 1599 2451 1667 sempiternam,
2486 1615 2593 1654 non
2619 1598 2944 1665 variantem,
2967 1607 3022 1654 et
3045 1598 3281 1653 similem
3319 1612 3418 1665 per
3447 1596 3633 1651 omnia

2044 1689 2190 1744 Patri
2225 1700 2279 1744 et
2306 1691 2417 1745 Deo
2450 1705 2602 1752 vero,
2655 1689 2984 1760 deprehensi
3026 1698 3156 1744 sunt
3186 1687 3488 1743 Eusebi-ani
3511 1689 3634 1754 ,‘sibi

2045 1781 2279 1836 invicem
2309 1783 2538 1837 innuere
2570 1792 2733 1854 atque
2765 1783 2971 1848 dicere,
3004 1784 3120 1837 haec
3171 1783 3228 1837 in
3272 1797 3372 1836 nos
3415 1796 3635 1850 quoque

2044 1875 2264 1939 cadere,
2292 1876 2440 1945 quod
2489 1885 2544 1930 et
2575 1891 2674 1930 nos
2720 1877 2898 1946 imago
2923 1885 2976 1930 et
3017 1873 3188 1945 gloria
3229 1873 3324 1928 Dei
3361 1873 3632 1928 dicamur.

363 1969 492 2020 εἰσιο
532 1969 649 2031 καὶ,
695 1967 922 2036 Ἐξῆλοε
959 1969 1109 2020 πᾶσα
1156 1969 1190 2038 ἡ
1249 1968 1483 2038 δύναμις
1533 1969 1630 2022 τοῦ
1677 1969 1815 2022 Θεοῦ
1871 1971 1938 2023 ἐκ

2049 1969 2116 2022 Ac
2143 1967 2211 2022 de
2241 1967 2554 2023 nobisillud
2586 1967 2792 2022 dictum
2823 1983 2965 2032 esse,
3005 1967 3240 2034 Semper
3274 1965 3423 2020 enim
3458 1981 3559 2020 nos
3583 1974 3635 2018 et

364 2061 461 2128 τῆς
503 2057 808 2126 Αἰγύπτου.
851 2057 919 2111 Ἥ
961 2057 1018 2111 δὲ
1053 2057 1254 2128 κάμπη
1295 2060 1456 2128 καὶὴ
1512 2060 1676 2128 ἀκρίς
1724 2059 1940 2128 λέγεται

366 2149 592 2220 δύναμις
630 2151 877 2222 μεγάλη·
917 2153 1035 2216 καὶ,
1079 2150 1288 2219 Κύριος
1338 2151 1446 2204 τῶν
1472 2151 1758 2220 δυνάμεων
1796 2152 1943 2204 ἀντι-

366 2245 592 2314 λήπτωρ
627 2243 786 2314 ἡμῶν
831 2246 858 2297 ό
907 2244 1039 2306 Θεὸς
1089 2243 1312 2298 Ἰακώϐ.
1344 2245 1507 2298 Ἀλλά
1537 2244 1634 2298 καὶ
1674 2243 1736 2297 τὸ
1774 2244 1942 2310 ἰδίους

367 2339 513 2407 ἡμᾶς
544 2333 688 2391 εἶναι
727 2337 822 2392 τοῦ
873 2337 1011 2391 Θεοῦ
1057 2337 1258 2408 ἔχομεν
1305 2340 1404 2408 οὐχ
1457 2339 1664 2403 άπλῶςο
1707 2338 1824 2393 ἀλλ’
1857 2342 1940 2392 ὅτι

366 2437 462 2486 καὶ
495 2433 764 2502 ἀδελφοὺς
795 2435 942 2503 ἡμᾶς
974 2433 1258 2487 ἐκάλεσεν.
1291 2433 1350 2486 Εἰ
1376 2435 1432 2486 δὲ
1463 2435 1560 2488 καὶ
1589 2434 1722 2486 Θεὸν
1747 2433 1940 2502 ἁληοι-

365 2529 456 2580 νὸν
489 2526 710 2595 λέγουσι
737 2527 830 2579 τὸν
856 2527 1007 2590 Υξὸν,
1032 2527 1094 2580 οὑ
1122 2527 1285 2580 λυπεῖ
1313 2529 1480 2597 ἡμᾶς’
1515 2527 1808 2596 γενόμενος
1832 2527 1942 2597 γάρ

367 2620 616 2691 ἀληθινός
645 2623 814 2674 ἐστιν.
867 2619 1018 2690 Λῦτη
1049 2621 1082 2690 ή
1121 2619 1231 2673 τῶν
1262 2621 1572 2690 Ἀρειανῶν
1617 2620 1939 2691 ὲφῦαρμένη

364 2713 590 2767 διάνοια.
652 2713 813 2766 Ἀλλὰ
859 2715 951 2766 καὶ
993 2711 1229 2765 ἐνταῦθα
1273 2713 1324 2765 οἱ
1370 2715 1666 2766 ἐπίσκοποι
1727 2713 1942 2781 θεωρή-

369 2821 560 2868 σαντες
599 2807 774 2859 ἐκεῖνο
828 2807 888 2859 τὸ
934 2805 1136 2869 δόλιον,
1172 2805 1486 2873 συνήγαγον
1545 2808 1607 2857 ὲκ
1663 2805 1773 2856 τῶν
1803 2805 1945 2874 Γρα-

369 2894 485 2960 rpth
523 2894 580 2946 τὸ
613 2893 974 2964 ἀπαύγασμα,
1012 2895 1111 2964 τήν
1159 2911 1218 2947 τε
1269 2895 1457 2963 πηγὴν
1481 2934 1495 2959 ,
1527 2897 1623 2947 καὶ
1669 2895 1938 2964 ποταμὸν,

368 2989 463 3040 καὶ
491 2987 816 3058 χαρακτῆρα
868 2987 1006 3057 πρὸς
1053 2989 1153 3058 τὴν
1201 2986 1538 3040 ὑπόστασιν·
1591 2978 1681 3039 καὶ
1717 2988 1800 3053 τὸ,
1841 2988 1944 3041 Ἐν

368 3079 450 3144 τῷ
473 3083 616 3149 φωτί
644 3098 761 3135 σου
787 3081 1057 3150 ὀψόμεθα
1113 3079 1240 3150 φῶς
1265 3098 1281 3114 ο
1315 3081 1410 3134 κα)⁸
1440 3084 1498 3134 τὸ
1525 3123 1540 3149 ,
1586 3081 1737 3151 Ἐγὼ
1773 3081 1873 3136 καὶ
1907 3083 1942 3136 ό

368 3175 570 3244 Πατὴρ
595 3175 664 3229 ἓν
693 3177 916 3244 ἐσμενο
951 3177 1050 3230 καὶ
1101 3177 1435 3247 λευκότερον
1469 3176 1660 3230 λοιπον
1689 3179 1785 3230 καὶ
1818 3193 1944 3230 συν-

370 3269 553 3338 τόμως
605 3269 852 3338 ἔγραψαν
905 3267 1197 3340 ὁμοούσιον
1250 3269 1331 3340 τῷ
1378 3269 1575 3339 Πατρί.
1620 3271 1730 3323 Καὶ
1785 3268 1944 3322 τοῦτο

371 3361 666 3429 ἐγίνωσκεν
729 3361 987 3424 Εὐσέϐιος
1042 3362 1070 3414 ό
1135 3361 1434 3431 γενόμενος
1493 3363 1794 3424 ἐπίσκοπος
1845 3366 1944 3431 τῆς

372 3455 730 3524 Καισαρείλς,
765 3455 845 3507 ὅτι
879 3453 1124 3524 ἄγραφοι
1176 3454 1318 3508 εἰσιν
1351 3454 1410 3508 αἱ
1451 3454 1652 3520 λέξεις.
1690 3454 1945 3524 Ἔλεγχε-

371 3564 460 3600 ται
490 3547 546 3602 δὲ
584 3547 713 3618 παρ’
769 3547 948 3601 αύτῶν
988 3549 1254 3619 ματαίωςο
1286 3547 1345 3608 ἐξ
1381 3547 1649 3618 ἀγράφων
1689 3548 1799 3616 γάρ
1846 3548 1948 3600 κά-

373 3644 541 3694 κείνοι
593 3642 916 3704 ἀσεϐοῦντες
968 3636 1132 3710 ἦσαν.
1173 3642 1440 3712 Ἀγραφα
1491 3640 1549 3694 δὲ
1596 3641 1694 3703 τὸ,
1727 3639 1820 3704 Ἐξ
1845 3641 1947 3694 οὑκ

373 3733 563 3785 ὅντων*
602 3733 698 3786 καὶ
751 3733 847 3797 τὸ,
882 3729 990 3786 Ἦν
1028 3732 1160 3787 ποτὲ
1209 3733 1299 3786 ὅτε
1353 3732 1457 3786 οὐκ
1509 3729 1600 3804 ἦν,
1638 3731 1943 3786 αἰτιῶνταιο

385 3827 473 3881 διὰ
503 3826 662 3880 τοῦτο
718 3826 776 3893 ὲξ
829 3828 1092 3896 ἀγράφων
1151 3825 1270 3895 μετ’
1297 3825 1580 3889 εὐσεϐείας
1640 3841 1949 3895 νοουμενων

377 3919 574 3985 λέξεων
624 3917 1054 3988 κατεκρίθησαν.
1093 3919 1259 3972 Αὐτοὶ
1322 3919 1422 3988 μὲν
1485 3918 1594 3989 γὰρ
1633 3918 1706 3982 ὡς
1761 3918 1824 3969 ὲκ
1858 3935 1952 3970 κο-

287 4074 300 4081 _
377 4011 544 4079 πρίας
599 4011 851 4079 εὑρόντες
913 4009 1184 4080 ἐλάλησαν
1230 4008 1450 4079 ἀληθῶς
1501 4010 1610 4061 ἀπὸ
1642 4009 1768 4079 γῆς·
1802 4010 1853 4062 οί
1893 4007 1951 4060 δὲ

377 4105 665 4157 ἐπίσκοποι
713 4106 810 4175 οὐχ
853 4106 1067 4166 ἑαυτοῖς
1094 4104 1348 4174 εὑρόντες
1376 4105 1477 4167 τὰς
1506 4103 1703 4169 λέξεις,
1737 4103 1854 4156 ἀλλ’
1885 4105 1951 4155 ὲκ

375 4197 489 4250 τῶν
533 4197 792 4268 Πατέρων
825 4199 1038 4268 ἔχοντες
1070 4197 1170 4266 τὴν
1207 4198 1540 4267 μαρτυρίαν,
1577 4195 1749 4257 οὕτως
1783 4195 1952 4265 ἐγρα-

377 4291 509 4360 ψαν.
550 4290 872 4344 Ἐπίσκοποι
911 4291 1020 4362 γὰρ
1058 4292 1280 4358 ἀρχαῖοι
1321 4290 1428 4358 πρὸ
1459 4289 1598 4342 ἐτῶν
1629 4289 1796 4356 ἐγγύς
1845 4304 1950 4342 που

379 4383 572 4435 ἑκατὸν
601 4384 898 4453 τριάκοντα
946 4383 1046 4452 τῆς
1085 4399 1145 4435 τε
1185 4381 1428 4452 μεγάλης
1470 4379 1693 4450 Ῥώμης
1720 4381 1815 4434 καὶ⁶
1852 4381 1955 4449 τῆς

379 4475 654 4546 ἡμετέρας
699 4478 908 4541 πόλεως
941 4478 1240 4548 ᾐτιάσαντο
1270 4479 1397 4538 τοὺς
1432 4477 1644 4546 ποίημα
1692 4475 1954 4544 λέγοντας

377 4563 641 4628 τὺνΥἱὸν,
675 4567 770 4619 καὶ
806 4567 880 4635 μὴ
923 4566 1210 4636 ὁμοούσιον
1253 4567 1332 4636 τῷ
1385 4567 1587 4635 Πατρῐ.
1630 4567 1744 4620 Καὶ
1792 4564 1954 4618 τοῦτο

2043 2061 2138 2132 qui
2170 2061 2404 2115 vivimus
2435 2079 2450 2127 ;
2481 2070 2557 2126 et,
2589 2059 2835 2116 Virtutes
2881 2061 3067 2116 multa:
3105 2071 3235 2114 sunt
3269 2077 3283 2114 :
3315 2069 3403 2124 et,
3455 2058 3637 2112 Exivit

2041 2153 2223 2208 omnis
2251 2153 2423 2209 virtus
2462 2154 2577 2207 Dei‘
2612 2169 2676 2207 ex
2724 2152 2957 2224 Aigypto
2991 2169 3006 2219 ;
3061 2162 3138 2220 et,
3202 2152 3440 2208 Erucam
3471 2161 3636 2221 atque

2043 2246 2308 2301 locustam
2338 2245 2444 2300 dici
2476 2247 2733 2301 virtutem
2771 2261 3020 2316 magnam
3066 2262 3082 2312 ;
3117 2254 3192 2311 et,
3226 2244 3495 2299 Dominus
3523 2245 3636 2298 vir-

2044 2335 2223 2394 tntum
2283 2339 2611 2403 nobiscum,
2652 2349 2941 2408 susceptor
2996 2347 3184 2394 noster
3246 2337 3391 2392 Deus
3441 2337 3634 2393 Jacub.

2045 2429 2153 2485 Sed
2179 2441 2234 2485 et
2263 2432 2570 2501 peculiares
2591 2448 2690 2486 nos
2721 2431 2813 2485 Dei
2847 2446 2988 2494 esse,
3019 2445 3130 2484 non
3157 2419 3638 2499 simplicitcrdici,

2043 2537 2234 2575 verum
2269 2523 2464 2576 fratres
2497 2523 2661 2576 etiam
2689 2523 2898 2577 vocari.
2933 2521 3090 2589 Quod
3119 2522 3164 2577 si
3195 2537 3386 2577 verum
3413 2536 3637 2590 quoque

2043 2615 2216 2670 Deum
2254 2616 2448 2670 Filium
2477 2616 2684 2681 dicant,
2727 2617 2862 2670 nihil
2904 2633 3004 2670 nos
3052 2616 3104 2670 td
3140 2617 3427 2685 perturbat
3463 2633 3477 2674 :
3509 2632 3636 2670 cum

2044 2711 2190 2764 enim
2241 2709 2416 2764 iactus
2453 2710 2546 2774 sit,
2603 2724 2766 2764 verus
2810 2719 2914 2762 est.
2953 2707 3078 2763 ":26
3110 2724 3244 2763 sane
3284 2719 3365 2762 est
3399 2708 3638 2762 Ariano-

2044 2817 2165 2855 rum
2199 2818 2448 2870 perversa
2485 2804 2778 2857 sententia.
2809 2801 3157 2872 Quapropter
3180 2803 3421 2872 rpisc0pi
3448 2802 3636 2866 etiam,

2044 2896 2169 2950 dolo
2215 2911 2279 2950 eo
2338 2906 2647 2966 perspecto,
2695 2911 2760 2950 ex
2798 2895 3100 2966 Scripturis
3148 2897 3519 2964 collegerunt,
3552 2911 3639 2948 re-

2044 2987 2560 3057 splendcscentiam,
2601 2989 2830 3049 fontem,
2864 2988 3118 3051 ﬂuvium,
3148 3001 3472 3057 expressam
3501 2987 3640 3040 ima-

2044 3082 2223 3152 ginem
2256 3083 2572 3137 substantitn
2609 3099 2622 3136 :
2659 3091 2734 3144 et,
2767 3080 2830 3135 In
2865 3080 3058 3135 lumine
3096 3088 3184 3134 tuo
3219 3081 3506 3136 videbimus
3553 3086 3640 3135 lu-

2046 3190 2165 3228 men
2185 3176 2233 3228 ‘:
2267 3183 2340 3239 et,
2377 3173 2484 3245 Ego
2505 3189 2552 3228 et
2579 3174 2739 3228 Pater
2767 3190 2927 3228 unum
2956 3190 3157 3235 sumus,
3196 3172 3642 3241 Iuculcntiusque

2046 3266 2308 3335 deinceps
2357 3276 2413 3320 et
2467 3267 2915 3334 compendiosius
2975 3265 3344 3336 scripserunt,
3398 3265 3640 3320 consub-

2047 3359 2358 3415 stantialem
2413 3359 2586 3416 Patri.
2619 3359 2751 3426 Quae
2802 3359 2967 3414 verba
3011 3358 3322 3432 Scriptura;
3358 3373 3464 3414 non
3496 3372 3642 3424 esse,

2053 3452 2321 3508 Eusebius
2353 3454 2709 3510 Caesariensis
2759 3453 3056 3523 cpiscopus
3090 3452 3247 3505 novit
3282 3452 3363 3522 (l)
3401 3469 3416 3507 :
3448 3450 3543 3506 sed
3573 3451 3642 3507 ab

2049 3545 2130 3601 eis
2161 3546 2330 3601 stulte
2354 3545 2858 3616 reprehenduntur.
2895 3546 3101 3600 Prtetcr
3121 3543 3463 3614 Scripturam
3493 3544 3641 3598 enim

2049 3639 2224 3709 etipsi
2252 3639 2550 3710 impietatis
2570 3649 2827 3694 auctores
2855 3638 3126 3707 eranttﬁ).
3155 3638 3376 3691 Minime
3405 3652 3643 3706 namque

2053 3731 2352 3804 Scriptura:
2401 3733 2572 3787 verba
2631 3740 2780 3798 sunt,
2811 3731 2888 3785 Ex
2940 3748 3049 3786 non
3079 3730 3477 3785 exsistentibus
3514 3741 3643 3796 ,-et,

2051 3825 2180 3881 Fuit
2206 3818 2504 3894 aliquando
2537 3833 2775 3894 tempus,
2808 3840 2933 3878 cum
2987 3840 3094 3881 non
3147 3831 3309 3877 esset.
3350 3821 3539 3892 Itaque
3565 3822 3643 3877 illi

2051 3918 2238 3973 verbis
2290 3933 2400 3971 non
2449 3933 2516 3972 ex
2562 3916 2843 3986 Scriptura
2871 3915 3096 3986 quidem
3154 3917 3364 3986 petitis,
3407 3917 3503 3970 sed
3558 3914 3647 3979 pic

2055 4019 2237 4067 tamen
2276 4009 2537 4075 inventis,
2573 4009 2808 4065 convicti
2861 4019 2990 4064 sunt
3017 4019 3073 4064 et
3109 4008 3374 4063 damnati.
3411 4007 3514 4078 ipsi
3568 4007 3648 4063 si-

2055 4104 2280 4175 quidem
2312 4103 2479 4158 veluti
2528 4120 2560 4158 e
2606 4114 2850 4158 stercore
2898 4103 3074 4157 erutis
3123 4103 3371 4166 vocibus,
3406 4101 3566 4170 plane
3617 4117 3650 4156 e

2059 4206 2203 4252 terra
2251 4196 2419 4251 locuti
2474 4204 2623 4250 sunt.
2679 4193 2932 4265 Episcopi
2980 4184 3164 4249 autem
3220 4211 3330 4248 non
3387 4195 3491 4264 ipsi
3541 4194 3649 4248 sibi

2055 4289 2224 4345 verba
2249 4287 2641 4358 contingentes,
2676 4287 2770 4341 sed
2802 4285 3033 4341 Patrum
3062 4287 3131 4342 de
3156 4287 3238 4342 eis
3271 4286 3649 4341 testimoniqu

2058 4383 2347 4447 habentes,
2395 4399 2456 4437 ea
2515 4383 2568 4436 in
2613 4381 2817 4452 scripto
2868 4397 2970 4437 suo
3022 4392 3379 4451 usurparunt.
3417 4383 3648 4438 Veteres

2057 4479 2204 4534 enim
2226 4479 2469 4548 episcopi
2499 4491 2626 4532 ante
2656 4494 2831 4532 annos
2853 4492 3025 4548 prope
3052 4486 3277 4531 centum
3306 4487 3361 4530 et
3395 4475 3646 4546 triginta,

2060 4580 2114 4626 et
2142 4573 2197 4626 in
2229 4587 2422 4642 magna
2454 4571 2650 4638 Roma,
2678 4579 2732 4625 et
2761 4571 2816 4624 in
2847 4580 3035 4626 nostra
3063 4569 3197 4624 urbe
3219 4584 3314 4625 eos
3344 4571 3651 4640 reprehen-

377 4655 681 4723 ἐγίνωσκεν
735 4658 998 4720 Εὐσέϐιος
1060 4659 1088 4710 ὁ
1150 4660 1449 4728 γενόμενος
1501 4659 1804 4720 ἐπίσκοπος
1855 4659 1943 4727 τῆς

2061 4664 2281 4725 derunt,
2307 4665 2398 4733 qui
2432 4663 2627 4718 Filium
2660 4674 2993 4726 creaturam,
3031 4673 3086 4718 ct
3113 4677 3221 4716 non
3277 4664 3651 4720 consubstan-

381 4753 559 4802 Καισσ
571 4750 738 4819 ρείας⁶
765 4751 1038 4822 πρότερον
1066 4753 1164 4823 μὲν
1185 4748 1280 4806 οὖν
1305 4753 1620 4823 συντρέχων
1640 4755 1704 4823 τῇ
1735 4752 1956 4821 Ἀρεια-

379 4845 444 4912 νῇ
476 4845 686 4912 αἱρέσει
711 4861 726 4877 ο
763 4843 993 4916 ὕστερον
1020 4846 1077 4900 δὲ
1116 4847 1446 4918 ὑπογράψας
1481 4849 1538 4900 ὲν
1581 4848 1722 4918 αὐτῇ
1751 4849 1820 4918 τῇ
1853 4846 1955 4900 Νι-

380 4938 513 5010 καίᾳ
549 4940 749 5009 συνόδῳ
772 4980 788 5004 ,
821 4939 1031 5010 ἔγραψε
1085 4943 1201 5004 τοῖς
1253 4941 1405 5003 ἰδίοις
1443 4940 1952 5011 διαϐεϐαιούμενος,

378 5033 460 5084 ὃτι
494 5035 589 5086 καὶ
625 5034 736 5086 τῶν
770 5034 1017 5088 παλαιῶν
1062 5053 1218 5098 τινας
1265 5035 1484 5104 λογίους
1528 5037 1623 5090 καὶ
1660 5037 1955 5104 ἐπιφανεῖς

377 5123 712 5186 ἐπισκόπους
760 5125 1114 5194 συγγραφέας
1146 5123 1395 5193 ἔγνωμεν
1453 5125 1545 5176 ἐπὶ
1571 5125 1672 5190 τῆς
1709 5127 1802 5176 τοῦ
1843 5126 1955 5177 Πα-

376 5215 505 5282 τρδς
537 5217 633 5267 καὶ
669 5217 764 5268 τοῦ
796 5216 926 5269 Υίοῦ
965 5217 1219 5289 θεότητος
1268 5217 1347 5287 τῷ
1377 5217 1471 5270 τοῦ
1501 5219 1792 5286 ὁμοουσίου
1819 5235 1954 5288 χρη-

381 5312 648 5378 σαμένους
677 5311 923 5382 ὀνόματι.
969 5307 1130 5367 Οὗτοι
1189 5313 1291 5384 μὲν
1342 5313 1434 5367 οῦν
1498 5309 1956 5382 κατακρύψαντες

378 5404 478 5470 τὴν
518 5405 691 5468 νόσον,
741 5403 954 5459 ἔδεισαν
983 5406 1094 5476 γάρ
1122 5406 1235 5460 τῶν
1262 5407 1586 5460 ἐπισκόπων
1629 5406 1689 5456 τὸ
1723 5403 1956 5472 πλῆθος,

455 5571 471 5600 ¹
510 5570 654 5625 Psal.
690 5587 851 5638 xxxv,
895 5571 984 5628 10.

452 5725 768 5803 (|)i§1uscbii
797 5732 1002 5803 mentio
1023 5733 1113 5789 hic
1137 5749 1244 5789 non
1269 5735 1324 5788 iit
1345 5735 1487 5803 apud
1509 5735 1947 5798 Theodoretum,

384 5813 502 5869 cap.
536 5800 592 5863 8,
618 5801 715 5855 lib.
751 5818 790 5869 ι,
823 5801 1076 5859 Historia:
1111 5821 1222 5859 sua:
1261 5800 1646 5860 ecclésiasticw.

457 5868 546 5951 (2).
577 5868 982 5951 StnultepAriani
1029 5879 1193 5951 verba
1249 5877 1670 5951 catholicorum,
1718 5892 1780 5951 ea:
1827 5877 1961 5951 sub-

386 5941 582 5995 suntia
615 5941 815 6010 Patris,
843 5954 899 6001 ct
928 5947 1419 6013 consubstantialis,
1447 5949 1592 6016 qhud
1625 5950 1677 6002 in
1720 5949 1965 6017 Scriptu-

2059 4756 2240 4810 tialetn
2278 4755 2426 4810 Patri
2466 4769 2590 4809 esse
2639 4753 2936 4822 dixerunt.
2973 4752 3030 4808 Id
3062 4754 3207 4824 quod
3255 4757 3536 4826 cognitum
3568 4763 3654 4811 est

2059 4849 2296 4904 Eusebio
2328 4848 2591 4904 Caesareae
2618 4847 2902 4918 episc0po,
2933 4849 3027 4919 qui
3052 4849 3208 4919 prius
3240 4849 3464 4917 quidem
3497 4849 3657 4904 Aria-

2057 4958 2142 4997 nte
2176 4941 2280 4996 fuit
2314 4949 2552 4994 sectator
2584 4939 2806 4995 hzeresis
2843 4958 2855 4996 :
2891 4950 3087 5009 postea.
3113 4942 3377 5012 vero-ipsi
3419 4941 3656 4997 Nicaeuae

2058 5033 2416 5089 subscribens
2442 5032 2670 5104 synodo,
2705 5033 2771 5086 ad
2803 5048 2933 5088 suos
2978 5033 3191 5088 litteras
3213 5034 3387 5094 dedit,
3410 5045 3466 5090 et
3499 5052 3655 5092 com-

2060 5126 2334 5196 probavit,
2394 5135 2449 5180 et
2508 5125 2704 5195 priscis
2746 5141 2969 5195 quoque
3014 5126 3206 5182 doctos
3266 5129 3536 5198 quosdam
3599 5141 3657 5184 et

2062 5217 2352 5288 praeclaros
2389 5217 2676 5286 episcOpos
2705 5218 3082 5288 etscriptores
3133 5219 3186 5272 in
3215 5219 3394 5274 Patris
3428 5229 3481 5274 et
3527 5220 3657 5274 Filii
3719 5245 3727 5254 -

2064 5311 2353 5366 divinitate
2408 5311 2631 5364 nomine
2679 5310 3130 5381 ’ποῦ’ὁμοουσίου
3185 5327 3307 5367 esse
3343 5328 3495 5366 usos.
3555 5311 3656 5366 Isti

2066 5405 2256 5477 igitur,
2290 5405 2487 5460 morbo
2514 5419 2615 5460 suo
2659 5420 2982 5475 suppresso,
3013 5404 3159 5475 quod
3206 5415 3411 5460 tantam
3437 5406 3658 5476 cpisco-

2059 5730 2137 5786 ris
2169 5747 2276 5805 non
2312 5733 2687 5794 inveniantur.
2709 5731 3289 5805 rcprehendunt,cum
3321 5729 3662 5805 Arianarum

2070 5803 2473 5885 prtestigiaium
2526 5821 2626 5860 nec
2669 5801 2859 5871 Voces,
2885 5819 2986 5860 nec
3037 5805 3322 5860 sententi-.1:
3362 5803 3416 5857 in
3451 5801 3698 5857 eisdeur.

2075 5885 2443 5943 reperiantur.
