4118 6456
485 423 557 490 83
770 420 785 434 '
966 468 973 473 -
1247 484 1254 491 .
1707 442 2128 509 NICEPHORI
2172 449 2521 514 CALLIS’I‘I‘

3670 452 3742 522 84

477 555 676 609 porum
716 540 1120 601 multitudinem
1149 556 1476 618 metuerent,
1506 550 1559 606 in
1602 569 1669 608 ea
1694 570 1817 625 quae
1843 558 2060 614 decreta

2168 564 2286 624 τοῖς
2327 562 2598 617 ὲκτεθείσι
2644 559 2954 625 συνέθεντο,
2990 563 3094 633 τὴν
3119 565 3471 637 προφητικὴν
3499 581 3742 637 κατηγο-

479 641 629 694 snnt,
664 633 894 703 pedibus
925 636 1127 705 ierunt,
1161 639 1537 710 prapheticam
1579 644 1635 699 in
1662 662 1720 702 se
1766 651 2064 718 rcprehen-

479 722 697 778 sionem
734 728 1133 795 pertrahentcs.
1167 730 1301 786 Nam
1350 728 1514 807 576
1544 747 1600 791 et
1649 737 1716 792 ad
1764 753 1860 794 eos
1898 741 2063 809 hujus

483 813 729 869 universi
771 815 916 872 Deus
940 819 1241 874 exclamat:
1282 822 1521 893 Populus
1542 827 1639 881 iste
1672 828 1825 884 labiis
1854 846 1937 883 me
1962 832 2063 885 lio-

475 914 651 970 norat,
698 909 853 961 corde
913 919 1092 966 autem
1151 915 1303 985 longe
1353 917 1558 974 abesto
1598 922 1747 987 me‘,
1804 920 2062 979 Thcunas

476 1009 640 1063 porro
670 1005 724 1051 et
755 996 1065 1065 Secundus,
1096 1005 1241 1073 quod
1298 1006 1443 1061 idem
1492 1008 1671 1066 facere
1706 1014 1957 1079 nollent,
1989 1015 2060 1069 ab

451 1086 755 1156 omnibus,
812 1092 1087 1163 sull‘ragiis
1123 1098 1625 1167 consentientibus,
1659 1113 1789 1158 sunt
1839 1120 2061 1159 excom-

485 1179 772 1247 municati,
809 1191 867 1235 ut
894 1183 1003 1252 qui
1035 1185 1151 1240 Arii
1212 1187 1611 1258 blasphemiam
1648 1195 1863 1250 veritati
1892 1211 2057 1250 evan-

476 1267 662 1337 gelica:
698 1272 1055 1328 anteferrent.
1094 1296 1113 1328 ι
1149 1294 1274 1333 nare
1307 1279 1662 1338 Athanasius.

1051 1387 1277 1446 CAPUT
1324 1390 1469 1450 XXI.

476 1470 717 1543 Epistola
749 1475 966 1533 Eusebii
997 1479 1265 1566 Pamphili
1296 1487 1367 1542 ad
1405 1488 1695 1549 Ecclesium
1720 1510 1896 1557 suam,
1931 1503 2052 1549 acta

1006 1566 1191 1622 synoat
1238 1571 1521 1627 exponens.

548 1722 807 1779 Sedenim
841 1741 964 1796 qua:
995 1727 1162 1783 etiam
1204 1730 1479 1789 Eusebius
1518 1731 1793 1808 Pamphili
1831 1756 1897 1796 ex
1932 1743 2048 1813 ipsa

475 1814 657 1872 Nicza
692 1821 760 1872 ad
809 1820 1078 1889 quosdam
1124 1825 1360 1882 Arianos
1395 1831 1486 1900 qui
1524 1832 1895 1901 proditionem
1936 1853 2045 1893 non

2174 653 2300 722 ρίαν
2327 653 2795 721 ἐπισπασάμενοι.
2820 654 2932 724 Βοᾷ
2957 653 3014 707 δὲ
3035 656 3133 708 καὶ
3164 658 3305 727 πρὸς
3328 658 3530 721 αὐτοὺς
3559 657 3588 710 ό
3619 659 3728 710 τῶν

2167 743 2305 797 ὅλων
2333 744 2491 807 Θεὸς,
2526 746 2596 800 '0
2624 748 2772 811 λαὸς
2803 743 2986 813 οὗτος
3029 748 3154 814 τοῖς
3190 749 3428 816 χείλεσι
3450 764 3529 819 με
3574 748 3736 818 τιμᾷ·

2166 835 2241 903 τῇ
2270 835 2341 890 δὲ
2372 836 2590 904 καρδίᾳ
2618 838 2819 905 nomen
2847 836 3060 909 ἀπέχει
3091 840 3195 895 ἀπ’
3224 841 3394 910 ἐμοῦ.
3422 843 3643 905 Θιωνᾶς
3680 844 3739 896 δὲ

2166 930 2260 981 καὶ
2288 928 2581 992 Σεκοῦνδος
2625 931 2787 983 τοῦτο
2816 932 3017 1001 δρᾶσαι
3061 933 3137 1001 μὴ
3172 931 3554 1003 βουληθέντες,
3585 934 3740 1004 παρὰ

2165 1020 2386 1072 πάντων
2418 1018 2731 1089 συμφώνως
2763 1021 3257 1093 ἀπεκηρύχθησαν,
3288 1022 3364 1084 ὡς
3390 1023 3492 1092 τὴν
3526 1023 3739 1091 Ἀρείου

2165 1109 2518 1182 βλασφημίαν
2556 1112 2658 1181 τῆς
2704 1113 3075 1183 εὐαγγελικῆς
3123 1114 3542 1184 προτεθιικότες
3588 1115 3739 1168 διδα-

2162 1204 2410 1270 σκαλίας.
2451 1224 2472 1259 ι
2510 1204 2699 1259 Ταῦτα
2736 1207 2831 1260 καὶ
2885 1206 3230 1270 Ἀθανάσιος.

2722 1402 2975 1459 ΚΕΦΑΛ.
3036 1401 3167 1460 KB’.

2172 1491 2504 1565 Ἐπιστολὴ
2548 1497 2846 1549 Εὐσεὸίου
2887 1496 2995 1549 τοῦ
3068 1498 3386 1565 Παμφίλου
3442 1497 3592 1564 πρὸς
3623 1496 3741 1565 τὴν

2226 1564 2355 1685 ἔας
2404 1567 2594 1645 αὐτῶν
2625 1566 2990 1633 ἐκκλησίαν,
3023 1566 3097 1620 τὰ
3124 1564 3276 1621 κατὰ
3317 1567 3433 1634 τὴν
3459 1567 3737 1623 σύνοδον·

2267 1650 2560 1698 ιεειουσα.

2224 1744 2327 1802 Οἷα
2370 1748 2427 1801 δὲ
2457 1750 2550 1803 καὶ
2590 1752 2617 1801 ὁ
2650 1749 2939 1817 Παμφίλου
2978 1749 3241 1811 Εὐσέϐιος
3272 1747 3502 1803 αὐτόθεν
3546 1751 3613 1803 ὲκ
3642 1749 3744 1827 1V-

2153 1841 2315 1903 καίας
2346 1841 2482 1911 πρός
2514 1856 2664 1902 τινας
2692 1838 2929 1908 ἔγραψεν
2969 1839 3311 1908 Ἀρειανοὺς,
3347 1840 3641 1910 προδοοίαν
3661 1840 3739 1902 ὼς

478 1908 681 1978 injuria
732 1912 782 1967 ei
831 1914 1183 1984 obiecerant,
1233 1921 1556 1992 scripserit,
1607 1925 1802 1983 audire
1839 1944 2048 1985 conve-

2164 1934 2299 1992 εἰκὸς
2324 1908 2713 2001 ἐγκαλοῦντας,
2745 1932 2966 1987 ἀκούειν
2995 1908 3470 2003 χρεώνπΕλεγέος
3496 1934 3541 1987 δ’
3577 1936 3741 2019 ἔναρα

472 2002 560 2055 nit
591 2002 689 2075 (1).
726 2004 800 2059 Ea
836 2022 969 2062 sane
1010 2011 1222 2066 rabiem
1264 2029 1489 2086 quoque
1525 2034 1719 2073 eorum
1755 2023 2053 2078 manifesto

476 2108 733 2167 arguunt.
771 2099 997 2158 Rectius
1027 2117 1209 2161 autem
1247 2092 2053 2188 consiliumintentionemque

474 2187 596 2260 eius
623 2195 859 2262 epistola
894 2197 1010 2267 ipsa
1050 2200 1339 2270 indicabit,
1366 2221 1491 2275 quae
1518 2209 1600 2263 sic
1629 2210 1835 2265 habet:
1872 2230 1890 2263 ι
1922 2187 2053 2279 Quae

474 2281 545 2337 de
582 2286 952 2376 ecclesiastica
988 2292 1112 2347 fidei
1158 2296 1501 2366 professione
1534 2301 1589 2355 in
1612 2302 1891 2373 frequenti
1922 2322 2052 2376 syn-

475 2376 585 2428 odo
627 2373 822 2439 Nicaea:
865 2382 1141 2440 celebrata
1225 2389 1339 2444 sint
1384 2401 1543 2457 acta,
1617 2394 1843 2465 aliunde
1887 2373 2053 2451 etiam

475 2470 746 2526 credibile
775 2481 861 2563 est
903 2491 1002 2531 vos
1032 2482 1404 2549 cognovisse:
1445 2486 1590 2554 quod
1626 2487 1769 2543 fama
1810 2490 2056 2561 plerum-

476 2574 586 2630 que
620 2574 825 2621 certam
861 2580 1293 2643 accuratamque
1352 2593 1538 2632 rerum
1587 2591 1863 2651 gestarum
1904 2598 2056 2638 com-

382 2730 387 2739 ι
475 2658 941 2713 memorationem
976 2676 1321 2731 praecurrere
1356 2669 1516 2726 solita
1552 2671 1641 2726 sit.
1682 2673 1955 2730 Cancrum
1986 2690 2055 2729 ne

476 2748 798 2805 rumoribus
854 2752 1170 2825 huiusmodi
1233 2761 1312 2816 rci
1369 2764 1574 2819 veritas
1625 2766 1788 2821 aliter
1837 2768 1905 2821 ad
1959 2784 2056 2822 vos

477 2851 646 2905 quam
689 2849 923 2898 est-acta
949 2886 965 2909 ,
996 2846 1335 2918 perferatur,
1369 2855 1683 2911 necessario
1716 2857 1874 2911 vobis
1908 2857 2060 2912 misi-

479 2945 643 2998 mus,
680 2933 920 3003 primum
968 2954 996 2991 a
1043 2939 1204 3011 nobis
1264 2944 1600 3013 propositam
1648 2946 1717 3000 de
1770 2947 1874 3001 fide
1916 2947 2058 3002 scri-

476 3031 722 3093 pturam,
755 3025 956 3083 deinde
988 3029 1154 3085 etiam
1188 3033 1627 3106 alteram,quam
1660 3039 1725 3094 ad
1762 3055 1927 3096 voces
1959 3055 2061 3096 uo-

477 3122 626 3219 stras
655 3118 1070 3177 accessionibus
1103 3124 1439 3194 quibusdam
1470 3129 1701 3219 adjectis
1736 3131 2055 3188 ediderunt.

2153 2021 2258 2093 γῆς
2297 2022 2392 2075 καὶ
2421 2021 2521 2091 τῆς
2549 2022 2762 2074 ἐκείνου
2802 2021 3002 2091 λύττης
3036 2023 3208 2076 ἐστίν.
3244 2023 3507 2090 ’Λμεινον
3548 2022 3605 2079 δὲ
3645 2024 3738 2075 τὸν

2153 2112 2352 2167 οἰκεῖον
2392 2114 2591 2166 σκοπὸν
2638 2116 2670 2181 ή
2721 2113 2978 2184 ἐπιστολὴ
3022 2114 3209 2179 δείξει.
3249 2115 3406 2183 Ἔχει
3457 2114 3515 2167 δὲ
3552 2113 3737 2167 οὖτω⁶

2162 2222 2182 2254 ι
2212 2204 2292 2257 Τὰ
2319 2204 2571 2279 περὶτῆς
2599 2204 3066 2274 ἐκκλησιαστικῆς
3098 2207 3339 2266 πίστεως
3380 2221 3743 2276 πραγματευ-

2155 2294 2321 2349 θέντα
2349 2296 2489 2349 κατὰ
2510 2294 2607 2364 τὴν
2640 2297 2888 2365 μεγάλην
2913 2295 3134 2350 σύνοδον
3162 2298 3261 2366 τὴν
3287 2298 3345 2350 ἐν
3371 2298 3578 2367 Νικαίᾳ
3609 2314 3741 2365 συγ-

2154 2385 2517 2456 κροτηθείσαν
2546 2387 2697 2448 εἰκὸς
2729 2386 2831 2454 μὲν
2855 2387 3002 2456 ὑμᾶς
3032 2389 3127 2439 καὶ
3158 2387 3384 2440 ἄλλοθεν
3411 2387 3733 2457 μεμαθηκέο

2157 2493 2268 2538 ναι,
2318 2474 2417 2543 τῆς
2456 2474 2645 2543 φήμης
2677 2477 3002 2545 προτρέχειν
3038 2475 3293 2538 εἰωθυίας
3324 2477 3417 2529 τὸν
3450 2478 3578 2544 περὶ
3630 2477 3740 2531 τῶν

2159 2566 2552 2638 πραττομένων
2583 2568 2787 2638 ἀκριϐῆ
2818 2569 2978 2635 λόγον
3007 2586 3020 2599 ·
3060 2569 3177 2623 ἀλλ’
3213 2571 3300 2622 ίνα
3335 2568 3411 2641 μὴ
3442 2570 3506 2621 ἐκ
3548 2570 3738 2622 τοιαύ-

2158 2682 2258 2734 της
2289 2665 2457 2733 ἀκοῆς
2486 2665 2545 2716 τὸ
2577 2664 2677 2731 τῆς
2715 2662 2977 2732 ἀληθείας
3011 2662 3268 2732 ἔτεροίως
3299 2664 3435 2732 ὑμῖν
3464 2664 3744 2730 ἀπαγγέλ-

2157 2756 2338 2822 ληται,
2395 2756 2707 2825 ἀναγκαίως
2754 2756 3179 2826 διεπεμῷάμεθα
3222 2758 3352 2825 ὑμῖν
3395 2757 3611 2826 πρῶτον
3643 2757 3742 2826 τὴν

2161 2849 2253 2918 ὐφ’
2298 2850 2456 2921 ήμῶν
2491 2848 2856 2920 προταθεῖσαν
2888 2850 3043 2918 παρὰ
3092 2849 3193 2919 τῆς
3225 2850 3464 2912 πίστεως
3496 2852 3738 2919 γραφήν.

2162 2942 2399 2997 Ἔπειτα
2451 2934 2551 3012 τὴν
2588 2924 2873 3011 δευτέραν,
2919 2941 2986 3011 ἦν
3019 2944 3142 3002 ταῖς
3190 2943 3491 3012 ἡμετέραις
3540 2944 3744 3008 φωναῖς

2160 3034 2479 3107 προσθήκας
2540 3032 2913 3097 ἐπιϐαλόντες,
2975 3033 3329 3087 ὲκδεδώκασι.
3388 3034 3461 3086 Τὸ
3515 3034 3614 3101 μὲν
3649 3032 3743 3086 οὖν

2163 3126 2295 3199 παρ’
2355 3126 2510 3197 ἡμῶν
2550 3125 2809 3196 γράμμα.
2851 3126 2947 3179 δπὶ
2980 3125 3255 3196 παραυτίᾳ
3306 3124 3400 3177 τοῦ
3458 3123 3745 3191 θεοφιλοῦς

478 3202 758 3278 Scriptum
804 3226 938 3268 sane
973 3226 1227 3270 nostrum
1272 3218 1326 3272 in
1374 3202 1667 3290 praesentia
1717 3222 1825 3278 Deo
1871 3224 2055 3279 dilecti

2164 3219 2321 3290 ἡμῶν
2356 3217 2623 3289 βασιλέως
2646 3217 2995 3286 ἀναγνωσθὲν
3026 3213 3084 3271 εὗ
3115 3235 3173 3270 τε
3203 3218 3351 3288 ἔχειν
3377 3219 3471 3270 καὶ
3502 3218 3742 3285 δοκίμως

475 3301 831 3371 imperatoris
878 3310 1053 3362 nostri
1104 3310 1435 3374 recitatum,
1466 3330 1530 3369 ac
1571 3327 1719 3371 recte
1769 3317 2049 3386 probeque

2164 3310 2497 3379 ἀποφανθὲν,
2552 3308 2742 3363 τοῦτον
2773 3308 2887 3379 ἔχει
2927 3308 3019 3363 τὸν
3060 3308 3263 3380 τρόπον
3289 3326 3304 3341 ·
3353 3308 3419 3361 Ἥ
3466 3308 3556 3376 ὑφ’
3587 3308 3744 3377 ἡμῶν

480 3405 810 3466 conceptum
842 3415 963 3453 esse
996 3400 1328 3469 jndicatum,
1364 3405 1430 3458 ad
1464 3407 1615 3461 hunc
1646 3423 1705 3463 se
1738 3408 1904 3464 habet
1935 3427 2054 3466 mo-

2164 3403 2446 3457 ίκτεθεῖσα
2476 3403 2682 3466 πίστις,
2716 3401 2900 3465 καθὼς
2934 3401 3320 3473 παρελάϐομεν
3357 3402 3461 3454 ὑπὸ
3491 3401 3598 3454 τῶν
3633 3403 3745 3469 πρὸ

481 3487 614 3542 dum
644 3508 657 3543 :
701 3489 977 3577 Professio
1009 3492 1137 3547 ﬁdei
1169 3510 1199 3548 a
1242 3497 1403 3552 uobis
1433 3499 1701 3569 exposita,
1728 3502 1891 3557 sicuti
1932 3517 2052 3558 eam

2164 3496 2318 3566 ἡμῶν
2350 3496 2689 3557 ἐπισκόπων,
2719 3496 2814 3549 καὶ
2853 3497 2911 3550 ὲν
2941 3497 3009 3566 τῇ
3060 3492 3254 3568 πρώτῃ
3283 3498 3610 3566 κατηχήσει,
3650 3496 3748 3548 καὶ

482 3593 512 3633 a
558 3578 944 3636 decessoribus
984 3586 1188 3639 nostris
1226 3585 1537 3658 episcopis,
1586 3600 1748 3660 atque
1791 3592 1844 3646 in
1876 3592 2053 3662 prima

2164 3589 2247 3641 ὅτε
2277 3588 2340 3640 τὸ
2370 3587 2599 3657 λοῦτρον
2630 3586 3016 3657 ἐλαμϐάνομεν
3037 3626 3054 3651 ,
3097 3587 3278 3649 καθὼς
3312 3589 3420 3640 ἀπὸ
3450 3588 3558 3639 τῶν
3589 3587 3748 3641 θείων

481 3685 669 3726 rerum
694 3686 973 3728 sacrarum
1009 3675 1376 3740 institutione.
1402 3689 1457 3734 et
1486 3696 1609 3735 eum
1639 3696 1857 3736 sacrum
1886 3682 2060 3739 subii-

2164 3670 2395 3749 Γραφῶν
2429 3677 2837 3746 μεμαθήκαμεν
2862 3692 2876 3707 ⁸
2911 3678 3004 3729 καὶ
3037 3677 3112 3739 ὼς
3136 3680 3193 3729 ὲν
3226 3678 3375 3748 αὐτῷ
3401 3677 3476 3747 τῷ
3505 3679 3748 3747 πρεσϐυ·

450 3775 610 3819 'mns
659 3763 979 3832 lavacrum,
1025 3771 1372 3839 accepimus,
1423 3781 1480 3841 et
1526 3773 1687 3828 sicuti
1739 3788 1807 3828 ex
1853 3772 2058 3829 divinis

2164 3769 2324 3839 τερίῳ
2352 3769 2448 3821 καὶ
2477 3770 2533 3821 ἐν
2559 3770 2694 3838 αὑτῇ
2720 3771 2992 3839 ἐπισκοπῇ
3018 3771 3374 3836 ἐπιστεύομεν
3400 3788 3461 3824 τε
3498 3772 3594 3824 καὶ
3637 3771 3749 3824 ἐδι-

485 3853 783 3911 didicimns
807 3856 1129 3928 Scripturis,
1160 3870 1323 3930 atque
1347 3861 1512 3917 simul
1539 3872 1596 3917 et
1616 3863 1674 3917 in
1711 3863 2060 3936 presbyterio

2164 3856 2626 3935 δάσκομεν.Ἔστι
2668 3859 2725 3912 δὲ
2757 3857 2895 3930 αὕτη
2926 3876 2940 3890 ·
2974 3860 3313 3932 Πιστεόομεν
3344 3865 3425 3927 είς
3458 3863 3556 3916 ἕνα
3588 3862 3745 3929 Θεὸν,

484 3958 544 4004 et
573 3948 627 4003 in
661 3950 781 4020 ipso
807 3952 1132 4023 episcopatu
1164 3955 1400 4025 professi
1434 3972 1630 4012 sumus
1660 3966 1716 4011 et
1746 3958 2060 4027 docuimus,

2164 3948 2383 4017 Πατέρα
2419 3952 2856 4020 παντοκράτορα,
2886 3952 2979 4005 τὸν
3011 3952 3119 4004 τῶν
3152 3954 3407 4008 ἁπάντων
3441 3956 3655 4025 ὁρατῶν
3688 3974 3747 4009 τε

486 4059 551 4097 ea
601 4053 684 4098 est
717 4042 883 4099 talis:
925 4045 1213 4105 Credimus
1257 4049 1313 4103 in
1370 4065 1539 4105 unum
1595 4050 1800 4116 Deum,
1840 4049 2059 4105 Patrem

2164 4044 2260 4095 καὶ
2293 4042 2546 4112 ἀοράτων
2576 4046 2811 4113 ποιητήν
2833 4060 2846 4072 '
2880 4044 2974 4099 καὶ
3028 4047 3109 4110 εις
3144 4047 3242 4100 ἕνα
3280 4047 3483 4117 Κύριον
3535 4048 3749 4117 Ἰησοῦν

488 4134 953 4205 omnipotentem,
989 4154 1176 4193 rerum
1211 4141 1461 4195 omnium
1496 4138 1798 4195 visibilium
1830 4149 1886 4194 et
1918 4141 2060 4194 invi-

2164 4130 2405 4203 Χριστὸν
2456 4132 2546 4184 τὸν
2576 4131 2668 4186 τοῦ
2697 4133 2832 4185 Θεοῦ
2860 4135 3055 4202 Λόγον,
3089 4134 3221 4188 Θεὸν
3266 4137 3327 4189 ὲκ
3353 4135 3511 4201 Θεοῦ,
3544 4137 3659 4205 φῶς
3685 4140 3751 4191 ἐκ

490 4226 737 4280 sibilium
787 4220 1073 4283 factorem.
1111 4230 1179 4284 Et
1220 4229 1274 4285 in
1324 4246 1492 4285 unum
1539 4230 1831 4287 Dominum
1873 4231 2060 4288 Jesum

2168 4225 2367 4293 φωτὸς,
2413 4224 2560 4295 ζωὴν
2597 4227 2659 4278 ἐκ
2704 4227 2873 4294 ζωῆς,
2907 4227 3037 4280 Υίὺν
3070 4227 3361 4297 μονογενῆ,
3400 4230 3751 4298 πρωτότοκον

480 4316 771 4373 Christum
792 4362 808 4385 ,
855 4320 949 4376 Dei
982 4321 1221 4377 Verbum
1244 4362 1260 4390 ,
1297 4321 1470 4377 Deum
1504 4325 1572 4379 de
1603 4325 1749 4392 Deo,
1781 4327 1965 4380 iumen
2000 4328 2060 4383 de

2169 4318 2351 4389 πάσης
2377 4320 2629 4383 κτίσεως,
2666 4320 2774 4390 πρὸ
2798 4320 3018 4374 πάντων
3045 4320 3156 4373 τῶν
3186 4322 3401 4375 αἰώνων
3421 4323 3483 4374 ἐκ
3514 4322 3608 4376 τοῦ
3638 4323 3752 4375 Πα-

490 4410 733 4476 lumine,
765 4406 929 4482 577
968 4412 1139 4467 vitam
1177 4414 1245 4468 de
1275 4416 1414 4480 vita,
1454 4414 1653 4469 Filium
1695 4416 2060 4487 unigenitum,

2168 4406 2295 4479 τρδς
2333 4411 2749 4480 γεγεννημένον,
2796 4410 2866 4464 δι’
2917 4402 2979 4463 οὗ
3014 4413 3110 4464 καὶ
3150 4413 3367 4477 ἐγένετο
3416 4410 3485 4467 τὰ
3526 4412 3704 4466 πάντα
3735 4431 3749 4445 ·

490 4503 921 4572 primogenitum
950 4506 1131 4560 omnis
1162 4515 1455 4572 creaturas,
1490 4514 1620 4560 ante
1650 4508 1834 4561 omnia
1866 4509 2060 4564 saecula

2170 4499 2265 4552 τὸν
2297 4498 2386 4553 διὰ.
2414 4500 2512 4571 τὴν
2551 4502 2832 4572 ἡμετέραν
2862 4501 3136 4571 σωτηρίαν
3163 4500 3539 4571 σαρκωθέντα,
3572 4504 3667 4554 καὶ
3693 4503 3753 4555 ἐν

492 4609 557 4648 ex
591 4578 751 4650 Patre
782 4596 1051 4666 genitum,
1086 4608 1189 4667 per
1217 4610 1380 4665 quem
1415 4607 1472 4652 et
1506 4598 1693 4652 omnia
1729 4598 1872 4652 facta
1902 4611 2060 4668 sunt;

2172 4592 2485 4666 ἀνθρώποις
2536 4594 3026 4664 πολιτευσάμενον,
3063 4592 3158 4646 καϊ
3197 4593 3439 4646 παθόντα
3483 4596 3578 4647 καὶ
3617 4595 3749 4647 ἀνα-

494 4688 590 4755 qui
621 4697 850 4759 propter
884 4699 1133 4744 nostram
1176 4691 1410 4745 salutem
1451 4693 1805 4757 incarnatus,
1838 4701 1894 4747 et
1925 4691 2060 4747 inter

2177 4684 2383 4737 στάντα
2430 4685 2499 4753 τῇ
2547 4684 2706 4755 τρίτῃ
2755 4683 2961 4753 ἡμέρᾳ,
3009 4683 3101 4734 καὶ
3155 4682 3446 4735 ἀνελθόντα
3479 4683 3611 4752 πρὸς
3660 4682 3755 4735 τὸν

495 4779 751 4837 homines
792 4788 1083 4845 versatos,
1129 4791 1185 4835 et
1235 4796 1430 4851 passus
1472 4790 1600 4837 est:
1631 4792 1688 4837 et
1717 4784 2060 4852 .ressurrexil

2177 4775 2423 4845 Πατέρα,
2452 4778 2546 4829 καὶ
2588 4774 2787 4846 ἥξοντα
2824 4773 2989 4828 πάλιν
3037 4775 3094 4827 ἐν
3128 4774 3276 4844 δόξῃ,
3316 4776 3500 4843 κρῖναι
3543 4773 3754 4838 ζῶντας

494 4873 657 4927 tertia
680 4875 793 4938 die,
823 4885 879 4929 et
902 4875 1153 4929 ascendit
1179 4874 1249 4928 ad
1278 4872 1516 4938 Patrem,
1549 4885 1819 4930 venturus
1847 4893 2060 4932 rursum

2174 4870 2269 4923 καῖ
2322 4868 2574 4938 νεκρούς.
2631 4866 2975 4937 Πιστεύομεν
3024 4867 3122 4921 καὶ
3187 4871 3266 4930 εἰς
3314 4867 3374 4917 τὸ
3419 4864 3646 4935 Πνεῦμα
3692 4868 3755 4919 τὸ

494 4965 553 5016 in
588 4963 765 5032 gloria
807 4962 879 5017 ad
919 4961 1285 5033 judicandu‘nt
1321 4961 1474 5017 vivos
1513 4972 1569 5017 ct
1614 4972 1888 5017 mortuos.
1931 4963 2060 5018 Cre-

2172 4963 2328 5031 ἔιγιον
2354 4978 2369 4992 ·
2403 4962 2609 5017 τούτων
2645 4960 2877 5013 ἕκαστον
2907 4956 3049 5014 εἶναι
3084 4961 3179 5012 καὶ
3223 4960 3496 5029 ὑπάρχειν
3532 4960 3758 5012 πιστεύ-

494 5054 679 5109 dimus
721 5054 886 5107 etiam
924 5054 980 5107 in
1016 5053 1283 5122 Spiritum
1313 5065 1561 5108 sanctum
1594 5069 1608 5108 :
1650 5054 1849 5109 horum
1878 5070 2071 5125 quem-

494 5163 609 5215 que
637 5162 762 5201 esse
792 5156 849 5201 et
882 5146 1187 5201 subsistere
1216 5147 1527 5210 credentes,
1561 5146 1781 5201 Patrem
1814 5163 1943 5203 vere
1970 5148 2072 5202 l’a-

497 5247 661 5303 trem,
701 5248 759 5291 et
792 5235 989 5291 Filium
1023 5253 1152 5293 vere
1181 5237 1402 5305 Filium,
1433 5248 1490 5293 et
1520 5237 1788 5308 Spiritum
1818 5247 2070 5293 sanctum

492 5345 625 5384 γυνθ
667 5330 938 5399 Spiritum
984 5341 1269 5397 sanctum,
1309 5331 1772 5400 quemadmodum
1799 5339 1857 5385 et
1887 5332 2072 5385 Domi-

494 5436 606 5475 nus
650 5431 841 5476 noster
886 5420 1186 5492 discipulos
1221 5438 1353 5478 suos
1384 5425 1451 5477 ad
1484 5422 1827 5493 praedicandi
1871 5437 2074 5477 munus

495 5514 755 5579 mittens,
797 5511 981 5582 inquit
1012 5536 1024 5568 :
1065 5516 1293 5579 Euntes,
1326 5516 1507 5570 docete
1540 5531 1719 5569 omnes
1745 5524 1949 5585 gentes,
1976 5514 2074 5568 ba-

498 5607 758 5672 ptizaum
805 5623 890 5661 eos
937 5610 989 5662 in
1041 5626 1229 5664 nomen
1274 5610 1455 5664 Patris
1494 5619 1547 5662 et
1591 5608 1717 5662 Filii
1753 5617 1802 5661 et
1840 5606 2070 5677 Spiritus

569 5768 584 5798 ¹
619 5767 723 5823 Ιεςι.
759 5781 905 5830 xxxx,
942 5766 1027 5820 l3.

570 5888 641 5957 (ι,
677 5885 1009 5941 Theodoret.
1046 5885 1142 5938 lib.
1185 5901 1223 5949 ι,
1252 5898 1373 5951 cap.
1409 5882 1463 5933 ll
1505 5889 1558 5932 et
1607 5879 1685 5931 l2.

2172 5068 2324 5114 οντες
2353 5052 2572 5121 Πατέρα
2602 5051 2875 5119 ἀληθινῶς
2919 5049 3161 5121 Πατέρα,
3197 5051 3291 5104 καὶ
3328 5051 3455 5102 Υίὺν
3483 5048 3756 5116 ἀληθινῶς

2176 5142 2325 5206 Υἱὸν,
2368 5144 2463 5195 καὶ
2508 5142 2739 5214 Πνεῦμα
2786 5144 2942 5211 ἆγιον
2982 5142 3252 5212 ἀληθινῶς
3303 5142 3528 5209 Πνεῦμα
3564 5141 3752 5207 ἄτιον·

2174 5235 2319 5289 καθὰ
2347 5237 2443 5289 καὶ
2461 5237 2486 5288 ὁ
2517 5236 2719 5307 Κύριος
2743 5236 2901 5307 ἡμῶν
2931 5232 3278 5288 ἀποστέλλων
3299 5237 3378 5298 είς
3399 5234 3457 5286 τὸ
3490 5238 3756 5304 κήρυγμα

2177 5327 2302 5386 τοὺς
2343 5326 2535 5380 ἑαυτοῦ
2596 5328 2867 5400 μαθητὰς,
2902 5323 3024 5381 εἰπε
3059 5342 3074 5358 ·
3129 5323 3530 5395 Πορευθέντες
3562 5327 3756 5393 μαθη-

2179 5420 2436 5473 τεύσατε
2464 5420 2663 5473 πάντα
2693 5417 2766 5472 τὰ
2794 5418 2963 5487 ἔθνη,
2992 5418 3385 5486 βαπτίζοντες
3416 5410 3638 5483 αὐτοὺς
3669 5420 3757 5481 είς

2178 5518 2245 5570 τὸ
2279 5516 2466 5584 ὄνομα
2502 5517 2605 5571 τοῦ
2637 5517 2865 5585 Πατρός
2895 5517 2993 5570 καὶ
3020 5516 3127 5571 τοῦ
3163 5515 3301 5571 Tim)
3332 5516 3562 5569 καὶτοῦ
3581 5513 3757 5581 ἁγίου

2177 5609 2551 5675 Πνεύμητος.
2612 5609 2747 5679 Περὶ
2801 5603 2878 5663 ὧν
2923 5609 3022 5662 καὶ
3069 5606 3534 5678 διαϐεϐαιούμεθα
3582 5603 3759 5665 οὕτως
