4118 6468
419 411 488 478 89
1346 411 1956 472 ECCLESlASTlC/E
1999 413 2394 474 HISTOﬂLE
2436 414 2584 479 LIB.
2625 416 2805 478 VIII.
3639 410 3716 480 90.

423 527 490 581 ab
530 523 656 579 aliis
697 521 862 577 aliter
919 523 1122 590 scripta
1173 519 1559 577 oil‘cndcrent:
1613 521 1814 576 deinde
1871 537 2002 577 vero
2042 524 2420 580 contentionis
2491 526 2680 581 studio
2754 527 2997 598 abiecto,
3028 540 3092 580 ea
3129 541 3252 596 quae
3281 539 3384 579 nos
3416 523 3554 591 nihil
3588 541 3713 596 per-

423 618 715 672 turbarent
740 615 1063 685 complexos
1086 629 1233 680 esse,
1267 629 1392 670 cum
1423 615 1584 671 nobis
1611 617 1848 686 benigne
1916 616 2214 672 verborqu
2289 621 2624 674 sententiam
2673 619 3124 691 inquirentibus,
3194 619 3548 674 manifestum
3605 619 3704 672 lia-

424 713 554 783 bere
587 727 918 768 consensum
961 710 1286 766 viderentur
1317 725 1443 766 cum
1476 713 1558 766 eis
1592 729 1714 782 qua
1748 713 1802 766 in
1839 712 1945 769 [ide
1980 727 2010 767 a
2050 714 2214 770 nobis
2246 716 2403 786 prius
2440 720 2722 788 praposita
2757 718 2989 788 professi
3023 718 3328 773 fueramus.
3371 736 3389 769 ι

503 810 592 871 Ὦς
629 807 728 874 μὲν
753 802 847 860 οὖν
889 807 952 859 οὐ
984 806 1304 878 πρόσφατος
1335 807 1370 876 ἡ
1404 806 1498 858 τοῦ
1533 808 1828 875 ὁμοουσίου
1868 807 2014 872 λέξις

2194 811 2402 866 Verum
2459 812 2746 868 enimvero
2801 813 3294 869 consubstantialis
3348 827 3539 866 vocem
3596 827 3707 863 non

428 905 533 957 ὑπο
557 903 666 955 τῶν
688 899 946 970 τηνικάδε
978 898 1487 969 συναθροισθέντων
1517 903 1779 968 φανεῖσα,
1807 900 1928 954 ἀλλ’
1951 902 2018 954 ὲκ

426 996 638 1051 πολλῶν
681 996 786 1066 ήδη
816 993 926 1049 τῶν
969 992 1184 1064 χρόνων
1221 993 1408 1062 σοφοῖς
1443 1009 1556 1045 τισι
1610 993 1894 1063 Πατράσιν
1927 992 2019 1060 ἒξ-

427 1089 734 1160 ευρημένη,
766 1085 1044 1156 ἀριδηλως
1083 1085 1371 1156 ἐσήμανεν
1399 1085 1429 1138 ό
1474 1085 1759 1148 Εὐσέϐιος.
1799 1087 1911 1141 Καὶ
1935 1086 2020 1140 ὅτι

429 1162 583 1252 mia
613 1179 904 1250 συμφωνίᾳ
929 1179 1130 1238 πάντες
1150 1176 1228 1247 τῷ
1249 1177 1526 1248 όμοουσίῳ
1554 1179 2017 1248 συνεψηφίσαντο,

429 1276 507 1339 ὡς
536 1275 702 1336 αὺτδς
751 1271 949 1342 μικρὸν
986 1269 1196 1324 ἄνωθεν
1237 1270 1594 1342 παρεθέμην’
1635 1271 1672 1326 ἃ.
1702 1274 1800 1327 καὶ
1847 1273 2021 1328 Εὐσέ-

433 1370 550 1432 ὄιος
591 1369 650 1420 ἐν
684 1366 765 1438 τῷ
796 1365 901 1433 Εἰς
950 1366 1061 1418 τὸν
1092 1362 1244 1441 βίον
1299 1367 1768 1435 Κωνσταντίνου
1829 1365 2019 1437 σαφῶς

435 1477 694 1534 παριστιιρ

997 1661 1256 1720 ΚΕΦΑΔ.
1316 1664 1448 1722 Kl".

462 1768 672 1841 “acuat
698 1771 754 1823 οῖ
779 1771 1264 1841 τελευτήσαντες
1286 1773 1398 1828 δύο
1445 1773 1708 1841 Πατέρες
1741 1771 1851 1828 τὸν
1876 1771 2021 1841 ὅρον

506 1839 915 1963 ἕτὲξνιέυνόδου
939 1842 1328 1924 ὑπέγραψαν,
1353 1839 1712 1915 Χρύσαν-θος
1730 1845 1832 1907 καὶ
1862 1839 2022 1910 Μου-

640 1931 654 1961 ι
695 1931 748 1963 (‘-

640 1931 748 1976 ιος.

512 2027 581 2083 ’0
617 2029 674 2081 δὲ
702 2031 897 2098 γέγονε
929 2030 1240 2098 παράδοξον
1285 2031 1345 2084 ὲν
1379 2033 1445 2102 τῇ
1477 2030 1572 2088 τοῦ
1612 2032 1773 2099 ἁγίου
1813 2031 2020 2102 συμϐό-

438 2122 534 2185 λου
565 2122 881 2193 ὑπογραφῇ,
909 2124 1010 2175 οὐκ
1044 2125 1274 2194 ἄκαιρον
1309 2125 1520 2190 γένοιτο
1547 2125 1800 2178 διελθεῖν.
1819 2126 1909 2178 Ἐν
1942 2124 2020 2195 τῷ
2053 2159 2096 2218 Β

441 2215 647 2298 μεταξὺ
699 2217 792 2281 τοῦ
822 2215 1018 2296 χρόνου
1072 2217 1171 2286 τῆς
1217 2217 1504 2288 συνοδικῇς
1549 2217 1886 2282 τελειώσεως
1929 2217 2025 2274 δύο

441 2292 598 2371 τινας
629 2307 738 2360 τῶν
789 2292 1106 2364 ἐπισκόπων
1146 2311 1345 2389 συνέϐη
1401 2311 1494 2365 τὸν
1540 2311 1656 2382 βίον
1704 2313 2020 2382 ἀπολιπεῖν,

441 2400 612 2485 μήπω
639 2401 720 2470 τῷ
769 2402 920 2472 τόμῳ
958 2402 1058 2464 τὰς
1098 2403 1424 2474 ὑπογραφάς
1465 2405 1812 2476 ἐνθεμένους.
1865 2407 1922 2460 Ὀ
1967 2407 2024 2461 δὲ

438 2491 626 2564 λοιπὸς
653 2493 760 2546 τῶν
797 2494 1056 2562 Πατέρων
1085 2496 1306 2565 ὅμιλος,
1345 2499 1440 2550 ἐπὶ
1467 2498 1528 2550 τὸ
1561 2499 1739 2552 κοινὸν
1773 2500 1876 2564 τῆς
1909 2518 2025 2556 κοι-

442 2585 662 2669 μήσεως
674 2585 871 2664 χωρίον
889 2587 1188 2658 γενόμενοι,
1215 2589 1405 2662 ὥσπερ
1428 2591 1492 2660 δὴ
1515 2591 1653 2654 ζῶσι
1681 2594 1774 2644 καὶ
1809 2593 2025 2662 ἀκροω-

441 2679 626 2758 μένοις
657 2680 1012 2749 περιστάντες
1049 2681 1112 2734 τὸ
1147 2682 1360 2752 μνῆμα,
1389 2683 1484 2738 τὸν
1513 2685 1681 2754 τόμον
1709 2685 1802 2738 ἐπὶ
1837 2688 2024 2756 χεῖρας

439 2770 720 2846 φέροντες,
754 2772 857 2842 Τὸν
908 2771 1072 2826 καλὸν
1103 2773 1291 2841 ᾲγῶνα
1311 2817 1326 2840 ,
1361 2770 1519 2840 εἷπον
1539 2816 1555 2840 ,
1586 2777 1720 2830 θεῖοι
1755 2779 2023 2850 Πατέρες,

442 2865 542 2936 σὺν
581 2865 710 2935 ἡμῖν
744 2865 1127 2945 ηγωνίσασθεσ
1177 2868 1268 2936 τὸν
1311 2868 1513 2940 δρόμον
1554 2871 1843 2939 ἐτελέσατε
1874 2888 1887 2904 ·
1922 2871 2024 2943 τὴν

442 2957 626 3028 πίστιν
653 2959 980 3029 ὲτηρήσατε.
1013 2961 1076 3014 Ei
1109 2960 1292 3016 τοίνυν
1333 2962 1444 3023 δεῖν
1481 2958 1624 3018 εἶναι
1651 2963 1934 3032 λογίζεσθε
1963 2965 2026 3019 τὸ

446 3049 688 3123 πραχθὲν
727 3051 858 3122 παρ’
898 3054 1052 3126 ἡμῖν,
1118 3055 1200 3108 ὅτι
1233 3071 1299 3121 γε
1346 3057 1440 3114 καὶ
1486 3056 1580 3110 νῦν
1633 3056 2026 3129 καθαρώτερον

441 3143 794 3213 έποπτεύετρε,
825 3145 1015 3217 ἀμέσῳ
1041 3147 1109 3217 τῇ
1132 3146 1297 3225 αῖγλῃ
1325 3147 1426 3219 τῆς
1455 3149 1688 3220 Τριάδος
1713 3165 2027 3221 καταστρα-

446 3237 730 3319 σττόθιενοι,
765 3237 862 3309 σὺν
900 3239 1032 3308 ἡμῖν
1066 3225 1158 3302 τόν
1186 3240 1353 3310 τόμον
1385 3241 1788 3312 ὕποσημαίνειν
1821 3240 2024 3312 χρεών.

446 3328 613 3394 Ταῦτ’
635 3329 843 3404 ελεγον,
873 3332 968 3389 καὶ
989 3333 1056 3404 τῇ
1089 3331 1236 3402 σορῷ
1263 3331 1356 3392 τὸν
1382 3332 1550 3404 τόμον
1581 3333 2026 3404 ὲσφρᾳγισμένον

448 3421 840 3497 παραθέμενοι,
877 3423 938 3477 ὲν
965 3423 1234 3496 άγρύπνῳ
1263 3425 1537 3493 διετέλουν
1561 3425 1737 3481 νυκτί.
1756 3422 1875 3480 Εἴθ’
1897 3425 2028 3497 ἑξῆς

2122 919 2364 969 novam,
2407 914 2505 959 aut
2539 905 2608 960 ab
2639 906 2918 976 episcOpis
2961 905 3157 961 Niezeaa
3197 916 3312 960 tum
3357 905 3706 974 congregatis

2123 997 2367 1068 primum
2402 997 2678 1068 proditam
2702 1037 2719 1062 ,
2752 998 2846 1052 sed
2879 1014 2910 1052 a
2943 999 3133 1054 multis
3168 1009 3329 1052 antea
3365 999 3526 1052 annis
3553 1013 3582 1050 a
3621 1013 3713 1054 sa-

2120 1088 2408 1160 pientibus
2453 1089 2736 1144 inventam
2779 1100 3214 1160 usurpatamque
3256 1089 3515 1144 Patribus
3561 1103 3709 1155 esse,

2122 1191 2314 1253 aperte
2358 1183 2604 1238 ostendit
2654 1181 2952 1238 Eusebius.
3001 1179 3168 1252 580
3210 1180 3351 1235 Tum
3407 1189 3593 1235 autem
3649 1179 3713 1232 τὺ

2119 1272 2414 1344 ὁμοούσιον
2448 1273 2730 1329 communi
2764 1286 3046 1329 consensu
3082 1272 3457 1344 concordique
3497 1272 3712 1328 calculo

2119 1366 2191 1421 ab
2214 1366 2477 1422 omnibus
2504 1368 2950 1436 comprabatum,
2976 1367 3139 1438 paulo
3161 1377 3288 1422 ante
3313 1367 3431 1438 ipse
3454 1367 3709 1437 exposui,

2121 1457 2175 1512 id
2210 1459 2358 1527 quod
2384 1459 2664 1515 Eusebius
2697 1475 2921 1531 quoque
2950 1459 3008 1514 in
3038 1459 3182 1515 libro
3208 1458 3284 1516 De
3314 1460 3425 1514 vita
3449 1458 3712 1515 Constan-

2123 1553 2227 1607 tini
2258 1553 2579 1608 luculenter
2605 1552 2828 1610 astruit.

2687 1667 2916 1726 CAPUT
2954 1667 3151 1724 XXIII.

2127 1779 2195 1841 Ut
2247 1780 2352 1834 duo
2407 1783 2569 1836 etiam
2615 1781 3088 1852 mortuiiepiseopi
3141 1789 3191 1834 et
3244 1779 3437 1835 Patres
3486 1777 3711 1834 decretis

2197 1852 2388 1923 synodi
2413 1853 2844 1922 subscripserint,
2879 1852 3242 1923 Chrysanthus
3267 1861 3316 1905 et
3337 1852 3637 1906 Musonius.

2194 2031 2466 2088 Cmterum
2503 2031 2651 2101 quod
2699 2033 2752 2088 in
2800 2033 3208 2101 subscriptione
3240 2031 3413 2088 sancti
3461 2031 3708 2104 Symboli

2125 2122 2341 2195 insigne
2376 2124 2582 2180 accidit
2615 2125 2968 2190 miraculum,
3014 2126 3068 2181 id
3101 2140 3210 2180 non
3251 2125 3708 2194 intempestivum

2124 2218 2296 2272 fuerit
2333 2233 2798 2275 commemorare.
2834 2219 3166 2288 Priusquam
3202 2228 3323 2273 acta
3355 2217 3552 2289 synodi
3591 2233 3714 2287 per-

2123 2312 2440 2377 ﬁcerentur,
2493 2313 2682 2368 evenit
2722 2322 2784 2367 ut
2818 2313 2930 2368 duo
2961 2313 3207 2382 episcopi
3240 2329 3271 2367 e
3312 2313 3426 2366 vita
3465 2321 3593 2367 ante
3628 2311 3712 2366 di-

2124 2406 2432 2460 scesserint
2475 2422 2639 2476 quam
2682 2406 3048 2475 professionis
3076 2407 3202 2462 ﬁdei
3236 2407 3446 2476 scripto
3480 2415 3714 2460 annota-

2127 2500 2335 2556 tionem
2374 2499 2953 2569 subscriptionemquc
2991 2515 3148 2555 suam
3197 2499 3608 2569 apposuissent.
3642 2495 3714 2549 At

2127 2593 2342 2662 reliqua
2373 2590 2601 2646 Patrum
2635 2591 2790 2647 turba
2823 2592 2891 2647 ad
2933 2606 3288 2648 communem
3323 2594 3630 2661 sepulturae
3657 2599 3716 2644 et

2126 2684 2488 2741 dormitionis
2528 2685 2709 2739 locum
2740 2700 2968 2746 venere.
3005 2693 3060 2739 et
3088 2695 3474 2738 monumento,
3491 2683 3714 2738 illorum

2127 2777 2472 2840 assisteutes,
2501 2775 2882 2844 scriptumque
2911 2774 2966 2828 in
2991 2774 3247 2830 manibus
3277 2774 3572 2838 habentes,
3596 2783 3717 2827 tan—

2129 2882 2296 2935 quam
2332 2866 2402 2922 ad
2439 2866 2687 2920 viventes
2713 2877 2769 2921 et
2795 2867 3129 2921 audientes:
3162 2866 3374 2920 Bonum
3408 2875 3714 2926 certamen.

2128 2956 2412 3023 dixerunt,
2432 2957 2542 3012 divi
2569 2958 2780 3022 Patres,
2806 2956 3096 3011 nobiscum
3122 2957 3471 3022 decertastis,
3490 2972 3715 3011 cursum

2132 3050 2629 3122 peregistisﬁdem
2655 3050 2939 3105 servastis.
2967 3049 3025 3104 Si
3047 3049 3214 3119 igitur
3235 3050 3488 3105 obtinere
3513 3050 3718 3105 debere

2130 3144 2184 3198 id
2213 3142 2454 3198 censetis
2485 3141 2633 3212 quod
2658 3157 2688 3196 a
2717 3141 2876 3196 nobis
2901 3148 2987 3196 est
3013 3150 3222 3207 actum,
3252 3141 3516 3212 quoniam
3546 3158 3716 3208 nunc,

2129 3237 2286 3296 nullo
2329 3234 2663 3305 interposito
2712 3235 3032 3298 obstaculo,
3082 3233 3376 3290 Trinitatis
3417 3235 3718 3304 splendore

2133 3326 2415 3394 illustrati,
2467 3326 2673 3382 clarius
2723 3327 2777 3382 id
2823 3325 3174 3396 perspicitis,
3216 3341 3461 3396 peropus
3504 3335 3588 3382 est
3619 3342 3720 3383 vos

2132 3420 2426 3487 nobiscum
2452 3419 2639 3474 libello
2656 3418 3030 3474 subscribere.
3069 3418 3195 3473 Haec
3227 3418 3534 3482 illidixere.
3555 3428 3612 3475 et
3651 3419 3723 3474 li-

449 3515 770 3584 προσιόντες
798 3515 905 3579 τῶν
933 3515 1242 3595 σφραγίδων
1270 3518 1658 3588 ἐπικειμένων,
1679 3518 2030 3588 άνελίξαντες

2132 3514 2339 3580 bellum
2359 3513 2706 3584 obsignatum
2725 3511 2792 3566 ad
2814 3512 3088 3568 tumulum
3109 3512 3440 3582 deposuere,
3465 3522 3718 3578 noctem-

447 3606 541 3661 τὸν
563 3607 726 3678 τόμον
749 3606 906 3679 εὗρον
935 3610 1032 3673 καὶ
1050 3609 1150 3680 τᾲς
1175 3610 1404 3682 ἐπείνων
1434 3611 1764 3689 ὑπογραφάς
1781 3610 2032 3691 ὲνταγεί-

452 3717 550 3764 σας
578 3703 700 3776 ταῖς
728 3701 969 3773 λοιπαῖς,
997 3703 1203 3775 νεαρὰς
1221 3703 1328 3778 ἔτι,
1355 3705 1990 3774 ταῦτα.διαγορευούσας
2010 3721 2027 3739 ο

451 3795 770 3869 ᾎρύσανθος
813 3797 908 3849 καὶ
958 3797 1279 3867 Μουσώνιος
1309 3799 1358 3852 oi
1401 3799 1544 3868 μετά
1597 3799 1712 3866 τῶν
1768 3797 2032 3867 Πατέρων

453 3889 670 3954 πάντων
708 3890 1169 3962 ὁμοφωνήσαντες
1225 3893 1285 3947 ὲν
1321 3893 1388 3961 τῇ
1431 3890 1566 3962 ἁγίᾳ
1594 3890 1788 3963 πρώτῃ
1827 3893 1924 3953 καὶ
1953 3891 2034 3943 oi—

453 3983 748 4052 κουμενικῇ
781 3979 984 4052 συνόδῳ
1011 3983 1075 4052 τῇ
1125 3982 1184 4035 ὲν
1215 3981 1446 4052 Νικαίᾳ,
1476 3983 1525 4034 εί
1579 3981 1678 4036 καὶ
1705 3980 1786 4051 τῷ
1814 3978 2033 4049 σώματι

453 4073 826 4154 μετέστημεν,
867 4074 980 4127 ἀλλ’
1029 4070 1124 4128 οὖν
1172 4075 1354 4148 οίκείσ.
1397 4074 1547 4146 χειρὶ
1595 4074 1688 4143 τὸν
1727 4073 1894 4142 τόμον
1935 4073 2032 4140 καὶ

453 4166 618 4244 ἡμεῖς
663 4165 1124 4246 ᾧπεργράψαμεν,
2049 4161 2052 4164 ’

1035 4464 1285 4518 ΚΕΦΑΑ.
1329 4464 1455 4517 ΚΔθ.

471 4575 679 4644 ’ρποῖα
735 4575 835 4630 καὶ
897 4575 935 4639 ἡ
987 4575 1127 4643 ἁγία
1159 4571 1550 4644 σύνοδοςητῆ,
1581 4570 2038 4638 Ἀλεξανδρέων

579 4648 848 4716 ἔβαψεν
878 4638 1217 4711 Ἐκκλησία
1251 4646 1383 4712 περὶ
1411 4638 1910 4712 ὧνὸιεπράξατο.

539 4759 604 4813 Ἦ
640 4762 696 4812 δὲ
727 4759 941 4819 σύνώος
965 4759 1032 4811 τά
1063 4760 1431 4828 πεπραγμένα
1457 4761 1518 4828 τῇ
1541 4774 1599 4809 τε
1632 4756 2034 4825 Ἀλεξανδρείᾳ,

2131 3623 2242 3680 que
2261 3616 2430 3663 totam
2453 3607 2762 3664 insomnem
2785 3623 2970 3679 egere.
2985 3604 3264 3662 Postridie
3285 3621 3416 3661 vero
3436 3606 3505 3662 ad
3533 3607 3715 3661 locum

2133 3716 2259 3756 cum
2303 3700 2558 3764 rediere,
2602 3700 2754 3772 signa
2790 3701 3054 3756 inviolata
3099 3701 3395 3764 invenere,
3426 3709 3484 3756 et
3524 3699 3719 3754 libello

2132 3791 2410 3862 explicato
2453 3790 2896 3861 subscriptiones
2937 3791 3158 3846 illorum
3197 3791 3431 3862 reliquis
3477 3791 3723 3846 insertas

2133 3897 2483 3954 cognovere,
2533 3891 2789 3938 recentes
2843 3881 3028 3938 adhuc
3083 3883 3140 3937 iu
3192 3883 3312 3938 haec
3365 3881 3538 3937 verba
3587 3897 3721 3937 con-

2134 3984 2364 4048 ceptas:
2403 3975 2788 4048 Chrysanthus
2821 3984 2880 4031 et
2918 3974 3224 4039 Musonius,
3257 3974 3352 4045 qui
3381 3990 3506 4030 cum
3539 3973 3720 4028 Patri-

2135 4067 2243 4131 bus
2279 4068 2539 4133 omnibus
2565 4068 2621 4121 in
2645 4075 2834 4122 sancta
2850 4066 3031 4136 prima
3053 4075 3111 4121 et
3137 4065 3481 4121 mcumeuica
3501 4064 3547 4119 Ν
3555 4067 3722 4118 icacna

2137 4161 2348 4233 synodo
2393 4161 2822 4226 consensimus,
2853 4158 3106 4230 quamvis
3153 4174 3390 4228 corpore
3439 4159 3715 4221 translati,

2139 4269 2304 4312 manu
2363 4260 2547 4306 tamen
2603 4253 2828 4322 propria
2885 4265 2990 4306 nos
3050 4265 3275 4319 quoque
3334 4248 3526 4303 libello
3585 4247 3722 4303 sub-

2137 4345 2487 4416 scripsimus.

2599 4451 2759 4526 531
2800 4406 3027 4510 csPUT
3067 4452 3262 4507 xxrv.

2139 4573 2270 4640 Qua:
2321 4573 2435 4639 ipsa
2506 4577 2690 4622 sancta
2740 4567 2998 4640 synodus
3029 4563 3721 4640 Alexandriuw‘scripserit

2400 4640 2651 4696 Ecclesia
2688 4643 2750 4691 de
2790 4641 2940 4714 rebus
2983 4638 3038 4690 in
3066 4638 3267 4705 synodo
3297 4635 3476 4705 gestis.

2213 4759 2470 4832 Synodus
2499 4764 2681 4809 autem
2733 4763 2854 4809 acta
2883 4768 2980 4807 sua
3025 4751 3373 4807 Alexandriae
3396 4793 3410 4814 .
3461 4750 3719 4821 )Egypto,

461 4854 556 4925 καὶ
589 4852 868 4920 Αἰγύπτῳ,
919 4851 1094 4922 Λιϐύῃ
1131 4868 1192 4902 τε
1239 4851 1332 4902 καὶ
1382 4850 1717 4910 Πενταπόλει
1757 4848 1881 4901 τάδε
1934 4849 2031 4900 ἁπ-

2147 4851 2328 4922 Libyae
2387 4858 2446 4903 et
2513 4846 2840 4916 Pentapoli,
2904 4845 3108 4898 litteris
3153 4843 3220 4897 ad
3293 4844 3440 4897 [nunc
3493 4844 3720 4897 modum

457 4947 666 4998 έστειλε
705 4946 1004 5017 γράψασα·
1049 4964 1068 5000 ι
1113 4943 1191 5014 Τῇ
1245 4944 1378 5013 ἁγίᾳ
1405 4941 1540 4994 Θεοῦ
1581 4944 1766 5011 χάριτι
1819 4941 2034 5015 μεγάλῃ

471 5038 864 5107 Ἀλεξανδρέων
895 5037 1211 5107 Ἐκκλησία,
1237 5038 1330 5091 καὶ
1355 5038 1466 5097 τοῖς
1493 5035 1610 5086 κατ’
1635 5034 1916 5100 Αἴγυπτον
1939 5034 2034 5085 καὶ

457 5132 666 5198 Λιϐύην
699 5131 794 5191 καὶ
840 5131 1179 5187 Πεντάπολιν
1211 5129 1523 5197 ἀγαπητοῖς
1558 5125 1835 5194 ἀδελφοῖς,
1883 5124 1932 5178 oi
1975 5125 2034 5177 ὲν

458 5227 665 5298 Νικαίᾳ
720 5223 1100 5302 συναχθέντες,
1159 5222 1258 5278 καὶ
1295 5221 1396 5290 τὴν
1446 5219 1694 5290 μεγάλην
1736 5220 1834 5271 καὶ
1873 5219 2036 5287 ἁγίαν

461 5316 932 5394 συγκροτήσαντες
964 5316 1205 5380 σύνοδον,
1232 5317 1290 5366 ὲν
1314 5313 1505 5383 Κυρίῳ
1540 5313 1776 5382 χαίρειν.
1813 5311 2037 5377 Ἐπειδὴ

458 5409 562 5479 τῆς
596 5407 690 5469 τοῦ
722 5407 858 5462 Θεοῦ
892 5407 1116 5478 χάριτος
1154 5407 1249 5470 καὶ
1290 5402 1386 5462 τοῦ
1435 5403 1858 5470 θεοφιλεστάτου
1889 5402 2042 5472 βασι-

459 5505 596 5570 λέως
615 5504 1025 5574 Κωνσταντίνου
1047 5519 1186 5570 συγκ
1196 5500 1542 5571 ροτήσαντος,
1557 5498 1856 5561 ὲξάπαντος
1873 5497 2039 5562 ἀναγ-

463 5599 616 5666 καῖον
646 5578 822 5665 ἐφάνη
850 5593 1002 5662 παρὰ
1023 5595 1123 5662 τῆς
1146 5593 1299 5662 ίερᾶς
1334 5589 1556 5644 συνόδου
1589 5590 1681 5640 καὶ
1721 5586 1858 5658 πρὸς
1893 5585 2040 5653 ὑμᾶς

464 5687 820 5760 ἐπισταλῆναι
841 5687 1172 5757 γράμματα,
1211 5683 1280 5737 ἶν’
1310 5683 1512 5736 εἰδέναι
1553 5681 1755 5750 ἔχοιτε,
1794 5679 1919 5740 τίνα
1942 5675 2043 5745 μὲν

466 5781 693 5857 έκινήθη
722 5781 820 5836 καὶ
847 5767 1144 5850 ἐξητάσθη,
1170 5777 1292 5830 τίνα
1323 5776 1380 5828 δὲ
1408 5773 1554 5838 ἔδοξε
1577 5774 1670 5826 καὶ
1692 5768 2004 5842 ἐκρατύνθη
2029 5784 2044 5798 ⁸

453 5871 696 5946 ⁹’πρῶτον
733 5872 830 5947 μὲν
856 5866 948 5926 οὖν
987 5871 1047 5938 ἐξ
1085 5870 1346 5924 ἁπάντων
1377 5866 1656 5940 ἐξητάσθη
1687 5866 1756 5919 τὰ
1783 5862 1925 5918 κατὰ
1949 5862 2049 5933 τὴν

2143 4945 2500 5017 perscripsit:
2545 4941 2762 4995 Sancta:
2801 4949 2858 5000 et
2901 4954 3109 5008 magnae
3140 4937 3236 4992 Dei
3278 4937 3453 5004 gratia
3483 4937 3724 4990 Alexan-

2143 5040 2428 5094 drinorum
2475 5033 2766 5097 Ecclesiae,
2815 5043 2872 5086 et
2917 5033 3011 5102 qui
3048 5033 3102 5086 in
3146 5030 3404 5102 Egypto,
3451 5029 3621 5100 Libya
3663 5037 3722 5085 et

2147 5127 2429 5197 Pentapoli
2474 5135 2634 5187 sunt,
2669 5125 2887 5180 dilectis
2922 5124 3206 5182 fratribus.
3235 5123 3331 5192 qui
3368 5124 3560 5178 Nicaea
3589 5139 3724 5177 con-

2147 5221 2376 5293 gregati,
2403 5234 2655 5289 magnam
2686 5228 2744 5272 et
2768 5226 3013 5273 sanctam
3043 5216 3396 5276 celebrarunt
3420 5217 3720 5287 synodum,

2142 5315 2196 5368 iu
2229 5312 2462 5367 Domino
2505 5311 2763 5365 salutem.
2809 5309 3270 5380 Quandoquidem
3310 5310 3497 5364 divina
3542 5309 3720 5378 gratia

2143 5416 2198 5461 et
2245 5405 2356 5459 Deo
2399 5403 2762 5459 dilectissimo
2802 5404 3136 5473 imperatore
3176 5403 3544 5457 Constantino
3590 5417 3727 5473 cou-

2135 5505 2418 5566 gregante,
2457 5497 2682 5548 omnino
2723 5494 3101 5549 necessarium
3143 5494 3322 5548 visum
3363 5505 3472 5554 est,
3505 5507 3720 5547 Sacram

2138 5585 2406 5656 synodum
2437 5583 2505 5636 ad
2539 5597 2634 5637 vos
2663 5583 2794 5638 dare
2825 5583 3060 5647 litteras,
3091 5593 3151 5637 ut
3191 5583 3502 5649 intelligere
3533 5581 3718 5651 possi-

2140 5677 2234 5737 tis,
2271 5690 2395 5728 cum
2425 5688 2547 5743 qua:
2577 5672 2652 5727 ibi
2686 5672 2740 5727 in
2775 5674 3138 5743 quaestionem
3177 5682 3234 5727 et
3265 5672 3715 5742 disquisitionem

2142 5781 2368 5830 venere,
2413 5774 2527 5818 tum
2573 5780 2696 5832 qua:
2726 5765 2953 5821 decreta
2988 5764 3311 5838 sancitaque
3344 5775 3495 5820 sunt.
3529 5765 3724 5834 Itaque

2147 5858 2366 5925 scitote,
2401 5854 2578 5928 primo
2605 5857 2856 5913 omnium
2881 5855 3203 5928 inquisitum
3228 5874 3348 5915 esse
3381 5859 3434 5913 in
3461 5858 3710 5932 impieta-
