  <div class='ocr_page' id='page_1' title='image "/cluster/home/n/w/nwhite01/storage/ocr_20150623/146:no.2/coo.31924054870518/055.png"; bbox 0 0 4118 6446; ppageno 0'>
   <div class='ocr_carea' id='block_1_1' title="bbox 469 399 3738 468">
    <p class='ocr_par' dir='ltr' id='par_1_1' title="bbox 469 399 3738 468">
     <span class='ocr_line' id='line_1_1' title="bbox 469 399 3738 468; baseline -0.012 12"><span class='ocrx_word' id='word_1_1' title='bbox 469 407 542 468; x_wconf 74' lang='lat'><strong>95</strong></span> <span class='ocrx_word' id='word_1_2' title='bbox 1685 399 2108 463; x_wconf 79' lang='lat' dir='ltr'><strong>NICEPIIORI</strong></span> <span class='ocrx_word' id='word_1_3' title='bbox 2149 399 2496 461; x_wconf 66' lang='lat' dir='ltr'><strong>tJALlJSTl</strong></span> <span class='ocrx_word' id='word_1_4' title='bbox 3671 401 3738 465; x_wconf 60' lang='grc' dir='ltr'><strong>υτ</strong></span> 
     </span>
    </p>
   </div>
   <div class='ocr_carea' id='block_1_2' title="bbox 477 508 2052 586">
    <p class='ocr_par' dir='ltr' id='par_1_2' title="bbox 477 513 2047 586">
     <span class='ocr_line' id='line_1_2' title="bbox 477 513 2047 586; baseline -0.004 -16"><span class='ocrx_word' id='word_1_5' title='bbox 477 519 646 570; x_wconf 67' lang='grc' dir='ltr'>ιιοιιιιι</span> <span class='ocrx_word' id='word_1_6' title='bbox 682 518 860 586; x_wconf 86' lang='lat' dir='ltr'><strong>pietas</strong></span> <span class='ocrx_word' id='word_1_7' title='bbox 889 524 1158 570; x_wconf 79' lang='lat' dir='ltr'><strong>servetur.</strong></span> <span class='ocrx_word' id='word_1_8' title='bbox 1196 514 1454 569; x_wconf 84' lang='lat' dir='ltr'><strong>Sedenim</strong></span> <span class='ocrx_word' id='word_1_9' title='bbox 1483 529 1606 568; x_wconf 92' lang='lat' dir='ltr'><strong>cum</strong></span> <span class='ocrx_word' id='word_1_10' title='bbox 1636 513 1798 567; x_wconf 89' lang='lat' dir='ltr'><strong>aliter</strong></span> <span class='ocrx_word' id='word_1_11' title='bbox 1822 513 2047 565; x_wconf 82' lang='lat' dir='ltr'><strong>omnino</strong></span> 
     </span>
    </p>
   </div>
   <div class='ocr_carea' id='block_1_3' title="bbox 2156 508 3735 586">
    <p class='ocr_par' dir='ltr' id='par_1_3' title="bbox 2156 508 3735 586">
     <span class='ocr_line' id='line_1_3' title="bbox 2156 508 3735 586; baseline 0.003 -25"><span class='ocrx_word' id='word_1_12' title='bbox 2156 509 2244 562; x_wconf 71' lang='grc' dir='ltr'><strong>τὸν</strong></span> <span class='ocrx_word' id='word_1_13' title='bbox 2279 512 2566 580; x_wconf 80' lang='grc' dir='ltr'>παγκρατῆ</span> <span class='ocrx_word' id='word_1_14' title='bbox 2599 509 2732 563; x_wconf 80' lang='grc' dir='ltr'>Θεὸν</span> <span class='ocrx_word' id='word_1_15' title='bbox 2760 508 3014 562; x_wconf 78' lang='grc' dir='ltr'>εὐσέϐεια</span> <span class='ocrx_word' id='word_1_16' title='bbox 3043 509 3305 581; x_wconf 77' lang='grc' dir='ltr'><strong>τηρῆται.</strong></span> <span class='ocrx_word' id='word_1_17' title='bbox 3346 509 3487 566; x_wconf 79' lang='grc' dir='ltr'>Ἀλλ’</span> <span class='ocrx_word' id='word_1_18' title='bbox 3529 512 3651 566; x_wconf 73' lang='grc' dir='ltr'>ἐπεὶ</span> 
     </span>
    </p>
   </div>
   <div class='ocr_carea' id='block_1_4' title="bbox 473 603 2052 680">
    <p class='ocr_par' dir='ltr' id='par_1_4' title="bbox 473 603 2052 680">
     <span class='ocr_line' id='line_1_4' title="bbox 473 603 2052 680; baseline -0.004 -18"><span class='ocrx_word' id='word_1_19' title='bbox 473 613 588 662; x_wconf 83' lang='lat' dir='ltr'><strong>lieri</strong></span> <span class='ocrx_word' id='word_1_20' title='bbox 635 627 744 663; x_wconf 91' lang='lat' dir='ltr'><strong>non</strong></span> <span class='ocrx_word' id='word_1_21' title='bbox 799 619 1004 678; x_wconf 74' lang='lat' dir='ltr'><strong>posset,</strong></span> <span class='ocrx_word' id='word_1_22' title='bbox 1041 608 1207 680; x_wconf 68' lang='grc'><strong>584</strong></span> <span class='ocrx_word' id='word_1_23' title='bbox 1247 617 1303 662; x_wconf 95' lang='lat' dir='ltr'><strong>ut</strong></span> <span class='ocrx_word' id='word_1_24' title='bbox 1339 607 1477 662; x_wconf 87' lang='lat' dir='ltr'><strong>ordo</strong></span> <span class='ocrx_word' id='word_1_25' title='bbox 1523 604 1742 660; x_wconf 79' lang='lat' dir='ltr'><strong>stabilis</strong></span> <span class='ocrx_word' id='word_1_26' title='bbox 1767 613 1824 659; x_wconf 89' lang='lat' dir='ltr'><strong>et</strong></span> <span class='ocrx_word' id='word_1_27' title='bbox 1859 603 2052 657; x_wconf 80' lang='lat' dir='ltr'><strong>ﬁrmus</strong></span> 
     </span>
    </p>
   </div>
   <div class='ocr_carea' id='block_1_5' title="bbox 471 698 2050 769">
    <p class='ocr_par' dir='ltr' id='par_1_5' title="bbox 471 698 2050 769">
     <span class='ocr_line' id='line_1_5' title="bbox 471 698 2050 769; baseline -0.002 -14"><span class='ocrx_word' id='word_1_28' title='bbox 471 704 934 764; x_wconf 74' lang='lat' dir='ltr'><strong>constitueretur,</strong></span> <span class='ocrx_word' id='word_1_29' title='bbox 970 701 1074 754; x_wconf 86' lang='lat' dir='ltr'><strong>nisi</strong></span> <span class='ocrx_word' id='word_1_30' title='bbox 1111 701 1274 755; x_wconf 86' lang='lat' dir='ltr'><strong>simul</strong></span> <span class='ocrx_word' id='word_1_31' title='bbox 1307 717 1521 766; x_wconf 90' lang='lat' dir='ltr'><strong>omnes,</strong></span> <span class='ocrx_word' id='word_1_32' title='bbox 1555 710 1649 754; x_wconf 86' lang='lat' dir='ltr'><strong>aut</strong></span> <span class='ocrx_word' id='word_1_33' title='bbox 1679 707 1830 754; x_wconf 89' lang='lat' dir='ltr'><strong>certe</strong></span> <span class='ocrx_word' id='word_1_34' title='bbox 1862 698 2050 769; x_wconf 85' lang='lat' dir='ltr'><strong>plures</strong></span> 
     </span>
    </p>
   </div>
   <div class='ocr_carea' id='block_1_6' title="bbox 470 786 2049 859">
    <p class='ocr_par' dir='ltr' id='par_1_6' title="bbox 470 786 2049 859">
     <span class='ocr_line' id='line_1_6' title="bbox 470 786 2049 859; baseline -0.004 -13"><span class='ocrx_word' id='word_1_35' title='bbox 470 796 719 859; x_wconf 77' lang='lat' dir='ltr'><strong>episcopi</strong></span> <span class='ocrx_word' id='word_1_36' title='bbox 760 791 1143 854; x_wconf 79' lang='lat' dir='ltr'><strong>convenirent,</strong></span> <span class='ocrx_word' id='word_1_37' title='bbox 1171 799 1227 844; x_wconf 90' lang='lat' dir='ltr'><strong>et</strong></span> <span class='ocrx_word' id='word_1_38' title='bbox 1263 791 1329 844; x_wconf 90' lang='lat' dir='ltr'><strong>de</strong></span> <span class='ocrx_word' id='word_1_39' title='bbox 1359 806 1415 844; x_wconf 89' lang='lat' dir='ltr'><strong>re</strong></span> <span class='ocrx_word' id='word_1_40' title='bbox 1449 790 1695 859; x_wconf 89' lang='lat' dir='ltr'><strong>qualibet</strong></span> <span class='ocrx_word' id='word_1_41' title='bbox 1720 788 1788 842; x_wconf 91' lang='lat' dir='ltr'><strong>ad</strong></span> <span class='ocrx_word' id='word_1_42' title='bbox 1818 786 2049 841; x_wconf 78' lang='lat' dir='ltr'><strong>sanctis-</strong></span> 
     </span>
    </p>
   </div>
   <div class='ocr_carea' id='block_1_7' title="bbox 471 878 2050 951">
    <p class='ocr_par' dir='ltr' id='par_1_7' title="bbox 471 878 2050 951">
     <span class='ocr_line' id='line_1_7' title="bbox 471 878 2050 951; baseline -0.003 -16"><span class='ocrx_word' id='word_1_43' title='bbox 471 885 668 937; x_wconf 82' lang='lat' dir='ltr'><strong>simam</strong></span> <span class='ocrx_word' id='word_1_44' title='bbox 727 883 1049 951; x_wconf 78' lang='lat' dir='ltr'><strong>religionem</strong></span> <span class='ocrx_word' id='word_1_45' title='bbox 1112 882 1429 950; x_wconf 90' lang='lat' dir='ltr'><strong>pertinente</strong></span> <span class='ocrx_word' id='word_1_46' title='bbox 1490 880 1891 950; x_wconf 88' lang='lat' dir='ltr'><strong>dijudicarent,</strong></span> <span class='ocrx_word' id='word_1_47' title='bbox 1930 878 2050 947; x_wconf 86' lang='lat' dir='ltr'><strong>ejus</strong></span> 
     </span>
    </p>
   </div>
   <div class='ocr_carea' id='block_1_8' title="bbox 473 968 2050 1043">
    <p class='ocr_par' dir='ltr' id='par_1_8' title="bbox 473 968 2050 1043">
     <span class='ocr_line' id='line_1_8' title="bbox 473 968 2050 1043; baseline -0.003 -17"><span class='ocrx_word' id='word_1_48' title='bbox 473 976 552 1028; x_wconf 88' lang='lat' dir='ltr'><strong>rei</strong></span> <span class='ocrx_word' id='word_1_49' title='bbox 587 974 785 1043; x_wconf 73' lang='lat' dir='ltr'><strong>gratia,</strong></span> <span class='ocrx_word' id='word_1_50' title='bbox 821 989 984 1042; x_wconf 88' lang='lat' dir='ltr'><strong>quam</strong></span> <span class='ocrx_word' id='word_1_51' title='bbox 1029 972 1146 1026; x_wconf 81' lang='lat' dir='ltr'><strong>ﬁeri</strong></span> <span class='ocrx_word' id='word_1_52' title='bbox 1181 973 1361 1043; x_wconf 90' lang='lat' dir='ltr'><strong>potuit</strong></span> <span class='ocrx_word' id='word_1_53' title='bbox 1404 971 1658 1040; x_wconf 78' lang='lat' dir='ltr'><strong>plurimis</strong></span> <span class='ocrx_word' id='word_1_54' title='bbox 1702 968 1933 1033; x_wconf 84' lang='lat' dir='ltr'><strong>coaetis,</strong></span> <span class='ocrx_word' id='word_1_55' title='bbox 1963 983 2050 1021; x_wconf 87' lang='lat' dir='ltr'><strong>me</strong></span> 
     </span>
    </p>
   </div>
   <div class='ocr_carea' id='block_1_9' title="bbox 469 1061 2047 1134">
    <p class='ocr_par' dir='ltr' id='par_1_9' title="bbox 469 1061 2047 1134">
     <span class='ocr_line' id='line_1_9' title="bbox 469 1061 2047 1134; baseline -0.003 -16"><span class='ocrx_word' id='word_1_56' title='bbox 469 1081 692 1133; x_wconf 87' lang='lat' dir='ltr'><strong>quoque</strong></span> <span class='ocrx_word' id='word_1_57' title='bbox 749 1064 977 1134; x_wconf 88' lang='lat' dir='ltr'><strong>perinde</strong></span> <span class='ocrx_word' id='word_1_58' title='bbox 1025 1075 1191 1134; x_wconf 90' lang='lat' dir='ltr'><strong>atque</strong></span> <span class='ocrx_word' id='word_1_59' title='bbox 1245 1080 1354 1117; x_wconf 91' lang='lat' dir='ltr'><strong>uno</strong></span> <span class='ocrx_word' id='word_1_60' title='bbox 1388 1063 1576 1132; x_wconf 90' lang='lat' dir='ltr'><strong>aliquo</strong></span> <span class='ocrx_word' id='word_1_61' title='bbox 1616 1079 1683 1117; x_wconf 81' lang='lat' dir='ltr'><strong>ex</strong></span> <span class='ocrx_word' id='word_1_62' title='bbox 1724 1061 1881 1116; x_wconf 84' lang='lat' dir='ltr'><strong>vobis</strong></span> <span class='ocrx_word' id='word_1_63' title='bbox 1916 1062 2047 1131; x_wconf 90' lang='lat' dir='ltr'><strong>(non</strong></span> 
     </span>
    </p>
   </div>
   <div class='ocr_carea' id='block_1_10' title="bbox 471 1155 2048 1226">
    <p class='ocr_par' dir='ltr' id='par_1_10' title="bbox 471 1155 2048 1226">
     <span class='ocr_line' id='line_1_10' title="bbox 471 1155 2048 1226; baseline -0.001 -18"><span class='ocrx_word' id='word_1_64' title='bbox 471 1157 617 1209; x_wconf 76' lang='lat' dir='ltr'><strong>enim</strong></span> <span class='ocrx_word' id='word_1_65' title='bbox 667 1155 1004 1225; x_wconf 81' lang='lat' dir='ltr'><strong>negaverim.</strong></span> <span class='ocrx_word' id='word_1_66' title='bbox 1049 1172 1160 1226; x_wconf 85' lang='lat' dir='ltr'><strong>quo</strong></span> <span class='ocrx_word' id='word_1_67' title='bbox 1211 1157 1450 1209; x_wconf 76' lang='lat' dir='ltr'><strong>maxime</strong></span> <span class='ocrx_word' id='word_1_68' title='bbox 1497 1156 1672 1218; x_wconf 64' lang='lat' dir='ltr'><strong>laetor,</strong></span> <span class='ocrx_word' id='word_1_69' title='bbox 1722 1169 2048 1209; x_wconf 87' lang='lat' dir='ltr'><strong>conservum</strong></span> 
     </span>
    </p>
   </div>
   <div class='ocr_carea' id='block_1_11' title="bbox 470 1244 2047 1317">
    <p class='ocr_par' dir='ltr' id='par_1_11' title="bbox 470 1244 2047 1317">
     <span class='ocr_line' id='line_1_11' title="bbox 470 1244 2047 1317; baseline 0.001 -20"><span class='ocrx_word' id='word_1_70' title='bbox 470 1257 719 1301; x_wconf 82' lang='lat' dir='ltr'><strong>vestrum</strong></span> <span class='ocrx_word' id='word_1_71' title='bbox 761 1263 849 1302; x_wconf 90' lang='lat' dir='ltr'><strong>me</strong></span> <span class='ocrx_word' id='word_1_72' title='bbox 884 1249 1027 1314; x_wconf 61' lang='lat' dir='ltr'><strong>esse)</strong></span> <span class='ocrx_word' id='word_1_73' title='bbox 1063 1261 1351 1315; x_wconf 62' lang='lat' dir='ltr'><strong>praesente,</strong></span> <span class='ocrx_word' id='word_1_74' title='bbox 1386 1263 1559 1317; x_wconf 89' lang='lat' dir='ltr'><strong>usque</strong></span> <span class='ocrx_word' id='word_1_75' title='bbox 1593 1247 1734 1300; x_wconf 92' lang='lat' dir='ltr'><strong>adeo</strong></span> <span class='ocrx_word' id='word_1_76' title='bbox 1769 1246 1954 1300; x_wconf 91' lang='lat' dir='ltr'><strong>omnia</strong></span> <span class='ocrx_word' id='word_1_77' title='bbox 1991 1244 2047 1298; x_wconf 91' lang='lat' dir='ltr'><strong>in</strong></span> 
     </span>
    </p>
   </div>
   <div class='ocr_carea' id='block_1_12' title="bbox 469 1331 2048 1408">
    <p class='ocr_par' dir='ltr' id='par_1_12' title="bbox 469 1331 2048 1408">
     <span class='ocr_line' id='line_1_12' title="bbox 469 1331 2048 1408; baseline -0.002 -15"><span class='ocrx_word' id='word_1_78' title='bbox 469 1341 712 1394; x_wconf 75' lang='lat' dir='ltr'><strong>debitam</strong></span> <span class='ocrx_word' id='word_1_79' title='bbox 753 1349 881 1394; x_wconf 92' lang='lat' dir='ltr'><strong>sunt</strong></span> <span class='ocrx_word' id='word_1_80' title='bbox 914 1339 1363 1408; x_wconf 83' lang='lat' dir='ltr'><strong>disquisitionem</strong></span> <span class='ocrx_word' id='word_1_81' title='bbox 1392 1331 1608 1400; x_wconf 85' lang='lat' dir='ltr'><strong>vocata,</strong></span> <span class='ocrx_word' id='word_1_82' title='bbox 1641 1353 1928 1406; x_wconf 82' lang='lat' dir='ltr'><strong>quousque</strong></span> <span class='ocrx_word' id='word_1_83' title='bbox 1961 1351 2048 1390; x_wconf 87' lang='lat' dir='ltr'><strong>re-</strong></span> 
     </span>
    </p>
   </div>
   <div class='ocr_carea' id='block_1_13' title="bbox 469 1427 2048 1500">
    <p class='ocr_par' dir='ltr' id='par_1_13' title="bbox 469 1427 2048 1500">
     <span class='ocr_line' id='line_1_13' title="bbox 469 1427 2048 1500; baseline -0.003 -16"><span class='ocrx_word' id='word_1_84' title='bbox 469 1446 594 1485; x_wconf 89' lang='lat' dir='ltr'><strong>rmn</strong></span> <span class='ocrx_word' id='word_1_85' title='bbox 637 1431 886 1485; x_wconf 91' lang='lat' dir='ltr'><strong>omnium</strong></span> <span class='ocrx_word' id='word_1_86' title='bbox 929 1432 1232 1500; x_wconf 86' lang='lat' dir='ltr'><strong>inspectori</strong></span> <span class='ocrx_word' id='word_1_87' title='bbox 1267 1433 1378 1485; x_wconf 88' lang='lat' dir='ltr'><strong>Deo</strong></span> <span class='ocrx_word' id='word_1_88' title='bbox 1415 1431 1610 1500; x_wconf 75' lang='lat' dir='ltr'><strong>placita</strong></span> <span class='ocrx_word' id='word_1_89' title='bbox 1649 1430 1947 1490; x_wconf 87' lang='lat' dir='ltr'><strong>sententia,</strong></span> <span class='ocrx_word' id='word_1_90' title='bbox 1980 1427 2048 1481; x_wconf 90' lang='lat' dir='ltr'><strong>ad</strong></span> 
     </span>
    </p>
   </div>
   <div class='ocr_carea' id='block_1_14' title="bbox 470 1519 2050 1583">
    <p class='ocr_par' dir='ltr' id='par_1_14' title="bbox 470 1519 2050 1583">
     <span class='ocr_line' id='line_1_14' title="bbox 470 1519 2050 1583; baseline -0.002 -9"><span class='ocrx_word' id='word_1_91' title='bbox 470 1519 876 1575; x_wconf 82' lang='lat' dir='ltr'><strong>consentientis</strong></span> <span class='ocrx_word' id='word_1_92' title='bbox 937 1522 1164 1574; x_wconf 83' lang='lat' dir='ltr'><strong>unitatis</strong></span> <span class='ocrx_word' id='word_1_93' title='bbox 1216 1521 1566 1574; x_wconf 68' lang='lat' dir='ltr'><strong>concordiam</strong></span> <span class='ocrx_word' id='word_1_94' title='bbox 1630 1519 2050 1583; x_wconf 86' lang='lat' dir='ltr'><strong>stabiliendam,</strong></span> 
     </span>
    </p>
   </div>
   <div class='ocr_carea' id='block_1_15' title="bbox 470 1610 2048 1683">
    <p class='ocr_par' dir='ltr' id='par_1_15' title="bbox 470 1610 2048 1683">
     <span class='ocr_line' id='line_1_15' title="bbox 470 1610 2048 1683; baseline -0.002 -17"><span class='ocrx_word' id='word_1_95' title='bbox 470 1613 527 1667; x_wconf 90' lang='lat' dir='ltr'><strong>in</strong></span> <span class='ocrx_word' id='word_1_96' title='bbox 581 1613 758 1667; x_wconf 90' lang='lat' dir='ltr'><strong>lucem</strong></span> <span class='ocrx_word' id='word_1_97' title='bbox 798 1617 881 1668; x_wconf 86' lang='lat' dir='ltr'><strong>est</strong></span> <span class='ocrx_word' id='word_1_98' title='bbox 920 1621 1192 1683; x_wconf 90' lang='lat' dir='ltr'><strong>protracta</strong></span> <span class='ocrx_word' id='word_1_99' title='bbox 1217 1651 1234 1678; x_wconf 91' lang='lat'><strong>,</strong></span> <span class='ocrx_word' id='word_1_100' title='bbox 1265 1613 1338 1666; x_wconf 86' lang='lat' dir='ltr'><strong>ita</strong></span> <span class='ocrx_word' id='word_1_101' title='bbox 1373 1622 1430 1665; x_wconf 93' lang='lat' dir='ltr'><strong>ut</strong></span> <span class='ocrx_word' id='word_1_102' title='bbox 1485 1611 1620 1665; x_wconf 86' lang='lat' dir='ltr'><strong>nihil</strong></span> <span class='ocrx_word' id='word_1_103' title='bbox 1656 1611 1762 1678; x_wconf 88' lang='lat' dir='ltr'><strong>jam</strong></span> <span class='ocrx_word' id='word_1_104' title='bbox 1799 1611 1943 1679; x_wconf 91' lang='lat' dir='ltr'><strong>quod</strong></span> <span class='ocrx_word' id='word_1_105' title='bbox 1979 1610 2048 1664; x_wconf 92' lang='lat' dir='ltr'><strong>ad</strong></span> 
     </span>
    </p>
   </div>
   <div class='ocr_carea' id='block_1_16' title="bbox 470 1701 2048 1774">
    <p class='ocr_par' dir='ltr' id='par_1_16' title="bbox 470 1701 2048 1774">
     <span class='ocr_line' id='line_1_16' title="bbox 470 1701 2048 1774; baseline -0.003 -17"><span class='ocrx_word' id='word_1_106' title='bbox 470 1704 877 1759; x_wconf 86' lang='lat' dir='ltr'><strong>dissensionem</strong></span> <span class='ocrx_word' id='word_1_107' title='bbox 914 1713 1010 1758; x_wconf 90' lang='lat' dir='ltr'><strong>aut</strong></span> <span class='ocrx_word' id='word_1_108' title='bbox 1046 1703 1407 1774; x_wconf 83' lang='lat' dir='ltr'><strong>professionis</strong></span> <span class='ocrx_word' id='word_1_109' title='bbox 1457 1703 1582 1757; x_wconf 85' lang='lat' dir='ltr'><strong>ﬁdei</strong></span> <span class='ocrx_word' id='word_1_110' title='bbox 1634 1701 2048 1771; x_wconf 77' lang='lat' dir='ltr'><strong>ambiguitatem</strong></span> 
     </span>
    </p>
   </div>
   <div class='ocr_carea' id='block_1_17' title="bbox 470 1794 2050 1866">
    <p class='ocr_par' dir='ltr' id='par_1_17' title="bbox 470 1794 2050 1866">
     <span class='ocr_line' id='line_1_17' title="bbox 470 1794 2050 1866; baseline -0.001 -17"><span class='ocrx_word' id='word_1_111' title='bbox 470 1795 653 1850; x_wconf 79' lang='lat' dir='ltr'><strong>facere</strong></span> <span class='ocrx_word' id='word_1_112' title='bbox 698 1806 905 1866; x_wconf 88' lang='lat' dir='ltr'><strong>posset,</strong></span> <span class='ocrx_word' id='word_1_113' title='bbox 947 1797 1019 1850; x_wconf 89' lang='lat' dir='ltr'><strong>sit</strong></span> <span class='ocrx_word' id='word_1_114' title='bbox 1061 1796 1334 1850; x_wconf 89' lang='lat' dir='ltr'><strong>relictum.</strong></span> <span class='ocrx_word' id='word_1_115' title='bbox 1374 1795 1479 1852; x_wconf 86' lang='lat' dir='ltr'><strong>Ubi</strong></span> <span class='ocrx_word' id='word_1_116' title='bbox 1521 1811 1648 1850; x_wconf 91' lang='lat' dir='ltr'><strong>cum</strong></span> <span class='ocrx_word' id='word_1_117' title='bbox 1703 1797 1769 1850; x_wconf 87' lang='lat' dir='ltr'><strong>de</strong></span> <span class='ocrx_word' id='word_1_118' title='bbox 1817 1794 2050 1849; x_wconf 88' lang='lat' dir='ltr'><strong>sanctis-</strong></span> 
     </span>
    </p>
   </div>
   <div class='ocr_carea' id='block_1_18' title="bbox 2151 597 3736 674">
    <p class='ocr_par' dir='ltr' id='par_1_18' title="bbox 2151 597 3736 674">
     <span class='ocr_line' id='line_1_18' title="bbox 2151 597 3736 674; baseline 0.003 -19"><span class='ocrx_word' id='word_1_119' title='bbox 2151 601 2314 655; x_wconf 81' lang='grc' dir='ltr'>τοῦτο</span> <span class='ocrx_word' id='word_1_120' title='bbox 2365 603 2572 667; x_wconf 81' lang='grc' dir='ltr'><strong>ἑτέρως</strong></span> <span class='ocrx_word' id='word_1_121' title='bbox 2601 602 2699 672; x_wconf 87' lang='grc' dir='ltr'>οὑχ</span> <span class='ocrx_word' id='word_1_122' title='bbox 2745 599 2860 656; x_wconf 77' lang='grc' dir='ltr'>οἶόν</span> <span class='ocrx_word' id='word_1_123' title='bbox 2910 619 2970 655; x_wconf 86' lang='grc' dir='ltr'><strong>τε</strong></span> <span class='ocrx_word' id='word_1_124' title='bbox 3002 597 3091 673; x_wconf 79' lang='grc' dir='ltr'>ἦν,</span> <span class='ocrx_word' id='word_1_125' title='bbox 3125 602 3318 674; x_wconf 81' lang='grc' dir='ltr'><strong>ἀκλινῆ</strong></span> <span class='ocrx_word' id='word_1_126' title='bbox 3367 604 3462 657; x_wconf 78' lang='grc' dir='ltr'>καὶ</span> <span class='ocrx_word' id='word_1_127' title='bbox 3515 603 3736 674; x_wconf 76' lang='grc' dir='ltr'>βεϐαίαν</span> 
     </span>
    </p>
   </div>
   <div class='ocr_carea' id='block_1_19' title="bbox 2152 694 3734 769">
    <p class='ocr_par' dir='ltr' id='par_1_19' title="bbox 2152 694 3734 769">
     <span class='ocr_line' id='line_1_19' title="bbox 2152 694 3734 769; baseline 0.003 -21"><span class='ocrx_word' id='word_1_128' title='bbox 2152 695 2307 758; x_wconf 83' lang='grc' dir='ltr'><strong>τάξιν</strong></span> <span class='ocrx_word' id='word_1_129' title='bbox 2336 694 2541 760; x_wconf 75' lang='grc' dir='ltr'>λαϐεῖν,</span> <span class='ocrx_word' id='word_1_130' title='bbox 2581 697 2630 748; x_wconf 88' lang='grc' dir='ltr'><strong>εί</strong></span> <span class='ocrx_word' id='word_1_131' title='bbox 2683 694 2758 766; x_wconf 82' lang='grc' dir='ltr'>μὴ</span> <span class='ocrx_word' id='word_1_132' title='bbox 2789 697 2870 760; x_wconf 87' lang='grc' dir='ltr'><strong>είς</strong></span> <span class='ocrx_word' id='word_1_133' title='bbox 2895 696 3059 749; x_wconf 82' lang='grc' dir='ltr'>ταυτδ</span> <span class='ocrx_word' id='word_1_134' title='bbox 3101 697 3316 749; x_wconf 82' lang='grc' dir='ltr'>πάντων</span> <span class='ocrx_word' id='word_1_135' title='bbox 3343 698 3500 768; x_wconf 77' lang='grc' dir='ltr'>ὁμοῦ,</span> <span class='ocrx_word' id='word_1_136' title='bbox 3537 700 3568 769; x_wconf 80' lang='grc' dir='ltr'>ἢ</span> <span class='ocrx_word' id='word_1_137' title='bbox 3627 700 3734 752; x_wconf 79' lang='grc' dir='ltr'><strong>τῶν</strong></span> 
     </span>
    </p>
   </div>
   <div class='ocr_carea' id='block_1_20' title="bbox 2155 787 3728 855">
    <p class='ocr_par' dir='ltr' id='par_1_20' title="bbox 2155 787 3728 855">
     <span class='ocr_line' id='line_1_20' title="bbox 2155 787 3728 855; baseline 0.005 -17"><span class='ocrx_word' id='word_1_138' title='bbox 2155 787 2286 855; x_wconf 78' lang='grc' dir='ltr'>γοῦν</span> <span class='ocrx_word' id='word_1_139' title='bbox 2355 787 2617 840; x_wconf 77' lang='grc' dir='ltr'>πλειόνων</span> <span class='ocrx_word' id='word_1_140' title='bbox 2679 789 2996 842; x_wconf 84' lang='grc' dir='ltr'>ἐπισκόπων</span> <span class='ocrx_word' id='word_1_141' title='bbox 3060 788 3450 852; x_wconf 82' lang='grc' dir='ltr'>συνελθόντων,</span> <span class='ocrx_word' id='word_1_142' title='bbox 3507 793 3728 847; x_wconf 63' lang='grc' dir='ltr'>ἑκάστην</span> 
     </span>
    </p>
   </div>
   <div class='ocr_carea' id='block_1_21' title="bbox 2152 879 3734 952">
    <p class='ocr_par' dir='ltr' id='par_1_21' title="bbox 2152 879 3734 952">
     <span class='ocr_line' id='line_1_21' title="bbox 2152 879 3734 952; baseline 0.004 -22"><span class='ocrx_word' id='word_1_143' title='bbox 2152 879 2260 931; x_wconf 84' lang='grc' dir='ltr'>τῶν</span> <span class='ocrx_word' id='word_1_144' title='bbox 2290 881 2680 948; x_wconf 75' lang='grc' dir='ltr'><strong>προσηκόντων</strong></span> <span class='ocrx_word' id='word_1_145' title='bbox 2725 881 2790 951; x_wconf 77' lang='grc' dir='ltr'>τῇ</span> <span class='ocrx_word' id='word_1_146' title='bbox 2844 881 3122 951; x_wconf 77' lang='grc' dir='ltr'><strong>ἁγιωτάτῃ</strong></span> <span class='ocrx_word' id='word_1_147' title='bbox 3159 881 3426 952; x_wconf 67' lang='grc' dir='ltr'>θρησκεία</span> <span class='ocrx_word' id='word_1_148' title='bbox 3466 883 3686 951; x_wconf 77' lang='grc' dir='ltr'>διάκρισ</span> <span class='ocrx_word' id='word_1_149' title='bbox 3709 900 3734 946; x_wconf 74' lang='grc' dir='ltr'><strong>τ,</strong></span> 
     </span>
    </p>
   </div>
   <div class='ocr_carea' id='block_1_22' title="bbox 2151 970 3739 1043">
    <p class='ocr_par' dir='ltr' id='par_1_22' title="bbox 2151 970 3739 1043">
     <span class='ocr_line' id='line_1_22' title="bbox 2151 970 3739 1043; baseline 0.004 -24"><span class='ocrx_word' id='word_1_150' title='bbox 2151 970 2381 1036; x_wconf 85' lang='grc' dir='ltr'>γένοιτο·</span> <span class='ocrx_word' id='word_1_151' title='bbox 2418 971 2607 1022; x_wconf 79' lang='grc' dir='ltr'>τούτου</span> <span class='ocrx_word' id='word_1_152' title='bbox 2639 971 2825 1024; x_wconf 76' lang='grc' dir='ltr'>ἕνεκεν</span> <span class='ocrx_word' id='word_1_153' title='bbox 2862 972 3128 1026; x_wconf 72' lang='grc' dir='ltr'><strong>πλείστων</strong></span> <span class='ocrx_word' id='word_1_154' title='bbox 3157 974 3298 1025; x_wconf 81' lang='grc' dir='ltr'>ὅσων</span> <span class='ocrx_word' id='word_1_155' title='bbox 3325 973 3739 1043; x_wconf 82' lang='grc' dir='ltr'>συναθροισθέν-</span> 
     </span>
    </p>
   </div>
   <div class='ocr_carea' id='block_1_23' title="bbox 2150 1058 3737 1134">
    <p class='ocr_par' dir='ltr' id='par_1_23' title="bbox 2150 1058 3737 1134">
     <span class='ocr_line' id='line_1_23' title="bbox 2150 1058 3737 1134; baseline 0.002 -21"><span class='ocrx_word' id='word_1_156' title='bbox 2150 1076 2282 1122; x_wconf 86' lang='grc' dir='ltr'>των,</span> <span class='ocrx_word' id='word_1_157' title='bbox 2318 1065 2414 1116; x_wconf 72' lang='grc' dir='ltr'>καὶ</span> <span class='ocrx_word' id='word_1_158' title='bbox 2444 1062 2604 1124; x_wconf 75' lang='grc' dir='ltr'>αὐτὸς</span> <span class='ocrx_word' id='word_1_159' title='bbox 2631 1063 2712 1127; x_wconf 77' lang='grc' dir='ltr'>δὲ,</span> <span class='ocrx_word' id='word_1_160' title='bbox 2755 1063 3008 1132; x_wconf 83' lang='grc' dir='ltr'>καθάπερ</span> <span class='ocrx_word' id='word_1_161' title='bbox 3039 1058 3119 1128; x_wconf 79' lang='grc' dir='ltr'>εἷς</span> <span class='ocrx_word' id='word_1_162' title='bbox 3149 1063 3209 1128; x_wconf 79' lang='grc' dir='ltr'>ἐξ</span> <span class='ocrx_word' id='word_1_163' title='bbox 3237 1065 3416 1134; x_wconf 85' lang='grc' dir='ltr'>ὑμῶν,</span> <span class='ocrx_word' id='word_1_164' title='bbox 3451 1067 3737 1134; x_wconf 75' lang='grc' dir='ltr'>τυγχάνων</span> 
     </span>
    </p>
   </div>
   <div class='ocr_carea' id='block_1_24' title="bbox 2155 1150 3736 1226">
    <p class='ocr_par' dir='ltr' id='par_1_24' title="bbox 2155 1150 3736 1226">
     <span class='ocr_line' id='line_1_24' title="bbox 2155 1150 3736 1226; baseline 0.003 -23"><span class='ocrx_word' id='word_1_165' title='bbox 2155 1153 2464 1223; x_wconf 78' lang='grc' dir='ltr'>συμπαρὼν</span> <span class='ocrx_word' id='word_1_166' title='bbox 2495 1155 2514 1224; x_wconf 94' lang='grc'>(</span> <span class='ocrx_word' id='word_1_167' title='bbox 2547 1155 2607 1208; x_wconf 79' lang='grc' dir='ltr'>οὐ</span> <span class='ocrx_word' id='word_1_168' title='bbox 2639 1155 2748 1224; x_wconf 81' lang='grc' dir='ltr'><strong>γὰρ</strong></span> <span class='ocrx_word' id='word_1_169' title='bbox 2807 1156 3159 1226; x_wconf 72' lang='grc' dir='ltr'>ἀρνησαίμην</span> <span class='ocrx_word' id='word_1_170' title='bbox 3193 1157 3260 1209; x_wconf 85' lang='grc' dir='ltr'>ἂν</span> <span class='ocrx_word' id='word_1_171' title='bbox 3310 1157 3398 1224; x_wconf 80' lang='grc' dir='ltr'>ἐφ’</span> <span class='ocrx_word' id='word_1_172' title='bbox 3423 1150 3465 1223; x_wconf 83' lang='grc' dir='ltr'>ᾧ</span> <span class='ocrx_word' id='word_1_173' title='bbox 3500 1158 3736 1224; x_wconf 82' lang='grc' dir='ltr'>μάλιστα</span> 
     </span>
    </p>
   </div>
   <div class='ocr_carea' id='block_1_25' title="bbox 2149 1245 3734 1318">
    <p class='ocr_par' dir='ltr' id='par_1_25' title="bbox 2149 1245 3734 1318">
     <span class='ocr_line' id='line_1_25' title="bbox 2149 1245 3734 1318; baseline 0 -20"><span class='ocrx_word' id='word_1_174' title='bbox 2149 1245 2355 1314; x_wconf 73' lang='grc' dir='ltr'>χαίρω,</span> <span class='ocrx_word' id='word_1_175' title='bbox 2395 1245 2756 1318; x_wconf 85' lang='grc' dir='ltr'>συνθεράπων</span> <span class='ocrx_word' id='word_1_176' title='bbox 2797 1248 3062 1317; x_wconf 80' lang='grc' dir='ltr'>ὑμέτερος</span> <span class='ocrx_word' id='word_1_177' title='bbox 3093 1248 3460 1316; x_wconf 82' lang='grc' dir='ltr'><strong>πεφυκέναι),</strong></span> <span class='ocrx_word' id='word_1_178' title='bbox 3488 1249 3618 1318; x_wconf 83' lang='grc' dir='ltr'>άχρι</span> <span class='ocrx_word' id='word_1_179' title='bbox 3641 1266 3734 1300; x_wconf 86' lang='grc' dir='ltr'>το-</span> 
     </span>
    </p>
   </div>
   <div class='ocr_carea' id='block_1_26' title="bbox 2154 1337 3731 1409">
    <p class='ocr_par' dir='ltr' id='par_1_26' title="bbox 2154 1337 3731 1409">
     <span class='ocr_line' id='line_1_26' title="bbox 2154 1337 3731 1409; baseline 0.003 -22"><span class='ocrx_word' id='word_1_180' title='bbox 2154 1337 2349 1389; x_wconf 88' lang='grc' dir='ltr'>σούτοιι</span> <span class='ocrx_word' id='word_1_181' title='bbox 2381 1337 2595 1391; x_wconf 76' lang='grc' dir='ltr'>ἅπαντα</span> <span class='ocrx_word' id='word_1_182' title='bbox 2629 1339 2726 1407; x_wconf 85' lang='grc' dir='ltr'><strong>τῆς</strong></span> <span class='ocrx_word' id='word_1_183' title='bbox 2755 1339 3142 1409; x_wconf 80' lang='grc' dir='ltr'>προσηκούσης</span> <span class='ocrx_word' id='word_1_184' title='bbox 3181 1339 3485 1409; x_wconf 82' lang='grc' dir='ltr'>τετύχηκεν</span> <span class='ocrx_word' id='word_1_185' title='bbox 3539 1339 3731 1402; x_wconf 74' lang='grc' dir='ltr'>ἐξετά-</span> 
     </span>
    </p>
   </div>
   <div class='ocr_carea' id='block_1_27' title="bbox 2154 1428 3776 1500">
    <p class='ocr_par' dir='ltr' id='par_1_27' title="bbox 2154 1428 3776 1500">
     <span class='ocr_line' id='line_1_27' title="bbox 2154 1428 3776 1500; baseline 0.001 -21"><span class='ocrx_word' id='word_1_186' title='bbox 2154 1444 2312 1492; x_wconf 86' lang='grc' dir='ltr'>σεως,</span> <span class='ocrx_word' id='word_1_187' title='bbox 2343 1428 2498 1498; x_wconf 77' lang='grc' dir='ltr'>ἄχρις</span> <span class='ocrx_word' id='word_1_188' title='bbox 2524 1428 2583 1481; x_wconf 75' lang='grc' dir='ltr'><strong>οὗ</strong></span> <span class='ocrx_word' id='word_1_189' title='bbox 2619 1431 2652 1500; x_wconf 83' lang='grc' dir='ltr'>ἡ</span> <span class='ocrx_word' id='word_1_190' title='bbox 2687 1428 2762 1498; x_wconf 83' lang='grc' dir='ltr'>τῷ</span> <span class='ocrx_word' id='word_1_191' title='bbox 2793 1430 2900 1481; x_wconf 85' lang='grc' dir='ltr'><strong>τών</strong></span> <span class='ocrx_word' id='word_1_192' title='bbox 2950 1429 3168 1482; x_wconf 78' lang='grc' dir='ltr'>πάντων</span> <span class='ocrx_word' id='word_1_193' title='bbox 3203 1431 3384 1500; x_wconf 79' lang='grc' dir='ltr'>ἐφόρῳ</span> <span class='ocrx_word' id='word_1_194' title='bbox 3431 1429 3550 1498; x_wconf 80' lang='grc' dir='ltr'><strong>Θεῷ</strong></span> <span class='ocrx_word' id='word_1_195' title='bbox 3607 1429 3735 1497; x_wconf 84' lang='grc' dir='ltr'><strong>ἀρέ-</strong></span> <span class='ocrx_word' id='word_1_196' title='bbox 3763 1443 3776 1452; x_wconf 88' lang='lat'><strong><em>‘</em></strong></span> 
     </span>
    </p>
   </div>
   <div class='ocr_carea' id='block_1_28' title="bbox 2156 1519 3734 1592">
    <p class='ocr_par' dir='ltr' id='par_1_28' title="bbox 2156 1519 3734 1592">
     <span class='ocr_line' id='line_1_28' title="bbox 2156 1519 3734 1592; baseline 0.001 -21"><span class='ocrx_word' id='word_1_197' title='bbox 2156 1537 2360 1574; x_wconf 88' lang='grc' dir='ltr'>σκουσα</span> <span class='ocrx_word' id='word_1_198' title='bbox 2398 1522 2594 1590; x_wconf 85' lang='grc' dir='ltr'>γνώμη</span> <span class='ocrx_word' id='word_1_199' title='bbox 2629 1522 2766 1591; x_wconf 76' lang='grc' dir='ltr'>πρὸς</span> <span class='ocrx_word' id='word_1_200' title='bbox 2811 1519 2910 1592; x_wconf 84' lang='grc' dir='ltr'>τὴν</span> <span class='ocrx_word' id='word_1_201' title='bbox 2955 1524 3054 1592; x_wconf 86' lang='grc' dir='ltr'><strong>τῆς</strong></span> <span class='ocrx_word' id='word_1_202' title='bbox 3105 1523 3358 1591; x_wconf 84' lang='grc' dir='ltr'>ἑνότητος</span> <span class='ocrx_word' id='word_1_203' title='bbox 3415 1521 3734 1589; x_wconf 70' lang='grc' dir='ltr'>συμφωνίαν</span> 
     </span>
    </p>
   </div>
   <div class='ocr_carea' id='block_1_29' title="bbox 2154 1609 3730 1682">
    <p class='ocr_par' dir='ltr' id='par_1_29' title="bbox 2154 1609 3730 1682">
     <span class='ocr_line' id='line_1_29' title="bbox 2154 1609 3730 1682; baseline -0.001 -19"><span class='ocrx_word' id='word_1_204' title='bbox 2154 1613 2234 1674; x_wconf 83' lang='grc' dir='ltr'>εἰς</span> <span class='ocrx_word' id='word_1_205' title='bbox 2265 1609 2382 1680; x_wconf 83' lang='grc' dir='ltr'>φῶς</span> <span class='ocrx_word' id='word_1_206' title='bbox 2417 1613 2691 1681; x_wconf 72' lang='grc' dir='ltr'>προήχθη,</span> <span class='ocrx_word' id='word_1_207' title='bbox 2717 1613 2794 1671; x_wconf 83' lang='grc' dir='ltr'>ὡς</span> <span class='ocrx_word' id='word_1_208' title='bbox 2825 1613 2992 1682; x_wconf 86' lang='grc' dir='ltr'>μηδὲν</span> <span class='ocrx_word' id='word_1_209' title='bbox 3019 1613 3100 1665; x_wconf 85' lang='grc' dir='ltr'><strong>ἑτι</strong></span> <span class='ocrx_word' id='word_1_210' title='bbox 3161 1612 3301 1681; x_wconf 75' lang='grc' dir='ltr'>πρὸς</span> <span class='ocrx_word' id='word_1_211' title='bbox 3354 1611 3644 1680; x_wconf 87' lang='grc' dir='ltr'>διχόνοιαν,</span> <span class='ocrx_word' id='word_1_212' title='bbox 3698 1609 3730 1678; x_wconf 78' lang='grc' dir='ltr'>ἢ</span> 
     </span>
    </p>
   </div>
   <div class='ocr_carea' id='block_1_30' title="bbox 2155 1703 3734 1778">
    <p class='ocr_par' dir='ltr' id='par_1_30' title="bbox 2155 1703 3734 1778">
     <span class='ocr_line' id='line_1_30' title="bbox 2155 1703 3734 1778; baseline -0.001 -21"><span class='ocrx_word' id='word_1_213' title='bbox 2155 1705 2390 1764; x_wconf 86' lang='grc' dir='ltr'>πίστεως</span> <span class='ocrx_word' id='word_1_214' title='bbox 2448 1707 2862 1778; x_wconf 75' lang='grc' dir='ltr'>ἀμφισϐήτησιν</span> <span class='ocrx_word' id='word_1_215' title='bbox 2935 1706 3352 1762; x_wconf 85' lang='grc' dir='ltr'>ὑπολείπεσθαι.</span> <span class='ocrx_word' id='word_1_216' title='bbox 3412 1704 3583 1758; x_wconf 85' lang='grc' dir='ltr'>Ἐνθα</span> <span class='ocrx_word' id='word_1_217' title='bbox 3641 1703 3734 1757; x_wconf 78' lang='grc' dir='ltr'>καὶ</span> 
     </span>
    </p>
   </div>
   <div class='ocr_carea' id='block_1_31' title="bbox 2153 1798 3735 1869">
    <p class='ocr_par' dir='ltr' id='par_1_31' title="bbox 2153 1798 3735 1869">
     <span class='ocr_line' id='line_1_31' title="bbox 2153 1798 3735 1869; baseline -0.001 -19"><span class='ocrx_word' id='word_1_218' title='bbox 2153 1800 2284 1868; x_wconf 73' lang='grc' dir='ltr'>περὶ</span> <span class='ocrx_word' id='word_1_219' title='bbox 2331 1799 2427 1868; x_wconf 80' lang='grc' dir='ltr'><strong>τῆς</strong></span> <span class='ocrx_word' id='word_1_220' title='bbox 2457 1800 2551 1852; x_wconf 82' lang='grc' dir='ltr'>τοῦ</span> <span class='ocrx_word' id='word_1_221' title='bbox 2590 1799 2778 1869; x_wconf 81' lang='grc' dir='ltr'>Πάσχα</span> <span class='ocrx_word' id='word_1_222' title='bbox 2828 1800 3140 1868; x_wconf 76' lang='grc' dir='ltr'>ἁγιωτάτης</span> <span class='ocrx_word' id='word_1_223' title='bbox 3194 1799 3404 1868; x_wconf 80' lang='grc' dir='ltr'>ἡμέρας</span> <span class='ocrx_word' id='word_1_224' title='bbox 3435 1798 3735 1866; x_wconf 81' lang='grc' dir='ltr'>γενομένης</span> 
     </span>
    </p>
   </div>
   <div class='ocr_carea' id='block_1_32' title="bbox 472 1859 2052 1959">
    <p class='ocr_par' dir='ltr' id='par_1_32' title="bbox 472 1889 2050 1958">
     <span class='ocr_line' id='line_1_32' title="bbox 472 1889 2050 1958; baseline -0.001 -16"><span class='ocrx_word' id='word_1_225' title='bbox 472 1889 616 1942; x_wconf 72' lang='grc' dir='ltr'>ιῖιιιο</span> <span class='ocrx_word' id='word_1_226' title='bbox 666 1891 832 1944; x_wconf 90' lang='lat' dir='ltr'><strong>etiam</strong></span> <span class='ocrx_word' id='word_1_227' title='bbox 895 1890 1180 1945; x_wconf 79' lang='lat' dir='ltr'><strong>Paschalis</strong></span> <span class='ocrx_word' id='word_1_228' title='bbox 1238 1890 1326 1943; x_wconf 91' lang='lat' dir='ltr'><strong>die</strong></span> <span class='ocrx_word' id='word_1_229' title='bbox 1392 1889 1626 1958; x_wconf 61' lang='lat' dir='ltr'><strong>quaestio</strong></span> <span class='ocrx_word' id='word_1_230' title='bbox 1687 1899 1834 1942; x_wconf 81' lang='lat' dir='ltr'><strong>esset</strong></span> <span class='ocrx_word' id='word_1_231' title='bbox 1890 1901 2050 1942; x_wconf 83' lang='lat' dir='ltr'><strong>exor-</strong></span> 
     </span>
    </p>
   </div>
   <div class='ocr_carea' id='block_1_33' title="bbox 2156 1859 3734 1959">
    <p class='ocr_par' dir='ltr' id='par_1_33' title="bbox 2156 1859 3734 1959">
     <span class='ocr_line' id='line_1_33' title="bbox 2156 1859 3734 1959; baseline -0.001 -21"><span class='ocrx_word' id='word_1_232' title='bbox 2156 1859 2454 1959; x_wconf 71' lang='grc' dir='ltr'>ζητήσεώς,</span> <span class='ocrx_word' id='word_1_233' title='bbox 2484 1887 2627 1952; x_wconf 79' lang='grc' dir='ltr'>ἔδοξε</span> <span class='ocrx_word' id='word_1_234' title='bbox 2659 1859 2810 1958; x_wconf 69' lang='grc' dir='ltr'>κοινῇ</span> <span class='ocrx_word' id='word_1_235' title='bbox 2844 1859 3062 1959; x_wconf 67' lang='grc' dir='ltr'>γνώμῃ,</span> <span class='ocrx_word' id='word_1_236' title='bbox 3092 1859 3276 1949; x_wconf 66' lang='grc' dir='ltr'>καλώς</span> <span class='ocrx_word' id='word_1_237' title='bbox 3304 1859 3458 1956; x_wconf 39' lang='grc' dir='ltr'>ἐχειν.</span> <span class='ocrx_word' id='word_1_238' title='bbox 3477 1859 3577 1938; x_wconf 40' lang='grc' dir='ltr'>ἐπὶ.</span> <span class='ocrx_word' id='word_1_239' title='bbox 3601 1859 3734 1954; x_wconf 63' lang='grc' dir='ltr'><strong>μάς</strong></span> 
     </span>
    </p>
   </div>
   <div class='ocr_carea' id='block_1_34' title="bbox 473 1979 2046 2046">
    <p class='ocr_par' dir='ltr' id='par_1_34' title="bbox 473 1979 2046 2046">
     <span class='ocr_line' id='line_1_34' title="bbox 473 1979 2046 2046; baseline 0.001 -13"><span class='ocrx_word' id='word_1_240' title='bbox 473 1989 551 2046; x_wconf 84' lang='lat' dir='ltr'><strong>ta,</strong></span> <span class='ocrx_word' id='word_1_241' title='bbox 595 1983 888 2038; x_wconf 84' lang='lat' dir='ltr'><strong>sententiis</strong></span> <span class='ocrx_word' id='word_1_242' title='bbox 935 1983 1180 2037; x_wconf 90' lang='lat' dir='ltr'><strong>omnium</strong></span> <span class='ocrx_word' id='word_1_243' title='bbox 1241 1981 1524 2037; x_wconf 90' lang='lat' dir='ltr'><strong>decretum</strong></span> <span class='ocrx_word' id='word_1_244' title='bbox 1573 1989 1678 2046; x_wconf 90' lang='lat' dir='ltr'><strong>est,</strong></span> <span class='ocrx_word' id='word_1_245' title='bbox 1723 1979 2046 2046; x_wconf 90' lang='lat' dir='ltr'><strong>convenire,</strong></span> 
     </span>
    </p>
   </div>
   <div class='ocr_carea' id='block_1_35' title="bbox 476 2070 2050 2140">
    <p class='ocr_par' dir='ltr' id='par_1_35' title="bbox 476 2070 2050 2140">
     <span class='ocr_line' id='line_1_35' title="bbox 476 2070 2050 2140; baseline 0 -18"><span class='ocrx_word' id='word_1_246' title='bbox 476 2082 534 2123; x_wconf 92' lang='grc' dir='ltr'><strong>ιιι</strong></span> <span class='ocrx_word' id='word_1_247' title='bbox 569 2071 620 2124; x_wconf 89' lang='lat' dir='ltr'><strong>id</strong></span> <span class='ocrx_word' id='word_1_248' title='bbox 654 2071 848 2126; x_wconf 90' lang='lat' dir='ltr'><strong>eodem</strong></span> <span class='ocrx_word' id='word_1_249' title='bbox 899 2080 1144 2140; x_wconf 91' lang='lat' dir='ltr'><strong>tempore</strong></span> <span class='ocrx_word' id='word_1_250' title='bbox 1190 2071 1258 2126; x_wconf 90' lang='lat' dir='ltr'><strong>ab</strong></span> <span class='ocrx_word' id='word_1_251' title='bbox 1304 2071 1556 2126; x_wconf 90' lang='lat' dir='ltr'><strong>omnibus</strong></span> <span class='ocrx_word' id='word_1_252' title='bbox 1588 2070 1792 2139; x_wconf 88' lang='lat' dir='ltr'><strong>ubique</strong></span> <span class='ocrx_word' id='word_1_253' title='bbox 1825 2084 2050 2139; x_wconf 87' lang='lat' dir='ltr'><strong>peraga-</strong></span> 
     </span>
    </p>
   </div>
   <div class='ocr_carea' id='block_1_36' title="bbox 476 2161 2046 2234">
    <p class='ocr_par' dir='ltr' id='par_1_36' title="bbox 476 2161 2046 2234">
     <span class='ocr_line' id='line_1_36' title="bbox 476 2161 2046 2234; baseline 0.002 -20"><span class='ocrx_word' id='word_1_254' title='bbox 476 2173 588 2219; x_wconf 86' lang='lat' dir='ltr'><strong>tur.</strong></span> <span class='ocrx_word' id='word_1_255' title='bbox 623 2164 766 2229; x_wconf 86' lang='lat' dir='ltr'><strong>Quid</strong></span> <span class='ocrx_word' id='word_1_256' title='bbox 816 2165 964 2218; x_wconf 91' lang='lat' dir='ltr'><strong>euim</strong></span> <span class='ocrx_word' id='word_1_257' title='bbox 1016 2165 1174 2220; x_wconf 83' lang='lat' dir='ltr'><strong>nobis</strong></span> <span class='ocrx_word' id='word_1_258' title='bbox 1220 2180 1342 2219; x_wconf 91' lang='lat' dir='ltr'><strong>esse</strong></span> <span class='ocrx_word' id='word_1_259' title='bbox 1387 2173 1570 2234; x_wconf 89' lang='lat' dir='ltr'><strong>potest</strong></span> <span class='ocrx_word' id='word_1_260' title='bbox 1606 2163 1693 2219; x_wconf 86' lang='lat' dir='ltr'><strong>vel</strong></span> <span class='ocrx_word' id='word_1_261' title='bbox 1734 2161 2046 2233; x_wconf 88' lang='lat' dir='ltr'><strong>pulchrius,</strong></span> 
     </span>
    </p>
   </div>
   <div class='ocr_carea' id='block_1_37' title="bbox 474 2253 2046 2329">
    <p class='ocr_par' dir='ltr' id='par_1_37' title="bbox 474 2253 2046 2329">
     <span class='ocr_line' id='line_1_37' title="bbox 474 2253 2046 2329; baseline -0.001 -22"><span class='ocrx_word' id='word_1_262' title='bbox 474 2256 560 2313; x_wconf 82' lang='lat' dir='ltr'><strong>vel</strong></span> <span class='ocrx_word' id='word_1_263' title='bbox 609 2256 852 2329; x_wconf 80' lang='lat' dir='ltr'><strong>gravius.</strong></span> <span class='ocrx_word' id='word_1_264' title='bbox 891 2271 1056 2326; x_wconf 90' lang='lat' dir='ltr'><strong>quam</strong></span> <span class='ocrx_word' id='word_1_265' title='bbox 1104 2258 1151 2311; x_wconf 88' lang='lat' dir='ltr'><strong>si</strong></span> <span class='ocrx_word' id='word_1_266' title='bbox 1201 2256 1248 2310; x_wconf 91' lang='lat' dir='ltr'><strong>is</strong></span> <span class='ocrx_word' id='word_1_267' title='bbox 1297 2255 1417 2310; x_wconf 90' lang='lat' dir='ltr'><strong>dies</strong></span> <span class='ocrx_word' id='word_1_268' title='bbox 1463 2254 1660 2319; x_wconf 79' lang='lat' dir='ltr'><strong>festus,</strong></span> <span class='ocrx_word' id='word_1_269' title='bbox 1702 2253 1848 2308; x_wconf 92' lang='lat' dir='ltr'><strong>unde</strong></span> <span class='ocrx_word' id='word_1_270' title='bbox 1893 2267 2046 2321; x_wconf 89' lang='lat' dir='ltr'><strong>spem</strong></span> 
     </span>
    </p>
   </div>
   <div class='ocr_carea' id='block_1_38' title="bbox 477 2344 2048 2420">
    <p class='ocr_par' dir='ltr' id='par_1_38' title="bbox 477 2344 2048 2420">
     <span class='ocr_line' id='line_1_38' title="bbox 477 2344 2048 2420; baseline -0.001 -21"><span class='ocrx_word' id='word_1_271' title='bbox 477 2346 914 2402; x_wconf 86' lang='lat' dir='ltr'><strong>lmmortalitatis</strong></span> <span class='ocrx_word' id='word_1_272' title='bbox 955 2349 1322 2420; x_wconf 87' lang='lat' dir='ltr'><strong>percepimus,</strong></span> <span class='ocrx_word' id='word_1_273' title='bbox 1359 2363 1469 2402; x_wconf 92' lang='lat' dir='ltr'><strong>uno</strong></span> <span class='ocrx_word' id='word_1_274' title='bbox 1511 2346 1705 2402; x_wconf 89' lang='lat' dir='ltr'><strong>ordine</strong></span> <span class='ocrx_word' id='word_1_275' title='bbox 1743 2355 1798 2401; x_wconf 87' lang='lat' dir='ltr'><strong>et</strong></span> <span class='ocrx_word' id='word_1_276' title='bbox 1842 2344 2048 2400; x_wconf 86' lang='lat' dir='ltr'><strong>celebri</strong></span> 
     </span>
    </p>
   </div>
   <div class='ocr_carea' id='block_1_39' title="bbox 474 2438 2048 2509">
    <p class='ocr_par' dir='ltr' id='par_1_39' title="bbox 474 2438 2048 2509">
     <span class='ocr_line' id='line_1_39' title="bbox 474 2438 2048 2509; baseline 0 -17"><span class='ocrx_word' id='word_1_277' title='bbox 474 2441 586 2493; x_wconf 87' lang='lat' dir='ltr'><strong>ritu</strong></span> <span class='ocrx_word' id='word_1_278' title='bbox 617 2439 686 2492; x_wconf 90' lang='lat' dir='ltr'><strong>ab</strong></span> <span class='ocrx_word' id='word_1_279' title='bbox 715 2441 974 2494; x_wconf 89' lang='lat' dir='ltr'><strong>omnibus</strong></span> <span class='ocrx_word' id='word_1_280' title='bbox 1002 2449 1154 2495; x_wconf 87' lang='lat' dir='ltr'><strong>certo</strong></span> <span class='ocrx_word' id='word_1_281' title='bbox 1186 2439 1580 2494; x_wconf 83' lang='lat' dir='ltr'><strong>inviolabiliter</strong></span> <span class='ocrx_word' id='word_1_282' title='bbox 1609 2439 1941 2509; x_wconf 78' lang='lat' dir='ltr'><strong>peragatur?</strong></span> <span class='ocrx_word' id='word_1_283' title='bbox 1969 2438 2048 2492; x_wconf 85' lang='lat' dir='ltr'><strong>Ac</strong></span> 
     </span>
    </p>
   </div>
   <div class='ocr_carea' id='block_1_40' title="bbox 476 2529 2046 2600">
    <p class='ocr_par' dir='ltr' id='par_1_40' title="bbox 476 2529 2046 2600">
     <span class='ocr_line' id='line_1_40' title="bbox 476 2529 2046 2600; baseline 0.001 -21"><span class='ocrx_word' id='word_1_284' title='bbox 476 2529 717 2597; x_wconf 77' lang='lat' dir='ltr'><strong>primum</strong></span> <span class='ocrx_word' id='word_1_285' title='bbox 766 2530 985 2599; x_wconf 87' lang='lat' dir='ltr'><strong>quidem</strong></span> <span class='ocrx_word' id='word_1_286' title='bbox 1034 2530 1256 2600; x_wconf 83' lang='lat' dir='ltr'><strong>indigna</strong></span> <span class='ocrx_word' id='word_1_287' title='bbox 1311 2546 1402 2585; x_wconf 87' lang='lat' dir='ltr'><strong>res</strong></span> <span class='ocrx_word' id='word_1_288' title='bbox 1451 2529 1592 2593; x_wconf 85' lang='lat' dir='ltr'><strong>fuit,</strong></span> <span class='ocrx_word' id='word_1_289' title='bbox 1637 2529 2046 2584; x_wconf 89' lang='lat' dir='ltr'><strong>sanctissimum</strong></span> 
     </span>
    </p>
   </div>
   <div class='ocr_carea' id='block_1_41' title="bbox 474 2620 2050 2690">
    <p class='ocr_par' dir='ltr' id='par_1_41' title="bbox 474 2620 2050 2690">
     <span class='ocr_line' id='line_1_41' title="bbox 474 2620 2050 2690; baseline 0.001 -17"><span class='ocrx_word' id='word_1_290' title='bbox 474 2634 605 2673; x_wconf 88' lang='lat' dir='ltr'><strong>eum</strong></span> <span class='ocrx_word' id='word_1_291' title='bbox 649 2620 794 2674; x_wconf 81' lang='lat' dir='ltr'><strong>diem</strong></span> <span class='ocrx_word' id='word_1_292' title='bbox 834 2621 1140 2675; x_wconf 83' lang='lat' dir='ltr'><strong>imitatione</strong></span> <span class='ocrx_word' id='word_1_293' title='bbox 1185 2631 1349 2690; x_wconf 86' lang='lat' dir='ltr'><strong>atque</strong></span> <span class='ocrx_word' id='word_1_294' title='bbox 1400 2620 1800 2676; x_wconf 87' lang='lat' dir='ltr'><strong>consuetudine</strong></span> <span class='ocrx_word' id='word_1_295' title='bbox 1833 2620 2050 2675; x_wconf 75' lang='lat' dir='ltr'><strong>Juda20-</strong></span> 
     </span>
    </p>
   </div>
   <div class='ocr_carea' id='block_1_42' title="bbox 475 2712 2046 2784">
    <p class='ocr_par' dir='ltr' id='par_1_42' title="bbox 475 2712 2046 2784">
     <span class='ocr_line' id='line_1_42' title="bbox 475 2712 2046 2784; baseline 0.002 -20"><span class='ocrx_word' id='word_1_296' title='bbox 475 2725 599 2764; x_wconf 82' lang='lat' dir='ltr'><strong>rum</strong></span> <span class='ocrx_word' id='word_1_297' title='bbox 651 2713 953 2778; x_wconf 64' lang='lat' dir='ltr'><strong>celebrare,</strong></span> <span class='ocrx_word' id='word_1_298' title='bbox 991 2715 1081 2782; x_wconf 92' lang='lat' dir='ltr'><strong>qui</strong></span> <span class='ocrx_word' id='word_1_299' title='bbox 1125 2713 1378 2766; x_wconf 88' lang='lat' dir='ltr'><strong>manibus</strong></span> <span class='ocrx_word' id='word_1_300' title='bbox 1423 2712 1541 2768; x_wconf 88' lang='lat' dir='ltr'><strong>suis</strong></span> <span class='ocrx_word' id='word_1_301' title='bbox 1590 2713 1803 2767; x_wconf 77' lang='lat' dir='ltr'><strong>nefario</strong></span> <span class='ocrx_word' id='word_1_302' title='bbox 1840 2712 2046 2784; x_wconf 81' lang='lat' dir='ltr'><strong>ﬂagitio</strong></span> 
     </span>
    </p>
   </div>
   <div class='ocr_carea' id='block_1_43' title="bbox 475 2804 2045 2880">
    <p class='ocr_par' dir='ltr' id='par_1_43' title="bbox 475 2804 2045 2880">
     <span class='ocr_line' id='line_1_43' title="bbox 475 2804 2045 2880; baseline 0 -24"><span class='ocrx_word' id='word_1_303' title='bbox 475 2805 887 2871; x_wconf 75' lang='lat' dir='ltr'><strong>contaminatis,</strong></span> <span class='ocrx_word' id='word_1_304' title='bbox 919 2819 1028 2859; x_wconf 86' lang='lat' dir='ltr'><strong>non</strong></span> <span class='ocrx_word' id='word_1_305' title='bbox 1074 2804 1274 2880; x_wconf 81' lang='lat' dir='ltr'><strong>injuria</strong></span> <span class='ocrx_word' id='word_1_306' title='bbox 1308 2818 1527 2874; x_wconf 89' lang='lat' dir='ltr'><strong>quoque</strong></span> <span class='ocrx_word' id='word_1_307' title='bbox 1559 2805 1756 2861; x_wconf 88' lang='lat' dir='ltr'><strong>animis</strong></span> <span class='ocrx_word' id='word_1_308' title='bbox 1787 2815 1913 2858; x_wconf 91' lang='lat' dir='ltr'><strong>sunt</strong></span> <span class='ocrx_word' id='word_1_309' title='bbox 1949 2819 2045 2856; x_wconf 77' lang='lat' dir='ltr'><strong>ex-</strong></span> 
     </span>
    </p>
   </div>
   <div class='ocr_carea' id='block_1_44' title="bbox 477 2895 2046 2963">
    <p class='ocr_par' dir='ltr' id='par_1_44' title="bbox 477 2895 2046 2963">
     <span class='ocr_line' id='line_1_44' title="bbox 477 2895 2046 2963; baseline -0.001 -13"><span class='ocrx_word' id='word_1_310' title='bbox 477 2895 702 2958; x_wconf 69' lang='lat' dir='ltr'><strong>cmcati,</strong></span> <span class='ocrx_word' id='word_1_311' title='bbox 759 2897 1010 2953; x_wconf 86' lang='lat' dir='ltr'><strong>homines</strong></span> <span class='ocrx_word' id='word_1_312' title='bbox 1060 2898 1336 2952; x_wconf 82' lang='lat' dir='ltr'><strong>scelerati.</strong></span> <span class='ocrx_word' id='word_1_313' title='bbox 1391 2897 1594 2963; x_wconf 79' lang='lat' dir='ltr'><strong>Quidni</strong></span> <span class='ocrx_word' id='word_1_314' title='bbox 1645 2898 1790 2952; x_wconf 89' lang='lat' dir='ltr'><strong>enim</strong></span> <span class='ocrx_word' id='word_1_315' title='bbox 1847 2897 2046 2957; x_wconf 51' lang='lat' dir='ltr'><strong>lies-at,</strong></span> 
     </span>
    </p>
   </div>
   <div class='ocr_carea' id='block_1_45' title="bbox 477 2989 2044 3060">
    <p class='ocr_par' dir='ltr' id='par_1_45' title="bbox 477 2989 2044 3060">
     <span class='ocr_line' id='line_1_45' title="bbox 477 2989 2044 3060; baseline -0.002 -18"><span class='ocrx_word' id='word_1_316' title='bbox 477 2997 640 3057; x_wconf 75' lang='lat' dir='ltr'><strong>gente</strong></span> <span class='ocrx_word' id='word_1_317' title='bbox 667 3003 729 3042; x_wconf 89' lang='lat' dir='ltr'><strong>ea</strong></span> <span class='ocrx_word' id='word_1_318' title='bbox 766 2989 987 3058; x_wconf 84' lang='lat' dir='ltr'><strong>rejocta,</strong></span> <span class='ocrx_word' id='word_1_319' title='bbox 1023 2989 1258 3044; x_wconf 87' lang='lat' dir='ltr'><strong>rectiore</strong></span> <span class='ocrx_word' id='word_1_320' title='bbox 1285 2989 1613 3060; x_wconf 89' lang='lat' dir='ltr'><strong>verioreque</strong></span> <span class='ocrx_word' id='word_1_321' title='bbox 1641 2990 1858 3053; x_wconf 91' lang='lat' dir='ltr'><strong>ordine,</strong></span> <span class='ocrx_word' id='word_1_322' title='bbox 1885 3003 2044 3057; x_wconf 89' lang='lat' dir='ltr'><strong>quem</strong></span> 
     </span>
    </p>
   </div>
   <div class='ocr_carea' id='block_1_46' title="bbox 476 3080 2048 3153">
    <p class='ocr_par' dir='ltr' id='par_1_46' title="bbox 476 3080 2048 3153">
     <span class='ocr_line' id='line_1_46' title="bbox 476 3080 2048 3153; baseline -0.001 -17"><span class='ocrx_word' id='word_1_323' title='bbox 476 3095 506 3136; x_wconf 86' lang='lat' dir='ltr'><strong>a</strong></span> <span class='ocrx_word' id='word_1_324' title='bbox 552 3081 728 3149; x_wconf 86' lang='lat' dir='ltr'><strong>primo</strong></span> <span class='ocrx_word' id='word_1_325' title='bbox 783 3080 1057 3151; x_wconf 86' lang='lat' dir='ltr'><strong>passionis</strong></span> <span class='ocrx_word' id='word_1_326' title='bbox 1102 3081 1193 3136; x_wconf 89' lang='lat' dir='ltr'><strong>die</strong></span> <span class='ocrx_word' id='word_1_327' title='bbox 1243 3081 1530 3153; x_wconf 85' lang='lat' dir='ltr'><strong>hucusque</strong></span> <span class='ocrx_word' id='word_1_328' title='bbox 1577 3082 1941 3144; x_wconf 86' lang='lat' dir='ltr'><strong>servavimus,</strong></span> <span class='ocrx_word' id='word_1_329' title='bbox 1981 3082 2048 3134; x_wconf 91' lang='lat' dir='ltr'><strong>ad</strong></span> 
     </span>
    </p>
   </div>
   <div class='ocr_carea' id='block_1_47' title="bbox 2155 1978 3734 2049">
    <p class='ocr_par' dir='ltr' id='par_1_47' title="bbox 2155 1978 3734 2049">
     <span class='ocr_line' id='line_1_47' title="bbox 2155 1978 3734 2049; baseline 0 -19"><span class='ocrx_word' id='word_1_330' title='bbox 2155 1979 2366 2048; x_wconf 78' lang='grc' dir='ltr'>ἡμέρας</span> <span class='ocrx_word' id='word_1_331' title='bbox 2400 1979 2608 2041; x_wconf 83' lang='grc' dir='ltr'>πάντας</span> <span class='ocrx_word' id='word_1_332' title='bbox 2649 1981 2774 2042; x_wconf 76' lang='grc' dir='ltr'>τοὺς</span> <span class='ocrx_word' id='word_1_333' title='bbox 2823 1981 3142 2049; x_wconf 79' lang='grc' dir='ltr'>ἁπανταχοῦ</span> <span class='ocrx_word' id='word_1_334' title='bbox 3174 1979 3445 2032; x_wconf 82' lang='grc' dir='ltr'>ἐπιτελεῖν</span> <span class='ocrx_word' id='word_1_335' title='bbox 3479 1995 3493 2009; x_wconf 88' lang='grc'><strong>·</strong></span> <span class='ocrx_word' id='word_1_336' title='bbox 3524 1980 3576 2032; x_wconf 85' lang='grc' dir='ltr'><strong>τί</strong></span> <span class='ocrx_word' id='word_1_337' title='bbox 3625 1978 3734 2047; x_wconf 82' lang='grc' dir='ltr'><strong>γάρ</strong></span> 
     </span>
    </p>
   </div>
   <div class='ocr_carea' id='block_1_48' title="bbox 2155 2071 3732 2142">
    <p class='ocr_par' dir='ltr' id='par_1_48' title="bbox 2155 2071 3732 2142">
     <span class='ocr_line' id='line_1_48' title="bbox 2155 2071 3732 2142; baseline 0.001 -19"><span class='ocrx_word' id='word_1_338' title='bbox 2155 2073 2287 2140; x_wconf 79' lang='grc' dir='ltr'>ἡμῖν</span> <span class='ocrx_word' id='word_1_339' title='bbox 2318 2071 2557 2133; x_wconf 85' lang='grc' dir='ltr'>κάλλιον,</span> <span class='ocrx_word' id='word_1_340' title='bbox 2589 2072 2640 2124; x_wconf 91' lang='grc' dir='ltr'><strong>τί</strong></span> <span class='ocrx_word' id='word_1_341' title='bbox 2683 2071 2740 2124; x_wconf 81' lang='grc' dir='ltr'><strong>δέ</strong></span> <span class='ocrx_word' id='word_1_342' title='bbox 2789 2071 3114 2141; x_wconf 82' lang='grc' dir='ltr'>σεμνότερον</span> <span class='ocrx_word' id='word_1_343' title='bbox 3170 2071 3410 2142; x_wconf 69' lang='grc' dir='ltr'>ὑπάρξαι</span> <span class='ocrx_word' id='word_1_344' title='bbox 3443 2071 3732 2140; x_wconf 80' lang='grc' dir='ltr'>δυνήσεται</span> 
     </span>
    </p>
   </div>
   <div class='ocr_carea' id='block_1_49' title="bbox 2155 2159 3734 2236">
    <p class='ocr_par' dir='ltr' id='par_1_49' title="bbox 2155 2159 3734 2236">
     <span class='ocr_line' id='line_1_49' title="bbox 2155 2159 3734 2236; baseline 0 -22"><span class='ocrx_word' id='word_1_345' title='bbox 2155 2162 2246 2215; x_wconf 77' lang='grc' dir='ltr'><strong>τοῦ</strong></span> <span class='ocrx_word' id='word_1_346' title='bbox 2275 2161 2375 2234; x_wconf 79' lang='grc' dir='ltr'>τὴν</span> <span class='ocrx_word' id='word_1_347' title='bbox 2397 2163 2590 2233; x_wconf 78' lang='grc' dir='ltr'>ἑορτὴν</span> <span class='ocrx_word' id='word_1_348' title='bbox 2617 2163 2845 2231; x_wconf 79' lang='grc' dir='ltr'>ταύτην,</span> <span class='ocrx_word' id='word_1_349' title='bbox 2876 2163 3005 2232; x_wconf 89' lang='grc' dir='ltr'>παρ’</span> <span class='ocrx_word' id='word_1_350' title='bbox 3042 2159 3110 2236; x_wconf 81' lang='grc' dir='ltr'><strong>ἧς</strong></span> <span class='ocrx_word' id='word_1_351' title='bbox 3153 2163 3252 2231; x_wconf 81' lang='grc' dir='ltr'>τὴν</span> <span class='ocrx_word' id='word_1_352' title='bbox 3299 2163 3396 2233; x_wconf 89' lang='grc' dir='ltr'><strong>τῆς</strong></span> <span class='ocrx_word' id='word_1_353' title='bbox 3432 2161 3734 2226; x_wconf 80' lang='grc' dir='ltr'>ἀθανασίας</span> 
     </span>
    </p>
   </div>
   <div class='ocr_carea' id='block_1_50' title="bbox 2155 2253 3733 2326">
    <p class='ocr_par' dir='ltr' id='par_1_50' title="bbox 2155 2253 3733 2326">
     <span class='ocr_line' id='line_1_50' title="bbox 2155 2253 3733 2326; baseline 0.001 -21"><span class='ocrx_word' id='word_1_354' title='bbox 2155 2254 2465 2325; x_wconf 79' lang='grc' dir='ltr'>εἰλήφαμεν</span> <span class='ocrx_word' id='word_1_355' title='bbox 2517 2255 2729 2321; x_wconf 87' lang='grc' dir='ltr'>ἐλπίδα,</span> <span class='ocrx_word' id='word_1_356' title='bbox 2796 2257 2895 2326; x_wconf 79' lang='grc' dir='ltr'><strong>μιᾷ</strong></span> <span class='ocrx_word' id='word_1_357' title='bbox 2949 2255 3104 2320; x_wconf 83' lang='grc' dir='ltr'>τάξει</span> <span class='ocrx_word' id='word_1_358' title='bbox 3165 2255 3262 2307; x_wconf 82' lang='grc' dir='ltr'>καὶ</span> <span class='ocrx_word' id='word_1_359' title='bbox 3315 2254 3534 2324; x_wconf 83' lang='grc' dir='ltr'>φανερῷ</span> <span class='ocrx_word' id='word_1_360' title='bbox 3588 2253 3733 2323; x_wconf 83' lang='grc' dir='ltr'>λόγῳ</span> 
     </span>
    </p>
   </div>
   <div class='ocr_carea' id='block_1_51' title="bbox 2155 2345 3731 2416">
    <p class='ocr_par' dir='ltr' id='par_1_51' title="bbox 2155 2345 3731 2416">
     <span class='ocr_line' id='line_1_51' title="bbox 2155 2345 3731 2416; baseline 0.003 -19"><span class='ocrx_word' id='word_1_361' title='bbox 2155 2346 2309 2414; x_wconf 86' lang='grc' dir='ltr'>παρὰ</span> <span class='ocrx_word' id='word_1_362' title='bbox 2333 2348 2501 2398; x_wconf 79' lang='grc' dir='ltr'>πᾶσιν</span> <span class='ocrx_word' id='word_1_363' title='bbox 2526 2345 2881 2410; x_wconf 79' lang='grc' dir='ltr'>ἀδιαπτώτως</span> <span class='ocrx_word' id='word_1_364' title='bbox 2911 2346 3314 2415; x_wconf 88' lang='grc' dir='ltr'>φυλάττεσθαι;</span> <span class='ocrx_word' id='word_1_365' title='bbox 3354 2346 3462 2400; x_wconf 71' lang='grc' dir='ltr'>Καὶ</span> <span class='ocrx_word' id='word_1_366' title='bbox 3515 2348 3731 2416; x_wconf 77' lang='grc' dir='ltr'>πρῶτον</span> 
     </span>
    </p>
   </div>
   <div class='ocr_carea' id='block_1_52' title="bbox 2159 2434 3732 2507">
    <p class='ocr_par' dir='ltr' id='par_1_52' title="bbox 2159 2434 3732 2507">
     <span class='ocr_line' id='line_1_52' title="bbox 2159 2434 3732 2507; baseline 0.001 -18"><span class='ocrx_word' id='word_1_367' title='bbox 2159 2438 2259 2506; x_wconf 82' lang='grc' dir='ltr'>μὲν</span> <span class='ocrx_word' id='word_1_368' title='bbox 2308 2437 2524 2499; x_wconf 77' lang='grc' dir='ltr'>ἀνάξιον</span> <span class='ocrx_word' id='word_1_369' title='bbox 2569 2437 2746 2504; x_wconf 76' lang='grc' dir='ltr'>ἔδοξεν</span> <span class='ocrx_word' id='word_1_370' title='bbox 2803 2434 2946 2491; x_wconf 80' lang='grc' dir='ltr'>εἶναι</span> <span class='ocrx_word' id='word_1_371' title='bbox 2994 2436 3091 2506; x_wconf 83' lang='grc' dir='ltr'>τὴν</span> <span class='ocrx_word' id='word_1_372' title='bbox 3150 2438 3462 2506; x_wconf 83' lang='grc' dir='ltr'>άγιωτάτην</span> <span class='ocrx_word' id='word_1_373' title='bbox 3515 2438 3732 2507; x_wconf 81' lang='grc' dir='ltr'>ἐκείνην</span> 
     </span>
    </p>
   </div>
   <div class='ocr_carea' id='block_1_53' title="bbox 2156 2527 3732 2599">
    <p class='ocr_par' dir='ltr' id='par_1_53' title="bbox 2156 2527 3732 2599">
     <span class='ocr_line' id='line_1_53' title="bbox 2156 2527 3732 2599; baseline 0 -19"><span class='ocrx_word' id='word_1_374' title='bbox 2156 2529 2345 2598; x_wconf 75' lang='grc' dir='ltr'>ἑορτὴν</span> <span class='ocrx_word' id='word_1_375' title='bbox 2375 2531 2440 2597; x_wconf 83' lang='grc' dir='ltr'><strong>τῇ</strong></span> <span class='ocrx_word' id='word_1_376' title='bbox 2471 2528 2578 2580; x_wconf 81' lang='grc' dir='ltr'>τῶν</span> <span class='ocrx_word' id='word_1_377' title='bbox 2628 2527 2896 2580; x_wconf 82' lang='grc' dir='ltr'>Ἰουδαίων</span> <span class='ocrx_word' id='word_1_378' title='bbox 2938 2529 3242 2596; x_wconf 78' lang='grc' dir='ltr'>ἑπομένους</span> <span class='ocrx_word' id='word_1_379' title='bbox 3302 2529 3561 2598; x_wconf 76' lang='grc' dir='ltr'>συνηθείᾳ</span> <span class='ocrx_word' id='word_1_380' title='bbox 3599 2529 3732 2599; x_wconf 84' lang='grc' dir='ltr'>πλη-</span> 
     </span>
    </p>
   </div>
   <div class='ocr_carea' id='block_1_54' title="bbox 2159 2617 3730 2690">
    <p class='ocr_par' dir='ltr' id='par_1_54' title="bbox 2159 2617 3730 2690">
     <span class='ocr_line' id='line_1_54' title="bbox 2159 2617 3730 2690; baseline 0.005 -22"><span class='ocrx_word' id='word_1_381' title='bbox 2159 2617 2308 2688; x_wconf 67' lang='grc' dir='ltr'>ροῦν,</span> <span class='ocrx_word' id='word_1_382' title='bbox 2333 2617 2382 2670; x_wconf 82' lang='grc' dir='ltr'>οἳ</span> <span class='ocrx_word' id='word_1_383' title='bbox 2414 2620 2510 2681; x_wconf 79' lang='grc' dir='ltr'><strong>τὰς</strong></span> <span class='ocrx_word' id='word_1_384' title='bbox 2547 2619 2759 2672; x_wconf 76' lang='grc' dir='ltr'>ἑαυτῶν</span> <span class='ocrx_word' id='word_1_385' title='bbox 2789 2621 2977 2688; x_wconf 83' lang='grc' dir='ltr'>χεῖρας</span> <span class='ocrx_word' id='word_1_386' title='bbox 3006 2619 3253 2690; x_wconf 81' lang='grc' dir='ltr'>ἀθεμίτῳ</span> <span class='ocrx_word' id='word_1_387' title='bbox 3294 2621 3730 2690; x_wconf 76' lang='grc' dir='ltr'>πλημμελήματι</span> 
     </span>
    </p>
   </div>
   <div class='ocr_carea' id='block_1_55' title="bbox 2155 2711 3730 2783">
    <p class='ocr_par' dir='ltr' id='par_1_55' title="bbox 2155 2711 3730 2783">
     <span class='ocr_line' id='line_1_55' title="bbox 2155 2711 3730 2783; baseline 0.003 -21"><span class='ocrx_word' id='word_1_388' title='bbox 2155 2711 2470 2780; x_wconf 88' lang='grc' dir='ltr'>χράναντες.</span> <span class='ocrx_word' id='word_1_389' title='bbox 2524 2712 2749 2776; x_wconf 84' lang='grc' dir='ltr'>είκότως</span> <span class='ocrx_word' id='word_1_390' title='bbox 2791 2712 2890 2774; x_wconf 84' lang='grc' dir='ltr'>τὰς</span> <span class='ocrx_word' id='word_1_391' title='bbox 2927 2712 3106 2782; x_wconf 67' lang='grc' dir='ltr'>ψυχὰς</span> <span class='ocrx_word' id='word_1_392' title='bbox 3146 2714 3194 2766; x_wconf 83' lang='grc' dir='ltr'>οἱ</span> <span class='ocrx_word' id='word_1_393' title='bbox 3246 2717 3434 2783; x_wconf 80' lang='grc' dir='ltr'>μιαροὶ</span> <span class='ocrx_word' id='word_1_394' title='bbox 3481 2713 3730 2782; x_wconf 61' lang='grc' dir='ltr'>τυφλώτρ</span> 
     </span>
    </p>
   </div>
   <div class='ocr_carea' id='block_1_56' title="bbox 2153 2802 3730 2877">
    <p class='ocr_par' dir='ltr' id='par_1_56' title="bbox 2153 2802 3730 2877">
     <span class='ocr_line' id='line_1_56' title="bbox 2153 2802 3730 2877; baseline -0.001 -22"><span class='ocrx_word' id='word_1_395' title='bbox 2153 2820 2358 2857; x_wconf 73' lang='grc' dir='ltr'>τουσι-λ.</span> <span class='ocrx_word' id='word_1_396' title='bbox 2395 2802 2613 2868; x_wconf 80' lang='grc' dir='ltr'>Ἔξεστι</span> <span class='ocrx_word' id='word_1_397' title='bbox 2646 2804 2774 2872; x_wconf 68' lang='grc' dir='ltr'>γὰρ,</span> <span class='ocrx_word' id='word_1_398' title='bbox 2801 2803 2896 2856; x_wconf 65' lang='grc' dir='ltr'>τοῦ</span> <span class='ocrx_word' id='word_1_399' title='bbox 2943 2803 3129 2868; x_wconf 77' lang='grc' dir='ltr'>ἔθνους</span> <span class='ocrx_word' id='word_1_400' title='bbox 3157 2805 3576 2874; x_wconf 81' lang='grc' dir='ltr'>ἁποὸληθέντος,</span> <span class='ocrx_word' id='word_1_401' title='bbox 3601 2805 3730 2877; x_wconf 75' lang='grc' dir='ltr'>ἁλη-</span> 
     </span>
    </p>
   </div>
   <div class='ocr_carea' id='block_1_57' title="bbox 2158 2895 3729 2968">
    <p class='ocr_par' dir='ltr' id='par_1_57' title="bbox 2158 2895 3729 2968">
     <span class='ocr_line' id='line_1_57' title="bbox 2158 2895 3729 2968; baseline 0.003 -23"><span class='ocrx_word' id='word_1_402' title='bbox 2158 2895 2391 2966; x_wconf 71' lang='grc' dir='ltr'>θεστέρα</span> <span class='ocrx_word' id='word_1_403' title='bbox 2438 2895 2588 2950; x_wconf 78' lang='grc' dir='ltr'>τάξει</span> <span class='ocrx_word' id='word_1_404' title='bbox 2623 2897 2688 2966; x_wconf 79' lang='grc' dir='ltr'>ἣν</span> <span class='ocrx_word' id='word_1_405' title='bbox 2719 2897 2783 2948; x_wconf 85' lang='grc' dir='ltr'><strong>ἐκ</strong></span> <span class='ocrx_word' id='word_1_406' title='bbox 2835 2896 3059 2966; x_wconf 83' lang='grc' dir='ltr'>πρώτης</span> <span class='ocrx_word' id='word_1_407' title='bbox 3117 2896 3214 2950; x_wconf 82' lang='grc' dir='ltr'>τοῦ</span> <span class='ocrx_word' id='word_1_408' title='bbox 3264 2897 3470 2957; x_wconf 83' lang='grc' dir='ltr'>πάθους</span> <span class='ocrx_word' id='word_1_409' title='bbox 3514 2897 3729 2968; x_wconf 67' lang='grc' dir='ltr'>ἡμέρας</span> 
     </span>
    </p>
   </div>
   <div class='ocr_carea' id='block_1_58' title="bbox 2143 2984 3730 3057">
    <p class='ocr_par' dir='ltr' id='par_1_58' title="bbox 2143 2984 3730 3057">
     <span class='ocr_line' id='line_1_58' title="bbox 2143 2984 3730 3057; baseline -0.012 1"><span class='ocrx_word' id='word_1_410' title='bbox 2143 2984 2318 3056; x_wconf 69' lang='grc' dir='ltr'>’μέχρι</span> <span class='ocrx_word' id='word_1_411' title='bbox 2359 2987 2453 3040; x_wconf 68' lang='grc' dir='ltr'><strong>τοῦ</strong></span> <span class='ocrx_word' id='word_1_412' title='bbox 2493 2988 2755 3057; x_wconf 69' lang='grc' dir='ltr'>παρόντος</span> <span class='ocrx_word' id='word_1_413' title='bbox 2791 2987 3156 3056; x_wconf 71' lang='grc' dir='ltr'>ἐφυλάξαμεν,</span> <span class='ocrx_word' id='word_1_414' title='bbox 3191 2991 3283 3042; x_wconf 76' lang='grc' dir='ltr'>καὶ</span> <span class='ocrx_word' id='word_1_415' title='bbox 3313 2990 3404 3042; x_wconf 84' lang='grc' dir='ltr'>ἐπὶ</span> <span class='ocrx_word' id='word_1_416' title='bbox 3436 2991 3562 3051; x_wconf 66' lang='grc' dir='ltr'>τοὺς</span> <span class='ocrx_word' id='word_1_417' title='bbox 3599 2989 3730 3057; x_wconf 80' lang='grc' dir='ltr'>μέλ-</span> 
     </span>
    </p>
   </div>
   <div class='ocr_carea' id='block_1_59' title="bbox 2154 3079 3732 3154">
    <p class='ocr_par' dir='ltr' id='par_1_59' title="bbox 2154 3079 3732 3154">
     <span class='ocr_line' id='line_1_59' title="bbox 2154 3079 3732 3154; baseline 0.002 -22"><span class='ocrx_word' id='word_1_418' title='bbox 2154 3079 2346 3143; x_wconf 84' lang='grc' dir='ltr'>λοντας</span> <span class='ocrx_word' id='word_1_419' title='bbox 2379 3082 2581 3144; x_wconf 81' lang='grc' dir='ltr'>αίῶνας</span> <span class='ocrx_word' id='word_1_420' title='bbox 2631 3081 2728 3152; x_wconf 80' lang='grc' dir='ltr'>τὴν</span> <span class='ocrx_word' id='word_1_421' title='bbox 2752 3085 2850 3154; x_wconf 88' lang='grc' dir='ltr'><strong>τῆς</strong></span> <span class='ocrx_word' id='word_1_422' title='bbox 2909 3084 3290 3154; x_wconf 81' lang='grc' dir='ltr'>ἐπιτηρήσεως</span> <span class='ocrx_word' id='word_1_423' title='bbox 3336 3084 3540 3152; x_wconf 86' lang='grc' dir='ltr'>ταύτης</span> <span class='ocrx_word' id='word_1_424' title='bbox 3590 3099 3732 3152; x_wconf 89' lang='grc' dir='ltr'>συμ-</span> 
     </span>
    </p>
   </div>
   <div class='ocr_carea' id='block_1_60' title="bbox 479 3171 2052 3271">
    <p class='ocr_par' dir='ltr' id='par_1_60' title="bbox 479 3172 2045 3244">
     <span class='ocr_line' id='line_1_60' title="bbox 479 3172 2045 3244; baseline -0.001 -19"><span class='ocrx_word' id='word_1_425' title='bbox 479 3172 662 3225; x_wconf 75' lang='lat' dir='ltr'><strong>futura</strong></span> <span class='ocrx_word' id='word_1_426' title='bbox 714 3187 934 3241; x_wconf 91' lang='lat' dir='ltr'><strong>quoque</strong></span> <span class='ocrx_word' id='word_1_427' title='bbox 981 3172 1179 3226; x_wconf 67' lang='lat' dir='ltr'><strong>saecula</strong></span> <span class='ocrx_word' id='word_1_428' title='bbox 1230 3172 1634 3228; x_wconf 84' lang='lat' dir='ltr'><strong>observationis</strong></span> <span class='ocrx_word' id='word_1_429' title='bbox 1678 3174 1839 3244; x_wconf 81' lang='lat' dir='ltr'><strong>hujus</strong></span> <span class='ocrx_word' id='word_1_430' title='bbox 1880 3172 2045 3226; x_wconf 90' lang='lat' dir='ltr'><strong>ritum</strong></span> 
     </span>
    </p>
   </div>
   <div class='ocr_carea' id='block_1_61' title="bbox 2156 3171 3729 3271">
    <p class='ocr_par' dir='ltr' id='par_1_61' title="bbox 2157 3171 3729 3242">
     <span class='ocr_line' id='line_1_61' title="bbox 2157 3171 3729 3242; baseline -0.001 -16"><span class='ocrx_word' id='word_1_431' title='bbox 2157 3171 2436 3242; x_wconf 78' lang='grc' dir='ltr'>πλήρωσιν</span> <span class='ocrx_word' id='word_1_432' title='bbox 2501 3171 2834 3240; x_wconf 86' lang='grc' dir='ltr'>ἐγγίνεσθαι.</span> <span class='ocrx_word' id='word_1_433' title='bbox 2894 3173 3078 3242; x_wconf 86' lang='grc' dir='ltr'>Μηδὲν</span> <span class='ocrx_word' id='word_1_434' title='bbox 3144 3172 3326 3226; x_wconf 83' lang='grc' dir='ltr'>τοίνυν</span> <span class='ocrx_word' id='word_1_435' title='bbox 3387 3173 3527 3225; x_wconf 82' lang='grc' dir='ltr'>ἔστω</span> <span class='ocrx_word' id='word_1_436' title='bbox 3597 3171 3729 3241; x_wconf 72' lang='grc' dir='ltr'>ὑμῖν</span> 
     </span>
    </p>
   </div>
   <div class='ocr_carea' id='block_1_62' title="bbox 479 3262 2045 3333">
    <p class='ocr_par' dir='ltr' id='par_1_62' title="bbox 479 3262 2045 3333">
     <span class='ocr_line' id='line_1_62' title="bbox 479 3262 2045 3333; baseline 0.001 -15"><span class='ocrx_word' id='word_1_437' title='bbox 479 3263 894 3318; x_wconf 83' lang='lat' dir='ltr'><strong>transmittere?</strong></span> <span class='ocrx_word' id='word_1_438' title='bbox 923 3262 1110 3333; x_wconf 86' lang='lat' dir='ltr'><strong>Itaque</strong></span> <span class='ocrx_word' id='word_1_439' title='bbox 1144 3263 1280 3321; x_wconf 85' lang='lat' dir='ltr'><strong>nihil</strong></span> <span class='ocrx_word' id='word_1_440' title='bbox 1311 3265 1468 3320; x_wconf 85' lang='lat' dir='ltr'><strong>vobis</strong></span> <span class='ocrx_word' id='word_1_441' title='bbox 1497 3281 1789 3319; x_wconf 90' lang='lat' dir='ltr'><strong>commune</strong></span> <span class='ocrx_word' id='word_1_442' title='bbox 1821 3264 1888 3318; x_wconf 92' lang='lat' dir='ltr'><strong>sit</strong></span> <span class='ocrx_word' id='word_1_443' title='bbox 1922 3282 2045 3320; x_wconf 88' lang='lat' dir='ltr'><strong>eum</strong></span> 
     </span>
    </p>
   </div>
   <div class='ocr_carea' id='block_1_63' title="bbox 480 3353 2050 3426">
    <p class='ocr_par' dir='ltr' id='par_1_63' title="bbox 480 3353 2050 3426">
     <span class='ocr_line' id='line_1_63' title="bbox 480 3353 2050 3426; baseline 0.001 -17"><span class='ocrx_word' id='word_1_444' title='bbox 480 3353 840 3409; x_wconf 58' lang='lat' dir='ltr'><strong>inestissima</strong></span> <span class='ocrx_word' id='word_1_445' title='bbox 888 3354 1203 3412; x_wconf 61' lang='lat' dir='ltr'><strong>ludam-um</strong></span> <span class='ocrx_word' id='word_1_446' title='bbox 1257 3355 1438 3410; x_wconf 86' lang='lat' dir='ltr'><strong>turba.</strong></span> <span class='ocrx_word' id='word_1_447' title='bbox 1475 3355 1652 3412; x_wconf 83' lang='lat' dir='ltr'><strong>Aliam</strong></span> <span class='ocrx_word' id='word_1_448' title='bbox 1699 3356 1972 3426; x_wconf 88' lang='lat' dir='ltr'><strong>siquidem</strong></span> <span class='ocrx_word' id='word_1_449' title='bbox 2019 3371 2050 3411; x_wconf 71' lang='grc' dir='ltr'><strong>α</strong></span> 
     </span>
    </p>
   </div>
   <div class='ocr_carea' id='block_1_64' title="bbox 481 3443 2051 3515">
    <p class='ocr_par' dir='ltr' id='par_1_64' title="bbox 481 3443 2051 3515">
     <span class='ocr_line' id='line_1_64' title="bbox 481 3443 2051 3515; baseline 0.003 -18"><span class='ocrx_word' id='word_1_450' title='bbox 481 3443 765 3498; x_wconf 74' lang='lat' dir='ltr'><strong>Salvatore</strong></span> <span class='ocrx_word' id='word_1_451' title='bbox 809 3445 1120 3513; x_wconf 84' lang='lat' dir='ltr'><strong>accepimus</strong></span> <span class='ocrx_word' id='word_1_452' title='bbox 1171 3444 1340 3500; x_wconf 89' lang='lat' dir='ltr'><strong>viam.</strong></span> <span class='ocrx_word' id='word_1_453' title='bbox 1377 3443 1700 3515; x_wconf 84' lang='lat' dir='ltr'><strong>PrOpositus</strong></span> <span class='ocrx_word' id='word_1_454' title='bbox 1737 3457 1822 3500; x_wconf 85' lang='lat' dir='ltr'><strong>est</strong></span> <span class='ocrx_word' id='word_1_455' title='bbox 1871 3461 2051 3502; x_wconf 77' lang='lat' dir='ltr'><strong>sacra-</strong></span> 
     </span>
    </p>
   </div>
   <div class='ocr_carea' id='block_1_65' title="bbox 481 3525 2052 3608">
    <p class='ocr_par' dir='ltr' id='par_1_65' title="bbox 481 3525 2052 3608">
     <span class='ocr_line' id='line_1_65' title="bbox 481 3525 2052 3608; baseline 0.003 -18"><span class='ocrx_word' id='word_1_456' title='bbox 481 3537 712 3592; x_wconf 82' lang='lat' dir='ltr'><strong>tissimae</strong></span> <span class='ocrx_word' id='word_1_457' title='bbox 751 3535 1000 3606; x_wconf 77' lang='lat' dir='ltr'><strong>religioni</strong></span> <span class='ocrx_word' id='word_1_458' title='bbox 1038 3525 1254 3593; x_wconf 53' lang='lat' dir='ltr'><strong>nostra?</strong></span> <span class='ocrx_word' id='word_1_459' title='bbox 1280 3553 1416 3593; x_wconf 90' lang='lat' dir='ltr'><strong>suus</strong></span> <span class='ocrx_word' id='word_1_460' title='bbox 1453 3553 1671 3599; x_wconf 86' lang='lat' dir='ltr'><strong>cursus,</strong></span> <span class='ocrx_word' id='word_1_461' title='bbox 1709 3548 1766 3593; x_wconf 90' lang='lat' dir='ltr'><strong>et</strong></span> <span class='ocrx_word' id='word_1_462' title='bbox 1807 3539 2052 3608; x_wconf 83' lang='lat' dir='ltr'><strong>legitima</strong></span> 
     </span>
    </p>
   </div>
   <div class='ocr_carea' id='block_1_66' title="bbox 479 3628 2050 3700">
    <p class='ocr_par' dir='ltr' id='par_1_66' title="bbox 479 3628 2050 3700">
     <span class='ocr_line' id='line_1_66' title="bbox 479 3628 2050 3700; baseline 0.004 -19"><span class='ocrx_word' id='word_1_463' title='bbox 479 3643 600 3698; x_wconf 66' lang='lat' dir='ltr'><strong>qua:</strong></span> <span class='ocrx_word' id='word_1_464' title='bbox 644 3628 788 3682; x_wconf 83' lang='lat' dir='ltr'><strong>illam</strong></span> <span class='ocrx_word' id='word_1_465' title='bbox 831 3629 1025 3684; x_wconf 86' lang='lat' dir='ltr'><strong>deccat</strong></span> <span class='ocrx_word' id='word_1_466' title='bbox 1061 3631 1268 3700; x_wconf 81' lang='lat' dir='ltr'><strong>regula,</strong></span> <span class='ocrx_word' id='word_1_467' title='bbox 1298 3646 1461 3700; x_wconf 91' lang='lat' dir='ltr'><strong>quam</strong></span> <span class='ocrx_word' id='word_1_468' title='bbox 1503 3631 1745 3686; x_wconf 85' lang='lat' dir='ltr'><strong>unanimi</strong></span> <span class='ocrx_word' id='word_1_469' title='bbox 1777 3646 2050 3687; x_wconf 89' lang='lat' dir='ltr'><strong>consensu</strong></span> 
     </span>
    </p>
   </div>
   <div class='ocr_carea' id='block_1_67' title="bbox 480 3721 2052 3791">
    <p class='ocr_par' dir='ltr' id='par_1_67' title="bbox 480 3721 2052 3791">
     <span class='ocr_line' id='line_1_67' title="bbox 480 3721 2052 3791; baseline 0 -15"><span class='ocrx_word' id='word_1_470' title='bbox 480 3721 934 3790; x_wconf 84' lang='lat' dir='ltr'><strong>complectentes,</strong></span> <span class='ocrx_word' id='word_1_471' title='bbox 973 3736 1073 3775; x_wconf 88' lang='lat' dir='ltr'><strong>nos</strong></span> <span class='ocrx_word' id='word_1_472' title='bbox 1106 3722 1254 3791; x_wconf 87' lang='lat' dir='ltr'><strong>ipsos</strong></span> <span class='ocrx_word' id='word_1_473' title='bbox 1282 3737 1310 3775; x_wconf 91' lang='lat' dir='ltr'><strong>a</strong></span> <span class='ocrx_word' id='word_1_474' title='bbox 1340 3721 1481 3778; x_wconf 64' lang='lat' dir='ltr'><strong>foeda</strong></span> <span class='ocrx_word' id='word_1_475' title='bbox 1513 3722 1602 3776; x_wconf 91' lang='lat' dir='ltr'><strong>illa</strong></span> <span class='ocrx_word' id='word_1_476' title='bbox 1630 3724 1965 3776; x_wconf 87' lang='lat' dir='ltr'><strong>conscientia</strong></span> <span class='ocrx_word' id='word_1_477' title='bbox 1996 3731 2052 3777; x_wconf 83' lang='lat' dir='ltr'><strong>et</strong></span> 
     </span>
    </p>
   </div>
   <div class='ocr_carea' id='block_1_68' title="bbox 475 3801 2055 3878">
    <p class='ocr_par' dir='ltr' id='par_1_68' title="bbox 475 3801 2055 3878">
     <span class='ocr_line' id='line_1_68' title="bbox 475 3801 2055 3878; baseline 0.006 -13"><span class='ocrx_word' id='word_1_478' title='bbox 475 3801 747 3866; x_wconf 75' lang='lat' dir='ltr'><strong>societate</strong></span> <span class='ocrx_word' id='word_1_479' title='bbox 800 3813 1182 3878; x_wconf 87' lang='lat' dir='ltr'><strong>retrahamus,</strong></span> <span class='ocrx_word' id='word_1_480' title='bbox 1230 3813 1431 3869; x_wconf 78' lang='lat' dir='ltr'><strong>fratres</strong></span> <span class='ocrx_word' id='word_1_481' title='bbox 1474 3815 1944 3870; x_wconf 85' lang='lat' dir='ltr'><strong>reverendissimi.</strong></span> <span class='ocrx_word' id='word_1_482' title='bbox 1986 3816 2055 3874; x_wconf 84' lang='grc' dir='ltr'><strong>Ει</strong></span> 
     </span>
    </p>
   </div>
   <div class='ocr_carea' id='block_1_69' title="bbox 483 3901 2056 3978">
    <p class='ocr_par' dir='ltr' id='par_1_69' title="bbox 483 3901 2056 3978">
     <span class='ocr_line' id='line_1_69' title="bbox 483 3901 2056 3978; baseline 0.004 -24"><span class='ocrx_word' id='word_1_483' title='bbox 483 3901 733 3971; x_wconf 81' lang='lat' dir='ltr'><strong>profecto</strong></span> <span class='ocrx_word' id='word_1_484' title='bbox 780 3904 1029 3958; x_wconf 73' lang='lat' dir='ltr'><strong>ernnium</strong></span> <span class='ocrx_word' id='word_1_485' title='bbox 1082 3904 1538 3966; x_wconf 83' lang='lat' dir='ltr'><strong>absurdissimum</strong></span> <span class='ocrx_word' id='word_1_486' title='bbox 1592 3915 1710 3971; x_wconf 90' lang='lat' dir='ltr'><strong>est,</strong></span> <span class='ocrx_word' id='word_1_487' title='bbox 1768 3907 1893 3961; x_wconf 89' lang='lat' dir='ltr'><strong>illos</strong></span> <span class='ocrx_word' id='word_1_488' title='bbox 1942 3907 2056 3978; x_wconf 82' lang='lat' dir='ltr'><strong>glo—</strong></span> 
     </span>
    </p>
   </div>
   <div class='ocr_carea' id='block_1_70' title="bbox 484 3995 2052 4066">
    <p class='ocr_par' dir='ltr' id='par_1_70' title="bbox 484 3995 2052 4066">
     <span class='ocr_line' id='line_1_70' title="bbox 484 3995 2052 4066; baseline 0.004 -18"><span class='ocrx_word' id='word_1_489' title='bbox 484 3995 680 4049; x_wconf 88' lang='lat' dir='ltr'><strong>riando</strong></span> <span class='ocrx_word' id='word_1_490' title='bbox 704 3995 936 4066; x_wconf 85' lang='lat' dir='ltr'><strong>jactare,</strong></span> <span class='ocrx_word' id='word_1_491' title='bbox 963 3998 1112 4052; x_wconf 89' lang='lat' dir='ltr'><strong>hisce</strong></span> <span class='ocrx_word' id='word_1_492' title='bbox 1135 3998 1496 4052; x_wconf 88' lang='lat' dir='ltr'><strong>observandis</strong></span> <span class='ocrx_word' id='word_1_493' title='bbox 1531 4015 1630 4055; x_wconf 87' lang='lat' dir='ltr'><strong>nos</strong></span> <span class='ocrx_word' id='word_1_494' title='bbox 1660 3997 1911 4053; x_wconf 77' lang='lat' dir='ltr'><strong>suﬁicere</strong></span> <span class='ocrx_word' id='word_1_495' title='bbox 1943 4016 2052 4055; x_wconf 90' lang='lat' dir='ltr'><strong>non</strong></span> 
     </span>
    </p>
   </div>
   <div class='ocr_carea' id='block_1_71' title="bbox 481 4088 2056 4160">
    <p class='ocr_par' dir='ltr' id='par_1_71' title="bbox 481 4088 2056 4160">
     <span class='ocr_line' id='line_1_71' title="bbox 481 4088 2056 4160; baseline 0.004 -20"><span class='ocrx_word' id='word_1_496' title='bbox 481 4101 643 4156; x_wconf 87' lang='lat' dir='ltr'><strong>posse</strong></span> <span class='ocrx_word' id='word_1_497' title='bbox 666 4088 873 4158; x_wconf 81' lang='lat' dir='ltr'><strong>absque</strong></span> <span class='ocrx_word' id='word_1_498' title='bbox 903 4090 1122 4144; x_wconf 91' lang='lat' dir='ltr'><strong>illorum</strong></span> <span class='ocrx_word' id='word_1_499' title='bbox 1153 4089 1406 4144; x_wconf 86' lang='lat' dir='ltr'><strong>doctrina</strong></span> <span class='ocrx_word' id='word_1_500' title='bbox 1431 4100 1487 4145; x_wconf 91' lang='lat' dir='ltr'><strong>ct</strong></span> <span class='ocrx_word' id='word_1_501' title='bbox 1509 4092 1853 4160; x_wconf 74' lang='lat' dir='ltr'><strong>praescripto.</strong></span> <span class='ocrx_word' id='word_1_502' title='bbox 1885 4091 2056 4158; x_wconf 87' lang='lat' dir='ltr'><strong>Quid-</strong></span> 
     </span>
    </p>
   </div>
   <div class='ocr_carea' id='block_1_72' title="bbox 485 4179 2053 4253">
    <p class='ocr_par' dir='ltr' id='par_1_72' title="bbox 485 4179 2053 4253">
     <span class='ocr_line' id='line_1_72' title="bbox 485 4179 2053 4253; baseline 0.004 -23"><span class='ocrx_word' id='word_1_503' title='bbox 485 4192 610 4230; x_wconf 87' lang='lat' dir='ltr'><strong>nam</strong></span> <span class='ocrx_word' id='word_1_504' title='bbox 643 4193 772 4233; x_wconf 84' lang='lat' dir='ltr'><strong>vero</strong></span> <span class='ocrx_word' id='word_1_505' title='bbox 815 4179 891 4233; x_wconf 92' lang='lat' dir='ltr'><strong>illi</strong></span> <span class='ocrx_word' id='word_1_506' title='bbox 939 4188 1084 4234; x_wconf 90' lang='lat' dir='ltr'><strong>recte</strong></span> <span class='ocrx_word' id='word_1_507' title='bbox 1122 4181 1329 4234; x_wconf 86' lang='lat' dir='ltr'><strong>sentire</strong></span> <span class='ocrx_word' id='word_1_508' title='bbox 1361 4189 1418 4235; x_wconf 89' lang='lat' dir='ltr'><strong>et</strong></span> <span class='ocrx_word' id='word_1_509' title='bbox 1451 4196 1646 4250; x_wconf 88' lang='lat' dir='ltr'><strong>sapere</strong></span> <span class='ocrx_word' id='word_1_510' title='bbox 1676 4191 1930 4251; x_wconf 85' lang='lat' dir='ltr'><strong>possunt,</strong></span> <span class='ocrx_word' id='word_1_511' title='bbox 1959 4182 2053 4253; x_wconf 91' lang='lat' dir='ltr'><strong>qui</strong></span> 
     </span>
    </p>
   </div>
   <div class='ocr_carea' id='block_1_73' title="bbox 484 4267 2056 4344">
    <p class='ocr_par' dir='ltr' id='par_1_73' title="bbox 484 4267 2056 4344">
     <span class='ocr_line' id='line_1_73' title="bbox 484 4267 2056 4344; baseline 0.006 -24"><span class='ocrx_word' id='word_1_512' title='bbox 484 4277 611 4338; x_wconf 90' lang='lat' dir='ltr'><strong>post</strong></span> <span class='ocrx_word' id='word_1_513' title='bbox 641 4267 786 4323; x_wconf 75' lang='lat' dir='ltr'><strong>illuni</strong></span> <span class='ocrx_word' id='word_1_514' title='bbox 828 4271 1042 4326; x_wconf 87' lang='lat' dir='ltr'><strong>Domini</strong></span> <span class='ocrx_word' id='word_1_515' title='bbox 1085 4272 1290 4328; x_wconf 61' lang='lat' dir='ltr'><strong>eadem</strong></span> <span class='ocrx_word' id='word_1_516' title='bbox 1326 4273 1601 4328; x_wconf 89' lang='lat' dir='ltr'><strong>mentibus</strong></span> <span class='ocrx_word' id='word_1_517' title='bbox 1625 4275 1793 4344; x_wconf 92' lang='lat' dir='ltr'><strong>capti,</strong></span> <span class='ocrx_word' id='word_1_518' title='bbox 1825 4289 1936 4328; x_wconf 91' lang='lat' dir='ltr'><strong>non</strong></span> <span class='ocrx_word' id='word_1_519' title='bbox 1969 4291 2056 4329; x_wconf 87' lang='lat' dir='ltr'><strong>ra-</strong></span> 
     </span>
    </p>
   </div>
   <div class='ocr_carea' id='block_1_74' title="bbox 490 4359 2055 4434">
    <p class='ocr_par' dir='ltr' id='par_1_74' title="bbox 490 4359 2055 4434">
     <span class='ocr_line' id='line_1_74' title="bbox 490 4359 2055 4434; baseline 0.007 -24"><span class='ocrx_word' id='word_1_520' title='bbox 490 4359 639 4412; x_wconf 89' lang='lat' dir='ltr'><strong>tione</strong></span> <span class='ocrx_word' id='word_1_521' title='bbox 668 4361 874 4430; x_wconf 90' lang='lat' dir='ltr'><strong>aliqua,</strong></span> <span class='ocrx_word' id='word_1_522' title='bbox 903 4364 996 4416; x_wconf 89' lang='lat' dir='ltr'><strong>sed</strong></span> <span class='ocrx_word' id='word_1_523' title='bbox 1032 4363 1318 4433; x_wconf 90' lang='lat' dir='ltr'><strong>impotenti</strong></span> <span class='ocrx_word' id='word_1_524' title='bbox 1349 4365 1580 4431; x_wconf 87' lang='lat' dir='ltr'><strong>impetu,</strong></span> <span class='ocrx_word' id='word_1_525' title='bbox 1605 4380 1935 4434; x_wconf 85' lang='lat' dir='ltr'><strong>quocunque</strong></span> <span class='ocrx_word' id='word_1_526' title='bbox 1960 4381 2055 4421; x_wconf 89' lang='lat' dir='ltr'><strong>eos</strong></span> 
     </span>
    </p>
   </div>
   <div class='ocr_carea' id='block_1_75' title="bbox 485 4449 2052 4525">
    <p class='ocr_par' dir='ltr' id='par_1_75' title="bbox 485 4449 2052 4525">
     <span class='ocr_line' id='line_1_75' title="bbox 485 4449 2052 4525; baseline 0.004 -21"><span class='ocrx_word' id='word_1_527' title='bbox 485 4449 690 4506; x_wconf 87' lang='lat' dir='ltr'><strong>insitus</strong></span> <span class='ocrx_word' id='word_1_528' title='bbox 721 4454 953 4523; x_wconf 91' lang='lat' dir='ltr'><strong>impellit</strong></span> <span class='ocrx_word' id='word_1_529' title='bbox 977 4455 1151 4521; x_wconf 82' lang='lat' dir='ltr'><strong>furor,</strong></span> <span class='ocrx_word' id='word_1_530' title='bbox 1181 4455 1487 4510; x_wconf 82' lang='lat' dir='ltr'><strong>ducuntur?</strong></span> <span class='ocrx_word' id='word_1_531' title='bbox 1511 4455 1685 4522; x_wconf 83' lang='lat' dir='ltr'><strong>Quam</strong></span> <span class='ocrx_word' id='word_1_532' title='bbox 1712 4457 1783 4512; x_wconf 91' lang='lat' dir='ltr'><strong>ob</strong></span> <span class='ocrx_word' id='word_1_533' title='bbox 1809 4473 2052 4525; x_wconf 88' lang='lat' dir='ltr'><strong>causam,</strong></span> 
     </span>
    </p>
   </div>
   <div class='ocr_carea' id='block_1_76' title="bbox 2154 3261 3727 3333">
    <p class='ocr_par' dir='ltr' id='par_1_76' title="bbox 2154 3261 3727 3333">
     <span class='ocr_line' id='line_1_76' title="bbox 2154 3261 3727 3333; baseline 0.001 -19"><span class='ocrx_word' id='word_1_534' title='bbox 2154 3262 2329 3315; x_wconf 79' lang='grc' dir='ltr'>κοινὸν</span> <span class='ocrx_word' id='word_1_535' title='bbox 2376 3261 2516 3330; x_wconf 82' lang='grc' dir='ltr'>μετὰ</span> <span class='ocrx_word' id='word_1_536' title='bbox 2563 3263 2659 3315; x_wconf 83' lang='grc' dir='ltr'>τοῦ</span> <span class='ocrx_word' id='word_1_537' title='bbox 2724 3262 2972 3332; x_wconf 79' lang='grc' dir='ltr'>ἐχθίστου</span> <span class='ocrx_word' id='word_1_538' title='bbox 3037 3263 3146 3316; x_wconf 85' lang='grc' dir='ltr'><strong>τῶν</strong></span> <span class='ocrx_word' id='word_1_539' title='bbox 3213 3262 3482 3317; x_wconf 81' lang='grc' dir='ltr'>Ἰουδαίων</span> <span class='ocrx_word' id='word_1_540' title='bbox 3541 3261 3727 3333; x_wconf 72' lang='grc' dir='ltr'>ὄχλου.</span> 
     </span>
    </p>
   </div>
   <div class='ocr_carea' id='block_1_77' title="bbox 2152 3345 3728 3426">
    <p class='ocr_par' dir='ltr' id='par_1_77' title="bbox 2152 3345 3728 3426">
     <span class='ocr_line' id='line_1_77' title="bbox 2152 3345 3728 3426; baseline 0.002 -21"><span class='ocrx_word' id='word_1_541' title='bbox 2152 3352 2474 3424; x_wconf 81' lang='grc' dir='ltr'>Εἰλήφαμεν</span> <span class='ocrx_word' id='word_1_542' title='bbox 2525 3355 2812 3425; x_wconf 82' lang='grc' dir='ltr'>γὰρπαρὰ</span> <span class='ocrx_word' id='word_1_543' title='bbox 2867 3354 2960 3407; x_wconf 81' lang='grc' dir='ltr'>τοῦ</span> <span class='ocrx_word' id='word_1_544' title='bbox 3021 3345 3275 3426; x_wconf 80' lang='grc' dir='ltr'>Σωτῆρος</span> <span class='ocrx_word' id='word_1_545' title='bbox 3335 3355 3528 3424; x_wconf 80' lang='grc' dir='ltr'>ἑτέραν</span> <span class='ocrx_word' id='word_1_546' title='bbox 3584 3353 3728 3408; x_wconf 80' lang='grc' dir='ltr'>ὀδόν.</span> 
     </span>
    </p>
   </div>
   <div class='ocr_carea' id='block_1_78' title="bbox 2151 3445 3727 3518">
    <p class='ocr_par' dir='ltr' id='par_1_78' title="bbox 2151 3445 3727 3518">
     <span class='ocr_line' id='line_1_78' title="bbox 2151 3445 3727 3518; baseline -0.002 -18"><span class='ocrx_word' id='word_1_547' title='bbox 2151 3447 2442 3516; x_wconf 83' lang='grc' dir='ltr'>Πρόκειται</span> <span class='ocrx_word' id='word_1_548' title='bbox 2473 3446 2579 3518; x_wconf 83' lang='grc' dir='ltr'>γὰρ</span> <span class='ocrx_word' id='word_1_549' title='bbox 2628 3445 2828 3518; x_wconf 76' lang='grc' dir='ltr'>δρόμος</span> <span class='ocrx_word' id='word_1_550' title='bbox 2851 3450 2916 3516; x_wconf 74' lang='grc' dir='ltr'><strong>τῇ</strong></span> <span class='ocrx_word' id='word_1_551' title='bbox 2947 3445 3214 3518; x_wconf 81' lang='grc' dir='ltr'>ίερωτάτῃ</span> <span class='ocrx_word' id='word_1_552' title='bbox 3251 3445 3408 3516; x_wconf 80' lang='grc' dir='ltr'>ἡμῶν</span> <span class='ocrx_word' id='word_1_553' title='bbox 3439 3445 3727 3517; x_wconf 80' lang='grc' dir='ltr'>θρησκείᾳ,</span> 
     </span>
    </p>
   </div>
   <div class='ocr_carea' id='block_1_79' title="bbox 2152 3531 3730 3610">
    <p class='ocr_par' dir='ltr' id='par_1_79' title="bbox 2152 3531 3730 3610">
     <span class='ocr_line' id='line_1_79' title="bbox 2152 3531 3730 3610; baseline -0.003 -18"><span class='ocrx_word' id='word_1_554' title='bbox 2152 3540 2246 3592; x_wconf 77' lang='grc' dir='ltr'>καὶ</span> <span class='ocrx_word' id='word_1_555' title='bbox 2267 3537 2490 3608; x_wconf 77' lang='grc' dir='ltr'>νομικὸς</span> <span class='ocrx_word' id='word_1_556' title='bbox 2523 3539 2704 3595; x_wconf 86' lang='grc' dir='ltr'>κανὼν</span> <span class='ocrx_word' id='word_1_557' title='bbox 2735 3538 2829 3592; x_wconf 77' lang='grc' dir='ltr'>καὶ</span> <span class='ocrx_word' id='word_1_558' title='bbox 2860 3538 3087 3610; x_wconf 82' lang='grc' dir='ltr'>πρέπων</span> <span class='ocrx_word' id='word_1_559' title='bbox 3109 3537 3306 3608; x_wconf 83' lang='grc' dir='ltr'>τούτῳ,</span> <span class='ocrx_word' id='word_1_560' title='bbox 3331 3531 3392 3592; x_wconf 75' lang='grc' dir='ltr'><strong>οὗ</strong></span> <span class='ocrx_word' id='word_1_561' title='bbox 3418 3537 3730 3608; x_wconf 84' lang='grc' dir='ltr'>συμφώνως</span> 
     </span>
    </p>
   </div>
   <div class='ocr_carea' id='block_1_80' title="bbox 2152 3629 3790 3705">
    <p class='ocr_par' dir='ltr' id='par_1_80' title="bbox 2152 3629 3790 3705">
     <span class='ocr_line' id='line_1_80' title="bbox 2152 3629 3790 3705; baseline -0.001 -21"><span class='ocrx_word' id='word_1_562' title='bbox 2152 3629 2678 3699; x_wconf 71' lang='grc' dir='ltr'>ἀντιλαμόανὸμενοι</span> <span class='ocrx_word' id='word_1_563' title='bbox 2698 3629 2800 3697; x_wconf 85' lang='grc' dir='ltr'><strong>τῆς</strong></span> <span class='ocrx_word' id='word_1_564' title='bbox 2833 3631 3067 3702; x_wconf 75' lang='grc' dir='ltr'>αἰσχρᾶς</span> <span class='ocrx_word' id='word_1_565' title='bbox 3103 3634 3319 3703; x_wconf 77' lang='grc' dir='ltr'>ἐκείνης</span> <span class='ocrx_word' id='word_1_566' title='bbox 3349 3633 3579 3694; x_wconf 83' lang='grc' dir='ltr'>ἑαυτοὺς</span> <span class='ocrx_word' id='word_1_567' title='bbox 3605 3648 3732 3684; x_wconf 78' lang='grc' dir='ltr'>συνο</span> <span class='ocrx_word' id='word_1_568' title='bbox 3784 3699 3790 3705; x_wconf 87' lang='lat'>_</span> 
     </span>
    </p>
   </div>
   <div class='ocr_carea' id='block_1_81' title="bbox 2138 3721 3732 3794">
    <p class='ocr_par' dir='ltr' id='par_1_81' title="bbox 2138 3721 3732 3794">
     <span class='ocr_line' id='line_1_81' title="bbox 2138 3721 3732 3794; baseline 0.001 -19"><span class='ocrx_word' id='word_1_569' title='bbox 2138 3723 2434 3793; x_wconf 64' lang='grc' dir='ltr'>ἐιδήσεως,</span> <span class='ocrx_word' id='word_1_570' title='bbox 2493 3721 2926 3792; x_wconf 83' lang='grc' dir='ltr'>ἀποσπάσωμεν,</span> <span class='ocrx_word' id='word_1_571' title='bbox 2957 3723 3176 3793; x_wconf 74' lang='grc' dir='ltr'>ἀδελφοὶ</span> <span class='ocrx_word' id='word_1_572' title='bbox 3201 3723 3543 3794; x_wconf 82' lang='grc' dir='ltr'>τιμιώτατοι.</span> <span class='ocrx_word' id='word_1_573' title='bbox 3573 3726 3732 3777; x_wconf 87' lang='grc' dir='ltr'>Ἔστι</span> 
     </span>
    </p>
   </div>
   <div class='ocr_carea' id='block_1_82' title="bbox 2153 3813 3734 3888">
    <p class='ocr_par' dir='ltr' id='par_1_82' title="bbox 2153 3813 3734 3888">
     <span class='ocr_line' id='line_1_82' title="bbox 2153 3813 3734 3888; baseline 0.001 -20"><span class='ocrx_word' id='word_1_574' title='bbox 2153 3815 2262 3886; x_wconf 78' lang='grc' dir='ltr'><strong>γάρ</strong></span> <span class='ocrx_word' id='word_1_575' title='bbox 2293 3816 2369 3878; x_wconf 84' lang='grc' dir='ltr'>ὼς</span> <span class='ocrx_word' id='word_1_576' title='bbox 2407 3813 2622 3882; x_wconf 81' lang='grc' dir='ltr'>άληθῶς</span> <span class='ocrx_word' id='word_1_577' title='bbox 2649 3815 3002 3888; x_wconf 68' lang='grc' dir='ltr'>ἀτοπώτατον</span> <span class='ocrx_word' id='word_1_578' title='bbox 3031 3814 3268 3881; x_wconf 77' lang='grc' dir='ltr'>ἐκείνους</span> <span class='ocrx_word' id='word_1_579' title='bbox 3287 3816 3495 3887; x_wconf 79' lang='grc' dir='ltr'>αὐχεῖν,</span> <span class='ocrx_word' id='word_1_580' title='bbox 3523 3817 3599 3878; x_wconf 87' lang='grc' dir='ltr'><strong>ὡς</strong></span> <span class='ocrx_word' id='word_1_581' title='bbox 3625 3816 3734 3886; x_wconf 75' lang='grc' dir='ltr'>ἄρα</span> 
     </span>
    </p>
   </div>
   <div class='ocr_carea' id='block_1_83' title="bbox 2157 3906 3733 3976">
    <p class='ocr_par' dir='ltr' id='par_1_83' title="bbox 2157 3906 3733 3976">
     <span class='ocr_line' id='line_1_83' title="bbox 2157 3906 3733 3976; baseline 0.001 -18"><span class='ocrx_word' id='word_1_582' title='bbox 2157 3907 2430 3976; x_wconf 77' lang='grc' dir='ltr'>παρεκτὸς</span> <span class='ocrx_word' id='word_1_583' title='bbox 2458 3907 2560 3976; x_wconf 86' lang='grc' dir='ltr'><strong>τῆς</strong></span> <span class='ocrx_word' id='word_1_584' title='bbox 2601 3906 2782 3960; x_wconf 83' lang='grc' dir='ltr'>αὐτῶν</span> <span class='ocrx_word' id='word_1_585' title='bbox 2819 3907 3168 3970; x_wconf 82' lang='grc' dir='ltr'>διδασκαλίας</span> <span class='ocrx_word' id='word_1_586' title='bbox 3211 3907 3384 3961; x_wconf 76' lang='grc' dir='ltr'>ταῦτα</span> <span class='ocrx_word' id='word_1_587' title='bbox 3438 3907 3733 3975; x_wconf 84' lang='grc' dir='ltr'>φυλάττειν</span> 
     </span>
    </p>
   </div>
   <div class='ocr_carea' id='block_1_84' title="bbox 2156 3987 3735 4070">
    <p class='ocr_par' dir='ltr' id='par_1_84' title="bbox 2156 3987 3735 4070">
     <span class='ocr_line' id='line_1_84' title="bbox 2156 3987 3735 4070; baseline 0.001 -20"><span class='ocrx_word' id='word_1_588' title='bbox 2156 3997 2256 4052; x_wconf 82' lang='grc' dir='ltr'>οὐκ</span> <span class='ocrx_word' id='word_1_589' title='bbox 2279 3997 2444 4068; x_wconf 82' lang='grc' dir='ltr'>ἐσμὲν</span> <span class='ocrx_word' id='word_1_590' title='bbox 2479 3997 2672 4053; x_wconf 84' lang='grc' dir='ltr'>ἱκανοί.</span> <span class='ocrx_word' id='word_1_591' title='bbox 2702 3999 2766 4051; x_wconf 92' lang='grc' dir='ltr'>Τί</span> <span class='ocrx_word' id='word_1_592' title='bbox 2804 3999 2860 4050; x_wconf 87' lang='grc' dir='ltr'>δὲ</span> <span class='ocrx_word' id='word_1_593' title='bbox 2897 4002 3116 4066; x_wconf 79' lang='grc' dir='ltr'>φρονεῖν</span> <span class='ocrx_word' id='word_1_594' title='bbox 3139 3987 3345 4052; x_wconf 71' lang='grc' dir='ltr'>ἐκεῖνοι</span> <span class='ocrx_word' id='word_1_595' title='bbox 3374 4000 3534 4068; x_wconf 83' lang='grc' dir='ltr'>ὀρθὸν</span> <span class='ocrx_word' id='word_1_596' title='bbox 3574 3999 3735 4070; x_wconf 78' lang='grc' dir='ltr'>δυνή-</span> 
     </span>
    </p>
   </div>
   <div class='ocr_carea' id='block_1_85' title="bbox 2159 4091 3734 4163">
    <p class='ocr_par' dir='ltr' id='par_1_85' title="bbox 2159 4091 3734 4163">
     <span class='ocr_line' id='line_1_85' title="bbox 2159 4091 3734 4163; baseline 0 -19"><span class='ocrx_word' id='word_1_597' title='bbox 2159 4107 2363 4154; x_wconf 88' lang='grc' dir='ltr'>σονται,</span> <span class='ocrx_word' id='word_1_598' title='bbox 2399 4091 2448 4144; x_wconf 85' lang='grc' dir='ltr'>οἳ</span> <span class='ocrx_word' id='word_1_599' title='bbox 2478 4091 2617 4162; x_wconf 75' lang='grc' dir='ltr'>μετὰ</span> <span class='ocrx_word' id='word_1_600' title='bbox 2654 4091 2754 4160; x_wconf 84' lang='grc' dir='ltr'>τὴν</span> <span class='ocrx_word' id='word_1_601' title='bbox 2787 4091 3188 4162; x_wconf 81' lang='grc' dir='ltr'>Κυριοκτονίαν</span> <span class='ocrx_word' id='word_1_602' title='bbox 3211 4091 3425 4163; x_wconf 85' lang='grc' dir='ltr'>ἐκείνην</span> <span class='ocrx_word' id='word_1_603' title='bbox 3455 4091 3564 4144; x_wconf 85' lang='grc' dir='ltr'><strong>τῶν</strong></span> <span class='ocrx_word' id='word_1_604' title='bbox 3595 4109 3734 4162; x_wconf 83' lang='grc' dir='ltr'>φρε-</span> 
     </span>
    </p>
   </div>
   <div class='ocr_carea' id='block_1_86' title="bbox 2155 4182 3732 4253">
    <p class='ocr_par' dir='ltr' id='par_1_86' title="bbox 2155 4182 3732 4253">
     <span class='ocr_line' id='line_1_86' title="bbox 2155 4182 3732 4253; baseline -0.001 -16"><span class='ocrx_word' id='word_1_605' title='bbox 2155 4183 2263 4238; x_wconf 82' lang='grc' dir='ltr'><strong>νῶν</strong></span> <span class='ocrx_word' id='word_1_606' title='bbox 2288 4184 2600 4252; x_wconf 86' lang='grc' dir='ltr'>ἐκστάντες,</span> <span class='ocrx_word' id='word_1_607' title='bbox 2631 4185 2857 4250; x_wconf 73' lang='grc' dir='ltr'>ἄγονται</span> <span class='ocrx_word' id='word_1_608' title='bbox 2901 4185 2962 4236; x_wconf 87' lang='grc' dir='ltr'>οὐ</span> <span class='ocrx_word' id='word_1_609' title='bbox 2996 4183 3241 4253; x_wconf 85' lang='grc' dir='ltr'>λογισμῷ</span> <span class='ocrx_word' id='word_1_610' title='bbox 3280 4199 3408 4243; x_wconf 88' lang='grc' dir='ltr'>τινι.</span> <span class='ocrx_word' id='word_1_611' title='bbox 3439 4182 3554 4238; x_wconf 86' lang='grc' dir='ltr'>ἀλλ’</span> <span class='ocrx_word' id='word_1_612' title='bbox 3586 4184 3732 4253; x_wconf 78' lang='grc' dir='ltr'>ὁρμῇ</span> 
     </span>
    </p>
   </div>
   <div class='ocr_carea' id='block_1_87' title="bbox 2157 4272 3735 4346">
    <p class='ocr_par' dir='ltr' id='par_1_87' title="bbox 2157 4272 3735 4346">
     <span class='ocr_line' id='line_1_87' title="bbox 2157 4272 3735 4346; baseline 0.006 -19"><span class='ocrx_word' id='word_1_613' title='bbox 2157 4274 2540 4344; x_wconf 84' lang='grc' dir='ltr'>ἀκατασχέτῳ,</span> <span class='ocrx_word' id='word_1_614' title='bbox 2591 4274 2725 4327; x_wconf 84' lang='grc' dir='ltr'>ὅπου</span> <span class='ocrx_word' id='word_1_615' title='bbox 2794 4273 2862 4327; x_wconf 81' lang='grc' dir='ltr'>ἂν</span> <span class='ocrx_word' id='word_1_616' title='bbox 2915 4273 3113 4336; x_wconf 83' lang='grc' dir='ltr'>αὐτοὺς</span> <span class='ocrx_word' id='word_1_617' title='bbox 3173 4275 3206 4344; x_wconf 76' lang='grc' dir='ltr'>ἡ</span> <span class='ocrx_word' id='word_1_618' title='bbox 3255 4272 3500 4344; x_wconf 77' lang='grc' dir='ltr'>ἔμφυτος</span> <span class='ocrx_word' id='word_1_619' title='bbox 3543 4273 3735 4346; x_wconf 80' lang='grc' dir='ltr'>ἀπάγῃ</span> 
     </span>
    </p>
   </div>
   <div class='ocr_carea' id='block_1_88' title="bbox 2161 4363 3736 4441">
    <p class='ocr_par' dir='ltr' id='par_1_88' title="bbox 2161 4363 3736 4441">
     <span class='ocr_line' id='line_1_88' title="bbox 2161 4363 3736 4441; baseline -0.001 -25"><span class='ocrx_word' id='word_1_620' title='bbox 2161 4363 2365 4434; x_wconf 73' lang='grc' dir='ltr'>μανίας</span> <span class='ocrx_word' id='word_1_621' title='bbox 2409 4364 2650 4419; x_wconf 74' lang='grc' dir='ltr'>Ἐκεῖθεν</span> <span class='ocrx_word' id='word_1_622' title='bbox 2705 4363 2886 4417; x_wconf 91' lang='grc' dir='ltr'>τοίνυν</span> <span class='ocrx_word' id='word_1_623' title='bbox 2947 4365 3052 4418; x_wconf 81' lang='grc' dir='ltr'><strong>κάν</strong></span> <span class='ocrx_word' id='word_1_624' title='bbox 3083 4364 3257 4441; x_wconf 76' lang='grc' dir='ltr'>τούτῳ</span> <span class='ocrx_word' id='word_1_625' title='bbox 3298 4363 3376 4435; x_wconf 82' lang='grc' dir='ltr'>τῷ</span> <span class='ocrx_word' id='word_1_626' title='bbox 3421 4365 3580 4434; x_wconf 82' lang='grc' dir='ltr'>μέρει</span> <span class='ocrx_word' id='word_1_627' title='bbox 3637 4363 3736 4433; x_wconf 80' lang='grc' dir='ltr'>τὴν</span> 
     </span>
    </p>
   </div>
   <div class='ocr_carea' id='block_1_89' title="bbox 2159 4454 3739 4528">
    <p class='ocr_par' dir='ltr' id='par_1_89' title="bbox 2159 4454 3739 4528">
     <span class='ocr_line' id='line_1_89' title="bbox 2159 4454 3739 4528; baseline 0.001 -21"><span class='ocrx_word' id='word_1_628' title='bbox 2159 4456 2416 4526; x_wconf 80' lang='grc' dir='ltr'>ἀλήθειαν</span> <span class='ocrx_word' id='word_1_629' title='bbox 2447 4457 2546 4528; x_wconf 83' lang='grc' dir='ltr'>οὐχ</span> <span class='ocrx_word' id='word_1_630' title='bbox 2579 4456 2844 4526; x_wconf 85' lang='grc' dir='ltr'>ὁρῶντας,</span> <span class='ocrx_word' id='word_1_631' title='bbox 2875 4454 2951 4519; x_wconf 83' lang='grc' dir='ltr'><strong>ὡς</strong></span> <span class='ocrx_word' id='word_1_632' title='bbox 2985 4456 3072 4507; x_wconf 73' lang='grc' dir='ltr'><strong>ἀεὶ</strong></span> <span class='ocrx_word' id='word_1_633' title='bbox 3122 4455 3266 4526; x_wconf 79' lang='grc' dir='ltr'>κατὰ</span> <span class='ocrx_word' id='word_1_634' title='bbox 3317 4455 3489 4516; x_wconf 88' lang='grc' dir='ltr'>πάθος</span> <span class='ocrx_word' id='word_1_635' title='bbox 3539 4455 3739 4516; x_wconf 82' lang='grc' dir='ltr'>αὐτοὺς</span> 
     </span>
    </p>
   </div>
   <div class='ocr_carea' id='block_1_90' title="bbox 484 4540 2052 4618">
    <p class='ocr_par' dir='ltr' id='par_1_90' title="bbox 484 4545 2050 4618">
     <span class='ocr_line' id='line_1_90' title="bbox 484 4545 2050 4618; baseline 0.003 -20"><span class='ocrx_word' id='word_1_636' title='bbox 484 4559 612 4598; x_wconf 84' lang='lat' dir='ltr'><strong>cum</strong></span> <span class='ocrx_word' id='word_1_637' title='bbox 646 4545 699 4597; x_wconf 92' lang='lat' dir='ltr'><strong>in</strong></span> <span class='ocrx_word' id='word_1_638' title='bbox 738 4545 840 4599; x_wconf 89' lang='lat' dir='ltr'><strong>hac</strong></span> <span class='ocrx_word' id='word_1_639' title='bbox 870 4561 1090 4616; x_wconf 85' lang='lat' dir='ltr'><strong>quoque</strong></span> <span class='ocrx_word' id='word_1_640' title='bbox 1121 4556 1276 4616; x_wconf 90' lang='lat' dir='ltr'><strong>parte</strong></span> <span class='ocrx_word' id='word_1_641' title='bbox 1316 4561 1508 4601; x_wconf 90' lang='lat' dir='ltr'><strong>verum</strong></span> <span class='ocrx_word' id='word_1_642' title='bbox 1549 4563 1657 4602; x_wconf 93' lang='lat' dir='ltr'><strong>non</strong></span> <span class='ocrx_word' id='word_1_643' title='bbox 1691 4549 2050 4618; x_wconf 84' lang='lat' dir='ltr'><strong>perspiciam,</strong></span> 
     </span>
    </p>
   </div>
   <div class='ocr_carea' id='block_1_91' title="bbox 2156 4540 3736 4618">
    <p class='ocr_par' dir='ltr' id='par_1_91' title="bbox 2157 4540 3736 4614">
     <span class='ocr_line' id='line_1_91' title="bbox 2157 4540 3736 4614; baseline -0.003 -18"><span class='ocrx_word' id='word_1_644' title='bbox 2157 4543 2565 4613; x_wconf 84' lang='grc' dir='ltr'>πλανωμένους,</span> <span class='ocrx_word' id='word_1_645' title='bbox 2593 4544 2718 4597; x_wconf 76' lang='grc' dir='ltr'>ἀντὶ</span> <span class='ocrx_word' id='word_1_646' title='bbox 2743 4543 2842 4614; x_wconf 85' lang='grc' dir='ltr'><strong>τῆς</strong></span> <span class='ocrx_word' id='word_1_647' title='bbox 2876 4541 3270 4612; x_wconf 87' lang='grc' dir='ltr'>προσηκούσης</span> <span class='ocrx_word' id='word_1_648' title='bbox 3300 4540 3736 4612; x_wconf 84' lang='grc' dir='ltr'>ἐπανορθώσεως</span> 
     </span>
    </p>
   </div>
   <div class='ocr_carea' id='block_1_92' title="bbox 486 4635 2052 4710">
    <p class='ocr_par' dir='ltr' id='par_1_92' title="bbox 486 4635 2052 4710">
     <span class='ocr_line' id='line_1_92' title="bbox 486 4635 2052 4710; baseline 0.002 -20"><span class='ocrx_word' id='word_1_649' title='bbox 486 4635 582 4690; x_wconf 87' lang='lat' dir='ltr'><strong>sed</strong></span> <span class='ocrx_word' id='word_1_650' title='bbox 609 4636 686 4689; x_wconf 92' lang='lat' dir='ltr'><strong>uti</strong></span> <span class='ocrx_word' id='word_1_651' title='bbox 713 4651 954 4706; x_wconf 84' lang='lat' dir='ltr'><strong>semper,</strong></span> <span class='ocrx_word' id='word_1_652' title='bbox 981 4637 1177 4692; x_wconf 85' lang='lat' dir='ltr'><strong>atl&#39;ectu</strong></span> <span class='ocrx_word' id='word_1_653' title='bbox 1202 4637 1402 4692; x_wconf 87' lang='lat' dir='ltr'><strong>vitioso</strong></span> <span class='ocrx_word' id='word_1_654' title='bbox 1428 4639 1722 4694; x_wconf 67' lang='lat' dir='ltr'><strong>tranSVersi</strong></span> <span class='ocrx_word' id='word_1_655' title='bbox 1749 4641 2052 4710; x_wconf 87' lang='lat' dir='ltr'><strong>rapiantur,</strong></span> 
     </span>
    </p>
   </div>
   <div class='ocr_carea' id='block_1_93' title="bbox 486 4729 2056 4800">
    <p class='ocr_par' dir='ltr' id='par_1_93' title="bbox 486 4729 2056 4800">
     <span class='ocr_line' id='line_1_93' title="bbox 486 4729 2056 4800; baseline 0.003 -17"><span class='ocrx_word' id='word_1_656' title='bbox 486 4729 669 4798; x_wconf 90' lang='lat' dir='ltr'><strong>potius</strong></span> <span class='ocrx_word' id='word_1_657' title='bbox 705 4745 870 4798; x_wconf 89' lang='lat' dir='ltr'><strong>quam</strong></span> <span class='ocrx_word' id='word_1_658' title='bbox 910 4744 1159 4784; x_wconf 88' lang='lat' dir='ltr'><strong>errorem</strong></span> <span class='ocrx_word' id='word_1_659' title='bbox 1213 4730 1514 4800; x_wconf 87' lang='lat' dir='ltr'><strong>corrigant,</strong></span> <span class='ocrx_word' id='word_1_660' title='bbox 1548 4730 1742 4786; x_wconf 90' lang='lat' dir='ltr'><strong>eodem</strong></span> <span class='ocrx_word' id='word_1_661' title='bbox 1787 4747 1930 4786; x_wconf 90' lang='lat' dir='ltr'><strong>anno</strong></span> <span class='ocrx_word' id='word_1_662' title='bbox 1970 4731 2056 4788; x_wconf 86' lang='lat' dir='ltr'><strong>bis</strong></span> 
     </span>
    </p>
   </div>
   <div class='ocr_carea' id='block_1_94' title="bbox 485 4819 2058 4892">
    <p class='ocr_par' dir='ltr' id='par_1_94' title="bbox 485 4819 2058 4892">
     <span class='ocr_line' id='line_1_94' title="bbox 485 4819 2058 4892; baseline 0.003 -16"><span class='ocrx_word' id='word_1_663' title='bbox 485 4821 696 4876; x_wconf 87' lang='lat' dir='ltr'><strong>Pascha</strong></span> <span class='ocrx_word' id='word_1_664' title='bbox 745 4832 1034 4891; x_wconf 83' lang='lat' dir='ltr'><strong>peragunt.</strong></span> <span class='ocrx_word' id='word_1_665' title='bbox 1074 4819 1237 4890; x_wconf 77' lang='lat'><strong>585</strong></span> <span class='ocrx_word' id='word_1_666' title='bbox 1281 4820 1400 4888; x_wconf 86' lang='lat' dir='ltr'><strong>Qua</strong></span> <span class='ocrx_word' id='word_1_667' title='bbox 1445 4823 1611 4892; x_wconf 89' lang='lat' dir='ltr'><strong>igitur</strong></span> <span class='ocrx_word' id='word_1_668' title='bbox 1648 4823 1716 4878; x_wconf 90' lang='lat' dir='ltr'><strong>de</strong></span> <span class='ocrx_word' id='word_1_669' title='bbox 1759 4839 1922 4878; x_wconf 86' lang='lat' dir='ltr'><strong>causa</strong></span> <span class='ocrx_word' id='word_1_670' title='bbox 1962 4840 2058 4880; x_wconf 91' lang='lat' dir='ltr'><strong>eos</strong></span> 
     </span>
    </p>
   </div>
   <div class='ocr_carea' id='block_1_95' title="bbox 485 4912 2058 4982">
    <p class='ocr_par' dir='ltr' id='par_1_95' title="bbox 485 4912 2058 4982">
     <span class='ocr_line' id='line_1_95' title="bbox 485 4912 2058 4982; baseline 0.003 -17"><span class='ocrx_word' id='word_1_671' title='bbox 485 4927 805 4980; x_wconf 79' lang='lat' dir='ltr'><strong>sequemur,</strong></span> <span class='ocrx_word' id='word_1_672' title='bbox 840 4912 934 4980; x_wconf 88' lang='lat' dir='ltr'><strong>qui</strong></span> <span class='ocrx_word' id='word_1_673' title='bbox 962 4913 1116 4980; x_wconf 73' lang='lat' dir='ltr'><strong>gravi</strong></span> <span class='ocrx_word' id='word_1_674' title='bbox 1143 4928 1340 4966; x_wconf 73' lang='lat' dir='ltr'><strong>errore</strong></span> <span class='ocrx_word' id='word_1_675' title='bbox 1356 4928 1416 4967; x_wconf 90' lang='lat' dir='ltr'><strong>se</strong></span> <span class='ocrx_word' id='word_1_676' title='bbox 1446 4914 1755 4982; x_wconf 89' lang='lat' dir='ltr'><strong>implicatos</strong></span> <span class='ocrx_word' id='word_1_677' title='bbox 1784 4930 1907 4971; x_wconf 88' lang='lat' dir='ltr'><strong>esse</strong></span> <span class='ocrx_word' id='word_1_678' title='bbox 1933 4931 2058 4970; x_wconf 83' lang='lat' dir='ltr'><strong>con-</strong></span> 
     </span>
    </p>
   </div>
   <div class='ocr_carea' id='block_1_96' title="bbox 485 5001 2059 5072">
    <p class='ocr_par' dir='ltr' id='par_1_96' title="bbox 485 5001 2059 5072">
     <span class='ocr_line' id='line_1_96' title="bbox 485 5001 2059 5072; baseline 0.002 -14"><span class='ocrx_word' id='word_1_679' title='bbox 485 5001 748 5058; x_wconf 79' lang='lat' dir='ltr'><strong>ﬁtentur?</strong></span> <span class='ocrx_word' id='word_1_680' title='bbox 787 5002 877 5055; x_wconf 86' lang='lat' dir='ltr'><strong>Bis</strong></span> <span class='ocrx_word' id='word_1_681' title='bbox 923 5003 1179 5072; x_wconf 84' lang='lat' dir='ltr'><strong>equidem</strong></span> <span class='ocrx_word' id='word_1_682' title='bbox 1225 5004 1422 5059; x_wconf 86' lang='lat' dir='ltr'><strong>eodem</strong></span> <span class='ocrx_word' id='word_1_683' title='bbox 1465 5021 1612 5058; x_wconf 89' lang='lat' dir='ltr'><strong>anno</strong></span> <span class='ocrx_word' id='word_1_684' title='bbox 1655 5006 1863 5062; x_wconf 89' lang='lat' dir='ltr'><strong>Pascha</strong></span> <span class='ocrx_word' id='word_1_685' title='bbox 1910 5007 2059 5061; x_wconf 63' lang='lat' dir='ltr'><strong>celeo</strong></span> 
     </span>
    </p>
   </div>
   <div class='ocr_carea' id='block_1_97' title="bbox 489 5093 2058 5168">
    <p class='ocr_par' dir='ltr' id='par_1_97' title="bbox 489 5093 2058 5168">
     <span class='ocr_line' id='line_1_97' title="bbox 489 5093 2058 5168; baseline 0.004 -22"><span class='ocrx_word' id='word_1_686' title='bbox 489 5093 654 5149; x_wconf 86' lang='lat' dir='ltr'><strong>brare</strong></span> <span class='ocrx_word' id='word_1_687' title='bbox 691 5095 836 5148; x_wconf 84' lang='lat' dir='ltr'><strong>haud</strong></span> <span class='ocrx_word' id='word_1_688' title='bbox 872 5111 1112 5164; x_wconf 91' lang='lat' dir='ltr'><strong>unquam</strong></span> <span class='ocrx_word' id='word_1_689' title='bbox 1147 5097 1597 5152; x_wconf 90' lang='lat' dir='ltr'><strong>sustinuerimus.</strong></span> <span class='ocrx_word' id='word_1_690' title='bbox 1632 5099 1811 5168; x_wconf 83' lang='lat' dir='ltr'><strong>Atque</strong></span> <span class='ocrx_word' id='word_1_691' title='bbox 1845 5097 2058 5153; x_wconf 89' lang='lat' dir='ltr'><strong>etiamsi</strong></span> 
     </span>
    </p>
   </div>
   <div class='ocr_carea' id='block_1_98' title="bbox 491 5185 2057 5256">
    <p class='ocr_par' dir='ltr' id='par_1_98' title="bbox 491 5185 2057 5256">
     <span class='ocr_line' id='line_1_98' title="bbox 491 5185 2057 5256; baseline 0.004 -18"><span class='ocrx_word' id='word_1_692' title='bbox 491 5185 607 5240; x_wconf 69' lang='lat' dir='ltr'><strong>haec</strong></span> <span class='ocrx_word' id='word_1_693' title='bbox 650 5185 810 5239; x_wconf 87' lang='lat' dir='ltr'><strong>vobis</strong></span> <span class='ocrx_word' id='word_1_694' title='bbox 854 5201 965 5239; x_wconf 90' lang='lat' dir='ltr'><strong>non</strong></span> <span class='ocrx_word' id='word_1_695' title='bbox 1018 5199 1446 5256; x_wconf 80' lang='lat' dir='ltr'><strong>exponerentur,</strong></span> <span class='ocrx_word' id='word_1_696' title='bbox 1487 5193 1807 5244; x_wconf 88' lang='lat' dir='ltr'><strong>conveniret</strong></span> <span class='ocrx_word' id='word_1_697' title='bbox 1853 5200 2057 5254; x_wconf 82' lang='lat' dir='ltr'><strong>tamen,</strong></span> 
     </span>
    </p>
   </div>
   <div class='ocr_carea' id='block_1_99' title="bbox 491 5278 2064 5352">
    <p class='ocr_par' dir='ltr' id='par_1_99' title="bbox 491 5278 2064 5352">
     <span class='ocr_line' id='line_1_99' title="bbox 491 5278 2064 5352; baseline 0.004 -22"><span class='ocrx_word' id='word_1_698' title='bbox 491 5293 609 5340; x_wconf 85' lang='lat' dir='ltr'><strong>vos,</strong></span> <span class='ocrx_word' id='word_1_699' title='bbox 645 5293 743 5346; x_wconf 90' lang='lat' dir='ltr'><strong>pro</strong></span> <span class='ocrx_word' id='word_1_700' title='bbox 776 5278 978 5332; x_wconf 87' lang='lat' dir='ltr'><strong>mentis</strong></span> <span class='ocrx_word' id='word_1_701' title='bbox 1021 5291 1218 5334; x_wconf 76' lang='lat' dir='ltr'><strong>vestrae</strong></span> <span class='ocrx_word' id='word_1_702' title='bbox 1255 5281 1574 5350; x_wconf 85' lang='lat' dir='ltr'><strong>sagacitate,</strong></span> <span class='ocrx_word' id='word_1_703' title='bbox 1606 5297 1822 5352; x_wconf 88' lang='lat' dir='ltr'><strong>semper</strong></span> <span class='ocrx_word' id='word_1_704' title='bbox 1859 5291 1914 5336; x_wconf 89' lang='lat' dir='ltr'><strong>et</strong></span> <span class='ocrx_word' id='word_1_705' title='bbox 1948 5293 2064 5337; x_wconf 83' lang='lat' dir='ltr'><strong>stu-</strong></span> 
     </span>
    </p>
   </div>
   <div class='ocr_carea' id='block_1_100' title="bbox 490 5368 2063 5440">
    <p class='ocr_par' dir='ltr' id='par_1_100' title="bbox 490 5368 2063 5440">
     <span class='ocr_line' id='line_1_100' title="bbox 490 5368 2063 5440; baseline 0.004 -19"><span class='ocrx_word' id='word_1_706' title='bbox 490 5368 622 5422; x_wconf 72' lang='lat' dir='ltr'><strong>dere</strong></span> <span class='ocrx_word' id='word_1_707' title='bbox 647 5377 700 5422; x_wconf 89' lang='lat' dir='ltr'><strong>et</strong></span> <span class='ocrx_word' id='word_1_708' title='bbox 729 5379 944 5434; x_wconf 88' lang='lat' dir='ltr'><strong>optare,</strong></span> <span class='ocrx_word' id='word_1_709' title='bbox 972 5385 1040 5424; x_wconf 91' lang='lat' dir='ltr'><strong>ne</strong></span> <span class='ocrx_word' id='word_1_710' title='bbox 1070 5371 1373 5440; x_wconf 88' lang='lat' dir='ltr'><strong>cujuspiam</strong></span> <span class='ocrx_word' id='word_1_711' title='bbox 1400 5373 1763 5427; x_wconf 82' lang='lat' dir='ltr'><strong>similitudine</strong></span> <span class='ocrx_word' id='word_1_712' title='bbox 1793 5381 1848 5426; x_wconf 90' lang='lat' dir='ltr'><strong>et</strong></span> <span class='ocrx_word' id='word_1_713' title='bbox 1879 5390 2063 5426; x_wconf 76' lang='lat' dir='ltr'><strong>exem-</strong></span> 
     </span>
    </p>
   </div>
   <div class='ocr_carea' id='block_1_101' title="bbox 494 5461 2062 5534">
    <p class='ocr_par' dir='ltr' id='par_1_101' title="bbox 494 5461 2062 5534">
     <span class='ocr_line' id='line_1_101' title="bbox 494 5461 2062 5534; baseline 0.003 -20"><span class='ocrx_word' id='word_1_714' title='bbox 494 5461 585 5530; x_wconf 85' lang='lat' dir='ltr'><strong>plo</strong></span> <span class='ocrx_word' id='word_1_715' title='bbox 637 5461 928 5527; x_wconf 52' lang='lat' dir='ltr'><strong>puritatem</strong></span> <span class='ocrx_word' id='word_1_716' title='bbox 985 5463 1291 5516; x_wconf 86' lang='lat' dir='ltr'><strong>animarum</strong></span> <span class='ocrx_word' id='word_1_717' title='bbox 1345 5476 1652 5518; x_wconf 83' lang='lat' dir='ltr'><strong>vestrarum</strong></span> <span class='ocrx_word' id='word_1_718' title='bbox 1704 5465 2062 5534; x_wconf 85' lang='lat' dir='ltr'><strong>pollueretis.</strong></span> 
     </span>
    </p>
   </div>
   <div class='ocr_carea' id='block_1_102' title="bbox 496 5547 2068 5610">
    <p class='ocr_par' dir='ltr' id='par_1_102' title="bbox 496 5547 2068 5610">
     <span class='ocr_line' id='line_1_102' title="bbox 496 5547 2068 5610; baseline 0.007 -11"><span class='ocrx_word' id='word_1_719' title='bbox 496 5562 633 5600; x_wconf 83' lang='lat' dir='ltr'><strong>neve</strong></span> <span class='ocrx_word' id='word_1_720' title='bbox 681 5547 967 5602; x_wconf 90' lang='lat' dir='ltr'><strong>hominum</strong></span> <span class='ocrx_word' id='word_1_721' title='bbox 1010 5551 1189 5604; x_wconf 92' lang='lat' dir='ltr'><strong>modis</strong></span> <span class='ocrx_word' id='word_1_722' title='bbox 1229 5553 1488 5605; x_wconf 90' lang='lat' dir='ltr'><strong>omnibus</strong></span> <span class='ocrx_word' id='word_1_723' title='bbox 1532 5554 1796 5606; x_wconf 83' lang='lat' dir='ltr'><strong>malorum</strong></span> <span class='ocrx_word' id='word_1_724' title='bbox 1837 5570 2068 5610; x_wconf 84' lang='lat' dir='ltr'><strong>consue-</strong></span> 
     </span>
    </p>
   </div>
   <div class='ocr_carea' id='block_1_103' title="bbox 496 5637 2064 5716">
    <p class='ocr_par' dir='ltr' id='par_1_103' title="bbox 496 5637 2064 5716">
     <span class='ocr_line' id='line_1_103' title="bbox 496 5637 2064 5716; baseline 0.008 -27"><span class='ocrx_word' id='word_1_725' title='bbox 496 5638 744 5690; x_wconf 87' lang='lat' dir='ltr'><strong>tudinem</strong></span> <span class='ocrx_word' id='word_1_726' title='bbox 782 5637 983 5694; x_wconf 89' lang='lat' dir='ltr'><strong>imitari</strong></span> <span class='ocrx_word' id='word_1_727' title='bbox 1029 5643 1379 5697; x_wconf 87' lang='lat' dir='ltr'><strong>videremini.</strong></span> <span class='ocrx_word' id='word_1_728' title='bbox 1413 5643 1494 5698; x_wconf 83' lang='lat' dir='ltr'><strong>Ad</strong></span> <span class='ocrx_word' id='word_1_729' title='bbox 1532 5644 1648 5698; x_wconf 62' lang='lat' dir='ltr'><strong>haec</strong></span> <span class='ocrx_word' id='word_1_730' title='bbox 1678 5645 1810 5698; x_wconf 90' lang='lat' dir='ltr'><strong>illud</strong></span> <span class='ocrx_word' id='word_1_731' title='bbox 1843 5661 2064 5716; x_wconf 89' lang='lat' dir='ltr'><strong>quoque</strong></span> 
     </span>
    </p>
   </div>
   <div class='ocr_carea' id='block_1_104' title="bbox 499 5727 2066 5792">
    <p class='ocr_par' dir='ltr' id='par_1_104' title="bbox 499 5727 2066 5792">
     <span class='ocr_line' id='line_1_104' title="bbox 499 5727 2066 5792; baseline 0.006 -10"><span class='ocrx_word' id='word_1_732' title='bbox 499 5727 960 5786; x_wconf 85' lang='lat' dir='ltr'><strong>considerandum</strong></span> <span class='ocrx_word' id='word_1_733' title='bbox 992 5735 1166 5792; x_wconf 70' lang='lat' dir='ltr'><strong>venit,</strong></span> <span class='ocrx_word' id='word_1_734' title='bbox 1198 5734 1252 5788; x_wconf 87' lang='lat' dir='ltr'><strong>in</strong></span> <span class='ocrx_word' id='word_1_735' title='bbox 1289 5751 1349 5788; x_wconf 91' lang='lat' dir='ltr'><strong>re</strong></span> <span class='ocrx_word' id='word_1_736' title='bbox 1381 5745 1529 5788; x_wconf 88' lang='lat' dir='ltr'><strong>tanta</strong></span> <span class='ocrx_word' id='word_1_737' title='bbox 1574 5744 1630 5788; x_wconf 90' lang='lat' dir='ltr'><strong>et</strong></span> <span class='ocrx_word' id='word_1_738' title='bbox 1669 5746 1775 5789; x_wconf 88' lang='lat' dir='ltr'><strong>tam</strong></span> <span class='ocrx_word' id='word_1_739' title='bbox 1806 5737 2066 5790; x_wconf 80' lang='lat' dir='ltr'><strong>solemni-</strong></span> 
     </span>
    </p>
   </div>
   <div class='ocr_carea' id='block_1_105' title="bbox 502 5817 2062 5895">
    <p class='ocr_par' dir='ltr' id='par_1_105' title="bbox 502 5817 2062 5895">
     <span class='ocr_line' id='line_1_105' title="bbox 502 5817 2062 5895; baseline 0.004 -17"><span class='ocrx_word' id='word_1_740' title='bbox 502 5817 609 5878; x_wconf 73' lang='lat' dir='ltr'><strong>bus</strong></span> <span class='ocrx_word' id='word_1_741' title='bbox 647 5820 926 5894; x_wconf 84' lang='lat' dir='ltr'><strong>religionis</strong></span> <span class='ocrx_word' id='word_1_742' title='bbox 960 5837 1159 5882; x_wconf 66' lang='lat'><strong>[1081112</strong></span> <span class='ocrx_word' id='word_1_743' title='bbox 1197 5827 1373 5895; x_wconf 81' lang='lat' dir='ltr'><strong>leriis,</strong></span> <span class='ocrx_word' id='word_1_744' title='bbox 1411 5826 1811 5894; x_wconf 76' lang='lat' dir='ltr'><strong>dissensionem</strong></span> <span class='ocrx_word' id='word_1_745' title='bbox 1845 5839 2062 5885; x_wconf 72' lang='lat' dir='ltr'><strong>exstare</strong></span> 
     </span>
    </p>
   </div>
   <div class='ocr_carea' id='block_1_106' title="bbox 2157 4632 3733 4705">
    <p class='ocr_par' dir='ltr' id='par_1_106' title="bbox 2157 4632 3733 4705">
     <span class='ocr_line' id='line_1_106' title="bbox 2157 4632 3733 4705; baseline -0.002 -17"><span class='ocrx_word' id='word_1_746' title='bbox 2157 4638 2214 4689; x_wconf 90' lang='grc' dir='ltr'><strong>ἐν</strong></span> <span class='ocrx_word' id='word_1_747' title='bbox 2266 4634 2344 4705; x_wconf 83' lang='grc' dir='ltr'>τῷ</span> <span class='ocrx_word' id='word_1_748' title='bbox 2405 4635 2556 4704; x_wconf 82' lang='grc' dir='ltr'><strong>αὗτῷ</strong></span> <span class='ocrx_word' id='word_1_749' title='bbox 2612 4635 2718 4687; x_wconf 77' lang='grc' dir='ltr'>ἔτει</span> <span class='ocrx_word' id='word_1_750' title='bbox 2773 4633 3028 4704; x_wconf 85' lang='grc' dir='ltr'>δεύτερον</span> <span class='ocrx_word' id='word_1_751' title='bbox 3080 4633 3140 4686; x_wconf 74' lang='grc' dir='ltr'>τὸ</span> <span class='ocrx_word' id='word_1_752' title='bbox 3198 4633 3388 4702; x_wconf 82' lang='grc' dir='ltr'>Πάσχα</span> <span class='ocrx_word' id='word_1_753' title='bbox 3441 4632 3733 4686; x_wconf 82' lang='grc' dir='ltr'>ἐπιτελεῖν.</span> 
     </span>
    </p>
   </div>
   <div class='ocr_carea' id='block_1_107' title="bbox 2157 4721 3736 4799">
    <p class='ocr_par' dir='ltr' id='par_1_107' title="bbox 2157 4721 3736 4799">
     <span class='ocr_line' id='line_1_107' title="bbox 2157 4721 3736 4799; baseline -0.006 -19"><span class='ocrx_word' id='word_1_754' title='bbox 2157 4727 2314 4789; x_wconf 87' lang='grc' dir='ltr'>Τίνος</span> <span class='ocrx_word' id='word_1_755' title='bbox 2342 4727 2436 4780; x_wconf 80' lang='grc' dir='ltr'>οὖν</span> <span class='ocrx_word' id='word_1_756' title='bbox 2474 4726 2636 4799; x_wconf 81' lang='grc' dir='ltr'>χάριν</span> <span class='ocrx_word' id='word_1_757' title='bbox 2679 4725 2904 4789; x_wconf 87' lang='grc' dir='ltr'>τούτους</span> <span class='ocrx_word' id='word_1_758' title='bbox 2931 4725 3200 4794; x_wconf 80' lang='grc' dir='ltr'>ἑπόμεθα,</span> <span class='ocrx_word' id='word_1_759' title='bbox 3244 4724 3298 4776; x_wconf 74' lang='grc' dir='ltr'>οἳ</span> <span class='ocrx_word' id='word_1_760' title='bbox 3321 4723 3501 4792; x_wconf 70' lang='grc' dir='ltr'>δεινὴν</span> <span class='ocrx_word' id='word_1_761' title='bbox 3529 4721 3736 4788; x_wconf 84' lang='grc' dir='ltr'>πλάνην</span> 
     </span>
    </p>
   </div>
   <div class='ocr_carea' id='block_1_108' title="bbox 2158 4814 3739 4888">
    <p class='ocr_par' dir='ltr' id='par_1_108' title="bbox 2158 4814 3739 4888">
     <span class='ocr_line' id='line_1_108' title="bbox 2158 4814 3739 4888; baseline -0.004 -15"><span class='ocrx_word' id='word_1_762' title='bbox 2158 4821 2334 4873; x_wconf 88' lang='grc' dir='ltr'>νοσεῖν</span> <span class='ocrx_word' id='word_1_763' title='bbox 2368 4818 2790 4888; x_wconf 82' lang='grc' dir='ltr'>ώμολόγηνται;</span> <span class='ocrx_word' id='word_1_764' title='bbox 2834 4816 3088 4886; x_wconf 86' lang='grc' dir='ltr'>δεύτερον</span> <span class='ocrx_word' id='word_1_765' title='bbox 3115 4817 3225 4887; x_wconf 77' lang='grc' dir='ltr'><strong>γάρ</strong></span> <span class='ocrx_word' id='word_1_766' title='bbox 3260 4817 3320 4868; x_wconf 82' lang='grc' dir='ltr'>τὸ</span> <span class='ocrx_word' id='word_1_767' title='bbox 3343 4817 3534 4885; x_wconf 83' lang='grc' dir='ltr'>Πάσχα</span> <span class='ocrx_word' id='word_1_768' title='bbox 3563 4814 3620 4865; x_wconf 87' lang='grc' dir='ltr'><strong>ἐν</strong></span> <span class='ocrx_word' id='word_1_769' title='bbox 3657 4814 3739 4866; x_wconf 80' lang='grc' dir='ltr'><strong>ἐνὶ</strong></span> 
     </span>
    </p>
   </div>
   <div class='ocr_carea' id='block_1_109' title="bbox 2159 4904 3738 4980">
    <p class='ocr_par' dir='ltr' id='par_1_109' title="bbox 2159 4904 3738 4980">
     <span class='ocr_line' id='line_1_109' title="bbox 2159 4904 3738 4980; baseline -0.003 -15"><span class='ocrx_word' id='word_1_770' title='bbox 2159 4910 2390 4980; x_wconf 80' lang='grc' dir='ltr'>ἐνιαυτῷ</span> <span class='ocrx_word' id='word_1_771' title='bbox 2419 4915 2519 4963; x_wconf 82' lang='grc' dir='ltr'>οὐκ</span> <span class='ocrx_word' id='word_1_772' title='bbox 2550 4911 2615 4963; x_wconf 83' lang='grc' dir='ltr'><strong>άν</strong></span> <span class='ocrx_word' id='word_1_773' title='bbox 2658 4925 2788 4963; x_wconf 88' lang='grc' dir='ltr'>ποτε</span> <span class='ocrx_word' id='word_1_774' title='bbox 2820 4911 2995 4962; x_wconf 83' lang='grc' dir='ltr'>ποιεῖν</span> <span class='ocrx_word' id='word_1_775' title='bbox 3017 4907 3341 4976; x_wconf 78' lang='grc' dir='ltr'>ἀνεξόμεθα.</span> <span class='ocrx_word' id='word_1_776' title='bbox 3387 4904 3528 4958; x_wconf 86' lang='grc' dir='ltr'>Ἀλλ’</span> <span class='ocrx_word' id='word_1_777' title='bbox 3561 4907 3610 4958; x_wconf 85' lang='grc' dir='ltr'><strong>εί</strong></span> <span class='ocrx_word' id='word_1_778' title='bbox 3641 4907 3738 4960; x_wconf 73' lang='grc' dir='ltr'>καὶ</span> 
     </span>
    </p>
   </div>
   <div class='ocr_carea' id='block_1_110' title="bbox 2157 4997 3737 5073">
    <p class='ocr_par' dir='ltr' id='par_1_110' title="bbox 2157 4997 3737 5073">
     <span class='ocr_line' id='line_1_110' title="bbox 2157 4997 3737 5073; baseline -0.005 -16"><span class='ocrx_word' id='word_1_779' title='bbox 2157 5003 2334 5058; x_wconf 82' lang='grc' dir='ltr'>ταῦτα</span> <span class='ocrx_word' id='word_1_780' title='bbox 2375 5003 2451 5073; x_wconf 83' lang='grc' dir='ltr'>μὴ</span> <span class='ocrx_word' id='word_1_781' title='bbox 2474 5001 2789 5072; x_wconf 76' lang='grc' dir='ltr'>προύκειτο,</span> <span class='ocrx_word' id='word_1_782' title='bbox 2819 5001 2919 5069; x_wconf 82' lang='grc' dir='ltr'>τὴν</span> <span class='ocrx_word' id='word_1_783' title='bbox 2954 5000 3229 5069; x_wconf 81' lang='grc' dir='ltr'>ὑμετέραν</span> <span class='ocrx_word' id='word_1_784' title='bbox 3255 5000 3545 5069; x_wconf 79' lang='grc' dir='ltr'>ἀγχίνοιαν</span> <span class='ocrx_word' id='word_1_785' title='bbox 3567 4997 3737 5067; x_wconf 84' lang='grc' dir='ltr'>ἐχρῆν</span> 
     </span>
    </p>
   </div>
   <div class='ocr_carea' id='block_1_111' title="bbox 2161 5092 3738 5165">
    <p class='ocr_par' dir='ltr' id='par_1_111' title="bbox 2161 5092 3738 5165">
     <span class='ocr_line' id='line_1_111' title="bbox 2161 5092 3738 5165; baseline -0.006 -15"><span class='ocrx_word' id='word_1_786' title='bbox 2161 5098 2255 5150; x_wconf 83' lang='grc' dir='ltr'>καὶ</span> <span class='ocrx_word' id='word_1_787' title='bbox 2285 5094 2374 5149; x_wconf 84' lang='grc' dir='ltr'><strong>διὰ</strong></span> <span class='ocrx_word' id='word_1_788' title='bbox 2402 5095 2642 5165; x_wconf 79' lang='grc' dir='ltr'>σπουδῆς</span> <span class='ocrx_word' id='word_1_789' title='bbox 2678 5095 2773 5147; x_wconf 76' lang='grc' dir='ltr'><strong>καὶ</strong></span> <span class='ocrx_word' id='word_1_790' title='bbox 2798 5094 2867 5147; x_wconf 82' lang='grc' dir='ltr'><strong>δι’</strong></span> <span class='ocrx_word' id='word_1_791' title='bbox 2904 5093 3069 5162; x_wconf 81' lang='grc' dir='ltr'>εὐχῆς</span> <span class='ocrx_word' id='word_1_792' title='bbox 3098 5092 3242 5162; x_wconf 79' lang='grc' dir='ltr'>ἔχειν</span> <span class='ocrx_word' id='word_1_793' title='bbox 3269 5093 3522 5155; x_wconf 89' lang='grc' dir='ltr'>πάντοτε,</span> <span class='ocrx_word' id='word_1_794' title='bbox 3545 5093 3602 5142; x_wconf 87' lang='grc' dir='ltr'><strong>ἑν</strong></span> <span class='ocrx_word' id='word_1_795' title='bbox 3634 5107 3738 5159; x_wconf 77' lang='grc' dir='ltr'>μηο</span> 
     </span>
    </p>
   </div>
   <div class='ocr_carea' id='block_1_112' title="bbox 2160 5183 3739 5256">
    <p class='ocr_par' dir='ltr' id='par_1_112' title="bbox 2160 5183 3739 5256">
     <span class='ocr_line' id='line_1_112' title="bbox 2160 5183 3739 5256; baseline -0.003 -16"><span class='ocrx_word' id='word_1_796' title='bbox 2160 5188 2309 5250; x_wconf 85' lang='grc' dir='ltr'>δενδς</span> <span class='ocrx_word' id='word_1_797' title='bbox 2359 5187 2667 5256; x_wconf 84' lang='grc' dir='ltr'>ὁμοιώματι</span> <span class='ocrx_word' id='word_1_798' title='bbox 2703 5187 2762 5239; x_wconf 82' lang='grc' dir='ltr'>τὸ</span> <span class='ocrx_word' id='word_1_799' title='bbox 2808 5187 3046 5255; x_wconf 75' lang='grc' dir='ltr'>καθαρὸν</span> <span class='ocrx_word' id='word_1_800' title='bbox 3091 5188 3190 5254; x_wconf 84' lang='grc' dir='ltr'><strong>τῆς</strong></span> <span class='ocrx_word' id='word_1_801' title='bbox 3218 5186 3496 5255; x_wconf 76' lang='grc' dir='ltr'>ἡμετέρας</span> <span class='ocrx_word' id='word_1_802' title='bbox 3551 5183 3739 5253; x_wconf 68' lang='grc' dir='ltr'>ψυχῆς</span> 
     </span>
    </p>
   </div>
   <div class='ocr_carea' id='block_1_113' title="bbox 2163 5276 3741 5349">
    <p class='ocr_par' dir='ltr' id='par_1_113' title="bbox 2163 5276 3741 5349">
     <span class='ocr_line' id='line_1_113' title="bbox 2163 5276 3741 5349; baseline -0.003 -17"><span class='ocrx_word' id='word_1_803' title='bbox 2163 5282 2462 5344; x_wconf 85' lang='grc' dir='ltr'>κοινωνεῖν,</span> <span class='ocrx_word' id='word_1_804' title='bbox 2493 5280 2722 5349; x_wconf 72' lang='grc' dir='ltr'>ἢδοκεῖν</span> <span class='ocrx_word' id='word_1_805' title='bbox 2750 5279 2980 5331; x_wconf 75' lang='grc' dir='ltr'>ἕπεσθαι</span> <span class='ocrx_word' id='word_1_806' title='bbox 3011 5278 3315 5345; x_wconf 79' lang='grc' dir='ltr'>ἀνθρώπων</span> <span class='ocrx_word' id='word_1_807' title='bbox 3341 5277 3487 5330; x_wconf 72' lang='grc' dir='ltr'>ἔθεσι</span> <span class='ocrx_word' id='word_1_808' title='bbox 3518 5276 3741 5345; x_wconf 81' lang='grc' dir='ltr'>παγκά·</span> 
     </span>
    </p>
   </div>
   <div class='ocr_carea' id='block_1_114' title="bbox 2165 5367 3738 5440">
    <p class='ocr_par' dir='ltr' id='par_1_114' title="bbox 2165 5367 3738 5440">
     <span class='ocr_line' id='line_1_114' title="bbox 2165 5367 3738 5440; baseline -0.005 -14"><span class='ocrx_word' id='word_1_809' title='bbox 2165 5390 2296 5426; x_wconf 86' lang='grc' dir='ltr'>κων.</span> <span class='ocrx_word' id='word_1_810' title='bbox 2329 5373 2468 5440; x_wconf 65' lang='grc' dir='ltr'>Πρὸς</span> <span class='ocrx_word' id='word_1_811' title='bbox 2509 5370 2720 5432; x_wconf 78' lang='grc' dir='ltr'>τούτοις</span> <span class='ocrx_word' id='word_1_812' title='bbox 2768 5371 2988 5422; x_wconf 79' lang='grc' dir='ltr'>κάκεῖνο</span> <span class='ocrx_word' id='word_1_813' title='bbox 3030 5369 3264 5438; x_wconf 80' lang='grc' dir='ltr'>πάρεστι</span> <span class='ocrx_word' id='word_1_814' title='bbox 3291 5370 3546 5438; x_wconf 71' lang='grc' dir='ltr'>συνορᾷν,</span> <span class='ocrx_word' id='word_1_815' title='bbox 3578 5367 3653 5429; x_wconf 84' lang='grc' dir='ltr'><strong>ὡς</strong></span> <span class='ocrx_word' id='word_1_816' title='bbox 3680 5370 3738 5421; x_wconf 82' lang='grc' dir='ltr'><strong>ἑν</strong></span> 
     </span>
    </p>
   </div>
   <div class='ocr_carea' id='block_1_115' title="bbox 2164 5459 3743 5533">
    <p class='ocr_par' dir='ltr' id='par_1_115' title="bbox 2164 5459 3743 5533">
     <span class='ocr_line' id='line_1_115' title="bbox 2164 5459 3743 5533; baseline -0.003 -19"><span class='ocrx_word' id='word_1_817' title='bbox 2164 5461 2470 5533; x_wconf 85' lang='grc' dir='ltr'>τηλικούτῳ</span> <span class='ocrx_word' id='word_1_818' title='bbox 2522 5463 2809 5530; x_wconf 78' lang='grc' dir='ltr'>πράγματι</span> <span class='ocrx_word' id='word_1_819' title='bbox 2842 5462 2934 5512; x_wconf 78' lang='grc' dir='ltr'>καὶ</span> <span class='ocrx_word' id='word_1_820' title='bbox 2985 5459 3240 5530; x_wconf 82' lang='grc' dir='ltr'>τοιαύτης</span> <span class='ocrx_word' id='word_1_821' title='bbox 3299 5460 3592 5530; x_wconf 75' lang='grc' dir='ltr'>θρησκείας</span> <span class='ocrx_word' id='word_1_822' title='bbox 3624 5460 3743 5526; x_wconf 87' lang='grc' dir='ltr'>ἑορ-</span> 
     </span>
    </p>
   </div>
   <div class='ocr_carea' id='block_1_116' title="bbox 2165 5551 3746 5626">
    <p class='ocr_par' dir='ltr' id='par_1_116' title="bbox 2165 5551 3746 5626">
     <span class='ocr_line' id='line_1_116' title="bbox 2165 5551 3746 5626; baseline -0.003 -20"><span class='ocrx_word' id='word_1_823' title='bbox 2165 5559 2232 5626; x_wconf 82' lang='grc' dir='ltr'>τῇ</span> <span class='ocrx_word' id='word_1_824' title='bbox 2264 5554 2560 5623; x_wconf 83' lang='grc' dir='ltr'>διαφωνίαν</span> <span class='ocrx_word' id='word_1_825' title='bbox 2613 5554 2882 5622; x_wconf 82' lang='grc' dir='ltr'>ὑπάρχειν</span> <span class='ocrx_word' id='word_1_826' title='bbox 2912 5553 3060 5605; x_wconf 82' lang='grc' dir='ltr'>ἐστὶν</span> <span class='ocrx_word' id='word_1_827' title='bbox 3095 5553 3397 5606; x_wconf 75' lang='grc' dir='ltr'>ἁθεώτατον</span> <span class='ocrx_word' id='word_1_828' title='bbox 3424 5570 3436 5582; x_wconf 78' lang='grc' dir='ltr'><strong>ο</strong></span> <span class='ocrx_word' id='word_1_829' title='bbox 3474 5552 3604 5621; x_wconf 88' lang='grc' dir='ltr'>μίαν</span> <span class='ocrx_word' id='word_1_830' title='bbox 3634 5551 3746 5618; x_wconf 74' lang='grc' dir='ltr'>γὰρ</span> 
     </span>
    </p>
   </div>
   <div class='ocr_carea' id='block_1_117' title="bbox 2167 5642 3741 5717">
    <p class='ocr_par' dir='ltr' id='par_1_117' title="bbox 2167 5642 3741 5717">
     <span class='ocr_line' id='line_1_117' title="bbox 2167 5642 3741 5717; baseline -0.006 -18"><span class='ocrx_word' id='word_1_831' title='bbox 2167 5648 2300 5717; x_wconf 71' lang='grc' dir='ltr'>ἡμῖν</span> <span class='ocrx_word' id='word_1_832' title='bbox 2325 5647 2426 5714; x_wconf 83' lang='grc' dir='ltr'>τὴν</span> <span class='ocrx_word' id='word_1_833' title='bbox 2454 5647 2554 5712; x_wconf 85' lang='grc' dir='ltr'><strong>τῆς</strong></span> <span class='ocrx_word' id='word_1_834' title='bbox 2585 5646 2864 5714; x_wconf 78' lang='grc' dir='ltr'>ἡμετέρας</span> <span class='ocrx_word' id='word_1_835' title='bbox 2886 5643 3199 5714; x_wconf 81' lang='grc' dir='ltr'>ἐλευθερίας</span> <span class='ocrx_word' id='word_1_836' title='bbox 3229 5643 3465 5712; x_wconf 81' lang='grc' dir='ltr'>ἡμέραν,</span> <span class='ocrx_word' id='word_1_837' title='bbox 3489 5642 3741 5708; x_wconf 77' lang='grc' dir='ltr'>τουτέστι</span> 
     </span>
    </p>
   </div>
   <div class='ocr_carea' id='block_1_118' title="bbox 2165 5734 3744 5806">
    <p class='ocr_par' dir='ltr' id='par_1_118' title="bbox 2165 5734 3744 5806">
     <span class='ocr_line' id='line_1_118' title="bbox 2165 5734 3744 5806; baseline -0.005 -15"><span class='ocrx_word' id='word_1_838' title='bbox 2165 5738 2260 5791; x_wconf 82' lang='grc' dir='ltr'>τοῦ</span> <span class='ocrx_word' id='word_1_839' title='bbox 2285 5737 2588 5805; x_wconf 84' lang='grc' dir='ltr'>άγιωτάτου</span> <span class='ocrx_word' id='word_1_840' title='bbox 2613 5736 2840 5803; x_wconf 82' lang='grc' dir='ltr'>πάθους,</span> <span class='ocrx_word' id='word_1_841' title='bbox 2871 5736 2897 5786; x_wconf 85' lang='grc' dir='ltr'>ὁ</span> <span class='ocrx_word' id='word_1_842' title='bbox 2917 5736 3182 5806; x_wconf 75' lang='grc' dir='ltr'>ἡμέτερος</span> <span class='ocrx_word' id='word_1_843' title='bbox 3209 5735 3488 5804; x_wconf 73' lang='grc' dir='ltr'>παρέδωκε</span> <span class='ocrx_word' id='word_1_844' title='bbox 3513 5734 3702 5801; x_wconf 80' lang='grc' dir='ltr'>Σωτήρ</span> <span class='ocrx_word' id='word_1_845' title='bbox 3728 5746 3744 5783; x_wconf 80' lang='lat'><strong>°.</strong></span> 
     </span>
    </p>
   </div>
   <div class='ocr_carea' id='block_1_119' title="bbox 2173 5809 3750 5903">
    <p class='ocr_par' dir='ltr' id='par_1_119' title="bbox 2173 5809 3750 5903">
     <span class='ocr_line' id='line_1_119' title="bbox 2173 5809 3750 5903; baseline -0.002 -21"><span class='ocrx_word' id='word_1_846' title='bbox 2173 5829 2302 5903; x_wconf 75' lang='grc' dir='ltr'>μίαν</span> <span class='ocrx_word' id='word_1_847' title='bbox 2331 5825 2472 5885; x_wconf 76' lang='grc' dir='ltr'>εἶναι</span> <span class='ocrx_word' id='word_1_848' title='bbox 2507 5827 2606 5900; x_wconf 76' lang='grc' dir='ltr'>τὴν</span> <span class='ocrx_word' id='word_1_849' title='bbox 2638 5827 2934 5899; x_wconf 79' lang='grc' dir='ltr'>καθολικὴν</span> <span class='ocrx_word' id='word_1_850' title='bbox 2965 5809 3130 5882; x_wconf 76' lang='grc' dir='ltr'>αὐτού</span> <span class='ocrx_word' id='word_1_851' title='bbox 3197 5825 3524 5896; x_wconf 56' lang='grc' dir='ltr'>Ἐκκλησίαν</span> <span class='ocrx_word' id='word_1_852' title='bbox 3557 5821 3750 5896; x_wconf 58' lang='grc' dir='ltr'><strong>βεὸού-η</strong></span> 
     </span>
    </p>
   </div>
  </div>
