4118 6468
380 358 450 422 97

1303 347 1916 413 ECCLESIAS’IICM
1960 347 2363 410 IllSTORI/E
2406 347 2557 412 LIB.
2601 348 2770 411 VIII.

3599 353 3671 416 93

377 472 575 545 ληται·
605 461 672 539 ἦς
697 466 747 519 εἰ
796 466 888 520 καὶ
927 462 995 519 τὰ
1033 462 1272 537 μάλιστα
1327 465 1411 528 εἰς
1473 460 1707 525 πολλούς
1763 478 1825 514 τε
1883 462 1980 516 καὶ

2085 463 2350 532 aliquam,
2383 463 2546 534 longe
2586 477 2708 519 esse
2751 459 3165 532 impiissimum.
3209 462 3389 520 Unum
3435 480 3674 536 namque

380 563 669 632 διαφόρους
707 559 911 623 τόπους
946 557 1015 612 τὰ
1041 558 1185 628 μέρη
1215 555 1538 627 διῄρηνται,
1569 556 1686 610 an?
1716 559 1867 628 ὅμως
1892 555 1977 609 ἐνὶ

385 656 681 727 πνεύματι,
734 653 985 707 τουτέστι
1021 650 1099 721 τῷ
1133 650 1263 721 θείῳ
1321 650 1625 721 βουλήματι
1682 650 1973 706 θάλπεται.

384 747 703 818 Λογισὰοθω
731 746 789 799 δὲ
835 746 869 816 ἡ
926 747 1026 815 τῆς
1066 743 1342 815 ὑμετέρας
1375 743 1655 812 ὁσιότητος
1700 743 1973 813 ἀγχίνοια,

382 841 531 903 ὅπως
571 840 688 894 ἐστὶ
745 837 916 893 δεινόν
945 853 1005 889 τε
1059 836 1155 890 καὶ
1196 834 1447 906 ἀπρεπὲς
1477 836 1622 889 κατὰ
1664 835 1764 899 τὰς
1807 833 1979 899 αὐτὰς

382 933 598 1003 ⁴ἡμέρας
632 930 853 1001 ἐτέρους
891 928 991 998 μὲν
1016 929 1139 992 ταῖς
1170 920 1454 998 νηστείαις
1504 926 1819 997 σχολάζειν,
1851 926 1976 980 ὲτέ·

386 1042 513 1095 ρους
547 1025 602 1077 δὲ
624 1023 899 1093 συμπόσια
929 1021 1105 1075 τελεῖν
1133 1037 1149 1053 ·
1186 1021 1280 1074 καὶ⁵
1312 1021 1452 1090 μετὰ
1506 1020 1605 1084 τὰς
1654 1019 1749 1072 τοῦ
1788 1019 1980 1090 Πάσχα

388 1120 493 1190 ημέ
506 1135 602 1186 ρας
624 1116 816 1179 ἄλλους
845 1115 945 1186 μὲν
968 1115 1185 1187 ἑορταῖς
1204 1114 1300 1167 καὶ
1316 1114 1568 1167 ἀνέσεσιν
1597 1112 1976 1180 ἐξετάζεσθαι,

386 1212 578 1275 ἄλλους
619 1210 674 1264 δὲ
733 1211 859 1273 ταῖς
917 1208 1253 1281 ὡρισμέναις
1314 1207 1630 1262 ἐκδεδόσθαι
1676 1207 1975 1277 νηστείαις.

389 1306 483 1357 Διὰ
496 1302 670 1358 ταῦτα
694 1302 825 1370 γοῦν
856 1300 951 1370 τῆς
1003 1300 1396 1372 προσηκούσης
1424 1296 1860 1367 ἐπανορθώσειιις
1888 1313 1982 1372 τυ-

387 1398 525 1466 χεῖν,
583 1393 677 1446 καὶ
708 1369 851 1461 πρὸς
906 1369 1060 1460 μίαν⁷
1087 1389 1423 1443 διατύπωσιν
1463 1388 1694 1456 ἄγεσθαι
1734 1369 1915 1451 τοῦτο,
1945 1387 1980 1457 ἡ
2013 1394 2019 1401 “

386 1486 508 1541 θεία
544 1485 773 1555 πρόνοια
802 1484 1054 1556 βούλεται
1084 1499 1099 1514 ·
1128 1482 1204 1546 ὡς
1252 1481 1432 1551 ἔγωγε
1464 1480 1695 1544 ἀπαθῶς
1743 1479 1977 1550 συνορῶ.

389 1581 557 1635 ’Ὅθεν
586 1578 774 1648 ἐπειδὴ
804 1576 963 1630 τοῦτο
987 1575 1162 1638 οὕτως
1186 1573 1633 1645 ἐπανορθοῦσθαι
1677 1574 1977 1642 προσήκει,

388 1675 466 1738 ὡς
497 1674 661 1744 μηδὲν
695 1672 836 1742 μετὰ
872 1671 981 1724 τῶν
1015 1669 1404 1741 Κυριοκτὸνων
1433 1662 1575 1721 εἶναι
1623 1668 1830 1730 κοινὸν,
1860 1666 1995 1720 ἐστι

388 1782 452 1818 τε
472 1765 622 1829 τάξις
649 1760 953 1834 εὐπρεπὴς,
988 1761 1056 1832 ἢν
1100 1761 1309 1814 ἅπασαι
1347 1759 1456 1812 τῶν
1506 1757 1739 1811 δυτικῶν
1778 1774 1837 1811 τε
1887 1756 1981 1809 καὶ

398 1855 785 1928 μεσημϐρινῶν
834 1855 931 1908 καὶ
961 1853 1229 1924 ἀρκτῴων
1259 1849 1361 1921 τῆς
1418 1847 1752 1919 οἰκουμένης
1795 1848 1980 1916 μερῶν

393 1949 913 2019 παραφυλάττουσιν
943 1947 998 2001 αἱ
1034 1942 1324 2013 ἐκκλησίαι
1343 1957 1360 1975 ο
1394 1942 1490 1995 καί
1521 1958 1668 2005 τινες
1697 1942 1808 1993 τῶν
1837 1940 1981 1996 κατὰ

392 2040 677 2113 τὴνἝῴαν
700 2038 902 2104 τόπων,
927 2029 1002 2091 ὧν
1034 2035 1221 2088 ἕνεκεν
1244 2034 1336 2087 ἐπὶ
1366 2032 1464 2088 τοῦ
1494 2033 1760 2105 παρόντος
1799 2031 1982 2095 καλῶς

393 2131 539 2202 ἔχειν
576 2132 813 2192 ἅπαντες
831 2127 1154 2199 ἡγήσαντο*
1197 2125 1288 2179 καὶ
1315 2123 1475 2189 αὐτὸς
1526 2124 1583 2178 δὲ
1609 2126 1676 2194 τῇ
1738 2123 1979 2193 ὑμετέρᾳ

394 2221 644 2292 ἀγχινοίᾳ
688 2219 910 2291 ἁρέσειν
936 2216 1256 2289 ὑπεσχόμην
1281 2227 1298 2245 ⁶
1345 2215 1433 2268 ἵνα
1472 2214 1611 2287 ὅπερ
1657 2214 1792 2268 δ’ἂν
1837 2212 1981 2266 κατὰ

397 2313 499 2384 τὴν
542 2310 830 2381 Ῥωμαίων
885 2309 1063 2375 πόλιν,
1131 2306 1362 2362 Ἰταλίαν
1419 2323 1480 2360 τε
1549 2309 1646 2361 καὶ
1712 2305 1979 2376 ’Λφρικὴν

393 2405 630 2471 ἃπασαν,
659 2403 959 2473 Αἴγυπτον,
1001 2400 1303 2466 Ἱσπανίας,
1336 2398 1593 2461 Γαλλίας,
1625 2396 1976 2468 Βρεταννίας,

393 2496 777 2565 Λιϐύας.δλῃν
837 2494 1088 2558 Ἐλλάδα,
1136 2492 1394 2564 Ἀσιανὴν
1443 2509 1502 2544 τε
1532 2490 1828 2560 διοίκησιν,
1881 2489 1978 2543 καὶ

395 2588 683 2660 Ποντικὴν,
714 2588 805 2641 καὶ
833 2585 1106 2646 Κιλικίαν.
1137 2585 1237 2656 μιᾷ
1264 2585 1358 2636 καὶ
1397 2581 1678 2653 συμφώνῳ
1705 2581 1982 2651 φυλάττη-

393 2699 483 2736 ται
511 2679 731 2751 γνώμῃ.
764 2680 1020 2751 ἀσμένως
1048 2680 1210 2731 τοῦτο
1239 2676 1337 2730 καὶ
1367 2677 1401 2746 ἡ
1440 2674 1684 2746 ὑμετέρα
1739 2673 1978 2743 προσδέ-

396 2771 551 2842 ξηται
612 2770 855 2833 σύνεσις,
909 2765 1261 2839 λογιζομένη,
1317 2765 1395 2830 ὡς
1432 2768 1494 2820 οὐ
1559 2765 1723 2835 μόνον
1775 2764 1979 2818 πλείων

397 2865 546 2915 ἐστὶν
568 2863 595 2915 δ
633 2861 744 2913 τῶν
772 2859 911 2913 κατὰ
937 2859 1063 2921 τοὺς
1084 2856 1524 2928 προειρημένους
1542 2857 1745 2919 τόπους
1774 2856 1977 2925 ἐκκλη-

397 2951 526 3003 σιῶν
568 2949 823 3020 ἀριθμὺς,
882 2947 1018 3002 ἀλλὰ
1072 2946 1168 3001 καὶ
1193 2946 1270 3011 ὡς
1326 2944 1486 2999 τοῦτο
1539 2945 1778 3015 μάλιστα
1821 2946 1975 3016 κοινῇ

398 3043 603 3106 πάντας
634 3040 931 3095 ὀσιὼτατὸν
961 3043 1078 3093 ἐστι
1113 3038 1407 3112 βούλεσθαι
1427 3054 1441 3069 ⁸
1472 3039 1610 3108 ὅπερ
1642 3040 1736 3092 καὶ
1765 3040 1975 3108 δ-ὰκριο

2014 1815 2054 1869 Β

2084 557 2247 610 nobis
2291 555 2567 611 libertatis
2613 565 2782 625 atque
2824 555 3228 625 redemptionis
3262 565 3465 612 nostrae
3501 559 3672 621 diem,

2081 649 2450 705 sanctissima:
2479 649 2699 705 scilicet
2728 649 3004 720 passionis
3036 665 3169 713 suae,
3201 650 3459 706 Salvator
3485 667 3675 707 nostr

2081 739 2257 794 dedit.
2294 740 2467 795 Unam
2513 756 2632 797 esse
2669 741 3001 797 catholicam
3044 756 3195 796 suam
3244 743 3548 798 Ecclesiam
3579 761 3677 797 vn-

2081 834 2183 888 luit
2215 851 2229 887 :
2259 834 2419 903 cujus
2451 833 2668 888 tametsi
2706 842 2894 903 partes
2926 834 2980 886 in
3013 832 3204 886 multis
3233 835 3515 904 variisque
3546 845 3675 889 sunt

2081 925 2349 996 dispersae
2394 927 2554 989 locis,
2586 942 2700 980 uno
2735 926 2917 980 tamen
2954 926 3176 994 spiritu,
3207 927 3312 982 hoc
3346 935 3453 989 est,
3486 927 3677 982 divino

2084 1021 2320 1076 arbitrio
2372 1019 2615 1075 fovetur.
2653 1019 2986 1075 Consideret
3026 1036 3197 1090 porro
3235 1020 3551 1076 sanctitatis
3583 1037 3681 1075 ve-

2083 1126 2210 1169 strae
2259 1113 2487 1170 solertia
2535 1128 2699 1184 quam
2751 1128 2919 1183 grave
2966 1113 3040 1167 sit
3086 1122 3145 1168 et
3189 1112 3540 1178 indecorum,
3579 1129 3679 1183 per

2082 1206 2309 1262 eosdem
2346 1205 2487 1273 dies,
2523 1205 2665 1259 alios
2705 1205 2930 1275 quidem
2968 1204 3199 1276 jejuniis
3247 1204 3491 1260 intentos
3530 1218 3674 1269 esse,

2082 1300 2223 1355 alios
2274 1313 2410 1353 vero
2472 1296 2750 1353 conviviis
2810 1311 3047 1360 vacare;
3104 1306 3158 1351 et
3211 1306 3339 1367 post
3390 1295 3681 1352 Paschalis

2083 1392 2223 1458 dies,
2253 1391 2353 1445 hos
2388 1389 2615 1461 quidem
2653 1388 2845 1444 feriari
2883 1399 2937 1444 et
2968 1388 3395 1458 conquiescere,
3425 1388 3552 1443 illos
3582 1404 3680 1459 au-

2085 1496 2195 1540 tem
2220 1483 2385 1538 statis
2405 1481 2635 1587 jciuaiis
2660 1484 2953 1535 macerari.
2986 1480 3337 1550 Quapropter
3363 1479 3505 1533 hanc
3534 1494 3677 1542 rem,

2084 1569 2184 1648 pro
2217 1592 2284 1631 eo
2306 1569 2480 1646 atque?
2504 1575 2664 1629 decet
2683 1572 2911 1644 corrigi,
2933 1582 3099 1643 atque
3133 1572 3197 1626 ad
3245 1586 3416 1625 unum
3454 1571 3681 1625 institu-

2086 1680 2202 1725 tum
2241 1669 2585 1737 formamque
2621 1665 2878 1737 perduci,
2913 1665 3105 1721 divina
3139 1665 3259 1719 vult
3299 1664 3675 1733 providentia.

2084 1775 2351 1838 quantum
2399 1763 2660 1834 equidem
2701 1772 2859 1817 extra
2894 1776 3115 1815 omnem
3155 1760 3417 1815 atl‘ectum
3461 1760 3678 1830 positus

2087 1858 2388 1930 perspicio.
2423 1856 2613 1926 Itaque
2643 1870 2768 1908 cum
2801 1855 2904 1910 hoc
2930 1853 3012 1911 sic
3045 1853 3329 1923 corrigere
3357 1851 3677 1914 conveniat,

2086 1968 2153 2007 ne
2184 1952 2316 2023 quid
2352 1951 2514 2006 nobis
2545 1966 2670 2005 cum
2707 1948 2923 2005 Domini
2959 1947 3389 2019 percussoribus
3420 1946 3493 2001 sit
3523 1963 3678 2000 com-

2085 2055 2277 2101 mune,
2315 2049 2372 2093 et
2408 2041 2609 2094 dect-ns
2655 2046 2839 2092 exstet
2880 2039 3039 2101 ordo,
3072 2052 3237 2105 quem
3276 2050 3473 2090 omnes
3515 2034 3677 2090 Orci-

2084 2132 2415 2198 dentalium,
2441 2144 2496 2186 et
2524 2129 2996 2195 Meridionalium,
3026 2127 3679 2197 Septemrionaliumqtn:

2083 2222 2412 2278 habitabilis
2451 2222 2608 2277 orbis
2651 2219 2895 2290 partium
2931 2219 3215 2278 Ecclesia).
3249 2226 3305 2272 et
3336 2216 3674 2285 quibusdam

2082 2330 2309 2386 quoque
2346 2313 2400 2369 in
2439 2313 2579 2367 locis
2610 2310 2924 2367 Orientales
2958 2310 3280 2374 observant,
3311 2323 3376 2361 ea
3407 2308 3475 2362 de
3504 2322 3675 2362 causa

2085 2410 2139 2481 in
2180 2407 2479 2478 praesentia
2525 2405 2787 2461 omnibus
2834 2405 3138 2460 convenire
3172 2404 3354 2457 visum
3386 2413 3493 2467 est,
3528 2403 3678 2473 ipsc-

2082 2515 2191 2573 que
2235 2499 2376 2555 adeo
2426 2498 2482 2552 id
2534 2496 2778 2553 solertia:
2812 2504 3012 2551 vestrae
3058 2495 3389 2565 placiturum
3425 2508 3552 2549 esse
3587 2509 3678 2548 rc-

2082 2592 2226 2664 cepi,
2260 2600 2322 2646 ut
2351 2589 2500 2662 quod
2537 2604 2638 2660 per
2672 2589 2866 2644 urbem
2904 2589 3231 2652 Romanam,
3264 2587 3492 2650 Italiam,
3526 2586 3675 2640 Afri-

2081 2702 2202 2742 cam
2232 2688 2479 2751 omnem,
2508 2682 2831 2755 Egyptum,
2860 2681 3172 2753 Hispanias,
3206 2680 3433 2746 Gallias,
3459 2679 3677 2736 Britan-

2084 2779 2224 2842 nias,
2271 2778 2526 2843 Libyam,
2565 2785 2824 2832 cunctam
2865 2774 3158 2836 Grazciam,
3199 2773 3459 2829 Asianam
3505 2784 3675 2844 atque

2081 2869 2370 2925 Ponticam
2401 2866 2694 2929 ditionem,
2721 2876 2778 2920 ct
2807 2864 3083 2928 Ciliciam,
3111 2880 3221 2919 uno
3243 2876 3410 2934 atque
3441 2880 3676 2920 consen-

2083 2958 2244 3015 tienti
2285 2970 2540 3014 servatur
2586 2958 2845 3019 consilio,
2887 2956 2942 3011 id
2988 2956 3233 3011 libenter
3272 2972 3491 3027 quoque
3535 2973 3671 3027 pru-

2082 3049 2270 3104 dentia
2323 3057 2507 3103 vestra
2561 3048 2846 3117 suscipiat,
2892 3063 3084 3104 secum
3135 3047 3252 3116 ipsa
3292 3050 3675 3118 perpendens,

395 3137 495 3206 θὴς
533 3137 787 3190 ἀπαιτεῖν
810 3135 960 3188 δοκεῖ
982 3134 1177 3202 λόγος’
1223 3135 1317 3187 καὶ
1373 3133 1633 3202 οὐδεμίαν
1677 3133 1822 3202 μετά
1871 3133 1974 3202 τῆς

2084 3157 2190 3197 ηοη
2226 3142 2389 3196 modo
2416 3141 2742 3213 ampliorem
2772 3155 2896 3195 esse
2932 3139 3312 3196 Ecclesiarum
3348 3143 3401 3195 in
3432 3142 3514 3196 eis
3545 3158 3677 3213 qua:

408 3228 678 3282 Ἰουδαίων
743 3224 1034 3295 ἐπιορκίας
1078 3224 1229 3294 ἔχειν
1271 3224 1582 3279 κοινωνίαν.
1640 3225 1759 3276 Ἵνα
1807 3223 1863 3275 δὲ
1915 3224 1977 3276 τὸ

398 3320 935 3389 κεφαλαιωδέστατον
999 3322 1284 3387 συντόμως
1345 3317 1510 3383 εῐπω,
1558 3319 1714 3388 κοινῇ
1757 3318 1978 3372 πάντων

398 3414 559 3485 ἦρεσε
587 3413 788 3485 κρίσει,
818 3410 915 3481 τὴν
948 3411 1262 3479 ἁγιωτάτην
1292 3410 1386 3463 τοῦ
1421 3410 1615 3479 Πάσχα
1649 3409 1845 3480 ἑορτὴν
1878 3410 1981 3481 μιᾷ

404 3508 500 3559 καὶ
522 3508 587 3576 τῇ
618 3506 758 3575 αὐτῇ
789 3503 973 3574 ἡμέρᾳ
1008 3502 1405 3555 συντελεῖσθαι.
1465 3501 1601 3556 Οὐδὲ
1630 3501 1740 3572 γὰρ
1774 3502 1979 3574 πρέπει

403 3601 461 3661 εν
490 3597 713 3668 τοιαύτη
737 3596 987 3665 ἁγιότητι
1019 3591 1161 3648 εἷναί
1193 3611 1318 3648 τινα
1367 3593 1632 3664 διαφοράν
1661 3606 1679 3625 ο
1732 3593 1829 3648 καὶ
1854 3593 1983 3647 κάλ-

407 3689 518 3741 λιον
549 3687 778 3741 ἕπεσθαι
826 3688 892 3757 τῇ
927 3685 1122 3756 γνώμῃ
1158 3684 1355 3755 ταύτῃ,
1386 3686 1445 3738 ὲν
1542 3683 1772 3755 οὐδεμία
1824 3682 1980 3737 ἔσται

404 3780 687 3850 ἀλλοτρίας
718 3777 928 3846 πλάνης
971 3780 1065 3830 καὶ
1096 3778 1497 3845 ἀμαρ.ήματος
1538 3776 1814 3845 ἐπιμιξία.
1845 3775 1984 3828 Τού-

401 3890 509 3926 των
531 3872 701 3935 οὖτως
730 3871 985 3942 ἑχόντων,
1017 3871 1273 3939 ἀσμένως
1331 3869 1554 3940 δέχεσθε
1590 3873 1690 3936 τὴν
1719 3869 1980 3941 οὐρανίαν

400 3965 496 4016 καὶ
518 3962 665 4016 θείαν
698 3963 773 4024 ὡς
800 3962 1017 4030 ἀληθῶς
1049 3961 1291 4032 ἐντολήν.
1331 3963 1449 4014 Πᾶν
1484 3964 1593 4033 γὰρ
1615 3963 1643 4016 ὃ
1664 3978 1716 4016 τι
1737 3961 1782 4015 δ’
1826 3962 1894 4016 ἂν
1922 3964 1981 4015 ἐν

402 4063 515 4123 τοξ
567 4060 743 4128 ἁγίους
773 4059 883 4111 τῶν
931 4058 1250 4111 ἐπισκόπων
1311 4057 1611 4126 συνεδρίοις
1651 4056 1980 4128 πράττηται,

405 4156 562 4206 τοῦτο
589 4154 722 4224 πρὸς
756 4153 855 4222 τὴν
909 4152 1060 4205 θείαν
1095 4150 1344 4221 βούλεσιν
1382 4150 1494 4220 ἔχει
1525 4148 1624 4219 τὴν
1678 4149 1978 4219 ἀναφοράν.

406 4248 498 4302 Διὸ
528 4248 661 4300 πᾶσι
690 4250 800 4309 τοῖς
835 4247 1140 4316 ἀγαπητοῖς
1171 4244 1332 4314 ἡμῶν
1364 4243 1615 4311 ἀδελφοῖς
1641 4245 1984 4312 ἐμφανίσαν-

409 4352 500 4398 τες
536 4334 603 4387 τὰ
638 4335 1134 4405 προγεγραμμένα,
1169 4333 1270 4404 ηδη
1318 4332 1413 4388 καὶ
1455 4333 1547 4387 τὸν
1579 4333 1986 4405 προειρημένον

406 4429 565 4499 λόγον
595 4429 690 4482 καὶ
716 4430 816 4498 τὴν
842 4428 1225 4499 παρατήρησιν
1257 4430 1356 4498 τῆς
1402 4428 1717 4496 ἁγιωτάτης
1763 4424 1984 4496 ἡμέρας

2079 3238 2321 3291 diximus
2365 3235 2503 3289 locis
2545 3249 2863 3298 numerum,
2901 3249 3095 3291 verum
3128 3235 3295 3292 etiam
3329 3234 3477 3291 idem
3513 3251 3672 3291 com-

2082 3329 2328 3385 muniter
2353 3341 2549 3387 omnes
2577 3327 2788 3383 sentire
2816 3337 2873 3382 et
2903 3327 3069 3395 vel-le,
3096 3342 3219 3383 esse
3242 3344 3409 3399 quam
3439 3330 3674 3384 sanctis-

2080 3418 2306 3473 simum.
2340 3417 2485 3484 Quin
2516 3425 2576 3473 et
2612 3417 2862 3472 strictior
2894 3416 3015 3487 ipsa
3048 3427 3216 3488 atque
3246 3419 3497 3475 exactior
3529 3420 3672 3475 ratio

2082 3512 2331 3585 ﬂagitare
2368 3512 2609 3579 videtur,
2644 3511 2810 3585 586
2848 3527 2918 3568 ne
2949 3529 3058 3584 qua
3094 3513 3259 3570 nobis
3296 3514 3371 3570 sit
3411 3528 3536 3570 cum
3568 3514 3670 3570 Ju-

2082 3606 2329 3662 daeorum
2376 3605 2624 3677 perjurio
2665 3605 3009 3663 communio.
3049 3602 3115 3658 Et
3149 3615 3212 3660 ut
3251 3611 3472 3660 tandem
3515 3620 3673 3659 suni-

2083 3714 2229 3757 mam
2274 3699 2354 3754 rei
2396 3698 2642 3753 breviter
2671 3697 2851 3752 dicam
2888 3714 2901 3751 :
2931 3698 3215 3754 communi
3251 3699 3495 3752 omnium
3522 3697 3674 3768 judi-

2082 3789 2171 3845 cio
2197 3789 2430 3859 placuit,
2465 3788 2851 3843 sanctissimas
2883 3787 3171 3844 Paschalis
3210 3787 3401 3854 ferias,
3434 3803 3545 3844 uno
3577 3806 3677 3845 eo-

2083 3880 2323 3951 demque
2363 3878 2452 3936 die
2495 3879 2708 3951 peragi.
2753 3880 2977 3936 Minime
3031 3874 3272 3951 namque
3311 3880 3471 3936 decet
3510 3881 3567 3936 in
3611 3899 3678 3937 re

2086 3983 2196 4028 tam
2227 3982 2418 4031 sancta
2455 3960 2700 4043 aliquam
2729 3981 2950 4029 exstare
2979 3972 3412 4030 dissensionem.
3448 3976 3516 4031 Et
3550 3978 3674 4047 pul-

2085 4064 2278 4121 chrius
2308 4073 2395 4121 est
2427 4079 2547 4120 eam
2581 4064 2737 4135 sequi
2786 4065 3149 4131 sententiam,
3177 4066 3231 4121 in
3266 4082 3375 4137 qua
3415 4068 3568 4124 nulla
3597 4071 3674 4125 sit

2085 4156 2252 4212 alieni
2305 4157 2516 4213 erroris
2556 4165 2612 4213 et
2653 4157 2865 4227 peccati
2916 4159 3195 4230 contagio.
3222 4158 3301 4215 Ac
3341 4176 3467 4216 cum
3504 4161 3577 4217 ita
3611 4178 3675 4219 se

2089 4264 2179 4305 res
2207 4250 2434 4318 habeat,
2468 4250 2778 4306 libentibus
2805 4249 3009 4307 animis
3047 4253 3274 4310 caeleste
3310 4254 3416 4310 hoc
3445 4264 3501 4310 et
3540 4272 3677 4314 vero

2087 4340 2340 4396 divinum
2382 4341 2654 4411 suscipite
2698 4352 3062 4412 praeceptum.
3096 4345 3376 4416 Quidquid
3418 4349 3567 4403 enim
3617 4351 3675 4405 in

2088 4434 2297 4489 sanctis
2350 4434 2737 4504 episcoporum
2791 4434 2976 4505 agitur
3047 4437 3444 4503 conventibus,
3497 4438 3549 4494 id
3602 4440 3672 4494 ad

406 4520 760 4591 ὑποδέχεσθαί
789 4537 849 4573 τε
878 4522 972 4573 καὶ
999 4520 1305 4575 διατάττειν
1329 4520 1574 4589 ὀφείλετε
1602 4536 1617 4551 σ
1652 4519 1739 4573 ῐνα
1765 4519 1982 4573 ἐπειδὰν

2092 4525 2337 4580 divinam
2372 4525 2613 4581 refertur
2642 4525 3007 4581 voluntatem.
3049 4526 3240 4597 Itaque
3272 4528 3356 4584 eis
3384 4546 3505 4599 quas
3534 4533 3675 4587 srri-

407 4615 545 4683 πρὸς
575 4614 676 4684 τὴν
708 4614 878 4668 πάλαι
936 4630 1027 4683 μοι
1059 4611 1403 4683 ποθουμένην
1437 4613 1538 4683 τῆς
1565 4612 1840 4683 ὑμετέρας
1873 4611 1989 4666 δια-

404 4710 605 4772 θέσεως
627 4708 747 4779 δψιν
795 4709 1102 4778 ἀφίκωμαι,
1154 4709 1211 4760 ὲν
1244 4707 1346 4778 μιᾷ
1397 4706 1489 4760 καὶ
1533 4709 1600 4777 τῇ
1630 4707 1767 4778 αὐτῇ
1803 4705 1988 4778 ᾑμέρᾳ

404 4803 505 4873 τὴν
538 4803 699 4870 ἁγίαν
727 4802 848 4872 μεθ’
912 4801 1067 4873 ὑμῶν
1128 4800 1328 4872 ἑορτὴν
1386 4800 1698 4854 ἐπιτελέσαι
1746 4799 1982 4870 δυνηθῶ,

407 4897 501 4949 καὶ
540 4896 756 4950 πάντων
804 4895 992 4949 ἕνεκεν
1042 4894 1163 4967 μεθ’
1197 4894 1352 4965 ὐμῶν
1383 4893 1685 4965 εὐδοκήσω,
1741 4894 1983 4971 συνορῶν
2019 4948 2026 4957 ,

405 4991 505 5061 τὴν
527 4988 840 5053 διαϐολικὴν
873 4988 1133 5058 ὠμότητα
1181 4986 1288 5040 ὑπὸ
1334 4987 1637 5059 τῆς-θείας
1698 4987 1986 5056 δυνάμεως

404 5083 494 5137 διὰ
516 5082 623 5135 τῶν
649 5083 934 5153 ἡμετέρων
989 5079 1246 5152 πράξεων
1284 5078 1665 5151 ἀνῃρημένην,
1700 5079 1985 5150 ἀκμαζού-

405 5192 505 5246 σης
558 5174 834 5247 πανταχοῦ
864 5177 962 5243 τῆς
994 5175 1266 5244 ὑμετέρας
1305 5176 1546 5237 πίστεως
1606 5175 1703 5227 καὶ
1757 5176 1986 5247 εἰρήνης

404 5271 501 5323 καὶ
559 5272 837 5340 ὁμονοίας.
889 5266 951 5323 '0
992 5268 1123 5332 Θεὸς
1158 5267 1306 5337 ὑμᾶς
1360 5265 1713 5338 διαφυλάξαι,
1765 5268 1986 5338 ἀδελφοὶ

307 5401 317 5407 .
378 5362 699 5432 ,ἀγαπητοί
735 5379 760 5417 ›

480 5630 683 5689 ’Ὂποῖα
711 5634 767 5688 δὲ
795 5635 894 5688 καὶ
945 5634 1066 5688 κατ’
1123 5633 1341 5707 ’Δρείου
1398 5635 1492 5689 καὶ
1520 5634 1633 5690 τῶν
1661 5637 1985 5707 ὁμοφρονων

408 5728 602 5801 ἐκείνῳ
622 5729 824 5802 γράφει
852 5730 966 5795 τοῖς
992 5729 1271 5801 πανταχοῦ
1313 5731 1638 5795 ἐπισκόποις
1681 5732 1777 5786 καὶ
1809 5731 1983 5797 λαοῖς,

402 5820 612 5878 δίκαιον
641 5822 975 5882 ἐπακοῦσαι.
1014 5843 1033 5877 ι
1075 5824 1216 5889 Τοὺς
1272 5825 1546 5897 πονηροὺς
1608 5825 1704 5878 καὶ
1760 5825 1984 5890 ἀσεϐεῖς

2091 4619 2305 4687 psimus
2343 4616 2606 4674 omnibus
2644 4617 2863 4673 dilectis
2907 4617 3179 4674 fratribus
3220 4621 3425 4676 nostris
3463 4621 3676 4694 signiti-

2091 4711 2255 4777 catis,
2280 4711 2390 4783 jam
2420 4709 2688 4765 rationem
2718 4709 2862 4766 hanc
2885 4718 2943 4766 et
2968 4711 3411 4769 observationem
3437 4717 3674 4772 sanctis-

2090 4804 2217 4860 simi
2272 4804 2382 4860 dici
2433 4802 2718 4873 suspicere
2771 4813 2940 4873 atque
2997 4803 3291 4861 instituere
3333 4806 3574 4878 debetis,
3613 4822 3677 4866 ut

2089 4911 2217 4952 cum
2250 4895 2305 4951 in
2339 4894 2561 4966 pietatis
2594 4903 2797 4949 vestra:
2833 4894 3004 4964 (quod
3043 4894 3253 4951 dudum
3294 4897 3431 4954 mihi
3470 4899 3576 4957 fuit
3616 4903 3671 4958 in

2088 4988 2257 5058 votis)
2288 4997 2645 5059 conspectum
2679 5002 2905 5052 venero,
2939 5004 3051 5044 uno
3081 4989 3391 5063 eodemque
3421 4992 3514 5050 die
3540 5009 3673 5050 san-

2088 5094 2206 5139 ctas
2250 5082 2537 5140 vobiscum
2587 5081 2755 5139 ferias
2806 5083 3091 5140 celebrare
3137 5087 3373 5150 valeam,
3406 5098 3465 5143 et
3506 5090 3676 5146 rebus

2089 5176 2352 5230 omnibus
2388 5190 2496 5230 una
2531 5174 2818 5231 vobiscum
2855 5191 2924 5231 ex
2954 5177 3142 5233 animo
3184 5176 3449 5246 delecter,
3484 5179 3676 5238 ferita-

2093 5280 2200 5326 tem
2234 5269 2566 5325 diabolicam
2609 5283 2709 5339 per
2738 5269 2850 5323 vim
2889 5269 3136 5326 divinam
3178 5273 3443 5342 operibus
3471 5277 3677 5331 nostris

2088 5359 2388 5427 sublatam,
2413 5369 2764 5430 vestramque
2794 5361 3000 5433 ubique
3032 5362 3221 5429 fidem,
3245 5380 3439 5435 pacem
3463 5379 3517 5422 et
3541 5383 3676 5426 con-

2088 5455 2333 5512 cordiam
2371 5455 2650 5527 vigentem
2698 5470 2955 5512 cernens.
2997 5455 3145 5513 Deus
3185 5473 3283 5515 vos
3315 5468 3521 5526 servet,
3560 5460 3676 5514 fra-

2089 5563 2179 5604 res
2210 5544 2422 5604 dilecti.
2456 5566 2474 5599 ι

2096 5698 2099 5705 ,
2161 5641 2404 5713 Equum
2446 5641 2614 5697 etiam
2649 5652 2755 5708 est,
2789 5659 2911 5715 qua)
2944 5654 3138 5700 contra
3173 5644 3368 5700 Arium
3401 5652 3461 5701 et
3494 5656 3676 5702 secta-
3714 5688 3720 5693 .

2091 5744 2240 5790 tores
2289 5733 2433 5805 ejus,
2469 5735 2731 5792 omnibus
2777 5739 2986 5807 passim
3031 5737 3314 5807 episcopis
3352 5747 3411 5794 et
3455 5739 3680 5810 populis

2090 5826 2352 5898 scripsit,
2399 5841 2759 5898 cognoscere.
2820 5828 3012 5892 sCutu
3063 5828 3336 5908 malignos
3379 5839 3435 5888 et
3477 5832 3674 5910 impios
