4118 6454
408 331 417 339 ’
501 366 574 428 99
1731 364 2158 425 NlCEPHOltI
2200 367 2551 427 CALLlSTl

3667 366 3768 429 103

504 480 673 533 Arius
709 475 812 530 sibi
856 474 1159 532 imitandos
1206 478 1448 545 auxerit,
1486 493 1584 549 par
1622 487 1709 533 est
1740 487 1799 533 ut
1827 479 2077 534 eamdem

2189 482 2572 550 μιμησάμενος
2603 483 2668 533 ’Λ
2683 499 2848 550 ρειος,
2878 482 3083 546 δίκαιός
3116 483 3234 536 ἐστι
3263 483 3363 552 τὴν
3394 482 3563 553 αὐτὴν
3622 485 3767 537 ἐκεί-

503 584 633 623 cum
666 567 777 621 illis
810 568 951 621 [erat
981 567 1362 638 ignominiam.
1396 567 1872 635 Quemadmodum
1912 571 2080 640 igitur

506 659 853 733 Porphyrius
893 658 1094 713 divinm
1132 659 1354 728 pietatis
1390 661 1585 724 hostis,
1625 661 1831 731 iniquis
1878 661 1946 716 dc
1989 676 2077 715 re-

502 748 711 819 ligione
744 750 1067 819 compositis
1111 750 1294 814 libris,
1330 752 1658 823 condignam
1698 753 1904 822 reperit
1939 768 2082 807 mer-

503 842 717 901 cedem.
752 857 849 911 per
880 857 1044 911 quam
1085 844 1332 897 omnium
1378 844 1580 899 tuturis
1613 844 1830 900 saeculis
1861 844 2081 914 probris

503 935 777 990 obnoxius
807 935 936 997 erit,
965 936 1312 1004 plurimaque
1343 937 1616 992 obruetur
1641 934 1887 998 infamia,
1914 946 2080 1005 atque

503 1027 734 1093 insuper
762 1026 929 1093 impia
957 1026 1077 1096 ejus
1103 1027 1309 1080 abolita
1337 1038 1468 1081 sunt
1493 1028 1724 1097 scripta,
1750 1028 1822 1081 ita
1851 1036 1903 1081 et
1931 1041 2079 1080 nunc

502 1117 765 1185 placitum
812 1118 974 1171 nolis
1026 1131 1133 1179 est,
1180 1120 1373 1173 Arium
1417 1130 1473 1173 et
1506 1120 1621 1173 Arii
1666 1118 2073 1185 suifragatores,

501 1209 917 1279 Porphyrianos
946 1209 1172 1278 quidem
1206 1211 1500 1270 nominari.
1534 1220 1595 1265 ut
1619 1226 1851 1280 quorum
1879 1210 2076 1264 imitati

500 1309 631 1355 sunt
684 1315 889 1361 mores,
924 1317 1117 1354 eorum
1161 1318 1381 1370 quoque
1426 1302 1716 1357 obtineant
1756 1303 2078 1372 appellatio-

500 1407 641 1447 nes:
675 1393 718 1446 si
751 1393 898 1461 quod
934 1405 1121 1446 autem
1155 1394 1422 1462 scriptum
1455 1395 1520 1448 ad
1551 1394 1681 1448 Ario
1712 1394 2075 1462 compositum

501 1484 838 1554 reperiatur,
879 1496 937 1538 ut
994 1486 1100 1554 igni
1153 1486 1205 1539 id
1257 1485 1507 1540 tradatur
1552 1487 1828 1545 volumus.
1861 1495 1921 1539 ut
1965 1501 2075 1539 non

505 1576 673 1632 modo
733 1578 986 1647 improba
1038 1579 1157 1648 ejus
1210 1576 1468 1632 doctrina
1518 1577 1834 1648 abrogetur,
1885 1594 2074 1633 verum

501 1687 668 1725 etiam
700 1688 769 1725 ne
806 1681 1226 1725 monumentum
1257 1670 1478 1739 quidem
1512 1670 1731 1741 aliquod
1763 1671 1884 1739 eius
1916 1669 2077 1724 relin-

503 1773 727 1832 quatur.
776 1762 915 1817 illud
968 1763 1221 1831 equidem
1274 1761 1595 1829 praedictum
1643 1762 1805 1822 volo.
1855 1762 1901 1816 si
1952 1761 2076 1831 quis

504 1857 750 1909 l‘bellum
788 1857 1026 1924 aliquem
1059 1858 1125 1909 ab
1155 1856 1287 1909 Ario
1323 1856 1696 1924 conscriptum
1733 1855 1939 1920 celare,
1973 1869 2079 1909 nec

505 1949 770 2003 continuo
795 1948 907 2018 igni
936 1950 1293 2010 comburere,
1323 1947 1706 2015 deprehensus
1737 1947 1924 2007 fuerit.
1951 1961 2080 2015 sup-

504 2040 731 2109 plicium
777 2040 828 2092 ci
884 2039 1076 2091 mortis
1119 2053 1244 2092 esse
1294 2038 1682 2091 constitutum.
1724 2035 1887 2107 587
1931 2037 2080 2091 illico

503 2146 742 2199 namque
802 2131 854 2183 in
910 2130 1140 2183 crimine
1204 2128 1298 2183 tali
1363 2129 1803 2197 comprehensus
1863 2143 2077 2197 ptenam

505 2224 804 2281 sustinebit
830 2221 1146 2291 capitalem.
1181 2239 1200 2272 ι
1236 2219 1429 2275 Plures
1454 2220 1620 2274 etiam
1649 2220 1785 2275 alias
1814 2224 2081 2275 adversus

504 2316 731 2369 eosdem
769 2314 836 2367 ad
876 2314 994 2368 loca
1035 2314 1222 2366 omnia
1260 2311 1410 2365 misit
1443 2312 1726 2381 epistolas,
1756 2311 1940 2364 verbis
1983 2324 2082 2380 per

506 2411 743 2465 ironiam
776 2409 843 2464 ad
876 2409 1291 2463 simulationem
1325 2408 1671 2478 compositis,
1703 2409 1785 2462 eis
1816 2408 2076 2462 illudens.

506 2500 1025 2558 Nicomediensibus
1065 2500 1255 2555 itidem
1300 2499 1377 2570 μ)
1443 2507 1637 2553 contra
1678 2500 1976 2553 Eusebium
2026 2507 2083 2553 et

509 2594 888 2665 Theognidem
929 2593 1175 2663 scripsit,
1209 2594 1506 2648 Eusebium
1554 2594 1953 2664 perstringens,
1990 2610 2083 2648 ve-

506 2689 608 2744 luti
641 2689 851 2743 Licinio
888 2688 1189 2757 aliquando
1237 2686 1512 2742 faventem
1557 2687 1777 2757 sibique
1812 2686 2081 2741 insidian-

509 2791 643 2840 tem,
677 2793 845 2848 atque
883 2780 1051 2833 alium
1085 2778 1403 2848 episcorium
1437 2779 1622 2848 legere
1661 2778 1900 2849 jubeus;
1936 2776 2081 2846 quod

507 2883 564 2926 et
596 2872 800 2925 tactum
837 2882 938 2926 est.
977 2870 1079 2926 Eas
1110 2871 1372 2938 epistolas
1395 2870 1500 2924 boc
1525 2870 1647 2924 loco
1675 2883 1978 2938 apponere,
2015 2884 2082 2923 nc

507 2966 726 3037 longior
764 2981 883 3020 esse
930 2964 1148 3027 videar,
1185 2964 1370 3018 minus
1415 2962 1713 3017 convenire
1759 2962 1963 3032 putavi.
2005 2963 2084 3016 Ac

508 3057 578 3112 de
610 3058 694 3111 liis
723 3055 942 3126 quidem
976 3054 1269 3110 baCtenus.

1073 3169 1302 3226 CAPUT
1341 3169 1535 3226 XXVI.

514 3266 664 3333 Quod
687 3265 1061 3319 Constantinus
1091 3264 1463 3333 benedictionis
1494 3280 1677 3327 causa,
1706 3262 2084 3318 Constantino-

582 3338 745 3407 polim
798 3336 994 3404 synodo
1070 3332 1373 3407 translata,
1436 3333 1702 3407 publicum
1766 3333 2087 3407 eipru'buit

584 3403 795 3475 epulum
825 3403 873 3458 ἐι
906 3404 1435 3475 ηιιιηενίὸαεβηιιιεε
1463 3403 1672 3475 honoris
1699 3405 1871 3471 gratia
1908 3418 2085 3473 prose-

584 3473 757 3540 cutus,
789 3477 1001 3529 domum
1030 3489 1286 3545 quemque
1305 3473 1591 3526 dimiserit.

583 3590 856 3644 Caeterum
889 3588 1057 3640 rebus
1087 3589 1155 3639 ad
1190 3586 1341 3639 hunc
1372 3584 1598 3640 modum
1627 3586 1910 3646 euntibus,
1939 3600 2090 3638 com-

514 3683 737 3738 modum
786 3680 975 3735 evenit
1022 3687 1084 3733 ut
1131 3678 1431 3733 vicesimus
1479 3677 1827 3732 Constantini
1869 3677 2087 3747 imperii

518 3791 699 3831 annus
729 3785 843 3829 tum
877 3773 1271 3842 compleretur.
1304 3772 1371 3826 Et
1398 3771 1632 3825 Romani
1665 3785 1817 3824 more
1843 3780 2086 3839 recepto,

515 3872 731 3925 decimo
774 3882 995 3937 quoque
1044 3866 1310 3936 principis
1355 3864 1442 3919 sui
1488 3863 1705 3933 imperii
1742 3877 1910 3927 anno,
1942 3877 2092 3917 eom-

518 3978 743 4018 munem
781 3970 837 4015 et
880 3961 1158 4031 publicum
1198 3959 1435 4029 agebant
1468 3966 1801 4011 conventum
1836 3956 2091 4025 diemque

515 4056 742 4111 festum.
790 4055 981 4123 Itaque
1029 4059 1086 4107 et
1135 4054 1254 4119 ipse
1304 4050 1504 4105 decere
1556 4048 1610 4102 id
1658 4047 1981 4111 arbitratus,
2021 4047 2090 4102 ad

516 4147 710 4217 (Epulas
758 4145 1028 4215 synodum
1077 4144 1297 4205 invitat,
1339 4150 1396 4196 et
1430 4140 1569 4196 toris
1605 4140 1864 4209 plurimis
1898 4138 2090 4193 ordine

518 4255 622 4294 suo
664 4237 967 4297 collocatis,
995 4236 1191 4291 eodem
1238 4235 1295 4289 in
1328 4234 1455 4288 loco
1497 4231 1705 4301 excip’it
1734 4272 1749 4296 ,
1792 4230 2090 4299 multisque

516 4343 574 4385 et
605 4328 956 4384 sermonibus
991 4336 1048 4380 et
1082 4325 1246 4380 donis
1288 4322 1769 4378 honoriﬁcentiam
1802 4331 1856 4377 et
1888 4322 2091 4377 libera-

519 4423 728 4476 litatem
762 4435 893 4488 erga
923 4419 1048 4473 illos
1087 4417 1400 4479 declarans,
1438 4414 1893 4485 praeclarissimos
1928 4430 2094 4484 quos-

2188 588 2303 633 νοις
2355 571 2582 640 ὑπέχειν
2616 572 3114 649 ἀτιμίανηὫσπερ
3160 575 3341 628 τοίνυν
3386 575 3693 645 Πορφύριος
3735 579 3764 630 ὁ

2184 663 2281 731 τῆς
2312 664 2625 724 θεοσεϐείας
2658 664 2853 749 ἐχθρὸς
2885 667 3245 733 συντάγματα
3296 667 3590 737 παράνομα
3633 666 3763 734 περὶ

2183 755 2281 825 τῆς
2308 755 2611 826 θρησκείας
2643 757 3083 827 συστησάμενος,
3117 758 3267 822 ἄξιον
3301 757 3500 827 εὕρατο
3527 758 3719 827 μισθόν
3745 774 3761 790 ·

2181 844 2277 895 καὶ
2310 845 2551 896 τοιοῦτον
2583 843 2726 897 ὥστε
2758 845 3127 899 ἐπονείδιστον
3160 848 3262 915 μὲν
3289 849 3452 901 αὐτὸν
3480 849 3617 919 προς
3669 849 3761 901 τὸν

2182 934 2312 1006 ἑξῆς
2334 937 2588 1003 γενέσθαι
2637 938 2850 1008 χρόνον,
2910 940 3004 991 καὶ
3039 940 3302 1011 πλείστης
3345 942 3762 1013 ἀναπλησθῆναι

2182 1028 2525 1095 κακοδοξίας,
2577 1031 2945 1102 ἀφανισθῆναι
2978 1033 3035 1086 δὲ
3083 1034 3149 1086 τὰ
3195 1035 3367 1104 ἀσεϐῆ
3419 1035 3583 1089 αὐτοῦ
3625 1052 3757 1104 συγ-

2180 1126 2484 1195 γράμματα
2507 1144 2521 1157 ·
2549 1126 2692 1180 οὕτω
2728 1129 2824 1180 καὶ
2852 1128 2946 1180 νῦν
2977 1129 3156 1193 ἔδοξεν
3185 1129 3404 1200 ’Ἄρειόν
3440 1147 3499 1183 τε
3521 1131 3758 1193 καὶτοὺς

2193 1218 2815 1290 Ἀρείουόμογνὼμονας
2859 1221 3270 1291 Πορφυριανούς
3307 1222 3406 1289 μὲν
3452 1220 3756 1278 καλεῖσθαι.

2181 1309 2250 1361 ἵν’
2276 1304 2352 1362 ὧν
2398 1310 2526 1374 τούς
2556 1313 2794 1377 τρόπους
2834 1313 3196 1382 μεμίμηνται,
3225 1313 3433 1366 τούτων
3466 1313 3629 1380 ἔχωσι
3665 1315 3760 1365 καὶ

2178 1402 2277 1470 τὴν
2299 1403 2673 1472 προσηγορίαν
2697 1419 2710 1433 ⁸
2741 1404 2876 1474 πρὸς
2907 1404 2961 1457 δέ
2986 1405 3218 1466 τούτοις.
3236 1404 3334 1458 καλ⁵
3365 1405 3418 1457 εἷ
3438 1421 3491 1456 τι
3521 1403 3757 1471 σύνταγ-

2183 1510 2256 1563 μα
2277 1494 2387 1561 ὐπδ
2407 1494 2621 1563 Ἀρείου
2647 1499 3074 1566 συντεταγμένον
3094 1498 3421 1567 εὑρίσκοιτο,
3445 1496 3602 1549 τοῦτο
3624 1499 3758 1565 πυρὶ

2180 1585 2590 1653 παραδίδοσθαι,
2626 1587 2713 1640 ἵνα
2769 1588 2844 1657 μὴ
2902 1588 3062 1657 μόνον
3097 1589 3167 1641 τὰ
3218 1588 3398 1657 φαῦλα
3445 1588 3609 1641 αὐτοῦ
3660 1590 3759 1655 τῆς

2177 1672 2528 1753 διδασκαλίας
2555 1678 2907 1749 ἀφανισθείη,
2933 1680 3069 1732 ἀλλὰ
3098 1680 3235 1751 μηδὲ
3266 1680 3567 1752 ὑπόμνημα
3596 1681 3760 1734 αύτοῖι

2178 1764 2317 1827 ὅλως
2372 1765 2717 1822 ὐπολίποιτο.
2789 1769 2998 1822 Ἐκεῖνο
3044 1770 3230 1839 μέντοι
3253 1769 3614 1849 προαγορεύω
3645 1784 3659 1798 ·
3689 1769 3765 1831 ὡς

2181 1856 2345 1919 εἴτις
2369 1860 2658 1929 σύνταγμα
2716 1861 2821 1913 ὐπὸ
2888 1862 3102 1931 Ἀρείου
3165 1861 3431 1928 συπαγέν
3480 1859 3763 1932 φωραθείη

2184 1946 2423 2016 κρύψας,
2456 1950 2549 2002 καὶ
2591 1950 2667 2019 μὴ
2698 1949 2902 2014 εὐθέως
2934 1951 3322 2022 προσενεγκὼν
3353 1951 3487 2022 πυρὶ
3526 1967 3769 2005 καταναο

2182 2037 2354 2110 λὼσῃ,
2388 2042 2564 2108 τούτῳ
2589 2040 2819 2106 θάνατος
2884 2042 3040 2096 ἔσται
3077 2044 3113 2113 ἡ
3156 2042 3351 2113 ζημία.
3412 2042 3769 2113 Παραχρῆμα

2181 2131 2291 2203 γὰρ
2322 2133 2484 2197 ἁλοὺς
2510 2135 2601 2186 ἐπὶ
2633 2135 2828 2206 τούτῳ,
2862 2136 3169 2207 κεφαλικὴν
3202 2136 3570 2207 ὐποστήσεται
3596 2152 3768 2204 τιμω-

2186 2225 2327 2297 ρίαν.
2366 2243 2386 2278 ι
2420 2226 2631 2291 Πολλὰς
2660 2226 2718 2279 δὲ
2750 2227 2845 2282 καὶ
2879 2227 3048 2293 ἄλλας
3095 2229 3380 2291 ἐπιστολάς
3430 2226 3553 2281 κατ’
3587 2226 3767 2281 αὐτῶν

2182 2319 2430 2390 πέμψας,
2449 2320 2768 2393 ἁπανταχοῦ
2820 2321 3225 2389 ἐξαπέστειλεν,
3259 2324 3318 2375 ἐν
3348 2323 3534 2391 εῐρωνι
3568 2320 3644 2390 τῷ
3678 2317 3767 2370 λό-

2183 2432 2267 2487 γῳ
2296 2412 2603 2479 διαπαίζων
2654 2416 2874 2479 αὐτούς.
2913 2415 3019 2468 Καὶ
3070 2415 3447 2487 Νικομηδεΰσι
3499 2413 3558 2467 δέ
3621 2415 3765 2466 κατὰ

2183 2507 2449 2561 Εὐσεὸίου
2497 2507 2589 2560 καὶ
2624 2506 2909 2575 Θεόγνιδος
2947 2506 3211 2581 ἔγραφεν,
3243 2510 3300 2562 ἐν
3346 2501 3425 2569 οἷς
3454 2504 3561 2559 τοῦ
3588 2505 3763 2558 Εὐσε-

2185 2599 2303 2652 ϐἶου
2337 2599 2705 2664 καθάπτεται,
2759 2600 2833 2662 ὡς
2863 2599 3091 2671 Λικινίῳ
3146 2599 3483 2665 εὐνοοῦντος,
3520 2599 3762 2665 κάκείνῳ

2185 2691 2654 2759 ἐπιϐουλεύοντος,
2688 2693 2783 2746 καὶ
2832 2693 3136 2747 ἐπίσκοπον
3190 2693 3381 2763 ἕτερον
3438 2691 3659 2745 ἑλέσθαι
3686 2710 3699 2721 ο
3733 2691 3763 2743 ὃ

2185 2784 2281 2836 καὶ
2313 2784 2551 2851 ἐγένετο.
2589 2783 2661 2834 Τὸ
2694 2782 2752 2835 δέ
2776 2782 2947 2853 μῆκος
3004 2782 3223 2852 φεύγων
3249 2779 3380 2847 ἐγὼ,
3414 2781 3507 2832 καὶ
3555 2777 3765 2840 ταύτας

2186 2875 2518 2945 παραθεῖναι
2550 2877 2647 2939 τὰς
2683 2874 2976 2939 ἐπιστολάς
3010 2875 3070 2928 οὐ
3110 2874 3230 2928 δέον
3263 2873 3618 2943 ἐλογισάμην.
3650 2871 3763 2923 Καὶ

2189 2966 2322 3037 περὶ
2355 2968 2456 3037 μὲν
2482 2966 2691 3022 τούτων
2720 2966 2916 3022 ταῦτα.

2750 3176 3003 3230 suam.
3051 3175 3200 3242 κεῖν.

2190 3273 2312 3328 Ὅτι
2359 3272 2432 3331 ἐν
2468 3268 3107 3325 Κωνσταντινουπόλῖει
3165 3265 3280 3335 τὴν
3326 3266 3594 3321 σύνοδον
3620 3267 3765 3333 ἀγα-

2258 3343 2402 3414 γὼν,
2428 3340 2712 3414 εὐλογίας
2769 3339 2975 3414 χάρις,
3023 3336 3327 3414 δημοτελῆ
3368 3336 3767 3414 αἱιτῇλὲστιάο

2257 3406 2362 3466 Enr
2383 3406 2714 3479 ἐποιήὰατο
2734 3425 2748 3438 ο
2770 3406 2876 3461 καὶ
2906 3406 3116 3479 δώροις
3136 3406 3422 3479 ﬁxas-mc
3446 3412 3763 3476 φιλοτιμη-

2258 3477 2555 3552 σάμενος,
2580 3479 2786 3533 οῖκαδε
2820 3478 3093 3532 ἀπέλυεν
3125 3477 3408 3531 ἕκαστον.

2261 3598 2483 3652 Τούτων
2515 3595 2660 3649 οὕτω
2690 3595 3034 3666 προῦάντων,
3070 3592 3266 3664 συνέϐη
3309 3592 3409 3664 τὴν
3444 3594 3763 3662 είκοσαετη-

2192 3693 2314 3763 ρίδα
2346 3690 2445 3759 τῆς
2471 3687 2883 3743 Κωνσταντίιου
2910 3685 3209 3757 τηνικαῦτα
3242 3685 3524 3756 βασιλείας
3550 3687 3771 3756 περιελ-

2192 3778 2329 3833 θεῖν.
2388 3778 2595 3840 Είωθδς
2652 3776 2712 3830 δὲ
2759 3776 3060 3846 Ῥωμαίοις
3117 3775 3243 3829 καθ’
3293 3775 3532 3845 ἑκάστην
3571 3777 3771 3831 δεκάδα

2192 3869 2288 3922 τοῦ
2351 3866 2681 3940 κρατοῦντος
2748 3870 2927 3939 ἀρχῆς
2984 3867 3170 3938 κοινὴν
3225 3869 3541 3938 πανήγυριν
3590 3868 3769 3935 ἄγειν,

2194 3959 2474 4029 προσῆκον
2515 3959 2770 4021 κάκεῖνος
2800 3959 3182 4029 λογισάμενος,
3235 3960 3315 4021 είς
3368 3959 3612 4011 ἑστίασιν
3669 3957 3770 4025 τὴν

2196 4050 2412 4105 σύνοδον
2446 4050 2819 4122 προετρέψατο
2844 4066 2859 4080 ⁸
2893 4052 2990 4103 καὶ
3041 4048 3178 4119 δῆτα
3236 4048 3449 4101 πολλῶν
3500 4047 3770 4102 στιὸάδων

2195 4143 2252 4194 ἐν
2272 4139 2477 4211 εὐθέτῳ
2516 4141 2925 4211 γεγενημένων,
2950 4140 3092 4193 κατὰ.
3111 4139 3307 4193 ταυτὸν
3338 4139 3546 4202 πάντας
3571 4139 3768 4203 εἱστία,

2195 4233 2413 4297 πολλοῖς
2438 4234 2535 4287 καὶ
2567 4232 2746 4302 λόγοις
2792 4234 2890 4285 καὶ
2927 4230 3118 4300 δώροις
3156 4232 3218 4285 τὺ
3252 4231 3539 4301 φιλότιμον
3567 4231 3774 4286 ἐπιδει-

2196 4327 2484 4397 κνύμενος.
2542 4326 2682 4389 Τοὺς
2738 4326 2835 4396 μὲν
2884 4321 2981 4380 οὖν
3024 4314 3345 4394 περιφανεῖς
3402 4325 3627 4378 ἐκείνων
3674 4324 3773 4378 καὶ

2195 4417 2607 4488 ὁμοτραπέζους
2635 4417 2814 4486 ἐαυτῷ
2853 4417 3026 4470 ἐποίει
3048 4432 3065 4447 σ
3093 4412 3334 4469 ὧντινων
3361 4415 3459 4469 καὶ
3486 4417 3554 4468 τά
3587 4432 3773 4486 πεπη-

518 4528 628 4583 que
667 4527 857 4566 eorum
899 4524 1101 4565 mensae
1135 4524 1247 4563 suae
1279 4507 1528 4562 adhibet.
1568 4507 1811 4574 Quorum
1846 4506 2084 4576 quidem,

2203 4510 2430 4579 ρωμένα
2460 4511 2548 4562 διὰ
2581 4508 2820 4578 Χριστὸν
2860 4508 2997 4579 μέλη
3021 4508 3320 4579 θεώμενος,
3361 4511 3457 4561 καὶ
3478 4508 3537 4560 τὸ
3559 4509 3773 4578 ἑδραῖον

518 4621 645 4659 cum
677 4604 767 4658 ille
796 4604 1044 4669 mutilata
1077 4609 1304 4670 propter
1325 4599 1607 4655 Christum
1637 4609 1891 4654 cerneret
1924 4614 2094 4653 mem-

520 4701 638 4765 bra,
666 4708 828 4765 atque
863 4695 988 4749 ﬁdei
1019 4709 1208 4748 eorum
1238 4694 1603 4748 constantiam
1630 4692 1755 4746 inde
1784 4692 2089 4761 colligeret,

518 4794 680 4847 labiis
712 4792 831 4860 ipse
862 4789 977 4843 suis
1013 4787 1301 4842 cicatrices
1329 4801 1523 4841 eorum
1565 4785 1877 4839 exosculari
1914 4794 1970 4838 et
2000 4799 2090 4839 ve-

519 4885 700 4938 nerari
731 4882 1059 4951 dedignatus
1090 4895 1199 4933 non
1236 4887 1337 4940 est,
1374 4880 1601 4950 gratiam
1635 4893 1692 4930 se
1723 4877 1914 4932 osculo
1947 4877 2095 4948 ejus-

520 4977 667 5029 modi
718 4984 773 5028 et
818 4971 1206 5027 benedictione
1250 4985 1440 5025 eorum
1489 4971 1775 5039 percipere
1824 4967 2089 5023 conﬁsus.

521 5068 884 5136 Posteaquam
917 5074 1103 5119 autem
1148 5064 1312 5118 ﬁnem
1353 5079 1514 5117 suum
1554 5063 1869 5116 convivium
1904 5060 1958 5115 id
1995 5061 2095 5115 ha-

519 5162 664 5222 buit,
695 5161 816 5214 loco
860 5174 963 5215 suo
1003 5173 1328 5227 exsurgens,
1370 5157 1639 5226 supplicis
1670 5170 1824 5209 more
1856 5169 2095 5208 conven-

521 5263 640 5309 tum
677 5254 909 5322 rogavit,
945 5260 1006 5306 ut
1048 5252 1143 5321 qui
1189 5259 1402 5304 tantum
1452 5249 1816 5320 pertulissent
1864 5246 2091 5313 laboris,

518 5358 826 5417 perpaucos
859 5344 964 5399 sibi
998 5343 1117 5397 dies
1146 5343 1305 5404 dare,
1345 5352 1402 5395 et
1447 5355 1640 5396 recens
1684 5338 1968 5392 fundatam
2004 5351 2098 5390 ur-

519 5437 666 5500 bem,
693 5436 806 5505 jam
841 5444 959 5489 tum
992 5434 1310 5503 perfectam,
1354 5432 1509 5486 adire
1553 5446 1662 5485 non
1707 5440 2092 5500 gravarentur,

520 5539 581 5583 ut
629 5527 1044 5599 precationibus
1092 5525 1210 5581 suis
1259 5525 1598 5580 munitiones
1638 5534 1694 5577 et
1739 5537 1929 5577 muros
1971 5522 2094 5590 ejus

521 5620 829 5673 ﬁrmarent.
848 5621 1032 5689 Atque
1060 5619 1139 5673 illi
1167 5619 1377 5683 statim,
1406 5617 1552 5686 quod
1580 5615 1834 5686 petierat,
1860 5614 2090 5670 faciunt.

517 5709 1047 5782 Constantinopolim
1091 5712 1359 5775 veniunt,
1410 5708 1663 5763 Eneaenia
1702 5717 1759 5763 et
1805 5722 2093 5764 consecra-

591 5824 672 5894 (ι)
707 5824 920 5880 Socrat.
953 5826 1049 5882 lib.
1083 5843 1100 5881 1
1133 5826 1383 5881 Historia'
1418 5822 1600 5876 coclea.

2198 4602 2451 4655 ἐντεῦθεν
2492 4604 2589 4671 τῆς
2619 4603 2857 4666 πίστεως
2907 4604 3129 4667 ἐννοῶν,
3174 4604 3414 4673 χείλεσιν
3467 4603 3618 4663 ίδίοις
3672 4601 3772 4653 οὐκ

2197 4692 2433 4763 ἀπηξίου
2454 4696 2621 4765 τιμᾷν
2652 4695 2751 4758 τὰς
2781 4694 3018 4764 πληγὰς,
3050 4694 3269 4766 θαρρῶν
3294 4693 3371 4758 ὡς
3412 4694 3574 4764 χάριν
3622 4693 3771 4746 ἐλκει

2194 4780 2272 4856 τῷ
2297 4785 2562 4854 φιλήματι
2596 4785 2691 4836 καὶ
2739 4786 2863 4848 ταῖς
2896 4784 3193 4852 εὐλογίαις.
3243 4784 3397 4836 Ἐπεὶ
3419 4783 3476 4836 δὲ
3524 4783 3587 4836 τὸ
3624 4783 3771 4853 ίερδν

2197 4877 2372 4926 ἐκεῖνο
2408 4874 2713 4939 συμπόσιον
2743 4868 2857 4943 εἶχε
2886 4875 3084 4943 πέρας,
3107 4873 3202 4926 τοῦ
3228 4873 3420 4941 θρόνου
3446 4872 3767 4938 ἐξαναστὰς,

2199 4966 2385 5034 ἱκέτης
2416 4966 2631 5032 ἐγίνετο
2668 4964 2763 5018 τοῦ
2801 4965 3085 5034 συλλόγου,
3124 4966 3201 5036 μὴ
3227 4967 3460 5035 ὀκνῆσαι
3513 4965 3774 5019 τοσοῦτον

2198 5057 2446 5125 κάματον
2516 5056 2876 5123 άνατλάντας,
2939 5058 3201 5128 βραχείας
3266 5057 3361 5110 καὶ
3412 5055 3564 5125 αὐτῷ
3619 5072 3776 5121 τινας

2198 5147 2411 5217 ἡμέρας
2475 5149 2830 5219 χαρίσασθαι,
2890 5150 2983 5202 καὶ
3034 5150 3167 5220 ἄχρι
3204 5149 3269 5221 δὴ
3324 5147 3427 5218 τῆς
3472 5149 3774 5216 νεοπαγοῦς

2198 5238 2365 5290 αὐτοῦ
2395 5239 2628 5304 πόλεως,
2657 5240 2955 5309 ἀφικέσθαι
2976 5240 3102 5293 ὅσον
3136 5240 3240 5311 ἥδη
3279 5238 3771 5309 συντελεσθείσηςσν

2198 5329 2249 5383 ίν
2280 5331 2465 5401 εὐχαῖς
2491 5332 2580 5384 τὸν
2608 5332 2813 5402 ταύτης
2841 5332 3132 5403 περίϐολον
3163 5335 3261 5387 καὶ
3290 5334 3360 5387 τὰ
3383 5332 3539 5404 τείχη
3575 5335 3807 5403 στηρίσο

2199 5421 2369 5488 ξαιεν.
2426 5426 2488 5477 Ol
2522 5425 2568 5476 δ’
2622 5425 2783 5491 εὐθὺς
2819 5427 3040 5480 ἐποίουν
3082 5428 3145 5481 τὸ
3199 5428 3468 5500 αἰτηθέν·
3527 5430 3622 5482 καὶ
3673 5428 3774 5497 τὴν

2200 5516 2614 5571 Κωνσταντίνου
2672 5520 3098 5584 καταλαϐόντες.
3147 5522 3216 5576 τὰ
3263 5522 3515 5591 ἐγκαίνια
3565 5520 3774 5592 ταύτης

2200 5609 2439 5676 ἐποίουν,
2462 5614 2562 5683 τὴν
2611 5614 2951 5683 ἀναίμακτον
2982 5614 3177 5670 θυσίαν
3220 5613 3596 5679 ἐπιτελοῦντες
3624 5628 3638 5643 ⁸
3673 5617 3772 5666 καὶ

2200 5703 2385 5773 εὐχαῖς
2440 5705 2789 5771 διαλαϐόντες
2856 5710 2951 5763 καὶ
3015 5707 3371 5780 στηρίξαντες
3426 5709 3648 5776 ἱκανῶς,
3700 5715 3769 5780 τῇ
