4118 6454
492 326 593 392 103

1706 313 2134 388 ΝιαΕιιιιοιιι
2180 319 2528 386 CALLISTI

3646 309 3745 391 tot

489 450 638 501 tinus
680 453 888 509 autem,-
919 446 982 498 οἱ
1015 452 1081 500 eo
1115 447 1360 515 .cmp'ore
1393 443 1664 515 prolixius
1691 445 1860 497 etiam
1893 447 2052 510 quam

2165 438 2295 514 περὶ
2325 437 2425 508 τὴν
2461 437 2761 509 θρησκείαν
2811 433 3103 502 διατεθεὶς,
3135 437 3346 515 ’πόλεσι
3398 440 3492 494 καὶ
3549 442 3744 512 δ’ἡμοις

486 546 648 593 antea
680 523 965 607 religionis
1006 544 1275 591 accensus
1313 537 1534 601 ardore,
1565 536 1629 590 ad
1664 535 1832 588 urbes
1871 541 1926 586 et
1961 546 2058 601 po-

487 628 649 698 pulos
685 627 912 681 Romani
964 613 1180 696 imperii
1229 617 1425 682 omnes
1464 627 1728 696 epistolas
1771 611 1952 684 dedit,
1999 619 2058 676 ut

487 718 661 785 priOri
708 710 928 786 quidem
971 719 1150 770 er'rori
1192 719 1447 771 nuntium
1495 717 1860 776 remitterent,
1893 699 2058 769 Chri-

488 811 720 863 stianam
753 817 931 862 autem
963 793 1274 863 doctrinam
1313 817 1369 863 et
1401 808 1720 877 religionem
1757 806 2057 876 amplecte-

489 908 703 954 rentur.
764 887 1052 970 Episcopis
1112 917 1279 970 porro
1343 916 1474 956 sane
1533 915 1696 970 quam
1755 897 2058 952 liberaliter

489 993 751 1060 pecunias
782 992 1028 1054 mittens,
1061 1006 1158 1046 eos
1187 988 1252 1046 ad
1283 993 1641 1046 ceclesiarnm
1669 989 2058 1044 aad’licationcs

488 1071 778 1144 excitavit,
809 1081 1175 1153 sumptusque
1225 1088 1289 1137 ad
1333 1084 1384 1137 id
1424 1082 1642 1136 abunde
1682 1081 1932 1145 praebuit.
1966 1079 2060 1133 Li-

488 1171 619 1226 bros
651 1168 841 1227 itidem
871 1175 1276 1228 ecclesiasticos
1306 1173 1559 1226 manibus
1589 1170 1827 1240 propriis
1855 1169 2058 1223 descri-

485 1266 612 1318 bere
643 1274 698 1318 et
730 1265 1062 1318 concinnare
1099 1264 1284 1332 jussit.
1325 1263 1428 1316 Sed
1459 1263 1749 1316 consilium
1778 1261 2054 1314 animum-

481 1376 589 1426 que
643 1359 938 1413 scribentis
987 1360 1195 1413 certius
1249 1359 1510 1412 indicabit
1550 1355 1779 1426 epistola
1823 1355 1942 1425 ejus
1987 1352 2053 1407 ad

483 1451 778 1504 Eusebium
800 1449 947 1513 data,
978 1467 1101 1520 quin
1133 1451 1213 1505 sic
1247 1449 1411 1502 habet
1439 1449 1454 1502 ἐ

1029 1564 1249 1620 CAPUT
1287 1563 1506 1618 XXVII.

488 1652 736 1724 Epistola:
773 1656 948 1723 magni
979 1651 1312 1724 Constantini
1351 1654 1413 1706 de
1453 1651 1798 1722 ecclesiarum
1845 1661 2053 1704 restari-‘-

591 1727 817 1789 ratione,
850 1726 898 1778 et
927 1741 1199 1777 sacrorum
1223 1723 1474 1776 librorum
1500 1727 1912 1790 comparatione.

563 1902 580 1933 ι
601 1883 786 1938 Vir-tor
819 1882 1214 1935 Constantinus
1249 1880 1514 1935 Maximus
1545 1878 1826 1949 Augustus
1865 1877 2051 1933 Euse-

483 1976 595 2031 bio.
643 1975 934 2042 Tantisper
964 1976 1096 2029 dum
1117 1973 1314 2028 adhoc
1345 1987 1519 2042 usque
1551 1981 1770 2042 tempus
1791 1973 2050 2041 impietas

480 2077 538 2121 et
572 2066 818 2136 tyrannis
851 2081 950 2134 pro
991 2064 1225 2118 arbitrio
1255 2077 1357 2118 suo
1392 2063 1677 2116 ministros
1742 2060 2049 2116 S'alvatoris

482 2157 575 2211 Dei
609 2166 898 2227 persecuta
931 2165 1038 2218 est,
1064 2156 1229 2210 credo
1260 2164 1426 2221 atque
1460 2155 1596 2208 adeo
1629 2161 1784 2206 certo
1817 2166 2050 2222 persua-

481 2264 601 2302 sum
649 2247 852 2311 habeo,
903 2248 1258 2301 ecclesiarum
1300 2246 1545 2300 omnium
1597 2259 1767 2314 opera
1821 2243 1905 2297 vel
1955 2245 2052 2309 per

481 2339 751 2393 incuriam
799 2354 1020 2408 pessum
1084 2339 1251 2400 iisse,
1299 2337 1385 2391 vel
1459 2335 1804 2390 imminentis
1858 2348 2049 2404 perse-

479 2431 720 2484 cutionis
771 2441 917 2484 metu
957 2430 1140 2484 minus
1186 2445 1307 2484 esse
1364 2442 1530 2499 quam
1576 2426 1816 2496 dignitas
1854 2440 2048 2480 earum

478 2523 785 2591 postularet
830 2523 1098 2592 perfecta,
1140 2520 1310 2575 frater
1339 2519 1681 2575 charissima.
1716 2518 1877 2574 Nune
1913 2529 2050 2571 vero

479 2614 737 2668 libertate
755 2613 988 2677 reddita,
1007 2623 1064 2668 et
1090 2619 1345 2682 serpente
1374 2611 1487 2676 illo,
1513 2609 1612 2664 Dei
1641 2609 1839 2680 optimi
1873 2608 2050 2663 maxi-

481 2709 557 2762 mi
611 2707 976 2776 providentia,
1022 2717 1187 2777 atque
1219 2718 1386 2774 opera
1421 2711 1631 2768 nostra,
1663 2717 1692 2756 a
1732 2717 1914 2756 rerum
1951 2717 2045 2771 pu-

480 2801 748 2857 blicarum
770 2800 1246 2855 administratione
1269 2797 1522 2865 depulso,
1547 2796 1683 2851 satis
1712 2796 1765 2851 in
1793 2808 2044 2865 apertum

477 2895 804 2965 productam
835 2907 957 2948 esse
993 2891 1235 2944 arbitror
1265 2888 1408 2958 apud
1449 2902 1643 2942 omnes
1674 2887 1917 2943 divinam
1947 2904 2048 2959 po-

479 2988 734 3044 tentiam,
765 2999 971 3052 eosque
999 2983 1090 3051 qui
1126 2981 1211 3034 Vel
1250 2987 1396 3035 metu
1429 2981 1511 3033 vel
1543 2980 2045 3046 incredulitate,vel

476 3080 645 3135 etiam
694 3086 919 3148 peccato
951 3076 1194 3144 Oppressi
1245 3073 1482 3138 fuerant,
1525 3088 1596 3127 eo
1623 3074 1717 3143 qui
1752 3075 2042 3130 verissime
2071 3107 2117 3166 α

477 3179 695 3225 constat
746 3167 966 3236 cognito
1011 3165 1145 3228 Deo,
1192 3163 1259 3216 ad
1304 3176 1496 3216 verum
1552 3174 1874 3230 rectumque
1919 3163 2046 3216 vita:

480 3273 686 3319 statum
726 3260 945 3314 tandem
994 3255 1334 3326 pervenisse.
1381 3255 1571 3323 itaque
1615 3255 2046 3323 quibuscumque

375 3401 380 3406 .
480 3357 567 3409 vel
601 3355 716 3422 ipse
766 3364 939 3422 prices
970 3349 1254 3410 Ecclesiis,
1286 3347 1373 3402 vel
1413 3348 1551 3402 alios
1583 3347 1789 3415 passim
1823 3346 2046 3414 episeo-

481 3460 604 3516 pos,
637 3444 1010 3514 presbyteros,
1043 3448 1139 3495 aut
1171 3440 1437 3494 diaconos
1475 3451 1710 3508 praeesse
1746 3436 1913 3500 nosti,
1948 3448 2050 3489 eos

477 3536 714 3590 admone
761 3544 822 3589 ut
870 3533 1163 3603 diligenter
1197 3531 1520 3585 incumbant
1566 3529 1621 3582 in
1656 3543 1820 3598 opera
1870 3527 2048 3582 cet-le-

479 3629 688 3680 siarum
723 3639 846 3694 qua:
894 3633 1214 3692 supersunt,
1270 3621 1356 3675 vel
1405 3619 1924 3681 restaurandarum,
1958 3618 2046 3671 vel

481 3717 1017 3785 amplificamlarum,
1049 3714 1134 3767 vel
1187 3713 1278 3766 ubi
1326 3711 1432 3765 hoc
1467 3710 1768 3764 necessitas
1800 3711 2050 3778 postula-

484 3812 648 3874 verit,
677 3823 872 3862 recens
894 3805 1376 3860 exstrneudarum.
1413 3802 1574 3858 Pctes
1609 3815 1790 3856 autem
1824 3817 1880 3855 et
1904 3803 2042 3872 ipse,

481 3901 644 3972 590
675 3912 730 3954 et
761 3901 853 3955 alii
902 3914 999 3969 per
1039 3909 1091 3952 te
1135 3905 1388 3967 sumptus
1423 3894 1769 3949 necessarios
1794 3911 1822 3948 a
1860 3896 2049 3963 praesi-

481 3997 647 4049 dibus
691 4004 747 4049 et
791 3991 1229 4063 provincialibus
1259 3986 1698 4058 magistratibus.
1750 3987 2048 4056 Diligenter

479 4101 720 4155 namque
770 4088 852 4139 eis
895 4100 991 4154 per
1022 4085 1236 4137 litteras
1276 4091 1361 4135 est
1391 4081 1734 4143 mandatum,
1770 4091 1830 4132 ut
1859 4098 1981 4150 quae
2015 4097 2046 4136 a

481 4179 772 4232 sanctitate
797 4189 886 4230 tua
920 4176 1069 4231 dicta
1095 4167 1327 4237 fuerint,
1355 4173 1455 4241 ipsi
1481 4183 1877 4238 exsequantur.
1902 4173 2047 4228 Deus

481 4280 532 4324 te
567 4277 769 4333 servet,
800 4269 968 4322 frater
995 4268 1217 4321 dilecte.
1254 4286 1273 4317 ι

482 4419 490 4426 ,
549 4361 676 4417 Hac
727 4361 795 4415 de
839 4360 1198 4415 ecclesiarum
1253 4358 1549 4412 structuris
1625 4373 1731 4411 non
1779 4358 1844 4411 ad
1900 4358 2047 4412 hunc

2160 511 2368 580 ἅπασιν
2396 526 2504 581 ὑπὸ
2536 524 2799 598 σκήπτρῳ
2845 526 3061 581 τελοῦσι
3108 511 3396 596 Ῥωμαίων
3427 511 3740 596 ἐπέστελλε,

2159 618 2260 688 τὴν
2309 619 2408 688 μὲν
2469 621 2744 688 προτέραν
2797 619 3014 688 ἀπάτην
3073 619 3379 688 ἀρνεῖσθαι,
3409 621 3508 689 τὴν
3538 621 3596 674 δέ
3647 621 3740 674 τοῦ

2160 710 2400 780 Χριστοῦ
2451 696 2796 763 διδασκαλίαν
2831 710 3199 772 ἀσπάζεσθαι.
3261 711 3385 772 Τοῖς
3417 706 3466 764 δ’
3515 713 3740 766 ἐπισκό-

2160 819 2284 865 ποις
2319 801 2580 873 χρήματα
2612 799 2867 868 πέμτων,
2923 803 3340 880 φιλοτιμότερον
3375 800 3468 854 ἐπὶ
3499 804 3600 866 τὰς
3626 805 3738 857 τῶν

2159 889 2464 957 ἐκκλησιῶν
2492 889 2782 959 οἰκοδομὰς
2817 890 3162 959 ἀνηρέθιζεν,
3189 893 3456 961 ἀφθόνους
3483 893 3739 963 χορηγῶν

2157 979 2257 1043 τὰς
2287 981 2532 1043 δαπάνας
2558 997 2573 1012 ·
2615 983 2875 1045 ῶσαύτως
2928 984 2982 1034 δέ
3019 980 3112 1035 καὶ
3145 983 3245 1047 τὰς
3280 986 3740 1055 ὲκκλησιαστκὰς

2161 1071 2378 1142 βίϐλους
2439 1075 2630 1145 χερσὶν
2685 1076 2842 1137 ἰδίαις
2899 1072 3136 1146 γράφειν
3195 1079 3291 1130 καὶ
3351 1078 3738 1142 ἐπισκευάζειν

2159 1167 2396 1219 ἐκέλευε.
2433 1164 2677 1235 Δηλώσει
2707 1167 2760 1218 δέ
2793 1169 2995 1236 μᾶλλον
3025 1169 3116 1220 τὸν
3166 1153 3364 1220 σκοπόν
3401 1169 3495 1221 τοῦ
3532 1186 3736 1239 γεγρα-

2159 1253 2321 1319 φότος
2385 1254 2416 1320 ή
2481 1255 2646 1306 αὑτοῦ
2711 1251 2970 1326 tirio-.0”)
3030 1257 3169 1328 πρὸς
3219 1258 3502 1323 Εὐσέϐιον,
3547 1259 3737 1312 τοῦτον

2156 1345 2358 1414 ἔχουσα
2398 1343 2488 1399 τὸν
2524 1347 2724 1418 τρόπον
2753 1364 2766 1376 ·

2181 1632 2184 1634 ν
2218 1629 2222 1634 _
2505 1627 2509 1632 ‘
2737 1534 2986 1611 rem.
3019 1532 3147 1611 K2".
3640 1626 3641 1630 η

2167 1637 2512 1716 Ἐπιστολαὶ
2570 1645 2676 1716 τοῦ
2707 1645 2973 1715 μεγάλου
3008 1643 3468 1702 Κωνστὰντίνου
3505 1638 3641 1715 ρξερὶ
3668 1642 3731 1701 re

2228 1714 2352 1788 τ-ῆς-
2395 1714 2524 1788 τῶν,
2549 1714 2899 1788 ἐκκλησιῶν
2947 1716 3291 1788 οζκοδομῆς.
3347 1721 3445 1770 καὶ
3477 1714 3584 1785 τῆς
3613 1714 3735 1770 τῶν

2085 1771 2127 1827 Β
2227 1771 2401 1850 ιερῶν
2421 1786 2683 1849 βιϐλίων
2707 1771 3064 1855 ἐπισκευῆς.

2229 1895 2249 1928 ι
2289 1876 2535 1946 Νικητὴς
2573 1877 3023 1940 Κωνσταντῖνος,
3068 1874 3378 1944 Μέγιστος,
3434 1876 3730 1941 Σεόαστόςδ

2152 1963 2420 2035 Εὑσεόίῳ.
2454 1965 2599 2029 Ἕως
2651 1964 2747 2020 τοῦ
2782 1969 3049 2036 παρόντος
3105 1968 3327 2037 χρόνου,
3359 1968 3460 2039 τῆς
3510 1969 3728 2022 ἀνοσίου

2153 2055 2468 2125 βουλήσεως
2514 2055 2610 2110 καὶ
2648 2059 2968 2128 τυραννίδος
3009 2061 3135 2122 τοὺς
3173 2060 3458 2131 ὑπηρέτας
3486 2059 3581 2113 τοῦ
3611 2060 3726 2111 Σω-

2149 2147 2314 2214 τῆρος
2359 2145 2496 2199 θεοῦ
2544 2146 2878 2217 διωκούσης,
2939 2152 3280 2204 πεπίστευκα
3330 2151 3426 2203 καὶ
3481 2146 3728 2220 ἀκριϐῶς

2151 2236 2392 2305 ἐμαυτὸν
2431 2237 2697 2305 πέπεικα,
2744 2239 2939 2293 πασῶν
2971 2241 3084 2294 τῶν
3119 2241 3432 2313 ἐκκλησιῶν
3472 2244 3541 2296 τὰ
3588 2244 3728 2311 ἔργα
3807 2284 3816 2290 .

2153 2328 2183 2398 ἧ
2215 2329 2322 2381 ὑπὸ
2347 2329 2610 2399 ἀμελείας
2657 2329 3007 2402 διεφθάρθαι,
3042 2333 3074 2404 ἢ
3125 2335 3274 2405 φόϐῳ
3301 2336 3399 2403 τῆς
3439 2337 3730 2404 ἐπικειμεό

2150 2433 2248 2485 νης
2279 2418 2495 2480 ἀδικίας
2551 2418 2814 2473 ἐλάττονα
2842 2423 2941 2491 τῆς
2973 2422 3131 2488 ἀξίας
3163 2425 3728 2495 γεγενῆσθαι.ἀδελφὲ

2151 2510 2607 2580 προσφιλέστατε.
2625 2511 2766 2564 Νυνὶ
2792 2512 2849 2566 δὲ
2865 2514 2964 2584 τῆς
2987 2515 3304 2587 ἐλευθερίας
3339 2519 3726 2586 ἀποδοθείσης,

2151 2605 2362 2658 καὶτοῦ
2391 2603 2684 2674 δράκοντος
2712 2606 2920 2659 ἐκείνου
2947 2607 3057 2660 ἀπὸ
3084 2608 3182 2678 τῆς
3208 2611 3317 2661 τῶν
3351 2610 3548 2662 κοινῶν
3589 2611 3728 2664 διοιὲ

2153 2699 2384 2768 κήσεως,
2431 2698 2569 2752 Θεοῦ
2616 2697 2710 2751 τοῦ
2759 2699 3018 2768 μεγίστου
3071 2703 3339 2773 προνοίᾳ,
3371 2701 3618 2775 ἡμετέρᾳ
3664 2701 3726 2756 δὲ

2151 2790 2427 2861 ὑπηρεσίᾳ
2474 2791 2818 2860 διιοχθέντος,
2874 2792 3122 2863 ἠγοῦμαι
3172 2797 3265 2847 καὶ
3296 2797 3431 2849 πᾶσι
3481 2801 3730 2866 φανερὰν

2149 2882 2482 2951 γεγενῆσθαι
2525 2883 2626 2954 τὴν
2674 2884 2828 2936 θείαν
2878 2884 3145 2952 δύναμινο
3202 2887 3298 2939 καὶ
3343 2889 3532 2960 τοὺςῆ
3571 2893 3726 2959 φόϐῳ

2149 2975 2182 3044 ἢ
2230 2974 2458 3045 ἀπιστίᾳ
2487 2973 2518 3043 ἢ
2559 2975 2921 3044 ἁμαρτήματι
2955 2976 3374 3044 περιπεσόντας,
3405 2982 3727 3047 ἐπιγνόντας

2148 3065 2239 3119 τὸν
2265 3065 2459 3128 ὅντως,
2493 3066 2646 3135 ἥξειν
2689 3067 2786 3118 ἐπὶ
2834 3067 2932 3136 τὴν
2967 3068 3139 3138 ἀληθῆ
3166 3071 3260 3122 καὶ
3290 3069 3456 3142 ὀρθὴν
3481 3072 3574 3125 τοῦ
3604 3073 3726 3143 βίου

2150 3159 2505 3213 κατάστασιν.
2541 3159 2724 3212 Ὀσων
2764 3159 2944 3212 τοίνυν
2987 3159 3020 3229 ἢ
3056 3161 3217 3223 αὐτὸς
3259 3164 3591 3232 προΐσταται
3628 3169 3727 3219 ex:

2151 3251 2414 3322 κλησιῶν,
2449 3251 2484 3321 ἦ
2513 3251 2707 3308 ἄλλους
2739 3253 2865 3314 τοὺς
2903 3253 3045 3305 κατὰ
3069 3253 3234 3306 τόπον
3280 3259 3724 3328 προϊσταμένους

2151 3344 2501 3410 ὲ·πισκ5πους,
2546 3343 2954 3414 πρεσϐυτέρως
3002 3359 3065 3397 τε
3119 3345 3150 3414 ἢ
3207 3347 3490 3411 διακόνους
3537 3346 3720 3414 οἶσθα,

2149 3438 2467 3508 ὑπόμνησον
2491 3437 2814 3501 σπουδάζειν
2843 3438 2973 3508 περὶ
2991 3439 3062 3492 τὰ
3088 3439 3227 3510 ἔργα
3248 3441 3354 3492 τῶν
3386 3442 3724 3512 ἐκκλησιῶνε

2148 3527 2181 3599 ἢ
2213 3525 2650 3596 ἐπανορθοῦσθαι
2702 3530 2769 3580 τὰ
2793 3527 2923 3580 θντα
2943 3567 2960 3593 ,
3000 3528 3032 3597 ἢ
3067 3530 3146 3591 εἰς
3183 3529 3411 3597 μείζονα
3442 3529 3653 3596 αὒξειν,
3685 3532 3723 3602 ἢ

2148 3617 2279 3670 ἔνθα
2308 3618 2373 3670 ἂν
2397 3619 2430 3688 ή
2458 3616 2620 3687 χρεία
2653 3617 2880 3687 ἀπαιτῇ,
2918 3618 3085 3671 καινὰ
3120 3621 3314 3674 ποιεῖν.
3355 3620 3616 3690 Αξτὴσεις
3663 3622 3723 3674 δὲ

2148 3709 2249 3762 καὶ·
2275 3707 2460 3776 αὐτὸς,
2494 3709 2591 3762 καὶ
2617 3709 2670 3761 οἱ
2716 3708 2896 3762 λοιποὶ
2931 3710 3020 3763 διὰ
3045 3709 3139 3762 σοῦ
3164 3711 3233 3763 τά
3262 3713 3538 3778 ἀναγκαῖα
3570 3713 3726 3780 παρά

2145 3818 2208 3854 τε
2249 3801 2356 3854 τῶν
2401 3799 2848 3871 ἡγεμονευόντων
2881 3803 2974 3855 καὶ
3009 3803 3110 3870 τῆς
3159 3801 3462 3872 ἐπαρχικῆς
3493 3803 3718 3867 τάξεως.

2148 3892 2376 3956 Τούτοις
2413 3893 2521 3963 γὰρ
2559 3893 2833 3963 ἐπεστάλη
2876 3895 3029 3966 πάσῃ
3061 3895 3270 3964 σπουδῇ
3306 3896 3725 3965 ἐξυπηρετήσα-

2151 3987 2278 4041 σθαι
2332 3989 2450 4050 τοῖς
2499 3987 2606 4041 ὑπὸ
2647 3988 2746 4058 τῆς
2801 3988 2902 4057 σῆς
2945 3991 3224 4059 ὁσιότητος
3269 3991 3605 4059 λεγομένοιςε
3663 3991 3724 4046 '0

2149 4079 2282 4144 Θεός
2318 4097 2376 4133 σε
2413 4079 2756 4147 διαφυλάξοι,
2793 4082 2992 4150 ἀδελφὲ
3026 4083 3305 4152 ἀγαπητέε
3341 4101 3366 4138 ι

2215 4356 2402 4409 Ταῦτα
2451 4357 2580 4427 περὶ
2626 4359 2726 4426 τῆς
2787 4357 2896 4409 τῶν
2951 4359 3259 4428 ἐκκλησιῶν
3315 4362 3608 4433 οἰκοδομῆς
3660 4366 3722 4418 οὗ

479 4452 664 4518 modo,
704 4455 798 4507 sed
836 4462 890 4504 et
919 4451 985 4504 ad
1020 4450 1263 4519 reliquos
1295 4451 1590 4517 episcopos
1627 4449 1874 4518 scripsit.
1909 4450 2044 4514 Quae

2154 4448 2326 4517 τούτῳ
2361 4449 2540 4520 μόνῳ,
2577 4450 2716 4504 ἀλλὰ
2749 4452 2843 4502 καὶ
2872 4455 2988 4514 τοῖς
3025 4452 3238 4517 λοιποῖς
3264 4455 3374 4508 τῶν
3407 4458 3727 4511 ἐπισκόπων

479 4555 664 4598 autem
721 4543 960 4597 Eusebio
1013 4541 1282 4608 Pamphili
1329 4542 1395 4594 de
1441 4541 1708 4594 librorum
1757 4557 2051 4609 compara-

482 4639 633 4691 tione
690 4635 1036 4704 siguiticarit,
1102 4635 1257 4687 hisce.
1314 4633 1699 4702 subjungam:
1769 4652 1787 4685 ι
1859 4633 2048 4689 Victor

479 4729 874 4784 Constantinus
946 4725 1213 4779 Maximus
1271 4725 1549 4794 Augustus
1620 4727 1885 4782 Eusebio.
1988 4728 2048 4782 ln

480 4821 807 4889 cognomine
841 4819 1000 4871 nobis
1041 4817 1198 4878 urbe,
1249 4817 1544 4872 Salvatoris
1595 4821 1688 4873 Dei
1736 4821 2052 4889 opitulante

484 4908 854 4983 providentia,
888 4924 1008 4960 max
1038 4923 1137 4976 ma.
1172 4908 1456 4960 hominum
1503 4909 1798 4962 nmltitudo
1842 4909 2051 4963 sancti-

485 5007 638 5058 simae
668 5004 915 5057 ecclesiae
947 5015 1145 5054 nomen
1183 5000 1358 5061 dedit,
1386 5017 1554 5070 seque
1586 5002 1759 5068 ipsam
1791 5001 1867 5056 illi
1903 5002 2055 5055 diea-

483 5102 604 5153 vit:
638 5109 699 5150 ut
727 5095 990 5150 omnibus
1021 5095 1130 5147 illis
1161 5093 1457 5164 plurimum
1491 5095 1838 5162 capientibus
1873 5096 2057 5148 incre-

486 5189 696 5252 menti,
757 5186 1070 5240 faciendum
1138 5186 1366 5239 omnino
1418 5187 1692 5250 videatur,
1749 5195 1811 5240 ut
1865 5189 2054 5255 plures

483 5293 704 5348 quoque
760 5277 836 5330 ibi
893 5286 1293 5330 construantur
1351 5278 1617 5331 ecclesias.
1679 5278 2053 5346 Quapropter,

485 5370 630 5440 quod
666 5368 876 5440 judicio
909 5377 1096 5422 nostro
1141 5369 1348 5438 placuit
1381 5370 1717 5438 (prudentia:
1752 5372 1900 5425 enim
1947 5381 2054 5424 tute

488 5465 913 5533 signiﬁcandum
969 5461 1278 5532 duximus),
1330 5463 1382 5516 id
1426 5465 1791 5518 libentissime
1841 5464 2056 5531 accipe,

492 5564 551 5606 ut
597 5555 930 5622 comparatis
975 5553 1376 5623 quinquaginta
1425 5553 1870 5606 membranarum
1903 5555 2056 5608 codi.

492 5643 684 5707 cibus,
729 5644 822 5714 qui
867 5653 922 5699 et
975 5643 1040 5698 ad
1087 5645 1452 5698 evolvendum
1506 5655 1560 5697 et
1604 5645 1668 5696 ad
1726 5647 2054 5714 portandum

507 5737 781 5797 commodi
812 5737 993 5800 sint,a
1018 5737 1246 5792 notariis
1275 5736 1504 5800 pulchre
1535 5737 1809 5791 scribendi
1845 5740 2054 5800 ueritis,

2155 4540 2501 4595 ἐπέστειλεν.
2528 4536 2628 4593 Οἷα
2651 4541 2710 4593 δὲ
2749 4542 2847 4596 καὶ
2872 4541 2948 4611 τῷ
2988 4543 3274 4613 Παμφίλου
3306 4545 3555 4614 Εὖσεϐίῳ
3583 4549 3727 4620 ὑπὲρ

2152 4631 2255 4702 τῆς
2308 4633 2416 4685 τῶν
2460 4630 2684 4701 βιϐλίων
2745 4633 3046 4702 ἐπισκευῆς
3087 4634 3346 4705 ἔγραψεν,
3378 4637 3508 4708 ἐΕῆς
3543 4657 3725 4710 παρα.

2156 4725 2428 4796 θήσομαι⁶
2465 4743 2482 4776 ι
2515 4722 2762 4796 Νικητὴς
2795 4727 3210 4793 Κωνσταντϊνος
3252 4731 3522 4798 Μέγιστος
3555 4733 3727 4786 Σεϐα-

2157 4817 2281 4880 στὸς
2313 4817 2582 4888 Εὑσεὸίῳ.
2617 4819 2776 4872 Κατὰ
2804 4819 2904 4890 τὴν
2933 4821 3221 4893 ἐπώνυμον
3251 4825 3408 4892 ήμῶν
3433 4827 3590 4879 πόλιν
3625 4829 3726 4896 τῆς

2156 4908 2250 4961 τοῦ
2283 4911 2538 4980 Σωτῆρος
2587 4909 2722 4964 Θεοῦ
2761 4916 3158 4983 συναιρομένης
3189 4917 3442 4984 προνοίας
3473 4924 3728 4986 μέγιστον

2157 4999 2684 5070 πλῆθοςάνθρὼπων
2713 5006 2778 5073 τῇ
2812 5004 3096 5078 ἁγιωτάτῃ
3127 5007 3422 5077 Ἐκκλησία
3453 5010 3733 5063 ἀνατέθει-

2159 5109 2255 5143 κεν
2296 5091 2457 5145 ἑαυτό
2513 5092 2589 5155 ὡς
2620 5094 2839 5148 πάντων
2869 5098 3050 5149 ἐκεῖσε
3084 5099 3286 5169 πολλὴν
3311 5101 3584 5155 λαϐόντων
3630 5102 3731 5155 αὕ-

2159 5183 2335 5251 ξησιν,
2371 5185 2577 5254 σφόδρα
2611 5187 2764 5252 ἀξιον
2795 5190 3250 5257 καταφαίνεσθαι,
3283 5194 3376 5245 καὶ
3432 5195 3732 5265 ἐκκλησίας

2157 5276 2216 5326 ἐν
2249 5276 2384 5346 αὐτῇ
2421 5278 2933 5348 κατασκευασθῆναι
2962 5281 3200 5344 πλείους.
3234 5283 3527 5352 Τοιγάρτοι
3554 5287 3732 5350 δέδεξο

2159 5369 2549 5438 προθυμότατα
2607 5371 2667 5423 τὸ
2729 5371 2888 5437 δόξαν
2945 5376 3010 5443 τῇ
3071 5375 3319 5446 ἡμετέρᾳ
3371 5381 3730 5448 προαιρέσειο

2162 5463 2373 5529 πρέπον
2406 5464 2513 5532 γὰρ
2543 5465 2823 5533 κατεφάνη
2852 5465 3087 5534 δηλῶσαι
3119 5467 3277 5520 τοῦτο
3305 5473 3369 5540 τῇ
3400 5472 3466 5540 σῇ
3495 5471 3730 5533 συνέδει,

2160 5557 2328 5621 ὅπως.
2355 5555 2419 5606 ἂν
2473 5552 2517 5608 ν’
2564 5555 2814 5624 σωμάτια
2856 5559 2913 5608 ἐν
2949 5558 3232 5629 διφθέραις
3278 5562 3729 5629 ἐγκατασκεύοις,

2161 5647 2696 5713 εὐαναγνωστότατα,
2727 5648 2825 5700 καὶ
2849 5649 2985 5718 πρὸς
3025 5651 3121 5721 τὴν
3141 5656 3335 5723 χρῆσιν
3359 5656 3735 5724 εὐπαρακόμι-

2164 5757 2286 5801 στα,
2317 5737 2424 5789 ὑπὸ
2471 5735 2733 5805 τεχνιτῶν
2781 5738 3188 5810 καλλιγράφων,
3224 5748 3316 5798 καὶ
3350 5746 3591 5816 ἀκριϐῶς
3634 5746 3733 5818 τὴν
