4118 6496
525 282 629 351 ld'l

1741 288 2164 352 NICEPHORI
2202 290 2547 354 CALLIS'I‘I

3666 288 3772 357 108

519 401 836 456 :ibertatem
887 399 1205 467 vindicatis,
1253 409 1474 457 erutum
1530 403 1824 466 relucerct,
1868 421 2075 461 omnem

2194 406 2562 473 συνελθόντες,
2617 404 2766 472 ἄξιόν
2806 421 2860 458 τι
2904 400 2998 459 τοῦ
3034 405 3363 474 πράγματος
3407 398 3666 456 ἐθέλωσιν
3694 415 3773 458 ει·

517 491 768 561 prol'ecto
806 502 1085 562 stuporem
1117 501 1174 547 et
1201 492 1624 548 admirationem
1665 495 1910 552 excellit.
1946 497 2083 552 Nam

518 586 735 641 etiamsi
761 588 855 656 qni
889 586 1097 655 ubique
1125 596 1398 640 terrarum
1423 601 1546 641 esse
1572 586 1833 641 videnlur
1865 589 2084 658 sapien-

520 686 604 731 tes
639 678 914 738 homines.
971 678 1023 731 in
1075 692 1247 731 unum
1291 677 1659 747 enmdemque
1692 681 2087 736 convenientes

519 773 723 834 locum,
754 771 981 840 ilignum
1015 770 1221 840 aliquid
1258 786 1318 825 re
1363 780 1512 825 tanta
1547 771 1735 826 dicere
1781 773 1973 837 velint,
2017 788 2087 827 ne

518 861 800 913 minimam
840 860 1064 929 quidem
1106 871 1315 927 partem
1363 868 1544 913 tamen
1592 861 1713 928 ejus
1753 862 2086 931 eloquentia:

512 954 931 1006 concertatione
966 952 1274 1021 attigerint.
1313 951 1474 1022 592
1529 950 1764 1006 Tantum
1798 954 1946 1007 enim
1981 955 2085 1008 mi-

515 1045 689 1099 raculi
727 1045 890 1114 hujus
926 1043 1062 1099 lides
1090 1053 1364 1108 naturam,
1391 1060 1557 1113 quant
1593 1045 1832 1098 humana
1866 1046 2006 1102 ratio
2027 1057 2083 1101 et

510 1136 774 1205 cogitatio
836 1135 1223 1205 consequitur,
1281 1152 1503 1189 onmem
1575 1137 1818 1201 excellit,
1873 1150 2081 1207 quanto

510 1229 679 1282 rebus
712 1228 1000 1281 hominum
1029 1227 1272 1282 caelestia
1301 1237 1431 1279 sunt
1456 1226 1762 1282 cllicaeinra
1798 1239 1854 1283 et
1881 1239 2081 1298 poten-

510 1321 673 1376 tiora.
726 1318 858 1373 Eam
908 1320 978 1373 oh
1019 1335 1243 1374 causam
1291 1320 1382 1373 ille
1431 1321 1565 1375 mihi
1614 1338 1834 1391 semper
1881 1324 2080 1379 unicus

506 1423 563 1469 et
616 1415 932 1485 praecipuus
988 1415 1347 1469 consiliorum
1409 1425 1769 1485 actorumqne
1827 1416 2080 1471 omnium

511 1508 833 1576 propositus
880 1516 966 1561 est
1005 1506 1149 1571 linis,
1188 1516 1247 1559 ut
1289 1507 1757 1575 quemadmodum
1803 1523 1862 1562 se
1906 1508 2080 1578 ipsam

508 1600 671 1655 novis
717 1599 998 1654 miraculis
1041 1599 1291 1653 veritatis
1336 1597 1473 1654 ﬁdes
1504 1598 1754 1664 exhibet,
1787 1598 1869 1654 sic
1911 1599 2078 1654 etiam

507 1691 680 1745 animi
714 1691 960 1745 omnium
1009 1697 1259 1744 nostrum
1296 1690 1555 1744 castitate
1602 1700 1660 1745 et
1701 1691 2072 1746 consentienti

2188 503 2333 566 πείν,
2355 500 2467 554 οὐδ’
2496 500 2563 553 ἂν
2598 500 2737 570 πρὸς
2767 500 2829 553 τὸ
2862 497 3201 568 βραχύτατον
3217 495 3581 566 ἁμιλληθῆναι
3610 497 3770 567 δυνή-

2190 609 2375 647 σονται
2405 607 2420 621 ⁸
2456 594 2549 646 ἐπὶ
2581 592 2824 660 τοσούτῳ
2877 592 3059 645 πᾶσαν
3098 588 3447 660 ἀνθρωπίνου
3499 589 3768 658 λογισμοῦ

2187 684 2505 752 χωρητικὴν
2564 682 2792 753 φύσινὴ
2846 680 2942 734 τοῦ
2998 679 3284 747 θαύματος
3339 678 3531 733 τούτου
3581 680 3771 742 πίστις

2186 773 2533 842 ὑπερόαίνει,
2565 773 2677 842 ὅσῳ
2702 773 2812 825 τῶν
2844 772 3203 842 ἀνθρωπίνων
3249 771 3317 823 τὰ
3354 770 3583 841 οὐράνια
3611 771 3767 823 συνέ-

2186 879 2390 934 στηκεν
2419 861 2560 917 εἶναι
2591 863 2964 933 δυνατώτερα.
2993 864 3097 916 Διά
3123 862 3284 915 τοῦτο
3308 860 3441 930 γοῦν
3473 858 3633 922 οὗτος
3677 861 3769 915 ἀεὶ

2183 958 2280 1009 καὶ
2314 959 2474 1025 μόνος
2512 957 2607 1008 καὶ
2647 955 2867 1024 πρῶτος
2918 955 3036 1007 ἐστι
3092 972 3185 1023 μοι
3225 954 3449 1017 σκοπὸς,
3481 953 3549 1007 ἶν’
3577 953 3768 1024 ὥσπερ

2183 1046 2386 1117 ἑαυτὴν
2423 1047 2761 1116 καινοτέροις
2785 1046 3067 1115 θαύμασιν
3099 1047 3133 1116 η
3165 1045 3266 1114 τῆς
3289 1044 3549 1115 ἀληθείας
3583 1046 3767 1108 πίστις
3847 1106 3853 1112 _

2182 1139 2575 1203 ἐπιδείκνυται,
2629 1139 2777 1192 οὕτω
2825 1140 2920 1192 καὶ
2982 1138 3041 1190 αι
3088 1138 3260 1207 ψυχαὶ
3322 1139 3545 1191 πάντων
3600 1137 3764 1208 ἡμῶν

2184 1227 2514 1302 σωφροσύνῃ
2540 1230 2631 1281 καὶ
2657 1230 3008 1298 ὁμογνώμονι
3030 1228 3314 1299 προθυμίᾳ
3345 1231 3765 1300 σπουδαιότεραι

2181 1319 2444 1385 γίνωνται
2464 1335 2480 1349 ’
2506 1320 2646 1389 ὅπερ
2696 1320 2889 1386 ἐπειδὴ
2917 1321 3053 1374 πᾶσι
3084 1320 3293 1389 νομίζω
3333 1316 3474 1375 εἶναι
3504 1322 3763 1391 φανερὸν,

2179 1411 2360 1464 ἐκεῖνο
2416 1412 2657 1478 μάλιστά
2689 1429 2749 1465 σε
2817 1411 3116 1466 πεπεῖσθαι
3179 1411 3466 1482 βούλομαι,
3525 1414 3603 1478 ὡς
3652 1414 3764 1483 ἀρα

2180 1502 2403 1555 πάντων
2439 1519 2533 1571 μοι
2568 1503 2809 1573 μάλιστα
2844 1504 3020 1571 μέλει,
3073 1505 3225 1567 ὅπως
3252 1504 3345 1558 τὸν
3378 1505 3523 1575 ἱερὸν
3550 1507 3763 1561 ἐκεῖνον

2165 1591 2371 1654 ,τόπον,
2430 1592 2490 1643 ὃν
2539 1593 2677 1645 Θεοῦ
2731 1595 3130 1663 προστάγματι
3178 1594 3469 1664 αἰσχίστης
3522 1595 3759 1648 εἰδώλων

2180 1685 2502 1754 προσθήκης
2544 1684 2734 1755 ὥσπερ
2764 1688 2910 1752 τινὸς
2962 1688 3322 1757 ἐπικειμένου
3368 1686 3571 1757 βάρους
3604 1679 3764 1740 ἐκού-

506 1742 947 1853 ιξτὸὶὲζριῖιυάιυο
1001 1742 1345 1836 mea...“
1367 1742 1677 1836 addant.
1712 1742 2071 1851 missa

2185 1742 2343 1844 φισα,
2364 1742 2523 1846 άγιον
2554 1778 2655 1847 μὲν
2685 1742 2921 1849 ἐξαρχῆς
2950 1779 3087 1833 Θεοῦ
3133 1742 3315 1848 κρίσει
3363 1742 3762 1849 γεγενημένον,

506 1890 634 1929 cum
674 1874 934 1929 erunibus
963 1873 1317 1928 manifestum
1354 1882 1509 1943 puto,
1545 1883 1659 1927 tum
1694 1874 1799 1928 hoc
1835 1875 2075 1931 maxime

507 1970 608 2026 tibi
657 1984 982 2039 persuasum
1036 1982 1160 2023 esse
1204 1968 1350 2032 volo,
1399 1984 1585 2023 rerum
1630 1970 1877 2025 omnium
1935 1971 2071 2035 illud

502 2062 637 2117 mihi
689 2074 1041 2129 summopere
1078 2073 1200 2115 esse
1240 2075 1407 2125 curae,
1453 2068 1515 2114 ut
1553 2073 1831 2116 sacratum
1865 2062 2072 2131 locum,

501 2170 664 2226 qnem
692 2154 850 2225 jussu
888 2152 1007 2218 Dei,
1033 2153 1356 2210 accessione
1381 2153 1816 2210 foedissimorum
1847 2156 2075 2211 simula-

499 2260 748 2311 crorum,
777 2244 947 2300 veluti
987 2242 1229 2313 quodam
1270 2245 1581 2300 imminenti
1626 2238 1893 2317 gravique
1934 2263 2073 2317 pon-

499 2338 635 2392 dere
675 2336 876 2401 levavi,
920 2346 1171 2390 sanetum
1218 2335 1441 2405 quidem
1480 2338 1592 2407 jam
1641 2348 1756 2392 tum
1810 2339 1879 2393 ab
1914 2340 2073 2396 initio

497 2431 652 2485 illum
682 2430 895 2507 judicio
942 2428 1040 2485 Dei
1087 2431 1329 2495 factum,
1378 2431 1477 2485 sed
1514 2431 1848 2487 sanctiorem
1901 2433 2069 2488 etiam

498 2524 731 2587 factum,
755 2537 824 2577 ex
848 2534 959 2591 quo
982 2518 1283 2575 salutiferae
1307 2521 1582 2590 passionis
1614 2520 1778 2577 Iidem
1808 2523 1863 2577 in
1891 2523 2071 2580 lucem

499 2614 754 2684 protulit,
781 2612 1140 2668 aediﬁciorum
1168 2612 1419 2682 pulchris
1446 2616 1747 2671 structuris
1775 2629 2068 2673 exornem.

495 2707 773 2762 Convenit
802 2707 970 2777 igitur
995 2706 1235 2761 solertiae
1262 2715 1392 2771 tuae,
1413 2708 1602 2763 omnia
1632 2708 1715 2764 sic
1745 2709 2068 2781 disponere,

495 2811 553 2856 et
615 2815 705 2855 res
748 2814 996 2869 quasque
1050 2800 1396 2854 necessarias
1455 2814 1778 2871 procurare,
1845 2813 1905 2858 ut
1957 2820 2069 2859 non

495 2891 664 2946 modo
696 2890 924 2945 basilica
962 2889 1085 2945 aliis
1114 2904 1238 2959 qua:
1281 2890 1490 2959 ubique
1522 2899 1655 2946 sunt
1694 2895 2065 2962 praestantior,

494 2983 592 3038 sed
619 2991 676 3036 et
724 2981 936 3050 reliqua
976 2980 1164 3036 ornnia
1214 2980 1291 3035 ita
1337 2990 1738 3038 construantur
1766 2992 1933 3053 atque
1969 3001 2069 3057 pa-

492 3084 711 3138 rentur,
754 3086 814 3127 ut
861 3088 1207 3143 quaecunque
1255 3073 1311 3127 in
1362 3074 1789 3146 quibuscunque
1836 3080 2139 3162 urbibusc

492 3166 917 3237 pulchritudine
958 3177 1090 3242 sunt
1131 3166 1463 3222 excellentia
1496 3183 1689 3238 opera,
1719 3185 1750 3224 a
1787 3179 2067 3233 structura

491 3258 598 3313 ista
641 3260 802 3328 longe
851 3268 1208 3326 superentur.
1262 3259 1445 3329 Atque
1489 3260 1748 3330 equidem
1779 3264 1850 3320 de
1883 3268 2068 3337 parie-

494 3350 612 3402 tuih
647 3364 818 3419 opere
867 3359 1035 3419 atque
1066 3348 1328 3414 artiﬁcio,
1368 3350 1702 3407 Dractlliano
1741 3356 1921 3412 amico
1960 3374 2068 3415 no-

491 3453 634 3506 stro,
666 3443 763 3512 qui
783 3441 1221 3497 clarissimorum
1254 3442 1643 3511 praefectorum
1671 3458 1857 3511 partes
1883 3449 2064 3505 admi-

491 3535 714 3597 nistrat,
749 3545 805 3590 et
853 3534 1154 3604 provinciae
1188 3535 1418 3602 rectori,
1457 3551 1489 3590 a
1538 3538 1702 3594 nobis
1747 3542 2062 3598 mandatam

489 3640 615 3680 esse
679 3641 871 3680 curant
910 3626 1092 3697 .scito.
1154 3626 1498 3697 Praeceptum
1565 3629 1714 3684 enim
1775 3648 1803 3685 a
1864 3633 2066 3702 pietate

492 3731 685 3776 nostra
718 3731 824 3784 est,
858 3730 918 3775 ut
944 3721 1204 3785 artiﬁces,
1232 3736 1434 3790 Operae,
1461 3730 1518 3777 et
1551 3738 1896 3795 quaecunque
1927 3742 2067 3797 pm-

488 3821 641 3866 terea
674 3820 805 3866 sunt
835 3812 903 3866 ad
937 3812 1364 3868 aediﬁcationem
1396 3817 1730 3882 necessaria,
1758 3833 1885 3873 cum
1915 3817 1973 3875 id
1997 3837 2065 3875 ex

489 3907 718 3961 solertia
754 3914 844 3959 tua
883 3907 1267 3976 cognoverint,
1298 3907 1590 3963 confestim
1640 3925 1740 3980 per
1769 3914 2068 3981 providen-

492 4000 624 4055 tiam
683 3999 904 4054 illorum
956 3999 1268 4057 mittantur.
1322 4002 1400 4058 De
1444 4004 1722 4060 columnis
1777 4018 1962 4063 autem
2008 4020 2067 4067 et

494 4106 797 4156 marmore,
843 4107 967 4161 quae
1014 4094 1466 4163 praestantissima
1513 4107 1571 4152 et
1617 4103 2063 4159 commodissima

489 4186 680 4254 operis
715 4184 888 4253 ipsius
919 4185 1099 4238 forma
1129 4188 1444 4241 summatim
1476 4202 1764 4259 perspecta
1785 4196 2066 4253 existima-

486 4276 641 4331 veris
664 4290 820 4339 esse,
843 4276 911 4330 ad
945 4292 1046 4330 nos
1081 4286 1164 4331 Iac
1194 4278 1431 4343 scribas,
1462 4290 1521 4334 ut
1542 4292 1680 4351 quot
1712 4296 1768 4339 et
1801 4289 2062 4355 qualibus

486 4384 629 4437 opus
654 4366 844 4432 fuerit,
879 4382 1010 4422 cum
1029 4384 1098 4421 ex
1128 4368 1331 4424 litteris
1362 4373 1473 4425 tuis
1506 4372 1963 4445 intellexerimus,
1991 4397 2056 4436 ea

2184 1867 2486 1939 ἀγιὼτερον
2515 1868 2574 1922 δὲ
2602 1870 3013 1938 ἀποφανθέντα,
3043 1870 3137 1939 ἀφ’
3165 1862 3227 1924 οῦ
3249 1869 3349 1942 τὴν
3366 1868 3462 1924 τοῦ
3489 1869 3760 1942 σωτηρίου

2185 1957 2391 2021 πάθους
2422 1959 2608 2013 πίστιν
2638 1960 2723 2022 είς
2749 1958 2866 2028 φῶς
2917 1958 3244 2030 προήγαγεν
3265 1996 3280 2023 ,
3302 1957 3758 2029 οἰκοδομημάτων

2182 2051 2371 2105 κάλλει
2407 2052 2802 2123 κοσμήσωμεν.
2840 2055 3117 2124 Προσήκει
3165 2051 3346 2106 τοίνυν
3380 2050 3482 2122 τὴν
3520 2048 3622 2119 σὴν
3661 2051 3761 2116 ἀγ-

2181 2144 2389 2216 χίνοιαν
2409 2144 2553 2200 οὕτω
2574 2147 2824 2212 διατάξαι
2849 2163 2909 2200 τε
2934 2147 3028 2201 καὶ
3046 2146 3282 2202 ἑκάστου
3305 2143 3415 2199 τῶν
3440 2144 3758 2213 ἀναγκαίων

2180 2240 2517 2309 ποιήσασθαι
2562 2239 2862 2309 πρόνοιαν,
2904 2238 2979 2304 ὡς
3023 2239 3085 2292 οὐ
3134 2237 3296 2309 μόνον
3345 2235 3631 2307 βασιλικὴν
3661 2234 3760 2288 καὶ

2180 2328 2290 2381 τῶν
2343 2327 2623 2399 πανταχοῦ
2670 2328 2944 2399 βελτίονα,
2974 2327 3110 2382 ἀλλά
3133 2327 3229 2381 καὶ
3245 2327 3313 2380 τά
3341 2324 3508 2379 λοιπὰ
3530 2324 3758 2379 τοιαῦτα

2180 2416 2463 2487 γενέσθαι,
2493 2420 2572 2484 ὡς
2601 2422 2777 2476 πάντα
2807 2421 2879 2474 τὰ
2912 2421 2999 2492 ἐφ’
3028 2421 3269 2490 ἑκάστης
3303 2419 3516 2483 πόλεως
3570 2419 3758 2473 καλλι-

2179 2511 2440 2565 στεύοντα
2484 2511 2592 2566 ὑπὸ
2644 2511 2738 2567 τοῦ
2777 2513 3074 2583 κτίσματος
3108 2511 3299 2566 τούτου
3332 2509 3606 2567 νικᾶσθαι.
3645 2512 3758 2566 Καὶ

2180 2604 2436 2675 περὶτῆς
2461 2604 2574 2658 τῶν
2605 2605 2804 2676 τοίχων
2855 2606 2915 2658 δέ
2973 2605 3239 2676 ἐργασίας
3283 2606 3379 2659 καὶ
3401 2604 3758 2674 καλλιεργίας

2177 2695 2555 2767 Δρακιλλιανῷ
2592 2696 2669 2766 τῷ
2708 2698 2966 2779 ημετέρῳ
3009 2699 3150 2769 φίλῳ
3182 2698 3427 2754 διέποντι
3449 2697 3558 2751 τῶν
3606 2697 3756 2768 λαμ-

2178 2789 2471 2857 προτάτων
2518 2789 2778 2859 ἐπάρχων
2823 2791 2892 2844 τά
2924 2791 3090 2861 μέρη,
3147 2792 3243 2845 καὶ
3288 2790 3368 2862 τῷ
3424 2791 3528 2863 τῆς
3587 2794 3756 2863 ἐπαρε-

2175 2882 2301 2951 χίας
2325 2880 2550 2952 ἄρχοντι
2586 2883 2716 2953 παρ’
2744 2884 2775 2953 ἡ
2785 2884 2901 2950 μῶν
2926 2883 3336 2955 ἐγκεχειρίσθαι
3360 2883 3460 2954 τὴν
3491 2886 3754 2955 φροντίδα

2176 2976 2438 3044 γίνωσκε.
2468 2976 2844 3032 Κεκέλευσται
2876 2979 2987 3050 γὰρ
3019 2980 3123 3032 ὑπὸ
3155 2979 3253 3048 τῆς
3273 2982 3414 3052 ἐμῆς
3464 2981 3752 3046 εὐσεϐείας

2175 3063 2270 3117 καὶ
2313 3064 2568 3134 τεχνίτας
2619 3067 2718 3118 καὶ
2754 3065 2993 3135 ἐργάτας
3027 3069 3125 3119 καὶ
3159 3066 3324 3122 πάνθ’
3354 3068 3456 3121 ὅσα
3484 3070 3612 3140 περὶ
3650 3069 3753 3141 τὴν

2173 3154 2468 3226 οίκοδομὴν
2496 3156 2775 3225 ἀναγκαῖα
2814 3158 3097 3228 τυγχάνει,
3124 3161 3174 3212 εί
3203 3161 3357 3230 παρὰ
3380 3162 3480 3230 τῆς
3509 3162 3611 3234 σῆς
3646 3164 3756 3233 μάο

2171 3250 2315 3303 θοιεν
2358 3252 2661 3322 ἀγχινοίας,
2696 3254 3045 3326 παραχρῆμα
3090 3254 3182 3308 διά
3204 3256 3305 3322 τῆς
3335 3256 3564 3310 ἐκείνων
3610 3273 3754 3327 προ-

2170 3342 2320 3407 νοίας
2350 3343 2752 3415 ἀποσταλῆναι.
2785 3347 2923 3417 Περὶ
2961 3347 3017 3400 δὲ
3045 3346 3155 3400 τῶν
3180 3347 3376 3401 κιόνων
3405 3348 3576 3419 ἧγουν
3609 3366 3755 3420 μαρ-

2173 3435 2384 3505 μάρων,
2414 3434 2451 3489 ἃ
2501 3436 2547 3489 δ’
2592 3437 2659 3492 ἂν
2711 3438 2999 3509 νομίσειας
3029 3436 3171 3491 εἶναι
3199 3438 3506 3509 τιμιώτερὰ
3548 3457 3611 3492 τε
3652 3443 3751 3495 καὶ

2168 3521 2562 3592 χρησιμώτερα
2584 3524 2755 3593 αὐτῆς
2780 3525 3057 3594 συνόψεως
3084 3530 3408 3598 γενομένης,
3442 3529 3577 3599 πρὸς
3600 3531 3752 3600 ἡμᾶς

2166 3611 2378 3681 γράψαι
2405 3614 2711 3670 σπούδασον
2735 3632 2751 3647 ·
2776 3617 2866 3670 ἵνα
2886 3618 3025 3671 ὅσων
3052 3619 3097 3670 δ’
3118 3619 3186 3673 ἂν
3214 3622 3310 3674 καὶ
3331 3621 3530 3693 ὁπθὶων
3558 3626 3753 3695 χρείαν

2168 3701 2310 3756 εἶναι
2358 3705 2448 3757 διᾴι
2500 3706 2594 3758 τοῦ
2648 3707 2745 3761 σοῦ
2788 3709 3116 3779 γράμματος
3164 3711 3516 3781 ἐπιγνῶμεν,
3572 3715 3750 3769 ταῦτα

2170 3798 2511 3867 πανταχόθεν
2540 3797 2742 3872 δυνηθῇ
2797 3803 3209 3875 μετενεχθῆναι.
3238 3806 3344 3860 Τὸν
3380 3807 3488 3878 γὰρ
3523 3808 3617 3860 τοῦ
3648 3812 3746 3861 κό-

2171 3900 2313 3953 σμου
2345 3885 2799 3959 θαυμασιώτερον
2825 3891 2991 3945 τόπον
3016 3893 3135 3946 κατ’
3166 3893 3322 3959 ἀξίαν
3356 3897 3748 3966 φαιδρύνεσθαι

2167 3976 2398 4033 δίκαιον.
2440 3979 2552 4050 Τὴν
2581 3980 2642 4033 δὲ
2673 3983 2772 4051 τῆς
2806 3981 3102 4056 βασιλικῆς
3137 3981 3400 4059 καμάραν
3434 3991 3665 4063 πότερον
3696 3996 3751 4048 si.

2167 4068 2517 4142 λακωναρίαν
2540 4113 2557 4139 ,
2602 4073 2644 4144 ἢ
2675 4075 2765 4129 διά
2794 4094 2941 4153 τινος
2967 4081 3161 4150 ἐτέρας
3197 4084 3464 4153 ἐργασίας
3492 4086 3753 4153 γενέσθαι

2165 4161 2334 4230 δοκεῖ,
2350 4181 2423 4216 πα
2433 4166 2503 4235 ρά
2532 4167 2626 4219 σοῦ
2649 4147 3136 4242 γνῶναι’βού>.ομαι
3161 4191 3176 4206 ·
3207 4147 3256 4229 ἐι
3274 4147 3396 4248 -γάρ
3428 4147 3748 4252 λακωναρία

2168 4254 2351 4344 μέλλει
2386 4255 2552 4322 εἶναι,
2593 4260 2887 4329 δυνήσεται
2928 4267 3025 4318 καὶ
3048 4267 3233 4338 χρυσῷ
3268 4270 3747 4344 καλλωπισθῆναι.

2165 4341 2238 4393 Τὸ
2264 4343 2600 4415 λειπόμενον,
2638 4348 2723 4402 ἵνα
2748 4352 2879 4423 ή,σὴ
2908 4354 3128 4424 ὁσιότης
3175 4359 3286 4420 τοῖς
3317 4341 3745 4432 προειρημένοις

487 4462 860 4531 undequaque
885 4462 1223 4530 comportari
1252 4465 1486 4531 possint.
1515 4464 1756 4537 AEquum
1783 4472 1929 4526 eitim
1950 4432 2060 4542 est,

2175 4432 2514 4511 δικασταῖςῇ
2562 4441 2728 4510 τάχος
2781 4447 3156 4515 γνωρισθῆναι
3213 4451 3449 4524 ποιήσῃ,
3492 4454 3634 4506 ὅσων
3682 4472 3745 4507 τε

2175 4522 2377 4542 ιΑ--..--
2522 4528 2534 4542 ι
2768 4530 2791 4542 ι-
2936 4533 2946 4542 ι
2999 4536 3010 4542 -
3094 4536 3107 4542 -
3237 4539 3245 4542 -
3607 4541 3610 4542 ,

483 4556 669 4610 locum
734 4557 906 4612 totius
970 4557 1162 4611 mundi
1213 4559 1453 4614 maxime
1513 4562 1901 4621 admirandum
1954 4586 2059 4639 pro

484 4648 754 4717 dignitate
801 4664 901 4703 sua
953 4649 1237 4704 exornari.
1297 4651 1546 4709 Basilica:
1598 4672 1766 4726 porro
1811 4677 2056 4730 camera,

483 4740 914 4796 lacuuaribusne
943 4756 1013 4797 an
1047 4743 1158 4797 alio
1184 4746 1445 4814 qu0piam
1475 4764 1644 4819 opere
1674 4753 1774 4807 tibi
1814 4756 1931 4810 lieri
1961 4764 2057 4812 de-

484 4833 619 4886 bere
650 4832 922 4897 rideatur,
964 4847 1299 4905 cognoscere
1347 4855 1411 4893 ex
1457 4851 1509 4896 te
1555 4847 1741 4913 cupio.
1798 4846 1858 4903 Si
1906 4852 2054 4906 enim

485 4949 843 5025 lacunaribus
896 4953 1236 5007 exstrucnda
1282 4957 1412 5021 erit,
1463 4972 1600 5013 auro
1638 4978 1863 5035 quoque
1922 4971 2190 5033 illustrari

2167 4522 2417 4590 ἐργατῶν
2445 4528 2544 4581 καὶ
2570 4530 2834 4598 τεχνιτῶν
2862 4533 2957 4585 καὶ
2987 4536 3365 4608 ἀναλωμάτων
3383 4522 3568 4610 χρείαο
3591 4541 3627 4595 ἃ
3650 4546 3744 4596 καὶ

2167 4613 2306 4683 πρὸς
2343 4615 2446 4684 ἐμὲ
2488 4618 2696 4683 εὐθέως
2742 4624 3059 4694 ἀνενεγκεῖν
3114 4618 3433 4697 σπούδα;ον,
3470 4632 3533 4685 ού
3578 4635 3744 4703 μόνον

2167 4706 2436 4796 περὶτῶν
2470 4714 2785 4784 μαρμάρων
2813 4734 2873 4769 τε
2912 4722 3007 4770 καὶ
3043 4721 3261 4787 κιόνων,
3306 4724 3445 4776 ἀλλὰ
3486 4729 3581 4777 καὶ
3613 4736 3744 4796 περι

2165 4794 2275 4845 τῶν
2304 4795 2688 4872 λακωναρίων,
2738 4806 2871 4875 εἴγε
2918 4811 3076 4864 τοῦτο
3116 4815 3335 4867 κάλλιον
3374 4817 3737 4886 ἐπικρίνειας.

2175 4884 2233 4939 '0
2266 4889 2398 4955 Θεὸς
2425 4892 2745 4962 διαφυλαξοι
2784 4918 2871 4967 σε,
2900 4904 3096 4972 ἁδελφέ
3123 4909 3396 4980 ἀγαπητέ.
3434 4931 3455 4966 ι

2259 4986 2484 5051 poterit.
2535 4986 2696 5060 593
2768 4994 2923 5060 Quod
2990 5014 3264 5069 superest,
3338 5008 3604 5063 sanctitas
3646 5019 3743 5067 tua

485 5044 694 5113 quibus
729 5045 970 5099 diximus
1003 5048 1421 5117 magistratibus
1486 5056 1664 5123 primo
1729 5078 1950 5133 quoque
1992 5080 2242 5142 tempore
2292 5044 2809 5157 sigilli-eiram:
2858 5044 3129 5161 operariis
3161 5044 3604 5157 '";;tiE;;L~J:-ua
3646 5044 3741 5067 ιυα

485 5137 710 5175 nutanti:
749 5137 1016 5175 imnmmiu
1045 5140 1111 5175 cit
1145 5154 1282 5175 nunc
1338 5142 1477 5175 nn‘...
1509 5156 1559 5175 nl
1594 5148 1659 5175 ..Α
1712 5167 1808 5175 ,μη
2148 5173 2157 5175 _
2301 5172 2312 5175 _
2387 5171 2396 5175 -
3500 5120 3633 5175 ‘que
3682 5119 3741 5162 et

484 5142 710 5203 quantis
748 5142 1017 5206 impensis
1044 5142 1116 5194 sit
1145 5154 1305 5248 opus.
1338 5142 1478 5208 Quin
1507 5156 1566 5200 et
1592 5148 1659 5201 ad
1710 5167 1811 5206 nos
1836 5171 2060 5228 quoque
2105 5173 2164 5216 ut
2231 5142 2489 5226 celeriter
2532 5142 2826 5247 referatur,
2872 5142 2941 5238 da
2992 5142 3637 5255 operamj-._l;;:m;;

545 5249 553 5260 .
1162 5236 1173 5248 .
1613 5243 1624 5254 .
2146 5260 2156 5271 ,
2812 5236 2826 5247 ⁷
2918 5236 2941 5238 ἡ
2999 5236 3240 5255 “vv-vn",
3313 5236 3421 5245 "v.-
3469 5236 3636 5250 ...νυν
3670 5236 3740 5250 υν

818 5237 1492 5351 ξιιιηοὶοίυῐμειιιε,ωνεβτυιιι
1531 5254 1717 5351 etiam
1783 5248 1852 5304 de
1881 5252 2289 5351 -lacunartbus,
2341 5267 2385 5319 si
2456 5271 2677 5338 quidcm
2761 5277 2878 5334 haec
2938 5281 3260 5351 pulchriora
3331 5289 3741 5346 commodiora-

485 5336 594 5392 que
646 5337 768 5379 esse
814 5323 1177 5394 iudicaveris.
1235 5330 1379 5387 Deus
1421 5342 1473 5387 te
1520 5349 1830 5404 conservet,
1875 5341 2048 5400 frater
2087 5350 2310 5411 dilecte.
2340 5377 2358 5409 ι

554 5464 634 5536 (l)
662 5464 800 5537 Erga
826 5479 1068 5525 sanctam
1096 5470 1294 5542 legem.
