4118 6456
451 322 555 388 109

467 529 562 593 Ὣς
588 529 627 597 ἠ
651 530 758 584 τοῦ
787 526 1095 602 ,βασιλέως
1129 532 1328 601 μήτηρ
1383 527 1598 602 Ἑλένη
1634 535 1721 600 είς
1761 533 2027 602 Ἱεροσό-

524 600 1027 673 λυμα-γενομένη.
1088 600 1196 655 τὸν
1222 604 1386 673 θεῖον
1414 600 1554 671 εὗρε
1590 600 1895 673 σταυρὸν,
1927 604 2025 656 καί

528 676 596 724 τὰ
625 670 717 724 ἐπ’
748 670 910 738 αὐτῷ
939 672 1352 742 πεπραγμένα.

528 786 786 850 Διάκονος
809 787 868 840 δὲ
900 787 1010 840 τῶν
1041 785 1139 840 τοῦ
1180 786 1453 857 βασιλέως
1493 787 1846 857 γραμμάτων
1874 791 1906 854 ἡ
1937 789 2030 842 τὸν

453 878 710 931 τοτοῦτον
753 877 988 931 τεκοῦσα
1027 877 1123 930 τοῦ
1162 878 1432 948 βασιλέως
1470 882 1680 950 μήτηρ,
1714 883 1746 952 ἡ
1779 880 2031 951 μακαρία

466 969 682 1037 Ἑλένη,
706 969 942 1037 ἐγένετο.
969 970 1063 1041 Τῷ
1086 971 1194 1039 γὰρ
1220 970 1369 1040 αύτῷ
1390 971 1489 1039 τῆς
1521 972 1744 1024 συνόδου
1775 973 1887 1026 ἔτει
1907 972 2030 1026 κατ’

455 1063 588 1131 δναρ
618 1063 1079 1132 χρηματισθεῖσα,
1112 1063 1279 1132 εὐχῆς
1324 1065 1485 1134 χάριν
1519 1066 1616 1117 καὶ
1650 1064 1891 1135 ἱστορίας
1926 1082 2027 1118 κα-

457 1154 650 1207 τέλαϐε
683 1156 754 1206 τὰ
799 1154 1170 1224 Ἰεροσόλυμα,
1201 1156 1328 1208 οὔτε
1366 1158 1468 1209 τὸν
1513 1158 1617 1226 τῆς
1661 1158 1784 1211 ὀδοῦ
1833 1158 2025 1222 κόπον,

457 1243 581 1297 οὔτε
615 1244 722 1314 μὴν
756 1245 830 1298 τὰ
862 1244 955 1298 τοῦ
1008 1246 1195 1316 γήρως
1240 1247 1711 1317 ύπολογισαμένη.
1756 1250 1890 1318 Περὶ
1918 1251 2028 1320 γάρ

455 1336 519 1387 τὸ
563 1338 742 1403 τέρμα
788 1337 890 1405 τῆς
940 1337 1113 1407 αὐτῆς
1147 1338 1379 1403 ἀφίκετο
1413 1338 1621 1409 βιοτῆς.
1668 1341 1808 1393 Δίαν
1844 1341 1903 1394 δέ
1931 1333 2061 1396 ttat-

456 1428 593 1497 αῦτη
630 1434 760 1499 περὶ
797 1431 858 1482 τὸ
901 1431 1249 1501 Χριστιανῶν
1288 1433 1535 1496 εὐλαὸὡς
1566 1434 1807 1487 διέκειτο
1835 1436 2023 1497 σέϐας.

460 1522 591 1589 Περὶ
621 1522 875 1575 πλείστου
907 1525 953 1577 δ’
979 1519 1049 1595 ἦν
1080 1525 1219 1596 αὐτῇ
1250 1525 1313 1578 τὸ
1347 1526 1443 1578 τοῦ
1476 1528 1714 1596 σταυροῦ
1748 1529 1910 1595 ξύλον
1933 1530 2027 1582 εύ-

456 1617 591 1684 ρεῖν,
617 1616 711 1667 καὶ
739 1615 800 1668 τὸ
830 1615 1121 1689 ξωηφόρον
1172 1618 1366 1687 μνῆμα
1389 1620 1656 1689 Χριστοῦ.
1682 1623 1790 1674 Καὶ
1832 1623 2026 1693 δυσχε-

455 1707 563 1777 ρῶς
592 1706 713 1776 μὲν,
739 1707 986 1778 εὑρίσκει
1017 1709 1065 1762 δ’
1103 1706 1203 1763 οὖν
1240 1712 1416 1781 ὅμως,
1463 1712 1539 1773 ὠς
1576 1713 1677 1781 μέν
1709 1730 1860 1777 τινες
1888 1715 2027 1784 ἔφα·

1364 318 1960 384 ECCLESIASTIC/E
2001 320 2391 383 HISTORIA!
2433 318 2576 382 ΗΒ.
2613 319 2782 385 VIII.

1032 439 1286 498 ΚΕΦΑΛ.
1315 438 1447 497 ΚΘ’.
2058 447 2104 506 Α

3601 324 3705 391 110

2687 437 2916 497 CAPUT
2958 438 3123 496 XXIX
3137 482 3150 497 .

2130 529 2563 610 Utintperatoris
2615 542 2787 588 mater
2839 533 3044 610 llelena
3101 533 3484 610 Hierosolymis
3524 539 3709 608 fuerit.

2198 612 2246 655 et
2271 604 2342 656 ibi
2377 620 2583 679 crucem
2620 614 2861 679 sanctam
2885 607 3163 670 invenerit,
3184 616 3241 679 ει
3271 604 3389 677 φλᾶν
3414 604 3558 663 circa
3587 626 3709 666 eam

2196 675 2552 727 inventionem
2587 676 2692 727 sint
2728 689 2871 733 acta.

2201 786 2432 841 Litteris
2459 802 2626 856 porro
2656 789 2737 844 eis
2785 789 3135 859 perferendis
3169 801 3344 847 mater
3377 794 3492 864 ipsa
3526 798 3705 868 impc-

2131 877 2334 931 ratoris
2367 879 2528 930 beata
2561 877 2790 944 Helena,
2818 894 2941 948 qute
2969 881 3123 935 illum
3158 884 3322 938 talem
3358 888 3572 956 genuit,
3609 894 3706 942 ad-

2130 965 2383 1021 ministra
2433 967 2577 1021 fuit:
2622 969 2743 1038 ipso
2785 986 3024 1041 namque
3053 962 3250 1045 synodi
3289 987 3497 1034 coactu
3536 997 3703 1043 anno,

2130 1057 2185 1110 in
2219 1060 2429 1127 somnis
2457 1062 2686 1116 oraculo
2719 1063 3025 1127 admonita,
3064 1070 3404 1136 precationis
3434 1089 3589 1144 ergo,
3623 1078 3705 1129 ln-

2129 1162 2435 1218 oorutnque
2470 1165 2755 1206 sacrorum
2786 1161 3309 1223 cognoscendorum
3351 1165 3545 1229 gratia,
3586 1166 3708 1218 liii--

2129 1241 2407 1311 rosolyma
2454 1244 2733 1312 petierat:
2771 1262 2955 1316 neque
2987 1264 3045 1304 se
3072 1265 3135 1304 ea
3170 1251 3225 1304 in
3261 1267 3316 1306 re
3359 1256 3443 1309 vel
3488 1256 3706 1312 itineris

2128 1332 2403 1398 laborem,
2437 1337 2523 1389 vel
2575 1340 2882 1393 senectutis
2936 1341 3247 1396 molcsdam
3304 1350 3567 1402 remorari
3622 1364 3706 1404 t‘rl

2127 1438 2308 1493 passa.
2346 1424 2428 1479 Ad
2478 1437 2791 1481 extremum
2831 1430 2981 1482 enim
3016 1431 3128 1500 jam
3181 1432 3306 1487 vitae
3354 1449 3704 1504 pervenerat,

2125 1510 2184 1571 et
2212 1517 2280 1569 de
2313 1517 2483 1571 rebus
2515 1530 2682 1588 atque
2712 1521 2983 1591 religione
3014 1521 3459 1582 Christianorum
3496 1530 3583 1598 pie
3614 1534 3709 1584 ad-

2128 1610 2353 1662 modum
2411 1611 2713 1666 sentiebat.
2791 1613 3021 1668 Plurimi
3084 1612 3249 1685 porro
3310 1619 3588 1686 faciebat,
3646 1637 3706 1678 ut

2127 1700 2312 1755 crucis
2346 1700 2558 1769 lignum
2609 1711 2667 1756 et
2714 1702 2991 1759 vivificum
3040 1704 3250 1763 Christi
3283 1722 3703 1767 monumentum

454 1814 575 1861 σαν,
615 1799 803 1870 ἀνδρὸς
849 1800 1108 1870 Ἐϐραίου
1161 1794 1660 1874 καταμηνύσαντος
1703 1806 1797 1860 τὸν
1838 1807 2021 1880 χῶρον

2130 1791 2429 1847 inveniret.
2479 1793 2550 1848 Et
2586 1797 2949 1865 quantumvis
2996 1798 3320 1866 dilliculter,
3350 1811 3595 1860 attamen
3641 1823 3704 1862 ca

452 1889 517 1942 ἐκ
541 1905 688 1953 τινος
729 1890 993 1962 πατρῴας
1041 1894 1265 1962 γραφῆς
1291 1911 1309 1927 ⁸
1337 1895 1400 1948 τδ
1431 1895 1480 1947 δ’
1514 1895 1735 1965 ἀληθὲς.
1766 1895 1845 1960 ὡς
1885 1888 2023 1966 itii”

453 1992 576 2045 μαι,
601 1978 739 2031 Θεοῦ
770 1982 1017 2050 σημείοις
1046 1981 1111 2051 δή
1140 1998 1250 2034 τισι
1284 1985 1378 2036 καὶ
1404 1983 1678 2052 ὀνείρασιν
1703 1982 2023 2051 ὑποδείξαν-

449 2083 560 2130 τος.
603 2068 893 2140 ᾙρημένῳ
935 2071 1046 2141 γὰρ
1076 2072 1197 2142 Θεῷ
1220 2073 1359 2142 δῆλα
1408 2075 1668 2146 καθιστᾷν
1708 2075 1779 2129 τά
1811 2075 1933 2131 θεῖά
1962 2093 2023 2131 τε

452 2165 543 2212 καὶ
573 2161 884 2233 ἀπόρρητα,
939 2162 1141 2233 ἥκιστα
1192 2164 1405 2220 δεῖσθαι
1449 2166 1552 2236 τῆς
1603 2166 1665 2232 ἐξ
1709 2167 2022 2240 ἀνθρώπων

454 2253 757 2321 μηνύσεως.
816 2256 971 2310 Κατὰ
1008 2257 1116 2328 γὰρ
1154 2259 1255 2328 τὴν
1281 2261 1376 2312 τοῦ
1416 2261 1752 2330 κρατοῦντος
1784 2265 2023 2334 πρόστα-

450 2345 552 2411 ξιν,
580 2347 674 2400 τοῦ
721 2349 952 2418 ἐναγοῦς
983 2352 1196 2405 ἐκείνου
1243 2354 1680 2424 καθαιρουμένου
1735 2358 1890 2421 ναοῦ.
1925 2360 2021 2413 καὶ

448 2438 542 2492 τοῦ
565 2437 819 2509 χώματος
848 2444 1275 2513 ἐκφορουμὲνου,
1313 2444 1468 2500 ἐνθεν
1511 2448 1613 2517 μὲν
1654 2448 1717 2511 τδ
1747 2450 1897 2519 ἱερὸν
1919 2451 2021 2520 τῆς

445 2531 828 2599 Ἀναστάσεως
848 2536 1023 2590 ἐκεῖνο
1052 2537 1250 2608 ἄντρον
1278 2540 1554 2609 ἐφαίνετο,
1585 2545 1735 2613 τρεῖς
1756 2543 1804 2597 δ’
1832 2546 1892 2597 ἐν
1921 2547 2022 2614 μέ·-

451 2641 535 2693 ρει
571 2628 788 2698 σταυροὶ
831 2627 997 2698 χύδην
1049 2629 1459 2701 διερριμμένοι,
1505 2635 1603 2687 καὶ
1652 2638 1807 2700 σανὶς
1854 2638 2022 2708 ἐτέρα

447 2715 635 2787 λευκὴ,
734 2721 962 2789 βασιλέα
1003 2722 1109 2775 τῶν
1156 2723 1429 2779 Ἰουδαίων
1467 2729 1698 2798 γράφων
1737 2730 2021 2800 διαφόροις

449 2809 772 2880 γράμμασιν
797 2812 825 2864 ὀ
860 2812 1091 2876 Πιλᾶτος
1143 2814 1286 2886 ὑπὲρ
1311 2817 1559 2890 κεφαλῆς
1581 2818 1771 2883 ἐτίθει,
1800 2822 1858 2874 ἐν
1887 2821 2021 2874 εῖδει

447 2902 649 2971 στήλης
717 2901 942 2971 βασιλέα
986 2905 1096 2961 τῶν
1157 2906 1430 2962 Ἰουδαίων
1482 2911 1576 2964 τὸν
1634 2912 2021 2981 σταυρωθέντα

443 2994 755 3063 κηρύττων.
792 2996 900 3048 Καί
920 3013 985 3066 γε
1005 2997 1393 3069 διερρυηκότος
1425 3003 1520 3055 τοῦ
1549 3003 1903 3075 γράμματος,
1925 3009 2022 3059 καὶ

443 3086 543 3150 τῆς
579 3084 792 3149 σανίδος
820 3087 895 3149 ὡς
944 3088 1136 3160 ἔτυχεν
1188 3092 1552 3164 ἐρριμμένης,
1587 3097 1834 3167 ἐργώδης
1867 3098 1959 3187 ἔτι
1987 3099 2018 3168 ἡ
2049 3135 2091 3197 c

445 3175 540 3229 τοῦ
569 3177 716 3231 θείου
744 3177 901 3245 ξύλου
921 3178 1143 3251 εὕρεσις
1177 3186 1558 3251 κατεφαίνετο.
1585 3190 1680 3241 καὶ
1712 3188 1822 3240 τῶν
1853 3186 2018 3243 σταυ-

449 3272 557 3339 ρὼν
583 3269 998 3342 διεσπαρμέιων
1026 3275 1392 3348 συγχυθείσης
1420 3281 1523 3350 τῆς
1544 3283 1777 3346 τάξεως.
1809 3284 1876 3336 Τί
1904 3286 2016 3355 γὰρ

446 3361 540 3413 καὶ
572 3364 685 3426 τοῖς
710 3364 898 3434 ῥίψασι
932 3366 1100 3420 πάλαι
1134 3369 1278 3423 κατὰ
1331 3370 1516 3442 χώραν
1558 3373 1732 3428 ταῦτα
1761 3377 1879 3447 ἐᾷν,
1902 3379 2017 3440 τοῖς
2066 3404 2069 3407 -

450 3459 790 3525 σταυρωταίς
820 3461 910 3510 τὸν
943 3459 1175 3516 θάνατον
1212 3462 1304 3517 διὰ
1337 3463 1398 3517 τδ
1441 3466 1722 3520 Σάὸὄατον
1751 3467 2018 3522 ἐπισπεύ-

446 3544 630 3599 δουσιν
653 3561 672 3613 ;
699 3547 874 3613 ἄλλως
904 3567 963 3603 τε
1002 3555 1096 3606 καὶ
1124 3554 1228 3607 οὐκ
1260 3555 1466 3624 ἀγαθὸν
1514 3557 1843 3627 ἡγουμένοις
1885 3560 2017 3628 περὶ

443 3637 709 3706 σταυροὺς
739 3636 1057 3708 διατρίϐειν,
1086 3641 1297 3713 ἀνδρῶν
1324 3645 1416 3697 καὶ
1443 3645 1613 3699 ταῦτα
1644 3647 1737 3718 βίᾳ
1759 3649 2017 3720 τελευτη-

447 3729 678 3793 σάντων,
725 3729 854 3784 ἀλλο
879 3730 1013 3805 ἄλλῃ
1060 3731 1316 3806 ἔρριψαν.
1379 3738 1761 3811 Ἀμφηρίστου
1805 3742 1865 3796 δὲ
1915 3744 2017 3812 τῆς

444 3818 724 3889 ζητήσεως
747 3819 936 3892 οὔσης,
965 3825 1023 3877 ἐν
1053 3825 1312 3896 ἀθυμίαις
1336 3828 1369 3901 η
1399 3829 1493 3880 τοῦ
1521 3830 1789 3900 βασιλέως
1818 3828 1887 3903 ἦν
1915 3834 2019 3902 μή.

444 3929 573 3981 τηρ,
624 3917 718 3970 καὶ
766 3919 1143 3987 καταμηνύειν
1202 3920 1377 3975 ἐδεῖτο
1419 3922 1555 3977 Θεοῦ
1583 3940 1599 3956 ·
1663 3926 1760 3979 καὶ
1792 3925 1915 3980 ἐλυέ
1949 3945 2015 3996 γε

444 4007 632 4076 τρόπῳ
652 4007 860 4079 τοιῷδε,
884 3996 1209 4077 ὑποδεικνὺς
1231 4015 1294 4066 τὸ
1320 4011 1498 4081 ξύλον,
1528 4009 1573 4085 ᾧ
1598 4017 1659 4069 τὸ
1679 4019 2016 4071 Δεσποτικδν

445 4096 835 4164 πειοσπελάσαν
869 4098 1049 4171 σῶμα,
1092 4102 1190 4156 τοῦ
1235 4102 1384 4156 θείου
1428 4106 1661 4175 αἵματος
1690 4108 1791 4178 τὴν
1820 4107 2015 4164 λιϐάδα

442 4188 662 4254 ἐδέξατο
689 4194 1130 4263 καταρρέουσαν.
1182 4195 1328 4267 Γυνὴ
1371 4199 1479 4269 γάρ
1510 4214 1594 4263 τις
1622 4200 1730 4254 τῶν
1747 4198 1808 4254 εῦ
1856 4208 2018 4271 γεγοὶ

445 4284 636 4346 νότων,
669 4284 890 4354 χαλεπῷ
926 4287 1090 4339 πάθει
1134 4288 1532 4360 κατισχομένη,
1578 4290 1649 4345 τά
1678 4289 1885 4362 ἔσχατα
1913 4294 2017 4348 κά.

445 4391 652 4444 μνουσι
688 4372 779 4447 ἦν,
812 4373 953 4452 ἐφ’ᾔ
986 4379 1272 4450 Μακάριος
1301 4381 1521 4453 σύναμα
1552 4381 1744 4455 Ἑλένῃ
1781 4386 2016 4451 καὶτοῖς

2132 1881 2355 1937 tandem
2402 1881 2640 1951 invenit,
2682 1894 2745 1940 ut
2788 1886 3013 1957 quidem
3065 1891 3312 1945 nonnulli
3351 1894 3565 1960 dixere,
3607 1895 3706 1950 Ju-

2124 1973 2247 2029 ἀπο
2290 1974 2517 2032 homine
2547 1992 2617 2032 ex
2661 1986 2888 2047 paterna
2919 1982 3161 2049 quadam
3208 1988 3569 2043 annotatione
3622 2006 3708 2043 rc-

2125 2063 2347 2134 gioncm
2404 2064 2711 2131 indicante,
2765 2082 2825 2122 re
2881 2083 3009 2122 vera
3061 2081 3272 2132 autem,
3338 2082 3400 2125 ut
3438 2074 3700 2143 equidem

2124 2165 2284 2228 puto,
2320 2156 2431 2212 Deo
2462 2159 2637 2229 signis
2678 2160 3014 2230 quibusdam
3050 2171 3107 2216 et
3137 2163 3446 2220 visionibus
3478 2180 3704 2222 noctur-

2124 2246 2213 2303 nis
2254 2249 2604 2306 ostendente.
2650 2250 2788 2306 Cum
2823 2251 2973 2305 enim
3025 2251 3141 2308 Deo
3179 2256 3362 2310 visunt
3394 2267 3564 2319 esset,
3617 2279 3703 2313 rt-s

2124 2336 2346 2392 divinas
2369 2349 2426 2393 et
2448 2340 2694 2395 occultas
2718 2341 2774 2396 in
2799 2341 2984 2397 lucem
3008 2343 3281 2412 proferre,
3308 2346 3535 2402 minime
3564 2363 3704 2417 Opus

2125 2427 2231 2484 fuit
2250 2431 2506 2487 humanis
2540 2432 2788 2490 indiciis.
2811 2434 3111 2493 Enimvero
3137 2437 3491 2507 imperatoris
3517 2443 3697 2510 jussu,

2123 2522 2503 2579 contaminato
2538 2524 2634 2580 illo
2675 2526 2882 2597 templo
2912 2528 3121 2593 diruto,
3158 2546 3469 2601 aggereque
3500 2548 3704 2604 expor-

2126 2622 2262 2681 tato,
2291 2631 2359 2672 ex
2395 2631 2464 2672 eo
2510 2617 2637 2674 loco
2683 2634 2902 2674 sacrum
2942 2610 3073 2676 illud
3113 2623 3572 2682 Resurrectionis
3606 2644 3705 2683 an-

2126 2714 2271 2759 trum
2301 2707 2538 2776 exstitit,
2571 2718 2629 2765 et
2660 2718 2771 2766 tres
2822 2702 3056 2782 sparsim
3087 2714 3330 2785 disjectas
3371 2733 3568 2773 cruces
3604 2736 3620 2774 :
3649 2730 3706 2774 ιιι

2127 2798 2316 2852 tabula
2349 2809 2614 2868 praeterea
2657 2802 2783 2856 alba
2814 2803 3066 2870 inventa,
3111 2807 3167 2860 in
3199 2821 3307 2878 qua
3342 2809 3586 2867 diversis
3619 2811 3705 2866 lit-
3788 2814 3789 2817 “

2106 2893 2263 2959 ,ιρι-ῖς
2314 2891 2520 2947 Pilatus
2570 2909 2751 2964 regem
2795 2894 3116 2951 Judasorum
3162 2902 3490 2975 scripserat.
3527 2920 3703 2975 eaque

2124 2992 2294 3049 supra
2323 2991 2487 3049 caput
2520 2980 2731 3036 Christi
2777 2985 3045 3040 collocata
3082 2987 3136 3042 in
3165 3005 3378 3046 morem
3405 2970 3698 3055 cblumtur.

2120 3070 2452 3125 cruciﬁxum
2492 3073 2646 3127 illum
2685 3055 3000 3130 .lu‘dazornm
3055 3093 3239 3148 regem
3288 3098 3412 3137 esse
3459 3089 3704 3155 promul-

2122 3174 2295 3232 gat-at.
2341 3162 2615 3219 (Ia-terum
2666 3167 2812 3236 quod
2860 3168 3059 3224 litteras
3105 3170 3483 3242 diﬂlux‘crant,
3533 3188 3593 3233 et
3627 3191 3677 3233 ta

2122 3256 2248 3308 bula
2300 3246 2510 3311 temere
2551 3259 2696 3332 jncta
2740 3262 2981 3332 iacebat.
3017 3262 3258 3319 diﬁicilis
3303 3269 3487 3325 adhuc
3525 3273 3698 3329 divini

2121 3345 2256 3413 ligni
2307 3347 2558 3401 inventio
2605 3330 2747 3415 erat,
2791 3354 2937 3422 quod
2989 3355 3187 3409 ordine
3236 3359 3468 3415 confuso
3502 3354 3700 3418 cruces

2122 3438 2364 3507 disjecttn
2408 3440 2649 3496 fuerant!
2685 3443 2827 3510 Quid
2876 3462 3112 3518 namque
3155 3462 3441 3518 curarent,
3479 3456 3575 3524 qui
3624 3460 3697 3511 ita

2121 3530 2245 3585 illas
2276 3540 2486 3587 temere
2515 3534 2872 3606 disjecerant,
2911 3548 2973 3593 ut
2997 3539 3121 3595 loco
3162 3557 3263 3596 suo
3292 3561 3572 3616 quumque
3614 3565 3699 3603 re-

2119 3622 2441 3690 linquerent
2461 3625 2484 3678 ?
2504 3626 2782 3696 prtecipue
2813 3643 2939 3685 cum
2974 3633 3178 3689 milites
3209 3648 3440 3693 mortem
3469 3656 3698 3712 propter
3790 3650 3793 3655 '

2121 3713 2424 3770 Sabbatum
2443 3716 2904 3791 depmperarent,
2927 3723 3090 3798 594
3121 3727 3405 3800 iidemque
3431 3745 3692 3802 praeterea

2122 3808 2526 3893 inauspicatum
2576 3828 2699 3870 esse
2748 3818 3063 3886 crederent,
3125 3820 3196 3875 ad
3240 3839 3436 3880 cruces
3490 3832 3696 3882 morari

2120 3903 2392 3969 virorum,
2424 3905 2521 3976 qui
2557 3922 2657 3976 per
2687 3909 2795 3965 vim
2828 3910 3038 3966 illatam
3072 3916 3274 3971 mortui
3302 3928 3529 3974 essent:
3562 3937 3701 3991 qua-

2117 4003 2348 4066 propter
2394 3997 2503 4052 alia
2544 3999 2654 4057 alio
2689 4002 2955 4073 projecta.
2993 4003 3134 4060 Cum
3168 4022 3302 4077 ergo
3352 4010 3564 4067 incerta
3613 4016 3701 4068 in—

2116 4087 2350 4157 quisitio
2413 4098 2597 4158 esset,
2659 4093 2829 4150 dubia
2879 4097 3050 4151 animi
3114 4097 3466 4170 imperatoris
3523 4116 3702 4161 mater

2117 4179 2293 4236 Deum
2323 4182 2638 4240 obsecravit
2686 4195 2748 4241 ut
2790 4188 2844 4245 ei
2875 4188 3141 4245 indicium
3176 4191 3352 4249 ﬂeret.
3384 4196 3565 4267 Atque
3607 4199 3702 4255 ille

2116 4274 2539 4345 ambiguitatem
2601 4278 2840 4349 quodam
2892 4281 3155 4337 dissolvit
3221 4287 3422 4352 modo,
3483 4290 3695 4360 lignum

2117 4366 2510 4425 demonstrans
2550 4370 2618 4424 ad
2663 4372 2812 4441 quod
2843 4372 3189 4431 Dominicum
3239 4377 3465 4433 aﬂixum
3497 4396 3704 4452 corpus

442 4468 581 4537 ἀμφ’
610 4470 772 4523 αὐτὸν
797 4466 922 4544 ἧκε·
950 4472 1221 4541 σύμϐολόν
1252 4490 1309 4527 τε
1341 4475 1536 4541 ἐδίδου,
1561 4477 1619 4540 ὃς
1647 4476 1718 4531 ἂν
1738 4480 2017 4544 ἐπιτεθεὶς

2121 4458 2326 4523 fuerat,
2369 4467 2429 4516 et
2459 4462 2608 4532 quod
2653 4462 2829 4519 divini
2876 4467 3167 4537 sanguinis
3210 4469 3413 4524 stillam
3453 4472 3705 4528 deﬂuen-

441 4564 551 4614 τῶν
577 4566 831 4635 σταυρῶν
867 4568 967 4636 τὴν
1013 4567 1332 4644 κάμνουσαν
1389 4570 1754 4640 ἀπαλλάττειν
1810 4575 2011 4644 ἀθρόον

440 4655 577 4725 ἔχοι,
609 4657 800 4711 τοῦτον
831 4654 971 4712 εἶναι
1004 4641 1094 4714 τδν
1128 4661 1224 4714 τοῦ
1269 4663 1472 4733 Κυρίου
1503 4664 1759 4734 σταυρόν.
1796 4641 1907 4719 Kal.
1946 4667 2011 4738 δὴ

442 4750 755 4819 εὐχόμενος,
797 4754 937 4804 κατά
967 4752 1063 4807 ἕνα
1108 4753 1217 4807 τῶν
1252 4755 1504 4825 σταυρῶν
1533 4760 1817 4827 προσῆγεν
1840 4757 2013 4828 ἀρξά-

446 4858 626 4910 μενος.
682 4842 801 4893 Τῶν
829 4841 1007 4895 τοίνυν
1052 4843 1149 4896 δύο
1192 4844 1460 4897 τεθέντων
1511 4846 1666 4898 οὐδὲν
1699 4841 1864 4917 ἦττον
1901 4851 2012 4911 τοῖς

445 4930 582 4992 iam;
608 4927 674 5001 ἦν
702 4934 733 5003 η
766 4932 926 5002 γυνὴ,
955 4934 1332 5004 ἀπολεγομένη
1360 4934 1462 5005 ήδη
1493 4935 1555 4988 τὸ
1583 4935 1704 5006 ζῇν.
1753 4936 1841 5000 Ὠς
1861 4937 1919 4990 δὲ
1951 4939 2013 4992 τὸ

441 5028 665 5096 γνήσιον
731 5026 1107 5097 προσεπέλασε
1161 5028 1352 5094 ξύλον,
1406 5028 1670 5099 ἐξαπίνης
1695 5030 2005 5101 ἀνέϐλεψεο

440 5118 540 5173 καὶ
605 5119 703 5183 τὰς
762 5120 1022 5188 δυνάμεις
1073 5121 1403 5193 ἐρρωμένως
1448 5121 1773 5191 ἀθροίσασα,
1830 5141 2009 5194 παρα-

440 5211 630 5281 χρῆμα
656 5212 753 5281 τῆς
788 5212 1081 5282 στρωμνῆς
1111 5213 1457 5284 ἀπεπήδησε.
1484 5215 1720 5283 Λέγεται
1739 5215 1786 5269 δ’
1816 5216 2011 5270 ἔπειτα

439 5306 538 5356 καὶ
561 5304 740 5374 νεκρῷ
772 5306 1118 5359 παντάπασιν
1159 5307 1483 5361 ἐπιτεθέντα
1532 5308 1625 5360 τὸν
1665 5309 1807 5360 θεῖον
1846 5326 2012 5363 σταυ-

440 5398 536 5469 ρὸν
563 5396 860 5454 ἀναϐιῶναι
889 5399 953 5451 ἐκ
1002 5398 1096 5453 τοῦ
1130 5400 1354 5454 αὐτίκα.
1388 5401 1498 5453 Καὶ
1540 5400 1732 5455 τοῦτον
1777 5406 1878 5472 μὲν
1920 5404 2010 5456 τὸν

435 5493 638 5561 τρόπον
687 5491 748 5545 τὸ
800 5490 1090 5545 θεσπέσιον
1156 5492 1402 5563 ἐμφανὲς
1463 5492 1796 5563 γεγενῆσθαι
1852 5493 2012 5561 ξύλον

441 5586 743 5655 ίστόρηται.
783 5578 857 5639 Οὗ
897 5584 1061 5654 μέρος
1088 5585 1148 5639 τὸ
1179 5587 1429 5639 πλεῖστον
1458 5588 1490 5656 ἡ
1521 5586 1640 5638 θεία
1677 5585 1872 5657 Ἑλένη
1910 5587 2011 5656 ἀρ-

436 5679 584 5747 γυρᾷ
616 5677 1009 5745 περικλείσασα
1036 5677 1202 5748 θήκῃ,
1240 5677 1317 5747 τῷ
1350 5677 1640 5747 ἐπισκόπῳ
1671 5679 1753 5753 εἰς
1787 5679 2011 5748 μνήμην

506 5794 582 5853 ti)
622 5789 849 5845 Ruﬁnus
884 5789 938 5844 in
981 5789 1176 5847 Ecclcs.
1218 5793 1457 5857 historia,
1500 5806 1619 5862 cap.
1659 5791 1691 5844 7
1722 5801 1778 5845 et
1809 5790 1864 5845 8.

2120 4557 2232 4605 tem
2266 4563 2584 4622 exceperat.
2614 4553 2809 4609 Mulier
2844 4556 3096 4626 quaedam
3125 4559 3360 4615 honesto
3394 4561 3519 4617 loco
3545 4577 3698 4632 nata,

2118 4643 2272 4714 gravi
2302 4659 2569 4717 oppressa
2607 4649 2826 4713 morbo,
2859 4657 3110 4705 extremo
3156 4651 3444 4708 laborabat
3473 4658 3701 4727 pericu-

2119 4737 2174 4792 lo
2199 4755 2216 4795 :
2243 4741 2312 4795 ad
2344 4739 2491 4794 hanc
2523 4739 2795 4797 Macarius
2829 4757 2939 4797 una
2972 4759 3095 4798 cum
3133 4745 3341 4802 Helena
3370 4750 3695 4806 comitibus-

2118 4847 2230 4903 que
2263 4831 2388 4904 ejus
2416 4833 2588 4901 venit,
2625 4844 2683 4890 et
2726 4835 2945 4906 signum
2974 4838 3072 4893 ille
3105 4839 3284 4907 dedit,
3320 4858 3440 4911 quae
3466 4859 3532 4898 ex
3572 4861 3705 4901 cru-

2119 4926 2279 4983 cibus
2336 4927 2461 4983 istis
2510 4928 2733 4985 l'emina:
2778 4939 3001 5001 aegrotat
3054 4932 3316 5003 imposita
3384 4935 3698 5004 periculum

2119 5025 2350 5078 omnino
2377 5025 2700 5092 discuteret,
2721 5041 2843 5080 eam
2865 5027 3075 5083 ChriSIi
3104 5044 3327 5084 crucem
3349 5046 3494 5087 esse.
3520 5032 3702 5102 Atque

2121 5117 2441 5185 precatione
2490 5118 2631 5172 facta
2662 5158 2676 5181 ,
2725 5134 2949 5175 crucem
2987 5122 3299 5191 quamlibet
3341 5125 3572 5179 seut-sim
3609 5127 3703 5181 ille

2126 5209 2405 5263 adhibuit.
2430 5211 2496 5264 Et
2519 5211 2737 5266 duabus
2765 5214 3001 5269 admotis
3033 5216 3134 5285 ll),
3175 5219 3229 5271 in
3264 5218 3459 5273 eodem
3500 5219 3704 5275 nihilo-

2121 5300 2307 5356 minus
2341 5300 2539 5355 mulier
2571 5303 2898 5360 discrimine
2930 5308 3159 5371 mansit,
3199 5308 3328 5364 vita:
3350 5309 3465 5378 jam
3505 5308 3703 5379 despe-

2121 5402 2284 5459 ratae;
2339 5402 2400 5447 ut
2447 5402 2632 5448 autem
2682 5411 2876 5452 verum
2909 5399 2961 5452 ei
3008 5400 3276 5469 imposuit
3310 5400 3520 5468 lignum
3549 5442 3565 5462 ,
3604 5416 3700 5454 su-

2036 5531 2074 5580 .
2120 5484 2238 5540 bito
2302 5485 2395 5542 illa
2451 5488 2718 5558 respexit,
2764 5491 3091 5562 viribusque
3142 5493 3378 5548 ﬁrmiter
3425 5493 3696 5554 collectis.

2121 5579 2265 5635 lecto
2297 5578 2486 5634 statim
2518 5582 2764 5637 exsiluit.
2802 5583 3003 5638 Dicunt
3032 5600 3279 5654 quoque,
3329 5592 3520 5655 postea
3553 5599 3702 5639 mor-

2122 5679 2217 5725 tuo
2270 5685 2502 5742 prorsus
2552 5687 2774 5730 crucem
2827 5673 3166 5744 impositam,
3208 5676 3263 5730 in
3318 5678 3491 5732 vitam
3542 5675 3697 5733 illum
