4118 6460
454 277 550 343 ill

448 492 729 561 proditum
766 500 871 556 est,
901 507 1118 547 sacrum
1151 491 1207 547 in
1247 502 1500 562 apertum
1531 493 1863 563 productum
1895 506 2020 547 esse

446 586 676 655 lignum.
714 584 888 654 Cujus
917 592 1127 651 partem
1155 586 1447 638 maximam
1475 584 1662 638 divina
1693 585 1898 639 Helena
1932 599 2021 637 ar-

444 686 650 745 gentem
704 677 859 731 cista:
921 675 1211 739 inclusam,
1264 675 1528 745 episeopo
1577 676 1643 730 ad
1694 677 2017 731 memoriam

447 781 792 838 posterarum
841 768 1261 837 generationum
1312 768 1561 836 reliquit,
1586 768 1684 823 ubi
1735 770 1899 823 etiam
1934 786 2021 823 sa-

446 877 592 914 eram
630 861 1034 915 [imitationem
1074 861 1374 929 quotannis
1405 861 1777 929 peragendam
1810 862 2016 915 sanxit.

447 957 663 1007 Partem
712 969 840 1007 vero
891 952 956 1005 ad
1014 953 1186 1005 lilium
1243 953 1636 1019 imperatorem
1692 955 2016 1007 transmisit.

442 1052 613 1112 Quam
653 1048 803 1099 illum
830 1061 942 1114 quo
973 1046 1160 1098 animo
1185 1046 1313 1113 quis
1345 1047 1661 1113 suscepisse
1691 1046 1862 1109 dicat,
1891 1062 2016 1100 cum

445 1142 547 1192 lide
579 1154 762 1193 secum
810 1139 927 1206 ipse
956 1138 1319 1204 repntaverit,
1357 1138 1551 1190 urbem
1578 1152 1699 1190 eam
1735 1150 2014 1190 servatum

444 1233 509 1285 iri
561 1235 612 1282 in
647 1247 753 1298 qua
803 1240 908 1282 tam
954 1244 1172 1282 sacrum
1208 1236 1634 1282 conservaretur
1685 1229 2019 1282 donarium?

440 1323 789 1388 Quapropter
836 1334 956 1371 eam
1008 1327 1218 1387 partem
1257 1326 1451 1372 statuae
1495 1334 1607 1373 sua:
1652 1320 1877 1372 inclusit
1913 1320 2015 1389 (Ι),

440 1430 603 1479 quam
640 1413 695 1464 in
744 1412 883 1463 urbe
919 1425 948 1463 a
985 1424 1045 1462 se
1079 1410 1366 1478 magniﬁce
1410 1410 1649 1473 condita,
1686 1426 1857 1480 super
1890 1428 2019 1480 por-

445 1506 730 1573 pliyrctica
766 1502 1056 1557 collocavit
1099 1502 1376 1564 columna.
1427 1501 1483 1556 in
1531 1519 1597 1557 eo
1627 1505 1776 1573 quod
1811 1504 2018 1558 dicitur

439 1597 788 1650 Constantini
825 1596 967 1649 foro.
997 1594 1146 1648 Misit
1179 1595 1269 1649 illa
1295 1595 1463 1648 etiam
1492 1596 1560 1649 ad
1593 1611 1717 1649 eum
1745 1612 1817 1651 ex
1843 1598 2017 1651 sacris

440 1688 611 1742 clavis
638 1686 930 1756 quosdam,
966 1700 1108 1754 quos
1137 1694 1254 1738 tum
1288 1684 1353 1737 ad
1407 1696 1824 1741 monumentum
1857 1702 2019 1756 repe-

1673 282 2095 344 NlCEPlIURI
2134 280 2485 342 CALLISTI

446 399 750 463 derepente
806 412 1118 454 revocasse.
1176 397 1292 455 Hoc
1346 413 1480 455 sane
1527 400 1693 455 modo
1740 399 2016 455 memoriae

2124 403 2245 463 ταῖς
2293 400 2571 452 εἰσέπειτα
2615 397 2989 467 κατελίμπανε
3038 401 3287 465 γενεαῖς·

3612 280 3714 347 112

3340 394 3400 453 οὗ
3430 419 3500 454 κα
3513 402 3552 454 τ’
3588 406 3708 465 ἔτος

2127 493 2219 544 καὶ
2247 491 2345 560 τὴν
2377 491 2528 545 Θείαν
2551 490 2801 560 ’Υψωσιν
2832 491 3117 554 ὲθὲσπιζεν
3148 491 3388 545 ἐκτελεῖν
3409 509 3423 523 ·
3452 494 3621 563 μέρος
3648 497 3707 549 δὲ

2126 583 2206 653 τῷ
2239 584 2397 638 παιδὶ⁵
2441 583 2537 637 καὶ
2585 583 2799 653 βασιλεῖ
2843 583 3176 651 διεκόμιζεν.
3220 585 3286 636 Ὃ
3333 585 3450 648 πῶς
3501 587 3569 639 ἄν
3620 604 3707 650 τις

2126 671 2271 725 είποι
2334 673 2546 733 ἐκεῖνος
2596 671 2915 740 δεξάμενος,
2966 674 3340 741 συνελογίζετο
3394 675 3582 728 πίστει
3608 677 3708 744 τὴν

2124 764 2280 817 πόλιν
2302 763 2515 832 ἐκείνην
2553 764 2847 828 σώζεσθαι,
2935 765 3001 818 ἂν
3028 766 3090 817 τὸ
3115 765 3371 820 τοσοῦτον
3392 768 3711 837 διατηροῖτο

2125 855 2445 925 κειμήλιον;
2496 856 2603 908 Καὶ
2651 855 2714 922 δὴ
2764 854 2925 909 τοῦτο
2953 855 3031 926 τῷ
3076 857 3272 911 ἑαυτοῦ
3302 858 3585 928 ἀνδριάντι
3609 877 3709 911 κχ-

2124 948 2450 1015 τέκρυπτεν,
2486 948 2544 1009 ὃς
2587 950 2645 1001 ἑν
2684 952 2750 1019 τῇ
2785 947 2920 1018 παρ’
2967 949 3116 1017 αὐτῷ
3147 950 3591 1020 μεγαλοπρεπῶς
3621 952 3710 1004 δο-

2128 1040 2365 1112 μηθείσῃ
2399 1041 2553 1093 πόλει
2598 1043 2692 1093 ἐπὶ
2741 1042 3028 1112 πορφυροῦ
3072 1043 3256 1112 ἵδρυτο
3303 1043 3507 1107 κίονος,
3561 1044 3711 1096 κατὰ

2122 1132 2223 1202 τὴν
2249 1133 2650 1201 ἐπιλεγομένην
2679 1134 2890 1203 ἀγορὰν
2922 1134 3411 1189 Κωνσταντίνειον.
3441 1136 3710 1205 Ἐπεμπέ

2123 1244 2185 1293 γε
2223 1228 2328 1294 μὴν
2360 1229 2452 1279 καὶ
2494 1227 2604 1279 τῶν
2641 1228 2801 1280 θείων
2824 1228 2970 1298 ἥλων
3015 1229 3168 1290 τινὰς
3213 1228 3307 1289 οὓς
3354 1228 3507 1297 εὖροι
3555 1247 3712 1299 τηνι-

2121 1321 2295 1375 καῦτα
2346 1323 2474 1391 περὶ
2527 1322 2588 1375 τὸ
2643 1316 2985 1391 μνῆμα,ὀῖς
3038 1323 3097 1375 τὸ
3143 1324 3305 1392 σῶμα
3344 1324 3711 1393 διεπερονᾶτο

2121 1414 2380 1484 Χριστοῦ.
2446 1398 2669 1480 Ἐἶῶν
2725 1415 2884 1481 λόγος
2934 1417 3368 1485 περικεφαλαίαν
3414 1434 3475 1469 τε
3525 1417 3711 1486 ἑαυτῷ

2123 1509 2559 1566 κατασκευάσαι.
2595 1508 2691 1559 καὶ
2742 1510 2835 1559 ἐπὶ
2886 1509 2965 1578 τῷ
3011 1508 3213 1577 χαλινῷ
3264 1496 3320 1561 et
3373 1508 3472 1562 τοῦ
3531 1509 3710 1562 ῐππου

2121 1595 2351 1664 θάτερον
2379 1598 2675 1664 ἐμϐαλεῖν,’
2695 1597 2770 1658 ὡς
2802 1598 2868 1651 ἂν
2895 1600 2952 1650 ἐν
2988 1599 3192 1669 μάχαις
3239 1599 3485 1667 ἄτρωτος
3510 1599 3711 1669 διαμέ-

2120 1705 2263 1741 νοιεν
2300 1705 2312 1718 ·
2343 1690 2409 1740 ἶν’
2454 1690 2675 1759 ἐντελὴς
2725 1692 2758 1760 ἡ
2812 1692 3081 1760 Ζαχαρίου
3118 1692 3327 1758 γένοιτο
3384 1694 3708 1762 προφητεία

443 1787 629 1832 verat:
676 1776 787 1831 illis
833 1791 1001 1846 porro
1032 1790 1237 1842 corpus
1266 1774 1475 1831 Christi
1513 1776 1834 1830 transﬁxum
1888 1778 2010 1832 iue-

2122 1780 2211 1833 ὲπὶ
2243 1779 2460 1850 καιροῦ,
2501 1783 2736 1846 Ἔσται,
2772 1781 3047 1849 λέγοντος,
3081 1782 3148 1835 τὸ
3169 1781 3270 1835 ἐπὶ
3303 1781 3413 1835 τοῦ
3441 1783 3709 1852 χαλινοῦ

444 1879 550 1925 rat.
586 1869 830 1936 Quorum
869 1868 1050 1923 altero
1084 1867 1175 1920 ille
1206 1866 1312 1921 sibi
1346 1867 1524 1922 fertur
1557 1868 1770 1938 galeam
1806 1867 2013 1924 instru-

444 1965 611 2026 xisse,
641 1962 875 2019 alterum
918 1961 1045 2029 equi
1082 1959 1256 2014 frenis
1294 1961 1619 2022 inseruisse.
1650 1970 1709 2016 ut
1742 1961 1798 2016 in
1834 1973 2015 2017 certa—

445 2055 685 2109 minibus
734 2060 886 2107 tutus
934 2069 964 2106 a
1019 2052 1347 2105 vulneribus
1392 2052 1708 2122 illaesusque
1738 2063 2011 2116 maneret,

439 2160 495 2203 et
526 2148 606 2203 sic
632 2158 882 2216 tempore
909 2160 1011 2200 suo
1036 2145 1329 2214 prophetia
1360 2145 1644 2201 Zachariae
1667 2146 2012 2215 impleretur,

442 2242 581 2303 Erit.
620 2241 882 2305 dicentis,
914 2240 971 2293 in
1002 2239 1151 2309 freno
1186 2240 1305 2308 equi
1345 2250 1587 2293 sanctum
1634 2240 1860 2293 Domine
1895 2256 2013 2293 om-

439 2330 697 2400 .:ipotemi
730 2329 771 2380 ¹.
836 2326 970 2392 Qua:
1028 2328 1316 2397 prophetat
1361 2329 1585 2397 quidem
1643 2330 1821 2382 sancti
1879 2330 2010 2383 olim

439 2427 840 2490 cognoverunt,
897 2428 1089 2489 postea
1128 2435 1260 2474 vero
1310 2422 1654 2490 temporibus
1688 2422 1826 2485 suis,
1885 2436 2009 2474 cum

443 2513 554 2565 hee
600 2512 783 2566 visum
822 2521 929 2576 est,
974 2522 1240 2567 eventum
1273 2524 1484 2567 certum
1519 2522 1651 2567 sunt
1680 2505 2009 2567 consecuta.

2120 1871 2227 1925 τοῦ
2254 1871 2446 1925 ἵππου
2477 1870 2651 1939 ἅγιον
2681 1870 2758 1936 τῷ
2806 1871 3004 1938 Κυρίῳ
3033 1870 3498 1939 παντοκράτορι.
3537 1873 3607 1922 Ἀ
3643 1871 3708 1940 δὴ

2118 1957 2400 2025 προφῆται
2430 1957 2599 2011 πάλαι
2645 1960 2746 2027 μὲν
2793 1961 2932 2028 ἱεροὶ
2975 1958 3252 2026 ἔγνωσαν,
3286 1961 3343 2022 ὲς
3384 1959 3618 2027 ὕστερον
3647 1960 3707 2012 δὲ

2118 2052 2328 2120 καιροῖς
2359 2050 2530 2116 ἰδίοις,
2567 2050 2655 2103 ὅτε
2710 2050 2903 2103 δοκοῦν
2952 2052 3128 2119 ἐφάνη
3161 2050 3301 2120 Θεῷ,
3360 2051 3457 2103 καὶ
3515 2050 3709 2119 ἔργοις

2117 2142 2276 2210 ἔσχον
2304 2144 2366 2196 τὸ
2410 2143 2659 2211 βέῦαιον.
2697 2145 2807 2197 Καὶ
2847 2144 3008 2196 τοῦτο
3061 2143 3162 2211 μὲν
3206 2143 3268 2195 οὐ
3312 2144 3471 2197 τόσον
3521 2160 3586 2210 γε
3617 2144 3709 2197 διὰ

2121 2234 2421 2299 θαύματος,
2447 2237 2529 2289 ὅτι
2560 2253 2622 2299 γε
2647 2236 2743 2288 καὶ
2769 2236 3031 2305 ’Έλληνες
3053 2235 3160 2289 τῶν
3191 2236 3352 2288 θείων
3380 2238 3508 2288 τινὰ
3543 2253 3709 2304 προε-

2126 2329 2396 2398 μήνυσανο
2433 2327 2623 2398 ὥσπερ
2664 2329 2729 2399 δὴ
2759 2327 3027 2393 Σιϐύλλης
3068 2329 3250 2380 ἐκεῖνο
3303 2322 3448 2380 εἷναι
3503 2329 3615 2390 πᾶς
3638 2329 3709 2382 ἄν

2122 2437 2204 2483 τις
2240 2422 2336 2475 καὶ
2364 2420 2472 2475 τῶν
2515 2420 2776 2474 ἐναντίων
2822 2421 3181 2490 ὁμολογήσειε
3235 2420 3367 2491 περὶ
3415 2419 3516 2473 τοῦ
3561 2421 3706 2473 θείου

2122 2514 2358 2585 σταυροῦ
2395 2514 2672 2585 πρόπαλαι
2697 2515 2987 2585 εἰρημένον
3010 2531 3023 2544 ’

442 2608 603 2678 595
651 2609 831 2678 Atque
887 2608 941 2662 id
1004 2624 1116 2662 non
1205 2609 1496 2662 admodum
1556 2621 1637 2664 est
1697 2610 2049 2677 mirandum,
2094 2614 2543 2683 quandoquidem
2599 2623 2657 2668 et
2701 2613 2873 2669 Gmei
2956 2613 3268 2667 divinarum
3310 2628 3502 2667 rerum
3553 2630 3707 2684 qua:-

440 2712 565 2756 dam
602 2703 1068 2771 pmnuntiarunt.
1098 2702 1572 2768 Quemadmodum
1649 2703 1874 2772 quidem
1937 2719 2016 2759 cei

2127 2716 2182 2760 et
2260 2708 2393 2762 illud
2474 2707 2699 2778 Sibylla:
2768 2707 2858 2761 vel
2912 2722 2979 2761 ex
3058 2707 3397 2762 adversariis
3469 2709 3707 2779 quisque

441 2801 819 2865 conﬁtebitur,
894 2800 963 2855 de
1037 2809 1230 2854 sancta
1314 2814 1482 2854 cruce
1555 2800 1866 2869 antiquitus
1932 2801 2192 2857 dictum:

546 2914 591 2971 0
619 2915 820 2986 lignum
864 2914 1012 2982 felix,
1047 2915 1103 2967 in
1139 2931 1243 2985 quo
1295 2913 1431 2969 Deus
1473 2917 1584 2985 ipse
1632 2916 1897 2985 pependit.

2192 2914 2263 2971 Ὠ
2296 2918 2488 2982 ξύλον
2517 2922 2917 3015 μακαριστῶς,
2956 2920 3026 2974 ἐν
3052 2915 3103 2990 ᾧ
3128 2923 3272 2989 Θεὸς
3296 2924 3705 2994 ἐξετανύσθη,

439 3032 670 3088 Plurimi
694 3048 930 3102 namque
950 3031 1095 3103 apud
1124 3030 1366 3098 ercos,
1393 3034 1487 3103 qui
1520 3039 1732 3089 caateris
1756 3045 2016 3103 prazstare

2122 3040 2242 3092 Τῶν
2273 3041 2381 3111 γὰρ
2432 3039 2700 3119 Ἑλλήνων
2735 3015 3005 3101 πλεῖστοι.
3060 3039 3112 3093 οἳ
3144 3040 3254 3094 τῶν
3290 3040 3477 3096 ἄλλων
3521 3045 3709 3113 διαφέ-

439 3132 570 3177 sunt
605 3123 728 3188 visi,
762 3124 964 3177 multas
1002 3133 1271 3179 noverant
1301 3124 1646 3197 prophetias,
1679 3142 1820 3195 quas
1844 3128 2018 3182 versi-

442 3219 544 3270 lms
574 3216 1038 3287 gravioribusque
1072 3215 1138 3269 ad
1166 3217 1432 3287 pepulum
1460 3217 1644 3273 verbis
1676 3220 1843 3273 veluti
1868 3236 2019 3290 quaa-

437 3314 562 3363 dam
603 3306 827 3362 oracula
865 3307 1233 3363 incluserunt.
1280 3310 1348 3363 Et
1386 3319 1506 3363 erat
1554 3314 1847 3378 potes1atis
1877 3314 2019 3368 divi-

438 3417 546 3466 rne,
617 3410 677 3453 ut
735 3401 989 3469 equidem
1045 3401 1253 3469 judico,
1318 3402 1384 3455 ad
1454 3402 1767 3459 futurarum
1828 3421 2014 3460 rerum

439 3494 738 3547 certiorem
771 3509 1130 3559 consensum,
1165 3511 1274 3548 non
1311 3496 1488 3555 solum
1535 3510 1632 3564 per
1677 3499 2016 3566 perculiares

441 3589 730 3640 ministros
760 3587 942 3641 futura
977 3587 1299 3655 przrdicere,
1331 3603 1522 3642 verum
1555 3590 1760 3644 sensim
1793 3607 2016 3660 quoque

441 3679 668 3731 advenis
708 3689 764 3732 et
794 3679 994 3733 alienis
1022 3679 1088 3731 ad
1124 3678 1175 3732 itl
1209 3682 1286 3732 uti
1321 3691 1335 3737 :
1376 3680 1610 3749 perinde
1650 3690 1814 3750 atque
1851 3684 2020 3737 musi-

442 3789 540 3825 cus
591 3773 900 3841 quispiam,
955 3781 1172 3841 gratum
1235 3785 1287 3825 ct
1340 3773 1648 3841 jucundum
1718 3773 2019 3830 decantatis

443 3879 688 3925 rarmen,
733 3878 1176 3931 supervacaneas
1226 3880 1449 3932 quoque
1487 3866 1766 3932 percurrit
1808 3867 2019 3934 plectro

444 3956 704 4017 chordas,
739 3966 834 4009 aut
858 3969 1089 4009 ornatus
1117 3957 1315 4025 gratia,
1343 3974 1510 4026 supra
1537 3973 1634 4012 eas
1662 3974 1785 4026 qua:
1809 3974 1877 4012 ex
1910 3974 2015 4012 usu

444 4059 595 4109 sunt,
638 4050 773 4103 alias
807 4052 971 4104 etiam
1009 4050 1224 4118 adjicit.
1258 4051 1383 4104 llazc
1417 4052 1638 4106 etiamsi
1682 4065 1778 4118 per
1808 4050 2021 4119 ἀίει-θε-

445 4148 680 4198 sionem.
743 4141 1030 4194 commode
1069 4152 1251 4197 tamen
1284 4143 1426 4198 dicta
1474 4157 1597 4199 esse
1644 4153 1780 4211 puto
1820 4160 1833 4196 :
1870 4143 2019 4212 quod

444 4250 474 4285 ιι
542 4232 795 4303 doctrina
839 4241 1026 4285 nostra
1074 4232 1240 4285 alieni
1269 4272 1284 4298 ,
1328 4233 1729 4301 praasmntiore
1778 4234 2016 4302 quadam

447 4325 543 4378 Dei
598 4323 988 4386 ordinatione,
1071 4322 1258 4380 futura
1322 4327 1388 4381 de
1458 4324 1686 4380 Christo
1756 4326 2019 4395 praedictio

451 4425 600 4469 I‘Ulll.

1016 4507 1242 4563 CAPUT
1300 4506 1467 4565 XXX.

455 4597 525 4651 De
559 4599 788 4677 ecrlesiis
808 4615 941 4668 quas
968 4598 1170 4677 Helena
1207 4610 1261 4677 et
1304 4599 1684 4677 Constantinus
1722 4604 2023 4677 Hierosoly-

718 4670 815 4722 mis
850 4678 896 4721 et
932 4672 1072 4724 circa
1108 4686 1168 4722 ea
1196 4670 1313 4727 loca
1344 4675 1751 4729 construxerit“.

518 4843 849 4912 lmperatrix
871 4856 1053 4897 autem
1089 4844 1315 4907 Helena,
1346 4846 1689 4914 amplissimo
1722 4849 1926 4919 templo
1962 4850 2015 4903 in

449 4935 894 4990 Resurrectionis
943 4947 995 4990 et
1046 4936 1315 4992 Calvariaa
1365 4947 1726 4993 monumento
1772 4940 1846 4993 ita
1887 4957 2019 4995 con-

450 5035 689 5092 structo,
724 5036 782 5079 ut
822 5027 957 5079 nulli
989 5043 1235 5097 prorsus,
1270 5044 1615 5098 quaecunque
1646 5032 1729 5085 vel
1766 5032 2015 5101 pulchri-

450 5118 643 5171 tudine
668 5119 754 5173 vel
782 5120 1158 5188 magnitudine
1187 5121 1386 5175 eximia
1416 5132 1565 5186 sunt,
1595 5124 1834 5191 cederet,
1863 5141 2018 5179 noun

446 5210 753 5264 Jerusalem
787 5228 985 5266 nomen
1019 5213 1242 5276 indidit,
1273 5215 1571 5281 exemplari
1620 5217 1836 5271 scilicet
1868 5228 2018 5270 vete-

452 5302 526 5353 ris
577 5301 728 5357 illius
781 5314 838 5358 et
887 5305 997 5373 jam
1055 5305 1223 5359 soluti
1273 5306 1646 5361 tabernaculi.
1700 5307 1821 5378 Ipsa
1882 5324 2016 5362 vero

447 5388 774 5444 domesticis
808 5394 1156 5461 propriisque
1186 5396 1450 5465 impensis
1472 5397 1609 5451 alias
1633 5397 1771 5451 duas
1807 5398 2020 5468 magni-

447 5477 547 5531 lice
569 5495 754 5535 sacras
776 5484 1087 5538 construxit
1106 5485 1251 5541 aedes
1279 5506 1290 5541 :
1319 5487 1548 5543 alteram
1598 5488 1656 5544 in
1702 5489 2012 5557 Bethleem,

524 5598 540 5628 ¹
572 5596 739 5652 Zach.
774 5614 885 5667 xiv,
913 5600 1004 5655 20.

2045 4397 2095 4458 Ι)

2126 3149 2241 3202 ρειν
2274 3132 2513 3199 ἐδόκουν,
2547 3131 2770 3203 ᾔδεισαν
2802 3131 2902 3203 μὲν
2955 3132 3160 3196 πολλὰς
3186 3134 3298 3187 τῶν
3323 3137 3705 3207 προφητειῶν,

2119 3226 2184 3290 ἃς
2215 3229 2273 3278 ὲν
2304 3228 2525 3298 μέτροις
2557 3228 2653 3281 καὶ
2703 3230 3063 3298 σεμνοτέραις
3104 3228 3243 3296 πρὸς
3272 3228 3441 3298 δῆμον
3500 3229 3707 3294 λέξεσιν

2120 3315 2212 3374 οἷα
2237 3318 2300 3390 δή
2337 3339 2490 3384 τινας
2530 3322 2817 3392 χρησμοὺς
2860 3321 3280 3390 ὲγκατέκρυψαν
3302 3338 3316 3352 ’
3343 3322 3493 3375 Θεοῦ
3546 3324 3605 3377 δὲ
3640 3318 3711 3391 ἦν

2121 3415 2250 3485 ἄρα,
2284 3414 2359 3478 ὥς
2394 3432 2458 3485 γε
2495 3411 2675 3484 οἶμαι,
2703 3417 2797 3468 ἐπὶ
2836 3418 2902 3486 τῇ
2936 3415 3046 3471 τῶν
3086 3416 3365 3483 ἐσομένων
3403 3417 3719 3485 συμφωνίᾳ»

2124 3504 2200 3575 μὴ
2242 3506 2406 3573 μόνον
2431 3505 2520 3557 διὰ
2543 3505 2653 3559 τῶν
2713 3507 2995 3577 σφετέρων
3030 3506 3381 3574 θεραπόντων
3425 3508 3709 3579 ἐνηχῆσαι

2119 3597 2180 3647 τὸ
2211 3596 2426 3666 μέλλον,
2442 3596 2571 3674 ,ἀλλ’
2594 3597 2777 3667 ἠρέμα
2799 3614 2914 3661 πως
2940 3598 3037 3661 καὶ
3057 3600 3171 3660 τοῖς
3192 3598 3510 3667 ἀλλοτρίοις
3538 3617 3708 3671 προσ-

2120 3688 2429 3760 χρήσασθαι
2454 3705 2467 3719 ·
2526 3689 2723 3742 ὡσανεί
2752 3707 2835 3753 τις
2864 3690 3063 3760 μέλους
3081 3691 3320 3761 ἐργάτης
3342 3693 3494 3747 κατᾶ
3513 3695 3703 3765 χρείαν

2120 3780 2425 3850 έπεράστου
2476 3781 2708 3850 μέλους,
2739 3782 2836 3837 καὶ
2889 3783 2984 3845 τὰς
3015 3785 3280 3853 περιττὰς
3326 3785 3439 3838 τῶν
3488 3785 3695 3856 χορδῶν

2121 3876 2429 3945 ἐπιτρέχων
2456 3874 2533 3945 τῷ
2560 3875 2849 3947 πλήκτρῳο
2892 3877 2925 3946 ἦ
2965 3879 3174 3946 κόσμου
3221 3879 3385 3947 χάριν
3432 3880 3538 3933 κᾶν
3578 3877 3699 3936 ταῖς

2121 3965 2308 4029 οὔσαις
2345 3967 2435 4022 καὶ
2468 3966 2634 4031 ἄλλας
2652 3968 3138 4037 προσεπιδάλλων.
3161 3968 3326 4023 Ταῦτ’
3358 3969 3408 4021 εἰ
3436 3969 3532 4024 καὶ
3557 3984 3719 4037 παρ--⁵

2122 4055 2558 4129 εκϐατικώτερα,
2605 4058 2721 4112 ἀλλ’
2778 4058 2872 4115 οὖν
2922 4059 3274 4129 ἁρμοζόντως
3331 4057 3489 4129 οἶμαι
3542 4060 3697 4129 εἰρῆ-

2126 4149 2275 4219 σθαι,
2328 4150 2425 4203 καὶ
2467 4150 2592 4212 τοὺς
2643 4151 2886 4215 ὀθνείους
2931 4152 3025 4207 τοῦ
3054 4152 3351 4220 δόγματος
3413 4152 3699 4219 οίκονομίᾳ

2122 4244 2395 4311 κρείττονι
2425 4244 2486 4299 τὸ
2515 4244 2709 4313 μέλλον
2752 4244 3130 4317 προφητεῦσαι
3165 4247 3295 4316 περὶ
3324 4246 3587 4315 Χριστοῦ.

2739 4511 2985 4571 ΚΕΦΑΛ.
3015 4507 3096 4563 A'.

2119 4605 2260 4671 Περὶ
2290 4602 2409 4657 τῶν
2429 4601 2774 4671 ἐκκλησιῶν
2804 4600 2876 4667 ἀς
2916 4602 3129 4669 Ἑλένη
3174 4601 3275 4658 καὶ
3311 4604 3345 4656 d
3376 4605 3698 4657 Κωνστανο

2191 4673 2358 4739 τῖνος
2385 4674 2455 4726 ἐν
2506 4670 2961 4739 Ἱεροσολύμοις
2991 4674 3088 4725 καὶ
3140 4673 3265 4739 τοῖς
3290 4672 3489 4726 ἐκεῖσε
3528 4673 3699 4740 μέρεα

2192 4760 2297 4797 σιν
2327 4743 2747 4811 ᾠκοδόμησαν.
3070 4750 3073 4751 ⁷
3164 4752 3167 4753 ⁷

2205 4853 2268 4905 Ἥ
2303 4854 2360 4906 δὲ
2393 4851 2605 4921 βασιλὶς
2653 4851 2861 4920 Ἑλένη,
2908 4852 3174 4922 πολυτελῆ
3213 4853 3304 4906 τὸν
3343 4851 3493 4907 οἷκον
3533 4855 3592 4905 ἐν
3618 4849 3724 4918 ’τῷ¹

2123 4941 2618 5014 τῆςἈναστάσεως
2667 4943 2911 5012 μνήματι
2942 4942 3033 4995 καὶ
3074 4943 3167 4994 τοῦ
3215 4945 3458 5009 Κρανίου
3507 4944 3697 5010 δειμα-

2131 5037 2290 5108 μένη,
2340 5034 2414 5097 ὡς
2455 5035 2681 5103 μηδενὸς
2735 5034 3019 5088 λείπεσθαι
3067 5036 3198 5100 τῶν,
3228 5037 3329 5089 ὅσα
3383 5039 3465 5100 είς
3500 5036 3695 5093 κάλλος

2120 5128 2247 5196 ἥκει
2288 5127 2382 5178 καὶ
2405 5124 2663 5195 μέγεθος,
2685 5125 2810 5177 νέαν
2841 5125 3201 5196 Ἰερουσαλὴμ
3224 5127 3325 5196 τὴν
3366 5124 3691 5196 Ἐκκλησίαν

2121 5217 2429 5286 ὠνόμασεν,
2457 5217 2750 5269 ἀντίτυπον
2780 5219 2844 5286 τῇ
2880 5218 3085 5287 παλαιᾷ
3114 5218 3305 5291 ἐκείνῃ
3336 5222 3430 5271 καὶ
3465 5215 3695 5270 καταλε-

2124 5294 2335 5377 λυμένῃ
2364 5311 2557 5378 σκηνῇ.
2609 5307 2835 5360 Οϊκοθεν
2866 5309 2920 5359 δὲ
2955 5308 3091 5377 αὕτη
3134 5313 3227 5361 καὶ
3264 5309 3431 5371 ἄλλας
3478 5308 3571 5361 δύο
3601 5308 3691 5358 ὲκ-

2120 5400 2348 5469 κλησίας
2380 5386 2812 5468 μεγαλοπρεπῶς
2834 5401 3048 5470 ἀνιστᾷ’
3079 5400 3175 5470 τὴν
3200 5401 3301 5468 μὲν
3333 5398 3693 5470 ἐπἰΒῃολεὲμ

2123 5493 2267 5563 ἀμφὶ
2314 5491 2375 5545 τὸ
2422 5491 2520 5560 τῆς
2567 5489 2807 5562 Χριστοῦ
2854 5493 3161 5562 γεννήσεως
3187 5494 3486 5566 σπήλαιονσ
3527 5488 3691 5555 ἓξ.δὲ

523 5712 599 5781 (i)
627 5711 750 5770 llaec
778 5731 836 5773 se
865 5715 1119 5772 SOrrates
1157 5718 1453 5781 historicus
1480 5734 1547 5772 cx
1578 5717 1810 5774 aliorum
1857 5718 2125 5775 relatione
2153 5719 2341 5776 audita
2368 5710 2611 5777 scribere
2643 5722 2720 5776 ait
2748 5720 2845 5780 lib.
2880 5737 2919 5791 ι,
2948 5738 3071 5790 cap.
3110 5723 3197 5780 i7.
3254 5778 3257 5781 .
