4118 6462
386 572 486 641 1Ι3

1270 574 1879 638 ΕΟΟΕΕΒΙΑΒΤΙΟΕ
1919 576 2307 637 ΗΙδἸὈΙὶίιΕ
2348 579 2491 642 LIB.
2530 579 2696 641 VllI.

3566 569 3662 632 lii

390 698 586 767 μιλίοις
614 694 783 767 διέχει
814 697 914 769 τῆς
979 696 1208 760 πόλεως,
1261 698 1321 749 ὲν
1371 689 1415 763 ᾧ
1442 693 1538 749 τοῦ
1572 694 1966 764 θυσιαστηρίου

2074 695 2141 750 ad
2195 712 2318 753 eam
2365 699 2422 753 in
2481 715 2591 768 qua
2652 699 2910 754 Christus
2962 706 3126 751 natus
3179 706 3266 752 est
3316 687 3659 766 speluncam,

386 786 562 859 χαμαὶ
594 788 691 855 τὴν
724 787 935 857 φάτνην
959 787 1055 840 καὶ
1081 785 1140 839 τὺ
1172 785 1313 839 θεῖον
1341 785 1609 855 σπήλαιον
1650 781 1964 852 περιέσχεν·

386 880 577 950 ἑτέραν
596 880 641 933 δ’
663 881 721 932 ὲν
744 879 823 949 τῷ
852 880 959 932 τῶν
990 866 1218 931 ’Ἐλαιῶν
1240 877 1359 948 ὄρει
1390 876 1526 946 πρὸς
1560 877 1626 946 τῇ
1660 875 1965 945 ἀκρωρείᾳ,

385 974 522 1028 ὅπου
547 972 610 1045 δὴ
641 972 817 1025 λιπὼν
856 971 980 1034 τοὺς
1012 968 1266 1037 μαθητὰς
1297 971 1324 1021 ό
1373 967 1638 1038 Χριστὸς,
1691 968 1831 1037 πρὸς
1875 967 1969 1019 οὑ-

389 1066 584 1135 ρανοὺς
614 1063 920 1135 ἀνελήφθη.
976 1062 1265 1133 ’Υπερφνῆ
1311 1060 1368 1114 δέ
1402 1077 1525 1114 τινα
1562 1059 1754 1125 ἓτερον
1786 1058 1843 1112 ἐν
1888 1056 1968 1129 τῷ

383 1158 569 1230 χωρίῳ
617 1158 657 1210 Γ
659 1155 927 1226 εθσιμανῆ
957 1155 1096 1208 νεὼν
1126 1156 1192 1224 τῇ
1233 1152 1486 1222 Θεοτόκῳ
1535 1149 1742 1222 ἐγείρει
1766 1192 1782 1218 ,
1817 1149 1967 1203 ἔνδον

384 1252 479 1306 τοῦ
532 1248 922 1318 θυσιαστηρίου
983 1247 1076 1300 τόν
1147 1245 1433 1316 ζωηφόίιον
1517 1242 1737 1313 ἐκείνης
1790 1243 1965 1312 τάφον

385 1344 646 1414 ἀσφαλῶς
692 1340 1122 1413 περιστείλασα.
1176 1336 1543 1410 Καταφεροῦς
1587 1335 1634 1390 δ’
1681 1335 1836 1398 δντος
1871 1334 1967 1387 τοῦ

386 1441 575 1504 τόπου,
625 1436 978 1504 ἀναδαθμοὺς
1008 1438 1072 1489 ἐκ
1114 1433 1432 1506 μαρμάρων
1473 1430 1846 1502 ποιησαμένη,
1875 1433 1967 1482 τὸν

390 1531 712 1602 βουλόμενον
758 1529 823 1581 ὲκ
885 1532 984 1597 τῆς
1035 1526 1199 1595 ἁγίας
1254 1524 1462 1586 πόλεως
1509 1523 1649 1591 πρὸς
1697 1520 1967 1584 ἀνατολὰς

390 1624 638 1692 κατάγει.
658 1622 891 1690 Λέγεται
909 1621 1018 1691 γάρ
1041 1637 1121 1673 τοι
1146 1620 1240 1673 καὶ
1261 1618 1497 1688 στόμασι
1527 1613 1743 1667 πολλῶν
1772 1612 1969 1683 περιά-

388 1733 562 1785 γεται,
589 1714 662 1777 ὡς
693 1716 748 1777 ἐς
775 1716 833 1766 τὸ
854 1715 1123 1776 κάταντες
1151 1710 1243 1764 ἰὼν
1271 1711 1299 1764 ό
1324 1708 1512 1774 τόπος,
1538 1705 1725 1768 κοιλὰς
1753 1704 1970 1759 Κλαυθ-

391 1810 565 1881 μῶνος
598 1806 884 1860 καλεῖσθαι
909 1823 923 1836 ο
966 1805 1303 1876 χειμάρρους
1357 1814 1416 1853 τε
1470 1798 1582 1855 τῶν
1622 1798 1849 1871 Κμέδρων
1875 1796 1969 1851 κού⁴

389 1902 572 1964 κοιλὰς
595 1900 686 1952 τοῦ
724 1898 1011 1967 Ἰωσαφάτ·
1042 1897 1280 1969 ἄγχιστα
1307 1891 1352 1949 δ’
1375 1890 1511 1949 εἷναι
1545 1895 1640 1947 καὶ
1670 1894 1763 1947 τὸν
1793 1893 1968 1963 κῆπον

384 1985 428 2057 ᾧ
462 1988 733 2059 παρεδόθη
761 1989 1015 2059 Χριστὸς,
1046 1984 1257 2049 εἰωθὼς
1283 1984 1358 2039 ὣν
1392 1986 1509 2039 ἐκεῖ
1538 1983 1966 2055 προσεύχεσθαι.

2076 791 2260 845 sexies
2293 791 2443 845 mille
2473 791 2731 862 passibus
2764 793 2833 848 ab
2863 791 2999 847 urbe
3032 789 3329 846 distantem
3363 805 3378 843 :
3417 788 3469 840 in
3505 786 3665 855 cujus

2078 884 2358 938 Sanctiore
2391 885 2639 939 sacrario
2667 885 2821 939 humi
2855 894 2912 938 ct
2960 898 3232 954 praesepe,
3258 892 3312 936 et
3339 880 3660 951 speluncam

2077 990 2293 1031 sacram
2334 985 2418 1032 est
2454 977 2777 1046 complexa;
2818 977 3052 1031 alteram
3088 990 3223 1030 vero
3273 975 3327 1027 iu
3378 972 3661 1027 Olivaruut

2079 1056 2296 1134 monte,
2329 1069 2397 1122 ad
2432 1054 2703 1125 verticem
2742 1068 2949 1139 ipsum,
2999 1068 3092 1122 ubi
3128 1066 3338 1122 relictis
3373 1062 3667 1132 discipulis

2078 1150 2337 1216 Christus
2367 1161 2421 1214 in
2454 1161 2627 1217 cmlos
2652 1169 2739 1217 est
2768 1171 3110 1230 assumptus.
3143 1159 3417 1213 Excitavit
3442 1170 3665 1226 quoque

2079 1250 2377 1306 mirificum
2426 1252 2578 1308 aliud
2626 1252 2895 1323 templum
2946 1254 3002 1306 in
3051 1250 3409 1307 Gethsemani
3457 1249 3665 1319 prandio

2078 1343 2347 1401 Genitrici
2403 1344 2523 1410 Dei,
2568 1357 2736 1417 atque
2793 1346 2848 1400 in
2904 1345 3153 1401 sacrario
3208 1345 3329 1413 ipso
3379 1342 3661 1401 vivilicum

2076 1438 2200 1508 ejus
2254 1437 2574 1506 sepulcrum
2635 1437 2877 1492 ﬁrmiter
2926 1437 3171 1492 inclusit.
3209 1435 3373 1490 Cum.
3402 1450 3534 1488 vero
3570 1434 3667 1486 du.—

2078 1530 2239 1585 clivis
2265 1529 2310 1586 is
2342 1529 2416 1586 sit
2449 1530 2630 1594 locus,
2650 1530 2855 1602 gradus
2888 1544 3236 1584 marmoreus
3267 1529 3385 1583 lteri
3423 1528 3660 1582 curavit.

2077 1622 2322 1677 viatores
2354 1637 2423 1677 ex
2459 1634 2651 1677 sancta
2681 1624 2818 1678 urbe
2849 1623 3182 1677 orientalem
3222 1621 3436 1691 plagam
3477 1636 3667 1673 versus

2074 1713 2343 1769 ferentes.
2409 1713 2576 1787 596
2646 1714 2947 1769 Multorum
3014 1730 3239 1784 quoque
3312 1712 3667 1768 sermonibus

2077 1806 2491 1873 circumfertur,
2563 1808 2925 1864 decliviorem
2972 1823 3133 1872 \eum
3206 1808 3391 1861 locum
3455 1806 3667 1860 Vallem

2076 1898 2265 1965 ﬂetus,
2312 1908 2367 1953 et
2406 1910 2711 1955 torrentem
2760 1900 3006 1963 Ccdron,
3042 1911 3212 1970 atque
3255 1903 3423 1955 etiam
3466 1901 3665 1953 vallem

2076 1988 2345 2059 Josaphat
2391 1986 2523 2046 dici.
2575 1988 2633 2044 ln
2679 1991 3000 2061 propinquo
3046 1992 3213 2047 etiam
3270 2006 3395 2046 esse
3445 1990 3666 2044 hortum

388 2085 496 2137 Καὶ
520 2087 630 2147 τοῖς
652 2080 818 2146 θείοις
845 2082 901 2135 δὲ
945 2081 1180 2150 νηπίοις,
1208 2080 1304 2134 καὶ
1335 2080 1469 2134 ὅπου
1503 2080 1559 2132 δὲ
1592 2077 1827 2147 ἄγγελος
1857 2074 1966 2141 τοῖς

2080 2082 2234 2137 illum
2266 2082 2320 2137 in
2351 2097 2461 2152 quo
2491 2082 2745 2152 proditus
2773 2093 2859 2139 est
2882 2082 3159 2147 Christus,
3195 2092 3253 2138 et
3282 2084 3336 2137 in
3370 2099 3482 2152 quo
3509 2098 3669 2135 orare

386 2180 640 2246 ποιμέσιν
669 2174 1080 2246 εὐηγγελίζετο,
1116 2173 1475 2244 ἐδημιούργει
1514 2172 1726 2234 τούτοις
1755 2172 1820 2241 δὴ
1858 2172 1971 2232 τοῖς

387 2273 598 2339 ἄντροις
632 2271 753 2338 ἱερὰ
798 2270 1232 2340 φροντιστήριαο
1278 2267 1461 2329 αὐτοῖς
1485 2283 1542 2319 τε
1573 2266 1823 2336 βρέφεσι,
1875 2263 1971 2316 καὶ

386 2366 453 2432 τῇ
485 2361 579 2415 τοῦ
610 2364 784 2431 Λόγου
820 2361 1150 2431 λοχευτρίᾳ,
1188 2362 1287 2412 καὶ
1336 2358 1415 2429 τῷ
1453 2360 1725 2430 μνήστορι
1765 2352 1967 2427 Ἰωσὴφ

384 2455 573 2525 ἕτερον
596 2493 612 2506 .
670 2455 910 2507 Ἐκεῖθεν
942 2455 1021 2517 εἰς
1071 2453 1350 2523 Βηθάνιαν
1382 2450 1561 2515 ίοῦσα,
1612 2450 1856 2520 Λαζάρῳ
1890 2448 1968 2519 τῷ

384 2547 522 2615 φίλῳ
551 2545 788 2617 Χριστοῦ
817 2547 953 2598 νεὼν
990 2550 1120 2617 περὶ
1164 2547 1256 2599 τὸν
1289 2546 1462 2616 τάφον
1493 2544 1816 2616 περιφανῶς
1845 2543 1965 2595 ἀνιο

387 2637 516 2709 στᾷ·
537 2637 701 2707 διέχει
721 2636 776 2690 δὲ
815 2636 1209 2708 Ἱεροσολύμων
1231 2636 1367 2689 ὡσεὶ
1398 2635 1556 2704 μίλια
1586 2635 1702 2687 δύο.
1728 2635 1968 2686 Ἔπειτα

383 2731 462 2800 τῷ
495 2732 623 2799 θείῳ
668 2730 907 2802 Ἰορδάνῃ
937 2722 1293 2802 προσῦάλλει·
1323 2730 1417 2783 καὶ
1447 2729 1594 2799 ἀμφὶ⁹
1614 2728 1691 2799 τῷ
1716 2722 1967 2798 σπηλαίῳ

385 2818 429 2892 ᾧ
463 2825 628 2879 πάλαι
676 2829 775 2896 τὴν
821 2825 1147 2897 κατοίκησιν
1190 2821 1339 2894 εἶχεν
1369 2825 1397 2877 ό
1447 2821 1788 2892 Βαπτιστὴς,
1815 2818 1967 2872 οἷκον

386 2919 538 2988 αὐτῷ
579 2918 887 2987 περικαλλῆ
936 2918 1254 2988 ἀνεγείρειν
1304 2919 1401 2974 καὶ
1449 2917 1608 2972 ἀλλον
1654 2917 1712 2969 δὲ
1743 2918 1882 2987 πρὸς
1908 2917 1969 2969 τὸ

387 3008 613 3071 ἄναντες
646 3006 738 3062 τοῦ
791 3009 954 3078 ὅρους
1004 3010 1189 3062 Ἠλιοῦ
1228 3008 1305 3080 τῷ
1348 3009 1588 3083 Θεσείτῃ
1638 3008 1964 3080 ἐγκαθιστᾷ.

395 3103 547 3155 Ὀδον
572 3103 613 3155 δ’
639 3103 851 3156 ἐκεῖθεν
894 3104 1177 3175 τεσσάρων
1210 3103 1459 3159 ἀνύσασα
1488 3104 1737 3175 ἡμερῶν,
1769 3107 1849 3164 εἰς
1873 3104 1968 3158 Τι-

386 3198 609 3267 ϐεριάδα
643 3196 792 3267 ἥκει,
826 3195 955 3250 ἔνθα
994 3203 1055 3251 τὸ
1103 3197 1523 3268 Δωδεκάθρονον
1554 3199 1795 3269 ἵστησιν,
1829 3198 1966 3251 ὅπου

385 3291 622 3360 Χριστὸς
654 3292 749 3344 καὶ
777 3290 904 3354 τοὺς
938 3289 1419 3362 τετρακισχιλίους
1447 3289 1702 3360 διέθρεψε
1731 3304 1744 3317 ·
1783 3290 1879 3342 καὶ
1908 3292 1968 3341 τὸ

2072 2176 2275 2230 solitus
2331 2174 2537 2230 fuerat.
2587 2176 2809 2232 Sanctis
2853 2176 3048 2231 itidem
3087 2175 3416 2241 infantibus,
3460 2182 3517 2229 ct
3567 2174 3662 2228 ubi

2070 2266 2302 2338 angelus
2342 2268 2660 2338 pastoribus
2706 2269 2893 2324 laetum
2940 2269 3129 2325 attulit
3164 2269 3450 2331 nuntium,
3490 2262 3545 2319 in
3582 2268 3666 2321 eis

2073 2361 2212 2431 ipsis
2242 2362 2381 2416 locis
2409 2377 2601 2416 sacras
2630 2363 2909 2418 exstruxit
2932 2361 3082 2417 aedes
3112 2380 3127 2415 :
3160 2360 3469 2416 infantibus
3507 2346 3667 2414 vide-

2071 2456 2205 2525 licet
2237 2455 2396 2526 ipsis,
2425 2467 2484 2511 et
2513 2456 2680 2512 Verbi
2714 2472 3026 2528 puerperae,
3062 2471 3165 2510 nec
3190 2472 3300 2509 non
3335 2455 3499 2508 aliam
3536 2470 3666 2523 quu-

2072 2564 2182 2619 que
2225 2564 2432 2620 sponso
2472 2549 2717 2619 Josepho
2749 2550 2950 2605 aedem.
2987 2548 3116 2604 lude
3167 2546 3500 2603 Bethaniam
3548 2562 3667 2616 pro-

2071 2657 2263 2711 gressa
2307 2641 2539 2697 .Lazaro
2593 2640 2802 2697 Christi
2856 2641 3039 2696 amico
3100 2641 3322 2710 insigne
3368 2638 3666 2694 aediﬁcavit

2072 2734 2367 2790 delubrum
2404 2754 2416 2788 :
2456 2735 2618 2790 abest
2655 2735 2707 2788 id
2752 2733 3152 2802 llierOsolymis
3189 2748 3454 2801 passuum
3505 2732 3668 2785 milli-

2075 2827 2179 2883 bus
2204 2826 2451 2881 duobus.
2478 2826 2688 2882 Deinde
2709 2826 2777 2880 ad
2804 2843 3020 2880 sacrum
3046 2826 3345 2882 Jordanem
3370 2841 3667 2886 conversa.

2073 2922 2220 2975 circa
2282 2920 2608 2989 speluncam
2662 2921 2755 2974 ubi
2812 2920 2946 2973 olim
3002 2919 3353 2973 domiciliqu
3420 2918 3665 2986 Baptista

2074 3012 2290 3079 habuit,
2343 3014 2735 3082 perpulchram
2775 3012 2949 3066 adeo:
3000 3011 3079 3065 illi
3131 3012 3334 3075 erexit,
3387 3012 3665 3080 aliamque

2072 3104 2140 3159 ad
2171 3104 2545 3159 acclivitatem
2572 3105 2800 3170 montis,
2832 3103 2963 3158 Elia:
2987 3103 3290 3159 Thcsbitm.
3318 3106 3501 3172 Atque
3537 3104 3665 3158 inde

2070 3206 2311 3267 quatuor
2334 3197 2550 3251 dierum
2587 3197 2789 3253 itinere
2817 3211 3070 3261 emenso,
3102 3196 3457 3252 Tiberiadcm
3489 3199 3665 3261 venit,

2073 3292 2168 3346 ubi
2203 3292 2262 3343 τὸ
2299 3290 2745 3360 Δωδεκάθρονον,
2779 3291 2884 3345 hoc
2917 3301 3026 3354 est,
3056 3290 3363 3344 Duodecim
3400 3290 3660 3344 Throno-

384 3388 583 3458 χωρίον
630 3385 777 3439 ἐστιν
804 3388 838 3455 ἡ
868 3384 1243 3458 Καπερναοὺμ
1265 3426 1280 3450 ,
1315 3386 1445 3439 ἔνθα
1483 3384 1549 3456 δὴ
1585 3386 1679 3439 καὶ
1722 3381 1792 3437 τά
1825 3384 1966 3436 κατὰ

2077 3401 2199 3439 rum
2236 3385 2501 3454 templum
2549 3385 2766 3449 statuit,
2810 3401 2921 3454 quo
2968 3387 3092 3440 loco
3129 3384 3388 3439 Christus
3423 3394 3665 3454 quatuor

385 3483 476 3535 τὸν
506 3483 903 3553 ἑκατόνταρχον
948 3480 1233 3550 ἐτελέσθη,
1283 3484 1377 3535 καὶ
1409 3481 1437 3533 ό
1480 3477 1573 3533 διὰ
1627 3479 1727 3548 τῆς
1767 3477 1967 3548 στέγης

385 3578 677 3649 χαλασθεὶς
725 3578 1105 3646 παραλυτικὸς
1163 3576 1368 3631 αὐτίκα
1412 3575 1540 3645 εὗρε
1602 3575 1703 3645 τὴν
1770 3575 1917 3629 ίασιν
1949 3613 1965 3628 .

388 3671 521 3726 Εἶτα
543 3676 599 3725 ὲν
621 3665 666 3742 ᾧ
693 3673 793 3744 τὴν
816 3671 912 3724 τοῦ
931 3673 1167 3742 αἵματος
1199 3671 1390 3725 στάσιν
1418 3672 1452 3741 ἡ
1481 3670 1783 3743 αἱμόρρους
1812 3669 1964 3739 εῦρν

387 3771 488 3823 κάν
517 3768 597 3838 τῷ
650 3768 993 3838 Ἐπταπήγῳ
1034 3767 1312 3837 λεγομένῳ
1349 3768 1681 3834 ἐφίσταται,
1737 3766 1875 3819 ὅπου
1906 3766 1969 3818 τὸ

388 3865 497 3917 τῶν
525 3864 664 3916 ὲπτά
689 3862 870 3933 ἄρτων
917 3863 1010 3914 καὶ
1056 3861 1166 3913 τῶν
1205 3858 1299 3914 δύο
1342 3860 1544 3931 ἰχθύων
1590 3858 1779 3924 θαῦμα
1810 3860 1968 3924 ξένον

388 3957 700 4025 εἰργάσατο.
735 3954 854 4007 Κάν
894 3957 961 4025 τῇ
1006 3953 1166 4023 ἀλείᾳ
1198 3952 1257 4006 δὲ
1300 3954 1401 4023 τῆς
1441 3952 1769 4019 Τιϐεριάδος
1806 3968 1970 4019 γεγε-

386 4049 617 4117 νημὲνη,
647 4049 740 4100 καὶ
779 4047 913 4100 ὅπου
962 4046 1019 4100 δὲ
1047 4046 1148 4115 τὴν
1186 4044 1566 4116 Μαγδαληνὴν
1602 4048 1743 4110 ἰᾶτο,
1779 4045 1969 4113 διαφό-

356 4154 515 4207 ,ρους
557 4138 677 4193 καθ’
728 4138 961 4191 ἕκαστον
1008 4137 1216 4191 τούτων
1245 4138 1363 4200 τοῖς
1407 4138 1734 4200 ἀποστόλοις
1767 4138 1966 4192 ἀνίστα

386 4230 544 4292 νεὼς.
580 4229 770 4284 Ἐνδον
799 4230 858 4283 δὲ
885 4230 987 4300 τῆς
1028 4229 1241 4290 πόλεως
1280 4228 1611 4300 Τιὸεριάδος
1640 4230 1741 4298 τὴν
1782 4230 1967 4284 οίκίαν

382 4323 481 4390 της
510 4322 778 4391 πενθερᾶς
813 4323 1024 4392 Πέτρου
1050 4318 1292 4390 εὑροῦσα
1325 4320 1519 4391 Πέτρῳ
1548 4320 1627 4389 τῷ
1679 4318 1813 4390 θείῳ
1842 4337 1966 4372 ποια

384 4417 533 4469 κίλον
557 4414 830 4485 ᾠκοδόμει
872 4412 1030 4471 νεών.
1081 4418 1198 4469 Κάν
1240 4414 1321 4485 τῷ
1369 4398 1641 4483 Θαόωρίῳ
1682 4414 1740 4465 δὲ
1767 4415 1836 4466 τά
1873 4412 1964 4466 ἴσα

383 4508 758 4576 διεπράττετο⁶
792 4507 922 4560 ἔνθα
951 4507 1018 4576 δὴ
1061 4507 1286 4576 λέγεται
1340 4507 1436 4560 καὶ
1469 4506 1562 4559 τὸν
1620 4506 1964 4575 Μελχισεδὲκ

383 4601 631 4665 εὐλογίας
659 4600 994 4664 καταξιῶσαι
1016 4600 1109 4653 τὸν
1151 4599 1432 4669 ’Δόραάρη
1462 4598 1553 4668 Τῴ
1574 4598 1632 4652 δὲ
1655 4600 1754 4668 τῆς
1779 4599 1966 4651 Μετα-

385 4694 718 4764 μορφώσεως
747 4694 900 4762 τόπῳ
942 4694 1055 4755 τοῖς
1079 4692 1179 4762 τὴν
1221 4692 1477 4761 ὑπερφυᾶ
1524 4692 1838 4746 κατιδοῦσιν
1876 4693 1963 4745 αἰ-

2074 3479 2362 3533 hominum
2399 3476 2574 3531 millia
2617 3479 2790 3547 pavit.
2843 3478 2900 3532 In
2944 3493 3006 3531 ea
3059 3477 3291 3549 regione
3334 3485 3424 3531 est
3463 3474 3668 3545 Caper-

2074 3586 2263 3638 naum,
2300 3571 2393 3625 ubi
2429 3572 2762 3627 miraculum
2793 3572 2929 3628 illud
2964 3574 3020 3626 iu
3064 3573 3398 3630 centurione
3428 3574 3666 3632 editum.

2071 3676 2126 3721 et
2163 3667 2218 3720 in
2252 3666 2582 3736 paralytico,
2615 3666 2708 3737 qui
2749 3681 2848 3735 per
2895 3676 3100 3721 tectum
3137 3668 3440 3732 demissus.
3473 3669 3662 3725 statim

2071 3759 2310 3814 salutem
2367 3759 2627 3826 invenit;
2693 3758 2898 3814 deinde
2959 3759 3052 3813 ubi
3113 3761 3318 3815 mulier
3374 3761 3666 3833 sanguinis

2070 3848 2221 3905 ﬂuxu
2268 3850 2530 3905 laborans
2569 3851 2827 3904 restituta
2863 3860 2973 3906 est.
2999 3852 3234 3906 Sistitur
3259 3852 3509 3908 etiamin
3546 3854 3668 3909 loco

2071 3943 2168 4014 qui
2207 3944 2415 4000 dicitur
2462 3944 2847 4013 Ἑπτάπηγος,
2881 3944 2989 3999 hoc
3018 3956 3125 4008 est,
3168 3947 3249 4000 Ad
3297 3958 3510 4015 scptem
3547 3948 3668 4000 ion-

2073 4044 2179 4101 tes,
2202 4036 2295 4089 ubi
2323 4036 2519 4106 ingens
2549 4036 2682 4091 illud
2716 4037 3049 4093 miraculum
3075 4038 3146 4092 de
3178 4049 3392 4107 septem
3426 4040 3667 4111 panibus

2070 4136 2129 4183 et
2165 4129 2359 4198 paucis
2385 4129 2632 4197 piscibus
2661 4130 2933 4185 Dominus
2967 4132 3121 4186 fecit.
3155 4131 3408 4188 Accessit
3437 4148 3666 4204 quoque

2070 4222 2141 4275 ad
2181 4221 2223 4275 Τ
2233 4221 2498 4277 iberiadis
2535 4223 2832 4291 piscatum,
2875 4233 2934 4277 et
2985 4226 3037 4277 in
3086 4224 3271 4280 locum
3317 4226 3410 4281 ubi
3445 4226 3694 4297 Μαίων-Ι

2068 4317 2195 4371 leua
2228 4325 2419 4371 sanata
2447 4306 2559 4380 est,
2583 4326 2643 4369 et
2677 4318 2730 4372 in
2761 4316 2997 4387 singulis
3024 4319 3164 4374 locis
3189 4321 3410 4373 diversa
3441 4328 3669 4387 aposto-

2070 4410 2141 4465 lis
2189 4410 2501 4464 constmxit
2555 4410 2781 4481 templa.
2834 4411 2982 4466 intra
3035 4412 3232 4466 urbem
3284 4410 3661 4474 Tiberiadem,

2067 4518 2270 4557 socrus
2301 4503 2450 4559 Petri
2489 4502 2658 4558 domo
2689 4514 2936 4575 reperta.
2969 4505 3101 4559 divo
3150 4505 3318 4561 Petro
3364 4504 3661 4573 pulchrum

2067 4596 2364 4651 constituit
2395 4596 2722 4651 delubrum.
2764 4596 2957 4651 Itidem
2988 4610 3160 4665 porro
3198 4597 3256 4650 in
3290 4605 3478 4650 monte
3515 4597 3666 4650 ’Πω-

2066 4693 2171 4745 bor
2195 4690 2352 4755 fecit,
2386 4691 2445 4744 in
2466 4706 2579 4760 quo
2614 4689 3027 4753 Melchisedech
3057 4691 3434 4746 Abrahamum
3459 4691 3664 4745 dicitur

382 4785 517 4853 γλην
545 4785 760 4855 ἐκείνην
785 4784 966 4854 τρισὶν
997 4783 1321 4846 ἀποστόλοις
1351 4784 1658 4853 περικαλλῆ
1689 4783 1784 4838 τὸν
1812 4781 1961 4840 οἷκον

2071 4781 2467 4837 benedictione
2500 4793 2869 4850 -prosecutus
2927 4798 3075 4840 esse.
3146 4783 3207 4837 ln
3282 4782 3406 4854 ipso
3472 4795 3659 4839 autem

381 4875 651 4944 ἐδείματο·
680 4877 775 4928 καὶ
802 4875 970 4928 πολλὰ
998 4874 1075 4945 τῷ
1105 4878 1250 4943 τόπῳ
1275 4875 1645 4928 κατεϐάλλετο
1673 4879 1779 4945 χρὴ
1788 4894 1958 4945 ματα,

380 4968 448 5021 ἵν’
489 4964 599 5021 εἷεν
635 4972 743 5030 τοῖς
786 4970 967 5020 ἐκεῖσε
1015 4971 1425 5038 παραμένωσι,
1476 4970 1571 5021 καὶ
1629 4970 1722 5022 τὸν
1778 4970 1959 5039 χῶρον

378 5064 629 5131 ειπρεπὶι
653 5061 991 5114 καθιστῶσιν
1028 5065 1107 5123 εἰς
1153 5059 1369 5130 ὄνησιν..
1426 5061 1671 5113 Ἐκεῖθεν
1714 5063 1774 5113 δὲ
1824 5063 1959 5130 πρὸς

376 5156 639 5216 ἀιατολάς
670 5154 959 5218 κατιοῦσα,
984 5155 1067 5216 είς
1110 5154 1369 5224 Ναζαρὲτ
1417 5155 1677 5223 γίνεται.
1714 5156 1822 5208 Καὶ
1864 5157 1958 5208 τὸν
1998 5175 2002 5181 ·

372 5248 468 5301 τοῦ
508 5244 869 5319 χαιρετισμοῦ
914 5243 1062 5301 οἷκον
1101 5246 1367 5318 εὑροῦσα,
1415 5250 1545 5301 ναὸν
1592 5249 1856 5318 χαρίεντα
1888 5252 1955 5319 τῇ

374 5343 623 5413 Θεοτοκῳ
650 5341 847 5394 ἀνίστα
888 5339 998 5412 [ἀλ.
1033 5339 1280 5412 ἀνίστη].
1319 5342 1437 5394 Κάν
1483 5346 1549 5411 τῇ
1598 5342 1753 5412 Κρινᾷ
1773 5341 1831 5394 δὲ
1852 5342 1955 5409 τῆὗ

377 5436 688 5511 Γαλιλαίας,
725 5433 860 5486 ἔνθα
913 5438 943 5487 ό
974 5435 1068 5487 τοῦ
1129 5435 1441 5489 Κανανίτου
1486 5435 1731 5506 Σίμωνος
1778 5434 1959 5503 γάμος

374 5532 615 5597 ἐγένετο,
665 5526 764 5580 καὶ
790 5526 850 5591 ἐξ
879 5519 1090 5596 ἁδῆλων
1152 5528 1398 5597 βοτρύων
1446 5524 1588 5590 οἶνος
1628 5529 1959 5598 ὲπηγάζετο,

374 5618 527 5677 οἷκον
588 5619 742 5690 ἱερὸν
793 5618 1045 5690 ἐδείματο
1100 5620 1308 5693 ἕτερον.

2070 4873 2608 4928 ἰ“ι·σιιδΐυιἰηιιιίοιιὶε
2642 4874 2786 4940 loco,
2818 4876 2917 4945 qui
2961 4876 3316 4946 splendorem
3358 4876 3513 4932 illum
3554 4878 3659 4932 mi-

2067 4965 2285 5021 rilicum
2323 4981 2687 5034 conspexere,
2716 4969 2985 5037 apostolis
3011 4970 3197 5024 tribus
3220 4970 3658 5040 pulcherrimam
3724 4960 3727 4967 ’

2063 5061 2344 5116 exstruxit
2372 5060 2689 5115 ecclesiam.
2725 5061 2847 5127 Quo
2881 5062 3006 5118 loco
3041 5065 3272 5119 multant
3321 5066 3487 5120 etiam
3533 5067 3662 5120 reii-

2064 5151 2186 5219 quit
2220 5152 2534 5219 pecuniam,
2567 5152 2623 5205 in
2649 5140 2965 5209 subsidium
2992 5156 3078 5211 eis
3102 5157 3197 5223 qui
3230 5157 3307 5212 ibi
3342 5170 3656 5221 nianerent,

2065 5244 2362 5311 locumque
2388 5244 2571 5312 ipsum
2600 5247 2945 5302 eneolerent.
2988 5247 3122 5301 inde
3150 5248 3431 5304 orientem
3465 5264 3663 5304 vers-us

2064 5334 2439 5399 descendens,
2508 5334 2781 5395 Nazareth
2846 5342 3125 5408 pervenit,
3181 5351 3239 5395 et
3303 5342 3658 5396 salutationis

2065 5429 2331 5498 angelica:
2359 5431 2528 5485 domo
2560 5441 2805 5500 reperta,
2837 5433 2931 5487 Dei
2962 5432 3236 5488 Genitrici
3271 5448 3655 5503 perammnum

2066 5521 2334 5576 excitavit
2360 5523 2651 5592 templum.
2689 5525 2759 5580 Et
2790 5528 2846 5580 in
2882 5526 3031 5581 Cana
3061 5525 3324 5589 Galilatte,
3353 5526 3445 5579 ubi
3476 5527 3659 5579 Simo—

2066 5613 2157 5666 nis
2179 5614 2480 5669 Chananaii
2511 5617 2719 5685 nuptiae
2748 5618 3066 5683 celebratae,
3102 5628 3159 5671 et
3192 5633 3261 5671 ex
3302 5618 3536 5674 occultis
3570 5618 3657 5671 iu-

2065 5709 2350 5777 certisque
2381 5709 2558 5764 hotris
2602 5711 2794 5766 viuum
2841 5713 3070 5776 factum,
3102 5712 3267 5768 aliam
3303 5725 3527 5783 quoque
3569 5727 3656 5770 sa-

2066 5815 2218 5855 cram
2251 5801 2422 5857 aedem
2463 5803 2778 5861 aediﬁcavit.
