4118 6512
493 532 591 598 115
1710 539 2128 601 NICEPllORI
2169 542 2512 601 CALLISTI
3647 538 3745 602 llﬁ

561 653 722 722 597
741 652 1010 708 Caeterum
1031 656 1084 709 in
1113 655 1303 709 urbem
1328 667 1572 710 sanctam
1591 672 1830 721 reversa.
1859 661 1909 713 in
1939 659 2069 714 Sion
2103 669 2149 724 Α

2119 669 2149 724 ι
2248 659 2418 711 Πάλιν
2449 659 2501 710 δὲ
2533 657 2668 728 πρὸς
2722 657 2820 728 τὴν
2851 657 3018 726 ἁγίαν
3064 657 3452 728 ὑποστρέψασα
3494 657 3745 724 πόλινκὲν

492 744 894 814 amplissimum
937 747 1097 814 longe
1144 748 1361 816 lateque
1403 750 1713 802 construxit
1756 751 2063 820 templum,

2175 755 2240 820 τῇ
2278 753 2414 803 Σιὼν
2448 753 2710 820 μέγιστον
2733 753 2813 815 είς
2846 753 3023 821 μῆκος
3055 753 3151 805 καὶ
3193 753 3394 812 πλάτος
3424 749 3743 821 ἐκτρέχοντα

490 835 544 888 in
574 837 730 905 cujus
760 839 970 905 postico
992 837 1215 892 domum
1247 840 1646 904 circumclusit,
1679 842 1732 894 in
1771 857 1900 911 qua,
1933 842 2066 897 fori-

2175 838 2325 895 οῐκον
2356 843 2572 914 ἀνίστη·
2609 843 2669 895 οῦ
2701 845 2759 895 ἐν
2792 843 2891 912 μέν
2928 845 3043 906 τοῖς
3089 844 3313 896 ὄπισθεν
3362 843 3549 912 μέρεσι
3581 843 3639 894 τὸ
3666 842 3743 892 οἵ·

492 928 594 981 bus
625 929 846 993 clausis,
884 939 1107 998 propter
1140 939 1346 984 metum
1406 931 1746 999 Judazorum,
1809 935 2062 1004 discipuli

2172 951 2328 1004 κημα
2360 934 2760 1005 περιέκλεισεν,
2795 933 2922 988 ἔνθα
2951 930 3093 1006 ἦσαν
3125 934 3460 1004 συνηγμένοι
3507 933 3612 985 τῶν
3660 932 3748 984 θυ-

489 1019 709 1074 fuerant
735 1021 1086 1090 congregati:
1124 1023 1177 1074 in
1216 1038 1322 1090 qua
1352 1025 1515 1076 etiam
1545 1039 1697 1078 sacra
1749 1040 1906 1080 coena
1939 1041 2065 1094 per-

2175 1027 2285 1098 ρῶν
2315 1026 2724 1095 κεκλεισμένων
2754 1027 2843 1079 διὰ
2890 1027 2984 1080 τὸν
3010 1027 3118 1079 τῶν
3184 1025 3460 1079 Ἰουδαίων
3512 1023 3675 1092 φόϐον
3702 1023 3750 1073 οἱ

489 1123 631 1173 acta,
652 1126 914 1180 sacraque
949 1115 1149 1182 pedum
1173 1113 1330 1178 lotio,
1355 1130 1456 1168 nec
1486 1131 1596 1169 non
1625 1114 1862 1185 Spiritus
1891 1117 2066 1171 sancti

2175 1117 2440 1188 μαθηταὶ,
2469 1119 2525 1171 ἐν
2616 1117 2708 1170 καί
2736 1121 2762 1171 ὁ
2782 1118 2925 1181 θεῖος
2950 1118 3164 1180 δεῖπνος
3193 1116 3431 1185 ἐγένετο,
3464 1116 3492 1168 ὅ
3518 1132 3574 1167 τε
3609 1115 3748 1172 θεῖος

491 1203 542 1254 iu
576 1203 860 1256 caenaculo
893 1204 1184 1269 adventus,
1227 1206 1279 1258 in
1305 1221 1411 1271 qua
1434 1207 1648 1274 primus
1698 1223 1918 1278 quoque
1946 1208 2066 1281 hie-

2172 1210 2394 1280 νιπτὴρ,
2423 1211 2519 1264 καὶ
2553 1211 2585 1279 ή
2620 1208 2714 1262 τοῦ
2751 1209 2913 1278 ἁγίου
2967 1209 3285 1278 Πνεύματος
3317 1206 3543 1267 κάθοδος
3586 1205 3643 1256 ἐν
3672 1205 3748 1273 τῷ

492 1294 686 1348 rarcha
723 1303 778 1348 et
813 1300 1109 1365 episcopus
1133 1297 1374 1352 Jacobus
1392 1300 1744 1355 renuntiatus
1774 1311 1878 1355 est.
1916 1301 1976 1356 In
2001 1318 2068 1356 eo

2173 1302 2430 1373 ὑπερῴῳ·
2471 1300 2566 1355 καὶ
2599 1301 2819 1371 πρῶτος
2851 1301 3114 1372 ίεράρχης
3166 1299 3518 1368 ἀνεκηρύχθη
3563 1297 3749 1350 Ἰάκω-

491 1387 698 1452 tmnplo
721 1401 1028 1440 marmorea
1068 1402 1287 1456 quoque
1315 1387 1416 1441 fuit
1470 1389 1748 1452 columna,
1782 1389 1850 1444 ad
1900 1406 2066 1460 quam

2172 1392 2288 1456 ϐοςο
2317 1394 2453 1446 ὅπου
2477 1393 2541 1462 δὴ
2572 1393 2667 1446 καὶ
2690 1394 2718 1445 ὁ
2749 1392 3062 1463 πορφυροῦς
3087 1388 3155 1462 ἦν
3191 1390 3356 1452 κίων,
3385 1390 3514 1442 ἔνθα
3547 1405 3750 1459 προσε-

491 1494 617 1529 cum
653 1476 884 1545 ﬂagellis
919 1477 1248 1544 caederetur,
1304 1479 1557 1549 alligatus
1587 1489 1673 1534 est
1699 1479 1972 1535 Salvator.
2010 1481 2068 1534 ln

2175 1484 2300 1552 δέθη
2361 1483 2779 1552 φραγγελωθεὶς
2823 1487 2849 1536 ὸ
2905 1485 3116 1553 Σωτήρ.
3167 1476 3243 1535 Οῦ
3292 1485 3404 1542 τοῖς
3450 1480 3750 1545 εὐωνύμοις

491 1569 649 1636 cujus
681 1579 835 1636 parte
868 1571 1114 1632 sinistra,
1144 1570 1256 1623 divi
1296 1571 1576 1639 prophetas
1629 1571 1853 1626 Davidis
1885 1571 2070 1640 scpqu

2175 1575 2368 1645 μέρεσι
2393 1576 2484 1627 τοῦ
2521 1574 2652 1628 ναοῦ
2691 1577 2718 1628 ό
2746 1575 2838 1628 τοῦ
2872 1574 3015 1627 θείου
3064 1576 3351 1643 προφήτου
3381 1572 3544 1624 Δαυῖδ
3587 1571 3755 1637 τάφος

493 1676 646 1712 crum
664 1659 951 1728 magniﬁce
979 1661 1033 1713 in
1064 1661 1289 1715 sublimi
1315 1662 1810 1717 collocatum.Sion
1851 1665 1967 1732 ipsa
2001 1663 2067 1717 ad

2175 1667 2616 1738 μεγαλοπρεπῶς
2653 1667 2867 1738 ἵδρυται
2918 1669 2982 1737 τῇ
3022 1669 3366 1737 προσκομιδῇ
3403 1664 3507 1731 τῆς
3554 1664 3758 1729 ἀναφο-

492 1752 787 1804 australem
825 1751 979 1806 urbis
1029 1762 1114 1806 est
1147 1753 1252 1807 sita
1293 1763 1526 1822 partem.
1565 1758 1909 1823 superiorem
1949 1756 2070 1824 ejus

2173 1760 2295 1829 ρᾶς.
2337 1757 2491 1810 Ἦ·δέ
2527 1757 2666 1810 Σιὼν
2704 1758 2842 1827 πρὸς
2876 1758 3032 1810 νότον
3085 1758 3202 1809 ἐστὶ
3245 1759 3342 1825 τῆς
3393 1756 3629 1816 πόλεως,
3665 1751 3756 1804 τὸν

492 1844 686 1896 sortita
715 1844 1020 1912 regionem,
1040 1843 1405 1912 passibusque
1434 1845 1580 1898 mille
1599 1861 1629 1898 a
1649 1845 1853 1900 Christi
1886 1861 2066 1900 resur-

2174 1852 2668 1920 ὑπερανεστηκότα
2717 1850 2900 1920 χῶρον
2944 1849 3150 1918 ταύτης
3173 1847 3438 1917 λαχοῦσα.
3490 1844 3684 1899 Μίλιον
3715 1841 3759 1894 δ’

492 1934 757 1987 rectionis
786 1935 906 1989 loco
949 1935 1136 1989 distat.
1168 1936 1235 1989 Et
1271 1935 1323 1990 in
1357 1937 1562 2005 palatio
1609 1937 1851 2007 Caiphae,
1907 1939 2070 2009 Petro

2175 1945 2232 1998 ἓν
2262 1945 2428 2015 διέχει
2460 1944 2599 1998 Σιὼν
2646 1945 2745 2013 τῆς
2789 1944 2884 1997 τοῦ
2930 1942 3167 2014 Χριστοῦ
3222 1943 3601 2004 ἀναστάσεως.
3643 1941 3759 1993 Κάν

491 2025 868 2091 apostolorum
932 2026 1166 2095 principi
1230 2029 1492 2098 templum
1564 2029 1711 2083 aliud
1762 2020 2117 2085 constituit.l

2134 2022 2146 2073 ³
2176 2039 2240 2106 τῇ
2273 2036 2407 2106 αὐλῇ
2438 2036 2491 2089 δέ
2525 2035 2616 2089 τοῦ
2673 2035 2901 2104 Καῖάφα
2954 2036 3148 2104 Πέτρῳ
3199 2033 3276 2102 τῷ
3313 2032 3601 2101 κορυφαίῳ
3652 2030 3760 2084 τῶν

489 2117 669 2186 Atque
696 2119 748 2171 in
778 2120 932 2173 fovea
967 2120 1243 2185 Jcretniw,
1269 2132 1326 2176 et
1353 2123 1418 2176 ad
1456 2123 1660 2178 fontem
1683 2123 1778 2193 qui
1811 2124 1959 2178 Siloe
1986 2123 2073 2178 di-

2180 2123 2439 2194 μαθητῶν
2489 2123 2617 2177 ναὸν
2662 2123 2853 2192 ἕτερον
2899 2122 3147 2192 ἡγειρεν.
3199 2121 3298 2172 Ἐν
3329 2137 3386 2172 τε
3442 2118 3523 2189 τῷ
3570 2117 3761 2188 λάκκῳ

491 2209 660 2276 citur,
683 2212 912 2266 miriﬁca
935 2215 1244 2268 construxit
1276 2229 1465 2283 opera.
1497 2215 1782 2270 Postremo
1802 2225 1857 2270 et
1883 2231 2072 2284 agrum

2189 2215 2457 2286 Ἰερεμίου
2507 2217 2601 2268 καὶ
2649 2217 2707 2268 ἐν
2734 2217 2800 2285 τῇ
2833 2217 2986 2283 πηγῇ
3032 2214 3066 2283 ἢ
3110 2212 3203 2265 τοῦ
3260 2212 3484 2281 Σιλωὰμ
3521 2210 3760 2280 εἴρηται,

495 2299 642 2369 ﬁguli
683 2303 938 2367 apparari
973 2305 1211 2365 curavit,
1253 2305 1306 2357 in
1361 2305 1700 2358 advenarum
1755 2305 1964 2358 scilicet
2020 2314 2075 2358 et

2177 2308 2454 2378 πολυτελῆ
2483 2308 2550 2362 τά
2583 2309 2722 2378 ἔργα
2771 2307 2980 2362 ἐποίει.
3019 2306 3186 2368 Τέλος
3231 2306 3286 2358 δὲ
3320 2305 3417 2358 καὶ
3471 2305 3566 2356 τὸν
3595 2302 3763 2370 ἀγρὸν

493 2395 910 2464 peregrinorum
944 2399 1302 2465 sepulturam.
1356 2395 1460 2451 Sed
1493 2407 1548 2450 et
1605 2395 1701 2450 ﬁlii
1731 2394 2073 2451 Constantini

2177 2400 2271 2454 τοῦ
2304 2402 2598 2471 κεραμέως
2623 2400 3104 2470 μετασκευάσασα,
3135 2397 3496 2465 πολυάνδριον
3523 2395 3763 2463 ἔπραττε

497 2487 792 2547 instinctu.
815 2491 881 2543 ad
907 2491 1164 2545 arborem
1192 2492 1460 2557 Mambre,
1481 2507 1602 2561 qua:
1633 2505 1780 2544 nunc
1808 2488 2075 2544 Terebin-

2177 2499 2291 2559 τοῖς
2323 2495 2494 2559 ξένοις
2525 2495 2774 2566 δηλονότι
2810 2496 3012 2564 ταφήν.
3043 2495 3308 2555 Σπουδαῖς
3346 2493 3402 2546 δὲ
3453 2489 3548 2544 τοῦ
3575 2488 3763 2549 παιδὸς

497 2581 626 2635 thus
655 2583 882 2648 dicitur,
913 2584 1230 2653 quindecim
1283 2585 1477 2638 stadiis
1540 2582 1829 2637 meridiem
1879 2595 2076 2636 versus

2178 2586 2595 2640 Κωνσταντίνου
2649 2586 2752 2638 κάν
2802 2588 2869 2654 τῇ
2922 2583 3049 2653 δρυῒ
3081 2587 3149 2656 τῇ
3200 2585 3430 2653 Μαυρῆ,
3491 2584 3615 2654 ἥτις
3670 2578 3765 2632 νῦν

493 2673 733 2728 vicinam
775 2675 985 2730 habens
1012 2676 1252 2741 llebron,
1280 2675 1678 2746 Hierosolymis
1702 2684 1885 2730 autem
1917 2673 2077 2729 circi-

2179 2678 2504 2748 Τερέϐινθος
2530 2677 2770 2746 ὶέγεται,
2796 2677 2906 2729 ἀπὸ
2933 2675 2991 2730 ιε’
3023 2676 3124 2746 μὲν
3141 2718 3144 2720 ν
3161 2676 3390 2729 σταδίων
3421 2675 3645 2744 γείτονα
3669 2671 3765 2738 τὴν

499 2777 585 2821 ter
614 2765 854 2818 ducenta
895 2775 950 2819 et
977 2765 1375 2836 quinquaginta
1409 2764 1583 2818 stadia
1617 2764 1796 2830 abest,
1826 2763 1919 2817 ubi
1945 2778 2074 2817 vera

2177 2771 2408 2840 Χεϐρὼν
2439 2769 2637 2841 ἔχουσα
2673 2770 2808 2841 πρὸς
2849 2769 3227 2839 μεσημϐρίαν,
3269 2767 3672 2835 Ἰεροσολύμων
3704 2763 3767 2833 δὴ

494 2869 756 2927 certaque
779 2857 920 2911 fama
940 2865 1044 2920 est,
1068 2874 1175 2911 una
1194 2873 1320 2911 cum
1346 2857 1552 2926 angelis
1571 2865 1760 2911 contra
1780 2853 2075 2912 Sodomam

2178 2863 2445 2918 διεστῶτα
2528 2863 2673 2934 ἀμφὶ
2723 2863 2973 2916 διακόσια
3024 2862 3119 2914 καὶ
3169 2862 3515 2930 πεντήκοντα
3557 2856 3765 2918 στάδια,

496 2949 778 3013 euntibus,
811 2961 867 3004 et
890 2949 1090 3005 Filium
1119 2949 1211 3004 Dei
1253 2949 1602 3018 ltOSpitaliter
1628 2957 1914 3017 acceptum
1954 2963 2076 3002 esse

2177 2954 2308 3009 ἔνθα
2344 2956 2502 3022 λόγος
2531 2955 2680 3006 ἐστὶν
2731 2954 2935 3024 ἀληθὴς
2971 2953 3190 3023 σύναμα
3224 2955 3334 3010 τοῖς
3363 2952 3512 3005 κατά
3542 2951 3768 3019 Σοδομι-

499 3043 570 3098 ab
593 3043 890 3107 Abraham,
913 3043 981 3096 ab
1003 3058 1182 3113 eoque
1207 3042 1373 3098 lsaaci
1401 3042 1839 3111 procreationem
1863 3055 2079 3094 annun-

2178 3047 2290 3100 τῶν
2325 3048 2496 3100 ἰοῦσιν
2531 3047 2786 3114 ἀγγέλοις
2819 3047 2912 3099 καὶ
2944 3047 3034 3098 τὸν
3060 3046 3188 3098 Υξδν
3219 3045 3312 3098 τοῦ
3335 3045 3478 3097 Θεοῦ
3505 3043 3766 3108 ἐπιξενω-

494 3136 708 3201 tiatam,
728 3139 1026 3190 maximum
1051 3135 1576 3204 ornatissimumque
1595 3133 1856 3202 templum
1879 3131 2075 3188 erexit.

2181 3136 2340 3207 θῆναι
2389 3135 2468 3207 τῷ
2523 3137 2799 3207 Ἀϐραὰμ,
2859 3137 2951 3190 καὶ
2999 3139 3100 3206 τὴν
3130 3135 3228 3189 τοῦ
3272 3136 3463 3189 Ἰσαὰκ
3514 3138 3769 3204 γέννησιν

495 3229 846 3283 lntellexerat
891 3229 1040 3282 enim
1093 3227 1489 3283 Constantinus
1547 3227 1650 3282 sub
1705 3241 1770 3281 ea
1823 3225 2022 3280 arbore
2053 3264 2070 3290 ,

2180 3227 2637 3295 ἐπαγγείλασθαι.
2669 3229 2796 3280 ναὸν
2833 3227 3093 3295 μέγιστον
3129 3225 3222 3278 καὶ
3268 3225 3768 3295 περικαλλέστατον

495 3328 716 3374 veteres
760 3317 962 3374 Graeca
1015 3319 1428 3388 superstitionis
1479 3334 1605 3374 aras
1659 3319 2072 3383 construxisse,
2102 3367 2121 3422 ‘

2145 3368 2147 3390 ,
2181 3319 2526 3389 ἀνεδείματοο
2567 3321 2662 3373 καὶ
2697 3321 2808 3389 γὰρ
2858 3317 3047 3388 μαθὼν
3092 3313 3160 3390 ἦν
3215 3319 3632 3380 Κωνσταντῖνος
3666 3313 3771 3368 ὑπὸ

497 3413 707 3469 Graecis
734 3414 1022 3470 sacriﬁciis
1045 3415 1172 3470 istic
1192 3427 1448 3486 operatos
1476 3430 1627 3475 esse,
1647 3415 1831 3468 vinmn
1854 3413 2075 3476 libasse,
2103 3404 2121 3422 ’

2142 3404 2150 3430 ¹
2179 3413 2246 3483 τῇ
2267 3411 2409 3482 δρυῒ,
2435 3411 2653 3481 βωμοὺς
2686 3411 3035 3480 Ἑλληνικοὺς
3061 3412 3190 3470 τοὺς
3220 3409 3389 3462 πάλαι
3412 3407 3768 3480 ἱδρύσασθαι,

499 3507 665 3559 thura
701 3507 1031 3572 adolevisse,
1065 3506 1283 3573 bovem,
1317 3508 1533 3561 hircum
1565 3516 1623 3561 et
1659 3507 1862 3577 gallum
1907 3505 2078 3560 sacri-

2178 3504 2277 3558 καὶ
2309 3503 2505 3567 θυσίας
2544 3502 2871 3572 Ἑλληνικὰς
2908 3504 3088 3554 ἐκεῖσε
3138 3501 3438 3567 τελεῖσθαι,
3489 3501 3668 3563 οἴνους
3713 3514 3770 3550 τε

504 3598 718 3664 ﬁcasse,
751 3601 1006 3654 lucernas
1041 3615 1300 3655 accensas
1327 3601 1452 3654 oleo
1499 3598 1687 3653 infuso
1723 3597 2076 3667 apposuisse.

2180 3594 2455 3656 σπένδειν,
2483 3595 2579 3647 καὶ
2612 3593 2865 3655 λιϐάνους
2915 3591 3183 3654 ἐπιθύειν,
3219 3592 3314 3645 καὶ
3345 3591 3480 3660 βοῦν
3515 3593 3613 3645 καὶ
3640 3589 3773 3660 τρά-

503 3693 783 3760 placentas
817 3692 1119 3747 obtulisse:
1171 3693 1438 3761 quosdam
1505 3690 1670 3744 etiam
1731 3701 1990 3741 nummos
2025 3694 2082 3739 et

2179 3703 2276 3753 γον
2302 3687 2400 3738 καὶ
2435 3685 2776 3754 ἀλεκτρυόνα
2798 3699 2813 3713 ⁸
2851 3684 3080 3752 λύχνους
3123 3701 3183 3734 τε
3219 3682 3434 3735 ἐτίθουν
3485 3682 3773 3754 ἡμμένους

503 3784 643 3838 varii
697 3785 915 3851 generis
947 3793 1226 3855 unguenta
1268 3785 1320 3837 in
1354 3783 1598 3838 vicinum
1632 3790 1858 3850 puteum
1894 3779 2083 3847 conje-

2181 3777 2497 3846 ἐπιχέοντες
2527 3774 2727 3842 ἔλαιον,
2773 3775 2870 3827 καὶ
2909 3777 3127 3829 πόπανα
3179 3773 3468 3842 προσῆγον
3493 3791 3507 3804 ·
3547 3769 3692 3843 ἦσαν
3718 3770 3774 3824 δὲ

502 3877 668 3939 cisse,
699 3879 772 3930 ita
797 3885 858 3931 ut
882 3892 1066 3931 rerum
1091 3877 1468 3945 coniectantm
1504 3873 1713 3944 ingenti
1742 3873 1903 3941 c0pia
1937 3884 2082 3939 aqua

2180 3867 2230 3921 οἳ
2263 3870 2356 3920 καὶ
2387 3868 2701 3935 νομίσματα
2733 3866 2828 3919 καὶ
2852 3865 3002 3935 μύρα
3031 3867 3264 3934 διάφορα
3288 3864 3433 3917 κατὰ
3461 3863 3562 3917 τοῦ
3591 3866 3773 3917 ἐκεῖσε

443 4015 450 4022 .
505 3967 721 4022 inutilis
775 3968 848 4024 sit
877 3967 1115 4022 reddita.
1151 3967 1307 4034 Quod
1341 3981 1474 4021 sane
1511 3964 1862 4022 Constantini
1893 3962 2069 4018 uxoris

2185 3960 2417 4029 φρέατος
2449 3958 2694 4024 ἔϐαλλον,
2730 3957 2805 4020 ὡς
2843 3956 3094 4010 ἐντεῦθεν
3140 3957 3358 4026 ἀχρεῖον
3398 3957 3468 4010 τὸ
3504 3955 3652 4026 ὕδωρ
3683 3955 3774 4023 γί-

505 4068 703 4124 mater,
739 4075 862 4114 cum
896 4060 1032 4114 istac
1056 4059 1339 4122 transiret,
1369 4058 1575 4121 visum,
1605 4071 1814 4128 genero
1868 4056 1971 4126 ipsi
2002 4069 2086 4108 re-

2184 4049 2373 4104 νεσθαι
2400 4051 2466 4120 τῇ
2497 4048 2721 4119 ποικίλῃ
2774 4047 3040 4118 μετουσίᾳ
3087 4047 3196 4099 τῶν
3245 4047 3662 4116 ῥιπτουμένων.
3712 4044 3779 4098 Ἡ

510 4153 807 4206 nuntiavit.
841 4152 1321 4206 Animadverterat
1366 4150 1516 4204 enim
1571 4149 1762 4204 aestivo
1817 4159 2086 4217 tempore,

2184 4143 2282 4211 τῆς
2312 4141 2726 4193 Κωνσταντίνου
2763 4139 2820 4192 δέ
2850 4138 3099 4208 γαμετῆς
3147 4138 3334 4206 μήτηρ
3362 4137 3428 4188 ἐκ
3464 4136 3564 4188 τοῦ
3595 4134 3749 4206 παρή
3769 4163 3783 4174 -

505 4245 612 4299 loci
651 4244 883 4306 incolas,
919 4242 1330 4314 longinquiores
1348 4242 1514 4297 etiam
1551 4239 1897 4305 Palaestinos,
1925 4239 2085 4294 Plite-

2189 4249 2400 4299 κοντος,
2431 4231 2766 4300 θεασαμένη,
2798 4228 2877 4298 τῷ
2900 4227 3138 4297 γαμϐρῷ
3163 4227 3223 4280 τὸ
3252 4225 3539 4296 δρώμενον
3582 4225 3785 4297 ἠγγελ-

514 4336 666 4389 uices
688 4344 745 4389 et
774 4335 1009 4400 Arabes,
1046 4347 1264 4389 annuas
1289 4332 1458 4388 lerias
1487 4330 1544 4385 in
1573 4344 1640 4384 ea
1672 4328 1897 4400 regione
1933 4344 2092 4400 pera-

2187 4326 2299 4392 λεν,
2331 4325 2452 4396 ὥρᾳ
2484 4323 2679 4394 θέρους
2727 4323 2853 4385 τοὺς
2903 4322 3235 4390 ἐπιχωρίους
3289 4319 3481 4373 ἰδοῦσα
3533 4321 3784 4379 καὶτοὺς

511 4443 662 4497 gere.
692 4428 761 4482 Et
785 4428 864 4498 (l)
886 4437 1193 4483 conventus
1218 4424 1620 4494 celebritasque
1643 4439 1707 4480 ea
1733 4431 1890 4494 grata
1912 4423 2093 4477 fuerat

2190 4417 2524 4489 προσωτέρω
2543 4413 2956 4475 Παλαιστινοὺς,
2975 4412 3227 4473 Φοίνικάς
3245 4428 3304 4462 τε
3332 4413 3429 4464 καὶ
3461 4413 3519 4464 Ἀ
3531 4411 3781 4482 ραϐίους.

510 4521 678 4590 598
706 4521 966 4575 omnibus
990 4537 1004 4575 :
1025 4519 1232 4576 Judaeis
1262 4519 1486 4589 quidem
1519 4515 1666 4588 quod
1719 4514 2093 4586 patriarcbam

2192 4511 2294 4582 τὴν
2340 4510 2556 4580 ἐτήσιον
2602 4506 2680 4577 τῷ
2727 4505 2892 4575 χώρῳ
2940 4503 3174 4572 ἄγοντας
3215 4504 3437 4573 ἑορτήν.
3483 4506 3624 4557 nam
3676 4504 3785 4571 γὰρ

511 4613 843 4684 generisque
872 4612 956 4666 sui
997 4611 1300 4680 principem
1349 4609 1627 4681 iactarent
1671 4607 2092 4671 Abrahamum;

2195 4605 2498 4672 ἐπέραστος
2530 4595 2601 4670 ἦν
2625 4601 2659 4666 ὴ
2693 4598 3025 4667 πανήγυρις·
3066 4595 3344 4658 Ἰουδαίοις
3383 4597 3508 4665 μὲν,
3541 4597 3630 4650 ὅτι
3684 4611 3787 4647 πα-

511 4707 716 4761 (ἶι-ωοίε
741 4721 892 4769 vero,
919 4713 1144 4775 propter
1178 4703 1494 4771 angelorum
1527 4702 1582 4756 in
1617 4716 1744 4757 eum
1785 4700 1966 4755 locum
1995 4699 2093 4753 ad-
2127 4707 2137 4759 ι

2163 4720 2168 4750 ›
2197 4695 2465 4764 τριάρχην
2494 4691 2702 4760 ηὔχουν
2731 4689 2826 4740 τὸν
2864 4687 3135 4758 Ἀϐραὰμ,
3168 4686 3398 4754 Ἕλλησι
3445 4687 3502 4739 δὲ
3527 4725 3542 4748 ,
3575 4686 3666 4738 διὰ
3695 4685 3789 4752 τὴν

513 4805 771 4852 ventum:
801 4793 1134 4850 Christianis
1171 4808 1358 4863 porro,
1381 4794 1526 4863 quod
1558 4792 1670 4850 Deo
1699 4791 1908 4847 dilecto
1937 4789 2016 4844 illi
2035 4789 2088 4843 id

2199 4787 2310 4840 τῶν
2335 4785 2587 4854 ἀγγέλων
2629 4781 2706 4851 τῷ
2739 4782 2906 4852 χώρῳ
2941 4779 3236 4850 ἐπιδημίαν
3257 4795 3275 4812 ·
3316 4779 3677 4848 Χριστιανοῖς
3706 4777 3786 4839 δέ,

514 4890 836 4960 praedictum
869 4889 1067 4953 fuerat,
1109 4886 1255 4957 quod
1314 4886 1502 4941 multis
1527 4893 1717 4956 postea
1761 4883 1979 4939 saeculis
2026 4881 2094 4936 de

2197 4884 2396 4952 ὅτιπερ
2425 4881 2505 4950 τῷ
2552 4877 2794 4948 θεοφιλεῖ
2835 4877 3031 4944 ἐκείνῳ
3058 4876 3466 4946 προεμήνυσεν,
3499 4875 3528 4928 δ
3564 4873 3789 4933 πολλοῖς

520 4983 740 5051 Virgine
769 4981 1019 5035 futurum
1062 4979 1263 5034 fuerat.
1291 4977 1410 5044 Qua
1464 4992 1525 5033 re
1546 4975 1946 5031 Constantinus
1992 4988 2092 5028 co-

2201 4975 2416 5046 χρόνοις
2461 4975 2516 5035 ἐς
2548 4969 2778 5041 ὕστερον
2811 4971 2876 5023 ἐκ
2922 4968 3197 5036 παρθένου
3219 4967 3396 5020 ποιεῖν
3426 4966 3686 5034 ἔμελλεν.
3722 4964 3791 5016 Ἀ

513 5075 664 5142 gnita
686 5109 702 5136 ,
757 5071 1036 5141 episcOpis
1065 5071 1372 5126 Palastinis
1400 5070 1536 5124 vitio
1582 5067 1856 5130 vertebat,
1889 5067 1944 5119 in
1979 5063 2096 5134 pri-

2201 5064 2265 5134 δὴ
2319 5063 2621 5131 πυθόμενος
2669 5060 3105 5119 Κωνσταντῖνος.
3156 5055 3266 5108 τῶν
3317 5056 3374 5106 ἐν
3435 5051 3785 5142 Παλαιστίνη

516 5135 730 5233 ῖηὶειιιιε
762 5135 1354 5233 έιιεθϋίιιηιῬδιιιριιίιί
1384 5160 1809 5232 perstringebat,
1831 5157 1976 5228 quod
2011 5156 2094 5212 sic

2199 5152 2519 5206 ἐπισκόπων
2559 5148 2899 5220 κατῃτιᾶτο*
2954 5147 3051 5198 καὶ
3113 5143 3314 5213 μᾶλλον
3372 5139 3648 5191 Εὑσεόίου
3697 5135 3793 5188 τοῦ

517 5267 625 5310 tam
640 5231 902 5312 sanctum
924 5256 1106 5310 locum
1137 5231 1534 5324 despexissent.
1589 5252 1775 5322 Itaque
1815 5251 2094 5322 episcopis

2203 5240 2492 5311 Παμφίλου
2514 5239 2853 5309 καθήπτετο,
2877 5233 3022 5289 οὕτω
3051 5235 3120 5286 τά
3154 5234 3283 5302 περὶ
3313 5232 3407 5284 τὸν
3431 5231 3597 5297 ἅγιον
3624 5231 3797 5296 ὑπερ-

514 5347 812 5402 Phoenicia:
836 5347 1116 5401 mandavit
1151 5357 1212 5400 ut
1239 5319 1330 5401 rex
1389 5347 1522 5416 ipsis
1573 5319 1951 5400 fundamentis
1990 5319 2096 5396 ara:

2202 5332 2415 5394 ιδόντας
2464 5331 2654 5384 τόπον.
2716 5327 2824 5381 Καί
2854 5325 2908 5392 γ’
2943 5327 3163 5379 ἐκέλευε
3226 5325 3340 5385 τοῖς
3391 5322 3492 5388 τῆς
3524 5319 3793 5388 (Iamiam;

513 5441 924 5500 everterentur,
981 5435 1277 5490 simulacra
1310 5436 1435 5505 igne
1485 5435 1970 5497 comburerentur,
2032 5448 2096 5485 ac

2201 5424 2530 5486 ἐπισκόποις
2560 5424 2623 5475 ὲκ
2653 5419 2872 5490 βάθρων
2912 5417 3012 5488 μὲν
3051 5417 3339 5486 καθαιρεῖν
3373 5416 3502 5476 τους
3544 5416 3793 5505 βωμοὺς,

518 5529 782 5595 templum
819 5529 893 5584 ibi
915 5539 1079 5584 tanta:
1110 5529 1458 5599 antiquitatis
1511 5528 1724 5584 nomini
1759 5528 2096 5582 conveniens

2201 5519 2340 5587 πυρὶ
2369 5516 2425 5570 δέ
2457 5516 2524 5568 τὰ
2583 5515 2748 5580 ξόανα
2803 5513 3055 5580 δαπανᾷν
3079 5525 3091 5538 ·
3140 5505 3294 5576 ἄξιον
3328 5509 3384 5560 δέ
3445 5511 3685 5575 τέμ.εν‹·.·
3719 5503 3795 5574 τῷ

517 5629 922 5682 exstrueretur,
949 5621 1003 5675 in
1049 5638 1161 5691 quo
1190 5621 1441 5676 divinum
1475 5636 1680 5675 numen
1709 5620 1973 5674 Ecclesiae
2003 5634 2092 5672 re-

2205 5611 2543 5681 περιωνύμῳ
2595 5609 2698 5676 τῆς
2747 5608 2842 5658 τοῦ
2892 5606 3060 5658 τόπου
3085 5603 3448 5673 ἀρχαιότητος
3498 5600 3795 5667 καθισθᾷν,

521 5722 683 5779 cepto
711 5712 764 5764 in
787 5713 895 5766 ritu
925 5713 1224 5778 coleretur,
1250 5713 1517 5781 locusque
1549 5710 1620 5768 de
1651 5720 1852 5767 extero
1895 5726 1924 5762 a
1963 5724 2095 5764 con-

2205 5707 2301 5759 καὶ
2349 5703 2410 5754 τὸ
2471 5704 2614 5754 θεῖον
2645 5702 2826 5752 ἐκεῖσε
2860 5698 3000 5751 κατᾶ
3036 5697 3096 5748 τὸ
3126 5697 3228 5764 τῆς
3281 5693 3625 5758 Ἐκκλησίας
3672 5692 3796 5750 ἔθος

525 5802 887 5859 laminatione
910 5806 1060 5861 omni
1093 5805 1233 5862 liber
1265 5814 1439 5860 esset.
1476 5803 1633 5871 Quod
1689 5803 1734 5858 si
1789 5802 1915 5872 quis
1940 5802 2095 5855 dein-

2207 5797 2560 5868 θρησκεύειν,
2614 5795 2708 5846 καὶ
2760 5792 2857 5846 τοῦ
2913 5792 3103 5846 λοιποῦ
3157 5790 3440 5860 ἐλεύθερον
3491 5786 3587 5839 τὸν
3626 5784 3795 5838 τόπον

597 5985 674 6061 (1)
724 5989 1062 6048 Sozomenus
1120 5984 1320 6041 Eccles.
1380 5985 1574 6039 Ilistor.
1637 5983 1733 6037 lib.
1788 5998 1844 6047 ιι,
1901 5996 2020 6052 cap.
2079 5978 2111 6033 4
2149 5985 2204 6032 ct
2239 5976 2288 6031 5.
