4118 6466
397 478 498 542 ῙΞἾ

1269 478 1870 547 ECCLESIASTIC/E
1908 482 2299 551 HISTORIA!
2335 488 2481 553 LIB.
2528 489 2696 554 VIII.

3557 490 3661 557 118

391 586 534 644 εῐναι
566 587 677 642 τῶν
703 589 1054 660 μιασμάτων.
1085 590 1147 645 El
1171 590 1229 645 δέ
1255 609 1343 657 τις
1364 592 1493 662 ἑξῆς
1516 595 1799 667 φωραθεὶς
1820 597 1959 652 άλοίι

2081 617 2211 674 ceps
2244 604 2517 675 ejusmodi
2549 607 2851 678 quidquam
2882 607 3063 664 facere
3088 606 3467 678 deprehensus
3489 619 3658 673 esset,

393 680 620 734 τοιαῦτα
652 679 932 751 πράττων,
961 682 1193 755 μεγίστῃ
1226 684 1421 740 τοῦτον
1448 686 1626 759 ζημίᾳ
1641 688 1973 757 ὑπάγεσθαι.

395 776 504 829 Καὶ
533 776 680 847 ἔργῳ
709 779 780 831 τὰ
808 781 1262 851 προσταττόμενα
1293 784 1472 837 αἶσιον
1528 784 1812 856 ἐλάμϐανε
1870 788 1973 842 πέ-

394 886 516 935 ρας.
547 870 658 923 Καὶ
708 872 765 923 ἐν
814 873 880 943 τῇ
912 876 1011 944 τῆς
1065 876 1324 946 Φοινίκης
1387 877 1738 933 Ἡλιουπόλει
1780 880 1974 948 ἕτερον

391 958 542 1014 οἶκον
578 964 881 1034 οἰκοδομεῖν
903 966 1123 1021 ἐκέλευε
1157 970 1570 1034 Κωνσταντῑνος
1590 987 1606 1003 ·
1669 972 1972 1028 ἐπίσκοπόν

390 1069 450 1106 τε
482 1055 576 1108 καὶ
615 1055 819 1127 κλῆρον
874 1059 1018 1130 ἱερὸν
1074 1061 1484 1127 κατεσκεύαζεο
1515 1064 1609 1118 καὶ
1639 1065 1733 1119 τὸν
1772 1068 1836 1120 ἐκ
1867 1084 1976 1121 παν

390 1145 545 1199 λαιοῦ
573 1151 846 1217 προσόντα
875 1151 1043 1222 νόμον
1092 1153 1306 1217 τούτοις
1353 1156 1626 1226 ἀπεῖργεν
1645 1197 1660 1224 ,
1691 1157 1750 1220 ὃς
1781 1159 1971 1224 κοινὰς

392 1235 532 1293 εἶναι
561 1241 663 1303 τὰς
695 1244 969 1310 γυναῖκας
1001 1245 1193 1312 ἐτίθει,
1220 1248 1315 1300 καὶ
1342 1251 1462 1312 τοῖς
1499 1250 1766 1323 παριοῦσι
1796 1234 1971 1318 ξένοις

390 1334 489 1397 τὰς
524 1333 671 1402 σφῶν
706 1335 1017 1407 παρθένους
1076 1339 1359 1410 πρότερον,
1384 1342 1857 1413 ἐκπορνεύεσθαι,
1890 1345 1969 1410 ὡς

393 1423 529 1479 εἶναι
560 1427 659 1495 μὲν
691 1430 877 1490 αὐτοῖς
898 1430 1154 1485 τὰτέκνα
1192 1433 1499 1504 ἀμφίϐολα,
1540 1438 1635 1489 καὶ
1692 1438 1969 1509 μηδεμίαν

390 1515 531 1571 εἶναι
562 1518 774 1583 τούτοις
806 1521 1108 1593 διάκρισιν.
1147 1517 1250 1577 Ἦν
1304 1525 1512 1582 ἀνελὼν
1544 1527 1604 1580 τὸ
1664 1528 1859 1599 μῦσος,
1896 1531 1967 1585 τά

388 1613 519 1681 τὲνη
544 1610 929 1679 ἐπιγινώσκειν
959 1618 1440 1685 παρεσκευάσατο.
1480 1620 1878 1693 Παραπλήσιον
1905 1624 1963 1678 δέ

386 1720 434 1753 τι
471 1706 562 1756 καὶ
586 1708 645 1757 ἐν
665 1706 925 1769 Φαιάκοις
948 1709 1162 1762 ἐποίει·
1198 1711 1261 1762 τὸ
1296 1713 1405 1783 γὰρ
1443 1712 1541 1783 τῆς
1562 1714 1745 1785 ἐκεῖσε
1765 1715 1967 1786 Ἀφρο-

384 1790 532 1862 δίτης
563 1793 705 1863 ἱερὸν
737 1795 816 1863 τῷ
839 1796 1058 1867 Λιϐάνῳ
1082 1800 1375 1869 περιελὼν,
1410 1801 1633 1866 καὶτὰς
1670 1806 1728 1857 ἐν
1768 1806 1963 1878 ἐκείνῳ

384 1884 616 1955 αἰσχρὰς
637 1887 734 1940 καὶ
772 1889 1046 1957 ἀσέμνους
1076 1890 1255 1960 μίξεις
1279 1895 1646 1966 συμπεριεῐλε
1667 1912 1682 1928 ο
1705 1900 1800 1950 τόν
1829 1898 1877 1952 τ’
1903 1901 1963 1953 ἐν

382 1974 611 2046 Κιλικίᾳ
676 1978 995 2034 Πυθωνικὸν
1061 1983 1437 2052 κατέστρεφεν
1489 1984 1673 2040 οἷκον·
1726 1989 1822 2043 καὶ
1868 1992 1962 2045 τὸν

384 2065 560 2117 ἐκεῖσε
590 2067 976 2135 ἐμφωλεύοντα
1005 2073 1271 2143 ἐξήλαυνε
1307 2076 1567 2147 δαίμονα.
1606 2080 1683 2134 Οὐ
1707 2083 1874 2150 μόνον
1902 2083 1962 2136 δὲ

384 2159 450 2226 τῇ
483 2160 550 2229 γῇ
580 2159 676 2224 τὰς
722 2161 1056 2232 Ἐκκλησίας
1094 2166 1343 2238 ἐρῤίζου,
1386 2169 1525 2223 ἀλλὰ
1552 2171 1632 2243 τῷ
1664 2175 1794 2245 περὶ
1823 2176 1962 2246 Χρι-

386 2248 508 2301 στὸν
534 2250 685 2322 πόθῳ
740 2253 1103 2327 φλεγόμενος,
1171 2258 1261 2312 ἵνα
1318 2254 1423 2314 κάν
1456 2262 1693 2335 ἐρήμοις
1752 2265 1867 2337 ἔχοι
1891 2268 1961 2323 τὰ

386 2339 648 2409 σύμϐολα,
687 2345 780 2395 καὶ
804 2339 957 2398 οἷκον
987 2347 1045 2414 ἐξ
1070 2347 1269 2420 ὀθόνης
1299 2351 1562 2424 ποικίλης
1613 2361 1962 2413 κατασκευά-

385 2448 505 2496 σας,
526 2431 717 2503 ὥσπερ
739 2437 910 2490 πάλαι
944 2438 1189 2511 Μωῦσῆς
1238 2445 1601 2518 περιέφερεν,
1663 2442 1810 2523 ᾖπὲρ
1865 2469 1958 2523 μοι

382 2525 730 2595 προείρηται.
781 2528 993 2595 Πολλὰς
1046 2532 1106 2586 δὲ
1157 2535 1252 2587 καὶ
1295 2536 1463 2602 ἄλλας
1518 2540 1817 2609 ἐκκλησίαις
1842 2547 1960 2609 τοῖς

380 2618 559 2684 ἁγίοις
590 2619 818 2685 ἐκείνοις
852 2625 1043 2689 τόποις
1070 2631 1562 2696 κατασκευάσασα,
1608 2633 1780 2700 οὔσας
1813 2637 1958 2709 ὑπὲρ

377 2709 700 2778 τριάκοντα,
748 2715 780 2783 ή
843 2713 1099 2786 θεοφιλὴς
1156 2717 1369 2789 βασιλὶς
1409 2722 1630 2795 Ἑλένη,
1686 2729 1820 2796 πρὸς
1864 2730 1959 2782 τὸν

381 2800 536 2867 φίλον
567 2803 773 2875 ταύτης
800 2808 916 2860 υἱὸν
938 2811 1341 2884 ἐπανέστρεψε,
1373 2818 1485 2881 τοῖς
1504 2818 1787 2890 ἑσπερίοις
1816 2824 1959 2893 μετὰ

378 2893 478 2963 τὴν
515 2894 735 2950 σύνοδον
765 2897 1023 2969 διάγοντα
1062 2904 1282 2974 μέρεσι.

2075 709 2203 750 eum
2236 697 2388 766 gravi
2430 698 2759 752 mulctatum
2809 698 2879 753 iri
2910 713 3092 769 poena,
3125 698 3440 753 constituit.
3479 698 3660 769 Atque

2077 784 2346 857 imperata
2379 787 2495 843 hzec
2526 789 2592 843 ad
2627 805 2742 844 rem
2779 790 3000 856 collata,
3026 789 3334 861 legitimum
3364 800 3661 845 consecuta

2073 890 2207 936 sunt
2246 881 2479 936 exitum.
2512 881 2626 937 Nec
2657 882 2842 937 minus
2868 882 3137 953 lleliopoli
3169 885 3225 937 in
3283 882 3568 937 Phtnnicia
3600 899 3661 936 a-

2071 973 2203 1029 liam
2240 989 2452 1030 sacram
2470 975 2642 1029 ardem
2672 974 3070 1030 Constantinus
3086 973 3347 1030 aedificari
3368 970 3654 1043 praerepit.

2075 1066 2242 1137 eique
2269 1067 2590 1140 episcopum
2618 1083 2776 1122 suum
2795 1079 2850 1123 et
2874 1082 3089 1123 sacrum
3125 1068 3334 1123 clerum
3365 1066 3538 1132 dedit,
3565 1083 3659 1120 ve-

2040 1226 2045 1231 ,
2078 1158 2183 1211 teri
2218 1156 2434 1211 sublata
2462 1157 2585 1226 lege
2645 1173 2765 1226 quae
2792 1172 3121 1214 communes
3164 1174 3285 1213 esse
3317 1173 3537 1216 uxores.
3606 1168 3662 1210 et

2076 1248 2504 1303 advenientibus
2526 1248 2841 1319 hospitibus
2869 1249 3110 1319 virgines
3163 1265 3291 1305 suas
3320 1249 3659 1319 prostituere

2064 1339 2316 1411 jubebat,
2353 1350 2413 1395 ut
2446 1340 2614 1396 dubia
2653 1350 2707 1396 et
2742 1356 2947 1410 anceps
2979 1342 3123 1408 apud
3149 1356 3246 1396 eos
3276 1340 3497 1397 soboles
3530 1342 3661 1394 uul-

2066 1435 2298 1507 lumque
2319 1435 2439 1506 ejus
2469 1436 2767 1491 discrimen
2804 1445 2975 1490 esset.
3013 1434 3126 1489 lloc
3181 1445 3287 1488 Iam
3336 1434 3659 1488 abominan-

2073 1528 2206 1581 dum
2245 1529 2429 1583 scelus
2478 1528 2726 1591 abolens,
2759 1540 2819 1582 ut
2849 1539 3040 1599 gentes
3087 1529 3417 1598 familiaeque
3458 1530 3659 1598 digno-

2070 1622 2386 1676 scereutur,
2421 1614 2625 1668 eilecit.
2662 1614 2855 1670 Simile
2885 1616 3147 1685 quiddam
3177 1617 3346 1671 etiam
3381 1617 3435 1670 in
3471 1617 3654 1684 Apha-

2068 1705 2152 1760 cis
2183 1706 2261 1773 (1)
2297 1704 2771 1776 fecit.-Templum
2826 1723 3064 1778 namque
3098 1708 3327 1765 Veneris
3380 1710 3541 1763 iStltic
3591 1712 3654 1763 ad

2070 1798 2341 1853 Libanum
2375 1809 2620 1854 niontcm
2645 1800 2965 1868 demolitus,
3005 1818 3111 1856 una
3141 1818 3362 1873 quoque
3399 1803 3572 1858 fmdus
3602 1825 3612 1852 ε
3638 1815 3656 1858 ι

2070 1890 2414 1957 indecentes,
2441 1895 2534 1962 qui
2570 1894 2777 1947 mistim
2800 1894 3028 1957 flebant,
3060 1898 3394 1952 concubitus
3426 1916 3660 1968 prorsus

2064 1984 2308 2040 sustulit.
2349 1985 2406 2040 ln
2455 1984 2648 2042 Cilicia
2700 2003 2867 2057 porro
2901 1989 3265 2059 Pythonicum
3324 1994 3526 2048 evertit
3583 1992 3660 2045 [ιι-

2063 2060 2197 2130 num
2234 2075 2337 2148 (2i,
2373 2064 2550 2148 atque.
2588 2079 2945 2136 incubantem
2980 2080 3056 2136 ibi
3110 2083 3414 2137 daemonem
3468 2085 3653 2154 eiecit.

2062 2164 2186 2221 Non
2219 2175 2434 2224 tantum
2491 2180 2676 2228 autem
2725 2172 2991 2227 ecclesias
3025 2188 3057 2228 e
3087 2172 3462 2227 fundamentis
3495 2183 3657 2229 terra:

2062 2262 2355 2323 exstruxit.
2384 2277 2575 2317 verum
2631 2264 2799 2318 etiam
2862 2281 2962 2336 pro
3027 2281 3130 2321 suo
3179 2282 3308 2337 erga
3369 2267 3651 2323 Christum

2065 2350 2321 2423 ﬂagranti
2353 2352 2636 2409 desiderio
2661 2363 2718 2410 et
2742 2371 2955 2422 amore,
2999 2369 3057 2415 ut
3091 2358 3148 2412 in
3177 2358 3481 2415 solitudine
3514 2376 3655 2430 quo-

2061 2462 2168 2515 que
2191 2448 2636 2505 sanctahaberet
2667 2451 2913 2523 symbola
2935 2503 2952 2531 ,
2979 2450 3153 2507 aedem
3183 2468 3394 2508 sacram
3431 2467 3462 2508 e
3486 2454 3600 2508 vari
3627 2467 3657 2510 ε

2057 2535 2252 2592 linteis
2289 2538 2408 2594 fieri
2445 2542 2686 2609 curavit,
2717 2557 2952 2613 eamque
2982 2544 3151 2600 veluti
3195 2543 3416 2614 priscus
3452 2545 3653 2611 Moses,

2062 2629 2231 2684 sicuti
2263 2645 2293 2685 a
2329 2646 2417 2687 me
2446 2641 2608 2688 antea
2643 2642 2728 2689 est
2762 2634 2995 2699 dictum,
3062 2652 3253 2692 secum
3288 2638 3649 2693 circumtulit.

2059 2719 2206 2788 Quin
2235 2729 2292 2776 et
2325 2723 2516 2793 plures
2539 2726 2807 2782 ecclesias
2832 2726 2970 2782 alias
2998 2728 3054 2783 in
3088 2729 3296 2784 sanctis
3314 2729 3426 2785 illis
3489 2730 3649 2794 locis,

2059 2827 2225 2881 supra
2259 2815 2505 2887 triginta.
2540 2820 2921 2874 amantissima
2954 2819 3047 2874 Dei
3105 2819 3315 2877 femina
3353 2822 3652 2893 imperato-

2060 2906 2141 2961 ris
2175 2919 2351 2963 mater
2376 2911 2661 2967 condidit:
2722 2922 2779 2966 et
2807 2912 2876 2966 ad
2913 2913 3280 2970 clarissimum
3311 2916 3413 2971 sibi
3451 2917 3646 2983 tilium,

2061 2996 2118 3050 in
2150 2996 2591 3055 occidentalibus
2628 3012 2753 3073 post
2780 3002 3055 3074 synodum
3080 3015 3335 3076 agentem
3363 3006 3644 3077 partibus,

2059 3095 2144 3141 εει
2177 3101 2398 3145 reversa
2408 3132 2421 3147 .

2527 3201 2693 3276 599
2734 3203 2963 3264 CAPUT
2993 3205 3188 3263 xxxr.

382 3258 1951 3372 "iﬁiffszﬂfa‘f’fﬁ-"Jﬂzfdi.{t“ff£.’i¢;%£°’f'faa

2060 3287 2136 3344 De
2171 3289 2279 3372 pec
2310 3293 2478 3372 gratis
2510 3258 2971 3372 agimus—beata:
3017 3297 3270 3372 Helenus,
3306 3299 3647 3372 ejusdemque

449 3331 548 3384 καὶ
568 3332 685 3415 τῆς
713 3331 907 3415 ξιῦτῇς
931 3331 1220 3415 τελεὺτῇς
1240 3331 1392 3398 ·’ἇιᾶι
1418 3331 1552 3415 περὶ
1591 3331 1955 3415 z'ﬁﬂéieiiz‘s:

444 3418 562 3488 μοι)
582 3404 735 3488 αὐτῇ
770 3406 1036 3488 πόλεως’*
1065 3404 1435 3488 καϊίστρρια
1466 3404 1814 3487 ἇαράδόξος
1848 3404 1956 3477 τοῦ

448 3471 623 3538 ἁγίου
646 3471 951 3544 μάρτυρος
977 3471 1347 3540 Άουκιανοῦῖ

450 3580 669 3652 Ταύτης
698 3585 873 3641 πολλὰ
899 3589 1001 3658 μὲν
1030 3591 1123 3644 καὶ
1147 3591 1288 3647 ἄλλα
1322 3601 1602 3669 μαρτυρεῖ
1633 3600 1694 3654 τδ
1723 3603 1957 3670 εὐλαϐὲς

382 3679 475 3726 καὶ
508 3676 755 3744 φιλόθεον
776 3696 789 3713 ο
817 3682 915 3752 οὐχ
941 3676 1106 3754 ἦττον
1138 3685 1196 3739 δὲ
1223 3693 1569 3763 παραστήσει
1595 3694 1692 3747 καὶ
1714 3696 1743 3748 ὃ
1772 3698 1956 3768 μέλλω

379 3768 546 3835 ἐρεῖν.
580 3770 816 3841 Λέγεται
844 3775 953 3847 γὰρ
978 3778 1076 3841 τὰς
1103 3781 1165 3834 ἐν
1203 3781 1606 3855 Ἱεροσολύμοις
1633 3788 1786 3858 ἱεράς
1814 3808 1956 3863 παρτ

382 3859 566 3952 θὲνους
596 3865 726 3935 πρὸς
761 3866 1003 3922 ἑστίασιν
1050 3873 1587 3948 μεταστειλαμένην,
1636 3859 1956 3952 θεραπαινί-

377 3951 469 4014 δος
525 3956 883 4027 ἐκπληρῶσαι
920 3964 1074 4030 τάξιν
1129 3966 1346 4032 αὐταῖς.
1398 3970 1550 4042 Αὐτὴ
1593 3951 1711 4043 γὰρ
1750 3976 1818 4029 τὰ
1845 3976 1955 4047 ὄψα

380 4049 495 4109 ταῖς
546 4051 773 4116 οἰκείαις
798 4058 1090 4126 ’παρετίθει
1138 4064 1366 4133 χερσίν⁸
1406 4064 1552 4135 ὕδωρ
1594 4083 1654 4120 τε
1700 4071 1952 4141 προσῆγε

380 4142 475 4192 καὶ
505 4145 730 4213 χέρνιϐα
768 4149 862 4201 καὶ
907 4150 1023 4204 ἀλλ’
1055 4153 1194 4207 ἄττα
1232 4150 1655 4231 διακονουρῖένη,
1697 4158 1779 4226 οἷς
1824 4166 1953 4231 τοὺς

378 4232 699 4303 δαιτυμόνας
752 4241 942 4305 είωθὸς
998 4244 1352 4314 θεραπεύειν.
1405 4252 1590 4323 Δῶρα·
1618 4254 1677 4308 δέ
1725 4257 1954 4313 πλεῖστα

379 4323 471 4375 καὶ
506 4324 772 4399 πολυτελῆ
822 4332 1155 4402 ἀναθήματα
1186 4340 1305 4401 ταῖς
1346 4339 1453 4393 ἀνὰ
1482 4340 1580 4412 τὴν
1624 4342 1701 4396 ἔω
1748 4345 1955 4416 ἐκκλη-

380 4414 524 4477 σίαις
572 4417 765 4475 ἐδίδου.
828 4423 1062 4478 Ἐνδείσι
1122 4444 1183 4480 τε
1229 4429 1299 4482 τὰ
1348 4432 1636 4502 ἐπιτήδεια
1690 4414 1953 4507 ἐχορήγει

377 4508 645 4576 αφθόνως.
702 4511 935 4576 Πολλούς
974 4532 1037 4568 τε
1079 4520 1160 4580 εις
1212 4519 1313 4590 τὴν
1367 4523 1644 4595 προτέραν
1675 4527 1952 4599 ἐπανῆγεν

2129 3361 2325 3441 οίξίιιις
2354 3361 2490 3441 Ιεεςιι
2542 3361 2613 3417 ἅε
2676 3371 2984 3436 cognomine
3036 3373 3104 3441 ei,
3137 3361 3266 3423 urbe
3303 3361 3347 3426 ε’
3378 3361 3642 3441 prater-ea

2126 3431 2353 3555 imor-ia
2380 3432 2539 3501 ﬁdem
2571 3431 3022 3507 prope'escedem
3069 3439 3134 3494 de
3179 3431 3645 3515 sancto'martyre

2175 3519 2236 3555 uc
2258 3519 2386 3555 ano.

2175 3519 2386 3559 αειαηο.

2127 3618 2407 3675 Permulta
2428 3620 2651 3692 quidem
2685 3634 2837 3690 sunt,
2876 3639 2998 3695 quae
3020 3625 3169 3689 illius
3200 3626 3257 3681 in
3294 3629 3464 3683 Deum
3485 3644 3643 3683 amo.

2056 3725 2172 3764 rem
2212 3719 2269 3765 et
2298 3712 2556 3781 pietatem
2591 3721 2905 3769 testantur:
2944 3732 3055 3771 non
3081 3716 3268 3773 minus
3311 3726 3493 3775 tamen
3519 3738 3642 3774 eam

2057 3801 2340 3870 virtutem,
2372 3804 2522 3875 quod
2552 3822 2703 3861 nunc
2729 3807 2983 3863 dicturus
3016 3825 3165 3874 sum,
3192 3812 3519 3868 declarabit.
3547 3815 3640 3868 Di-

2055 3893 2201 3948 citur
2233 3895 2509 3965 siquidem
2556 3897 2974 3972 Hierosolymis,
3003 3904 3178 3957 sacris
3208 3905 3529 3975 virginibus
3571 3908 3638 3962 ad

2054 3985 2249 4054 epulas
2281 3988 2512 4055 vocatis,
2545 3989 2766 4046 famula
2809 3995 3135 4060 praestitisse
3164 3996 3431 4052 otlicium.
3470 3999 3643 4054 Mutti-

2057 4076 2161 4133 bus
2187 4078 2338 4133 enim
2369 4080 2487 4150 ipsa
2517 4083 2638 4137 suis
2668 4098 2828 4139 escas
2850 4085 2962 4141 illis
3001 4091 3282 4158 apposuit,
3329 4101 3380 4147 et
3443 4108 3642 4163 aquam

2054 4169 2313 4240 praebuit.
2341 4172 2560 4242 aliaque
2590 4178 2777 4231 omnia
2803 4178 3109 4237 ministeria
3135 4182 3331 4248 obivit,
3363 4200 3486 4254 qua:
3510 4204 3644 4241 cnti-

2054 4261 2200 4316 vivis
2238 4262 2489 4319 invitatis
2516 4266 2784 4322 exhibere
2841 4271 3014 4324 moris
3066 4281 3173 4326 est.
3229 4274 3457 4330 Munera
3509 4294 3642 4333 vero

2055 4352 2292 4421 plurima
2322 4364 2382 4409 et
2408 4359 2649 4426 pretiosa
2681 4360 2935 4426 donaria,
2972 4360 3357 4421 Orientalibus
3378 4369 3641 4425 attribuit

2052 4446 2325 4504 ecclesiis.
2340 4448 2718 4520 indigentibus
2743 4468 2830 4508 res
2850 4456 3193 4510 necessarias
3212 4457 3419 4513 affatim
3442 4460 3639 4530 largita

2053 4549 2157 4595 est.
2185 4540 2257 4597 Et
2314 4542 2516 4598 multos
2536 4543 2592 4598 in
2608 4546 2848 4614 priorem
2874 4548 3095 4602 reduxit
3121 4558 3352 4615 statum,
3378 4553 3473 4621 qui
3502 4563 3642 4610 tem-

377 4600 489 4664 ἕξιν
518 4602 724 4672 καιρῶν
761 4605 1073 4671 δυσκολίαις
1126 4610 1585 4681 ἀνατραπένταςο
1635 4617 1854 4689 δεσμῶν
1882 4639 1943 4677 τε

2060 4646 2248 4702 porum
2282 4600 2622 4690 difﬁcultate.
2648 4636 2828 4691 eversi
2873 4600 3366 4699 {uomitu—Sicilia

377 4695 605 4760 χρονίων
634 4695 785 4749 λύσιν
835 4700 1032 4768 ἐπῆγε,
1070 4704 1354 4769 μετάλλων
1380 4724 1440 4760 τε
1484 4708 1783 4781 ἠλευθέρου
1805 4731 1821 4746 ·
1850 4717 1951 4769 καὶ

380 4804 475 4855 την
521 4789 809 4867 ὑπερόριον
863 4794 1177 4849 ἀνεκαλεῖτο
1233 4802 1436 4869 φυγήν.
1468 4794 1570 4854 ’Ὧι
1633 4806 1798 4876 χάριν
1856 4814 1951 4863 καὶ

376 4877 504 4941 ἆξιά
530 4899 590 4948 γε
618 4883 754 4952 πρὸς
804 4884 940 4940 Θεοῦ
973 4888 1254 4958 εἰληφέναι
1288 4894 1356 4946 τὰ
1396 4893 1568 4963 γέραο
1608 4896 1705 4950 καὶ
1749 4896 1861 4968 γὰρ
1889 4899 1950 4951 τὸ

378 4976 479 5042 μὲν
509 4977 699 5048 παρὸν.
728 4978 803 5041 ὡς
830 4981 931 5033 οὐκ
961 4983 1025 5035 ἄν
1050 4999 1133 5043 τις
1163 4982 1342 5055 ᾠήθη,
1374 4987 1597 5040 κάλλιον
1629 4987 1947 5059 διαγέγονεο

376 5068 614 5139 σεϐαστή
648 5087 709 5123 τε
756 5073 1228 5145 ἁνακηρυχθείσα,
1272 5078 1369 5133 καὶ
1409 5079 1649 5150 χρυσοῦν
1701 5082 1952 5154 νόμισμα

376 5164 455 5222 εἰς
492 5162 766 5234 μόρφωμα
795 5165 931 5220 ἴδιον
960 5171 1197 5238 κόψασα,
1230 5170 1520 5242 θησαυρῶν
1560 5192 1620 5228 τε
1650 5174 1952 5246 βασιλικῶν

375 5252 624 5316 ἐξουσίαν
648 5255 909 5323 λαϐοῦσα,
945 5264 1087 5314 κατὰ
1115 5264 1343 5335 γνώμην
1387 5266 1674 5337 ἐκέχρητο.
1717 5268 1872 5323 Ἐπεὶ
1894 5269 1951 5325 δέ

372 5346 631 5417 τελευτᾷν
676 5347 805 5412 ἔδει,
842 5350 964 5420 μετ’
995 5354 1248 5424 εὐφήμου
1279 5356 1539 5411 ἐτελεύτα
1582 5361 1681 5428 τῆς
1730 5364 1952 5433 μνήμης

376 5439 435 5490 ἐν
473 5438 662 5513 Ῥώμῃ
687 5441 1050 5515 ὀγδοηκοστὸν
1072 5447 1191 5513 ἔτος
1217 5451 1562 5524 γεγενημένη
1588 5452 1705 5515 ἐνὸς
1736 5452 1953 5508 λείπον·

372 5550 489 5598 τος,
547 5537 718 5592 πο).λά
766 5539 846 5609 τῷ
881 5541 1034 5595 παιδὶ
1086 5546 1448 5618 ἐντειλαμένη
1500 5551 1615 5613 τοῖς
1657 5549 1953 5623 ἐξιτηρίοις

374 5627 506 5696 περὶ
536 5628 637 5698 τῆς
661 5631 923 5697 εὐσεϐοῦς
967 5636 1268 5700 πολιτείας.
1302 5638 1453 5692 Πάνυ
1482 5640 1540 5694 δέ
1581 5643 1827 5714 μεγάλης
1855 5643 1954 5698 καὶ

377 5720 517 5789 μετά
564 5722 663 5792 τήν
694 5725 953 5797 τελευτὴν
1001 5728 1263 5800 ηὑμοίρει
1315 5732 1504 5802 τιμῆς,
1544 5735 1738 5790 ὁποίαν
1783 5736 1953 5809 ἐχρῆν

443 5901 522 5972 (ι)
556 5900 790 5973 Tripart.
819 5906 911 5961 lib.
954 5925 1011 5971 ll,
1044 5925 1165 5981 cap.
1195 5911 1284 5967 20.

2052 4740 2176 4781 rum
2206 4726 2431 4783 vincula
2452 4726 2806 4785 diuturniora
2844 4730 3033 4798 solvit,
3060 4732 3130 4788 ad
3167 4735 3450 4792 metallum
3481 4738 3637 4795 dam-

2053 4826 2211 4872 natos
2235 4818 2516 4883 liberavit,
2532 4827 2589 4874 et
2622 4820 2843 4876 exsules
2871 4825 3176 4881 revocavit.
3198 4825 3383 4892 Quam.
3405 4829 3478 4884 ob
3504 4846 3638 4887 can.

2052 4926 2172 4966 sam
2198 4912 2473 4983 condigna
2507 4913 2676 4969 etiam
2711 4929 2742 4970 a
2769 4913 2881 4971 Deo
2906 4918 3118 4986 accepit
3139 4921 3387 4989 praemia.
3416 4921 3634 4981 Etenim

2052 5002 2109 5058 in
2153 5012 2411 5075 praesenti
2439 4999 2562 5063 hac.
2575 5006 2709 5074 vita,
2744 5023 2810 5064 ea
2835 5020 2919 5064 est
2940 5022 3260 5077 consecuta.
3283 5023 3345 5070 ut
3371 5028 3637 5086 praestate-

2056 5095 2169 5152 tius
2192 5097 2494 5168 quidquam
2526 5114 2690 5156 nemo
2721 5100 2772 5154 ei
2822 5101 3080 5159 accidere
3126 5107 3373 5175 potuisse
3400 5111 3631 5180 putarit.

2052 5189 2191 5245 Nam
2216 5189 2460 5262 Augusta
2489 5193 2807 5249 renuntiata
2821 5203 2927 5261 est,
2949 5203 3007 5251 et
3033 5213 3293 5255 nummos
3311 5215 3514 5257 aureos
3531 5206 3634 5260 sub

2056 5283 2234 5353 emgie
2264 5299 2365 5340 sua
2396 5286 2674 5355 procudit,
2720 5287 3213 5361 imperialibusque
3250 5293 3525 5351 thesauris
3575 5298 3629 5351 in

2052 5385 2390 5446 potestatem
2424 5390 2583 5431 suam
2614 5378 2994 5450 redactis,pro
3012 5381 3242 5439 arbitrio
3269 5398 3371 5440 suo
3395 5393 3481 5439 est
3508 5401 3628 5441 usa.

2053 5466 2194 5523 Cum
2224 5477 2412 5523 autem
2446 5469 2497 5522 ei
2530 5467 2656 5524 ﬁnis
2679 5470 2806 5527 vitae
2833 5471 3090 5537 instaret,
3122 5488 3247 5530 cum
3268 5476 3630 5531 celeberrima

2053 5559 2324 5613 memoria
2391 5559 2581 5615 Romae
2631 5560 2891 5630 decessit,
2938 5563 3516 5635 undeoctuagesimum
3572 5582 3632 5621 a-

2054 5664 2191 5719 gens
2220 5664 2465 5704 annum:
2498 5664 2624 5705 cum
2644 5651 2870 5721 quidem
2904 5652 2960 5707 in
2989 5663 3233 5709 extrema
3282 5654 3374 5708 illa
3423 5655 3632 5711 allocu-

2056 5738 2202 5794 tione
2224 5747 2281 5795 et
2310 5739 2700 5811 valedictione,
2734 5743 3027 5810 moritura,
3044 5743 3116 5802 de
3145 5744 3248 5815 pia:
3272 5744 3628 5803 Christianae-

2093 5947 2099 5952 -
2131 5916 2210 5988 (2)
2247 5916 2551 5990 Esculapii
2583 5920 2651 5977 ad
2687 5882 2867 5994 Egas
2885 5923 3173 5996 oppidum.
3268 5890 3271 5891 ν
