4118 6462
546 411 646 471 HQ

1766 427 2186 490 NICEPIIORI
2223 431 2566 492 CALLlS'I‘l

3694 437 3791 501 120

541 538 648 589 que
678 525 800 577 vita!
820 523 1091 593 instituto,
1120 532 1662 598 permultamamlata
1705 536 1816 590 lilio
1846 537 2109 592 dedisset.

2217 541 2317 607 τὴν
2354 538 2498 593 οὕτω
2544 539 2809 609 θεοφιλῶς
2852 541 3120 613 ζήσασαν.
3158 542 3301 606 "Eius
3350 542 3403 596 δὲ
3442 544 3538 610 τῆς
3588 547 3789 609 πόλεως

538 614 794 683 lugentes
824 632 1044 685 quoque
1089 619 1138 671 ei
1175 631 1296 687 post
1331 619 1544 675 obitum
1582 624 1775 678 tribuit
1803 624 2043 680 honores
2101 645 2115 680 :

536 709 729 773 quales
757 708 963 762 scilicet
986 726 1101 763 eam
1131 710 1419 772 decebant.
1441 730 1561 783 qua:
1584 727 1689 769 tam
1715 718 1800 784 pie
1819 727 2117 787 sancteque

535 800 781 854 vixisset.
828 800 987 855 Extra
1010 803 1203 859 urbem
1235 805 1532 860 Romanam
1561 809 1790 877 sepulta.
1828 810 1880 863 iu
1916 811 2116 879 templo

540 894 774 946 rotundo
800 895 1189 966 porphyretiea
1226 914 1361 951 urna
1396 900 1675 968 deposita,
1702 912 1865 972 atque
1890 903 2115 958 biennio

537 995 659 1050 post
702 1000 809 1037 una
874 1002 998 1039 cum
1052 1004 1186 1041 urna
1237 989 1772 1061 Constantinopolim
1826 994 2112 1064 deportata

531 1086 654 1127 est:
684 1078 857 1141 prima
897 1079 1037 1148 ipsa,
1090 1079 1142 1133 in
1184 1082 1491 1150 imperialia
1560 1096 1915 1141 monumenta
1981 1086 2115 1141 tedis

538 1170 864 1222 Sanctorum
894 1170 1282 1241 Apostolorum
1315 1176 1483 1241 illata,
1503 1177 1748 1248 latisque
1781 1165 2004 1246 posthac
2032 1188 2115 1231 at-

532 1276 639 1328 que
664 1263 828 1315 etiam
861 1266 1149 1321 nocturnis
1186 1269 1490 1333 memoriis,
1530 1279 1588 1321 ut
1614 1278 1710 1338 par
1741 1277 1879 1333 erat,
1915 1280 1999 1325 est
2024 1286 2114 1323 ce—

531 1352 761 1411 lebrata.
796 1355 1195 1429 Hierosolymis
1245 1371 1427 1414 autem
1463 1364 1791 1417 veneranda:
1845 1362 2108 1432 virgines.

535 1443 743 1511 quibus
774 1446 943 1503 veluti
976 1449 1227 1517 quaedam
1261 1451 1456 1504 ancilla
1511 1452 1859 1515 inservierat,
1913 1451 2109 1522 praici-

536 1535 662 1602 puis
718 1551 838 1590 eam
897 1548 1027 1592 sunt
1059 1542 1344 1595 memoriis
1406 1541 1727 1596 solemniter
1784 1553 2110 1610 prosecutre.

535 1625 692 1690 Quod
733 1627 776 1681 si
808 1630 932 1697 quis
968 1630 1243 1685 mundana
1284 1631 1400 1686 bage
1454 1632 1508 1685 in
1540 1632 1780 1702 aliquam
1839 1632 2107 1687 bonarum

536 1718 867 1788 utiliumque
899 1737 1085 1776 rerum
1124 1724 1391 1778 rationem
1447 1724 1653 1779 referre
1720 1725 1871 1787 velit,
1922 1725 1976 1778 in
2043 1740 2111 1778 eo

534 1826 753 1880 quoque
779 1828 997 1867 omnem
1020 1813 1180 1883 longe
1212 1825 1431 1884 superat
1452 1816 1810 1870 oblivionem.
1877 1816 2111 1871 Perinde

534 1903 682 1956 enim
719 1915 883 1973 atque
917 1906 1117 1974 pignus
1143 1908 1418 1976 quoddam
1450 1908 1629 1963 futura
1655 1912 1850 1964 saecula
1880 1911 2107 1977 habent,

532 1992 599 2045 ad
631 1995 949 2047 memoriam
977 1995 1096 2064 ejus
1122 1997 1543 2067 sempiternam,
1564 1998 1616 2051 in
1640 1999 1891 2070 Bithynia
1922 2017 2106 2066 unam,

533 2093 589 2136 et
617 2083 670 2136 in
699 2085 981 2140 Palaestina
1022 2085 1248 2143 alteram
1285 2089 1477 2144 urbem
1505 2110 1517 2145 :
1553 2091 1717 2163 600
1775 2093 1978 2162 quibus
2010 2093 2111 2146 im-

529 2191 758 2248 perator
789 2179 934 2233 [ilius
969 2181 1229 2245 conditis,
1262 2185 1583 2238 memoriam
1639 2185 1717 2238 illi
1753 2184 1944 2239 tribuit
2010 2184 2112 2237 im-

532 2271 816 2325 mortalem
853 2273 953 2341 (l).
982 2273 1293 2327 Admodum
1326 2290 1458 2329 vero
1487 2274 1702 2330 beatam
1732 2274 1993 2331 llelenam
2021 2293 2111 2331 re-

525 2361 688 2430 gione
720 2370 776 2415 et
834 2363 941 2415 situ
972 2363 1203 2417 alterius
1233 2364 1557 2420 delectatam
1583 2382 1704 2421 esse
1736 2366 1941 2430 ferunt,
1989 2384 2111 2437 quae

524 2452 759 2508 antehac
790 2453 1105 2523 Drepanum
1132 2455 1210 2525 (2)
1249 2457 1531 2512 nominata
1566 2457 1780 2513 fuerat:
1809 2475 1933 2514 cum
1965 2459 2110 2530 quod

524 2544 601 2599 ibi
626 2554 743 2599 orta
779 2559 950 2611 esset,
985 2557 1098 2603 tum
1132 2549 1277 2618 quod
1307 2549 1612 2605 Lucianum
1664 2563 1960 2624 martyrem
1990 2563 2113 2621 post

529 2640 853 2710 martyrium
880 2640 1101 2695 obitqu
1132 2657 1199 2696 eo
1242 2659 1269 2695 a
1303 2644 1564 2714 delphine
1614 2644 1891 2716 deportari
1936 2648 2115 2702 conti-

528 2729 693 2798 gerit.
729 2730 804 2784 De
831 2747 940 2798 quo
968 2742 1208 2802 martyre
1238 2733 1369 2787 illud
1399 2742 1483 2789 est
1512 2735 1898 2790 decantatum:
1945 2736 2114 2790 mori-

526 2833 709 2874 turum
736 2837 884 2883 cum,
914 2839 1035 2876 cum
1063 2824 1450 2895 vistyrannica
1484 2841 1664 2897 neque
1700 2828 1891 2896 templi
1932 2844 2111 2898 neque

522 2916 750 2970 sacrarii
784 2915 999 2983 cepiam
1046 2916 1278 2986 faceret,
1330 2931 1385 2973 et
1417 2921 1635 2975 vincula
1679 2937 1897 2992 quoque
1948 2931 2111 2991 atque

526 3014 702 3084 plaga:
738 3024 946 3069 motum
994 3030 1229 3085 prorsus
1280 3015 1645 3087 denegarem,
1695 3018 1750 3072 in
1780 3033 1881 3074 suo
1936 3017 2113 3086 ipsius

525 3121 753 3185 pectore
798 3112 1267 3179 discumbentem,
1342 3114 1621 3168 horrendo
1669 3113 1784 3192 illo.
1822 3121 2107 3184 operatum

2229 632 2452 702 Ῥώμης
2485 633 2780 698 ἀξιωθεῖσα
2821 634 3023 704 ταφῆς,
3054 636 3111 689 ὲν
3140 635 3253 704 ναῷ
3305 637 3620 707 στρογγύλῳ
3664 639 3793 708 λάρ-

2218 742 2344 777 νακι
2379 728 2634 796 πορφυρᾷ
2667 727 2953 797 κατετέθη.
2996 727 3152 782 Μετὰ
3177 729 3233 781 δὲ
3264 731 3413 799 διετῆ
3449 733 3657 801 χρόνον,
3695 733 3788 785 σὺν

2219 819 2285 886 τῇ
2316 816 2551 886 λάρνακι
2583 820 2640 869 ὲν
2667 819 2733 884 τῇ
2766 818 3182 871 Κωνσταντίνου
3203 820 3566 883 ἀνασωθεῖσα,
3602 821 3785 891 πρώτη

2217 907 2276 957 ὲν
2306 908 2419 968 τοῖς
2460 905 2763 975 βασιλικοῖς
2808 907 3096 976 μνημείοις
3128 908 3239 959 τῶν
3270 910 3429 978 ίερῶν
3478 910 3787 963 ἀποστόλων

2215 1000 2395 1068 ταφῆς
2443 996 2674 1069 ἠξιώθη,
2714 1000 2969 1069 φαιδραῖς
3000 1000 3061 1052 τὸ
3096 999 3157 1064 ἐξ
3203 1001 3413 1053 ἐκείνου
3456 1002 3665 1069 μνείαις
3695 1004 3788 1054 καὶ

2217 1091 2544 1161 παννυχίσιν
2567 1093 2642 1155 ὡς
2685 1092 2833 1155 είκὸς
2862 1093 3167 1164 τιμωμένη.
3218 1094 3282 1144 Δί
3320 1094 3365 1146 δ’
3404 1095 3461 1146 ἑν
3500 1095 3791 1163 Ἰεροσολύ-

2220 1200 2341 1252 μοις
2369 1183 2568 1252 σεμναὶ
2599 1185 3118 1252 παρθένοιὲκεῖναι,
3147 1178 3233 1249 αἷς
3264 1179 3352 1240 οἶά
3382 1203 3461 1249 τις
3492 1187 3790 1255 διηκονεῖτο

2216 1274 2557 1343 θεραπαινὶς,
2612 1274 2889 1345 ἐξαισίαις
2933 1277 3181 1347 μνήμαις
3229 1279 3437 1347 ταύτην
3476 1278 3787 1345 ὲσέμνυνον.

2217 1366 2281 1419 Εἰ
2312 1365 2440 1421 δέτι
2481 1368 2577 1421 καὶ
2607 1368 2667 1420 τὸ
2699 1369 2842 1422 κατὰ
2866 1369 3074 1437 κόσμον
3123 1368 3204 1431 είς
3234 1369 3420 1435 ὄνησίν
3464 1387 3550 1433 τις
3579 1369 3788 1435 λογίζε-

2218 1454 2342 1507 σθαι
2388 1454 2588 1521 ἕλοιτο,
2622 1454 2715 1508 καὶ
2745 1455 2917 1526 λήθης
2961 1459 3065 1511 κάν
3096 1459 3273 1527 τούτῳ
3312 1459 3609 1529 ὑπερτερεῖ
3634 1475 3647 1488 ο
3680 1460 3791 1509 ἐνέ-

2214 1564 2380 1618 χυρον
2416 1548 2524 1617 γὰρ
2574 1546 2765 1617 ὥσπερ
2798 1546 2825 1601 6
2861 1548 3072 1618 μέλλων
3123 1550 3236 1618 ἔχει
3287 1551 3421 1603 αἰὼν
3464 1550 3565 1617 τῆς
3610 1551 3667 1611 ἐς
3702 1548 3790 1601 ἀεὶ

2218 1641 2440 1709 μνήμης
2477 1639 2576 1710 τὴν
2608 1640 2703 1694 ἰπὶ
2732 1640 2985 1704 Βιθυνίας
3022 1643 3200 1708 πόλιν,
3238 1645 3333 1696 καὶ
3375 1643 3571 1713 ἑτέραν
3606 1646 3663 1695 ὲν
3692 1644 3790 1694 Πα-

2214 1732 2495 1806 λαιστίνῃθ
2531 1732 2596 1795 ἃς
2626 1737 2653 1787 6
2678 1734 2808 1797 παῖς
2842 1735 2979 1804 αὐτῇ
3014 1737 3108 1789 καὶ
3147 1736 3398 1806 βασιλεὺς
3442 1737 3788 1804 δειμάμενος,

2213 1828 2310 1894 τὴν
2329 1827 2593 1881 ἀθάνατον
2610 1827 2827 1898 ἐκείνην
2845 1829 3068 1897 μνήμην
3090 1829 3400 1899 χαρίζεται.
3420 1830 3477 1882 Ἀ
3490 1827 3789 1892 σπάςεσθαι

2212 1916 2267 1971 δέ
2304 1937 2436 1989 φασι
2465 1920 2528 1972 τὸ
2570 1919 2771 1989 χωρίον
2803 1920 2902 1989 τὴν
2952 1920 3234 1990 μακαρίαν
3282 1921 3541 1990 Ἑλένηνο
3579 1922 3671 1973 καὶ
3718 1919 3791 1978 ὡς

2212 2013 2545 2082 ὁρμωμένην
2606 2010 2820 2065 ἐκεῖθεν
2869 2012 3149 2083 Δρέπανον
3190 2012 3405 2080 πρῶτον
3465 2010 3791 2079 ὠνομασμέ-

2212 2118 2303 2154 νον
2324 2118 2338 2130 ’
2374 2101 2469 2154 καὶ
2497 2101 2581 2154 ὅτι
2619 2101 2921 2164 Λουκιανὸς
2952 2103 2978 2152 6
3012 2086 3227 2169 μάρτυς
3259 2102 3440 2152 ἐκεῖσε
3468 2099 3624 2169 τύχοι
3656 2099 3790 2167 μετὰ

2212 2193 2301 2247 τὸν
2330 2193 2667 2263 μαρτυρικὺν
2710 2190 2955 2257 θάνατον
2990 2192 3095 2245 ὑπὸ
3126 2192 3373 2260 δελιρῖνος
3419 2188 3786 2262 ἐκκομισθείς.

2213 2286 2347 2355 Περὶ
2380 2285 2438 2340 οὗ
2493 2285 2772 2354 μάρτυρος
2824 2283 2983 2351 λόγος
3026 2283 3488 2355 διατεθρύλληται
3536 2282 3790 2353 τελευτᾷν

2215 2379 2527 2450 μέλλοντος,
2563 2379 2665 2446 τῆς
2713 2379 3049 2448 τυραννικῆς
3086 2378 3207 2449 βίας
3263 2381 3404 2449 μήτε
3438 2379 3589 2439 ναὸν.
3652 2378 3788 2446 μήτε

2214 2470 2600 2540 θυσιαστήριον
2652 2471 3024 2541 παρεχούσης,
3073 2469 3215 2524 ἀλλὰ
3255 2471 3391 2542 μηδὲ
3439 2472 3549 2525 τῶν
3579 2469 3790 2540 δεσμῶν

2214 2567 2309 2617 καὶ
2341 2565 2452 2617 τῶν
2504 2562 2731 2631 πληγῶν
2785 2563 3217 2634 συγχωρούντων
3268 2564 3565 2625 κινεῖσθαι,
3613 2563 3672 2616 ὲν
3715 2559 3790 2630 τῷ

2212 2657 2400 2727 οἰκείῳ
2441 2658 2650 2727 στέρνῳ
2697 2656 3079 2724 ἀνακείμενον,
3121 2657 3223 2727 τὴν
3258 2657 3500 2727 φρικτὴν
3554 2652 3792 2709 ἐπιτελέ-

2215 2768 2306 2803 σαι
2349 2753 2739 2818 μυσταγωγίαν
2765 2770 2780 2783 ·
2820 2752 2916 2805 καὶ
2966 2750 3141 2815 οὕτως
3185 2751 3352 2804 αὐτόν
3386 2768 3448 2805 τε
3502 2751 3788 2823 μετασχεῖν

2211 2844 2309 2911 τῆς
2349 2844 2620 2913 ἀχράντου
2668 2842 2882 2906 θυσίας,
2933 2844 3185 2906 καὶτοὺς
3217 2842 3413 2904 ἄλλους
3469 2841 3789 2913 μεταλαϐεῖν

2213 2932 2531 3002 ἐπιτρέψαι.
2579 2932 2663 2984 Τὰ
2702 2931 2760 2985 δὲ
2815 2931 2918 3001 τῆς
2957 2935 3272 3005 ἱερουργίας
3322 2933 3569 2986 ἐτελεῖτο
3619 2934 3674 2985 ὲν
3722 2932 3785 2999 τῇ

2210 3024 2401 3093 εἱρκτῇ
2425 3040 2439 3055 ’
2469 3024 2563 3091 καὶ
2614 3024 2911 3093 ἐκκλησίας
2954 3026 3142 3095 σχῆμα
3180 3027 3209 3078 6
3249 3024 3547 3087 κυκλώσας
3587 3024 3787 3076 ἐκεῖνον

2215 3115 2358 3186 ιερὸς
2385 3114 2585 3169 ὲτύπου
2615 3116 2794 3185 χορὸς,
2839 3117 2914 3178 ὡς
2944 3117 3045 3188 ἤδη
3088 3117 3448 3173 ἁποϐιοῦντα.
3498 3118 3705 3179 Ἀλλως
3730 3130 3788 3166 τε

524 3220 648 3260 esse
675 3205 957 3275 mysterio.
991 3203 1058 3258 ad
1091 3218 1329 3276 eumque
1389 3208 1611 3260 modum
1642 3216 1692 3262 et
1728 3208 1907 3277 ipsum
1938 3208 2109 3278 parti-

2214 3207 2310 3259 καὶ
2345 3204 2435 3259 τοῦ
2465 3206 2541 3277 μὴ
2593 3206 2933 3277 καθορᾶσθαι
2968 3209 3038 3260 τὰ
3065 3209 3323 3278 δρώμενα
3363 3209 3521 3279 παρὰ
3565 3209 3673 3262 τῶν
3701 3208 3787 3260 εὐ-

523 3299 737 3368 cipasse
765 3298 835 3354 de
869 3300 1222 3355 immaculato
1253 3302 1545 3361 sacrificio.
1590 3314 1645 3358 et
1672 3304 1795 3360 aliis
1822 3316 1882 3359 ut
1913 3305 2101 3362 itidem

524 3393 1027 3453 communicarent,
1077 3409 1365 3448 suasorem
1404 3393 1594 3449 fuisse.
1635 3394 1864 3451 Sacrum
1931 3396 1985 3450 id
2048 3399 2102 3451 in

530 3500 753 3539 carcere
785 3484 1191 3554 perﬁciebatur,
1223 3492 1279 3539 et
1310 3485 1569 3539 Ecclesiae
1615 3488 1893 3554 specimen
1950 3502 2106 3542 sacer

523 3577 618 3633 ille
646 3577 869 3643 chorus,
896 3577 989 3646 qui
1020 3592 1146 3631 eutn
1186 3586 1442 3644 tanquam
1472 3577 1586 3647 jam
1631 3578 1960 3633 morientem
2009 3579 2105 3633 sti-

525 3670 714 3741 pabat,
749 3668 1205 3739 repra-sentabst.
1255 3668 1434 3723 Aliam
1491 3685 1711 3738 quoque
1759 3670 1831 3725 ob
1881 3685 2102 3725 causam

528 3766 601 3817 ita
642 3764 814 3818 sacris
849 3761 1247 3831 operabantur,
1283 3771 1340 3815 ut
1367 3762 1584 3816 scilicet
1609 3776 1732 3830 qua:
1757 3778 1788 3815 a
1821 3762 1930 3831 piis
1950 3777 2108 3831 pera-

448 3910 451 3911 ν
526 3854 820 3923 gehantur,
853 3853 921 3907 ab
944 3852 1013 3907 iis
1046 3851 1145 3921 qui
1176 3852 1408 3907 alterius
1438 3861 1623 3907 essent
1659 3853 1958 3921 opinionis,
1992 3867 2104 3906 non

527 3946 1003 4016 conspicerentur.
1032 3945 1206 4015 Hujus
1234 3945 1537 4011 discipulos
1571 3959 1693 3999 esse
1723 3944 1938 4010 dicunt,
1987 3944 2106 3999 Eu-

530 4040 746 4094 sebium
792 4036 1292 4102 Nicomediensem,
1348 4036 1521 4091 Mariu
1579 4035 2103 4099 Chalcedonensem,

526 4131 902 4200 Theognidem
931 4130 1237 4189 Nicaenum,
1276 4127 1590 4192 Leontium,
1623 4129 1717 4196 qui
1767 4126 1969 4181 deinde
1988 4130 2103 4181 An-

530 4226 747 4280 tiocltia:
765 4225 1066 4294 episcopus
1086 4223 1214 4289 fuit,
1240 4224 1545 4276 Antonium
1574 4220 1737 4275 Tarsi
1764 4220 1973 4277 Cilicia:
2001 4236 2105 4275 an-

528 4316 782 4384 tistitem,
803 4315 1162 4378 Numenium,
1187 4315 1520 4379 budoxium,
1567 4314 1698 4368 item
1730 4313 2103 4368 Alexandrum

530 4418 587 4463 et
622 4408 897 4463 Asterium
922 4406 1327 4477 Cappadocem,
1370 4420 1512 4475 quos
1536 4405 1604 4460 ad
1636 4405 1956 4460 Graecorum
2014 4421 2108 4460 su-

533 4500 916 4571 perstitionem
941 4499 1415 4565 deﬂexisse,fama
1446 4507 1554 4562 est,
1582 4497 1947 4569 tyrannorum
1982 4513 2107 4551 cru-

2210 3298 2384 3352 σεὸὦν
2410 3300 2521 3362 τοῖς
2558 3298 2733 3362 ἄλλως
2764 3299 2950 3369 ἔχουσι
2984 3300 3164 3369 δόξης,
3195 3300 3368 3362 οὕτως
3395 3302 3637 3354 ἐτέλουν.
3666 3298 3792 3352 Τούο

2205 3408 2305 3445 του
2337 3390 2583 3460 μαθητάς
2621 3407 2787 3459 φασιν
2818 3387 2960 3445 εἶναι
3002 3392 3097 3444 τόν
3124 3410 3185 3445 τε
3214 3393 3592 3464 Νικομηδείας
3624 3390 3789 3446 Εὐσέ-

2205 3485 2365 3549 ϐιον,
2419 3484 2598 3551 Μάριν
2651 3484 2742 3539 τὸν
2798 3484 3182 3554 Χαλκηδόνος,
3237 3486 3329 3538 καὶ
3405 3483 3503 3539 τὸν
3558 3483 3787 3545 Νικαίας

2205 3576 2451 3643 Θέογνιν,
2500 3578 2756 3629 Λεόντιόν
2810 3594 2870 3630 τε
2925 3577 3017 3630 τὸν
3070 3577 3300 3647 ὕστερον
3351 3579 3457 3648 της
3520 3579 3788 3646 Ἀντιόχου

2206 3669 2682 3735 ἂπισκοπήσαντα,
2743 3667 3026 3722 Ἀντώνιον
3064 3685 3123 3722 τε
3158 3669 3421 3741 (Ταρσοῦ
3469 3671 3527 3724 δὲ
3559 3671 3655 3737 τῆς
3688 3671 3786 3721 Κι-

2206 3759 2389 3822 λικίας
2411 3759 2566 3821 οὗτος
2598 3760 2863 3831 ιγένετο),
2895 3762 2989 3814 καὶ
3017 3762 3351 3832 Νουμήνιον.
3383 3764 3483 3815 καὶ
3512 3761 3751 3826 Εὑδόξιον
3772 3772 3784 3786 ·

2208 3851 2270 3905 οὐ
2322 3852 2432 3921 μὴν
2476 3852 2613 3905 ἀλλὰ
2658 3852 2755 3906 καὶ
2799 3852 3171 3922 Ἀλέξανδρον,
3223 3854 3318 3907 καὶ
3382 3853 3665 3925 Ἀστέριον
3701 3852 3787 3905 τὴν

2209 3945 2591 4015 Καππαδόκην
2613 3960 2626 3978 ο
2667 3944 2760 4008 οὓς
2793 3946 2890 4000 καὶ
2927 3945 3204 4016 ἑλληνίσαι
3252 3948 3419 4015 φασὶν
3447 3948 3693 4008 ἐνδόντας
3724 3945 3787 4015 τῇ

2206 4038 2318 4091 τῶν
2356 4039 2636 4108 τυράννων
2671 4038 2761 4109 βίᾳ
2780 4055 2796 4073 ’
2826 4041 2886 4102 ὲς
2914 4039 3142 4111 ὕστερον
3168 4040 3225 4093 δὲ
3257 4040 3357 4111 τὴν
3391 4037 3568 4110 ἧτταν
3592 4043 3790 4093 ἀνακα-

2209 4129 2499 4193 λέσασθαι,
2533 4130 2946 4201 συλλαῦομένου
2976 4132 3174 4194 αὐτοὺς
3200 4133 3338 4201 πρὸς
3363 4132 3465 4203 τὴν
3502 4133 3788 4199 μετάνοιαν

2208 4222 2303 4275 τοῦ
2338 4223 2663 4276 διδασκάλου
2690 4241 2705 4257 ο
2740 4223 2843 4277 κᾶν
2872 4222 3027 4288 αὖθις
3057 4225 3132 4293 μὴ
3161 4225 3230 4277 τὰ
3257 4225 3348 4277 ἴσα
3377 4223 3454 4294 τῷ
3484 4224 3789 4291 διδασκάλῳ

2210 4317 2429 4385 φρονεῖν
2451 4316 2802 4385 ᾑρετίσαντο,
2826 4316 2922 4387 τὴν
2955 4317 3172 4389 Ἀρείου
3202 4319 3522 4387 περιφανῶς
3546 4314 3792 4371 ἀσπασά-

2214 4423 2368 4476 μενοι
2412 4407 2591 4473 δόξαν.
2640 4410 2778 4480 Περὶ
2815 4409 2915 4480 μὲν
2965 4405 3060 4463 οὖν
3110 4410 3211 4481 τῆς
3252 4410 3538 4480 μακαρίας
3578 4408 3790 4476 Ἐλένης

2210 4516 2478 4555 τοσαυτα.

531 4597 742 4651 delitati
761 4598 1057 4652 cedentes:
1087 4604 1279 4664 postea
1297 4604 1480 4650 autem
1505 4595 1681 4665 lapsui
1702 4605 1871 4664 atque
1929 4594 2133 4661 errori,
2173 4611 2333 4667 opem
2372 4598 2583 4655 ferente
2623 4600 2705 4655 eis
2740 4599 2806 4654 ad
2878 4600 3256 4670 paenitentiam
3307 4611 3667 4671 praeceptore,
3710 4613 3790 4651 rc-

531 4693 859 4747 nuntiasse:
895 4690 1365 4761 quamvisiterum
1391 4704 1501 4745 non
1529 4691 1677 4745 idem
1707 4691 1808 4746 sibi
1833 4703 1959 4745 eum
1987 4690 2252 4760 magistro
2318 4695 2670 4752 sentiendum
2734 4710 2858 4752 esse
2890 4694 3219 4766 delegerint,
3289 4695 3407 4750 Arii
3467 4695 3779 4766 opinimnein

533 4803 599 4839 ex
644 4785 892 4855 professo
922 4783 1219 4853 complexi.
1267 4783 1342 4838 De
1376 4783 1535 4839 beata
1571 4784 1777 4840 Helena
1812 4784 2108 4840 hactenus.

1070 4896 1293 4955 CAPUT
1355 4897 1569 4955 XXXII.
1598 4956 1610 4965 ,

530 4995 613 5051 0c
645 4996 812 5047 tribus
864 4991 1160 5064 magniﬁris
1216 4991 1454 5064 crucibus
1496 5007 1630 5061 quas
1681 4992 1734 5046 in
1776 4994 1985 5064 magnis
2018 5009 2110 5046 co-

608 5065 798 5121 lumnis
858 5062 1315 5132 Constantinopoli
1368 5064 1745 5116 Constantinus
1786 5062 2109 5118 collocavit:

604 5145 656 5190 et
700 5134 923 5203 miriﬁca
951 5133 1014 5186 de
1040 5149 1146 5186 una
1181 5149 1366 5221 earugt
1395 5134 1662 5188 narratio.

605 5312 806 5367 Vetum
829 5312 1112 5367 enimvero
1144 5312 1569 5374 Constantinus.
1598 5328 1727 5368 cum
1755 5313 1962 5382 ubique
1996 5321 2111 5365 uer-

537 5423 727 5461 rarum
759 5408 813 5461 in
839 5408 1151 5466 illustribus
1187 5410 1417 5465 urbibus
1446 5408 1705 5471 delubra,
1733 5416 1847 5463 tum
1873 5406 2110 5461 maxime

610 5595 689 5665 (l)
717 5594 1119 5650 Constantinus
1145 5594 1365 5652 duabus
1407 5593 1728 5665 civitatibus
1760 5595 1952 5648 matris
1993 5607 2107 5647 sua

539 5663 756 5719 llelenze
801 5680 998 5718 nomen
1051 5667 1331 5735 imposuit.
1371 5666 1512 5719 Idem
1556 5663 1732 5717 Ponto
1762 5679 1981 5735 quoque
2011 5680 2108 5716 no-

539 5748 685 5800 tneu,
714 5745 771 5789 ut
803 5733 1214 5804 Helenopontus
1259 5737 1559 5793 diceretur.
1599 5736 1879 5801 impusut
1920 5733 2107 5801 (Justi-

537 5807 687 5860 ttian.
722 5804 796 5858 De
828 5806 1084 5858 moderat.
1124 5806 1504 5875 lleleuopouti,
1534 5804 1743 5875 Nov-ill.
1780 5805 1894 5873 28)

612 5876 687 5948 (2)
722 5876 975 5934 Socrates
1020 5875 1114 5930 lib.
1164 5893 1199 5942 ι,
1254 5874 1375 5946 οη).
1428 5876 1515 5941 18,
1546 5874 1762 5939 scribit,
1795 5874 2105 5930 Constanti-

2810 4900 3036 4955 ΚΕΦΑΛ
3048 4938 3065 4956 .
3099 4898 3221 4955 AB'.

2216 4990 2357 5058 Περὶ
2391 4989 2508 5044 τῶν
2535 4990 2712 5059 τριῶν
2731 4992 3015 5061 μεγάλων
3040 4990 3343 5060 σταυρῶν,
3380 4993 3487 5059 οὓς
3526 4991 3596 5044 ἐν
3629 4990 3787 5061 κίοσι

2276 5055 2577 5129 μεγάλαις⁷
2596 5055 3055 5128 Κωνστὰντῒνος
3075 5061 3146 5115 ἐν
3174 5055 3250 5131 ’ἑῇ
3274 5055 3567 5129 ἐπωνύμῳ
3604 5055 3786 5131 αὐτοῦ

2284 5127 2460 5184 πόλει
2510 5131 2802 5202 ἀνιὸρυσε
2823 5147 2837 5161 ·
2880 5132 2983 5186 καὶ
3036 5127 3356 5202 ὑπερφὺής
3378 5127 3623 5200 τιςπερὶ
3652 5127 3786 5190 ἐνὸς

2283 5202 2510 5255 τούτων
2536 5201 2841 5271 διήγησις.

2291 5317 2705 5381 Κωνσταντῖνος
2758 5316 2818 5370 δὲ
2870 5314 3186 5386 ἁπανταχοῦ
3239 5316 3343 5384 τῆς
3404 5316 3508 5383 γῆς
3562 5313 3785 5371 πολλοὺς

2216 5408 2442 5478 ἐγείρας
2470 5407 2607 5473 νεὼς
2654 5411 2772 5472 ταῖς
2807 5408 3137 5480 περιφανέσι
3180 5406 3290 5461 τῶν
3324 5409 3553 5474 πόλεων,
3581 5406 3685 5459 κάν
3719 5404 3782 5472 τῇ

2215 5608 2345 5647 nmn
2387 5593 2538 5647 vicos
2580 5593 2785 5646 multos
2826 5592 3187 5661 ampliﬁcatae
3213 5591 3271 5645 in
3309 5591 3539 5645 formam
3569 5588 3780 5661 urbium

2212 5664 2496 5725 extulisse,
2524 5676 2689 5730 atque
2742 5665 2796 5716 in
2841 5658 3032 5731 pri—mis
3079 5663 3408 5730 Drepanum.
3442 5676 3540 5715 seu
3586 5658 3782 5724 Drep'co

2214 5749 2367 5791 nutu.
2405 5752 2433 5785 a
2474 5736 2662 5786 matris
2711 5750 2823 5786 suae
2853 5734 3072 5786 nomine
3108 5732 3483 5802 Helenopolim
3513 5744 3731 5783 vocasse
3765 5742 3777 5773 :

2214 5815 2266 5855 et
2297 5805 2501 5855 civitati
2535 5804 2600 5855 ab
2630 5819 2695 5856 eo
2728 5815 2901 5856 auctu:
2929 5802 2981 5855 in
3009 5803 3322 5865 Palaestina,
3361 5819 3387 5854 a
3421 5802 3627 5855 sororis
3672 5809 3780 5850 sua:

2214 5874 2578 5944 appellatione
2607 5888 2800 5928 nomen
2833 5874 3167 5931 Constantia:
3197 5873 3481 5930 indidisse.
