4118 6462
327 443 421 510 121
867 412 875 493 ς
1207 431 1820 496 ECCLESIASTICAE
1861 433 2255 531 ntsrom/E
2303 439 2449 499 LIB.
2486 436 2658 499 VIII.
3494 435 3588 497 ηρ

328 558 603 626 ἐπωνύμῳ
636 555 691 608 δὲ
721 553 888 608 αὑτοῦ
939 551 1091 605 πόλει
1126 550 1365 620 μάλιστα
1400 550 1628 611 τούτους
1662 549 1852 615 ἀνίστη
1883 565 1896 580 ⁸

2015 551 2061 605 in
2092 556 2422 622 cognomine
2444 553 2546 608 sibi
2576 553 2823 617 civitate,
2854 565 2918 605 ea
2949 549 3224 604 exstruxit
3246 569 3259 604 ι
3285 567 3447 621 quam
3485 567 3593 607 sta-

329 654 396 721 ἢν
442 652 540 704 καὶ
590 649 879 718 ἀγάλμασι
935 646 1030 699 καὶ
1082 646 1262 706 ἄλλοις
1316 644 1655 713 ὑπερφυέσιν
1718 642 1904 712 ἔργοις

330 744 641 806 ὲκὶ).).υνεν,
674 741 749 804 ὡς
784 743 842 793 ὲν
871 739 950 809 τῷ
980 739 1123 792 τέλει
1153 736 1249 790 τοῦ
1297 737 1403 807 πρὸ
1432 736 1626 789 τούτου
1656 736 1902 789 διελὰθο-

336 854 434 906 μεν
460 836 646 905 τόμον.
685 831 855 897 Είδὼς
906 849 969 897 γε
1003 832 1109 902 μὴν
1146 831 1318 900 πείρᾳ
1356 831 1450 883 καὶ
1497 829 1595 898 τὴν
1621 827 1718 882 τοῦ
1755 829 1902 880 θείου

331 927 568 997 σταυροῦ
620 926 871 996 δύναμιν,
903 925 1200 994 ὑπερφυῶς
1252 922 1413 976 αὑτὸν
1465 921 1647 992 ἐτίμα,
1697 922 1792 974 καὶ
1847 921 1905 972 ὲν

332 1019 575 1089 θαύματι
601 1019 688 1070 διὰ
717 1016 919 1078 παντὸς
946 1011 1072 1085 ἦγε.
1104 1015 1215 1069 Καὶ
1245 1015 1310 1082 δὴ
1344 1013 1483 1082 μετὰ
1523 1011 1710 1065 νόστον
1753 1009 1907 1063 Ἐλέ-

332 1130 432 1180 νης
483 1113 631 1180 τρεῖς
680 1108 1082 1179 ὑπερμεγέθεις
1130 1106 1401 1175 σταυροὺς
1472 1104 1902 1173 τεκτηνάμενος,

336 1204 477 1256 κατὰ
511 1203 743 1270 μίμησιν
771 1193 845 1252 ῶν
875 1199 1080 1271 τριχῶς
1110 1200 1166 1252 ὲν
1192 1197 1407 1266 οὐρανῷ
1437 1195 1722 1258 ἐθεάσατο,
1758 1193 1909 1262 πρῶ-

336 1313 430 1349 τον
471 1294 574 1364 μὲν
604 1294 662 1346 ὲν
703 1291 888 1362 Ῥώμῃ
921 1288 1388 1359 καταστρατηγῶν
1412 1288 1720 1351 Μαξεντίου
1748 1301 1762 1316 ⁸
1790 1283 1909 1336 δεύ-

338 1401 494 1454 τερον
513 1382 557 1435 δ’
580 1383 743 1451 ἡνίκα
772 1381 1100 1444 Βυζαντίους
1136 1379 1224 1433 διὰ
1254 1378 1436 1448 μάχης
1461 1377 1556 1430 ἰῶν
1582 1372 1903 1445 ἐτροποῦτο·

339 1480 435 1533 καὶ
457 1480 518 1531 τὺ
538 1480 738 1549 τρίτον,
762 1477 927 1547 ἡνίκα
950 1476 1163 1536 Σκύθας
1187 1476 1367 1543 πέραν
1403 1473 1617 1541 Ἴστρου
1646 1469 1904 1533 ὑπέταξε,

2014 645 2122 699 tuis
2151 654 2207 699 et
2240 645 2367 700 aliis
2393 645 2736 699 admirandis
2774 643 3037 712 operibus
3083 645 3397 703 exornavit.
3427 644 3588 698 sicuti

2010 734 2066 787 in
2104 734 2208 787 line
2238 734 2471 802 proximi
2543 731 2902 799 exposuimus
2939 734 3092 789 tomi.
3138 732 3292 798 Quod
3341 746 3471 784 vero
3535 745 3593 783 re

2011 827 2130 896 ipsa
2158 836 2361 881 sanctae
2391 827 2576 881 crucis
2611 827 2718 879 vim
2752 835 2807 880 et
2838 825 3136 881 efﬁcaciam
3170 833 3436 891 expertus
3480 821 3594 876 fne-

2014 931 2122 983 rat,
2165 935 2521 988 summopere
2568 934 2689 971 eam
2747 934 2966 988 semper
2996 920 3386 974 "venerabatur
3426 926 3594 984 atque

2012 1012 2416 1068 admirabatur.
2446 1012 2607 1081 σοι
2640 1013 2717 1068 Ac
2745 1020 2870 1080 post
2925 1011 3143 1066 Helenae
3184 1012 3424 1066 reditum
3484 1018 3595 1062 tres

2010 1108 2280 1162 inunvnsa
2332 1106 2717 1174 magnitudine
2753 1120 2948 1160 cruces
2987 1104 3268 1160 fabreﬁeri
3331 1102 3484 1164 fecit,
3525 1100 3590 1155 ad

2009 1202 2322 1269 exemplum
2376 1214 2566 1255 earum
2589 1214 2729 1267 quas
2767 1207 2849 1252 ter
2907 1198 2963 1252 in
2999 1197 3140 1251 ccelo
3175 1195 3426 1251 viderat:
3485 1194 3598 1263 pri-

2011 1308 2160 1348 mum
2193 1294 2394 1357 Romae,
2446 1302 2638 1349 contra
2699 1289 3037 1345 Maxentium
3094 1289 3453 1357 depugnans:
3510 1302 3598 1340 se-

2012 1389 2216 1445 cundo.
2251 1402 2375 1441 cum
2403 1386 2705 1439 commisso
2733 1399 2859 1438 cum
2915 1382 3197 1453 Byzantiis
3249 1380 3435 1450 praalio
3488 1388 3600 1432 tro-

2012 1497 2189 1549 pa‘mn
2219 1481 2287 1534 de
2302 1479 2384 1534 eis
2413 1478 2646 1542 statuit;
2677 1477 2843 1531 tertio
2875 1487 3085 1535 autem.
3116 1489 3242 1541 cum
3273 1473 3413 1527 Istro
3430 1479 3598 1540 ponte

339 1572 435 1625 καὶ
470 1572 560 1625 τὸν
610 1570 856 1640 ποταμὸν
900 1570 1118 1639 γεφύρᾳ
1155 1566 1385 1634 ἐζεύγνυ
1414 1582 1427 1597 ⁸
1479 1567 1624 1619 κατὰ
1675 1564 1906 1634 μίμησιν

2015 1577 2220 1645 iuncto,
2256 1572 2487 1642 Scythas
2518 1572 2661 1625 ultra
2690 1571 2746 1625 id
2780 1569 2984 1624 ﬁumen
3020 1567 3262 1636 subegit.
3300 1563 3381 1618 Ad
3410 1564 3596 1616 imita-

337 1663 517 1718 τοίνυν
543 1664 652 1716 τῶν
676 1663 846 1731 τριῶν
872 1662 1078 1714 τούτων
1109 1657 1419 1729 σταυρικῶν
1458 1657 1729 1727 ὁράσειην.
1758 1657 1907 1722 τρεῖς

339 1759 405 1808 ἐκ
426 1755 628 1826 χαλκοῦ
658 1756 832 1808 ἐποίει
852 1754 1144 1822 σταυροὺς,
1186 1755 1281 1805 καὶ
1302 1752 1371 1804 τὰ
1398 1750 1677 1818 σεῦἀσμια
1702 1746 1908 1801 τούτων

338 1847 575 1915 ὀνόματα
595 1845 769 1908 οὑτως
797 1846 1081 1912 ὠνόμαζεν
1107 1861 1122 1875 ⁸
1163 1842 1423 1910 Ἰησοῦς,
1443 1839 1724 1910 Χριστὸς,
1745 1835 1904 1905 νικᾷ.

2015 1669 2222 1720 tionem
2255 1665 2421 1735 igitur
2450 1663 2689 1734 triplicis
2723 1662 2887 1716 istius
2909 1659 3167 1723 visionis,
3224 1665 3339 1710 tres
3383 1671 3447 1709 ex
3487 1668 3598 1707 aere

2012 1758 2127 1811 ﬁeri
2164 1756 2610 1819 curavitcruCCS,
2642 1754 2833 1822 eisque
2867 1767 3025 1808 sacra
3057 1751 3175 1805 haec
3209 1746 3473 1817 imposuit
3502 1760 3598 1799 no-

2015 1852 2190 1903 mina:
2216 1849 2389 1912 Iesus,
2409 1848 2669 1913 Christus,
2686 1848 2872 1902 uincit.
2893 1845 2964 1899 Ex
2992 1844 3097 1908 his,
3120 1843 3209 1897 cui
3228 1855 3428 1896 nomen
3448 1854 3598 1892 aestas

339 1926 437 1987 Ὧν
465 1935 494 1986 ὁ
529 1934 627 2002 μὲν
651 1934 716 1985 τὸ
761 1932 998 2001 Ἰησοῦς
1033 1932 1205 1999 ὄνομα
1240 1930 1400 1999 ἔχων,
1440 1926 1626 1995 χρυσῷ
1660 1926 1912 1979 ἁπαντα-

2017 1939 2292 2005 inditum,
2340 1955 2478 1994 auro
2520 1955 2618 2008 per
2667 1953 2863 1995 omnes
2913 1945 3103 2007 partes
3152 1933 3356 1990 diti‘uso
3402 1939 3598 1984 ornata

339 2025 434 2096 χοῦ
463 2025 768 2096 διαχυθέντι
816 2023 1137 2094 κοσμηθεὶς,
1177 2023 1306 2091 ἔστη
1358 2021 1544 2095 ἐπάνω
1581 2019 1682 2087 τῆς
1723 2015 1908 2086 ἁψῖδος

340 2120 434 2174 τοῦ
461 2121 648 2190 φόρου,
681 2119 740 2181 ὃς
770 2118 833 2172 τὸ
864 2117 964 2186 τῆς
997 2116 1279 2178 εὑσεόείας
1316 2113 1485 2169 αὑτοῦ
1515 2111 1717 2182 θερμὸν
1750 2113 1912 2162 ὑπαιο
1946 2170 1950 2175 Ι

342 2214 580 2267 νίσσεται
605 2227 620 2243 ⁸
650 2212 730 2282 τῷ
763 2211 871 2283 γὰρ
896 2213 1084 2281 κράτει
1114 2211 1213 2278 τῆς
1248 2208 1431 2278 ἰσχύος
1453 2205 1624 2260 αὑτοῦ
1653 2203 1753 2273 τὴν
1790 2200 1912 2255 Ἐλ-

341 2307 565 2376 ληνικὴν
609 2306 908 2376 θρησκείαν
954 2302 1255 2361 κατέϐαλλε
1284 2316 1302 2335 ⁸
1345 2302 1438 2354 τὸν
1473 2299 1528 2352 δὲ
1556 2298 1614 2362 ὃς
1664 2295 1912 2350 ἐκαλεῖτο

340 2395 616 2464 Χριστὸς,
665 2393 961 2463 σεϐάσμιον
1008 2392 1105 2448 καὶ
1147 2391 1294 2445 θεῖον
1343 2390 1598 2460 σταυρὸν,
1650 2389 1742 2443 ἐπὶ
1777 2404 1913 2457 πορσ-

339 2489 497 2562 φυρῴ
562 2488 825 2558 Ῥωμαίῳ
874 2488 1068 2541 ἀνίστα
1124 2485 1307 2553 κίονι,’
1337 2486 1404 2537 ἐν
1458 2483 1537 2553 τῷ
1575 2481 1912 2552 Φιλαδελφίῳ

336 2582 538 2636 οὑτωσί
572 2598 689 2643 πως
727 2582 1012 2649 εἰρημένῳ
1035 2593 1048 2608 ⁸
1082 2577 1176 2631 τὸν
1205 2576 1263 2629 δὲ
1290 2577 1497 2647 τρίτον,
1527 2575 1585 2628 ὃν
1624 2576 1914 2627 Κωνσταν-

338 2677 481 2737 τίνος
511 2673 609 2744 μὲν
635 2672 805 2738 νῖκος
846 2671 1131 2735 ἐκάλεσεν,
1173 2668 1495 2740 Ἡράκλειος
1524 2668 1570 2721 δ’
1615 2667 1912 2733 ἀνίκητον

340 2766 755 2835 κατωνόμασεν,
790 2766 883 2818 ἐπὶ
922 2762 1113 2834 ὑψηλῷ
1141 2762 1280 2817 κίονι
1327 2764 1391 2815 ἐκ
1438 2761 1749 2832 μαρμὰρων
1784 2776 1914 2812 συν-

337 2861 637 2932 τεθειμένῳ
671 2860 985 2929 ἀνίδρυσεν,
1031 2859 1091 2911 ιν
1131 2858 1286 2927 τόπῳ
1321 2850 1365 2924 ᾧ
1391 2856 1581 2922 κλῆσις
1613 2848 1680 2925 ἧν
1727 2854 1915 2920 Ἄρτο-

341 2955 568 3009 πώλιον
596 2968 611 2984 ⁸
665 2956 724 3008 ἐν
771 2946 817 3022 ᾧ
870 2953 967 3006 καὶ
1018 2950 1215 3006 πολλαὶ
1264 2950 1524 3019 δυνάμεις
1578 2946 1914 3019 ὲνηργοῦντο

268 3108 271 3111 _
342 3047 635 3118 παράδοξοι
661 3063 677 3078 ⁸
712 3048 810 3100 καὶ
842 3046 1046 3116 μᾶλλον
1073 3046 1189 3098 ὅσοι
1229 3045 1375 3115 ῥίγει
1420 3042 1749 3111 φλογώσεως
1778 3039 1914 3093 ἐπα-

344 3157 492 3213 σχον,
542 3140 632 3194 καὶ
673 3138 1004 3209 ὀφθαλμίαις
1049 3139 1147 3192 καὶ
1194 3138 1524 3208 ὑποχύσεσιν
1573 3130 1713 3207 ἦσαν
1768 3150 1917 3185 συνι-

346 3233 609 3303 σκημὲνοι
634 3247 649 3263 ⁸
690 3233 822 3303 περὶ
852 3225 913 3284 οὑ
952 3249 1004 3285 τι
1039 3230 1276 3284 καὶτῶν
1312 3229 1459 3300 μάλα
1497 3228 1587 3281 διὰ
1633 3224 1913 3295 θαύματος

341 3323 627 3390 ἀγομένων
656 3319 1035 3389 πραττόμενον
1063 3318 1421 3387 διηγήσομαι.
1455 3314 1565 3367 Καί
1596 3330 1687 3384 μοι
1723 3310 1913 3380 μηδεὶς

342 3413 645 3469 ἀπιστείτω
668 3412 1016 3482 διηγουμένῳ
1037 3426 1052 3442 ⁸
1080 3409 1237 3463 οὐδὲν
1263 3409 1375 3478 γὰρ
1404 3404 1560 3476 οἶμαι
1588 3403 1910 3474 παράδοξον,

341 3507 368 3560 δ
394 3510 469 3576 μὴ
500 3505 620 3575 Θεῷ
650 3504 1134 3575 διαπεπραγμένον
1159 3503 1245 3572 εἴη
1268 3516 1280 3530 ⁸
1312 3501 1462 3555 οὐδὲν
1497 3499 1554 3552 δὲ
1595 3498 1757 3553 πάλιν
1783 3496 1914 3549 ἁδύ-

343 3614 525 3664 νατον,
558 3596 694 3651 Θεοῦ
736 3597 1089 3668 βουλομένου.
1132 3597 1371 3660 Λέγεται
1395 3592 1529 3663 γὰρ,
1567 3594 1664 3646 καὶ
1693 3589 1913 3660 ἀληθῶς

345 3690 584 3755 λέγεται,
616 3688 692 3751 ὡς
720 3689 805 3742 ὅτι
848 3686 979 3758 παρ’
1004 3687 1165 3741 αὑτὸν
1196 3684 1428 3755 ἄγγελος
1472 3686 1678 3755 Κυρίου
1726 3682 1915 3755 τρίτον

349 3780 443 3832 ίὼν
488 3779 582 3833 τοῦ
617 3778 863 3833 ἐνιαυτοῦ
899 3780 957 3833 ἔν
1014 3778 1317 3849 ἀπορρήτῳ
1368 3779 1493 3847 σιγῇ
1542 3775 1643 3843 τῆς
1695 3773 1913 3834 νυκτὸς,

346 3867 540 3943 οἷάπερ
562 3871 819 3942 ἀστραπὴ
847 3872 904 3936 ἐξ
925 3869 1175 3941 οὐρανῶν
1205 3871 1518 3941 διᾴττουσα,
1548 3870 1605 3921 ὲν
1633 3867 1916 3936 ἀπροσίτῳ

344 3968 412 4035 τῇ
436 3965 620 4037 αἴγλῃ,
667 3963 853 4034 κύκλῳ
886 3964 1124 4033 περίεισι
1161 3963 1252 4015 τὸν
1288 3962 1528 4031 σταυρὸν
1575 3959 1808 4030 θυμιῶν,
1834 3958 1918 4010 λι-

344 4058 490 4127 γυρᾷ
515 4074 573 4109 τε
608 4059 759 4128 φωνῇ
791 4057 866 4120 ὡς
902 4056 973 4127 δή
1017 4072 1162 4118 τινος
1196 4053 1398 4108 λεπτοῦ
1433 4053 1785 4124 σημαντῆρος
1815 4050 1917 4122 τὴν

347 4150 648 4218 παρουσίαν
675 4147 964 4220 ἃαμηνὺει
984 4150 1103 4212 τοῖς
1135 4147 1524 4217 ἁνεπιστρόφῳ
1550 4147 1685 4215 πρὸς
1716 4144 1917 4198 κακίαν

349 4240 446 4311 βίῳ
474 4244 542 4294 τὰ
593 4240 817 4294 τοιαῦτα
848 4241 943 4295 καὶ
986 4241 1117 4313 ὀρᾷν
1155 4242 1253 4294 καὶ
1293 4239 1518 4294 ἀκούειν
1564 4239 1914 4309 ἠξιωμένοις.

350 4330 591 4401 ’ᾼσματι
620 4330 676 4384 δὲ
728 4332 1027 4403 ἀπορρήτῳ
1064 4332 1126 4386 τὸ
1166 4330 1351 4385 ἔνθεον
1385 4331 1547 4401 μέλος
1591 4329 1692 4397 τῆς
1720 4345 1912 4399 τρισαο

347 4423 469 4489 γίας
498 4424 679 4493 φωνῆς
734 4424 911 4495 τούτῳ
956 4423 1231 4491 ἐπιλέγων
1280 4426 1374 4479 καὶ¹
1425 4422 1776 4492 ὑποψὰλλων,
1819 4422 1916 4476 καὶ

347 4510 503 4579 αὖθις
553 4515 744 4588 ὥσπερ
778 4517 951 4588 ἀστὴρ
1003 4519 1444 4588 μεγαλοπρεπῶς
1487 4518 1742 4588 διᾴττων,
1778 4517 1918 4586 πρὸς

2013 2033 2281 2088 collocata
2313 2042 2401 2087 est
2438 2048 2607 2102 super
2634 2033 2900 2086 fornicem
2936 2046 3034 2087 seu
3065 2044 3252 2082 arcum
3291 2026 3600 2094 triumpha—-

2012 2123 2122 2178 lem
2162 2122 2219 2176 in
2249 2122 2390 2187 toro,
2436 2132 2497 2177 ut
2529 2120 2853 2176 obscuriore
2890 2117 3298 2187 signiﬁcatione
3338 2116 3594 2170 ardorem

2015 2217 2238 2286 pietatis
2272 2215 2448 2284 ipsius
2481 2214 2770 2268 indicaret.
2808 2212 3063 2266 Potentia
3101 2225 3344 2279 namque
3378 2206 3598 2260 roboris

2013 2309 2137 2380 ejus
2183 2308 2427 2363 Graecam
2481 2306 2937 2376 superstitionem
2984 2304 3299 2359 debellavit.
3356 2301 3598 2354 Alteram

2013 2418 2147 2457 vero
2179 2400 2580 2463 venerandam,
2619 2414 2946 2467 sacramque
2990 2412 3211 2452 crucem
3262 2395 3456 2450 Christi
3502 2408 3601 2448 na-

2016 2512 2139 2550 men
2168 2494 2574 2566 praeferentem,
2601 2495 2655 2546 in
2688 2492 3085 2563 Porphyretica
3121 2491 3373 2545 Romana
3403 2488 3601 2541 statuit

2016 2590 2296 2652 columna,
2334 2591 2387 2642 in
2426 2589 2547 2642 loco
2583 2588 2678 2656 qui
2715 2586 3088 2654 Φιλαδέλφιον,
3126 2584 3233 2638 hoc
3264 2593 3347 2637 est
3377 2581 3600 2637 Frater-

2016 2698 2118 2737 nus
2163 2696 2340 2747 amor,
2378 2681 2608 2735 dicitur.
2661 2680 2949 2746 Tertiam,
2992 2692 3158 2747 qnam
3202 2673 3604 2731 Constantinus

2015 2775 2233 2845 quidem
2260 2776 2430 2838 νῖκος,
2459 2772 2511 2826 id
2544 2780 2631 2827 est
2662 2772 2981 2832 victoriam,
3025 2767 3268 2830 vocavit,
3311 2764 3603 2820 ileraclius

2015 2879 2196 2923 autem
2243 2868 2528 2935 ἀνίκητον,
2564 2866 2669 2920 hoc
2712 2875 2798 2920 est
2834 2864 3129 2921 inviCtam.
3179 2859 3510 2915 nominavit.
3549 2859 3600 2913 in

2015 2960 2122 3014 alta
2150 2973 2460 3012 marmorea
2503 2957 2760 3012 columna
2794 2967 3000 3024 posuit,
3034 2956 3086 3008 in
3123 2955 3245 3008 loco
3274 2953 3359 3006 tui
3400 2966 3603 3005 nomen

2015 3061 2098 3105 est
2127 3048 2517 3120 Ἀρτοπώλιον,
2549 3048 2602 3102 id
2631 3061 2715 3102 est
2750 3048 2953 3102 Forum
2986 3046 3297 3115 panarium,
3337 3043 3402 3096 ad
3438 3058 3603 3110 quam

2018 3143 2204 3196 multa
2246 3142 2412 3197 etiam
2461 3158 2628 3209 supra
2676 3142 3000 3209 opinionem
3052 3138 3337 3191 hominum
3372 3136 3606 3187 virtutes

2016 3244 2148 3288 sunt
2176 3233 2378 3287 editae:
2414 3245 2581 3301 atque
2612 3235 2663 3285 in
2698 3231 2913 3301 primis,
2950 3229 2997 3284 si
3032 3230 3128 3298 qui
3171 3229 3354 3294 rigore
3390 3225 3606 3279 inﬂant-

2016 3325 2276 3378 mationts
2330 3334 2703 3388 vexarentur,
2748 3329 2804 3376 et
2859 3321 3152 3376 oculorum
3204 3318 3494 3398 doloribus
3549 3326 3606 3369 et

1970 3414 2421 3471 -suﬂ'usionibus
2467 3423 2885 3484 premerentur,
2935 3411 3114 3466 sanati
3171 3420 3322 3466 sunt.
3377 3409 3453 3463 De
3494 3424 3603 3479 qua

2019 3507 2222 3563 factum
2256 3505 2574 3576 quoddam,
2611 3500 2776 3576 quod'
2795 3505 3096 3560 admodum
3138 3505 3192 3558 in
3229 3503 3601 3558 admiratione

2015 3600 2153 3666 fuit,
2199 3615 2494 3670 exponam.
2529 3599 2613 3653 Ne
2648 3612 2780 3651 vero
2824 3597 3120 3667 quisquam
3167 3594 3418 3649 narranti
3466 3593 3598 3646 mihi

2017 3692 2180 3747 ﬁdem
2210 3707 2321 3745 non
2370 3690 2605 3756 habeat;
2639 3689 2779 3744 nihil
2810 3689 2959 3743 enim
3007 3696 3116 3741 tam
3156 3694 3355 3756 praeter
3385 3685 3604 3752 Opinio-

2017 3800 2144 3840 nem
2172 3794 2228 3839 et
2254 3792 2454 3854 praeter
2490 3783 2652 3837 ﬁdem
2688 3792 2802 3848 est,
2836 3780 2986 3851 quod
3016 3781 3161 3834 Deus
3192 3795 3299 3832 non
3329 3777 3603 3847 perﬁciat;

2019 3892 2198 3948 neque
2241 3877 2407 3933 etiam
2437 3877 2739 3946 quidquam
2774 3874 2924 3945 quod
2971 3873 3117 3927 Deus
3161 3871 3315 3936 velit,
3351 3868 3609 3939 impossi—

2018 3971 2129 4025 bile
2162 3975 2266 4023 est.
2299 3967 2513 4022 Dicitur
2549 3981 2814 4036 namque,
2846 3974 2904 4019 et
2945 3979 3076 4019 vere
3106 3963 3334 4026 dicitur,
3377 3977 3501 4016 cum
3535 3960 3603 4013 ad

2017 4077 2139 4117 eam
2173 4062 2402 4131 angelus
2435 4059 2653 4114 Domini
2696 4067 2780 4113 ter
2809 4055 3112 4128 quotannis
3141 4073 3239 4126 per
3269 4055 3604 4110 altissimum

2018 4153 2363 4222 intempestae
2408 4150 2592 4206 noctis
2637 4151 2960 4215 silentium,
2991 4148 3224 4220 perinde
3266 4159 3432 4217 atque
3465 4147 3606 4199 emi-

2019 4262 2152 4302 cans
2175 4246 2451 4316 quoddam
2480 4244 2702 4300 cmlitus
2731 4243 2936 4313 fulgur,
2965 4258 3089 4296 cum
3122 4240 3421 4310 splendore
3451 4239 3605 4292 inae-

2019 4354 2177 4396 cesso
2201 4339 2372 4401 venit,
2396 4353 2615 4394 crucem
2641 4351 2768 4393 eum
2798 4336 3097 4391 circumire
3122 4334 3366 4389 sumtum
3390 4332 3604 4385 facien-

2023 4443 2131 4488 tem
2155 4448 2171 4486 :
2199 4431 2470 4500 suavique
2497 4445 2635 4485 voce
2658 4429 2817 4500 quasi
2846 4427 3135 4499 cujusdam
3164 4425 3349 4480 tenuis
3377 4424 3601 4489 indicis,

2020 4523 2368 4594 praasentiam
2420 4538 2577 4578 suam
2620 4522 2729 4576 illis
2772 4520 2867 4591 qui
2916 4521 3158 4588 puritate
3203 4518 3330 4573 vitae
3375 4534 3403 4572 a
3454 4517 3606 4571 vitiis

346 4608 418 4661 τὰ
449 4612 619 4662 οἰκεῖα
648 4610 1013 4680 ἐπανέρχεται
1042 4611 1170 4682 ἢθη.
1205 4613 1302 4664 Ὃν
1329 4610 1467 4682 δῆτα
1495 4612 1796 4681 σεϐάσμιον
1821 4610 1912 4664 τοῦ

2026 4617 2416 4680 abhorrentes,
2453 4614 2579 4669 talia
2608 4625 2661 4669 et
2696 4613 2886 4668 videre
2914 4623 2969 4667 et
3001 4613 3194 4667 audire
3227 4611 3412 4666 idonei
3450 4620 3602 4676 sunt,

349 4700 554 4770 Κυρίου
604 4701 860 4771 σταυρὸν.
921 4702 1106 4776 πολλῷ
1164 4704 1340 4773 χρόνῳ
1389 4702 1620 4774 ὕστερον
1681 4703 1825 4757 κατὰ
1858 4703 1918 4756 τὸ

347 4794 813 4848 ὀκτωκαιδέκατον
839 4794 958 4858 ἔτος
985 4796 1087 4865 τῆς
1122 4797 1298 4866 ἀρχῆς
1325 4797 1661 4868 Μαυρικίου,
1701 4795 1916 4865 σεισμῷ

353 4888 575 4955 μεγάλῳ
625 4891 813 4940 πεσεῖν
856 4889 1234 4965 ὲπειγᾴμενον,
1284 4888 1475 4943 ἔπειτα
1530 4890 1772 4959 σιδηροῖς
1804 4905 1917 4942 τισι

349 4982 564 5051 μηχανή
574 4997 735 5050 μασιν
749 4981 1068 5050 ’Ἡράκλειος
1085 4981 1312 5052 ἡδρασε,
1326 4985 1463 5053 πρὸς
1479 4983 1545 5054 τῇ
1570 4982 1724 5053 βάσει
1742 4982 1918 5036 ταῦτα

345 5072 410 5141 δὴ
436 5071 743 5141 ἐγκολάψας
771 5072 838 5126 τὰ
865 5073 1174 5144 γράμματα
1201 5090 1215 5106 ⁸
1252 5076 1455 5145 Ἔργον
1494 5076 1788 5145 θεάρεστον
1819 5075 1914 5146 βα-

346 5163 537 5224 σιλέως
585 5163 823 5232 μεγάλου
868 5164 1188 5234 Ἡράκλειος
1222 5167 1494 5236 ἥδρασενο
1531 5166 1568 5221 ἃ
1600 5167 1662 5237 δὴ
1700 5169 1794 5223 καὶ
1836 5170 1915 5231 εἰς

344 5257 445 5324 ἐμὲ
496 5256 589 5308 νῦν
620 5260 730 5309 είσι
778 5256 1147 5328 θεωρούμενα.
1194 5259 1356 5314 Ἀλλὰ
1396 5260 1629 5315 τοιαῦτα
1677 5262 1778 5330 μὲν
1821 5263 1919 5315 καὶ

342 5349 412 5401 τὰ
443 5352 570 5419 περὶ.
620 5350 732 5402 τῶν
766 5351 934 5420 τριῶν
970 5352 1222 5423 σταυρῶν
1263 5354 1605 5426 εἰργασμένα
1650 5355 1728 5425 τῷ
1761 5356 1918 5408 Κων-

345 5441 632 5510 σταντίνῳ.

2017 4709 2357 4764 insinuare:
2421 4714 2588 4774 atque
2646 4704 2739 4760 ubi
2803 4714 2972 4760 cantu
3028 4704 3300 4759 ineffabili
3353 4703 3604 4758 divinum

2016 4816 2244 4855 carmen
2280 4811 2363 4855 ter
2385 4799 2563 4853 sancti
2590 4798 2776 4869 hymni
2812 4797 3048 4866 psallens
3079 4798 3449 4860 concinuerit,
3481 4812 3606 4849 rur-

2019 4907 2142 4947 sum
2178 4893 2331 4945 illutn
2364 4890 2533 4946 veluti
2566 4890 2783 4945 stellam
2834 4890 3122 4961 magniﬁce
3166 4891 3500 4943 cmicantem
3533 4889 3603 4941 ad

2023 4985 2210 5039 munia
2244 4983 2429 5038 redire
2470 4999 2593 5038 sua.
2626 4982 2780 5037 Hanc
2810 4998 2944 5037 sane
2978 4982 3348 5038 venerandam
3383 4982 3602 5036 Domini

2022 5094 2282 5143 crucem,
2329 5077 2496 5146 longo
2529 5085 2653 5146 post
2692 5086 2977 5145 tempore,
3020 5076 3296 5129 decimum
3343 5083 3605 5128 octavum

2020 5187 2227 5227 annum
2268 5170 2528 5224 Mauritio
2566 5169 2895 5239 imperante,
2930 5169 3093 5240 602
3122 5167 3270 5238 quod
3328 5167 3605 5222 immenso

2022 5273 2183 5318 terrae
2217 5272 2368 5317 motu
2406 5272 2714 5328 corruerat,
2751 5263 2949 5317 ferreis
2979 5263 3310 5332 quibusdam
3343 5260 3608 5330 operibus

2021 5357 2314 5413 Heraclius
2350 5355 2613 5419 ﬁrmavit,
2645 5366 2703 5410 et
2741 5356 2797 5410 in
2833 5357 2948 5410 basi
2995 5357 3117 5426 ejus
3150 5353 3469 5425 bujusmodi
3512 5352 3604 5405 in-

2023 5448 2157 5503 cidit
2192 5448 2616 5517 inscriptionem
2647 5465 2661 5502 :
2701 5448 2851 5518 Opus
2885 5448 2996 5503 Deo
3037 5457 3324 5517 acceptum
3370 5447 3607 5516 impera-

345 5535 477 5591 toris
514 5538 702 5608 magni
738 5537 1024 5595 Iieraclius
1053 5540 1309 5597 ﬁrmavit.
1343 5542 1475 5610 Quae
1510 5542 1800 5614 inscriptio
1841 5543 1910 5599 ad
1952 5558 2074 5600 mea
2145 5560 2321 5617 usque
2353 5554 2600 5616 tempora
2669 5545 2907 5601 duravit.
2953 5545 3079 5601 Haec
3106 5545 3172 5601 de
3204 5543 3386 5598 tribus
3418 5539 3607 5598 cruci-

343 5629 440 5685 bns
464 5648 491 5685 ιι
522 5631 896 5690 Consmntino
935 5636 1293 5692 constructis.
