4118 6470
569 430 671 495 123
1790 440 2221 523 Nicspnoul
2263 442 2605 503 CALLISTI
3745 440 3844 505 ιιι

1104 549 1329 608 CAPUT
1373 550 1613 608 XXXIII.
2176 562 2222 617 Α

570 638 637 695 Ut
692 640 1077 696 Constantinus
1118 642 1826 725 Christiquismumybique
1882 658 2150 705 terrarum

1057 719 1344 784 prooagari
1366 719 1649 772 curaverit.

2841 557 3095 614 ΚΕΦΑΛ.
3128 557 3272 627 Am

2258 650 2463 715 Ὅπως
2500 652 2964 718 Κωνσταντῖνος
2989 652 3095 706 τὸν
3142 651 3626 720 Χριστιανισμὸν
3656 653 3849 707 ἀπαν-

2358 722 2548 790 ταχοῦ
2586 720 2700 787 τῆς
2734 721 2845 793 γῆς
2873 722 3224 792 διαδραμεῖν
3244 723 3708 790 παρεσκεύασε.

642 821 744 887 Qui
778 838 961 878 rerum
998 827 1249 882 omnium
1275 831 1411 885 illud
1444 847 1609 899 quam
1644 834 1882 889 maxime
1913 835 2128 891 studuit

2324 835 2514 903 Πάσης
2546 833 2592 887 δ’
2644 829 2718 906 ἦν
2755 834 2955 905 ἐκείνῳ
3006 834 3247 901 σπουδῆς
3302 834 3618 906 ὑπέρτερον
3668 836 3703 904 ἠ
3747 835 3846 904 τῆς

558 925 630 989 _ut
664 916 856 985 religio
887 919 1156 986 ampliora
1190 934 1417 991 caperet
1460 926 1824 983 incrementa.
1865 928 2055 995 Neque
2090 945 2128 984 se

2252 928 2558 996 θρησκείας
2596 928 2859 988 ἐπίδοσις.
2894 928 3165 998 Κατέχειν
3193 928 3242 980 δ’
3282 928 3383 980 οὐκ
3413 923 3570 996 εἶχεν
3603 926 3805 980 ἑαυτόν
3826 941 3842 956 ·

562 1006 856 1060 continuere
888 1022 950 1061 ea
986 1010 1040 1063 in
1090 1026 1148 1064 re
1181 1013 1385 1081 potuit.
1426 1014 1733 1071 Universos
1773 1033 2012 1087 namque
2050 1020 2128 1073 ho

2250 1014 2449 1087 ἁθρόον
2477 1017 2609 1087 γὰρ,
2651 1018 2707 1069 εί
2729 1018 2779 1085 γ’
2805 1016 2937 1087 ἐνῆν
2979 1016 3151 1088 αὐτῷ,
3205 1020 3416 1081 πάντας
3461 1016 3670 1088 ἤθελεν
3724 1019 3847 1069 ἐπι-

564 1100 766 1162 mines,
795 1112 1072 1173 quantum
1107 1104 1160 1156 in
1187 1121 1353 1160 manu
1384 1107 1506 1177 ejus
1532 1109 1583 1162 id
1619 1108 1746 1176 fuit,
1777 1111 1846 1165 ad
1869 1110 2128 1168 Cbristun

2252 1107 2501 1161 σπᾶσθαι
2544 1109 2639 1162 καὶ
2679 1107 2986 1179 προσάγειν
3023 1108 3269 1178 Χριστῷ,
3306 1091 3687 1179 ἀποστολικὴν
3730 1111 3847 1162 ἐπι-

559 1191 835 1248 adductos
896 1206 1064 1261 atque
1129 1209 1442 1268 pertractus
1503 1202 1726 1267 voluit,
1786 1206 2127 1274 apostolican

2249 1199 2603 1270 δεικνύμενος
2631 1200 2731 1273 τὴν
2759 1202 3019 1273 σπουδήν.
3066 1202 3221 1256 Ἐπεὶ
3248 1202 3307 1255 δὲ
3334 1201 3396 1253 τὸ
3427 1200 3542 1255 ἀνά
3566 1201 3672 1264 τὴν
3715 1199 3848 1254 Ῥω-

565 1297 798 1350 prorsus
824 1286 1116 1343 declarans
1143 1301 1384 1343 mentem
1417 1298 1474 1345 et
1497 1292 1767 1349 studium.
1793 1294 2128 1364 Quandoqui

2253 1290 2433 1360 μαίων
2468 1291 2712 1361 ὑπήκοον
2740 1293 2901 1362 δεῖμα
2930 1291 3029 1345 καὶ
3063 1290 3226 1353 σέϐας
3254 1290 3450 1359 ἄλογον
3476 1288 3585 1358 τῆς
3615 1288 3751 1360 περὶ
3779 1288 3848 1340 τά

558 1372 690 1427 dem
716 1373 905 1429 autem
933 1377 1188 1434 homines
1210 1380 1461 1436 Romano
1488 1383 1697 1438 subditi
1729 1385 1980 1456 imperio,
2013 1404 2128 1457 prae

2250 1382 2414 1447 ξόανα
2469 1384 2774 1453 φαντασίας
2822 1378 2993 1453 εἶχον,
3051 1382 3159 1453 ἢθη
3191 1398 3251 1435 τε
3303 1381 3514 1450 πάτρια
3549 1380 3847 1446 κατησπά-

562 1473 651 1519 ter
679 1468 950 1521 rationem
969 1485 1211 1535 omnem,
1238 1484 1447 1526 metum
1469 1484 1636 1543 atque
1663 1478 2120 1546 superstitionem

2250 1474 2429 1539 ζοντο,
2461 1476 2557 1528 καὶ
2599 1476 2964 1546 ἀρχαιότητος
2992 1475 3200 1546 είχοντο
3224 1492 3241 1506 ·
3281 1473 3391 1526 δεῖν
3434 1473 3623 1525 ἐδόκει
3669 1471 3846 1542 λήθην

563 1568 793 1627 propter
823 1572 1148 1631 conceptam
1181 1565 1251 1617 de
1288 1567 1603 1623 simulacris
1647 1571 1969 1639 opinionem
2007 1576 2128 1628 reti

2249 1562 2435 1627 αὐτοῖς
2468 1564 2570 1633 τῆς
2603 1565 2908 1637 θρησκείας
2951 1565 3217 1635 εἰσάγειν.
3254 1563 3427 1617 Τοῦτο
3458 1563 3508 1616 δ’
3533 1563 3641 1615 οὐκ
3668 1562 3844 1623 ἄλλως

562 1649 795 1715 nebant,
834 1652 975 1708 ritus
1009 1660 1218 1723 patrios
1249 1661 1785 1729 complectebantur.
1814 1673 1873 1719 et
1902 1681 1969 1720 ex
1999 1669 2128 1722 anti‘

2249 1652 2319 1728 ἦν
2343 1658 2646 1729 ἐγχωροῦν,
2688 1660 2819 1730 πρὶν
2866 1659 2933 1714 ἂν
2967 1659 3078 1712 τῶν
3105 1658 3246 1711 νεῶν
3286 1658 3383 1710 καὶ
3416 1656 3531 1709 τῶν
3562 1657 3623 1708 ἐν
3658 1656 3845 1715 αὐτοῖς

560 1744 796 1812 quitatis
842 1747 1178 1803 auctoritate
1211 1750 1566 1819 pendebant,
1612 1754 1985 1811 inducendam
2022 1776 2128 1815 esst

2247 1749 2585 1821 ἀμελήσειαν
2630 1751 2990 1822 ἀγαλμάτων.
3020 1753 3129 1805 Καὶ
3156 1752 3219 1805 τὸ
3262 1753 3510 1821 ἐννόημα
3548 1749 3633 1811 είς
3680 1747 3845 1818 ἔργον

558 1836 752 1890 cultus
781 1838 904 1906 ejus
933 1840 1075 1909 apud
1109 1840 1258 1912 ipsos
1289 1843 1623 1900 oblivionem
1653 1849 1888 1917 putavit.
1921 1850 1978 1905 Id
2012 1867 2128 1907 verr

2249 1842 2417 1912 ἤγετο
2443 1858 2459 1876 ο
2518 1845 2868 1915 γραμμάτων
2919 1844 3030 1915 γὰρ
3087 1843 3471 1914 φοιησάντων
3536 1842 3843 1913 βασιλικῶν

564 1940 670 1979 nec
699 1926 860 1981 aliter
890 1945 990 1984 nec
1027 1934 1182 2000 prius
1212 1933 1331 1988 fieri
1362 1937 1564 2004 potuit.
1603 1954 1767 2008 quam
1802 1941 1881 1996 illi
1918 1946 2128 2014 templa1

2247 1936 2531 1998 δείσαντες
2563 1938 2613 1988 oi
2644 1935 2808 2005 δῆμοι
2838 1937 2914 2006 μή
2949 1952 3003 1989 τι
3038 1937 3175 2007 περὶ
3203 1937 3272 1989 τὰ
3305 1935 3545 2003 φίλτατα
3588 1934 3839 1998 πάθοιεν,

562 2029 613 2071 et
642 2033 763 2088 quae
794 2021 849 2074 in
883 2023 965 2077 eis
1004 2035 1138 2079 sunt
1176 2036 1390 2083 statuas
1419 2031 1766 2102 negligerent
1805 2044 1972 2105 atque
2008 2052 2128 2092 con-

2248 2030 2372 2085 καθ’
2401 2032 2628 2094 ἑαυτοὺς
2672 2026 2835 2103 ἦσαν.
2871 2029 2941 2084 Oi
2974 2047 3039 2096 γε
3091 2030 3200 2100 μὴν
3228 2028 3495 2098 νεωκόροι
3527 2028 3626 2080 καὶ
3674 2028 3842 2098 ἱερεῖς

526 2118 895 2169 ,temncrent.
944 2114 1367 2190 Consiliumque
1409 2122 1464 2176 id
1502 2124 1570 2179 ad
1602 2127 1809 2182 exitum
1856 2120 2128 2198 perduxit.

2250 2125 2325 2192 μή
2355 2139 2410 2175 τι
2450 2122 2582 2194 δρᾷν
2612 2122 2851 2193 ἔχοντες,
2884 2123 2950 2175 τὰ
2979 2120 3113 2193 παρ’
3147 2121 3327 2183 αὐτοῖς
3359 2122 3524 2189 τίμια
3562 2119 3841 2188 κατεφρό-

560 2202 766 2260 Edictis
788 2208 937 2262 enim
968 2209 1338 2278 imperatoriis
1366 2216 1570 2285 passim
1600 2219 1918 2288 publicatis,
1947 2224 2128 2293 oopuli

2244 2232 2371 2269 vouv
2389 2229 2406 2246 ο
2435 2218 2531 2269 καὶ
2557 2214 2627 2268 τὰ
2647 2216 2709 2269 ἐν
2735 2215 2891 2286 μυχῷ
2917 2213 3086 2269 πάλαι
3115 2212 3321 2267 ἀθέατα
3339 2211 3451 2265 τῶν
3466 2211 3687 2265 ἀδύτων
3713 2211 3841 2280 ἐξῆ-

556 2303 868 2353 metuentes
902 2315 971 2355 ne
998 2302 1067 2355 de
1109 2303 1278 2358 rebus
1307 2305 1413 2359 sibi
1450 2308 1796 2365 charissimis
1824 2312 1880 2366 in
1913 2315 2128 2383 pericu-

2243 2323 2341 2376 γον
2370 2323 2387 2339 ⁶
2422 2307 2559 2361 πᾶσι
2581 2306 2639 2360 δὲ
2669 2305 2808 2377 δῆλα
2843 2306 2911 2359 τὰ
2935 2304 3068 2376 πρὶν
3106 2303 3294 2367 αὐτοῖς
3318 2317 3394 2373 κγε
3425 2302 3618 2372 μόνοις
3659 2304 3836 2369 ἐγνω-

554 2386 670 2443 lum
694 2392 968 2459 venirent,
995 2395 1048 2447 iu
1079 2396 1258 2453 oﬂicio
1289 2399 1464 2457 fuere.
1495 2400 1565 2456 Et
1592 2405 1921 2474 templorum
1949 2418 2128 2463 custo«

2246 2400 2423 2470 σμὲνα
2451 2400 2773 2454 καθίστατο.
2815 2397 2882 2452 Ἦ
2926 2398 2985 2452 δὲ
3018 2399 3131 2451 τῶν
3178 2396 3387 2463 ξοάνων
3425 2394 3559 2464 ὕλη,
3594 2395 3696 2465 ὅση
3737 2391 3838 2463 μὲν

557 2482 657 2537 des
691 2488 1152 2558 sacerdotesque,
1199 2506 1324 2546 cum
1369 2495 1514 2563 quod
1545 2507 1779 2564 agerent
1824 2515 1933 2556 non
1971 2502 2128 2559 habe-

2243 2491 2580 2572 διαφέρουσα
2607 2489 2698 2564 ἦν,
2746 2491 2886 2562 ιιιτυρλ⁹
2918 2490 3314 2561 διακρινομένη
3363 2490 3446 2550 είς
3480 2487 3670 2559 κέρμα
3714 2487 3837 2539 ἐκό-

557 2587 705 2639 rent,
742 2593 830 2634 res
857 2596 980 2651 quae
1019 2593 1181 2639 antea
1207 2586 1350 2655 apud
1384 2603 1481 2644 eos
1514 2591 1568 2644 iu
1595 2590 1861 2649 honorem
1895 2598 2128 2666 fuerant,

2248 2603 2419 2640 πτετο
2437 2602 2454 2618 ο
2484 2586 2586 2656 ὅση
2621 2585 2666 2639 δ’
2694 2585 2754 2638 ἐν
2782 2584 2972 2656 χαλκῷ
2997 2584 3080 2647 είς
3117 2583 3318 2644 κάλλος
3356 2581 3715 2650 ἐξείργαστο,
3741 2576 3835 2631 κό-

557 2664 862 2736 despexere
890 2686 905 2724 :
937 2684 993 2725 et
1032 2687 1154 2741 quae
1182 2676 1392 2731 dudum
1437 2676 1492 2732 in
1531 2680 1791 2737 abstruso
1837 2684 2069 2741 latentia
2105 2664 2128 2742 a

2246 2693 2388 2746 σμου
2441 2676 2605 2747 χάριν
2662 2677 2744 2740 είς
2782 2674 2885 2747 τὴν
2941 2674 3071 2727 νέαν
3127 2671 3226 2727 τοῦ
3271 2670 3623 2743 κρατοῦντος
3678 2667 3833 2721 πόλιν

554 2761 778 2815 nemine
822 2775 1116 2833 conspecta
1159 2766 1412 2836 fuerant,
1461 2787 1529 2826 ex
1576 2773 1758 2845 adytis
1803 2779 2128 2848 arcanisque

2243 2769 2408 2839 ἤγετο
2430 2786 2446 2801 ·
2480 2770 2578 2824 καὶ
2610 2769 2716 2823 ἀνά
2743 2768 2844 2832 τὰς
2874 2766 3102 2837 ἀγυιὰς,
3129 2766 3222 2819 τόν
3245 2780 3305 2818 τε
3344 2761 3718 2829 Ἱππόδρομον
3740 2760 3832 2810 καὶ.

553 2850 693 2908 locis
722 2862 1040 2924 pertraxere
1066 2875 1080 2914 :
1112 2874 1347 2931 quaeque
1370 2863 1507 2918 solis
1538 2865 1672 2935 ipsis
1702 2868 1920 2938 cognita
1947 2881 2128 2934 erant.

2243 2861 2560 2931 ἅπανταχοῦ
2591 2861 2945 2933 καθιδρύετο.
2981 2861 3188 2928 Ἥγετο
3217 2856 3311 2910 οὖν
3353 2856 3651 2941 Ἀπόλλων’
3675 2869 3734 2906 τε
3766 2851 3831 2904 ἐκ

550 2952 800 3006 omnium
867 2952 1042 3008 oculis
1098 2968 1424 3024 erposuere.
1491 2957 1930 3015 Simulacrorum
1993 2979 2128 3018 vero

2244 2953 2473 3019 Πυθίας,
2522 2953 2619 3008 καὶ
2646 2954 2707 3019 ἐξ
2743 2952 3037 3017 Ἑλικῶνος
3070 2953 3128 3006 at
3173 2949 3416 3015 Μοῦσαι,
3446 2948 3548 3003 καὶ
3572 2949 3601 3001 ὁ
3635 2943 3830 3016 σεμνὸς

553 3040 816 3104 materia,
856 3043 1241 3112 quaequidem
1290 3045 1529 3115 ingentis
1574 3059 1723 3103 esset
1768 3051 1971 3120 pretii,
2021 3053 2128 3125 igni

2242 3048 2305 3099 ἐκ
2333 3046 2556 3115 Δελφῶν
2592 3047 2844 3119 τρίπους,
2879 3047 2974 3101 καὶ
3015 3048 3044 3101 ὁ
3071 3045 3359 3114 διασόητος
3392 3044 3537 3107 Πὰν,
3572 3042 3635 3096 ὃν
3689 3043 3830 3095 Παυ-

552 3132 887 3203 adiudicata,
921 3144 978 3190 et
1006 3137 1060 3190 in
1093 3138 1303 3193 minuta
1338 3139 1515 3195 frusta
1543 3142 1808 3197 concisa:
1838 3158 1962 3214 qua:
2000 3161 2128 3202 vero

2243 3140 2434 3205 σανίας
2468 3141 2607 3211 μετὰ
2659 3140 2753 3194 τὸν
2800 3141 3049 3209 Μηδικὸν
3094 3140 3318 3194 ἀνέθετο
3364 3136 3632 3206 πόλεμον.
3682 3136 3744 3188 Ol
3771 3131 3826 3186 δὲ

551 3241 619 3280 ex
652 3243 760 3282 aere
793 3228 1098 3285 artiﬁcioso
1128 3247 1296 3302 opere
1334 3232 1635 3289 fabrefacta
1680 3245 1860 3302 esset,
1903 3248 2128 3310 propter

2238 3232 2366 3305 νεῲ,
2404 3234 2680 3297 παντοίως
2704 3233 3095 3304 ἀμεληθέντος,
3125 3235 3204 3295 είς
3237 3233 3465 3303 ἐρείπια.
3497 3228 3663 3304 ἦσαν.
3694 3231 3829 3282 [Iav-

551 3319 1029 3387 pulchritudinem
1065 3333 1121 3378 et
1168 3327 1575 3393 praestantiam,
1615 3327 1672 3382 in
1715 3344 1912 3385 novam
1953 3331 2128 3403 impe-

2235 3325 2444 3393 τάπασι
2478 3324 2538 3378 δὲ
2574 3324 2833 3395 τηνικάδε
2868 3324 2897 3377 ὃ
2919 3339 2978 3376 τε
3009 3324 3068 3376 ἐν
3115 3323 3308 3390 Δίγαῐς
3336 3321 3433 3375 τοῦ
3489 3315 3822 3388 Ἀσκληπιοῦ

550 3413 755 3467 ratoris
814 3414 1008 3472 urbem
1055 3427 1397 3488 comportata
1457 3428 1594 3474 est:
1662 3431 1833 3491 atque
1896 3414 1993 3478 ibi
2032 3440 2128 3495 per

2236 3413 2296 3468 ἐν
2325 3413 2520 3486 Συρία,
2572 3415 2670 3467 καὶ
2699 3416 2727 3467 ό
2757 3415 2816 3466 ἐν
2859 3411 3123 3482 ’Δφάκοις
3168 3412 3269 3481 τῆς
3313 3411 3646 3479 Ἀφροδίτης
3698 3407 3825 3475 περὶ

550 3502 808 3572 regiones
854 3515 1067 3567 certas.
1110 3516 1276 3577 atque
1312 3508 1368 3563 in
1417 3509 1796 3580 Hippodromo
1844 3529 1942 3568 seu
1982 3515 2128 3571 circo

2232 3505 2296 3559 τὸ
2327 3505 2423 3560 τοῦ
2464 3506 2706 3561 Λιϐάνου
2736 3505 2863 3576 ὅρος
2906 3506 3195 3575 ἠφάνιστο.
3232 3504 3339 3556 Καὶ
3375 3504 3554 3575 ἄμφω
3592 3502 3650 3555 δέ
3677 3495 3823 3554 οὗτοι

550 3597 819 3663 equestri,
848 3606 905 3651 et
932 3598 1063 3654 alibi
1094 3600 1297 3670 passim
1332 3602 1622 3658 collocata.
1651 3603 1939 3663 Abductus
1969 3606 2135 3677 igitur

549 3696 635 3741 est
671 3702 749 3743 er
786 3689 968 3760 Pythii
1017 3692 1229 3747 oraculi
1275 3693 1409 3749 sede
1462 3694 1695 3764 Apollo,
1741 3711 1807 3751 ex
1863 3697 2131 3755 Helicone

547 3782 738 3849 Musae,
765 3793 822 3838 et
858 3783 1083 3854 Delphis
1115 3800 1277 3841 sacer
1307 3787 1483 3856 tripos
1514 3806 1529 3840 :
1562 3796 1732 3857 atque
1766 3790 2008 3846 celebris
2039 3792 2132 3848 ille

549 3877 690 3943 Pan,
721 3893 886 3947 quem
923 3878 1223 3934 Pausanias
1254 3888 1377 3949 post
1417 3879 1691 3935 Medicum
1726 3882 1930 3937 bellum
1971 3883 2126 3937 dica-

547 3981 721 4026 verat.
767 3970 993 4039 Templa
1029 3987 1194 4041 porro
1235 3972 1511 4042 neglecta,
1564 3987 1794 4043 prorsus
1823 3974 1891 4030 ad
1935 3974 2128 4031 ruinas

545 4073 684 4118 sunt
732 4062 975 4117 redacta.
1023 4063 1186 4134 603
1234 4061 1469 4117 Omnino
1513 4062 1680 4117 etiam
1730 4072 1847 4119 tum
1888 4075 1945 4120 et
1985 4066 2130 4136 apud

547 4153 717 4224 Algas
746 4153 1050 4223 Esculapii
1085 4155 1139 4208 in
1166 4152 1357 4208 Cilicia
1393 4154 1492 4224 (ι),
1523 4162 1579 4207 et
1597 4154 1742 4223 apud
1769 4155 2025 4224 Aphacos
2051 4155 2130 4227 (2)

549 4246 618 4300 ad
650 4245 922 4302 Libanum
952 4253 1198 4299 montem
1235 4243 1467 4299 Veneris
1501 4244 1791 4299 delubrum
1825 4247 2128 4302 sublatum.

547 4324 858 4411 Utrumque
901 4352 1084 4396 autem
1117 4340 1400 4395 veteribus
1430 4347 1488 4394 et
1524 4338 1747 4393 celebre
1776 4350 1833 4394 et
1861 4356 2132 4395 veneran-

548 4434 682 4490 dum
717 4433 989 4488 habitum.
1021 4431 1153 4498 Quae
1183 4447 1354 4500 quum
1388 4431 1463 4485 ita
1501 4430 1718 4496 ﬁerent,
1755 4447 1823 4486 ex
1850 4434 2129 4490 sententia

549 4525 902 4595 imperatoris
931 4539 1019 4578 res
1042 4522 1398 4592 procedebat.
1422 4521 1489 4576 Et
1514 4521 1611 4589 qui
1645 4523 1846 4594 templa
1872 4525 2127 4591 deorum,

2180 3596 2187 3605 ’
2235 3599 2494 3669 ἐπισήμω
2544 3593 2687 3670 ἦσαν
2718 3599 2815 3652 καὶ
2859 3599 3143 3669 σεϐασμίω
3201 3599 3317 3660 τοῖς
3361 3598 3563 3652 πάλαι.
3594 3591 3698 3650 Ὧν
3740 3609 3825 3663 γι-

2235 3691 2500 3761 νομένων,
2552 3691 2696 3745 κατά
2751 3691 2955 3745 σκοπὸν
2999 3692 3078 3763 τῷ
3140 3691 3354 3763 βασιλεῖ
3400 3689 3722 3761 προύχώρει
3766 3686 3825 3739 τὸ

2237 3783 2473 3853 πρᾶγμα
2500 3798 2518 3815 ο
2548 3784 2601 3837 οἱ
2635 3784 2736 3853 μὲν
2769 3783 2880 3855 γὰρ
2913 3785 2980 3838 τά
3022 3787 3155 3856 πρὶν
3189 3785 3257 3840 δι’
3289 3785 3485 3849 αἰδοῦς
3515 3784 3702 3844 αὐτοῖς
3738 3780 3826 3851 ep-

2237 3877 2482 3947 ριμμένα
2516 3878 2774 3947 ὁρῶντες,
2809 3878 3068 3949 καλάμης
3089 3896 3151 3933 τε
3177 3880 3274 3932 καὶ
3309 3878 3557 3949 φορυτοῦ
3589 3876 3820 3949 ἔμπλεα.

2236 3974 2318 4037 είς
2344 3971 2764 4043 καταφρόνησιν
2792 3967 2930 4045 ἧκον
2964 3971 3212 4033 ἐκείνων,
3250 3972 3346 4024 καὶ
3374 3973 3494 4036 τοῖς
3538 3969 3824 4041 προγόνοις

2234 4065 2340 4135 τῆς
2391 4064 2603 4135 πλάνης
2641 4064 2959 4134 ἐμέμφοντο
2982 4080 2998 4098 ο
3031 4066 3083 4117 οί
3113 4064 3168 4118 δὲ
3198 4064 3346 4134 ζήλῳ
3377 4062 3494 4119 τῶν
3540 4061 3821 4135 ἡμετέρων

2234 4154 2331 4206 καὶ
2360 4153 2460 4224 τῆς
2508 4154 2602 4207 τοῦ
2638 4153 2908 4225 βασιλέως
2936 4152 3099 4224 χάριν
3128 4155 3297 4229 τιμῆς
3342 4154 3456 4208 δεῖν
3499 4152 3729 4225 ἡγοῦντο
3751 4151 3816 4203 τὰ

2234 4245 2331 4299 τοῦ
2362 4245 2697 4319 κρατοῦντος
2723 4246 2832 4318 ἤθη
2855 4247 3025 4317 τιμᾷν
3051 4263 3067 4278 ο
3095 4244 3252 4299 ἄλλοι
3281 4246 3339 4298 δὲ
3372 4249 3470 4299 καὶ
3498 4243 3817 4316 θεοσημίαις

2235 4341 2401 4406 τισὶν,
2450 4339 2777 4402 ἐπισκόποις
2821 4356 2881 4391 τε
2915 4339 3012 4391 καὶ
3065 4340 3326 4408 μοναχοῖς
3373 4337 3815 4409 ἐντετυχηκότες.

2234 4432 2464 4499 ἄμεινον
2494 4429 2637 4497 εἶναι
2659 4429 3071 4499 Χριστιανίζειν
3109 4428 3363 4501 ᾑροῦντο.
3392 4428 3590 4481 Ἔνθεν
3616 4443 3697 4480 τοι
3723 4423 3816 4477 καὶ

2236 4521 2427 4575 πολλοὶ
2471 4521 2634 4590 δῆμοι
2671 4522 2767 4573 καὶ
2806 4520 2990 4583 πόλεις
3023 4520 3145 4573 ὅλαι
3174 4520 3677 4591 μετερρυθμίζοντο
3699 4533 3715 4547 ·
3741 4514 3814 4574 ὡς

548 4590 670 4687 Qua:
706 4620 858 4687 prius
891 4617 1208 4677 coluerant,
1243 4616 1427 4684 jacere
1449 4655 1467 4681 ,
1508 4616 1823 4685 stipulaquc
1855 4627 1911 4672 et
1939 4630 2124 4675 storea

2233 4612 2300 4683 δὴ
2330 4615 2426 4668 καὶ
2456 4613 2518 4665 τὸ
2548 4612 2801 4677 Γαζαίων
2849 4612 3109 4676 ἐπίνειον,
3140 4610 3169 4663 δ
3204 4611 3504 4677 Μαιονμᾶς
3543 4609 3811 4687 καλεῖται,

548 4711 819 4781 completa
876 4725 1000 4764 esse
1056 4706 1355 4772 videbant,
1399 4709 1454 4761 in
1502 4718 1881 4777 contemptum
1925 4726 2119 4764 eorum

547 4803 882 4864 veniebant,
922 4800 1304 4867 majorumque
1331 4813 1577 4853 errorem
1615 4799 2124 4867 reprehendebant.

546 4895 783 4960 Quidam
818 4906 920 4947 uos
953 4899 1084 4945 sunt
1109 4889 1376 4943 annulati.
1412 4888 1519 4942 Alii
1565 4889 1919 4958 imperatoris
1952 4891 2128 4959 ipsius

551 4986 723 5055 gratia
775 4992 1035 5052 oportere
1087 4993 1147 5035 se
1203 4979 1470 5049 principis
1531 4994 1714 5035 mores
1768 4988 1827 5035 et
1875 4980 2127 5036 instituta

548 5081 735 5130 colere
778 5072 1190 5129 existimabant.
1238 5069 1499 5124 Nonnulli
1551 5083 1720 5136 porro
1768 5069 1848 5140 (5)
1895 5070 1966 5126 ab
2004 5070 2126 5140 epi-

548 5172 731 5240 scopis
775 5177 830 5221 et
878 5164 1196 5228 monachis,
1245 5163 1299 5218 in
1342 5178 1483 5233 quos
1533 5163 1742 5218 divinis
1785 5164 2122 5233 quibusdam

550 5261 773 5315 indiciis
801 5257 1130 5320 inciderant,
1156 5256 1360 5317 edocti,
1388 5254 1563 5309 satius
1595 5269 1718 5309 esse
1749 5254 2124 5309 Christianam

548 5353 832 5422 suscipere
874 5349 1194 5418 religionem
1246 5354 1604 5402 censuerunt.
1647 5344 1886 5400 Proinde
1927 5345 2119 5414 populi

548 5447 706 5500 multi
740 5454 794 5500 ct
826 5443 993 5498 urbes
1026 5451 1153 5497 tota:
1178 5442 1244 5496 ad
1270 5441 1756 5497 Christianismum
1784 5453 1844 5494 se
1873 5438 2124 5492 contere-

624 5609 700 5677 (-l)
739 5603 984 5670 Rectius,
1016 5612 1088 5677 ut_
1130 5617 1298 5670 supra
1346 5599 1580 5677 cap.__50
1611 5598 1736 5653 eod.
1796 5596 1853 5677 in
1907 5595 2127 5677 .Cil'icia.

551 5666 725 5732 Sicuti
760 5679 923 5732 etiam
950 5666 1092 5746 apud
1129 5666 1547 5728 So'znmeuClib.
1573 5684 1636 5734 ιι,
1660 5684 1783 5737 cap.
1819 5666 1874 5729 5,
1905 5667 2125 5735 legitur.

548 5746 831 5870 ιιιωηίέι
865 5826 1112 5872 extrema:
1141 5822 1392 5868 resonant
1431 5812 1712 5869 navalibus
1738 5810 1906 5881 Αἶσα.

623 5891 703 5961 (9)
755 5887 855 5944 llic
906 5892 975 5945 de
1038 5895 1189 5944 certo
1245 5884 1310 5939 ad
1350 5885 1767 5945 .imocationexu
1828 5895 1882 5937 et
1931 5898 2127 5952 preces

2233 4705 2684 4775 δυσειδαιμονοῦν
2717 4706 2786 4756 τὰ
2821 4704 3058 4774 μάλιστα
3094 4705 3382 4776 πρότερον,
3416 4704 3618 4775 ἀθρόον
3656 4684 3812 4771 μέτὲ-

2236 4799 2367 4851 6α).ε
2398 4799 2535 4867 πρὸς
2564 4798 2714 4866 ἡμᾶς
2740 4813 2756 4829 ’
2782 4797 2810 4848 ὃ
2837 4797 2933 4849 καὶ
2963 4797 3061 4866 τῆς
3089 4797 3293 4866 ἀθρόας
3325 4796 3629 4867 μεταϐολῆς
3657 4796 3810 4860 ἀμει-

2235 4891 2490 4960 ϐόμενος,
2528 4890 2731 4959 πολλῆς
2759 4889 2917 4960 ⁴Ιπίξίου
2967 4889 3134 4959 τιμῆς
3153 4905 3168 4920 ’
3196 4891 3287 4941 καὶ
3315 4890 3469 4943 πᾶλιν
3516 4884 3656 4940 εἶναι
3688 4884 3813 4951 ἐκή-

2239 4997 2426 5051 ρυττε,
2465 4981 2858 5033 Κωνσταντίαν
2892 4977 3304 5046 κατονομάζων.
3339 4978 3422 5029 ἐνὶ
3465 4977 3577 5029 τῶν
3607 4972 3809 5025 παίδων

2234 5075 2326 5126 τὸν
2358 5074 2536 5144 χῶρον
2581 5073 2758 5141 τιμῶν
2785 5075 2851 5140 τῇ
2891 5072 3181 5142 θρησκείᾳ.
3231 5070 3342 5141 Τὴν
3386 5072 3509 5138 ίσην
3549 5068 3595 5121 δ’
3626 5065 3806 5130 εἴληχε

2234 5165 2389 5230 τάξιν
2416 5167 2511 5219 καὶ
2544 5167 2577 5235 ὴ
2605 5166 2757 5235 παρὰ
2783 5164 2984 5227 Φοίνιξι
3013 5165 3402 5216 Κωνσταντίνα
3432 5160 3804 5226 ἐπικληθεῖσαν

2234 5256 2325 5308 διὰ
2367 5259 2425 5309 τὸ
2457 5257 2620 5320 σέϐας
2653 5257 2753 5327 τὴν
2787 5255 2883 5308 τοῦ
2917 5256 3178 5325 βασιλέως
3218 5252 3640 5325 ἐπιγραψαμὲνη
3666 5252 3807 5299 ἐπω-

2236 5349 2457 5418 νυμίαν.
2495 5350 2694 5400 Donat
2726 5349 2783 5399 δὲ
2816 5348 2910 5401 καὶ
2940 5347 3097 5402 ἄλλαι
3130 5347 3239 5399 τῶν
3277 5347 3480 5399 πόλεων
3511 5343 3803 5410 αὐτόματοι

2239 5444 2376 5516 πρὸς
2404 5443 2465 5495 τὸ
2504 5442 2835 5512 θρησκεύειν
2883 5440 3181 5511 ἠπείγοντο
3215 5443 3283 5492 τὰ
3318 5440 3565 5508 ἡμέτερα
3589 5452 3603 5468 υ
3653 5430 3801 5485 ἐκόν-

2233 5599 2497 5670 quasdam
2532 5615 2600 5653 cx
2635 5613 2853 5652 summo
2904 5597 3096 5670 Libani
3124 5598 3345 5670 montis
3390 5597 3521 5670 juAgo
3565 5591 3805 5670 eiiiicans

2200 5653 2398 5739 si'guis.
2436 5670 2664 5738 perinde
2703 5679 2870 5737 atque
2920 5669 3076 5720 stella
3104 5669 3172 5739 iu
3217 5653 3676 5739 vicimiiibmine,
3712 5653 3801 5723 qui

2236 5736 2447 5794 Adonis
2495 5749 2745 5799 vocatur,
2788 5736 3263 5806 submergebatur
3314 5752 3357 5807 τί
3387 5736 3646 5789 Venerem
3692 5740 3799 5807 cgi—

2233 5810 2429 5864 lcstem
2470 5811 2619 5862 cives
2670 5794 2792 5862 esse
2819 5794 3310 5879 disert-:(Sowtn.
3348 5806 3445 5859 lib.
3485 5819 3543 5869 II,
3577 5816 3673 5868 ι’ἑψ
3723 5794 3798 5861 5-}

2308 5880 2383 5949 (ὃ)
2410 5880 2469 5933 C.
2507 5880 2581 5932 lib
2640 5893 2695 5943 ιι,
2728 5880 2811 5932 ιιι.
2846 5878 2933 5933 45.
3080 5878 3083 5879 ⁷
3574 5910 3581 5914 -
