4118 6460
321 481 412 545 125
1049 557 1052 559 Α
1207 472 1808 536 ECCI.ES.IASTIC.’E
1852 474 2244 535 IIISTORLE
2284 475 2431 537 LIn.
2478 477 2644 542 VIII.

3474 465 3573 531 126

315 615 403 661 τες
426 615 483 650 τε
523 597 592 649 τά
637 594 803 660 ξόανα
852 591 945 644 καὶ
992 589 1056 642 τὰ
1110 589 1244 658 παρ’
1293 589 1479 651 αὐτοῖς
1515 587 1888 658 κατέστρεφον

2002 589 2145 642 bant.
2211 589 2685 656 Quemadmodum
2751 587 3070 644 Gazacorum
3141 586 3354 648 navale.
3423 589 3570 654 quod

320 691 467 754 ἱερὰ,
499 689 593 740 καὶ
632 688 711 748 είς
746 684 1044 751 ἐκκλησίας
1071 681 1206 734 Θεοῦ
1238 679 1697 751 μετερῤύθμιζον.
1733 680 1892 733 Οὕτω

314 783 368 833 δὲ
399 782 497 843 τῆς
542 777 868 847 Ἐκκλησίας
917 773 1284 842 ὲπιδιδούσης,
1326 775 1510 826 πᾶσαν
1551 771 1888 841 διελάμϐανε

318 875 413 941 τὴν
445 873 773 940 οἰκουμένην
823 870 919 925 καὶ
957 868 1045 921 διά
1093 868 1201 919 τῶν
1235 866 1534 942 βαρϐάρων
1571 865 1826 934 χωροῦσα
1857 867 1890 935 ἡ

319 967 514 1024 πίστις.
554 963 626 1014 0-3
655 963 762 1032 γάρ
796 978 876 1012 τοι
911 960 978 1011 τὰ
1011 959 1139 1027 περὶ
1167 958 1258 1009 τὸν
1283 958 1530 1025 ποταμὸν
1574 955 1765 1025 Ῥῆνον
1795 956 1892 1025 μό-

319 1074 407 1106 νον
430 1057 496 1108 τά
527 1055 869 1121 Χρ-σττςνὼν
893 1050 1223 1122 ἠσπάζοντο,
1251 1049 1387 1102 ἀλλὰ
1416 1050 1508 1101 καὶ
1535 1049 1771 1102 Γαλάται
1799 1050 1892 1101 καὶ

320 1149 532 1212 Κελτοὶ,
573 1148 623 1200 οἳ
670 1148 968 1199 τελευταῖοι
1009 1146 1103 1198 τὸν
1145 1144 1404 1196 Ὠκεανὸν
1454 1141 1847 1211 πρυσοικοῦσ;ν
1875 1159 1888 1174 ο

324 1241 382 1292 οὐ
415 1242 522 1307 μὴν
553 1240 608 1292 δὲ
653 1239 788 1292 ἀλλὰ
821 1239 916 1290 καὶ
963 1238 1153 1290 Γὸτθοι
1196 1241 1292 1289 καὶ
1325 1236 1426 1288 ὅσα
1466 1237 1645 1305 ὅμορα
1678 1234 1892 1295 τούτοις

324 1333 461 1400 ἀμφὶ
489 1331 579 1384 τὸν
624 1333 835 1400 Ἴστρον
866 1330 1065 1401 ᾤκουν,
1099 1333 1160 1383 ού
1195 1330 1362 1382 πάλαι
1396 1330 1510 1398 τὴν,
1539 1330 1618 1392 εἰς
1651 1330 1890 1394 Χριστὶν

323 1422 605 1490 δεξάμενοι
637 1425 840 1485 πίστιν,
877 1423 934 1487 ἐξ
968 1424 1163 1492 ἀγρίου
1213 1424 1426 1492 διαίτης
1474 1424 1611 1491 πρὸς
1649 1422 1708 1472 τὸ
1741 1422 1894 1488 λογι-

322 1516 419 1568 κόν
452 1534 510 1568 τε
543 1517 636 1569 καὶ
681 1516 890 1586 ἥμερον
928 1516 1360 1586 μεθηρμόζοντο.
1413 1516 1503 1578 Ὠς
1524 1495 1597 1566 ’δὲ
1626 1514 1784 1581 λόγος
1817 1516 1895 1566 εί-

320 1611 465 1676 πεῐν,
516 1609 811 1679 βαρϐάροις
864 1609 1038 1663 ἆπασι
1096 1610 1369 1678 πρόφασις
1421 1611 1519 1679 μία
1565 1610 1783 1676 ἐγένετο
1821 1611 1893 1662 τὰ

321 1703 662 1774 Χριστιανῶν
700 1703 942 1768 ἑλέσθαι,
977 1704 1028 1756 οί
1065 1703 1270 1773 μεταξὺ
1318 1703 1606 1771 Ῥωμαίων
1651 1702 1746 1756 καὶ
1794 1701 1891 1754 άλ-

321 1795 566 1862 ὶοφύλων
622 1797 906 1864 γενόμενοι
961 1797 1192 1864 πόλεμοι
1243 1796 1336 1848 ὲπί
1376 1812 1436 1848 τε
1487 1797 1586 1864 τῆς
1624 1796 1891 1865 Γαλιήνου

332 1887 627 1956 βασιλείας,
659 1889 752 1940 καὶ
784 1886 1018 1956 καθεξῆς
1042 1902 1056 1916 ⁸
1093 1888 1295 1955 πλῆθος
1319 1888 1428 1957 γὰρ
1454 1886 1767 1956 σύμμικτον
1795 1887 1893 1956 τὴν

330 1979 402 2030 Em
437 1979 762 2048 περαιωθὲν,
825 1983 889 2032 τὰ
948 1983 1135 2051 ἐκείνῃ
1177 1980 1554 2048 κατέδραμον’
1606 1981 1701 2032 καὶ
1739 1979 1892 2033 ἄλλοι

327 2072 534 2140 ἀλλαχῆ
583 2071 695 2126 τῶν
744 2072 1038 2143 βαρϐάρων
1087 2073 1286 2126 ταυτὸν
1348 2073 1729 2141 εἰργασμένοι,
1781 2074 1894 2134 τοῖς

328 2165 645 2236 ἀγχιθύροις
683 2166 976 2236 Ῥωμαίοις
1005 2166 1338 2235 ἐπέστησαν.
1366 2164 1534 2220 Λείαν
1577 2165 1635 2218 δὲ
1663 2181 1898 2234 πεποιη-

331 2261 476 2326 μένοι
511 2260 794 2330 πλείστην.
841 2261 1072 2324 πολλοὺς
1102 2263 1198 2314 καὶ
1226 2263 1334 2314 τῶν
1369 2261 1567 2331 ἱερέων
1610 2259 1896 2331 αἰχμαλώ-

324 2367 449 2413 τους
507 2351 812 2420 ἠγάγοντοο
843 2346 920 2406 ὧν
989 2353 1238 2422 ίωμένων
1285 2357 1384 2416 τὰς
1447 2356 1504 2406 ὲν
1555 2356 1670 2418 τοῖς
1719 2353 1895 2407 ἔθνεσι

324 2444 534 2507 νόσους,
591 2445 684 2497 καὶ
732 2445 998 2514 δαίμονας
1059 2445 1419 2511 ἐλαυνόντων,
1481 2448 1548 2517 τῇ
1609 2445 1896 2516 ἐπικλήσει

326 2537 465 2608 μόνῃ
513 2539 772 2608 Χριστοῦ,
829 2539 1012 2608 βιοτήν
1049 2555 1111 2591 τε
1171 2539 1464 2608 φιλόσοφον
1522 2543 1618 2592 καὶ
1663 2541 1897 2610 ἄμωμον

324 2629 805 2696 ἐπιδεικνυμένων,
849 2632 899 2682 oi
953 2631 1095 2684 κατὰ
1141 2633 1325 2702 χώρας
1368 2632 1666 2702 βάρϐαροι,
1693 2633 1794 2700 τῆς
1836 2649 1897 2686 τε

329 2721 530 2791 ἀρετῆς
561 2723 653 2775 καὶ
686 2722 795 2775 τῶν
823 2724 1144 2794 παραδόξων
1171 2724 1351 2793 ἔργων
1377 2727 1503 2786 τοὺς
1537 2726 1740 2795 ἄνδρας
1765 2727 1895 2778 θαυ-

331 2814 621 2880 μάσαντες,
663 2817 902 2870 συνεῖδον
933 2816 996 2869 τὸ
1042 2815 1191 2869 δέον·
1237 2817 1332 2868 καὶ
1367 2815 1502 2870 Θεὸν
1539 2817 1895 2887 ξλεωσάμενοι

325 2903 396 2958 δι’
427 2905 628 2972 αὐτῶν,
657 2907 718 2958 τὸ
751 2911 996 2977 κρεῖττον
1031 2908 1240 2961 εἴλοντο
1272 2907 1618 2977 θεραπεύειν.
1655 2906 1758 2960 Καὶ
1780 2908 1895 2976 δῆτ’

325 2998 552 3062 ἐκείνοις
579 3001 640 3052 τὸ
672 3001 945 3070 πρακτέον
984 3002 1403 3070 είσηγουμένοις
1441 3001 1722 3056 ἐπείθοντο
1748 3019 1762 3032 ο
1802 3001 1900 3067 βαι

328 3088 644 3158 πτιζόμενοί
689 3109 771 3154 τε,
820 3092 919 3162 τὴν
978 3094 1253 3163 ἀκραιφνῆ
1310 3094 1666 3165 διδασκαλίαν
1717 3097 1898 3166 ἠσπά-

327 3180 498 3246 ζοντο,
522 3184 617 3236 καὶ
640 3183 788 3246 τέλος
817 3185 1116 3253 ἐκκλησίας
1147 3185 1552 3255 ἀνῳκοδόμουν.

1998 681 2234 752 Majuma
2271 683 2477 736 dictum
2507 691 2663 746 erat,
2707 682 3056 750 maximeque
3090 681 3322 734 antehac
3364 679 3570 732 (heluo-

2002 792 2135 830 num
2166 774 2336 829 rultui
2369 775 2649 830 addictum
2689 776 2892 836 fuerat.
2925 785 3098 828 totum
3131 789 3190 828 se
3214 773 3280 827 ad
3313 788 3412 828 nos
3440 789 3575 826 con-

2005 870 2151 923 tulit.
2181 869 2354 938 Cujus
2397 879 2455 924 ut
2480 884 2824 922 communem
2851 877 2907 922 ct
2935 869 3249 921 universam
3284 867 3572 922 transitio~

2001 979 2127 1018 nem
2157 971 2629 1024 remuneraretur,
2672 976 2927 1030 magnum
2955 959 3032 1013 illi
3061 959 3254 1013 habuit
3280 959 3570 1012 honorem.

2000 1057 2202 1112 Urbem
2263 1056 2412 1110 enim
2463 1069 2586 1110 esse
2636 1053 3036 1122 promulgavit,
3081 1052 3574 1118 Constantiamque

2001 1148 2458 1216 cognominavit,
2517 1155 2746 1216 propter
2797 1145 3160 1214 religionem,
3213 1144 3394 1198 locum
3443 1157 3572 1196 eum

2002 1243 2168 1294 tutius
2215 1256 2280 1293 ex
2328 1240 2522 1293 liberis
2565 1238 2682 1293 suis
2725 1237 2950 1291 nomine
2984 1237 3378 1291 cohonestans.
3426 1233 3574 1287 Idem

1996 1343 2300 1387 consrcuta
2337 1342 2423 1387 est
2447 1347 2568 1400 quae
2599 1329 2744 1400 apud
2777 1329 3066 1384 Phoenices
3096 1327 3458 1381 Constantina
3491 1334 3578 1380 est

1999 1437 2189 1481 vocata
2236 1445 2252 1478 :
2306 1439 2429 1478 nam
2489 1424 2740 1478 eamdem
2803 1422 2876 1476 ob
2941 1435 3161 1475 causam
3223 1418 3577 1486 imperatoris

1997 1521 2176 1588 ipsius
2223 1519 2273 1573 ei
2325 1519 2560 1572 inditum
2606 1527 2689 1572 est
2738 1531 2964 1570 nomen.
3019 1515 3200 1568 Multa:
3245 1525 3468 1581 quoque
3519 1520 3578 1564 et

1997 1617 2117 1669 aliae
2167 1614 2333 1668 urbes
2381 1627 2481 1666 sua
2524 1620 2724 1680 sponte
2773 1611 2840 1662 ad
2893 1623 3050 1663 sacra
3101 1616 3290 1661 nostra
3343 1603 3574 1659 colenda

1997 1715 2131 1762 sunt
2157 1707 2430 1769 adducta),
2457 1719 2580 1774 qua:
2611 1713 2667 1757 et
2695 1701 2990 1761 simulacra
3021 1716 3118 1754 sua
3153 1699 3390 1754 libentes
3417 1711 3582 1750 ever—

1999 1807 2222 1863 terunt,
2267 1808 2323 1851 et
2366 1796 2569 1865 templa
2603 1796 2658 1849 in
2700 1795 2968 1850 ecclesias
3011 1793 3103 1846 Dei
3139 1797 3576 1846 commutarunt.

2000 1891 2225 1945 Talibus
2259 1891 2622 1945 incrementis
2650 1905 2776 1943 cum
2819 1887 3065 1941 Ecclesia
3097 1893 3414 1955 augeretur,
3454 1896 3579 1951 pro-

2001 1984 2168 2040 fessio
2193 1984 2317 2038 Iidei
2345 1983 2511 2037 etiam
2545 1997 2644 2050 per
2675 1982 2938 2037 barbaras
2973 1981 3227 2033 nationes
3254 1992 3581 2040 peragrans.

1999 2092 2222 2131 omnem
2251 2075 2540 2144 occupavit
2563 2075 2776 2129 orbem.
2809 2075 2932 2127 Non
2966 2083 3178 2126 tantum
3206 2073 3352 2125 enim
3385 2073 3477 2141 qni
3511 2072 3578 2126 ad

1999 2185 2220 2225 amnem
2259 2170 2512 2224 Rhenum
2547 2179 2680 2224 sunt
2712 2170 2920 2240 populi,
2951 2169 3320 2223 Christianam
3357 2168 3576 2238 religio-

2000 2277 2124 2316 nem
2169 2271 2568 2329 susceperunt,
2609 2262 2703 2317 sed
2749 2262 2914 2315 etiam
2959 2261 3098 2316 Galli
3139 2269 3194 2314 et
3235 2260 3436 2324 CeILv,
3485 2261 3578 2330 qui

2000 2354 2208 2410 ultimi.
2237 2354 2305 2410 ad
2354 2353 2633 2410 Oceanum
2687 2355 2973 2417 habitant;
3018 2353 3208 2409 Gotthi
3257 2369 3477 2422 quoque
3525 2362 3582 2407 et

2002 2450 2251 2504 ﬁnitima
2283 2449 2365 2505 eis
2396 2447 2676 2512 nationes,
2709 2449 2775 2502 ad
2806 2448 3008 2502 Istrum
3033 2451 3320 2512 colentes,
3353 2464 3461 2501 non
3504 2448 3579 2501 ita

1999 2541 2215 2610 pridem
2270 2540 2436 2596 ﬁdem
2498 2541 2550 2594 in
2617 2540 2895 2595 Christum
2955 2539 3289 2608 complexst.
3347 2552 3415 2592 ex
3468 2538 3580 2592 vita

1999 2633 2200 2700 agresti
2266 2631 2335 2686 ad
2393 2633 2792 2688 humanitatem
2853 2630 3456 2686 etmansuetudinem
3521 2645 3582 2685 se

1998 2733 2455 2794 composuerunt.
2507 2727 2684 2787 Atque
2733 2734 2795 2780 ut
2832 2740 3022 2778 verum
3069 2723 3274 2787 dicam,
3317 2722 3584 2778 Barbaris

2000 2819 2280 2883 omnibus,
2311 2829 2372 2872 ut
2397 2816 2882 2872 Christianismum
2909 2818 3442 2886 complecterentur,
3473 2831 3581 2869 una

1999 2911 2224 2965 occasio
2266 2911 2412 2965 fuit:
2465 2910 2611 2964 inter
2657 2910 2936 2963 Romanos
2979 2919 3034 2963 et
3081 2916 3302 2962 exteros
3345 2907 3584 2977 populos

2001 3003 2206 3056 bellum
2255 3003 2496 3056 subinde
2533 3012 2787 3071 gestum,
2831 3001 2936 3055 sub
2981 2999 3198 3056 Calieni
3247 2999 3481 3066 imperio
3525 3007 3584 3052 et

2000 3095 2290 3166 deinceps.
2337 3095 2638 3150 Multitudo
2686 3096 2961 3164 siquidem
3010 3095 3166 3147 Varia
3209 3092 3475 3162 permista
3525 3091 3582 3144 in

1999 3188 2285 3243 Orientem
2347 3188 2658 3252 transiens,
2709 3201 2829 3240 eam
2885 3185 3040 3238 orbis
3091 3195 3304 3254 partem
3368 3183 3582 3252 praeda-

323 3272 505 3330 bunda
535 3277 882 3346 peragravit:
915 3287 1080 3347 atque
1107 3279 1201 3333 alii
1231 3278 1458 3333 aliunde
1523 3279 1747 3334 Barbari
1818 3279 1964 3333 idem
2003 3280 2320 3346 facientes,
2383 3282 2438 3336 in
2504 3280 2773 3336 ﬁnitimos
2829 3288 3200 3334 excurrernut
3263 3278 3580 3333 Itonianos:

320 3371 481 3443 604
512 3382 674 3442 atque
703 3373 776 3427 ibi
807 3375 1094 3444 plurimam
1132 3375 1374 3444 przedam
1402 3385 1653 3446 agentes,
1721 3377 1925 3431 multos
1962 3393 2188 3448 quoque
2221 3393 2289 3432 ex
2323 3378 2716 3434 sacerdotibus
2744 3378 2996 3445 captivos
3059 3375 3441 3427 abduxerunt.
3478 3369 3584 3436 Qui

322 3464 464 3531 apud
500 3479 594 3518 eas
625 3464 900 3529 nationes,
938 3479 1064 3519 cum
1094 3464 1322 3518 morbos
1362 3474 1652 3527 curarent,
1717 3465 2111 3538 daemonesque
2179 3469 2296 3524 sola
2326 3468 2536 3529 Christi
2605 3469 2955 3522 invocatione
2982 3467 3292 3535 exigerent,
3357 3472 3414 3516 et
3445 3462 3586 3516 inte-

323 3571 454 3625 gros
498 3571 728 3626 prorsus
762 3565 925 3626 atque
953 3556 1492 3625 irreprehensibiles
1536 3557 1665 3612 vitae
1705 3574 1888 3614 mores
1927 3561 2282 3627 exhiberem,
2323 3561 2553 3616 Barbari
2625 3561 2826 3633 passim
2864 3563 3011 3615 viros
3036 3574 3134 3614 eos
3173 3566 3400 3629 propter
3465 3554 3583 3608 vir-

325 3659 493 3702 t.;tem
555 3660 612 3703 et
670 3647 994 3702 admiranda
1055 3663 1226 3717 Opera
1281 3649 1642 3704 veneratione
1701 3660 2140 3720 prosequentes,
2215 3653 2351 3722 quid
2424 3669 2522 3708 eos
2565 3653 2748 3710 facere
2790 3655 3053 3718 deceret,
3125 3651 3193 3706 ab
3228 3650 3312 3704 eis
3377 3664 3584 3716 cogito-

323 3755 563 3797 verum:
615 3743 838 3812 Deoque
886 3761 987 3815 per
1033 3745 1160 3800 illos
1203 3745 1504 3799 conciliato
1573 3747 1679 3816 (1),
1732 3748 1946 3802 cultum
2015 3749 2274 3806 Numinis
2324 3751 2612 3807 meliorem
2694 3751 2903 3816 secuti,
2947 3749 3333 3820 sinceramque
3377 3749 3586 3806 doctri-

322 3856 447 3895 nam
480 3842 752 3912 complexi
787 3853 938 3910 sunt,
968 3857 1034 3897 ac
1065 3853 1349 3913 postremo
1382 3845 1651 3900 ecclesias
1677 3861 1902 3916 quoque
1941 3856 2406 3905 construxerunt.

905 3977 1136 4032 ΚΕΦΑΛ
1148 4021 1163 4037 .
1194 3979 1312 4035 AA'.

2535 3985 2764 4042 CAPUT
2809 3983 3052 4041 XXXIV.

323 4071 459 4141 Περὶ
486 4069 604 4125 τῶν
637 4070 908 4141 Ἰϐήρων,
960 4072 1122 4136 ὅπως
1161 4073 1249 4138 εις
1278 4071 1394 4144 τὴν
1419 4070 1652 4138 εὐσεϐῆ
1687 4072 1896 4127 πίστιν

2005 4079 2079 4135 De
2103 4079 2287 4146 Iberis,
2315 4085 2373 4133 ut
2390 4079 2427 4134 ii
2443 4060 2514 4134 ad
2535 4081 2682 4151 piam
2709 4079 3028 4134 Christiana:
3051 4077 3178 4148 ﬁdei
3209 4075 3587 4150 professionem

854 4165 1054 4235 ἐφωδη
1063 4165 1365 4236 γήθησαν.

2493 4157 2518 4173 ’
2603 4175 2710 4228 sint
2749 4174 2984 4229 adducti.

405 4305 609 4375 Ὠσπερ
637 4305 694 4358 δὲ
734 4305 828 4360 καί
863 4306 1083 4376 Ἴϐηρες
1105 4322 1118 4336 ο
1151 4307 1306 4370 ἔθνος
1337 4306 1394 4359 δὲ
1423 4308 1574 4361 τουτὶ
1620 4306 1901 4378 βάρϐαρόν

321 4417 381 4452 τε
415 4403 508 4454 καὶ
533 4398 941 4470 μαχιμώτατον,
965 4402 1030 4452 τὰ
1059 4401 1413 4470 Χριστιανῶν
1445 4401 1896 4470 κατησπάσαντο,

325 4493 738 4547 Κωνοταντινου
781 4492 880 4563 τὴν
921 4494 1304 4564 αὐτοκράτορα
1345 4495 1642 4562 Ῥωμαίοις
1686 4495 1904 4546 διέπον-

325 4605 442 4651 τος.
469 4588 620 4644 Οἱκεί
646 4567 816 4641 eice,
843 4588 999 4649 ἔθνος
1029 4586 1190 4640 τοῦτο
1225 4587 1293 4640 τὰ
1337 4587 1599 4656 ἐνδότερα.
1633 4588 1735 4654 τῆς
1778 4588 1904 4657 Ἀρ-

333 4684 522 4750 μενίας
568 4683 706 4752 πρὸς
748 4682 986 4750 Ἀρκτον
1031 4681 1296 4749 καὶπρὸς
1343 4681 1436 4732 τὸν
1476 4677 1730 4745 Εὔξεινον
1755 4684 1899 4733 ἀπο-

261 4768 273 4802 ί
331 4775 556 4827 νεύοντα
621 4775 822 4837 τόπον,
875 4777 1098 4830 ἄποικοι
1155 4773 1312 4836 ὄντες
1364 4772 1472 4826 τῶν
1532 4776 1590 4825 ὲν
1654 4772 1904 4842 Ἰσπανίᾳ

340 4867 587 4936 Ἰϐήρων.
628 4867 910 4936 Ἡγήσατο
951 4867 1007 4919 δὲ
1042 4865 1145 4934 τῆς
1197 4865 1499 4937 θρησκείας
1549 4866 1734 4928 αὐτοῖς
1764 4866 1900 4934 γυνή

325 4976 406 5020 τις
455 4957 836 5028 αἰχμάλωτος·
873 4958 908 5030 ἡ
959 4961 1027 5012 τά
1059 4975 1118 5010 τε
1149 4957 1287 5012 ἄλλα
1332 4959 1426 5010 καὶ
1465 4954 1700 5026 σώφρων
1743 4951 1902 5020 οὖσα,

323 5049 431 5102 οὐδ’
479 5050 535 5101 ὲν
589 5050 942 5120 αἰχμαλωσίᾳ
1003 5046 1294 5117 καθυφῆκέ
1337 5063 1390 5100 τι
1446 5049 1546 5114 τῆς
1602 5044 1902 5113 φιλοσόφου

322 5141 550 5212 διαίτης,
583 5146 679 5195 καὶ
721 5141 820 5210 τῆς
861 5139 1152 5202 θεοσεϐοῦς
1184 5139 1481 5201 πολιτείας.
1509 5137 1749 5208 Νύκτωρ
1791 5136 1904 5207 γὰρ

326 5237 422 5288 καὶ
457 5233 576 5304 μεθ’
607 5234 822 5303 ἡμέραν
853 5232 1056 5303 πολλήν
1089 5249 1212 5285 τινα
1248 5230 1485 5301 ἄσκησιν
1519 5230 1900 5283 ἐπεδείκνυτο·

2078 4311 2256 4366 Sicuti
2305 4319 2360 4366 et
2406 4310 2546 4364 Iberi
2597 4310 2701 4380 (Ξ),
2759 4322 2889 4378 gens
2933 4305 3165 4360 barbara
3197 4313 3253 4358 et
3305 4302 3586 4364 bellicosa,

2006 4403 2304 4460 Christiani
2343 4403 2466 4456 facti
2499 4411 2648 4465 sunt,
2689 4399 3054 4456 Constantino
3081 4399 3384 4451 Romanum
3417 4394 3590 4462 impe-

2006 4499 2148 4550 rium
2187 4496 2628 4550 administrante.
2687 4491 2908 4545 llabitat
2951 4499 3131 4542 autem
3164 4490 3280 4540 haec
3308 4483 3458 4538 natio
3503 4483 3590 4536 in—

2007 4589 2212 4643 teriore
2241 4587 2511 4640 Armenia:
2544 4595 2720 4654 parte,
2775 4589 2842 4636 ad
2876 4579 3306 4649 septentrionem
3337 4585 3391 4630 et
3422 4575 3589 4628 Euxi-

2005 4697 2138 4735 num
2176 4695 2386 4735 versus.
2445 4679 2586 4730 Sunt
2633 4685 2815 4729 autem
2872 4673 3156 4727 lberorum
3216 4685 3271 4721 in
3326 4666 3587 4736 Hispania

2006 4772 2210 4828 coloni.
2275 4771 2457 4824 I’rteiit
2516 4767 2597 4821 eis
2648 4767 2702 4821 iu
2767 4764 3030 4834 religione
3095 4759 3324 4815 colcnda
3370 4757 3587 4826 captiva

2007 4865 2258 4935 quadam
2320 4864 2562 4916 mulier:
2627 4876 2749 4929 qua:
2780 4873 2902 4913 cum
2949 4857 3082 4911 alias
3128 4869 3345 4922 semper
3393 4851 3590 4920 pudice

2007 4968 2267 5027 casteque
2310 4957 2540 5019 vixerat,
2609 4963 2722 5007 tum
2784 4952 2994 5020 captiva
3061 4962 3282 5018 quoque
3335 4945 3471 4999 nihil
3522 4943 3590 4996 de

2007 5054 2210 5123 pietate
2266 5049 2653 5114 sanctioreque
2709 5045 2961 5098 instituto
3003 5042 3234 5096 remisit.
3286 5039 3422 5093 Nam
3491 5036 3589 5092 diu

2008 5155 2286 5214 noctuque
2302 5142 2524 5212 pietatis
2546 5137 2806 5194 exercitia
2835 5135 3154 5198 exhibebat,
3173 5133 3396 5204 jcjuniis
3415 5131 3594 5202 pluri-

2008 5252 2158 5291 mum
2189 5235 2438 5298 vacabat,
2460 5231 2827 5299 continueque
2857 5226 3589 5298 precationibusinsistebat.

328 5328 518 5398 β-θεία
551 5345 611 5380 τε
650 5327 845 5395 συνέζη
885 5326 1128 5395 νηστείᾳ,
1167 5325 1263 5379 καὶ
1301 5323 1580 5385 συντόνοις
1632 5322 1896 5392 ἐκέχρητο

2011 5327 2202 5396 Itaque
2235 5325 2454 5379 Barbari
2487 5339 2629 5376 novo
2656 5322 2781 5374 vita:
2814 5320 3069 5374 instituto
3099 5318 3238 5384 vis'o,
3267 5332 3390 5371 eam
3419 5316 3594 5370 admi-

329 5423 677 5490 προσευχαῖς.
724 5421 790 5472 Ol
837 5418 895 5471 δὲ
929 5417 1201 5488 βάρϐαροι
1242 5419 1304 5468 τὸ
1360 5415 1514 5480 ξένον
1541 5416 1638 5485 τῆς
1687 5417 1905 5485 διαίτης

327 5513 564 5582 δρῶντες
588 5510 901 5580 ἐθαύμαζον
924 5513 993 5562 τὰ
1037 5511 1411 5580 πραττόμενα,
1435 5508 1529 5560 καὶ
1570 5506 1698 5560 ὅτου
1740 5510 1902 5577 χάριν

329 5603 535 5657 τοιαῦθ’
555 5604 796 5673 αἱρεῖται
826 5603 1267 5656 διεπυνθάνοντο.
1298 5601 1366 5653 Ἦ
1388 5599 1434 5654 δ’
1467 5598 1682 5668 ἀφελῶς
1701 5601 1906 5652 οὑτωσὶ

327 5698 418 5751 καὶ
446 5698 632 5759 ἁπλῶς
657 5697 801 5749 οὕτω
824 5695 1023 5766 χρῆναι
1049 5695 1228 5748 σέϐειν
1252 5694 1492 5765 Χριστὸν
1523 5694 1616 5747 τὸν
1646 5693 1741 5746 τοῦ
1766 5693 1905 5746 Θεοῦ

395 5853 472 5922 (1)
505 5853 720 5908 Socrat.
751 5852 846 5907 lib.
880 5871 918 5916 ι,
950 5868 1073 5922 cap.
1101 5853 1194 5906 20.

403 5920 479 5994 (2’)
522 5927 591 5976 De
621 5924 870 5980 lberibus
900 5920 1039 5979 l’lin.
1062 5925 1157 5979 lib.
1183 5939 1254 5991 vi,
1285 5939 1406 5990 cap.
1437 5923 1466 5976 4
1494 5934 1546 5979 et
1580 5920 1662 5976 I0.

2015 5417 2149 5481 rari,
2172 5426 2228 5470 et
2248 5429 2483 5484 quanam
2506 5413 2572 5466 de
2599 5427 2759 5465 causa
2783 5411 2886 5464 hoc
2911 5409 2990 5464 sic
3009 5410 3233 5472 faceret,
3254 5406 3590 5477 percontari.

2012 5509 2106 5563 Illa
2148 5523 2316 5577 porro
2366 5505 2598 5559 Candide
2639 5513 2693 5558 et
2721 5501 3044 5572 simpliciter
3081 5499 3157 5569 (5)
3200 5500 3280 5554 sic
3309 5497 3592 5552 Christum

2014 5601 2214 5656 Filium
2248 5600 2342 5654 Dei
2377 5600 2480 5652 coli
2513 5606 2768 5667 oportere
2793 5637 2807 5660 ,
2837 5595 3077 5648 dicebat.
3108 5591 3248 5646 Tum
3281 5589 3511 5643 Barbari
3537 5596 3596 5641 et

2012 5695 2235 5750 nomine
2279 5701 2335 5746 et
2367 5689 2633 5760 religione
2662 5689 2781 5758 ejus
2814 5686 2908 5756 qui
2945 5686 3024 5740 sic
3065 5684 3338 5739 coleretur
3379 5680 3592 5745 audito,

2085 5851 2162 5925 (5)
2206 5852 2424 5908 Sozom.
2463 5848 2554 5902 lib.
2589 5863 2646 5912 ιι,
2676 5861 2793 5915 cap.
2829 5846 2862 5898 6
2892 5853 2949 5900 et
2981 5826 3232 5912 sequent.
