4118 6524
545 513 642 575 127
1760 506 2185 571 NlCEi’llOlll

2231 508 2580 568 CALLlSl‘l
3759 515 3870 573 128

539 634 965 698 obstupuerunt.
994 629 1214 683 Interea
1242 627 1467 691 accidit,
1496 637 1553 682 ut
1579 628 1724 699 regis
1761 628 1906 682 ﬁlius
1928 629 2119 682 etiam-

2226 626 2354 679 Υίὺν
2387 626 2681 696 εἰσηγεῖτο.
2717 627 2778 679 Οἱ
2808 626 2855 680 δ’
2884 627 3174 691 ἀκούοντες
3200 629 3262 682 τό
3290 647 3349 683 τε
3385 630 3590 699 ὄνομα
3625 630 3736 684 καὶ¹
3762 630 3872 700 τὴν

541 738 669 776 num
723 722 923 782 infans.
963 723 1204 790 graviter
1246 731 1556 792 mgrolaret,
1597 733 1649 776 et
1699 732 1878 776 mater
1935 722 2113 789 patrio

536 816 770 884 quodam
806 831 958 869 more
988 817 1051 868 ad
1084 816 1218 870 alias
1245 826 1369 869 eum
1411 817 1656 869 mitteret
1686 816 1970 880 mulieres,
2005 829 2114 884 quo

537 908 753 961 facilius
783 909 1086 961 remedium
1149 908 1270 960 mali
1321 907 1548 976 reperiri
1597 917 1801 976 posset.
1830 907 1899 963 Ut
1929 916 2113 960 autem

539 1015 671 1067 puer
699 1015 728 1052 a
759 999 974 1051 nutrire
1035 1000 1391 1054 circumlatus
1426 1009 1511 1052 est
1537 1039 1549 1061 ,
1579 1013 1758 1067 neque
1791 998 2116 1051 meliuscule

487 1149 494 1155 ,
535 1089 751 1151 habuit,
788 1092 1001 1143 tandem
1035 1091 1198 1143 etiam
1227 1095 1291 1143 ad
1314 1091 1584 1159 captivam
1617 1092 1763 1143 illam
1804 1098 1889 1143 est
1921 1089 2117 1157 depor-

539 1190 703 1233 tatus.
749 1179 880 1245 Qum
916 1181 969 1234 in
1020 1182 1320 1235 multorum
1374 1182 1683 1248 prmsentia,
1720 1182 1852 1234 nihil
1888 1196 2018 1234 sane
2047 1196 2114 1234 ex

535 1273 766 1327 materia
810 1273 993 1341 aliqua
1026 1275 1313 1343 compositi
1362 1274 1589 1327 remedii
1624 1275 1887 1336 admovit,
1938 1290 2116 1341 neque

533 1361 681 1414 enim
714 1377 772 1416 se
799 1363 1397 1430 quidquam‘ejusmodi
1436 1364 1578 1419 scire
1604 1363 1918 1423 atlirmavit,
1952 1359 2115 1431 605

534 1455 631 1508 sed
686 1468 858 1524 puero
917 1455 972 1508 in
1014 1455 1261 1519 linteolo,
1288 1456 1434 1524 quod
1471 1457 1518 1509 ei
1551 1471 1581 1509 e
1610 1457 1737 1524 pilis
1795 1464 2113 1509 contextum

535 1556 680 1605 erat.
729 1536 838 1615 jam
900 1548 1162 1612 lacerum,
1215 1548 1474 1614 reposito,
1524 1547 1826 1616 simplicem
1877 1548 1925 1601 ei
1984 1546 2118 1600 fecit

536 1638 890 1701 medicinam,
925 1640 1147 1714 nomine
1175 1637 1382 1693 Christi
1429 1655 1593 1708 super
1626 1654 1690 1693 eo
1720 1640 1993 1693 invocato.
2049 1639 2118 1695 Et

537 1745 667 1786 ecce
705 1730 880 1798 quiin
938 1746 1000 1785 ea
1038 1740 1159 1785 erat
1186 1732 1594 1799 exspectatione
1622 1741 1679 1785 ut
1717 1732 1970 1800 protinus
1996 1745 2115 1785 mo-

535 1822 1211 1891 reretur,qnamprimum
1268 1822 1506 1892 precatio
1552 1835 1637 1877 est
1664 1822 1829 1885 facta,
1884 1823 2024 1877 liber
2085 1840 2115 1876 a

535 1914 781 1980 periculo
811 1913 936 1967 fuit.
969 1914 1044 1968 Ex
1068 1929 1134 1968 eo
1157 1925 1403 1984 tempore
1433 1916 1690 1983 praclara
1722 1916 1844 1983 ejus
1868 1916 2118 1971 mulieris

533 2003 640 2056 fuit
670 2002 832 2061 fama,
870 2004 1141 2071 matrique
1172 2006 1329 2073 pueri
1360 2014 1416 2059 et
1446 2006 1569 2060 aliis
1600 2006 1820 2060 feutinis
1852 2008 2114 2063 innotuit.

534 2093 649 2148 Nec
696 2095 767 2147 ita
801 2096 972 2149 multo
1002 2105 1147 2163 post,
1201 2107 1257 2150 et
1291 2112 1413 2150 eam
1450 2096 1624 2166 ipsam
1673 2101 1831 2167 pueri
1889 2108 2116 2153 matrem

534 2186 826 2240 incurabili
845 2202 1161 2254 Oppressam
1185 2190 1400 2252 morbo,
1420 2190 1615 2243 eodem
1644 2190 1888 2245 restituit
1916 2192 2077 2244 modo
2101 2208 2115 2243 :

532 2291 767 2344 eamque
794 2286 878 2331 est
909 2277 1154 2342 hortata,
1209 2288 1268 2334 ut
1320 2280 1583 2350 deinceps
1615 2282 1663 2335 ei
1700 2282 1949 2336 divinum
1986 2299 2124 2348 prte-

536 2378 707 2421 Staret
764 2370 997 2431 cultum,
1026 2371 1372 2441 gratiamque
1402 2373 1651 2436 haberet,
1681 2373 1778 2442 qui
1842 2375 2114 2429 bonorum

532 2461 882 2524 cettciliator,
913 2478 1168 2531 vertique
1197 2464 1468 2529 sanitatis,
1507 2466 1651 2529 vita},
1673 2476 1730 2520 et
1769 2469 1920 2536 regni
1949 2469 2122 2536 ipsius

480 2555 491 2568 '
538 2554 609 2605 sit
636 2552 815 2605 dator.
849 2554 986 2607 Eum
1028 2569 1149 2609 esse
1183 2554 1491 2620 Christum,
1523 2574 1714 2612 verum
1755 2559 2014 2615 Verbum.
2052 2563 2121 2616 Et

536 2654 727 2712 postea
770 2646 1020 2711 quotidie
1075 2647 1141 2700 ad
1191 2664 1311 2702 eam
1341 2648 1721 2719 frequentans,
1754 2652 2015 2706 salutaria
2067 2653 2120 2707 ei

534 2745 680 2784 verat
740 2732 956 2801 pietatis
994 2734 1246 2790 exhibuit
1302 2738 1726 2797 medicamenta.
1762 2740 2117 2812 Quapropter

552 2823 741 2892 regina
779 2840 837 2879 re
863 2826 976 2895 ipsa
1009 2827 1281 2883 dictorum
1311 2831 1539 2887 veritate
1564 2833 1618 2887 in
1645 2849 1704 2888 se
1732 2834 1846 2902 ipsa
1881 2836 2117 2905 cognita,

537 2915 821 2971 mulierem
869 2919 923 2972 iu
980 2936 1175 2990 magno
1212 2922 1405 2977 habuit
1456 2925 1685 2980 honore.
1738 2926 1996 2981 Sedenim
2028 2944 2121 2982 rex

539 3022 665 3061 cum
692 3024 721 3061 e
755 3011 989 3080 conjuge
1015 3022 1073 3066 et
1101 3014 1436 3070 celeritatem
1482 3026 1539 3072 et
1586 3020 1856 3072 rationem
1890 3019 2120 3073 remedii

540 3099 920 3170 intellexisset,
980 3106 1143 3162 donis
1175 3112 1775 3177 captivam,munerari
1814 3110 2005 3164 voluit.
2053 3111 2123 3164 At

539 3192 630 3247 illa
685 3194 823 3248 nihil
862 3196 968 3250 sibi
1006 3213 1145 3268 opus
1202 3203 1323 3270 ejus
1373 3203 1627 3271 pecuniis
1664 3218 1785 3257 esse
1815 3202 1976 3265 dixit,
2030 3201 2121 3255 cui

538 3286 760 3341 abunde
788 3289 841 3341 in
874 3289 1093 3345 Christo
1120 3304 1483 3363 suppeterent
1506 3309 1640 3364 opes
1656 3295 2121 3365 omnes:sibique
2151 3314 2194 3370 ς

539 3377 782 3447 ingentis
806 3384 1051 3437 muneris
1084 3384 1206 3440 loco
1238 3386 1373 3449 fore,
1403 3388 1450 3442 si
1495 3396 1552 3441 et
1582 3386 1684 3456 ipsi
1714 3389 1968 3443 eumdem
2006 3387 2121 3443 Nu-

540 3469 706 3523 minis
733 3471 940 3525 cultum
965 3476 1487 3545 complecterentur.
1524 3476 1617 3533 His
1664 3480 1753 3533 illa
1787 3480 1973 3541 dictis,
2004 3495 2125 3533 mu-

540 3573 646 3612 nus
678 3560 810 3615 satis
837 3564 1042 3632 grande
1095 3567 1161 3621 ad
1209 3582 1392 3637 regem
1443 3570 1676 3624 remisit.
1709 3570 1883 3637 Quem
1924 3571 2123 3626 deinde

542 3650 745 3703 sensim
785 3656 1187 3720 quodammodo
1234 3673 1370 3711 uxor
1408 3661 1792 3729 persuadebat,
1826 3663 2121 3730 pulchrum

540 3756 789 3795 errorem
836 3743 887 3797 ei
940 3747 1196 3815 suadens,
1227 3748 1444 3805 diverso
1494 3767 1720 3819 prorsus
1763 3768 1928 3822 quam
1990 3758 2122 3812 olim

538 3832 653 3887 Eva
704 3832 893 3901 fuerit,
949 3839 1188 3895 animata
1240 3842 1422 3897 modo.
1473 3843 1778 3901 Colendum
1818 3848 1968 3901 enim
1998 3866 2123 3905 esse

541 3925 878 3983 admonebat
933 3944 1083 3993 eum,
1135 3947 1297 4004 quem
1353 3936 1551 3990 mulier
1618 3938 1706 3992 illa
1771 3941 2126 3996 annuntiaret

539 4017 743 4083 Deum;
784 4037 1047 4091 magnum
1079 4025 1281 4101 quippe
1335 4026 1487 4081 illum
1515 4067 1531 4093 ,
1567 4030 1660 4097 qui
1708 4028 1967 4087 facillime
2003 4050 2124 4101 quae

538 4109 704 4164 vellet
732 4111 957 4180 faceret,
992 4130 1158 4184 regna
1208 4116 1263 4171 in
1312 4118 1531 4187 placido
1572 4129 1737 4191 atque
1762 4124 1951 4191 quieto
1976 4114 2120 4182 statu

541 4215 912 4271 conservare,
979 4207 1245 4263 obscuros
1301 4210 1583 4268 illustrare
1647 4229 1710 4267 ac
1762 4217 2120 4286 locupletare,

540 4290 781 4349 humiles
835 4296 1020 4352 subito
1071 4298 1446 4368 magniﬁcare,
1504 4309 1563 4354 et
1619 4305 1846 4372 quosvis
1874 4305 1927 4360 in
1957 4306 2122 4372 rebus

540 4384 784 4440 adversis
817 4389 1027 4444 salvare
1062 4401 1266 4459 posset.
1299 4390 1425 4447 Haec
1455 4407 1581 4447 cum
1606 4394 1688 4450 sic
1718 4412 1854 4451 uxor
1880 4412 2126 4453 comme-

539 4487 803 4541 moraret,
846 4479 1033 4535 Iberia:
1067 4483 1346 4553 princeps,
1389 4482 1710 4541 ﬂectebatur
1756 4488 1848 4544 ille
1898 4491 2120 4558 quidem

539 4566 747 4631 verbis,
798 4578 981 4624 tamen
1022 4571 1250 4640 ancipiti
1301 4574 1636 4644 cogitatione
1686 4577 2117 4635 distrahebatur.

540 4655 836 4727 Suspectas
890 4662 1037 4716 enim
1089 4663 1328 4719 habebat
1387 4681 1477 4721 res
1526 4684 1714 4736 novas,
1754 4682 1810 4726 et
1857 4682 2119 4741 praeterea
2154 4667 2197 4721 ι)

542 4748 840 4807 immutare
873 4756 1166 4809 verebatur
1218 4759 1392 4826 patria
1445 4761 1711 4817 instituta.
1759 4763 1928 4820 Porro
1955 4782 2123 4821 vena.

542 4851 660 4896 tum
691 4845 982 4915 aliquando
1007 4862 1129 4901 cum
1164 4850 1526 4909 familiaribus
1558 4856 1674 4910 suis
1692 4866 1779 4911 est
1816 4858 2120 4927 profectus,

542 4945 600 4988 et
628 4950 756 4989 ecce
786 4937 952 4991 densa
982 4938 1178 4993 nebula
1209 4956 1240 4994 e
1288 4945 1576 5000 montibus
1615 4947 1837 5015 dill'usa,
1868 4953 2123 5007 tenebras

544 5025 795 5094 ingentes
820 5028 1048 5083 adduxit
1075 5033 1547 5105 :opacitatemque
1572 5037 1722 5092 silvae
1753 5041 2122 5106 condensans,

545 5116 688 5168 diem
712 5119 983 5172 convertit
1013 5120 1071 5173 in
1104 5133 1342 5176 noctem.
1364 5126 1701 5197 Perangusta
1730 5132 1951 5186 venatio
1983 5143 2119 5193 erat.

544 5217 599 5259 et
636 5208 741 5262 itrr
782 5211 1100 5278 impeditum
1154 5224 1206 5269 et
1254 5216 1600 5287 impervium.
1652 5222 1970 5278 Metuebant
2019 5227 2123 5281 sibi

547 5315 762 5367 omnes,
795 5311 850 5356 et
889 5319 999 5373 quo
1046 5323 1320 5378 quemque
1367 5327 1487 5368 sors
1514 5314 1661 5382 tulit,
1693 5325 1822 5370 sunt
1866 5317 2122 5384 dispersi.

544 5390 657 5444 Nec
689 5394 870 5448 minus
900 5405 956 5450 et
989 5413 1083 5453 rex
1115 5401 1229 5469 ipse
1267 5404 1415 5459 solus
1445 5422 1757 5476 pererrans,
1798 5410 2008 5478 patrios
2045 5413 2127 5466 in-

547 5482 773 5536 wcabat
796 5485 947 5542 deos.
979 5490 1144 5562 606
1167 5492 1234 5549 Ut
1254 5507 1435 5549 autem
1467 5498 1601 5552 nihil
1633 5498 1700 5554 de
1723 5515 1787 5554 ea
1811 5501 2124 5559 calamitate

546 5584 628 5626 «ἐι
677 5579 984 5649 remissum,
1017 5598 1117 5651 pro
1147 5600 1214 5640 eo
1252 5598 1415 5656 atque
1448 5590 1565 5643 ﬁeri
1605 5592 1765 5658 solet,
1797 5608 1921 5648 cum
1943 5594 2124 5649 homi-

548 5680 645 5721 nes
670 5666 966 5737 inopinatis
1004 5678 1393 5746 opprimuntur
1425 5683 1666 5751 casibus,
1719 5687 1947 5754 captivae
1980 5690 2126 5745 illius

550 5756 642 5811 Dei
697 5766 955 5821 memoria
1001 5769 1063 5853 in
1110 5783 1345 5826 mentem
1393 5777 1441 5828 ci
1489 5777 1687 5832 venit:
1730 5782 2124 5851 constituitque

550 5852 685 5904 adeo
732 5854 851 5923 ipse
875 5852 1060 5915 secum
1087 5902 1100 5925 ,
1148 5865 1424 5919 culturum
1464 5882 1521 5921 se
1572 5884 1696 5922 eum
1736 5870 2030 5938 decaslero,
2079 5878 2123 5930 si

553 5943 751 5997 malum
814 5963 1055 6017 prmscus
1116 5952 1485 6010 discussissct.
1561 5956 1673 6014 llac
1733 5960 1813 6015 sic
1876 5962 2122 6032 decreto,

2215 721 2515 788 θρησκείαν
2563 719 2657 772 τοῦ
2690 721 3029 790 τιμωμένου,
3066 724 3124 774 ἐν
3164 724 3440 794 ἐκπλήξει
3501 724 3871 792 πεποίηντο.

2216 813 2437 865 Τούτων
2465 813 2791 882 γινομένων,
2827 814 3113 867 συνέϐαινε
3145 817 3238 868 τὶν
3263 816 3359 869 τοῦ
3400 816 3717 886 βασιλέως
3747 816 3874 868 υῖὸν

2217 902 2295 955 ἔτι
2329 903 2522 970 νήπιον
2549 901 2680 954 ὄντα
2708 903 2896 966 δεινῶς
2920 904 3191 960 ἀσθενεῖν.
3225 906 3385 959 Ἐθει
3418 905 3486 959 δέ
3518 924 3647 959 τινι
3678 907 3872 974 ἐγχω-

2221 995 2322 1063 ρίῳ
2355 993 2446 1045 τὸν
2480 993 2647 1047 παῖδα
2680 994 2713 1063 ἡ
2768 995 2955 1065 μήτηρ
2994 995 3148 1065 παρὰ
3182 997 3302 1058 ταῖς
3346 997 3572 1059 ἄλλαις
3629 990 3874 1065 ἔπεμπε

2217 1084 2492 1153 γυναιξὶν,
2554 1085 2630 1148 ὡς
2684 1086 2755 1138 ἄν
2783 1087 2836 1154 γ’
2890 1087 3214 1154 εὑπόριστος
3265 1090 3298 1157 ἡ
3360 1089 3474 1140 τοῦ
3530 1090 3875 1157 κάμνοντος

2217 1176 2513 1246 ἀπαλλαγὴ
2566 1177 2817 1246 γένηται.
2862 1177 2950 1242 Ὠς
3001 1178 3060 1232 δέ
3106 1180 3444 1250 περιαχθεὶς
3501 1182 3535 1233 ὁ
3577 1182 3724 1239 παῖς
3761 1181 3875 1233 ὑπὸ

2215 1272 2315 1338 τῆς
2351 1269 2574 1338 τροφοῦ,
2614 1269 2824 1338 οὐδαμῆ
2869 1272 2967 1338 τὴν
3000 1270 3329 1339 ἀπαλλαγὴν
3354 1270 3647 1339 εὕρισκε,
3704 1269 3874 1331 τέλος

2218 1361 2310 1415 ἐπὶ
2342 1360 2443 1430 τὴν
2492 1361 2838 1431 αἰχμάλωτον
2890 1360 3112 1429 ἄγεται.
3156 1361 3217 1414 ῚΙ
3252 1361 3310 1413 δέ
3351 1363 3681 1432 παρουσίᾳ
3735 1362 3917 1419 πολι.

2217 1452 2326 1505 λῶν
2360 1453 2516 1505 οὐδέν
2565 1469 2618 1503 τι
2658 1452 2767 1505 τῶν
2797 1450 2856 1516 ἐξ
2901 1451 3035 1520 ὕλης
3078 1452 3450 1506 ἐπιπλάστων
3518 1453 3873 1520 φαρμάκιον

2220 1546 2467 1615 προσῆγε
2496 1559 2510 1574 ⁸
2548 1545 2683 1615 μηδὲ
2720 1546 2830 1615 γὰρ
2858 1546 3061 1599 εἰδέναι
3103 1545 3405 1599 διετείνετο
3434 1562 3454 1578 ο
3492 1545 3874 1599 ἀνακλίνασα

2220 1637 2277 1688 δέ
2319 1638 2462 1689 κατὰ
2518 1637 2577 1688 τὸ
2621 1640 2688 1689 ἐκ
2740 1637 2947 1706 τριχῶν
3000 1638 3185 1708 ἐκείνῃ
3218 1639 3433 1707 προσὸν
3496 1638 3870 1708 διερῤυηκξς

2220 1727 2470 1796 ὕφασμα,
2494 1727 2702 1780 ἁπλοῦν
2731 1730 3010 1797 προσῆγεν
3034 1730 3184 1801 αὐτῷ
3208 1731 3557 1800 φάρμακον,
3583 1731 3698 1800 τὴν
3728 1729 3869 1798 κλῆ-

2224 1837 2310 1873 σιν
2340 1821 2538 1889 ἐκεὶνῳ
2566 1810 2842 1888 ἐπᾴδουσα
2868 1820 2962 1871 τοῦ
2991 1821 3251 1890 Χριστοῦ.
3288 1822 3404 1874 Καὶ
3443 1824 3477 1874 ὁ
3514 1822 3630 1891 ἤδη
3674 1823 3873 1891 τεθνή-

2224 1908 2409 1974 ξεσθαι
2467 1909 2921 1978 προσδοκώμενος
2956 1913 3325 1980 παραχρῆμα,
3378 1912 3731 1980 γενομένης
3773 1913 3866 1963 εὑ-

2152 1974 2192 2026 ¹³
2223 2002 2341 2070 χῆς,
2381 1974 2611 2069 ἐξάνὲης
2645 1995 2714 2071 ἦν
2763 1974 2864 2053 τοῦ
2896 1974 3238 2068 amoenas
3270 1974 3503 2055 ἐκείνου
3537 1974 3607 2055 ’δ’
3640 1974 3702 2054 ιζ,
3763 2005 3869 2071 φή-

2224 2106 2353 2159 μαις
2376 2084 2445 2159 ἦν
2492 2092 2527 2159 ἡ
2555 2088 2715 2161 γυνὴ,
2743 2088 3024 2160 γνώριμός
3056 2105 3119 2143 τε
3164 2092 3232 2161 τῇ
3287 2092 3474 2162 μητρὶ
3524 2091 3860 2144 καθίστατο

2220 2181 2315 2234 τοῦ
2358 2180 2571 2246 παιδὸς,
2609 2182 2706 2234 καὶ
2733 2183 2856 2244 ταῖς
2882 2181 3076 2240 ἄλλαις
3103 2182 3323 2250 γυναιξὶ
3346 2183 3469 2237 τῶν
3506 2182 3858 2253 βαρϐάρων.

2222 2274 2298 2325 Οὑ
2329 2273 2516 2343 πολλῷ
2543 2272 2591 2324 δ’
2624 2271 2857 2341 ὕστερον
2879 2275 2976 2327 καὶ
3003 2273 3175 2339 αὐτὴν
3204 2274 3434 2344 ἐκείνην
3471 2275 3589 2344 τὴν
3626 2277 3858 2345 μητέρα

2221 2365 2318 2417 τοῦ
2359 2365 2554 2426 παιδὸς
2580 2365 2786 2435 ἀνιάτῳ
2824 2367 2991 2418 πάθει
3017 2365 3319 2437 γενομένην
3346 2367 3732 2435 κατάσχετον
3760 2368 3859 2419 τὸν

2223 2458 2338 2508 ίσον
2369 2458 2574 2526 τρόπον
2616 2457 2877 2519 διέσωζε·
2913 2458 3148 2529 παρῄνει
3178 2474 3239 2510 τε
3275 2460 3375 2511 τοῦ
3414 2460 3632 2514 λοιποῦ
3664 2464 3855 2531 ἐκείνῃ

2221 2549 2282 2602 τὸ
2313 2549 2477 2609 σέϐας
2519 2548 2706 2617 νέμειν
2737 2551 2834 2601 καὶ
2866 2549 2968 2619 τὴν
3018 2551 3187 2623 χάριν
3218 2551 3388 2622 ἔχειν,
3432 2551 3499 2614 ὃς
3554 2553 3678 2605 τῶν
3712 2555 3856 2619 ἀγα-

2223 2641 2331 2691 θῶν
2356 2643 2475 2692 ἐστι
2526 2640 2796 2709 πρύτανις
2830 2644 3060 2712 καὶτῆς
3108 2642 3349 2713 ἀληθοῦς
3399 2645 3616 2712 ὑγείας
3657 2648 3851 2715 δοτὴρ,

2224 2733 2319 2785 καὶ
2346 2731 2491 2801 ζωῆς
2517 2734 2612 2786 καὶ
2652 2732 2939 2801 βασιλείας
2962 2736 3169 2805 αὐτῆς.
3201 2736 3412 2790 Τοῦτον
3448 2740 3498 2792 δ’
3530 2738 3690 2793 εἶναι
3716 2741 3855 2809 Χρι-

2225 2827 2368 2888 στὸν,
2401 2827 2493 2878 τὸν
2521 2826 2701 2897 ἀληθῆ
2733 2827 2931 2895 Λόγον.
2980 2828 3217 2883 Ἔπειτα
3253 2830 3380 2882 καθ’
3429 2833 3697 2904 ἑκάστην
3729 2850 3850 2901 φοι-

2222 2920 2397 2982 τῶσα,
2444 2918 2516 2972 τὰ
2549 2920 2796 2988 ρωστικὰ
2844 2920 2946 2990 τῆς
2990 2921 3278 2985 εὐσεϐείας
3336 2927 3654 2995 προσῆγεν
3705 2927 3847 2993 αὐτῇ

2226 3012 2520 3082 φάρμακα.
2566 3013 2631 3064 Ἦ
2670 3014 2769 3083 μὲν
2801 3013 2894 3067 οῦν
2934 3014 3169 3085 βασιλὶς,
3203 3017 3376 3089 πείρᾳ
3412 3022 3537 3083 τοῖς
3576 3020 3671 3072 ἐπ’
3704 3021 3843 3091 αὑτῇ

2225 3103 2620 3174 γεγενημένοις
2682 3104 2916 3175 τάληθὲς
2974 3107 3273 3175 διαγνοῦσα
3326 3108 3446 3162 τῶν
3508 3112 3720 3179 λόγων,
3774 3112 3846 3163 τὰ

2228 3196 2578 3265 Χριστιανῶν
2605 3198 2939 3265 ἐπρέσϐευεν
2968 3200 3091 3269 ἤδη.
3120 3201 3216 3253 καὶ
3241 3204 3298 3252 ἐν
3337 3202 3843 3274 ὑπερϐαλλούσαις

2227 3292 2327 3357 τὴν
2358 3288 2646 3358 ἄνθρωπον
2678 3285 2781 3362 ἦγε
2813 3293 3026 3359 τιμαῖς.
3061 3288 3326 3355 Βασιλεὺς
3353 3293 3416 3347 δὲ
3448 3298 3515 3348 τὸ
3550 3299 3719 3366 τάχος
3749 3297 3845 3348 καὶ

2228 3380 2288 3432 τὸ
2315 3378 2418 3449 τῆς
2451 3381 2642 3448 ὑγείας
2673 3383 2971 3453 φάρμακον
2998 3384 3152 3454 παρὰ
3183 3383 3285 3454 τῆς
3315 3390 3584 3459 γαμετῆς
3622 3386 3838 3459 μαθὼν,

2227 3470 2425 3543 δώροις
2448 3474 2777 3542 ἀμείϐεσθαι
2807 3474 3025 3546 ἢθελεν.
3070 3476 3288 3545 Ἐκείνη
3313 3478 3372 3531 δὲ
3406 3480 3488 3550 μὴ
3518 3482 3637 3533 δεῖν
3669 3480 3839 3533 αὑτοῦ

2228 3566 2529 3636 χρημάτων
2588 3567 2822 3636 ἑλεγενο
2888 3569 3037 3639 ἔχειν
3080 3572 3190 3642 γὰρ
3242 3572 3540 3641 ἀρκοῦντα
3598 3575 3840 3627 πλοῦτον

2227 3659 2490 3726 Χριστόνο
2524 3661 2621 3713 καί
2659 3661 2712 3728 γ’
2743 3661 2802 3714 ἐν
2835 3662 3029 3732 δώροις
3083 3659 3223 3716 εἶναι
3267 3666 3547 3733 μεγάλοις
3583 3669 3703 3736 εῖγε
3740 3668 3836 3719 καὶ

2227 3749 2383 3801 αὐτοὶ
2425 3748 2635 3801 ἐλοιντο
2678 3751 2879 3820 ἐπίσης
2915 3752 3267 3821 θρησκεύειν.
3312 3751 3515 3807 Ταῦτα
3568 3756 3832 3823 λέγουσα,

2226 3841 2451 3894 ὄπισθεν
2508 3843 2611 3910 τὴν
2669 3842 2856 3905 δόσιν,
2899 3843 3071 3914 ἁδράν
3113 3862 3178 3914 γε
3231 3845 3435 3909 οὖσαν,
3474 3849 3829 3915 ἀνέπεμπεν.

2240 3935 2430 4003 Ἐνῆγε
2462 3933 2516 3985 δὲ
2549 3933 2711 3986 αὑτὸν
2735 3934 2920 4005 ἡρέμα
2945 3953 3066 4000 πως
3093 3937 3154 3990 τὸ
3179 3937 3237 4005 ἐξ
3266 3939 3492 3993 ἐκείνου
3520 3944 3555 4010 ὴ
3585 3939 3829 4008 γαμετὴ.

2230 4025 2649 4095 παραπείθουσα
2680 4027 2778 4100 τὴν
2804 4029 2975 4098 καλὴν
3010 4030 3228 4101 ἀπάτην
3260 4034 3382 4084 κατ’
3415 4033 3728 4086 ἀντίπαλον
3761 4031 3827 4098 τῇ

2230 4118 2341 4188 Εῦᾳ
2378 4119 2698 4192 διακειμένη
2726 4135 2741 4152 ³
2779 4120 3023 4176 ὑπετίθει
3046 4124 3156 4193 γὰρ
3186 4124 3369 4177 σέϐειν
3389 4123 3455 4179 ὃν
3486 4128 3520 4197 ἡ
3558 4125 3702 4195 γυνὴ
3734 4140 3832 4175 κα-

2227 4213 2516 4279 ταγγέλλει
2572 4213 2729 4280 Θεὸν,
2784 4215 2961 4284 μέγαν
3009 4233 3071 4268 τε
3121 4216 3275 4280 ὄντα,
3312 4219 3418 4270 κάκ
3459 4220 3558 4271 τοῦ
3624 4217 3824 4287 ῥᾴστου

2225 4304 2418 4374 ἔχοντα
2466 4306 2619 4369 ὅπως
2651 4306 2717 4360 ἂν
2754 4307 2931 4360 ἐθέλοι
2955 4310 3136 4361 ποιεῖν
3156 4324 3170 4339 ο
3217 4308 3514 4379 βασιλείας
3541 4325 3606 4362 τε
3660 4310 3718 4360 ἐν
3749 4303 3826 4374 τῷ

2228 4397 2535 4452 καθεστῶτι
2580 4399 2785 4468 μένειν,
2818 4399 2945 4462 τούς
2984 4401 3033 4454 τ’
3061 4402 3288 4466 ἀδόξους
3318 4406 3619 4474 ἐπιφανεῖς
3667 4400 3823 4455 καθιο

2228 4491 2361 4559 στᾷν
2387 4504 2400 4519 ·
2435 4490 2530 4543 καὶ
2581 4491 2787 4554 ἱκανῶς
2819 4492 2966 4560 ἔχειν
3007 4495 3137 4556 τοὺς
3179 4495 3417 4565 μικροὺς
3471 4497 3677 4565 ἀθρόον
3730 4511 3825 4563 με·

2227 4582 2428 4648 γάλους
2459 4585 2658 4649 ποιεῖν,
2690 4583 2794 4635 κάν
2826 4585 2941 4647 τοῖς
2969 4585 3167 4647 δεινοῖς
3189 4587 3505 4650 διασώζειν.
3540 4585 3614 4642 Εὗ
3639 4588 3820 4640 τοίνυν

2225 4675 2367 4728 οὕτω
2401 4674 2671 4745 λεγούσης
2701 4677 2801 4745 τῆς
2833 4679 3119 4742 γυναικὸς,
3149 4681 3179 4732 ό
3226 4681 3328 4750 τῆς
3365 4681 3616 4750 Ἰϐηρίας
3654 4678 3820 4751 ἡγού-

2228 4786 2390 4838 μενος
2435 4768 2781 4839 ἐμαλάσσετο
2832 4770 2932 4839 μὲν
2979 4776 3097 4834 τοῖς
3154 4772 3373 4840 λόγοις·
3416 4776 3723 4845 ἀμφίϐολος
3772 4771 3816 4823 δ’

2222 4857 2311 4931 ἦν,
2350 4861 2698 4931 ὑπειδόμενος
2747 4863 3123 4932 νεωτερίζειν,
3156 4865 3484 4934 αἰδούμενός
3535 4884 3596 4917 τε
3638 4865 3816 4919 ἄλλως

2227 4954 2628 5024 μεταλλάσσειν
2660 4956 2728 5007 τὰ
2760 4958 2988 5026 πάτρια.
3022 4960 3130 5009 Καὶ
3171 4958 3234 5027 δή
3272 4959 3391 5011 ποτ’
3424 4960 3662 5024 ἐξελθὼν
3693 4961 3813 5011 σύν-

2225 5061 2343 5112 αμα
2388 5046 2503 5107 τοῖς
2555 5045 2694 5113 ἀμφ’
2727 5044 2915 5109 αὑτὸν,
2953 5046 3149 5117 ἐθήρα.
3197 5047 3434 5118 Ὀμίχλη
3473 5052 3531 5102 δέ
3587 5068 3669 5111 τις
3715 5050 3809 5112 βα-

2227 5135 2348 5188 θεῖα
2382 5136 2749 5205 καταχυθεῖσα
2795 5139 2907 5200 τοῖς
2940 5137 3118 5206 ϐρεσι,
3160 5140 3356 5201 σκότος
3404 5141 3583 5192 ἐποίει
3630 5135 3805 5207 βαθύο

2226 5230 2323 5283 καὶ
2361 5229 2423 5281 τὸ
2454 5229 2763 5299 συνηρεφὲς
2811 5230 2910 5298 τῆς
2937 5229 3074 5297 ὕλης
3121 5232 3475 5301 ἀποφράξειν,
3515 5231 3689 5283 νύκτα
3714 5230 3805 5298 τὴν

2226 5320 2443 5392 ἡμέραν
2494 5321 2808 5389 εἰργάζετο.
2845 5323 3094 5391 Ἀπορος
3129 5323 3176 5375 δ’
3223 5319 3292 5394 ἦν
3348 5326 3380 5394 ἡ
3419 5325 3587 5392 θήρα,
3642 5324 3734 5374 καὶ
3769 5322 3798 5386 ή

2225 5415 2344 5477 ὁδὸς
2396 5412 2690 5479 ἀδιέξοδος.
2741 5415 3032 5477 Δείσαντες
3069 5413 3115 5469 δ’
3175 5415 3406 5480 ἕκαστος
3455 5419 3563 5487 ὅπη
3615 5416 3801 5483 ἔτυχεν

2226 5508 2637 5561 ἐσκεδάννυντο.
2684 5506 2910 5577 Ἐπίσης
2946 5507 3004 5560 δὲ
3037 5499 3188 5560 καῖό
3221 5509 3474 5578 βασιλεὺς
3521 5511 3798 5577 ἀλώμενος

2231 5601 2411 5670 μόνος,
2442 5601 2568 5663 τοὺς
2602 5599 2896 5670 πατρῴους
2925 5602 3252 5656 ἐπεκαλεῖτο
3288 5603 3465 5667 θεούς.
3507 5605 3594 5666 Ὣς
3641 5601 3687 5652 δ’
3713 5597 3799 5650 οὑ-

2227 5691 2320 5744 δέν
2354 5686 2517 5761 ἦττον
2548 5686 2616 5762 ἦν
2644 5692 2706 5743 τὸ
2744 5692 2941 5757 δεινὸν,
2974 5689 3063 5747 οἷα
3109 5695 3254 5763 φιλεῖ
3290 5695 3557 5764 γίνεσοαι,
3592 5695 3794 5761 ἀπροσ-

2229 5784 2481 5853 δοκήτοις
2536 5785 2832 5852 ἐμπεσὼν,
2885 5786 2978 5838 τὸν
3036 5788 3134 5854 τῆς
3190 5787 3543 5857 αἰχμαλώτου
3601 5782 3795 5837 ἐνενόει

2230 5875 2361 5927 Θεόν
2387 5892 2400 5905 ·
2430 5874 2523 5928 καὶ
2560 5875 2704 5928 κατά
2733 5878 2859 5930 νοῦν
2886 5879 2981 5931 τοῦ
3014 5878 3207 5933 λοιποῦ
3243 5883 3425 5935 σέϐειν
3456 5879 3660 5933 ἐκεῖνον
3693 5876 3793 5926 διε-

2230 5970 2421 6034 νοεῖτο,
2454 5967 2501 6019 εἰ
2541 5968 2603 6021 τὸ
2634 5967 2809 6039 παρόν
2851 5988 2913 6039 γε
2946 5971 3226 6045 διαδράσοι
3272 5974 3460 6029 κακόν.
3508 5966 3672 6023 Ταῦτ’
3716 5964 3788 6026 εἰς
