4118 6456
242 302 325 367 tat
802 270 805 273 ’
1120 299 1721 361 ECCLESIASTICXE
1765 300 1810 359 ll

1916 300 2153 360 [UltL‘E
2196 300 2337 360 LIB.
2389 297 2552 362 Vill.

3402 240 3501 361 tae

246 421 349 474 γοῦν
379 417 719 488 βαλλομένῳ,
753 415 811 469 τὸ
847 414 947 486 μὲν
984 415 1172 478 σκότος
1206 414 1370 477 εὐθὺς
1404 413 1593 466 ἐλύετο
1620 429 1632 442 ·
1668 414 1807 482 λαμ-

1916 411 2085 479 caligo
2112 412 2294 466 statim
2328 411 2583 473 solvitur,
2618 416 2671 462 et
2705 406 2981 463 serenitas
3009 407 3186 477 ampla
3232 405 3403 461 radiis
3445 409 3503 461 in

246 515 345 583 τρὶ
376 511 419 565 δ’
459 511 644 581 αἰθρία
676 508 991 579 μετέϐαλλε,
1025 508 1127 576 τῆς
1162 509 1381 570 ἀκτῖνος
1426 506 1805 577 προσϐαλλού-

247 624 334 672 aq;
374 606 437 673 τῇ
468 602 591 674 ὕλῃ.
644 602 748 655 Καὶ
782 601 990 673 χαίρων
1024 601 1120 653 ἐπὶ
1168 600 1260 652 τὸν
1296 596 1447 653 οἷκον
1498 598 1693 662 ἐλθὼν,
1738 601 1803 667 τῇ

245 696 459 764 γυναικὶ
484 696 543 747 τὸ
580 694 798 763 συμϐὰν
828 694 999 761 ἡδέως
1034 693 1320 757 κατέλεγε.
1366 693 1471 745 Καὶ
1515 692 1716 745 αὐτίκα
1746 691 1808 743 τὸ

244 789 457 853 γύναιον
494 785 907 856 μετεστέλλετο·
943 784 1036 837 καὶ
1066 784 1189 838 τίνα
1236 786 1439 857 τρόπον
1478 783 1809 854 θρησκεύειν

245 880 563 948 θερμότερον
594 876 712 947 ᾔτει
744 876 1112 932 διδάσκεσθαι.
1149 876 1263 946 Τῆς
1293 875 1341 927 δ’
1380 878 1805 945 εἰσηγουμένης,

241 973 336 1025 ὅσα
364 988 426 1037 γε
460 966 525 1030 ἦν
573 969 717 1031 εἰκὸς
752 970 953 1038 λέγειν,
1005 970 1133 1032 τοὺς
1183 969 1276 1022 ὑπ’
1308 969 1471 1021 αὐτλν
1521 967 1809 1036 ἀθροισας,

241 1067 326 1116 ἐπὶ
385 1061 568 1115 κοινοῦ
618 1062 696 1131 τῷ
753 1061 949 1130 πλήθει
999 1061 1365 1132 δημηγορῶν,
1416 1060 1517 1123 τὰς
1573 1060 1660 1112 διὰ
1705 1059 1809 1126 τῆς

243 1156 584 1225 αἰχμαλώτου
616 1155 995 1225 γεγενημένας
1028 1156 1106 1225 τῷ
1156 1155 1365 1207 ἐκείνου
1407 1156 1541 1223 οἴκῳ
1586 1155 1811 1223 εὐεργε-

247 1252 358 1312 σίας
389 1247 704 1319 ἐξήγγελλε.
747 1250 927 1318 Μὴπω
952 1248 1004 1301 δὲ
1037 1250 1268 1318 μυηθεὶς
1292 1250 1360 1301 τὰ
1389 1246 1485 1300 τοῦ
1516 1247 1806 1316 δόγματος,

245 1346 350 1405 τοῖς
380 1342 642 1412 ὑπηκόοις
679 1342 955 1412 μετεδίδου
978 1342 1058 1420 ⁸τὰ
1091 1344 1190 1412 τῆς
1230 1343 1460 1412 βουλῆςο
1498 1344 1595 1395 καὶ
1640 1341 1809 1412 ἄρδην

241 1442 328 1490 τὶν
377 1437 613 1506 Χριστὸν
652 1436 785 1506 ἐμοῦ
827 1435 1006 1488 σέϐειν
1050 1437 1354 1504 φιλοτίμως
1402 1437 1652 1507 ᾑροῦντο.
1703 1437 1812 1490 Καὶ

237 1530 395 1596 τάχος
431 1530 554 1581 ὅσον
605 1528 702 1597 τῆς
736 1530 998 1596 γυναικὸς
1044 1531 1104 1582 τὸ
1157 1531 1344 1601 σχῆμα
1400 1532 1808 1603 διαγραψάσης,

237 1620 528 1689 ἐκκλησίαν
581 1621 816 1675 ἀνίστων
864 1626 1167 1695 περιφανῆ.
1201 1626 1472 1688 Κάκεῖνος
1530 1626 1631 1692 μὲν
1682 1626 1808 1685 τοὺς

237 1713 461 1779 ἄνδρας,
490 1715 518 1780 ἡ
555 1714 609 1765 δὲ
638 1714 774 1784 γυνὴ
812 1716 908 1768 σὺν
938 1719 1002 1785 τῇ
1030 1716 1368 1786 αἰχμαλώτῳ
1399 1720 1499 1781 τὰς
1535 1722 1807 1785 γυναῖκας

1911 505 2106 561 silvam
2164 504 2430 574 conjectis
2490 501 2760 557 succedit.
2814 499 3006 568 Itaque
3065 501 3223 554 laetus
3273 501 3501 554 domum

1911 595 2055 649 redit
2091 597 2312 661 :uxori,
2362 597 2509 664 quo-l
2563 594 2866 655 acciderat,
2902 593 3149 649 suaviter
3201 605 3455 647 recenset
3485 612 3498 646 :

1911 687 2292 741 mulierculam
2320 688 2467 741 illam
2505 672 2673 740 acciri
2704 686 2891 740 statim
2914 687 3092 755 jubet,
3120 700 3289 754 seque
3335 686 3404 737 ab
3437 701 3503 739 ea

1912 779 1979 832 de
2017 780 2201 833 cultus
2231 779 2349 849 ejus
2373 780 2589 833 ratione
2612 779 2795 833 doceri
2833 778 3122 833 ardentius
3143 780 3301 857 petit.
3321 778 3501 845 Atque

1914 871 2027 936 illa,
2050 886 2174 925 cum
2199 887 2319 940 quae
2337 887 2438 942 par
2458 887 2711 940 opusque
2734 872 2913 951 fuerat
2939 872 3189 937 dixisset,
3210 872 3502 926 confestim

1913 964 2031 1031 ipse
2063 980 2196 1019 suos
2219 973 2489 1019 convocat
2519 982 2532 1018 :
2567 974 2623 1018 et
2657 966 2970 1019 orationem
3005 980 3104 1035 pro
3134 966 3402 1020 concione
3436 962 3503 1015 ad

1913 1073 2011 1110 eos
2062 1057 2294 1121 habens,
2337 1057 2606 1112 beneficia
2655 1073 2777 1126 qua:
2805 1058 3021 1126 captiva
3068 1057 3160 1112 illa
3198 1058 3250 1110 in
3276 1058 3505 1110 domum

1916 1153 2034 1218 ejus
2063 1150 2409 1212 contulisset,
2435 1158 2869 1203 commemorat:
2892 1158 2949 1203 et
2974 1149 3226 1218 quamvis
3258 1149 3504 1203 nondum

1915 1241 2171 1311 dogmate
2225 1253 2415 1296 nostro
2472 1241 2743 1304 initiatus,
2776 1243 2993 1310 populis
3023 1250 3208 1295 tamen
3239 1243 3357 1296 suis
3417 1259 3510 1293 vo-

1915 1335 2183 1387 luutatem
2214 1349 2369 1387 suam
2410 1334 2660 1402 exponit.
2696 1334 2764 1387 Et
2789 1333 2865 1387 illi
2902 1333 3147 1388 universi
3179 1335 3344 1388 simul
3386 1334 3506 1388 cul-

1917 1434 2030 1501 tum
2057 1427 2262 1483 Christi
2299 1428 2591 1482 ambitiosa
2625 1427 2908 1481 alacritate
2931 1427 3378 1495 complectuntur
3407 1431 3502 1494 (ι).

1916 1520 1993 1574 Ac
2032 1521 2211 1590 primo
2259 1537 2480 1591 quoque
2517 1530 2766 1590 tempore
2797 1521 3174 1591 descriptione
3207 1536 3236 1574 a
3274 1521 3507 1575 muliere

1915 1614 2077 1677 facta,
2096 1614 2388 1668 ecclesiam
2415 1629 2547 1668 sane
2574 1629 2740 1682 quam
2768 1613 3044 1668 celebrem
3069 1614 3306 1683 erigunt.
3329 1614 3509 1683 Atque

1914 1707 2034 1776 ipse
2073 1705 2298 1775 quidem
2345 1706 2514 1769 viros,
2568 1707 2773 1776 conjux
2813 1722 2947 1762 vero
2980 1721 3085 1760 una
3132 1721 3258 1760 cum
3293 1708 3509 1774 captiva

240 1806 543 1869 σπουδαίως
576 1807 666 1858 ἐπὶ
692 1807 790 1878 τὴν
816 1808 1119 1879 θρησκείαν
1150 1810 1363 1879 ἐνῆγον.
1394 1811 1719 1881 Περικύκλῳ
1748 1812 1806 1866 δὲ

1917 1802 2177 1855 mulieres
2204 1816 2404 1870 magno
2453 1799 2640 1853 studio
2670 1800 2736 1852 ad
2773 1799 3098 1870 religionem
3130 1800 3510 1855 adducebant.

244 1900 330 1951 mi.
351 1900 638 1968 περίϐολον
659 1902 874 1956 ἔϐαλον.
908 1903 1063 1955 Ἐπεὶ
1083 1905 1139 1956 δὲ
1168 1907 1261 1957 καὶ
1284 1906 1411 1966 τοὺς
1440 1907 1631 1968 κίονας
1660 1924 1809 1978 σχοιο

246 1991 372 2053 vim;
391 1991 453 2060 δή
475 2009 615 2045 τισιν
642 1995 945 2061 ἀνιμῶντες
974 1998 1093 2057 ταῖς
1121 1995 1349 2064 βάσεσιν
1373 1997 1630 2067 ἥδραζον,
1657 2000 1685 2050 ό
1710 1998 1812 2067 μὲν

244 2088 452 2157 πρῶτος
485 2088 578 2140 καὶ
603 2087 851 2158 δεύτερος
876 2089 1010 2142 κίων
1035 2090 1281 2151 εὐπετῶς
1311 2091 1454 2145 κατὰ
1476 2090 1660 2162 χώραν
1690 2091 1810 2157 ἐγέ-

239 2194 384 2230 νετο·
419 2178 496 2248 τῷ
525 2178 580 2230 δὲ
611 2179 782 2248 τρίτῳ
810 2179 1080 2248 δυσχερὴς
1109 2177 1176 2248 ἦν
1210 2182 1306 2235 καὶ
1345 2182 1589 2251 ἐργώδης
1621 2184 1652 2251 ἡ
1685 2183 1810 2234 στά-

238 2290 341 2334 σις,
369 2271 507 2324 Οὔτε
542 2274 651 2340 γὰρ
686 2274 917 2341 ἐπήρκει
955 2276 1121 2343 τέχνη
1151 2275 1231 2345 τῷ
1266 2277 1647 2345 μηχανήματι,
1686 2273 1812 2327 οὔτε

236 2367 344 2436 μὴν
376 2370 440 2437 τῇ
473 2366 563 2438 βίᾳ
599 2366 709 2420 τῶν
763 2367 1034 2422 ἑλκόντων
1071 2368 1309 2435 ὑπήκοος
1349 2366 1442 2440 ἦν,
1492 2371 1589 2422 καὶ
1637 2369 1812 2421 ταῦτα

236 2459 443 2512 πολλῶν
483 2459 867 2529 ἐφελκομένων
896 2465 1006 2524 τοῖς
1040 2463 1455 2533 μηχανήμασιν.
1499 2463 1583 2525 Ὠς
1611 2462 1657 2515 δ’
1686 2466 1813 2515 ἐπε-

237 2554 425 2624 γένετο
478 2555 596 2621 νὺξ,
645 2556 695 2608 οἱ
738 2555 837 2624 μὲν
891 2556 1041 2610 ἄλλοι
1092 2558 1295 2622 πάντες
1353 2559 1539 2612 οἴκαδε
1596 2560 1808 2631 ᾔεσαν·

241 2658 375 2722 μόνη
408 2651 464 2705 δὲ
494 2654 526 2722 ἡ
556 2650 903 2722 αἰχμάλωτος
934 2651 1013 2720 τῷ
1040 2650 1208 2729 χώρῳ
1258 2653 1592 2721 παρέμενεν.
1626 2653 1812 2723 εὐχαῖς

236 2745 525 2815 ἱλεουμένη
579 2744 638 2797 τὸ
689 2744 858 2810 θεῖον,
924 2745 999 2809 ὡς
1038 2746 1103 2798 ἂν
1140 2747 1373 2816 εὐχερὴς
1422 2749 1453 2815 ἡ
1514 2748 1702 2812 στάσις
1733 2749 1813 2818 τῷ

234 2838 375 2892 κίονι
396 2838 626 2907 γένοιτο.
651 2838 814 2910 ’Λχρι
839 2839 949 2909 γὰρ
974 2838 1069 2891 τοῦ
1095 2840 1264 2910 μέσου
1289 2840 1577 2910 ὀρθωθεὶς,
1607 2842 1814 2912 ἐγκάρ-

236 2952 353 2998 σιος
384 2932 566 3004 ἔμενε,
601 2933 699 3004 τῆς
747 2933 913 3003 ἄλλης
950 2934 1126 3006 ἀρχῆς
1172 2936 1667 3007 προσερεισθείσης
1712 2937 1813 3006 τῆς

234 3024 328 3074 καὶ
358 3023 593 3091 πάμπαν
626 3022 885 3088 ἀκινήτου
933 3022 1226 3091 μενούσης.
1258 3023 1431 3076 Τοῦτο
1459 3023 1516 3076 δὲ
1553 3025 1815 3094 προύχώ-

1917 1896 1983 1950 lit
2041 1895 2153 1964 jam
2188 1895 2429 1975 parietes
2470 1892 2831 1949 circumcirca
2883 1903 3294 1949 exstruxerant.
3352 1896 3511 1951 Post«

1914 2005 2076 2058 quam
2106 1998 2290 2042 autem
2325 1989 2613 2043 columnas
2657 2005 2879 2059 quoque
2908 1988 3136 2043 funibus
3170 1990 3509 2060 quibusdam

1914 2082 2477 2148 sursum-trahentes,
2505 2082 2645 2137 locis
2672 2084 2789 2137 suis
2836 2083 3201 2148 collocabant,
3230 2099 3340 2139 una
3381 2083 3511 2154 qui-

1916 2178 2038 2229 (lem
2099 2186 2157 2230 et
2217 2176 2388 2230 altera
2423 2177 2681 2231 columna
2733 2177 2896 2231 facile
2930 2178 3113 2232 sedem
3145 2193 3298 2233 suam
3362 2178 3512 2233 obti-

1918 2283 2111 2321 nuere.
2136 2268 2198 2321 in
2226 2269 2388 2323 tertia
2416 2283 2547 2323 vero
2565 2267 2808 2323 diﬂicilis
2828 2269 3128 2324 admodum
3153 2280 3209 2325 et
3228 2270 3506 2325 laboriosa

1914 2362 2021 2417 fuit.
2051 2362 2378 2428 collocatio;
2410 2378 2593 2432 neque
2623 2362 2771 2417 enim
2797 2379 2888 2418 ars
2927 2365 3146 2419 conatui
3180 2364 3509 2429 suﬁiciebat,

1916 2473 2095 2524 neque
2124 2457 2292 2510 robur
2322 2456 2661 2511 trahentium
2702 2457 3007 2527 quidquam
3039 2458 3369 2527 proﬁciebat
3406 2475 3421 2513 :
3452 2470 3512 2514 et;

1916 2534 2172 2620 permulti
2217 2558 2414 2615 erant,
2450 2549 2545 2620 qui
2606 2550 2756 2605 illam
2812 2553 3088 2607 machinis
3137 2555 3506 2610 attraherent.

1918 2644 2254 2714 Supervenit
2306 2661 2435 2709 nox,
2487 2654 2544 2699 et
2601 2644 2694 2699 alii
2754 2660 2950 2699 omnes
2998 2645 3223 2701 domum
3274 2648 3513 2717 quisque

1918 2738 2174 2806 petiere:
2233 2738 2349 2791 sola
2399 2749 2582 2790 autem
2636 2739 2851 2806 captiva
2901 2737 3104 2792 mulier
3158 2738 3213 2792 in
3259 2753 3325 2793 eo
3386 2740 3511 2794 loco

1917 2831 2248 2900 permansit,
2281 2830 2541 2901 precibus
2571 2831 2746 2885 Deum
2773 2831 3098 2900 implorans,
3123 2840 3182 2885 ut
3213 2831 3389 2888 facilis
3415 2848 3513 2887 con

1917 2924 2121 2979 lumnae
2158 2924 2216 2978 in
2254 2924 2374 2980 basi
2406 2940 2505 2978 sua
2535 2923 2860 2979 redderetur
2905 2924 3198 2995 repositio.
3249 2925 3388 2980 Nam
3418 2927 3512 2981 illa

1917 3018 1984 3071 ad
2033 3017 2279 3072 medium
2340 3033 2517 3086 usque
2571 3026 2784 3081 erecta,
2846 3018 3073 3086 obliqua
3135 3020 3507 3086 consistebat,

235 3133 343 3186 ρει,
392 3115 461 3168 ἵν’
552 3116 665 3179 τοῖς
702 3114 922 3186 Ἴϐηρσι
961 3115 1029 3168 τὰ
1073 3116 1320 3187 πρότερα
1369 3116 1564 3187 βέϐαια
1610 3120 1704 3171 καὶ
1742 3119 1810 3173 τὰ

1920 3121 2075 3179 parte
2101 3111 2273 3164 altera
2298 3110 2536 3174 sublata,
2566 3109 2836 3163 immobili
2870 3125 3098 3179 prorsus
3138 3123 3510 3180 permanente

235 3212 367 3278 περὶ
405 3211 465 3263 τὸ
501 3212 646 3263 θεῖον
678 3208 881 3278 μᾶλλον
929 3211 988 3263 ὲν
1031 3211 1267 3278 ἀσφαλεῖ
1298 3214 1632 3284 κατασταίη.
1672 3215 1811 3282 Περὶ

233 3306 343 3372 γᾶρ
373 3302 469 3371 τὴν
500 3301 575 3353 ἔω
624 3303 703 3363 εἰς
747 3300 847 3369 τὴν
900 3300 1203 3368 ἐκκλησίαν
1251 3301 1445 3364 ἰόντες,
1499 3301 1812 3370 Θαυμάσιον

231 3395 345 3450 οἷον
378 3398 470 3450 καὶ
508 3395 706 3465 ὀνείρῳ
735 3396 1056 3463 προσεοικὸς
1090 3395 1349 3459 ἄντικρυς
1385 3394 1704 3462 καθεώρων.
1751 3395 1810 3447 ’0

234 3493 342 3561 γὰρ
378 3494 506 3561 πρὶν
549 3490 808 3558 ἀκίνητος
846 3487 982 3541 κίων
1020 3487 1182 3557 ὀρθὸς
1211 3483 1280 3558 ἧν
1335 3486 1557 3557 σμικρῷ
1589 3486 1812 3554 διαστή-

246 3600 392 3652 ματι,
421 3581 679 3653 ὑπεράνω
709 3579 807 3649 τῆς
861 3580 998 3644 ἰδίας
1033 3580 1245 3650 βάσεως
1279 3583 1678 3652 αἰωρούμενος.
1721 3582 1812 3635 Ἐν

242 3677 499 3746 ἐκπλήξει
534 3676 590 3729 δὲ
617 3677 839 3728 πάντων
869 3677 1284 3747 γεγενημένων,
1316 3677 1411 3729 καὶ
1438 3677 1533 3728 τὸν
1574 3677 1811 3747 Χριστὸν

241 3772 402 3841 μόνον
431 3769 685 3838 ἀληθινὸν
705 3768 1119 3838 ὁμολογούντων
1148 3769 1306 3832 Θεὸν,
1331 3769 1418 3825 ἐπ’
1441 3770 1561 3840 ὄψει
1592 3771 1811 3825 πάντων

235 3864 426 3934 ἡρέμα
458 3862 805 3927 διολισθήσας
832 3862 1166 3932 αὐτόματος,
1201 3864 1297 3915 καὶ
1331 3866 1581 3935 κρεῖττον
1611 3865 1813 3934 τέχνης

237 3952 636 4024 προσηρμόσθη
696 3954 763 4023 τῇ
800 3952 976 4021 βάσει.
1018 3953 1251 4008 Ἔπειτα
1303 3953 1357 4006 δὲ
1390 3955 1486 4009 καὶ
1531 3956 1580 4007 οἱ
1630 3955 1815 4007 λοιποὶ

232 4049 414 4109 κίονες
447 4046 685 4117 εὐχερῶς
718 4045 1094 4117 έστηρίζοντο.
1128 4049 1189 4099 Οἱ
1216 4046 1260 4099 δ’
1293 4047 1514 4117 Ἴϐηρες
1562 4047 1816 4100 ἐντεῦθεν

236 4139 440 4209 σπουδῇ
475 4141 540 4208 τῇ
573 4139 725 4210 πάσῃ
754 4138 814 4192 τὸ
858 4139 1017 4208 ἔργον
1052 4139 1294 4193 ἐτέλουν.
1340 4138 1725 4209 ’Υποτιθείσης
1754 4139 1813 4193 δὲ

232 4236 334 4301 τῆς
364 4230 717 4302 αἰχμαλώτου
743 4231 1006 4302 πρέσϐεις
1037 4233 1355 4302 πέμποντες
1382 4234 1808 4304 Κωνσταντίνῳ,

237 4320 472 4381 σπονδὰς
503 4318 686 4388 ᾔτουν,
724 4320 819 4371 καὶ
854 4322 1173 4390 συμμαχεῖν
1211 4320 1444 4392 ᾑροῦντο
1487 4321 1809 4390 Ῥωμαίοις.

246 4411 389 4465 ’Δνθ’
445 4406 519 4466 ὧν
571 4414 753 4483 ἱερέας
803 4415 897 4464 καὶ
954 4414 1090 4467 Θεοῦ
1133 4413 1491 4486 λειτουργοὺς
1550 4415 1628 4484 τῷ
1668 4415 1814 4469 ἔθνει

1918 3202 2113 3254 altera.
2150 3199 2378 3255 Factum
2409 3200 2487 3263 id,
2526 3210 2587 3255 ut
2634 3199 2891 3254 lberibus
2918 3204 3106 3271 priora
3144 3202 3362 3271 incepta
3415 3205 3512 3255 (ir-

1919 3296 2114 3360 miora,
2145 3304 2200 3348 et
2238 3310 2360 3363 quae
2406 3294 2670 3363 deinceps
2708 3294 2776 3349 de
2811 3295 3070 3351 Numinis
3102 3298 3254 3361 cultu
3301 3307 3515 3352 statue-

1918 3397 2062 3451 rent,
2100 3389 2335 3442 certiora
2365 3397 2572 3443 essent.
2606 3389 2858 3444 Dilucqu
2893 3406 3135 3459 namque
3162 3393 3410 3461 proximo
3443 3396 3515 3448 ad.

1917 3482 2209 3536 ecclesiam
2235 3484 2559 3548 venientes,
2590 3484 2761 3538 veluti
2807 3485 3139 3540 miraculum
3179 3497 3235 3541 et
3286 3491 3515 3541 somnio

1917 3590 2149 3643 prorsus
2200 3575 2380 3629 simile
2449 3575 2714 3645 quiddam
2772 3576 3051 3632 viderunt.
3114 3580 3247 3646 Quae
3298 3584 3511 3637 etenim

1918 3671 2073 3740 prius
2105 3670 2405 3737 immobilis
2433 3668 2539 3723 fuit
2568 3671 2849 3735 columna,
2882 3672 3095 3727 directa
3133 3690 3303 3742 parvo
3335 3676 3509 3729 inter-

1915 3762 2058 3815 vallo
2111 3778 2277 3831 supra
2322 3762 2496 3815 basim
2533 3778 2687 3817 suam
2723 3779 2993 3833 suspensa
3032 3768 3389 3835 persis:ebat.
3445 3769 3513 3823 Et

1916 3855 2009 3909 illa
2031 3855 2403 3910 consternatis
2427 3856 2707 3923 omnibus,
2726 3865 2783 3912 et
2808 3856 3092 3913 Christum
3121 3861 3299 3915 solum
3319 3877 3517 3916 verum

1914 3949 2088 4003 Deum
2129 3950 2543 4020 proﬁtentibus,
2594 3950 2651 4004 in
2706 3962 3008 4029 conspectu
3041 3956 3289 4009 omnium
3318 3958 3512 4025 paula-

1919 4041 2013 4095 tim
2049 4058 2146 4096 sua
2172 4053 2369 4113 sponte
2415 4059 2474 4099 se
2498 4045 2819 4110 demittens,
2860 4047 3061 4102 melius
3084 4064 3247 4117 quam
3275 4065 3368 4105 ars
3401 4051 3515 4105 ulla

1914 4135 2130 4192 cﬂlcere
2156 4144 2345 4206 queat,
2395 4138 2518 4193 loco
2556 4154 2656 4194 suo
2685 4148 2771 4193 est
2809 4141 3091 4210 adaptata.
3117 4143 3281 4213 607
3317 4140 3512 4199 Postea

1919 4245 2048 4284 vero
2077 4239 2133 4283 et
2163 4230 2390 4301 reliquae
2424 4231 2698 4287 columnze
2724 4233 2886 4289 facile
2918 4235 3202 4291 collocatae
3233 4249 3399 4307 atque
3422 4239 3516 4292 ﬁr-

1920 4330 2079 4374 mata:
2108 4329 2257 4376 sunt.
2289 4322 2473 4392 Atque
2507 4322 2693 4378 lberes
2730 4324 2933 4380 deinde
2968 4329 3155 4381 studio
3184 4330 3335 4382 omni
3370 4346 3513 4399 opus

1923 4410 1980 4464 id
2002 4412 2356 4481 absolverunt
2387 4428 2406 4466 :
2442 4414 2779 4470 cobortante
2814 4416 2983 4470 etiam
3027 4433 3092 4472 ea
3126 4419 3242 4487 ipsa
3272 4424 3507 4489 captiva.

230 4506 446 4557 ἐδέοντο
492 4506 781 4576 καθιστᾷν.
818 4504 938 4559 Τῶν
978 4505 1036 4559 δὲ
1072 4507 1358 4577 πρέσϐεων
1401 4509 1495 4561 ἐπὶ
1530 4510 1711 4579 κοινοῦ
1746 4510 1810 4562 τὰ

1920 4506 2131 4575 legatos
2164 4505 2230 4559 ad
2279 4503 2703 4562 Constantinum
2748 4509 2974 4575 misere,
3023 4512 3119 4580 qui
3153 4514 3333 4569 fcedus
3382 4532 3507 4571 cum

231 4597 370 4668 παρ’
405 4598 632 4662 ἐκείνοις
678 4597 951 4668 γενόμενα
981 4598 1323 4667 διελθόντων,
1356 4602 1451 4654 καὶ
1496 4602 1570 4665 ὡς
1604 4602 1814 4672 ἕτοιμοι

228 4685 347 4742 εἷεν
376 4690 645 4760 πανδημεὶ
678 4690 860 4743 σέϐειν
896 4691 1135 4760 Χριστὸν
1177 4691 1239 4744 τὸ
1276 4695 1388 4746 πᾶν
1428 4691 1605 4758 ἔθνος,
1645 4695 1818 4766 ὑπερω

229 4783 387 4853 Qui);
422 4783 577 4852 ἥδετο
625 4782 881 4855 βασιλεύς
908 4801 921 4815 ο
955 4786 1051 4837 καὶ
1097 4784 1266 4852 τάχος
1297 4787 1419 4838 ὅσον
1465 4785 1643 4839 ὀπίσω
1689 4787 1816 4839 ἀνέ-

229 4892 424 4943 πεμπε
484 4877 607 4937 τοὺς
663 4875 926 4946 πρέσϐεις
975 4877 1045 4930 τὰ
1096 4879 1242 4931 κατὰ
1289 4878 1519 4950 γνώμην
1580 4880 1816 4942 ἐκείνοις

230 4968 452 5020 ᾶπαντα
506 4968 1013 5038 διαπεπραγμένος.
1057 4969 1169 5023 Καὶ
1223 4970 1416 5023 τοῦτον
1446 4960 1548 5025 τὸν
1605 4973 1812 5041 τρόπον

230 5059 457 5129 Ἴϐηρες
490 5061 550 5112 τὸ
579 5063 725 5113 κατὰ
751 5061 984 5130 Χριστὸν
1026 5063 1347 5132 ἠσπάσαντο
1376 5062 1643 5132 κήρυγμα
1666 5081 1679 5097 ο
1714 5066 1811 5117 καὶ

227 5154 403 5206 εἰσέτι
438 5151 532 5205 νῦν
579 5154 829 5222 προῖόντι
868 5153 1045 5225 χρόνῳ
1077 5152 1360 5224 ἐπιμελῶς
1407 5155 1690 5225 ἐξέχονται
1717 5156 1810 5209 τοῦ

226 5245 599 5315 σεϐάσματος.

1921 4614 1985 4651 eo
2019 4600 2449 4668 paciscerentur,
2472 4601 2907 4671 societatemque
2931 4604 3059 4658 belli
3087 4621 3211 4660 cum
3245 4609 3511 4665 Romanis

1922 4688 2192 4756 facerent,
2227 4708 2292 4747 ac
2325 4709 2423 4762 pro
2449 4695 2530 4747 eis
2552 4700 2717 4748 rebus
2746 4696 2896 4765 genti
2918 4698 2967 4750 ei
2995 4702 3312 4756 sacerdotes
3346 4716 3512 4774 atque

1922 4781 2018 4836 Dei
2055 4784 2339 4838 ministros
2373 4785 2492 4840 dari
2521 4796 2767 4841 orarent.
2799 4790 2903 4857 Qui
2947 4806 3073 4846 cum
3124 4797 3344 4864 publice
3387 4815 3511 4866 qua:
3586 4824 3594 4832 -

1920 4877 2067 4945 apud
2109 4892 2204 4932 eos
2269 4889 2387 4933 acta
2439 4880 2698 4945 fuerant,
2734 4894 2820 4945 ,et
2877 4902 3042 4954 quam
3105 4901 3331 4961 paratus
3365 4905 3513 4948 esset

1922 4971 2157 5040 populus
2184 4971 2230 5025 is
2261 4974 2552 5028 universus
2583 4976 2651 5029 ad
2680 4976 2960 5033 Christum
3004 4984 3302 5038 colendum
3336 5004 3509 5057 expo-

1925 5076 2142 5128 nerent,
2181 5067 2490 5120 mirandum
2534 5070 2586 5120 in
2614 5071 2836 5124 modum
2874 5090 2935 5127 ea
2963 5074 3235 5145 legatione
3267 5083 3512 5138 delecta-

1925 5164 2011 5208 tus
2039 5166 2122 5209 est
2154 5159 2473 5226 imperator.
2509 5159 2575 5213 Et
2609 5177 2773 5231 quam
2806 5167 3311 5236 potuiteelerrime,
3345 5175 3511 5229 rebus

1924 5265 2063 5317 quas
2092 5250 2372 5319 petierant
2424 5254 2685 5307 omnibus
2727 5271 2795 5310 ex
2830 5274 3024 5313 eorum
3058 5264 3345 5319 voluntate
3378 5282 3515 5320 con-

216 5337 411 5406 fectis,
443 5351 696 5396 oratores
742 5340 890 5411 ipsos
921 5341 1145 5396 domum
1232 5342 1467 5397 remisit.
1518 5339 1635 5396 Hoc
1689 5340 1855 5396 modo
1898 5343 2084 5397 lberes
2139 5343 2589 5414 praedicationem
2619 5348 2824 5405 Christi
2871 5368 3279 5427 susceperunt,
3347 5370 3402 5413 et
3433 5367 3516 5433 tu;

218 5448 498 5488 annorum
541 5434 702 5505 lapsu
735 5449 882 5489 nunc
904 5437 1068 5490 etiam
1114 5450 1313 5507 magno
1353 5434 1540 5490 studio
1570 5435 1626 5489 in
1686 5433 1976 5503 religionis
2006 5437 2156 5490 cultu
2189 5436 2571 5506 acquiescunt.

290 5600 373 5671 (Ι)
405 5620 423 5653 ι
458 5601 639 5673 Regis,
678 5581 746 5654 ad
787 5601 1097 5673 exemplum
1147 5609 1295 5656 totus
1326 5600 1685 5671 componitur
1712 5615 1807 5655 or-

216 5670 325 5726 bis.
355 5670 381 5726 )
421 5670 767 5745 (Claudiam)
803 5690 822 5723 ‹
862 5670 982 5729 Vita
1016 5674 1286 5743 principis
1310 5670 1548 5729 censura
1576 5681 1682 5737 est,
1711 5688 1804 5728 ea-

1911 5605 2469 5683 que.perpetttaﬁ.__Ad
2505 5606 2659 5683 banc
2705 5607 3026 5682 dirigimur,
3073 5616 3139 5670 ad
3196 5616 3338 5672 hanc
3370 5632 3510 5674 con-

1912 5675 2202 5730 vertimur.
2240 5693 2258 5726 ι
2295 5675 2462 5745 (Plin.
2495 5676 2653 5749 Jun.)
