4118 6458
263 359 269 373 ε
298 287 401 353 εειι

1191 281 1803 344 ECCLESMSTIC£
1839 280 2229 344 ΠΙΞΤΟΠΗΕ
2270 281 2420 344 LIB.
2455 281 2630 347 VIII.

3461 278 3564 349 lii

296 401 545 478 ριύνα,ἥ
595 399 857 471 Ῥωμαῖοι
887 399 962 470 τῷ
1011 398 1131 468 πλῷ
1165 400 1653 471 ἐπιχωριάζοντες.
1709 398 1868 465 Εὑρί-

1986 414 2165 452 rerum
2190 400 2491 470 erat:qui,
2526 411 2587 454 ut
2616 398 2873 471 equidem
2908 408 3064 471 puto,
3103 396 3397 471 instigante
3424 402 3557 463 Deo,

296 512 442 550 σκων
468 494 547 558 δὲ,
594 492 938 561 φιλοφρόνως
968 508 1026 544 τε
1080 491 1375 561 ὑπεδέχετο
1400 507 1415 522 ο
1455 490 1550 543 καὶ
1602 488 1866 552 ἰδιάζουσι

296 586 502 644 τόποις,
539 579 571 657 ᾖ
606 583 727 644 ἔθος
775 584 1146 653 Χριστιανοῖς,
1199 583 1523 653 συνηύχετο.
1588 583 1650 635 '0
1680 580 1725 636 δ’
1761 573 1864 638 ὧδε

299 675 522 743 προῖὼν,
545 676 838 740 εὐκτὴριον
870 670 1018 728 οἰκον
1050 673 1410 744 ἀνῳκοδόμει.
1438 674 1547 727 Καί
1583 691 1735 736 τινας
1760 674 1869 726 τῶν

309 764 488 818 Ἰνδῶν
533 764 830 835 κατηχών,
873 764 1040 833 εὐχὰς
1072 764 1249 816 τελεῖν
1296 764 1680 835 παρεσκεύαζε
1705 803 1720 828 ,
1775 762 1872 815 καὶ

298 860 625 930 πρεσϐεύειν
660 861 727 912 τά
777 860 897 912 θεῖα
950 858 1355 928 προύτρέπετο.
1406 859 1548 928 Ἤδη
1594 856 1870 928 δ’ἐφήδου

299 950 392 1002 τοῦ
425 948 691 1019 βασιλέως
742 948 1041 1018 γενομένου
1072 949 1286 1013 παιδὸς,
1315 947 1506 1002 τοῦτόν
1551 966 1612 1003 τε
1645 950 1740 1003 κα)⁵
1769 951 1871 1019 τὴν

302 1044 470 1097 αὐτοῦ
504 1044 729 1112 ¹μητέρα
775 1042 1282 1112 παραιτησάμενοι,
1328 1042 1422 1095 ἐπὶ
1466 1041 1567 1112 τὴν
1599 1043 1875 1112 σφετέραν

300 1137 457 1190 πᾶλιν
485 1136 782 1200 ἀπέπλεον,
815 1135 1019 1199 καίπερ
1069 1135 1255 1204 μένειν
1283 1134 1360 1198 ὡς
1390 1135 1646 1187 πλεῖστον
1678 1134 1874 1188 ἐκδια-

302 1230 540 1298 ζόμενοι.
573 1229 681 1281 Καὶ
723 1228 751 1279 δ
789 1228 889 1298 μὲν
934 1228 1186 1291 Αίδέσιος
1231 1228 1316 1291 είς
1361 1227 1539 1298 Τύρον
1566 1228 1740 1299 ἥκων,
1778 1230 1875 1283 καὶ

302 1321 423 1380 τοὺς
462 1322 843 1390 προσήκοντας
894 1320 1163 1381 κατιδὼν,
1218 1321 1359 1373 κατά
1398 1318 1572 1372 ταῦτα
1619 1321 1722 1388 τῆς
1773 1320 1871 1372 τοῦ

304 1413 698 1482 πρεσϐυτερίου
732 1411 1001 1483 καθέδρας
1032 1411 1261 1483 ἠξίωτοι
1285 1412 1657 1483 Φρουμέντιος
1685 1413 1743 1466 δέ
1772 1414 1872 1481 τὴν

303 1501 398 1553 ἐπὶ
442 1502 692 1565 Φοίνικας
737 1503 1002 1573 παριδὼν,
1035 1503 1116 1565 είς
1145 1500 1561 1574 Ἀλεξάνδρειαν
1591 1496 1695 1575 ἧκε
1717 1518 1734 1535 ο
1775 1504 1874 1557 καὶ

314 1592 613 1665 Ἀθανασίῳ
647 1593 910 1664 ἐντυχὼν,
945 1594 1072 1663 ἄρτι
1100 1594 1211 1647 τῶν
1247 1595 1410 1666 ίερῶν
1451 1596 1659 1650 οίάκων
1692 1596 1870 1668 ὑπερ-

1973 489 2017 544 si
2050 490 2182 558 quid
2212 493 2352 559 apud
2387 490 2551 546 ludos
2585 490 2908 567 Christiani,
2956 500 3049 545 aut
3095 497 3186 561 qui
3230 494 3466 547 ιιιιιίιιιιε
3497 487 3567 547 co

1974 575 2396 647 frequentarent
2448 581 2679 635 Romani
2716 591 2919 645 essent,
2958 583 3251 652 diligenter
3304 600 3561 653 perscru-

1979 668 2218 722 tabatur.
2244 669 2352 723 Eos
2396 674 2651 726 inventos
2687 674 3105 741 perhumaniter
3135 677 3369 745 accepit,
3398 679 3568 731 locis-

1971 772 2100 826 que,
2147 758 2593 815 Christianormn
2637 778 2830 826 more,
2879 765 2996 818 suis
3057 779 3179 817 cum
3225 768 3306 819 eis
3357 769 3563 820 oravit.

1974 847 2153 915 Atque
2203 863 2270 901 ea
2321 864 2647 919 progressus
2696 855 2805 915 via,
2844 854 3113 908 orationis
3145 857 3369 908 domum
3430 876 3568 911 cnn-

1972 944 2172 998 struxit
2207 961 2221 996 :
2255 954 2310 998 et
2335 946 2602 1013 quosdam
2636 964 2697 1001 ex
2750 948 2908 1004 Indis
2941 952 3115 1006 sacris
3154 955 3360 1008 nostris
3398 954 3562 1008 insti-

1975 1037 2157 1095 tuens,
2184 1036 2597 1102 precationibus
2625 1040 2843 1107 operari
2884 1040 3072 1096 docuit
3100 1082 3114 1105 ,
3149 1054 3205 1096 et
3238 1044 3562 1113 religionem

1972 1122 2219 1191 proﬁteri
2271 1125 2520 1180 hortatus
2551 1138 2654 1181 est.
2688 1130 2754 1184 Et
2787 1129 2934 1186 ﬁlius
2975 1134 3117 1200 regis
3143 1135 3253 1205 jam
3315 1138 3564 1206 ephebus

1971 1226 2109 1268 erat.
2142 1215 2322 1284 Atque
2372 1217 2451 1271 illi
2481 1220 2765 1286 quamvis,
2807 1233 2866 1276 ut
2896 1238 3184 1279 manerent
3209 1266 3224 1285 .
3258 1228 3558 1296 plurimmn

1973 1314 2323 1373 cogerentur,
2364 1317 2603 1363 attamen
2651 1318 2709 1363 et
2760 1326 2885 1365 cum
2927 1315 3071 1383 regis
3104 1325 3160 1368 et
3199 1332 3324 1369 cum
3371 1320 3569 1373 matris

1973 1396 2096 1463 ejus
2121 1397 2260 1453 bona
2291 1402 2447 1454 venia
2482 1402 2535 1455 in
2582 1405 2812 1471 patriam
2845 1422 2996 1460 suam
3040 1408 3272 1463 rediere.
3302 1411 3367 1464 Et
3394 1410 3563 1465 IEdc—

1975 1489 2095 1543 sius
2123 1491 2345 1559 quidem
2372 1492 2521 1564 Tyri,
2554 1506 2780 1565 propter
2814 1500 3155 1569 propinquos
3187 1516 3338 1565 suos,
3372 1512 3565 1572 postea

1976 1579 2304 1650 presbyterii
2332 1586 2632 1652 assumpsit
2652 1585 2996 1654 dignitatem.
3031 1588 3383 1645 Frumentius
3411 1607 3568 1655 vero,

301 1685 606 1749 καθίσαντι,
636 1687 707 1741 τά
755 1685 879 1741 κατ’
932 1686 1128 1750 Ἰνδοὺς
1173 1688 1489 1758 διηγεῖται*
1542 1689 1638 1742 καὶ
1684 1688 1761 1752 ὼς
1812 1693 1871 1742 ἐν

1986 1670 2259 1725 Phoenicia
2318 1672 2531 1739 relicta,
2577 1675 2965 1731 Alexandriam
3010 1694 3068 1735 se
3099 1681 3573 1752 contulit:609

298 1777 499 1847 ἑτοίμῳ
525 1778 635 1831 sic!
656 1778 748 1832 τὸν
776 1779 1207 1850 Χριστιανισμὺν
1236 1754 1652 1851 παραδέξασθαι
1690 1781 1867 1850 ἔλεγε,

1986 1768 2141 1831 atque
2171 1761 2240 1816 ad
2271 1763 2631 1820 Athanasium
2668 1783 2793 1821 cum
2832 1770 3091 1836 venisset,
3135 1774 3228 1842 qui
3272 1789 3449 1842 nuper
3471 1775 3569 1827 ad-

301 1870 397 1922 καὶ
423 1870 498 1941 μὴ
520 1872 784 1941 περιορᾷν
830 1872 932 1933 τὴν
974 1870 1151 1943 θήραν
1198 1874 1601 1946 κατηντιϐόλει·
1635 1875 1787 1947 ίερέα
1811 1875 1871 1929 δὲ

303 1963 423 2017 ὅσον
455 1964 615 2032 τάχος
640 1964 736 2018 καὶ
769 1965 972 2037 κλῆρον
999 1968 1186 2032 αὐτοῖς
1232 1968 1594 2040 ἐπιπέμπειν.
1641 1969 1873 2024 Ἀθανά-

305 2069 418 2116 σιος
444 2054 502 2107 δὲ
524 2055 606 2117 είς
649 2055 861 2110 ἔννοιαν
914 2055 1142 2125 θέμενος
1172 2057 1233 2110 τὺ
1282 2058 1469 2130 ῥηθὲν,
1520 2061 1649 2124 τοὺς
1679 2059 1874 2129 ἐπιδη-

307 2145 542 2216 μοῦντας
568 2147 677 2201 τῶν
706 2147 1020 2203 ἐπισκόπων
1043 2149 1330 2221 ἀθροίσας,
1361 2153 1463 2206 οὐκ
1485 2152 1652 2208 ἄλλον
1682 2155 1875 2222 ἐπιτή-

302 2238 443 2293 δειόν
472 2255 531 2293 τε
582 2242 701 2314 καὶ,
740 2239 1072 2316 ἱκανώτατον
1126 2241 1226 2315 τὴν
1277 2244 1578 2315 θρησκείαν
1634 2246 1873 2316 αὐξῆσαι

305 2329 577 2402 ἔκρινενῆ
616 2314 779 2386 αὑτὸν
813 2335 1021 2388 ἐκεῖνον
1068 2334 1126 2399 ὃς
1180 2314 1403 2406 πρῶτος
1439 2340 1733 2409 σπέρματα
1762 2314 1874 2405 *τῆς

302 2424 416 2477 τῶν
464 2424 809 2496 Χριστιανῶν
872 2426 1165 2497 μετουσίας
1217 2430 1403 2493 αὐτοῖς
1452 2432 1872 2488 ’κατεϐάλλετο.

303 2517 417 2571 Καὶ
440 2518 470 2571 δ
502 2517 600 2586 μὲν
631 2519 894 2582 πεισθεὶς,
928 2519 1273 2590 ἀνελάμϐανε
1297 2522 1399 2593 τὴν
1424 2525 1749 2595 ἱερωσύνην·
1783 2529 1876 2583 καὶ

305 2607 461 2673 αὖθις
492 2612 584 2666 ἐπὶ
608 2613 708 2684 τὴν
749 2613 926 2669 Ἰνδῶν
961 2616 1264 2687 ἀνέστρεφε
1307 2618 1515 2689 χώραν·
1547 2619 1641 2672 καὶ
1694 2620 1875 2691 κῆρυξ

307 2703 403 2758 τοῦ
436 2703 767 2775 Εὐαγγελίου
787 2709 899 2772 τοῖς
929 2709 1106 2762 ἐκεῖσε
1134 2707 1312 2762 ἅπασι
1340 2713 1570 2779 γίνεται.
1604 2713 1875 2769 Τοσοῦτον

306 2792 352 2847 δ’
381 2795 738 2867 ἐπαινεθῆναι
763 2797 953 2852 τοῦτόν
986 2817 1149 2867 φασιν
1169 2842 1184 2866 ,
1215 2803 1291 2865 ὡς
1335 2802 1449 2857 ἴσον
1474 2805 1536 2858 τὸ
1565 2806 1737 2877 γέρας
1762 2811 1875 2874 τοῖς

307 2883 624 2948 ἀποστόλοις
646 2886 951 2957 κτήσασθαι
976 2905 990 2920 ι
1012 2888 1136 2941 ἐπεί
1153 2889 1234 2942 τοί
1257 2906 1319 2959 γε
1344 2892 1437 2945 καὶ
1463 2892 1875 2965 ἐπισημότατον

310 2977 339 3029 ὁ
374 2977 505 3041 Θεὸς
541 2979 704 3032 αὐτὸν
751 2981 1023 3051 ἀπέφηνε,
1052 2982 1245 3054 τέρασι
1291 2985 1386 3037 καὶ
1430 2989 1678 3056 σημείοις
1731 2991 1878 3058 ἐξαι-

312 3068 449 3133 σίοις
470 3071 865 3141 κατακοσμῶνσ
891 3073 1150 3137 πλουσίας
1172 3075 1280 3145 γὰρ
1312 3079 1409 3148 τῆς
1434 3079 1660 3148 χάριτος
1689 3083 1878 3152 εὐμοι-

1977 1853 2202 1909 modum
2226 1854 2294 1908 ad
2322 1871 2478 1911 sacra
2513 1858 2770 1914 Ecclesia:
2804 1862 3172 1930 gubernacula
3212 1872 3566 1933 pervenerat.

1980 1959 2069 1999 res
2098 1946 2353 2001 Indorum
2381 1948 2431 2002 ei
2463 1953 2739 2019 cxpOsuit.
2779 1962 2834 2005 et
2867 1961 2926 2007 ut
2975 1954 3245 2022 proclives
3276 1956 3566 2026 paratique

1978 2039 2046 2093 ad
2081 2039 2561 2096 Christianismum
2613 2045 3024 2111 suscipiendum
3067 2058 3255 2102 essent
3299 2050 3563 2105 ostendit.

1978 2131 2047 2186 Et
2077 2132 2321 2202 insuper,
2360 2150 2469 2188 non
2505 2136 2912 2204 deepiciendam
2963 2154 3085 2203 esse
3120 2151 3226 2193 tam
3253 2152 3566 2209 Opportune

1979 2223 2218 2279 oblatam
2252 2226 2596 2281 venationem
2617 2267 2632 2294 ,
2662 2228 2760 2283 sed
2793 2229 3112 2300 episcopum
3154 2245 3222 2284 eo
3255 2241 3317 2287 et
3355 2233 3566 2287 clerum

1982 2315 2090 2371 illis
2154 2320 2561 2387 quamprimum
2632 2322 2960 2378 mittendum
3017 2340 3139 2379 esse
3209 2326 3565 2395 supplicavit.

1980 2407 2314 2465 Athanasius
2344 2426 2512 2481 porro
2534 2415 2720 2469 verbis
2750 2416 2832 2470 eis
2878 2420 2931 2470 in
2966 2419 3154 2472 animo
3189 2434 3290 2472 suo
3326 2434 3567 2488 perpen-

1981 2498 2082 2562 sis,
2116 2500 2414 2571 episcopis,
2458 2505 2558 2574 qui
2595 2515 2711 2560 tum
2732 2502 3074 2562 Alexandriae
3108 2508 3361 2574 aderant,
3396 2509 3566 2564 advo-

1981 2592 2142 2657 catis.
2197 2610 2302 2649 non
2347 2596 2514 2653 alium
2550 2601 2814 2670 aptiorem
2862 2603 3148 2673 magisque
3181 2605 3439 2659 idoneum
3497 2604 3567 2658 ad

1982 2688 2192 2742 cultum
2235 2689 2481 2755 divinum
2535 2693 2604 2747 ibi
2662 2694 3044 2765 adaugendum
3092 2696 3361 2767 judicavit
3421 2712 3564 2764 esse,

1983 2794 2146 2849 quam
2176 2795 2301 2836 eum
2326 2782 2522 2852 ipsum,
2543 2785 2634 2854 qui
2666 2788 2875 2857 primus
2895 2788 3105 2843 semina
3128 2788 3567 2844 Christianorum

1984 2874 2391 2928 communionis
2421 2878 2564 2944 apud
2599 2892 2695 2931 eos
2731 2878 2976 2946 jecissel.
3010 2880 3188 2950 Atque
3218 2882 3307 2935 ille
3340 2897 3570 2951 persua-

1985 2964 2498 3043 sus,te‘piscopatum
2528 2974 2809 3039 suscepit;
2835 2979 2891 3024 et
2920 2971 2975 3023 in
3003 2974 3277 3040 regionem
3309 2973 3570 3027 ludorum

1988 3071 2263 3137 reversus,
2302 3075 2478 3127 praeco
2510 3060 2944 3132 Evangtvlii~istic
2974 3065 3233 3118 omnibus
3260 3065 3434 3120 factus
3459 3079 3565 3123 est.

316 3128 507 3231 ρήσας,
530 3128 732 3226 οἴκους.
756 3163 877 3234 Θεῷ
902 3128 1196 3235 πλείστους
1226 3128 1561 3239 ἀνήγειρεύῖ
1578 3128 1880 3245 ν’ῖατ-ρίιέ

1990 3132 2299 3218 Tattltlpere
2330 3168 2460 3204 Vero
2503 3169 2626 3206 eum
2659 3155 2939 3208 laudatum
2971 3171 3093 3210 esse
3127 3157 3311 3210 ferunt
3336 3199 3351 3223 ,
3383 3170 3441 3213 ut
3474 3176 3571 3229 pa-

313 3253 406 3306 xa‘.
440 3254 562 3307 κατ’
611 3256 779 3324 ἄμφω
831 3256 1023 3328 ψυχῶν
1076 3260 1173 3313 καὶ
1218 3263 1490 3331 σωμάτων
1536 3266 1879 3333 ἀνηκέστων,

315 3345 612 3415 ἐθεράπευε
636 3351 827 3419 χρόνια
854 3351 1164 3421 τραύματα.
1197 3352 1387 3407 Ταῦτα
1427 3355 1713 3425 Ῥουφῖνος
1744 3359 1883 3413 ίστό-

317 3450 502 3503 ρησεν,
529 3436 759 3510 Αξδεσίῳ
777 3439 882 3492 ἀνὰ
902 3439 1001 3510 τὴν
1029 3441 1206 3514 Τύρον
1234 3445 1568 3516 περιτυχὼν,
1590 3447 1666 3512 ὥς
1694 3467 1883 3521 φησιν.

326 3524 468 3578 Ἀλλ’
494 3526 636 3580 οὕτω
670 3528 770 3598 μὲν
807 3531 903 3583 καὶ
934 3533 966 3602 ὴ
1012 3532 1145 3603 παρ’
1194 3533 1377 3598 Ἰνδοῖς
1426 3536 1703 3609 ἱερωσύνη
1733 3542 1888 3594 συνέ-

319 3633 438 3687 στη’
474 3619 731 3673 κάκεῖθεν
764 3622 963 3692 ἐφεξῆς
999 3624 1061 3677 τὸ
1108 3625 1251 3680 θεῖον
1282 3627 1463 3699 δόγμα
1497 3630 1589 3684 διὰ
1618 3633 1730 3687 τῶν
1755 3636 1888 3704 ὁμό-

318 3728 427 3778 ρων
456 3712 629 3782 διέδη.
661 3715 785 3776 Τοῖς
808 3714 851 3768 δ’
883 3717 1066 3781 αὐτοῖς
1087 3719 1145 3772 δὲ
1166 3721 1408 3791 χρόνοις,
1435 3723 1530 3777 καὶ
1565 3725 1886 3797 Ἀρμενίους

318 3806 594 3876 ἐπυθόμην
621 3806 691 3860 vi
730 3809 1076 3878 Χριστιανῶν
1131 3813 1372 3870 ἑλέσθαι.
1415 3816 1725 3889 Γρηγορίου
1776 3820 1888 3891 γὰρ

317 3903 523 3956 ἐκείνου
552 3905 647 3958 τοῦ
695 3905 1025 3976 Θαυμαστοῦ
1055 3908 1227 3962 πολλά
1272 3910 1410 3980 πρὸς
1443 3910 1755 3982 Τηριδάτου
1784 3934 1888 3969 πα-

318 3997 500 4061 θόντος
515 3998 603 4051 διὰ
624 4000 884 4070 Χριστὸν,
907 4002 1002 4056 καὶ
1028 4004 1163 4072 μετά
1188 4004 1388 4076 πολλὴν
1404 4006 1496 4059 καὶ
1516 4008 1774 4079 ποικίλην
1796 4027 1891 4063 κα-

318 4092 431 4142 κῶν
465 4090 627 4155 ἰδέαν,
652 4092 744 4144 ἐπὶ
778 4095 1288 4164 τεσσαρεσκαίδεκα
1319 4097 1413 4167 ἐτη
1458 4098 1649 4171 λάκκῳ
1694 4101 1889 4173 βορϐο-

319 4182 480 4248 ρὼδει
508 4188 602 4238 καὶ
633 4187 866 4253 ἀφεγγεϊ
892 4188 1366 4255 συγκλεισθέντος,
1401 4191 1718 4262 Τηριδάτης
1745 4197 1771 4247 ὁ
1795 4193 1888 4247 τοῦ

317 4276 502 4338 ἔθνους
531 4277 834 4346 ἡγούμενος
878 4279 1176 4347 θεομηνίας
1206 4281 1433 4335 πανοικὶ
1454 4285 1718 4354 πειρᾶται
1766 4284 1893 4338 σύν-

318 4382 435 4434 αμα
481 4370 592 4430 τοῖς
626 4367 952 4437 ὑπερέχουσι
977 4405 994 4423 .
1042 4371 1295 4442 Χοιρώδη
1335 4373 1443 4442 γὰρ
1499 4375 1593 4428 καὶ
1647 4374 1762 4443 βίον
1795 4376 1889 4429 καὶ

318 4458 441 4527 ὖψιν
462 4459 853 4529 ἀμειψάμενοι,
878 4460 1065 4531 διῆγον
1093 4464 1232 4530 σφᾶς
1261 4464 1461 4526 αὐτοὺς
1481 4466 1885 4529 κατεσθίοντες.
1922 4487 1966 4541 ι)

331 4550 471 4603 Ἀλλ’
501 4552 709 4605 ἐκεῖθεν
733 4552 1022 4622 ἀνιμηθεὶς
1046 4557 1074 4608 ὁ
1102 4555 1245 4619 θεῖος
1292 4556 1619 4628 Γρηγὸριος,
1671 4558 1762 4626 ὑφ’
1811 4559 1892 4612 ἐνὶ

320 4640 622 4713 συνθήματι
659 4644 868 4706 πάντας
905 4645 1235 4719 θρησκεύειν
1266 4648 1503 4715 Χριστὸν
1545 4648 1764 4702 ἔπειθεν
1788 4663 1802 4681 ⁸
1830 4651 1894 4702 ἐκ

318 4736 416 4802 τῆς
463 4736 703 4805 χοιρείας
756 4735 806 4788 τ’
864 4738 1081 4808 ἐκείνης
1136 4741 1225 4791 καὶ
1272 4744 1491 4810 μορφῆς
1540 4743 1635 4793 καὶ
1681 4741 1893 4812 διαίτης

320 4830 696 4894 ἀπαλλάττων,
722 4830 841 4898 ,τὴν
871 4830 1010 4883 κατὰ
1054 4830 1295 4901 Χριστὸν
1332 4830 1683 4895 ἀσπάζεσθαι
1740 4834 1897 4888 πολι-

320 4920 473 4973 τείαν
501 4920 745 4991 ὴρέθισεε
777 4921 913 4985 νεώς
944 4912 1003 4974 τε
1038 4923 1228 4986 αὐτοῖς
1260 4923 1548 4993 ἀνήγειρε,
1582 4924 1770 4977 καὶτὰ
1792 4925 1896 4994 τῆς

326 5016 595 5084 μυστικῆς
620 5016 795 5067 ἐτέλει
819 5016 1032 5079 τούτοις
1064 5014 1279 5078 θυσίας.
1312 5017 1535 5079 Καινοῖς
1563 5016 1620 5069 δὲ
1650 5015 1896 5087 θαύμασι

319 5108 451 5165 τοὺς
482 5106 723 5170 ἐνοίκους
754 5106 1016 5176 δαίμονας
1049 5106 1335 5170 ἀπελάσας
1360 5107 1459 5177 τῆς
1493 5108 1701 5179 χώρας,
1734 5111 1898 5163 αὐτόν

318 5217 380 5253 τε
430 5201 469 5253 Γ
475 5201 730 5272 ρηγορίον
783 5200 1003 5267 σύναμα
1036 5200 1318 5273 Τηριδάτη
1374 5201 1527 5268 παρά
1579 5200 1673 5254 τὸν
1725 5203 1900 5270 μέγαν

325 5295 552 5365 βασιλέα
576 5294 995 5346 Κωνσταντῖνον
1024 5292 1302 5360 γενέσθαι*
1340 5293 1434 5345 τὸν
1475 5293 1531 5347 δὲ
1571 5292 1900 5360 συνήδεσθαι

320 5387 393 5440 τὰ
417 5385 701 5456 παράδοξα
755 5384 1098 5440 διακούοντα.
1149 5386 1485 5438 Ἐπίσκοπον
1535 5384 1592 5439 δὲ
1637 5387 1735 5455 τῆς
1770 5386 1902 5455 ὅλης

322 5478 509 5547 χώρας
540 5478 892 5547 καταστήσας
927 5475 1232 5547 Γρηγόριον
1263 5476 1514 5547 ἔπεμπεν
1540 5516 1557 5533 .
1601 5475 1740 5529 Ὑπὸ
1767 5475 1901 5546 γοῦν

391 5615 472 5685 (1)
499 5615 679 5669 Alium
717 5614 864 5669 hunc
890 5613 1217 5684 Gregorium
1254 5613 1547 5685 Miriﬁcum
1599 5612 1768 5669 fuisse
1801 5614 1903 5669 ali-

325 5684 450 5754 quis
485 5695 639 5755 putet
668 5686 736 5738 ab
765 5700 833 5755 eo
864 5701 1024 5752 quem
1059 5699 1226 5754 supra
1252 5684 1504 5755 Origenis
1538 5685 1901 5753 discipulum,

325 5753 380 5810 et
418 5753 742 5827 qi‘tsccpum
785 5754 1285 5810 Neocasariensun
1336 5753 1602 5810 ih‘Ponto
1653 5756 1904 5833 extitisse

1987 3255 2100 3293 rem
2158 3256 2282 3295 cum
2335 3246 2597 3312 apostolis
2643 3246 2863 3301 laudem
2917 3258 2972 3302 et
3031 3248 3296 3303 honorem
3357 3251 3568 3308 tulerit.

1987 3331 2368 3388 Clarissimum
2395 3339 2543 3390 enim
2577 3353 2703 3392 eum
2736 3339 2883 3395 Deus
2914 3341 3177 3406 reddidit,
3217 3343 3482 3412 prodigiis
3514 3357 3574 3401 et

1987 3425 2269 3481 miraculis
2353 3429 2663 3500 insignibus
2732 3447 3028 3488 exornans.
3107 3434 3177 3489 Et
3241 3437 3573 3506 locupletem

1988 3532 2184 3573 nactus
2226 3523 2477 3589 gratiam,
2536 3524 2768 3593 plurima
2840 3526 2948 3579 Deo
3004 3528 3291 3582 constituit
3347 3530 3574 3597 templa,

1989 3612 2344 3681 medicusquc
2377 3614 2683 3669 animarum
2709 3617 2863 3686 juxta
2886 3629 2942 3673 et
2968 3634 3259 3688 corporum
3299 3622 3576 3675 incurabi-

1990 3703 2124 3758 lium
2160 3704 2422 3761 diuturna
2454 3708 2671 3763 sanavit
2710 3709 2957 3763 vulnera.
3006 3710 3132 3765 Hazc
3186 3711 3420 3768 Ruﬁnus
3464 3730 3583 3769 me-

1990 3803 2180 3857 moria:
2215 3801 2478 3872 prodidit,
2515 3801 2610 3869 qui
2642 3816 2700 3855 se
2743 3799 3027 3856 Edesium
3083 3802 3212 3874 Tyri
3250 3806 3577 3860 convenisse

1990 3893 2179 3949 refert.
2233 3894 2298 3948 Et
2344 3893 2411 3947 ad
2464 3893 2612 3947 hunc
2650 3892 2874 3962 quidem
2927 3895 3150 3948 modum
3215 3897 3579 3953 sacerdotalis

1991 3985 2231 4054 dignitas
2259 3994 2314 4039 et
2343 3984 2749 4050 administratio
2795 3985 2936 4052 apud
2966 3984 3129 4039 ludos
3162 3996 3245 4040 est
3272 3987 3525 4045 ἱιιδιιιιιιει
3558 4002 3575 4042 :

1993 4087 2138 4135 unde
2187 4081 2447 4150 deinceps
2501 4078 2749 4133 divinum
2798 4078 2993 4148 dogma
3043 4079 3304 4135 ﬁnitimas
3359 4097 3581 4151 quoque

1993 4174 2242 4243 regiones
2286 4174 2545 4243 pervasit.
2587 4173 2810 4228 Eisdem
2861 4174 2978 4229 lere
3015 4176 3359 4242 temporibus
3388 4179 3581 4230 Arme-

1992 4267 2112 4318 nios
2148 4265 2336 4319 itidem
2372 4264 2739 4320 Christianam
2772 4265 3087 4335 religionem
3114 4269 3431 4335 complexos
3456 4283 3582 4323 esse

1993 4357 2200 4411 audivi.
2224 4357 2360 4410 Cum
2392 4356 2539 4411 enim
2565 4356 2863 4427 Gregorius
2906 4357 2999 4412 ille
3026 4357 3128 4427 (l),
3173 4358 3267 4427 qui
3300 4360 3581 4415 miraculis

1993 4449 2224 4502 edendis
2289 4448 2470 4503 clarus
2537 4449 2668 4512 luit,
2731 4448 2901 4504 multa
2955 4465 2985 4504 a
3054 4450 3297 4504 Tiridate
3361 4460 3581 4518 propter

1993 4540 2274 4596 Christum
2306 4557 2520 4611 passus,
2546 4552 2744 4612 etpost
2767 4543 2967 4596 multas
2992 4543 3280 4609 variasque
3309 4545 3578 4598 malorum

1994 4633 2206 4702 species
2235 4632 2301 4687 ad
2332 4632 2750 4701 quatuordecim
2796 4649 2971 4688 annos
3033 4634 3205 4688 fovea:
3251 4649 3485 4690 emnosze
3524 4646 3582 4691 et

1997 4725 2308 4796 caliginosae
2353 4726 2599 4781 inclusus
2635 4738 2801 4789 esset,
2839 4727 3116 4781 Tiridates
3147 4727 3265 4797 ipse
3295 4731 3412 4797 ejus
3442 4745 3580 4798 gen-

2000 4818 2069 4872 tis
2099 4819 2375 4888 princeps,
2406 4834 2530 4874 cum
2563 4823 2726 4874 domo
2750 4835 2848 4874 sua
2894 4829 3026 4881 tota,
3063 4833 3262 4874 etcum
3300 4823 3583 4890 eptimati-

1999 4910 2122 4975 bus,
2150 4910 2350 4964 divinae
2397 4911 2491 4964 ira:
2528 4911 2826 4966 vindictam
2861 4921 2944 4965 est
2975 4925 3254 4981 expertus.
3302 4915 3382 4968 Ad
3415 4917 3585 4971 vitam

2000 5007 2146 5061 enim
2182 5007 2343 5060 simul
2382 5016 2440 5061 et
2490 5008 2718 5061 formam
2752 5024 3047 5075 porcorum
3080 5010 3287 5064 redacti
3318 5052 3334 5074 ,
3373 5014 3587 5083 seipsos

2001 5101 2360 5155 devorabam.
2399 5100 2658 5155 Sedenim
2683 5118 2749 5156 ex
2790 5105 2945 5157 fovea
2982 5104 3069 5157 illa
3110 5115 3390 5159 extractus
3424 5106 3586 5163 divus

2004 5192 2320 5263 Gregorius,
2376 5210 2485 5248 uno
2528 5194 2688 5265 signo
2752 5197 3011 5251 omnibus
3072 5198 3357 5252 Christum
3402 5201 3589 5256 colere

2004 5287 2314 5356 persuasit:
2366 5296 2421 5340 et
2467 5287 2624 5341 suilla
2676 5287 2847 5341 forma
2913 5300 3075 5358 atque
3139 5291 3248 5344 vita
3302 5291 3585 5355 liberatos,

2006 5379 2316 5433 institutum
2366 5390 2610 5434 nostrum
2661 5383 2950 5451 complecti
2985 5383 3202 5453 coegit,
3250 5383 3476 5437 delubra
3510 5401 3591 5437 eis

2005 5474 2336 5535 construxit,
2371 5488 2524 5527 sacra
2560 5475 2744 5528 arcani
2791 5486 2846 5527 et
2896 5476 3108 5546 mystici
3154 5474 3407 5529 sacriﬁcii
3442 5475 3589 5527 cule-

2007 5606 2260 5732 legimus.
2291 5606 2399 5662 Sed
2429 5624 2573 5663 unus
2608 5619 2663 5664 et
2699 5609 2844 5663 idem
2876 5620 2980 5676 est,
3014 5610 3173 5664 sicuti
3206 5608 3465 5677 colligere
3505 5615 3591 5661 est

2009 5677 2062 5732 in
2094 5693 2150 5732 ra
2183 5694 2248 5732 ex
2277 5679 2375 5732 lib.
2414 5696 2474 5732 ιι.
2501 5696 2620 5732 can.
2655 5682 2735 5732 t9.

2009 5677 2150 5732 infra
2183 5694 2248 5733 ex
2277 5679 2375 5734 lib.
2414 5696 2474 5748 ιι,
2501 5696 2620 5750 cap.
2655 5682 2735 5733 lt).
