4118 6462
593 324 698 386 135

1815 317 2244 382 NICEPHDRI
2280 317 2627 382 CALLlSTl

3739 326 3829 382 136

579 446 782 510 Lravit,
819 455 872 499 et
901 444 1057 498 novis
1114 443 1399 498 miraculis
1449 442 1660 497 incolas
1689 439 1967 496 daztnones
2014 457 2081 496 ex
2112 456 2161 495 cz

2281 440 2564 512 Τηριδάτῃ
2611 436 2912 507 1¹ρηγίῖριος
2961 435 3465 506 συγκροτούμενος,
3500 434 3568 488 τά
3612 451 3670 488 τε
3714 441 3833 507 παρ’

579 541 802 608 regione
832 536 1166 591 exturbavit.
1201 535 1341 589 Sunt
1388 534 1483 606 qui
1535 532 1870 602 Gregorium
1905 549 2011 587 una
2043 548 2168 587 eum

581 629 834 684 Teridate
873 628 940 682 ad
1007 629 1391 696 Imperatorem
1447 641 1701 695 magnum
1741 624 2166 680 Constantinum

582 725 798 781 venisse
828 723 1073 786 tradunt,
1106 736 1343 789 eumque
1377 729 1487 774 tam
1523 719 1767 773 miranda
1794 728 1848 773 et
1885 719 2166 786 inopinata

582 817 894 870 audientem
922 826 1251 882 magnOpere
1279 811 1520 865 ltetatum
1555 825 1678 865 esse
1704 850 1719 870 ,
1749 823 1805 864 et
1840 809 2163 877 Gregorium

2277 534 2513 595 ἐκείνοις
2574 531 2824 583 είδωλεῖα
2874 531 3251 600 κατέστρεφε,
3310 530 3403 583 καὶ
3458 528 3673 599 Χριστῷ
3727 530 3834 582 θεῖα

2274 625 2481 692 τεμένη
2535 622 2818 691 ἀνήγειρε.
2870 620 3125 688 Θαύμασι
3172 619 3218 671 δ’
3267 618 3527 685 ὲξαισίοις
3583 620 3836 670 πίστειτὸ

2278 716 2505 784 σύμπαν
2535 714 2947 785 χειρωσάμενος
2973 713 3127 776 ἔθνος
3147 752 3163 775 ,
3199 711 3485 777 ἐϐάπτιζε,
3522 717 3614 765 καὶ
3640 711 3712 783 τῷ
3735 729 3834 765 σω-

2274 808 2399 875 τῆρι
2437 809 2683 876 προσῆγε
2732 803 2976 873 Χριστῷ.

584 914 761 977 ipsum
795 907 964 960 totius
1006 906 1127 976 ejus
1169 904 1409 973 regionis
1456 904 1774 971 episcopum
1823 903 2233 965 ordiuatum,eo
2265 900 2506 953 misisse.
2535 897 2700 970 610
2736 896 3033 965 Gregorius
3057 895 3225 966 igitur
3278 892 3551 949 Teridatis
3592 890 3837 964 suﬂragio

582 1005 994 1074 comprobatus,
1037 1016 1162 1056 cum
1198 1000 1473 1055 idolorum
1519 999 1642 1052 fana
1685 998 1758 1054 ibi
1796 1001 2016 1065 evertit,
2043 1008 2158 1052 tum
2188 997 2411 1051 Christo
2446 1010 2604 1051 sacra
2654 993 2852 1062 templa
2895 994 3102 1055 erexit,
3133 1002 3191 1046 et
3243 991 3523 1046 miraculis
3563 991 3838 1060 praecipuis

584 1102 893 1154 universam
926 1107 1142 1167 gentem
1168 1095 1235 1148 ad
1267 1094 1425 1148 fidem
1461 1104 1703 1151 nostram
1747 1094 2023 1149 redactam
2050 1093 2369 1160 baptizavit,
2406 1104 2572 1160 atque
2598 1089 2667 1145 ad
2696 1090 3043 1145 Servatorem
3065 1086 3343 1143 Christum
3361 1087 3605 1141 adduxit.

1100 1206 1329 1263 CAPUT
1381 1205 1625 1263 XXXVI.

580 1306 720 1370 Quid
749 1304 944 1371 Sapori
984 1304 1095 1371 regi
1144 1301 1433 1355 Persarum
1461 1303 1753 1355 acciderit:
1806 1302 1872 1353 de
1924 1301 2163 1371 episcopo

656 1370 932 1445 Symetme,
987 1370 1152 1442 deique
1204 1373 1266 1424 iis
1323 1377 1412 1441 qui
1463 1388 1581 1423 cum
1630 1387 1690 1423 eo
1733 1370 1990 1440 martyrio
2040 1376 2165 1423 sunt

657 1445 854 1515 aﬂecti.

655 1538 773 1591 Non
807 1537 962 1604 longe
990 1543 1111 1602 post
1162 1549 1260 1603 per
1298 1532 1560 1585 finitimos
1613 1531 1844 1601 populos
1876 1530 1945 1585 ad
1992 1532 2168 1602 pluri-

586 1644 706 1681 mos
759 1627 955 1696 dogma
1004 1636 1255 1680 nostrum
1311 1625 1562 1693 pervenit
1602 1639 1615 1674 :
1658 1638 1687 1676 a
1740 1623 1944 1691 quibus
1981 1631 2038 1677 et
2089 1621 2161 1676 ad

585 1721 780 1777 Persas
829 1718 1134 1773 doctrinam
1177 1726 1289 1771 tum
1340 1717 1626 1786 pertigisse
1678 1716 1957 1771 existimo.
2014 1717 2164 1770 Non-

2839 1202 3095 1258 ΚΕΦΑΑ.
3143 1202 3288 1267 Λς’.

2268 1297 2409 1362 Περὶ
2446 1295 2565 1349 τῶν
2599 1296 2671 1350 ἐν
2715 1295 2963 1363 Περσίδι
3017 1293 3441 1363 γεγενημένων
3490 1280 3729 1361 Σαϐὠρῃ
3766 1294 3839 1360 τῷ

2336 1368 2593 1431 ,ϐασιλεῖ
2614 1385 2626 1397 ν
2655 1367 2753 1418 καί
2785 1368 2918 1432 περὶ
2956 1366 3064 1419 τοῦ
3094 1366 3433 1418 ἐπισκόπου
3462 1364 3725 1433 Συμεὼν,
3749 1369 3838 1418 καί

2341 1435 2459 1488 τῶν
2480 1440 2604 1490 σὺν
2634 1434 2796 1500 αὐτῷ
2812 1433 3359 1504 μαρτυρησάντων.

2340 1528 2414 1580 Ού
2446 1526 2630 1597 πολλῷ
2659 1527 2715 1579 δέ
2745 1527 2976 1596 ὕστερον
3002 1527 3092 1579 διὰ
3118 1526 3226 1578 τῶν
3275 1527 3495 1597 ὁμόρων
3542 1527 3621 1588 εἰς
3649 1525 3838 1596 πλῆθος

2271 1620 2332 1673 τὺ
2357 1621 2534 1689 δόγμα
2566 1620 2863 1673 ἐπέδωκεν·
2903 1618 2963 1684 ἐξ
3018 1612 3092 1673 ὧν
3120 1618 3366 1691 ἠγοῦμαι
3433 1619 3527 1673 καὶ
3554 1621 3608 1682 ἐς
3643 1619 3841 1688 Πέρσας

2270 1714 2527 1783 διαϐῆναι
2556 1712 2861 1781 τηνικαῦτα
2892 1711 2954 1764 τὺ
2984 1711 3271 1783 κήρυγμα.
3309 1711 3470 1777 Τινὲς
3494 1715 3601 1782 γὰρ
3641 1711 3841 1765 ἐκεῖθεν

584 1814 717 1866 nulli
752 1812 955 1867 etenim
991 1827 1058 1864 ex
1097 1810 1273 1863 Persis
1297 1850 1313 1874 ,
1347 1826 1468 1862 rum
1506 1808 1767 1863 Osroeuis
1804 1818 1860 1862 et
1891 1809 2161 1861 Armeniis

2279 1807 2595 1877 Ὀσροηνοῖς
2631 1809 2724 1860 καὶ
2765 1805 3080 1876 Ἀρμενίοις
3111 1804 3564 1877 ἐπιμιγνύμενοι,
3595 1806 3757 1867 θείοις
3786 1805 3839 1856 τέ

582 1905 908 1960 familiarius
932 1910 1174 1971 agentes.
1208 1911 1262 1955 et
1292 1915 1415 1954 cum
1451 1901 1655 1954 sanctis
1680 1899 2010 1969 quibusdam
2032 1898 2166 1952 viris

581 1997 748 2049 verba
782 1996 1129 2050 conferentes
1153 2033 1167 2055 ,
1212 1993 1474 2063 paulatim
1506 1993 1768 2047 virtutem
1817 1994 2035 2046 illorum
2072 2005 2167 2044 ex-

584 2082 744 2151 perti,
774 2080 840 2134 ad
878 2081 1003 2134 vitae
1036 2096 1228 2133 eorum
1263 2080 1667 2136 aemulationem
1712 2081 1875 2135 tacite
1919 2080 2077 2141 ferri,
2111 2090 2167 2132 et

581 2174 1060 2227 Christianismum
1113 2174 1367 2241 amplecti
1418 2187 1658 2242 coepere.
1691 2172 1795 2227 Ubi
1828 2182 2010 2229 autem
2041 2189 2165 2228 cum

588 2275 835 2333 tempore
867 2280 1133 2318 numerus
1162 2279 1352 2317 eorum
1403 2274 1487 2319 est
1518 2273 1735 2326 auctus,
1757 2266 2005 2321 ecclesiae
2033 2279 2166 2318 con-

583 2366 827 2419 structae,
863 2355 1210 2408 sacerdotum
1260 2355 1396 2408 ordo
1433 2354 1740 2420 institutus,
1782 2357 1999 2425 aliaque
2048 2372 2168 2423 qum:

589 2459 901 2501 nostrorum
938 2456 1067 2500 sunt
1095 2462 1380 2501 sacrorum
1417 2456 1659 2516 peracta,
1691 2438 1798 2501 non
1831 2448 2167 2502 mediocrem

582 2556 647 2591 ea
682 2553 768 2590 res
820 2538 991 2606 magis
1047 2538 1233 2590 attulit
1291 2543 1527 2608 plagam.
1571 2540 1609 2592 li
1647 2540 1793 2593 enim
1836 2540 2165 2608 antiquitus,

584 2629 751 2681 ιἀιιυιί
782 2628 982 2681 familia
1022 2630 1274 2698 quaedam
1311 2632 1375 2683 ad
1422 2646 1585 2700 quam
1620 2631 1988 2686 sacerdotium
2038 2648 2167 2701 per-

582 2732 772 2779 tmeat.
800 2737 912 2774 rem
950 2722 1190 2774 divinam
1224 2722 1367 2790 apud
1412 2738 1506 2776 eos
1540 2734 1858 2792 procurrant.
1914 2725 2055 2790 Quin
2109 2735 2163 2780 et

579 2811 788 2863 .lmlaeis
827 2810 919 2877 qui
962 2809 1038 2863 ibi
1092 2805 1243 2871 sunt,
1301 2827 1443 2881 a’gre
1501 2813 1628 2873 fuit,
1660 2812 1983 2881 jamdudum
2040 2814 2168 2869 odio

583 2912 748 2969 atque
780 2901 984 2954 invidia
1023 2898 1288 2954 adversus
1324 2902 1645 2971 religionem
1696 2913 1935 2958 nostram
1960 2942 1975 2970 ,
2009 2906 2168 2960 nobis

575 2988 836 3046 infensis.
867 2993 904 3045 li
935 2992 1341 3070 Saporem,qui
1368 3002 1483 3047 tum
1510 3010 1736 3062 regnum
1772 2997 1824 3050 in
1853 3013 1918 3052 ea
1946 2998 2169 3068 regione

576 3081 889 3147 obtinebat,
956 3081 1218 3137 adeunt:
1291 3096 1348 3136 et
1404 3085 1730 3153 Symeouem
1796 3087 2061 3141 Seleuciae
2112 3096 2168 3141 et

581 3173 979 3240 Clesiphontis,
1012 3175 1395 3244 primariarum
1433 3180 1487 3230 lu
1521 3178 1743 3232 l’erside
1780 3180 2019 3240 urbium,
2054 3178 2167 3246 epi-

582 3281 836 3333 scopum,
872 3282 967 3333 per
1008 3267 1342 3320 calumniam
1374 3268 1654 3334 deferunt,
1691 3270 1861 3323 veluti
1893 3270 2167 3323 Romano-

585 3369 705 3403 rum
737 3354 1055 3420 imperatori
1089 3355 1347 3417 amicum,
1383 3355 1657 3425 rebusque
1705 3358 1995 3412 Persarum
2030 3357 2168 3413 inie-

583 3455 748 3495 stum.
797 3446 858 3496 ISt
886 3461 975 3497 rex
1015 3446 1121 3499 [ide
1158 3447 1262 3500 illis
1302 3448 1509 3507 habita,
1546 3449 1785 3518 primum
1812 3450 2163 3503 Christianos

584 3537 941 3590 vehementer
1005 3540 1236 3603 vexavit,
1292 3542 1584 3610 praefectos
1636 3543 1747 3596 illis
1789 3545 1937 3597 viros
1991 3560 2165 3598 saevos

582 3629 944 3694 (tulistituens,
982 3641 1037 3684 et
1080 3633 1281 3687 tributa
1310 3636 1496 3702 gravia
1531 3635 1841 3704 imponens,
1865 3646 1924 3687 ut
1954 3638 2168 3691 scilicet

581 3731 824 3785 egestate
852 3733 908 3773 et
958 3732 1276 3777 exacturum
1328 3726 1653 3780 crudelitate
1684 3729 2005 3798 expugnati,
2037 3730 2168 3782 reli-

582 3818 797 3879 guinem
834 3815 1228 3882 repudiarent:
1267 3816 1317 3869 id
1353 3820 1498 3886 quod
1523 3820 1575 3872 ei
1620 3833 1948 3889 magnopere
1982 3820 2165 3875 studio

582 3906 703 3956 fuit.
745 3905 949 3960 Deinde
991 3910 1308 3962 sacerdotes
1336 3918 1501 3979 atque
1533 3910 1844 3980 episcopos,
1901 3921 2161 3982 tanquam

581 4012 773 4048 eorum
812 3998 1095 4064 praefectos
1114 4002 1390 4070 jugulare,
1413 4002 1680 4056 ecclesias
1703 4003 1984 4069 demoliri,
2006 4020 2164 4059 sacra

580 4089 808 4141 donaria
865 4092 1166 4158 publicare,
1225 4105 1281 4147 et
1337 4095 1663 4161 Symeenem
1720 4095 1949 4164 perinde
1999 4106 2163 4167 atque

582 4181 829 4250 religioni
901 4182 1062 4237 simul
1126 4192 1181 4237 et
1239 4200 1407 4252 regno
1454 4186 1746 4239 Persarum
1809 4187 2161 4243 insidiantem

579 4272 780 4340 corripi
830 4273 1018 4342 jussit.
1050 4274 1240 4344 Itaque
1293 4277 1460 4346 magi,
1517 4276 1717 4333 Judasis
1750 4278 2161 4351 adjuvantibus,

576 4365 838 4419 ecclesias
871 4367 1053 4420 statim
1087 4366 1204 4419 solo
1235 4378 1457 4435 aequant
1496 4385 1508 4420 :
1542 4379 1597 4424 et
1630 4371 1930 4440 Symeones
1964 4373 2161 4425 l‘erreis

2270 1915 2412 1950 τισιν
2447 1897 2676 1969 ἀνδράσι
2729 1896 3178 1967 διομιλούμενοι,
3213 1898 3307 1950 καὶ
3351 1898 3532 1969 ἡσυχῆ
3584 1898 3678 1965 τῆς
3709 1896 3842 1948 ἐκεί-

2269 2006 2377 2042 νων
2399 1988 2734 2059 πειρώμενοι
2763 1988 2987 2060 ἀρετῆς,
3021 1989 3103 2051 εἰς
3134 1990 3301 2058 ζῆλον
3340 1993 3440 2058 τῆς
3474 1990 3695 2043 ἐκείνων
3712 1988 3842 2041 διαίο

2267 2096 2369 2149 της
2415 2081 2544 2132 κατ’
2589 2080 2771 2148 ὀλίγον
2815 2074 2973 2151 ἧκον,
3007 2080 3103 2134 καὶ
3146 2081 3558 2151 Χριστιανίζειν
3603 2084 3837 2152 ἤρχοντο.

2281 2173 2371 2235 Ὠς
2422 2173 2480 2224 δὲ
2529 2173 2708 2244 χρόνῳ
2769 2172 3022 2227 πλεῖστοι
3087 2177 3379 2243 γενόμενοι
3442 2174 3738 2245 ἐκκλησίας
3786 2190 3840 2226 τε

2269 2265 2668 2328 ἐπεσκεύαζον,
2702 2267 2797 2318 καὶ
2831 2266 3137 2336 ἱερωσύνην
3177 2268 3521 2331 συνίσταντο,
3561 2268 3653 2319 καὶ
3683 2265 3842 2319 τᾶλλα

2270 2356 2369 2425 τῆς
2397 2358 2519 2410 καθ’
2548 2358 2696 2426 ἡμᾶς
2720 2357 3049 2426 ἐπετήδευον
3072 2357 3323 2427 τελετῆςο
3345 2361 3405 2410 οὐ
3443 2359 3669 2430 μετρίαν
3687 2357 3840 2425 ἐνῆκε

2271 2451 2432 2500 τοῦτο
2466 2450 2581 2511 τοῖς
2621 2448 2820 2518 μάγοις
2856 2448 3099 2520 πληγήν.
3157 2443 3320 2502 Οὗτοι
3378 2451 3489 2520 γὰρ
3521 2448 3588 2515 ἐξ,
3622 2449 3839 2519 ἀρχαίου

2268 2535 2358 2592 οἶά
2384 2557 2436 2591 τι
2471 2541 2627 2606 γένος
2659 2543 2724 2610 τῇ
2777 2539 2903 2593 καθ’
2961 2542 3160 2605 αὐτοὺς
3217 2541 3503 2616 ἱερωσύνῃ
3554 2542 3837 2613 προσῆκον,

2266 2636 2373 2701 τὴν
2398 2634 2579 2686 αὐτῶν
2623 2634 2925 2701 θρησκείαν
2974 2635 3463 2704 ἐπιτροπεύουσιν.
3509 2636 3586 2689 Ού
3643 2636 3745 2705 μὴν
3790 2632 3841 2686 δὲ

2269 2726 2409 2780 ἀλλὰ
2428 2730 2519 2779 καὶ
2538 2728 2588 2778 οἱ
2620 2726 2749 2795 παρ’
2775 2708 2963 2789 αὐτοῖς
3007 2727 3252 2780 Ἰουδαῖοι
3280 2727 3337 2781 ἐν
3361 2728 3524 2799 δεινῷ
3547 2727 3839 2789 ἐποιοῦντο,

2270 2818 2482 2872 ἄνωθεν
2514 2818 2787 2888 βασκανία
2817 2819 2884 2888 τῇ
2915 2819 3044 2886 περὶ
3083 2820 3143 2870 τὸ
3172 2818 3448 2889 ἡμέτερον
3491 2821 3666 2889 δόγμα
3687 2822 3841 2870 ἐκπε-

2274 2910 2689 2979 πολεμωμένοι.
2723 2911 2835 2962 Καὶ
2881 2910 3113 2980 Σαὸώρῃ
3161 2912 3510 2982 προσιόντες,
3560 2906 3712 2976 οὗτος
3743 2910 3839 2981 γὰρ

2272 3005 2459 3072 ἠγεῖτο
2503 3001 2810 3070 τηνικαῦτα
2863 3002 2957 3055 τοῦ
3011 3003 3226 3067 ἔθνους,
3276 3004 3367 3055 τὸν
3417 3005 3717 3058 ἐπίσκοπον
3745 3004 3839 3055 Συο

2274 3093 2493 3164 μεώνην
2536 3093 2860 3156 Σελευκείας
2913 3095 3009 3147 καὶ
3063 3096 3481 3166 Κτησιφῶντος,
3518 3092 3675 3151 αὗται
3717 3095 3759 3148 δ’
3790 3098 3841 3146 ἐν

2270 3186 2498 3256 Περσίδι
2527 3187 2635 3242 τῶν
2682 3187 2893 3239 πόλεων
2952 3185 3336 3255 βασιλεύουσι,
3391 3190 3642 3243 διέὅαλον
3672 3189 3744 3251 ὡς
3772 3188 3840 3255 τῷ

2279 3278 2569 3349 Ῥωμαίων
2624 3277 2840 3349 βασιλεί
2898 3280 3078 3347 φίλον,
3131 3283 3226 3334 καὶ
3279 3282 3712 3352 δυσμεναίνοντα
3737 3284 3840 3343 τοῖς

2270 3372 2499 3443 Περσῶν
2528 3372 2877 3448 πράγμασιν
2926 3366 3008 3433 οἷς
3063 3373 3347 3437 πεισθεὶς,
3401 3377 3475 3429 τὰ
3529 3379 3627 3446 μὲν
3646 3375 3842 3448 ,πρῶτα

2269 3466 2525 3535 χαλεπῶς
2575 3442 2838 3534 έπέτριῦε
2888 3466 3015 3527 τοὺς
3065 3466 3458 3535 Χριστιανοὺς,
3509 3470 3842 3530 ἐπιστασίαις

2268 3555 2480 3626 ἀνδρῶν
2512 3555 2742 3625 ἀπηνῶν
2794 3558 2891 3609 καὶ
2924 3558 3207 3628 δριμείαις
3241 3558 3423 3629 φόρων
3470 3560 3839 3628 είσπράξεσιν,

2268 3646 2343 3709 ὡς
2372 3647 2437 3699 ἂν
2467 3649 2537 3718 τῇ
2580 3647 2759 3718 ἐνδείᾳ
2811 3648 2906 3701 καὶ
2940 3649 3180 3722 άπηνείᾳ
3204 3651 3313 3705 τῶν
3349 3654 3734 3708 ἀπαιτούντων
3756 3655 3842 3705 ἐκ·

2269 3740 2645 3807 6ε6ιασμένοι,
2679 3740 2990 3795 άπόθωνται
3011 3742 3110 3812 τὴν
3135 3742 3466 3814 θρησκείαν,
3499 3745 3528 3799 ὃ
3567 3746 3655 3798 διὰ
3685 3760 3842 3797 σπου-

2267 3831 2365 3900 δῆς
2383 3830 2629 3901 μεγάλης
2647 3831 2797 3901 αύτῷ
2818 3828 2906 3903 ἦν’
2929 3834 3124 3886 ἔπειτα
3141 3837 3268 3897 τοὺς
3296 3837 3504 3907 ἱερέας,
3532 3841 3624 3891 καὶ
3654 3836 3844 3889 ὡσανεὶ

2271 3926 2587 3992 προστάτας
2615 3924 2793 3979 αὐτῶν
2829 3925 3069 3979 κτείνειν
3102 3927 3357 3981 ἐκέλευεν
3382 3945 3396 3961 ο
3432 3913 3516 3993 είς
3544 3931 3760 4001 ἐρείπια
3790 3927 3843 3980 δέ

2268 4014 2634 4070 καθίστασθαι
2685 4020 2809 4082 τοὺς
2866 4021 3024 4082 νεὼς,
3067 4021 3257 4073 καὶτὰ
3285 4022 3405 4092 ίερά
3465 4023 3728 4093 κειμήλια
3772 4019 3842 4088 τῷ

2266 4107 2424 4179 δήμῳ
2472 4110 2736 4177 ἀνεῖσθαι,
2786 4113 2882 4165 καὶ
2937 4114 3029 4167 τὸν
3082 4114 3401 4186 Συμεὼνην,
3446 4119 3522 4182 ὡς
3567 4117 3843 4172 ἐπίὸουλον

2266 4203 2363 4253 καὶ
2425 4202 2524 4271 τῆς
2577 4203 2878 4274 θρησκείας
2927 4206 3024 4258 καὶ
3079 4208 3180 4276 τῆς
3235 4207 3520 4278 βασιλείας
3576 4210 3842 4281 Περσῶν,

2267 4294 2552 4364 σύρεσθαι.
2591 4296 2773 4364 Μάγοι
2812 4296 2912 4364 μ’ἐν
2936 4294 3051 4365 οὖν,
3116 4300 3390 4357 Ἰουδαίων
3440 4307 3842 4376 συναιρομένων

2265 4389 2483 4450 αὐτοῖς,
2548 4388 2647 4449 τὰς
2706 4389 3005 4460 ἐκκλησίας
3063 4393 3259 4446 θᾶττον
3303 4396 3649 4466 ἐρρίπτουν*
3713 4397 3740 4446 ὀ
3789 4392 3841 4444 δὲ

578 4458 935 4525 compedibus
989 4460 1233 4521 vinctus,
1288 4460 1433 4529 apud
1498 4475 1680 4532 regem
1742 4462 1981 4518 sistitur.
2049 4463 2153 4519 Ubi

2266 4479 2557 4550 Συμεών-ης
2609 4458 2874 4553 πεδηθεὶς-
2950 4484 3228 4555 σιδήροις,
3421 4490 3636 4559 βασιλεῖ
3683 4486 3840 4556 παρέ·

578 4562 710 4600 saue
747 4549 919 4600 Virum
950 4564 1008 4602 se
1036 4555 1327 4603 honestum
1356 4559 1411 4605 et
1450 4554 1649 4607 bonum
1687 4557 1958 4623 przestitit.
1990 4556 2151 4630 611

578 4634 708 4687 Post
735 4635 903 4687 multa
942 4652 1179 4705 namque
1215 4641 1447 4695 verbera
1497 4643 1869 4711 introductus,
1897 4663 2003 4700 non
2042 4664 2158 4703 am-

582 4726 748 4794 plius,
810 4727 886 4778 uti
922 4730 1264 4783 consuetudo
1308 4733 1426 4802 ejus
1473 4733 1676 4801 fuerat,
1726 4738 1957 4793 adorare
2004 4739 2153 4794 illum

577 4817 860 4872 sustinuit.
894 4817 1239 4890 Quapropter
1278 4823 1360 4877 ira
1407 4827 1653 4894 percitus
1699 4838 1985 4899 tyrannus,
2023 4834 2153 4903 quid

578 4909 633 4962 id
664 4910 881 4973 tandem
908 4922 1073 4975 esset,
1104 4916 1249 4983 quod
1283 4935 1429 4974 nunc
1460 4921 1677 4977 demum
1716 4934 1912 4991 pra'ter
1948 4942 2153 4981 morem

578 5000 802 5066 faceret,
856 5002 1184 5075 interrogat.
1240 5011 1417 5078 Atque
1472 5012 1613 5067 ille:
1663 5013 1817 5079 Quod
1872 5032 2153 5088 nunquam

577 5104 762 5154 antea,
797 5094 995 5163 inquit,
1032 5099 1193 5153 sicuti
1224 5118 1390 5163 nunc,
1424 5106 1727 5172 productus
1759 5124 1901 5173 sum,
1929 5110 1981 5164 vi
2019 5112 2154 5165 mihi

579 5187 725 5239 illata
762 5198 821 5241 ut
851 5206 1038 5244 verum
1082 5194 1251 5248 Deum
1288 5199 1537 5265 prmium.
1563 5200 1697 5253 Cum
1731 5203 1955 5270 quidem
2001 5205 2152 5258 nulla

580 5283 722 5333 inter
753 5298 853 5337 nos
884 5295 1029 5339 esset
1052 5286 1324 5342 dissensio
1347 5330 1360 5356 ,
1407 5306 1525 5360 qua:
1558 5293 1727 5348 tueris
1764 5295 1971 5349 Persici
2024 5307 2154 5353 sunt

578 5373 719 5438 feci;
755 5391 900 5429 nunc
928 5389 1106 5432 autem
1150 5382 1304 5436 nefas
1340 5383 1393 5436 id
1435 5400 1554 5438 esse
1585 5386 1746 5440 duco.
1794 5388 1868 5441 De
1921 5392 2154 5446 veritate

533 5466 537 5471 ’
578 5485 811 5538 namque
848 5483 906 5526 et
948 5473 1053 5527 (ide
1085 5475 1245 5530 nobis
1272 5485 1355 5530 est
1388 5487 1689 5531 certamen.
1720 5480 1891 5535 Porro
1917 5481 2153 5553 Sapores

577 5561 678 5625 illi,
709 5573 767 5617 ut
792 5564 960 5619 solem
998 5568 1271 5631 adoraret,
1310 5571 2152 5647 necessitatemimponitzquod

574 5653 679 5706 nisi
703 5653 928 5723 faceret,
953 5673 1061 5712 non
1092 5662 1266 5727 ipsum
1303 5663 1485 5730 modo,
1520 5682 1708 5721 verum
1732 5668 1896 5723 etiam
1931 5686 2150 5726 onmem

573 5759 694 5813 quae
724 5746 796 5801 ibi
831 5757 977 5803 esset
1015 5748 1455 5809 Christianorum
1503 5767 1759 5825 gentem,
1800 5760 2149 5818 interituram

2260 4589 2442 4629 στατο.
2474 4574 2645 4627 Ἔνθα
2684 4575 2746 4644 δὴ
2781 4575 2925 4645 ἀνὴρ
2951 4577 3115 4642 καλός
3138 4596 3196 4630 τε
3226 4579 3323 4634 καὶ
3353 4582 3557 4646 ἀγαθὸς
3595 4582 3837 4651 διεφάνη.

2256 4664 2413 4717 Μετὰ
2440 4663 2545 4734 γὰρ
2576 4665 2779 4731 πολλὴν
2808 4664 3039 4734 βάσανον
3066 4668 3344 4737 εἰσαχθεὶς
3365 4710 3379 4734 ,
3410 4673 3594 4725 οὐκέτι
3622 4674 3697 4733 ὡς
3726 4670 3840 4729 ἔθος

2257 4754 2406 4826 αὐτῷ
2436 4756 2817 4827 προσκυνῆσαι
2847 4757 3110 4828 ἠνέσχετο
3133 4777 3145 4792 ο
3177 4760 3261 4828 ἐφ’
3282 4754 3326 4829 ᾧ
3356 4762 3674 4834 χαλεπήνας
3702 4765 3729 4816 ὁ
3755 4761 3843 4816 τύ-

2258 4866 2486 4920 ραννος,
2523 4849 2576 4901 τί
2618 4848 2680 4919 δή
2725 4867 2858 4903 ποτε
2896 4856 3050 4921 παρὰ
3084 4856 3151 4908 rb‘
3182 4856 3375 4917 εἰωθὸς
3411 4856 3539 4927 ἄρτι
3576 4860 3838 4927 πράττοι,

2256 4941 2664 4997 διεπυνθάνετο.
2696 4942 2955 5015 Ὀτιπερ,
2983 4945 3195 5014 ἔλεγεν,
3224 4949 3437 5002 οὐδέπω
3465 4948 3541 5013 ὡς
3571 4950 3664 5004 νῦν
3691 4951 3839 5019 εισή-

2255 5031 2415 5102 χθην,
2469 5033 2764 5102 προδοῦναι
2811 5035 2903 5086 τὸν
2952 5036 3130 5107 ἀληθῆ
3179 5039 3313 5091 Θεὸν
3367 5040 3712 5110 βιαζόμενος.
3752 5040 3838 5100 Ὠς

2256 5121 2386 5189 γοῦν
2406 5124 2677 5193 μηδεμιᾶς
2695 5125 2921 5196 ἐνούσης
2940 5127 3226 5198 διαφορᾶς,
3247 5133 3315 5182 τὰ
3343 5135 3576 5187 εἰωθότα
3596 5135 3835 5187 ἐποίουν·

2256 5216 2351 5267 νῦν
2400 5218 2446 5270 δ’
2474 5218 2531 5269 οὐ
2576 5219 2735 5288 θέμις
2776 5217 2918 5272 εἶναι
2962 5223 3171 5291 νομίζω
3199 5241 3211 5254 ·
3253 5226 3393 5296 ὑπὲρ
3434 5229 3544 5298 γὰρ
3586 5226 3839 5295 ἀληθείας

2257 5307 2349 5359 καὶ
2394 5310 2491 5376 τῆς
2541 5311 2778 5375 πίστεως
2826 5315 2854 5365 ὀ
2911 5314 3083 5380 ἀγών.
3146 5318 3407 5389 Σαϐώρης
3448 5320 3507 5373 δὲ
3555 5323 3645 5373 τὸν
3692 5321 3839 5391 ἥλιον

2256 5403 2588 5467 προσκυνεῖν
2625 5404 3036 5473 κατηνάγκαζε.
3071 5410 3162 5478 Μὴ
3200 5416 3375 5465 ποιεῖν
3407 5414 3452 5467 δ’
3479 5415 3835 5483 αἱρούμενον,

2254 5492 2313 5543 οὐ
2352 5493 2513 5560 μόνον
2547 5495 2710 5547 αὑτὸν
2741 5496 3005 5552 διολέσειν
3033 5502 3251 5570 ἠπείλει
3274 5544 3289 5568 ,
3325 5506 3462 5558 ἀλλὰ
3493 5509 3591 5560 καὶ
3621 5508 3839 5577 σύμπαν

2257 5582 2422 5652 φῦλον
2456 5585 2565 5638 τῶν
2600 5589 2778 5642 ἐκεῖσε
2815 5592 3180 5662 Χριστιανῶν.
3222 5597 3376 5649 Ἐπεὶ
3409 5598 3466 5650 δέ
3500 5599 3626 5651 οὔτε
3661 5599 3839 5667 λόγοις

2254 5675 2445 5729 τοῦτον
2479 5683 2872 5751 κατακτυπῶν,
2906 5683 3017 5737 οὔτ’
3043 5688 3401 5756 ἐπαγγελίαις
3436 5691 3674 5760 χαυνῶν,
3709 5706 3842 5761 προ-

2253 5767 2436 5821 δοῦναι
2472 5771 2530 5822 τὸ
2570 5772 2755 5839 σέϐας,
2790 5776 2877 5828 καὶ
2912 5777 3003 5830 τὸν
3030 5779 3220 5834 Ἥλιον
3260 5783 3469 5853 μήποτε
3514 5783 3838 5853 προσκυνεῖν
