4118 6504
1923 196 1945 227 l

526 438 546 503 1
559 442 625 503 359

1739 435 2174 500 NICEPHORI
2225 440 2572 502 CALLISTI

3669 443 3760 509 HO

518 562 659 630 giam
702 566 796 611 aut
843 571 1071 620 regnum
1126 554 1425 626 quidquam
1473 554 1803 619 admiserit,
1860 556 1955 608 sed
2000 554 2093 623 qui

2212 557 2389 626 ἀνδρὸς
2413 598 2428 620 ,
2461 557 2672 627 τάχιστ’
2699 555 2765 610 ἂν
2798 557 3099 610 παὸσαιντο
3129 557 3314 609 σέϐειν
3346 558 3599 629 Χριστόν.
3627 560 3762 629 Χρή⁸

519 668 672 707 sacra
703 651 1139 705 Christianorum
1172 648 1470 717 professus,
1505 646 1730 700 minime
1757 646 1868 714 regi
1907 659 2097 714 parcre

519 747 775 809 voluerit,
832 753 891 797 ut
925 757 1086 812 quem
1134 741 1393 795 ardenter
1423 738 1660 793 coluerit
1715 737 1824 792 Deo
1876 748 2095 807 negato,

522 856 623 909 pro
655 838 751 891 illo
789 836 903 891 Soli
938 835 1187 888 divinum
1247 832 1411 885 ferret
1467 832 1733 885 honorem
1761 870 1776 892 ,
1810 839 2098 899 propterea

523 933 850 1002 supplicium
888 930 1181 982 sustinere.
1213 927 1392 995 Atque
1444 924 1820 980 internuntius
1870 924 1984 977 hanc
2023 921 2098 976 ita

524 1022 812 1091 significat.
846 1018 1085 1087 Sapores
1114 1027 1296 1071 autem
1329 1017 1650 1084 petitionem
1690 1014 1898 1083 implet.
1930 1013 2098 1068 Recte

525 1126 759 1181 namque
795 1108 1286 1177 promulgationem
1334 1106 1668 1175 ejuseemodi
1699 1120 1951 1159 casuram
1997 1119 2097 1172 pu-

526 1205 692 1258 tabat.
722 1203 937 1257 Etenim
968 1204 1016 1257 si
1067 1201 1368 1255 Christiani
1397 1215 1521 1253 cum
1561 1200 1759 1252 animis
1785 1198 1899 1251 suis
1929 1212 2097 1265 repu-

524 1305 720 1357 tarent,
764 1295 900 1350 nulli
933 1295 1000 1349 de
1025 1303 1223 1349 caetero
1276 1307 1493 1362 parsum
1523 1293 1613 1354 iri,
1653 1290 1875 1360 quando
1924 1289 2098 1341 nutri-

523 1388 642 1441 cius
689 1398 740 1441 et
776 1396 883 1440 tam
921 1385 1123 1440 charus
1174 1384 1285 1452 regi
1337 1383 1421 1437 vir
1458 1392 1771 1442 necaretur,
1807 1379 2097 1433 celerrime

523 1494 618 1531 (eos
646 1478 928 1532 Christum
979 1476 1158 1529 colere
1192 1474 1484 1527 desituros.
1532 1472 1800 1526 Przuterea
1844 1486 1975 1523 vero
2018 1469 2097 1523 fa-

525 1582 673 1623 ctum
736 1569 788 1622 id
851 1565 1141 1621 Usthazani
1194 1578 1414 1634 quoque
1468 1562 1814 1616 commodum
1877 1559 2092 1614 accidit.

524 1659 997 1727 Quemadmodum
1022 1658 1167 1711 enim
1196 1697 1210 1721 ,
1243 1671 1366 1709 cum
1402 1655 1599 1708 timore
1626 1652 1898 1707 adductus
1926 1652 2095 1705 solem

523 1752 798 1812 adoravit,
834 1750 1037 1805 multos
1081 1765 1149 1803 ex
1197 1745 1526 1802 Christianis
1558 1753 1903 1798 transversos
1924 1743 2036 1812 egit
2077 1760 2092 1796 :

526 1847 596 1900 ita
624 1846 931 1899 imitatores
959 1843 1081 1912 ejus
1114 1855 1335 1895 rursum
1373 1838 1545 1892 futuri
1574 1838 1788 1891 fuerant
1824 1837 1937 1897 illi,
1969 1850 2095 1889 cum

2204 665 2365 716 σιμον
2400 650 2443 701 δ’
2469 650 2671 719 ἑτέρως
2715 651 2812 704 καὶ
2844 650 3178 721 Οὐσθαζάνῃ
3219 651 3504 704 συνέϐαινε
3538 651 3600 705 τὸ
3637 672 3762 722 πραο

2202 739 2330 807 χθὲν
2372 736 2532 793 εἶναι.
2569 740 2845 809 Ὀπηνίκα
2887 742 2998 808 γάρ
3041 742 3224 804 δείσας
3263 742 3364 807 τὴν
3409 742 3762 813 προσκύνησιν

2200 832 2468 900 ἀφωσίου,
2497 832 2729 896 πολλοὺς
2754 833 3015 900 ἐκλόνησε
3042 834 3150 886 τῶν
3175 833 3520 905 Χριστιανῶν
3539 850 3555 866 ο
3581 835 3764 905 ἐπίσης

2200 925 2245 977 δ’
2267 921 2420 989 αὖθις
2453 922 2593 979 εἶναι
2625 926 2874 997 μιμητὰς
2907 928 3182 993 γενέσθαι,
3210 926 3265 979 ετ
3288 944 3351 995 γε
3387 927 3609 996 μάθοιεν
3636 927 3766 993 ὑπὲρ

2199 1016 2301 1086 τῆς
2334 1018 2574 1087 ἀληθοῦς
2610 1020 2909 1089 θρησκείας
2943 1019 3314 1089 ἀνῃρημένον.
3352 1018 3463 1072 Καὶ
3496 1018 3766 1083 Οὐσθαςά-

2202 1122 2301 1173 νης
2346 1109 2447 1173 μὲν
2489 1106 2666 1171 οὕτως
2706 1107 2905 1178 ἐνδόξῳ
2945 1108 3098 1178 βιοτῇ
3145 1107 3439 1162 ἐτελεύτα·
3480 1109 3546 1178 τῇ
3585 1108 3628 1160 δ’
3654 1109 3768 1176 ἑξῆς

2202 1199 2294 1251 καὶ
2340 1196 2638 1268 Συμεώνην
2684 1199 2940 1269 βασιλεὺς
2989 1199 3241 1253 ἐκέλευεν
3289 1201 3556 1269 ἀναιρεῖν.
3584 1193 3689 1253 Ἦν
3729 1200 3770 1251 δ’

2200 1290 2387 1360 ἡμέρα
2425 1293 2458 1360 ἡ
2498 1291 2605 1361 πρὸ
2635 1291 2737 1360 τῆς
2774 1292 3128 1361 κυριωνύμου
3166 1292 3262 1345 καὶ
3302 1292 3508 1359 demi];
3544 1290 3773 1361 Χριστοῦ

2200 1385 2574 1446 ἀναστάσεως.
2617 1384 2726 1438 Καὶ
2769 1384 2962 1446 ἄλλους
3003 1382 3049 1437 δ’
3077 1385 3273 1451 ἐπίσης
3314 1384 3548 1438 κτείνειν
3589 1384 3775 1436 ὲκατύν

2205 1475 2498 1544 δεσμώτας
2533 1477 2926 1545 προσέταττεν.
2965 1478 3290 1531 Ἐπίσκοποι
3320 1476 3366 1529 δ’
3392 1472 3533 1547 ἦσαν
3566 1477 3659 1530 καὶ
3689 1475 3776 1530 ἀλ-

2200 1569 2282 1622 λοι
2310 1569 2406 1623 τοῦ
2438 1571 2742 1638 καταλόγου
2774 1571 2883 1625 τῶν
2916 1571 3101 1641 ἱερῶν.
3138 1568 3203 1624 Ὀ
3236 1570 3338 1639 μὲν
3368 1569 3463 1624 οῦν
3496 1567 3779 1638 Συμεὼνης

2200 1662 2536 1731 προσαχθεὶς
2558 1702 2575 1725 ,
2606 1661 2718 1715 οὐτ’
2747 1661 2898 1733 αὐτῷ
2928 1661 3053 1715 οὐτε
3092 1662 3265 1731 Ἦλίῳ
3296 1662 3626 1730 προσκυνεῖν
3657 1656 3779 1728 see.

2199 1753 2312 1815 λεν,
2351 1753 2654 1824 ἐλευθέρως
2700 1754 2847 1824 μάλα
2891 1756 3023 1822 περὶ
3060 1752 3155 1807 τοῦ
3201 1752 3470 1823 σφετέρου
3518 1752 3782 1819 δόγματος

2200 1842 2678 1911 διαγωνιζόμενος.
2713 1844 2773 1896 '0
2805 1843 2862 1895 δὲ
2902 1845 3159 1912 μέγιστος
3197 1843 3511 1912 ἀρχιμάγος
3536 1880 3552 1905 ,
3583 1843 3785 1906 ἀπαγι-

524 1955 623 2008 pro
656 1937 884 1991 veritate
919 1933 1199 2003 religionis
1245 1946 1446 1985 caesum
1497 1944 1619 1985 esse
1676 1936 2094 1999 cognoscerent.

2212 1907 2388 2002 μένοις
2418 1907 2634 1999 αὐτοῖς,
2665 1907 2994 2004 προφθάσας
3014 1938 3061 1988 εί
3096 1907 3372 2005 βούλοιντό
3401 1933 3538 2003 ζῇν,
3566 1931 3659 1984 καὶ
3690 1949 3784 1983 πα-

523 2033 699 2098 Αιιιυο
729 2026 1067 2084 Usthazanes
1101 2011 1321 2093 quidem
1357 2023 1429 2075 ita
1463 2021 1724 2091 praeclare
1754 2021 2094 2075 vitamsuam

524 2121 687 2175 finiit.
737 2121 961 2173 Postera
1004 2124 1190 2169 autent
1236 2114 1326 2169 die
1364 2113 1689 2184 Symconem
1737 2125 1958 2181 quoque
2005 2127 2098 2165 rex

521 2211 780 2268 trucidari
808 2207 1085 2278 praecepit.
1117 2206 1252 2260 Erat
1283 2215 1467 2259 autem
1493 2219 1558 2259 ea
1591 2203 1713 2259 dies
1734 2242 1750 2265 ,
1786 2218 1909 2272 quae
1934 2216 2099 2256 vene-

524 2305 746 2367 randam
786 2296 1122 2353 Dominicam
1149 2294 1613 2350 resurrectionem
1645 2292 1855 2349 Christi
1895 2306 2097 2361 praece-

519 2395 618 2448 dit.
656 2390 820 2463 613
842 2388 987 2455 Quin
1017 2396 1072 2443 et
1096 2386 1234 2442 alios
1267 2386 1456 2441 itidem
1485 2397 1707 2441 centum
1742 2385 1977 2450 vinctos,
2005 2382 2102 2454 qui

519 2498 584 2533 ex
616 2478 891 2547 episcopis
920 2485 975 2530 et
997 2476 1107 2530 alio
1149 2490 1307 2529 sacro
1335 2475 1534 2529 ordine
1566 2483 1730 2529 erant
1755 2514 1770 2535 ,
1801 2484 1916 2527 tum
1943 2474 2108 2543 jugu-

525 2573 628 2625 Iari
691 2569 877 2642 jussit.
937 2566 1237 2638 Symeones
1303 2566 1471 2635 igitur
1528 2565 1869 2635 productus,
1929 2579 2106 2634 neque

526 2664 629 2732 ipsi
697 2662 807 2730 regi
870 2675 1049 2730 neque
1103 2657 1218 2715 Soli
1276 2658 1617 2712 adorationis
1672 2657 1878 2712 cultum
1950 2655 2111 2710 exhi-

522 2757 654 2809 bere
701 2754 927 2817 volens,
972 2765 1235 2820 perquam
1282 2750 1458 2805 libere
1509 2757 1566 2804 et
1615 2748 1832 2803 fortiter
1889 2748 1959 2804 de
2010 2748 2111 2803 do-

523 2859 705 2918 gmate
762 2862 861 2901 suo
918 2845 1240 2900 decertavit.
1289 2842 1555 2896 Maximus
1601 2856 1773 2911 porro
1838 2841 2113 2896 archima-

522 2959 657 3014 επις,
692 2943 808 2994 sive
856 2951 1137 3008 magorum
1168 2937 1444 3005 princeps.
1478 2949 1602 2987 cum
1652 2933 1777 2988 illos
1826 2934 2111 2998 abductos,

528 3054 596 3089 an
650 3035 858 3092 vivere.
912 3042 967 3086 et
1019 3046 1132 3083 rem
1185 3029 1428 3083 divinam
1482 3025 1553 3081 de
1611 3026 1756 3097 regis
1816 3028 1901 3082 sui
1963 3042 2116 3083 more

524 3132 709 3184 Licere
762 3125 988 3187 vellent,
1018 3122 1450 3191 interrogasset,
1499 3127 1664 3189 atque
1714 3118 1766 3174 id
1809 3119 1886 3173 illi
1931 3119 2115 3175 cuncti

2207 2026 2524 2096 ραπλησίως
2559 2028 2776 2097 βασιλεῖ
2803 2027 3131 2099 θρησκεύειν
3157 2029 3420 2098 αἱροῖντο,
3451 2023 3663 2097 ἠρώτα.
3697 2025 3781 2083 Ὠς

2203 2118 2248 2170 δ’
2273 2118 2537 2188 ἀπηξίουν
2575 2117 2850 2187 ἅπαντες,
2888 2124 2955 2190 τῇ
2996 2121 3266 2192 καταδίκῃ
3303 2121 3639 2188 ἐπέστησαν.
3679 2119 3726 2171 Κ
3763 2117 3784 2168 ὶ

2204 2209 2253 2265 οί
2298 2213 2397 2281 μὲν
2432 2213 2618 2282 δήμιοι
2658 2215 2793 2285 περὶ
2831 2213 2933 2278 τὰς
2964 2215 3073 2268 τῶν
3113 2213 3413 2284 μαρτύρων
3447 2209 3791 2267 διεπονοῦντο

2207 2302 2429 2372 σφαγάς
2454 2320 2468 2334 ⁸
2501 2303 2800 2375 Συμεώνης
2830 2306 2888 2359 δὲ
2918 2306 3108 2375 παρὼν
3130 2346 3146 2368 ,
3180 2305 3406 2376 θαρσεῖν
3438 2321 3497 2357 τε
3530 2303 3744 2357 ἐκέλευε
3772 2338 3787 2362 ,

2207 2396 2304 2451 καὶ
2337 2396 2726 2466 ὑπεμίμνησκε
2763 2398 2893 2467 περί
2923 2414 2984 2450 τε
3019 2396 3258 2451 θανάτου
3297 2396 3392 2449 xui.
3426 2395 3530 2465 τῆς
3565 2392 3788 2448 αἰωνίου

2209 2488 2355 2558 ζωῆς
2379 2504 2393 2521 ο
2429 2488 2510 2541 ἔτι
2548 2490 2607 2542 δὲ
2644 2490 2738 2544 καὶ
2786 2489 2920 2559 περὶ
2961 2489 3312 2551 ἀναστάσεως
3351 2488 3451 2541 καὶ
3491 2485 3792 2545 εὐσεϐείας.

2211 2581 2490 2652 Παράγων
2524 2582 2582 2634 δὲ
2621 2581 2715 2635 καί
2752 2597 2907 2644 τινας
2953 2581 3265 2651 μαρτυρίας
3301 2579 3415 2634 τῶν
3459 2579 3627 2651 ίερῶν
3665 2578 3798 2649 Pp:-

2212 2675 2349 2743 φῶν,
2377 2675 2664 2729 ὲπιστοῦτο
2691 2673 2962 2743 γενναίως
2991 2670 3317 2736 ἀποδεικνὺς
3341 2673 3438 2726 τὸν
3466 2672 3699 2728 θάνατον
3725 2665 3797 2724 εἷο

2213 2784 2303 2823 ναι
2325 2769 2476 2839 ζωήν
2491 2785 2506 2801 ’
2532 2769 2596 2822 τὸ
2617 2767 2673 2822 δὲ
2696 2769 2786 2824 διὰ
2808 2768 3011 2823 δειλίαν
3028 2769 3092 2821 τὸ
3118 2767 3286 2831 σέϐας
3311 2765 3637 2837 προδοῦναι,
3660 2764 3799 2819 τοῦτ’

2214 2856 2358 2915 εἶναι
2387 2859 2619 2915 θάνατον
2648 2860 2890 2933 ἀληθῶς.
2922 2861 2999 2914 υύ
3029 2861 3172 2915 πάνυ
3202 2859 3313 2931 γάρ
3344 2859 3545 2930 πόρῤω
3575 2859 3674 2912 καὶ
3704 2875 3800 2925 μη·

2213 2954 2366 3017 δενδς
2400 2954 2709 3020 κτείνοντος
2730 2995 2747 3023 ,
2780 2955 3095 3025 αὐτόματον
3126 2954 3344 3024 ἀνάγκη
3379 2954 3685 3024 ἑπιστῆναι
3716 2952 3804 3004 τὸν

2217 3045 2471 3102 θάνατον.
2505 3047 2681 3101 Τοῦτο
2713 3047 2825 3118 γὰρ
2861 3049 3109 3117 ἄφυκτον
3142 3047 3306 3101 παντὶ
3340 3047 3608 3115 γέννησιν
3640 3045 3803 3113 ἐσχη-

2218 3139 2357 3193 κότι.
2387 3138 2471 3194 Τὰ
2497 3134 2545 3193 δ’
2566 3139 2826 3194 είσέπειτθ
2851 3141 2999 3194 ἀΐδια
3029 3138 3178 3200 δντα,
3210 3138 3307 3191 καὶ
3338 3134 3434 3192 τόν
3462 3137 3644 3191 αἰῶνα
3675 3136 3809 3206 μάρέ

529 3225 965 3278 detrectassent,
1010 3214 1077 3267 ad
1131 3212 1461 3282 supplicium
1524 3225 1718 3267 omnes
1768 3211 2106 3267 condemnati

2219 3242 2359 3296 τυρα
2392 3225 2619 3295 ἔχοντα,
2649 3226 2712 3279 οὐ
2748 3227 2884 3281 πᾶσι
2919 3227 3138 3289 πάντως
3170 3225 3363 3295 ἕψεται
3386 3238 3405 3253 ·
3446 3225 3568 3279 ἀλλ’
3595 3222 3813 3290 ἑκάστῳ

531 3320 681 3366 sunt.
716 3308 782 3362 Et
833 3304 1123 3363 carnifices
1162 3304 1382 3374 quidem
1437 3303 1506 3359 ad
1557 3312 1791 3359 mortem
1857 3305 2119 3377 martyri-

528 3405 635 3459 bus
671 3399 1008 3456 inferendam
1043 3398 1506 3467 accingebantur;
1538 3395 1837 3463 Symeones
1860 3413 1992 3452 vero
2021 3398 2116 3465 qui

529 3495 738 3555 aderat,
772 3487 1027 3560 praesenti
1062 3486 1245 3541 animo
1289 3502 1409 3541 esse
1464 3496 1521 3541 et
1549 3486 1829 3540 conlidere
1883 3501 1978 3541 eos
2002 3486 2118 3556 jus-

526 3588 645 3643 sit:
700 3594 864 3653 atque
918 3585 974 3637 in
1038 3583 1358 3637 memoriam
1411 3580 1493 3635 eis
1548 3578 1822 3634 revocavit
1883 3587 2116 3633 mortem

524 3677 690 3733 simul
725 3685 782 3731 et
815 3675 980 3729 vitam
1010 3674 1400 3740 sempiternam
1429 3712 1444 3737 ,
1476 3670 1937 3725 resurrectionem
1972 3684 2111 3737 quo-

522 3786 654 3840 que,
700 3777 755 3824 et
800 3782 985 3822 veram
1035 3765 1320 3834 pietatem.
1362 3762 1431 3817 Et
1484 3761 1802 3817 testimonia
1856 3760 2108 3826 quaedam

523 3874 810 3917 sacrarum
844 3858 1176 3913 Litterarum
1238 3855 1521 3909 adducens
1601 3851 1762 3907 facile
1817 3851 1976 3905 fidem
2031 3849 2112 3905 fa-

525 3954 709 4008 ciebat
748 3950 984 4004 orationi
1027 3963 1191 4003 sute:
1246 3954 1481 4001 mortem
1543 3943 1756 3998 scilicet
1819 3944 2095 3997 aflirmans

522 4061 647 4100 esse
675 4042 886 4105 vitam;
910 4051 966 4096 at
1005 4040 1050 4094 si
1085 4038 1211 4108 quis
1240 4052 1340 4107 per
1372 4033 1723 4089 timiditatem
1768 4034 1978 4089 cultum
2017 4032 2113 4087 Dei

523 4130 860 4197 deserat,id
903 4131 1124 4186 demum
1169 4142 1353 4182 veram
1421 4138 1544 4180 esse
1605 4135 1858 4179 mortem.
1918 4124 2109 4192 Neque

526 4230 600 4282 ita
626 4227 861 4281 ntltuum
893 4224 1086 4279 abesse
1127 4230 1378 4289 tempus,
1416 4216 1632 4272 etiamsi
1679 4233 1842 4270 nemo
1870 4217 2107 4277 occidat,

525 4321 660 4388 quin
704 4332 803 4371 sua
867 4316 984 4382 ipsa
1034 4320 1232 4380 sponte
1282 4323 1435 4362 mors
1489 4319 1687 4375 praesto
1718 4307 1832 4360 sit:
1896 4308 2104 4375 quippe

527 4426 692 4480 quam
718 4406 947 4467 nemini,
982 4403 1073 4473 qui
1110 4402 1328 4473 genitus
1355 4401 1445 4463 sit,
1478 4397 1721 4468 effugere
1755 4398 1936 4451 liceat.
1979 4399 2111 4463 Quae

527 4511 715 4556 autem
759 4501 943 4553 futura
978 4495 1086 4549 sint
1115 4502 1343 4556 aeterna,
1378 4499 1434 4544 et
1482 4504 1657 4543 aevum
1695 4489 1874 4558 ipsum
1915 4498 2109 4543 testem

2218 3319 2458 3391 ἀκριϐής
2490 3336 2576 3383 τις
2607 3321 2969 3388 ἐπιστήσεται
3004 3317 3226 3385 στάθμη
3247 3358 3261 3382 ,
3296 3316 3388 3370 τὸν
3427 3317 3666 3371 ἐνταῦθα
3704 3314 3813 3385 βίον

2220 3412 2526 3466 εὐθύνουσα
2551 3428 2564 3442 ·
2602 3412 2696 3466 καὶ
2735 3410 2965 3479 λήψεταί
3004 3426 3064 3479 γε
3096 3412 3194 3473 τὰς
3228 3409 3475 3479 ἀμοιϐὰς
3513 3410 3747 3471 ἕκαστος
3780 3405 3810 3473 ἦ

2218 3504 2525 3566 ἀθανάτους
2555 3497 2630 3555 ῶν
2660 3502 2867 3572 ἔπραξε
2900 3504 3008 3557 τῶν
3037 3502 3324 3573 χρηστῶν,
3356 3504 3416 3556 ὲν
3452 3502 3559 3568 ἴσῳ
3587 3501 3633 3555 δ’
3662 3496 3814 3560 αὖθλς

2217 3592 2319 3654 τὰς
2345 3592 2575 3655 εὐθύνας
2602 3593 2809 3662 ἕτερος.
2840 3590 3029 3661 Πολλῷ
3057 3592 3113 3644 δὲ
3139 3592 3251 3659 ἀρα
3278 3592 3510 3646 πάντων
3539 3592 3731 3661 μεῖζον
3762 3589 3817 3640 τὸ

2220 3684 2362 3753 ὑπὲρ
2395 3684 2533 3738 Θεοῦ
2568 3685 2841 3753 προέσθαι
2872 3684 2935 3738 τὸ
2970 3682 3071 3754 ζῇν
3098 3701 3112 3715 ο
3146 3683 3174 3736 δ
3207 3683 3314 3736 τῶν
3348 3685 3487 3754 παρ’
3517 3686 3656 3755 ἡμῖν
3686 3685 3817 3751 ἀγα-

2220 3776 2329 3830 θῶν
2358 3776 2587 3846 ἔσχατον
2617 3778 2711 3830 καὶ
2746 3775 3201 3847 μακαριώτατον.
3235 3774 3483 3830 Τοιαῦτα
3519 3772 3819 3847 Συμεὼνης

2216 3862 2305 3922 οἶά
2335 3885 2417 3930 τις
2454 3867 2662 3934 ἀγαθὸς
2693 3869 3058 3937 παιδοτρίϐης
3090 3867 3226 3938 πρὸς
3257 3868 3388 3931 τοὺς
3419 3868 3653 3937 ἀγῶνας
3686 3869 3822 3922 ὐπα-

2216 3963 2448 4031 λείφων,
2492 3962 2776 4032 εὐθαρσῶς
2818 3956 2958 4034 πρός
2996 3963 3099 4026 τὰς
3136 3964 3358 4030 σφαγὰς
3399 3966 3614 4035 χωρεῖν
3656 3978 3824 4031 παρε-

2218 4056 2506 4120 σκεύαζεν.
2536 4057 2691 4110 Ἐπεὶ
2713 4057 2771 4109 δὲ
2795 4058 2924 4119 τούς
2949 4057 3145 4110 ἑκατὸν
3168 4058 3197 4110 ὁ
3223 4057 3426 4125 δήμιος
3453 4057 3793 4128 διεχρήσατο
3810 4094 3821 4111 .

2215 4149 2367 4213 τέλος
2400 4149 2496 4202 κα)⁸
2531 4149 2695 4202 αὑτὸν
2730 4148 3027 4218 Συμεώνην
3060 4149 3243 4215 ὑπῆγε
3277 4147 3357 4219 τῷ
3401 4148 3585 4219 ξίφει.
3627 4150 3718 4203 Ἐν
3749 4141 3825 4204 οἷς

2215 4237 2360 4312 ἦσαν
2395 4241 2492 4294 καὶ
2526 4239 2899 4310 Ἀϐδεχσλάας
2945 4243 3039 4293 καὶ
3077 4239 3347 4305 Ἀνίννας,
3392 4241 3723 4313 πρεσϐῦται
3766 4238 3826 4304 δὴ

2218 4333 2314 4386 καὶ
2361 4330 2734 4402 πρεσϐύτεροι
2783 4331 2885 4400 τῆς
2933 4330 3053 4384 κατ’
3080 4330 3245 4383 αὐτὸν
3295 4331 3641 4399 ἐκκλησίας.
3695 4328 3826 4398 ἰ’ρὲ-

2220 4438 2379 4491 μοντι
2406 4422 2463 4474 δὲ
2489 4420 2569 4489 τῷ
2599 4421 2814 4492 Ἀνίννᾳ
2839 4418 2918 4489 τῷ
2945 4420 3082 4492 πρὸς
3109 4419 3211 4487 τὴν
3239 4419 3465 4487 σφαγὴν
3497 4418 3829 4489 εὐτρεπίζε⁸

2221 4514 2369 4577 σθαι,
2398 4512 2674 4581 Πουσίκης
2701 4513 2730 4563 ό
2755 4511 2865 4564 τῶν
2888 4510 2982 4564 τοῦ
3012 4511 3279 4581 βασιλέως
3304 4511 3634 4581 ἡγούμενος
3662 4527 3837 4579 τεχνι-

531 4591 942 4655 babentia,non
973 4601 1167 4641 omnes
1196 4599 1263 4637 ex
1282 4598 1441 4653 aequo
1463 4596 1689 4652 prorsus
1720 4591 2106 4646 consecutura,

2222 4605 2353 4666 τῶν,
2388 4603 2572 4657 Μύσον
2593 4641 2608 4666 ,
2629 4577 2797 4670 -έλεγε
2817 4642 2832 4665 ,
2866 4577 3066 4671 γέρον,
3095 4602 3187 4654 ἐπὶ
3220 4577 3439 4671 βραχὺν
3463 4577 3678 4671 *χρόνον
3709 4577 3836 4660 τοῦς

531 4686 628 4741 sed
664 4683 966 4751 unicuique
991 4688 1196 4734 certam
1231 4676 1525 4747 quamdam
1571 4684 1625 4728 et
1663 4685 1909 4731 exactam
1955 4677 2115 4730 adhi-

533 4778 708 4831 bitqu
734 4774 958 4842 iri,quaa
978 4771 1142 4823 vitam
1169 4768 1257 4822 bic
1275 4775 1451 4822 actam
1481 4767 1779 4832 examinet,
1807 4767 2069 4821 amuSs-im
2094 4781 2113 4821 :

534 4876 1005 4933 acceptorumque
1037 4862 1343 4932 quemlibet
1377 4876 1476 4930 pro
1511 4859 1775 4930 operibus
1809 4859 1926 4913 suis
1954 4859 2116 4914 bonis

535 4958 761 5031 praemia
792 4955 1147 5018 immortalia,
1170 4963 1335 5023 atque
1364 4952 1555 5022 itidem
1595 4966 1816 5006 rursum
1846 4951 2119 5021 supplicia

538 5068 638 5121 pro
672 5050 830 5106 malis
860 5047 1193 5119 perpetratis
1238 5045 1602 5116 sempiterna.
1641 5044 1935 5098 Maximum
1968 5058 2113 5109 esse,

534 5159 763 5216 prorsus
809 5144 977 5197 vitam
1029 5156 1127 5211 pro
1175 5140 1399 5194 nomine
1454 5137 1551 5192 Dei
1605 5137 1897 5207 projicere,
1950 5145 2118 5206 atque

536 5238 679 5309 apud
712 5252 814 5293 nos
843 5236 1113 5290 bonorum
1156 5233 1402 5287 omnium
1442 5246 1718 5285 summum
1763 5241 1819 5283 et
1868 5229 2119 5284 felicissi-

537 5346 712 5385 mum.
755 5326 1043 5400 Ejusmodi
1088 5324 1272 5380 verbis
1307 5323 1626 5392 Symeones,
1662 5320 1836 5376 veluti
1890 5320 2115 5390 quidam

536 5425 715 5479 bonus
769 5419 1092 5492 pmtlotriba,
1159 5417 1227 5471 ad
1271 5416 1572 5471 certamina
1624 5413 1931 5483 discipulos
1987 5429 2119 5468 suos

539 5516 840 5575 inStruens,
869 5510 1074 5581 ingenti
1134 5509 1331 5563 fiducia
1372 5507 1494 5560 illos
1524 5507 1590 5559 ad
1622 5506 1829 5560 eodem
1860 5507 2115 5575 progredi

2226 4697 2357 4758 σοὺς
2385 4692 2723 4764 ὀφθαλμοὺς,
2753 4696 2849 4747 καὶ
2880 4693 3101 4762 θαρσῶν
3128 4693 3281 4759 δέξαι
3308 4694 3368 4745 τὸ
3401 4694 3594 4763 ξίφος.
3629 4696 3840 4747 Λύτίκα

2223 4785 2268 4838 δ’
2293 4784 2414 4852 ὄψει
2446 4785 2506 4838 τὸ
2539 4785 2686 4855 μέγα
2718 4784 2833 4851 φῶς
2864 4784 2960 4836 τοῦ
2993 4782 3151 4835 Θεοῦ.
3184 4781 3353 4836 Ταῦτ’
3378 4784 3570 4836 εἰπὼν
3597 4825 3611 4846 ,
3649 4783 3838 4847 συλλη-

2228 4875 2384 4943 φθεὶς
2432 4874 2508 4936 ὡς
2553 4875 2786 4944 βασιλέα
2834 4874 3107 4942 ἀνήγετο’
3156 4872 3254 4925 καὶ
3298 4872 3657 4940 Χριστιανὸς
3706 4870 3844 4924 εἶναι

2228 4963 2539 5031 ὁμολογῶν,
2566 4962 2641 5026 ὡς
2673 4961 3060 5032 ὲλευθεριάσας
3092 4961 3235 5029 ὑπὲρ
3265 4959 3361 5013 τοῦ
3398 4961 3691 5030 δόγματος
3712 5002 3726 5022 ,
3757 4978 3789 5011 κ
3823 4962 3845 5004 ιὶ

2230 5053 2371 5125 ὑπὲρ
2402 5056 2510 5108 τῶν
2545 5054 2842 5125 μαρτύρων
2871 5053 2948 5124 τῷ
2983 5052 3199 5122 βασιλεῖ
3228 5053 3523 5116 ἀντιστὰς,
3562 5054 3644 5123 μὴ
3679 5068 3849 5117 προσ·

2226 5149 2477 5214 ηκόντως
2498 5151 2563 5217 τῇ
2594 5147 2881 5218 παρρησίᾳ
2903 5145 3275 5216 χρησάμενος.
3303 5145 3489 5213 καινῷ
3513 5163 3629 5197 τινι
3658 5143 3848 5214 τρόπῳ

2226 5237 2600 5305 κατεδικάσθη
2632 5236 2816 5290 θανεῖν
2838 5252 2855 5269 ο
2882 5236 3105 5306 δρυγμα
3135 5235 3244 5303 γὰρ
3275 5238 3674 5305 πεποιηκότες
3710 5252 3849 5287 κατι

2227 5328 2321 5383 τοῦ
2353 5329 2600 5390 τένοντος
2624 5370 2637 5391 ,
2672 5328 2883 5381 ἐκεῖθεν
2914 5330 3016 5397 τὴν
3049 5325 3303 5395 γλῶτταν
3332 5326 3719 5381 ἀνείλκυσαν.
3752 5324 3855 5375 ’Ἕκ

2226 5435 2375 5482 τινος
2406 5419 2463 5472 δὲ
2492 5419 2749 5489 διαϐολῆς
2781 5419 2874 5472 καὶ
2911 5418 3156 5488 θυγάτηρ
3186 5417 3353 5471 αὐτοῦ
3396 5420 3536 5490 ἱερά
3573 5420 3855 5488 παρθένος

2227 5510 2491 5581 ἀνῄρητο.

538 5617 624 5660 est
673 5607 1017 5661 cohortatus.
1075 5600 1345 5654 Czeterum
1400 5608 1686 5667 postquam
1737 5607 1959 5651 centum
2033 5600 2109 5654 illi
2187 5601 2418 5672 jugulati
2469 5611 2621 5666 sunt,
2669 5612 2948 5675 postremo
3000 5614 3056 5657 et
3100 5603 3216 5672 ipse
3270 5601 3599 5681 Symeones
3667 5604 3856 5677 gladio

539 5715 623 5758 est
654 5716 967 5771 percussus.
1002 5700 1149 5753 Inter
1190 5698 1289 5751 bos
1312 5696 1477 5750 etiam
1509 5696 1663 5749 fuere
1710 5694 2055 5749 Abdecltalas
2093 5707 2149 5749 et
2190 5699 2397 5752 Attinas
2425 5701 2528 5766 (1),
2579 5714 2740 5751 senes
2775 5699 2910 5766 jam,
2967 5706 3021 5751 et
3074 5697 3321 5752 seniores
3373 5712 3480 5753 seu
3534 5701 3858 5771 presbyteri

540 5795 785 5849 ecclesia:
812 5794 951 5862 ejus.
993 5791 1271 5845 Trementi
1323 5806 1452 5842 vero
1487 5789 1676 5845 Aninze
1706 5829 1719 5851 ,
1755 5791 1885 5842 dum
1954 5790 2019 5842 ad
2051 5792 2254 5845 εωιξριιι
2329 5802 2687 5862 pra-paratur,
2722 5791 2945 5843 Pusices
2987 5791 3263 5858 regiorum
3333 5791 3641 5848 artiﬁcum
3715 5812 3853 5865 pra:-

617 5915 692 5981 (Ι)
734 5910 811 5964 ,ιι
848 5909 1110 5963 Auanias.

2300 6004 2331 6015 ε,
