4118 6522
525 442 629 511 143

1748 432 2168 493 NICEPHORI
2210 432 2552 496 CALLISTI

3674 443 3766 511 ιιι

518 557 822 619 sultantes,
865 549 1196 608 incredibile
1234 547 1382 602 dictu
1428 555 1542 611 est,
1588 554 1792 615 quanta
1830 558 1955 599 cum
2004 543 2073 597 im

2219 543 2523 615 ’Δκεψιμᾶς
2562 547 2864 611 ἐπίσκοπος
2910 548 3099 619 ήγετο,
3134 548 3229 603 καὶ
3281 548 3466 604 πολλοὶ
3515 551 3621 606 τῶν
3665 553 3765 607 ὑπὸ

518 646 793 718 probitate
816 642 1094 699 Persidem
1117 650 1496 711 peragrantes,
1515 638 1807 707 episcopos
1829 646 1884 692 et
1910 651 2094 692 sacer-

516 740 676 792 dotes
724 735 1052 791 occiderint.
1107 730 1459 787 Potissimum
1510 738 1694 783 autem
1751 728 1806 781 in
1865 729 2092 798 regione

516 826 930 881 Adiabenorum
970 822 1354 877 crudelitatem
1385 834 1606 874 omnem
1636 818 1959 873 exhibuere.
1994 820 2092 873 Est

515 932 683 987 porro
730 930 795 970 ea
844 915 1063 970 Persica
1105 913 1285 983 regio,
1316 910 1598 967 Christum
1651 919 1765 966 tota
1801 909 2085 980 proﬁtens.

514 1006 718 1060 Eadem
753 1012 1080 1074 tempestate
1113 1011 1166 1056 et
1214 1002 1534 1071 Acepsimas
1565 1001 1859 1071 episcopus
1891 999 2090 1054 ductus

509 1108 613 1163 est,
643 1108 701 1152 et
732 1111 857 1151 cum
889 1110 956 1151 eo
983 1110 1049 1150 ex
1080 1095 1203 1165 ejus
1235 1094 1387 1149 clero
1426 1092 1709 1164 permulti.
1741 1092 1921 1161 Atque
1949 1090 2089 1145 alios

508 1184 734 1254 quidem
781 1182 1139 1239 facultatibus
1184 1197 1377 1237 eorum
1418 1181 1651 1250 direptis
1697 1180 2029 1235 dimiserunt
2069 1197 2085 1233 :

506 1276 854 1346 Acepsimam
885 1284 1074 1330 autem
1104 1272 1246 1344 magi
1277 1268 1460 1344 flagris
1489 1273 1680 1329 multis
1707 1274 2082 1336 verberatum,

506 1369 718 1439 ingenti
755 1369 805 1422 vi
846 1369 915 1423 ad
957 1367 1137 1423 Solem
1183 1365 1525 1421 adorandum
1554 1367 1778 1437 adigere
1815 1374 1949 1421 sunt
1987 1379 2083 1419 co-

505 1457 643 1512 nati.
684 1458 887 1511 Verum
924 1457 1017 1513 ubi
1054 1457 1193 1513 nihil
1222 1471 1407 1527 egere,
1435 1456 1645 1510 carceri
1679 1471 1807 1511 eum
1841 1454 2082 1510 incluse-

504 1557 656 1604 runt.
692 1550 867 1617 Quem
899 1550 1140 1606 Iacobus
1180 1549 1403 1621 quidam
1446 1548 1715 1619 dignitate
1753 1551 2080 1625 presbyter,

502 1656 603 1697 sua
649 1649 844 1709 sponte
889 1650 1138 1707 secutus,
1180 1656 1371 1712 magos
1397 1642 1608 1705 oravit,
1647 1651 1707 1694 ut
1736 1641 1790 1695 in
1821 1641 2081 1719 eumdem

503 1743 633 1785 cum
695 1730 791 1785 illo
852 1745 1131 1786 carcerem
1182 1732 1630 1801 protruderetur.
1684 1730 1764 1786 Ibi
1819 1730 2082 1800 episcopo

2199 633 2278 705 τῷ
2328 637 2518 707 κλήρῳ
2563 637 2865 692 τελούντων
2912 640 3089 710 αὐτῷ.
3137 641 3258 696 Τῶν
3305 644 3408 712 μὲν
3457 640 3551 698 οὖν
3597 644 3764 700 ἄλλων

2198 724 2523 794 ἀφελόμενοι
2572 726 2673 790 τὰς
2721 728 2933 796 οὐσίας,
2975 729 3144 784 εἴων·
3190 733 3497 802 Ἀκεψιμᾶν
3539 736 3584 789 δ’
3614 738 3764 807 ἱμᾶσι

2199 815 2413 881 πολλοῖς
2442 818 2649 889 ᾔκιζον,
2669 819 2763 874 καὶ
2787 820 2909 891 βίαν
2936 822 3146 890 ἐπῆγον
3174 824 3224 877 oi
3262 826 3433 894 μάγοι
3470 827 3563 882 τὸν
3581 829 3765 882 Ἥλιον

2197 912 2544 990 προσκυνεῖν.
2589 910 2679 973 Ὠς
2729 912 2774 965 δ’
2819 912 2921 967 οὐκ
2965 913 3205 982 ἔπειθον,
3259 916 3620 990 δεσμωτηρίῳ
3639 921 3767 974 καθ-

2195 993 2418 1064 εῖρξαν·
2456 987 2501 1064 ᾧ
2546 996 2691 1051 ἐκών
2751 1015 2838 1063 τις
2882 1000 3165 1071 ἠκολούθει
3215 987 3764 1080 Ἰάκωόοςίπρεσὸὂ-

2193 1094 2351 1149 τερος
2376 1080 2439 1134 τὸ
2482 1080 2721 1153 ἀξίωμα,
2748 1085 2935 1156 δέησιν
2965 1091 3079 1154 τοῖς
3132 1092 3333 1162 μάγοις
3370 1098 3763 1168 προσαγαγὼν,

2194 1169 2302 1223 ὑπὸ
2339 1173 2431 1225 τὸν
2477 1174 2646 1229 αὑτὸν
2696 1179 2952 1245 γενέσθαι
3001 1182 3224 1253 δεσμόν.
3268 1187 3505 1258 Γέροντα
3542 1191 3590 1244 δ’
3637 1191 3765 1246 ὄντα

2191 1260 2283 1314 τὸν
2317 1261 2615 1319 ἐπίσκοπον
2666 1267 3007 1338 ἐθεράπευεο
3051 1275 3148 1328 καὶ
3192 1277 3292 1341 τὰς
3335 1283 3624 1352 συμφοράς
3669 1302 3765 1352 με·

2191 1354 2492 1425 τριωτέρας
2537 1360 2603 1428 τῇ
2650 1361 2920 1434 προθύμῳ
2948 1365 3226 1437 ὑπηρεσίᾳ
3268 1370 3583 1439 είργάζετο.
3628 1375 3763 1429 Ὑπὸ

2193 1446 2253 1537 δὲ
2280 1446 2342 1500 τὸ
2369 1448 2500 1503 αὐτὸ
2521 1450 2897 1525 δεσμωτήριον
2927 1459 3020 1511 καὶ
3056 1460 3343 1527 ’Δειθαλᾶς
3389 1466 3765 1537 πρεσϐύτερος

2187 1533 2257 1610 ἦν
2280 1538 2525 1612 δέσμιος,
2570 1544 2771 1616 Ἰωσήφ
2816 1563 2875 1600 τε
2925 1551 3020 1602 καὶ
3065 1551 3385 1625 ’Δζαδάνης,
3415 1533 3509 1609 καὶ
3548 1533 3763 1627 ’Δὸδιι,-

2192 1633 2395 1700 σισυῢς,
2424 1634 2686 1702 διάκονοι,
2718 1638 2994 1708 μάστιγας
3053 1642 3313 1709 πλείστας
3356 1647 3445 1700 διὰ
3491 1648 3554 1702 τδ
3587 1649 3766 1720 δόγμα

2188 1722 2693 1797 ύπομεμενηκότες.
2736 1729 2891 1783 Ἐπεὶ
2917 1730 2975 1784 δέ
3007 1733 3186 1805 χρόνῳ
3219 1734 3445 1808 ὕστερον
3470 1742 3497 1793 ὁ
3526 1741 3765 1811 άρχιμά·

499 1822 796 1893 grand:evo
849 1822 1175 1888 subserviit,
1216 1836 1605 1892 aerumnasque
1639 1822 1758 1892 ejus
1788 1822 2073 1878 sedulitate

2188 1826 2284 1878 γος
2311 1812 2575 1885 Σαπώρου
2611 1818 3014 1889 κοινωσάμενος
3047 1823 3176 1893 περὶ
3195 1825 3424 1895 τούτων,
3457 1829 3535 1893 ὠς
3570 1831 3765 1899 ἐκείνῳ

500 1916 802 1971 ministerii
843 1916 926 1971 sui
972 1914 1249 1969 allevavit.
1289 1912 1350 1968 In
1382 1913 1591 1970 eisdem
1617 1915 1853 1970 vinculis
1897 1914 2071 1979 fuere,

2185 1902 2501 1976 βουλομένῳ
2551 1901 2620 1977 ἦν
2673 1913 2941 1982 τιμωρεῖν
2990 1891 3197 1979 ἐκεῖνος
3239 1891 3571 1988 ἐπέτρεπεν,
3600 1922 3650 1974 εί
3691 1891 3763 1992 μή

501 2007 750 2062 Aithalas
796 2006 1111 2076 presbyter,
1155 2004 1359 2074 Ioseph
1393 2004 1494 2074 (l),
1527 2002 1833 2070 Azadanes,
1871 2012 1929 2060 et
1968 2004 2076 2058 Ab-

501 2100 704 2164 diesus,
736 2098 979 2161 diaconi,
1010 2096 1246 2167 plurima
1278 2095 1490 2167 ﬂagella
1522 2104 1746 2165 propter
1771 2095 2074 2151 doctrinam

501 2192 773 2262 perpessi.
821 2191 1015 2246 Postea
1059 2203 1194 2244 vero
1247 2188 1342 2243 ubi
1392 2187 1781 2257 archimagus,
1821 2201 1882 2242 re
1946 2201 2074 2242 cum

502 2282 713 2352 Sapore
758 2282 1183 2344 communicata,
1228 2288 1557 2349 potestatem
1609 2279 1678 2333 ab
1721 2294 1789 2333 eo
1833 2280 1888 2333 in
1925 2278 2072 2344 illos,

500 2391 598 2443 pro
624 2372 855 2427 arbitrio
875 2386 999 2436 suo,
1017 2372 1126 2426 nisi
1147 2369 1260 2426 Soli
1284 2371 1499 2425 divinos
1524 2369 1793 2425 oﬂ'errent
1812 2369 2070 2436 honores,

499 2464 974 2521 animadvertendi
990 2464 1514 2534 ohtinuit,regisque
1526 2463 1856 2518 sententiam
1871 2461 2073 2518 vinctis

499 2558 826 2622 declaravit,
852 2569 1017 2627 atque
1046 2556 1123 2610 illi
1151 2570 1183 2610 e
1208 2555 1438 2626 vestigio
1461 2555 1744 2611 Christum
1776 2554 2069 2623 ahncgare,

498 2651 788 2720 multoque
830 2649 1000 2718 magis
1030 2647 1144 2701 Soli
1178 2645 1422 2701 divinam
1455 2662 1570 2700 rem
1603 2647 1782 2701 facere
1810 2646 2073 2701 reclama-

502 2751 653 2806 runt,
702 2741 906 2795 multos
953 2720 1258 2793 crudeliter
1308 2736 1391 2790 eis
1437 2736 1627 2790 intulit
1667 2735 1965 2791 cruciatus.
2008 2735 2074 2788 Et

500 2846 618 2892 tum
684 2833 907 2904 quidem
976 2831 1298 2900 Acepsimas
1363 2827 1666 2883 constantis
1728 2827 2073 2883 fortitudinis

498 2927 801 2997 specimine
864 2922 1050 2988 edito,
1114 2922 1171 2976 in
1231 2919 1485 2989 ﬂagranti
1544 2918 1847 2974 certamine
1903 2919 2070 2972 vitam

502 3021 644 3076 ﬁniit
671 3037 686 3075 :
713 3019 872 3092 cujus
900 3016 1134 3071 cadaver
1158 3013 1405 3068 Armenii
1436 3013 1683 3083 quidam,
1715 3013 1855 3066 clam
1887 3011 2074 3066 subla-

502 3127 640 3177 tum,
686 3111 980 3181 sepeliere.
1034 3106 1253 3176 Reliqui
1293 3120 1449 3169 vero,
1494 3115 1553 3160 et
1594 3103 1818 3174 quidem
1864 3103 2068 3171 plures,

2194 1995 2364 2067 Ἡλίῳ
2414 1997 2514 2070 τὴν
2560 2000 2945 2072 προσκύνησιν
2995 2007 3376 2079 ἅπονείμειαν,
3426 2014 3602 2085 δήλην
3651 2018 3764 2078 τοῖς

2181 2088 2613 2159 καθειργμένοις
2652 2094 2829 2149 ἐποίει
2878 2097 2978 2169 τήν
3021 2098 3227 2169 ψῆφον.
3294 2102 3558 2171 Ἑκείνοις
3608 2106 3655 2159 δ’
3699 2109 3762 2161 ἐκ

2180 2179 2276 2232 τοῦ
2303 2181 2495 2250 σχεδὸν
2522 2182 2841 2249 ἀπειποῢσι,
2866 2188 3007 2256 μήτε
3032 2190 3270 2260 Χριστόν
3299 2193 3420 2246 ποτ’
3443 2194 3759 2265 ἀρνεῖσθαι,

2180 2274 2381 2327 πολλοῦ
2438 2290 2502 2343 γε
2551 2275 2660 2348 μὴν
2708 2278 2823 2332 δεῖν
2887 2279 3058 2350 Ἡλίῳ
3112 2283 3281 2347 σέϐας
3340 2292 3760 2357 προσενεγκεῖν,

2183 2364 2387 2437 πολλὴν
2415 2365 2585 2437 ὠμῶς
2631 2368 2809 2440 ἐπῆγε
2855 2371 2954 2442 τήν
3005 2372 3257 2438 βάσανον.
3295 2377 3407 2431 Καὶ
3449 2378 3765 2452 Ἀκεψιμᾶς

2182 2458 2283 2528 μέν
2318 2459 2614 2529 ἐναγώνιος
2642 2462 2901 2517 ἐτελεύτα
2932 2466 3134 2538 πολλὴν
3160 2470 3261 2538 τήν
3295 2472 3602 2544 καρτερίαν
3634 2476 3763 2529 ἐπι·

2178 2548 2533 2621 δειξάμενος·
2570 2552 2748 2625 λάθρα
2778 2553 2833 2608 δέ
2882 2573 3027 2621 τινες
3073 2560 3349 2630 Ἀρμένιοι
3399 2566 3459 2618 τὸ
3506 2565 3766 2639 λείψανον

2180 2641 2505 2713 ὑφελόμενοι
2550 2644 2885 2701 θάπτουσινο
2925 2650 2973 2702 oi
3017 2650 3075 2706 δέ
3103 2651 3255 2706 ἄλλοι
3290 2656 3387 2708 καὶ
3431 2657 3611 2715 πλείω
3650 2662 3768 2723 τοῖς

2182 2735 2340 2804 ἱμᾶσι
2377 2738 2824 2805 καταξανθέντες,
2857 2741 3097 2813 ἄτρωτοι
3131 2745 3189 2799 δέ
3236 2746 3297 2800 τὸ
3333 2747 3499 2815 σέϐας
3543 2754 3765 2824 μείναν-

2177 2843 2291 2892 τες,
2322 2826 2544 2900 δεσμοῖς
2601 2830 2760 2895 αὖθις
2793 2834 3025 2918 εἴχοντο.
3068 2837 3159 2890 Ἐν
3193 2833 3273 2903 οἷς
3303 2836 3374 2911 ἦν
3407 2844 3507 2896 καὶ
3550 2845 3769 2900 Ἀειθα-

2178 2919 2299 2985 λᾶς,
2328 2922 2388 2984 δς
2418 2922 2476 2976 ἐν
2518 2922 2600 2993 τῷ
2648 2924 3065 2982 κατατείνεσθαι
3112 2931 3239 2993 τοὺς
3286 2931 3593 3003 βραχίονας
3627 2939 3768 2992 ἀπε-

2181 3012 2398 3084 σπάσθη
2431 3013 2542 3066 τῶν
2573 3013 2771 3085 ὤμων·
2804 3017 3019 3072 καὶτοῦ
3058 3020 3250 3074 λοιποῦ
3296 3027 3527 3096 νεκροὺς
3564 3029 3770 3094 αὐτοῦς

2179 3106 2278 3156 καὶ
2307 3105 2487 3176 μάτην
2509 3108 2662 3178 ήωρη
2674 3108 2867 3177 μένους
2893 3106 3068 3182 εἶχενο
3102 3113 3180 3178 ὡς
3208 3117 3331 3186 μηδ’
3358 3119 3587 3186 ἱκανοὺς
3623 3119 3768 3177 εῖναι

497 3205 634 3261 loris
665 3216 896 3272 corpora
929 3197 1221 3261 conscissi,
1255 3197 1459 3266 pietate
1496 3206 1679 3250 tamen
1710 3192 2071 3249 nihilominus

500 3299 512 3309 .
563 3305 573 3309 _
683 3294 696 3306 -
784 3300 799 3309 Α
854 3289 981 3309 ναι-,2
1054 3288 1228 3309 J-___-
1282 3289 1331 3309 :._
1388 3286 1603 3309 _.2..--.I..
1650 3295 1770 3309 μη..-
1817 3286 2047 3309 μ’.-.ἓηηιε

2179 3195 2466 3309 δι’θαῖέτῶν
2506 3198 2718 3309 τροφὴν
2751 3201 2827 3270 τῷ
2874 3203 3104 3273 στόματι
3139 3205 3346 3275 φέρειν,
3383 3210 3500 3262 ἀλλ’
3557 3214 3768 3283 ἐτέρων

497 3294 700 3365 integri
747 3300 804 3347 et
850 3289 1007 3352 salvi,
1048 3288 1233 3343 denuo
1282 3289 1337 3341 in
1388 3286 1607 3340 vincula
1648 3295 1776 3340 sunt
1814 3286 2072 3355 conjecti.

498 3391 559 3443 In
593 3389 683 3449 iis,
712 3383 966 3445 Aithalze,
996 3380 1126 3435 dum
1158 3388 1337 3435 tortus
1363 3378 1550 3434 nervis
1574 3376 1910 3442 extenditur,
1937 3378 2073 3433 adeo

495 3489 627 3535 sunt
659 3475 887 3533 brachia
920 3473 1128 3537 luxata,
1160 3471 1519 3540 humerisque
1548 3468 1783 3534 divulsa,
1814 3468 1982 3538 616
2017 3479 2074 3524 ut

494 3571 759 3638 deiiceps
796 3571 1074 3628 emortua,
1111 3577 1215 3616 usu
1265 3561 1419 3615 nullo
1464 3557 1862 3630 dependerent,
1895 3573 2072 3627 neque

492 3665 545 3718 ei
593 3661 662 3716 ad
708 3659 894 3715 cibum
947 3655 1033 3710 ori
1087 3652 1494 3709 admovendum
1544 3649 1874 3705 suiﬁcerent.
1928 3648 2072 3714 Qua-

494 3764 721 3825 propter
757 3749 993 3803 aliorum
1024 3760 1089 3801 ea
1121 3746 1175 3799 in
1210 3759 1269 3799 re
1299 3759 1425 3798 eum
1454 3742 1764 3797 ministerio
1796 3740 1874 3794 uti
1904 3754 2071 3809 Opor-

497 3847 623 3902 tuit.
657 3843 765 3900 Sed
798 3852 857 3898 et
899 3840 1216 3909 complures
1245 3837 1383 3891 alios
1414 3835 1750 3897 sacerdotes,
1783 3832 2066 3896 diaconos,

496 3937 822 4000 monachos,
855 3948 1041 3989 sacras
1075 3930 1343 4001 virgines,
1372 3928 1618 3997 aliosque
1654 3935 1922 3996 prazterea
1956 3925 2068 3980 sino

492 4030 673 4103 gulari
707 4031 762 4084 in
794 4025 1106 4082 doctrinam
1149 4022 1521 4077 Christianam
1555 4018 1753 4073 ardore
1786 4017 2063 4087 praeditos,

493 4136 805 4195 magnoque
837 4119 1027 4174 labore
1063 4116 1117 4170 in
1163 4112 1337 4168 sacris
1368 4110 1758 4166 ecclesiasticis
1794 4118 2064 4173 versatos,

489 4210 849 4269 excruciavit.
889 4207 1099 4262 Horum
1145 4215 1440 4258 numerum
1491 4199 1634 4254 inire
1679 4213 1788 4253 non
1836 4197 1959 4251 fuit.
2002 4196 2063 4251 In

488 4305 696 4375 quibus
740 4301 893 4354 fuere
941 4295 1208 4367 episcopi,
1252 4292 1638 4361 Barhasymes,
1684 4288 1913 4352 Paulus,
1953 4287 2063 4343 Ga-

490 4397 701 4460 diabes,
751 4392 1013 4454 Sabinus,
1062 4388 1295 4449 Mareas,
1343 4383 1571 4446 Mucius,
1615 4380 1880 4446 Joannes,
1924 4378 2066 4435 lior—

488 4490 718 4555 misdas,
767 4485 964 4553 Papas,
1018 4479 1280 4545 Iacobus,
1332 4477 1558 4539 Romus,
1605 4474 1840 4546 Maares,
1895 4472 2059 4542 Agas,

2179 3285 2418 3355 χρῆσθαι
2468 3287 2604 3354 πρὸς
2652 3291 2983 3359 ὑπουργίαν.
3018 3291 3261 3358 Πολλοὺς
3305 3296 3364 3349 δὲ
3416 3300 3517 3353 καὶ
3562 3302 3770 3367 ἄλλους

2179 3377 2344 3446 ίερεῖς
2371 3393 2430 3429 τε
2458 3379 2552 3431 καὶ
2583 3376 2888 3445 διακόνους,
2926 3384 3197 3453 μοναχούς
3223 3402 3284 3439 τε
3319 3388 3418 3441 καὶ
3449 3393 3770 3460 παρθένους

2176 3467 2326 3538 ἱερὰς
2366 3468 2681 3536 ἐκολάσατο,
2719 3473 2816 3525 καί
2857 3490 3007 3536 τινας
3057 3475 3283 3546 ἐτέρους
3337 3479 3587 3551 θερμοὺς
3636 3488 3772 3555 περὶ

2171 3560 2233 3612 τὸ
2261 3561 2440 3630 δόγμα
2474 3563 2567 3616 καὶ
2602 3566 2741 3633 περὶ
2788 3565 2858 3619 τὰ
2904 3565 3025 3636 ίερὰ
3077 3570 3186 3624 τῶν
3215 3572 3533 3644 ἐκκλησιῶν
3568 3578 3771 3632 διαπο-

2172 3656 2471 3742 νουμένους
2497 3697 2512 3722 ,
2551 3658 2626 3720 ὼς
2662 3660 3019 3729 ὑπερσαίνειν
3049 3661 3120 3715 τὰ
3150 3664 3330 3735 πλήθη
3362 3668 3452 3721 τὸν
3490 3670 3768 3742 ἀριθμόν.

2184 3742 2274 3808 Ἐξ
2302 3736 2378 3798 ὧν
2410 3739 2552 3813 ἦσαν
2601 3748 2897 3802 ἐπίσκοποι
2949 3750 3345 3827 Μρὸασύμης,
3382 3759 3478 3810 καὶ
3517 3736 3770 3828 ὺαῦνλος,

2169 3834 2268 3888 καὶ
2308 3836 2596 3908 Γαδιάόης,
2631 3840 2859 3904 Σαδῖνός
2888 3860 2947 3894 τε
2979 3844 3077 3896 καὶ
3106 3845 3359 3916 Μαρέας,
3384 3850 3480 3903 καὶ
3504 3828 3771 3919 iii-tincto;

2170 3928 2266 3981 καὶ
2316 3928 2590 4000 Ἰωάννης,
2623 3934 2719 3986 καὶ
2785 3932 3105 4004 Ὀρμίσδας,
3134 3937 3332 4000 Πάπας
3379 3956 3439 3993 τε
3493 3947 3599 3997 καὶ
3663 3947 3774 3999 Ἰά-

2167 4020 2365 4086 κωϐος,
2410 4022 2631 4092 Ῥώμας
2656 4026 2749 4078 κα)⁸
2781 4028 3039 4098 Μαάρης,
3074 4029 3171 4082 καὶ
3194 4030 3392 4098 Ἀγας,
3427 4035 3526 4087 καὶ
3558 4036 3773 4107 Βόκχο-

2169 4130 2277 4183 ρις.
2310 4116 2403 4167 καὶ
2454 4115 2650 4180 ’Δόδᾶς
2696 4120 2794 4171 καὶ
2847 4118 3215 4189 Ἀσδιησοῦς,,
3237 4123 3493 4195 Ἰωάννης
3553 4145 3620 4182 τε
3676 4133 3776 4185 καὶ

2178 4202 2497 4272 Ἀϐράμιος,
2531 4206 2625 4258 καὶ
2656 4205 3053 4272 Ἀσδελᾶς,καὶ
3088 4211 3379 4284 Σαϐὡρης,
3405 4219 3501 4272 καὶ
3534 4221 3749 4280 Ἰσαὰκ

2165 4296 2436 4385 Δαυᾲστᾶς,
2476 4295 2585 4349 ἀπὸ
2640 4298 2843 4368 χωρίου
2897 4297 2999 4356 ὦδε
3049 4277 3778 4385 προσαγορευομένου,έι;

2167 4383 2447 4453 ρυάλωτος
2481 4385 2723 4456 Πέρσαις
2774 4389 3089 4458 γενόμενος.
3118 4394 3257 4447 Κατ’
3303 4396 3518 4452 ἐκεῖνον
3569 4383 3636 4458 δέ
3675 4408 3776 4464 τὸν

2163 4472 2379 4543 χρόνον,
2428 4473 2526 4527 σὺν
2580 4475 2659 4545 τῷ
2712 4480 3117 4551 χωρεπισκόπῳ
3165 4483 3428 4557 Μαρεάδη
3482 4493 3585 4544 καὶ
3620 4496 3655 4548 ό
3691 4514 3780 4549 νε-

485 4579 784 4636 Bocchoris
839 4577 938 4647 (2),
989 4573 1207 4637 Abdas,
1257 4568 1564 4629 Abdiesus.
1613 4565 1858 4622 Joannes
1903 4567 2065 4632 alter,

2179 4565 2474 4636 κρέγερτος
2517 4567 2750 4639 Μίλλης,
2780 4570 2997 4642 σύναμα
3030 4577 3147 4638 τοῖς
3179 4578 3321 4648 ἀμφ’
3365 4581 3536 4637 αὐτὸν
3567 4587 3779 4660 κληρι-

490 4674 809 4734 Ahramius,
841 4667 1101 4733 Abdelas,
1131 4665 1389 4734 Sapores,
1422 4661 1590 4727 Isaac,
1621 4670 1677 4713 ct
1710 4658 1940 4722 Dausas,
1973 4657 2066 4728 qui

488 4781 518 4819 a
535 4764 774 4835 quodam
802 4760 950 4823 loco,
973 4757 1067 4827 qui
1090 4755 1358 4810 Zabdaaus
1380 4753 1609 4818 dicitur,
1631 4768 1660 4806 a
1683 4752 1866 4806 Persis
1895 4751 2070 4820 capti-

489 4874 599 4914 vus
645 4857 917 4912 abductus
968 4852 1169 4905 fuerat.
1226 4848 1301 4903 Ea
1361 4854 1723 4916 tempestate,
1777 4859 1882 4899 una
1940 4859 2066 4899 cum

491 4949 892 5018 chorepiscopo
914 4941 1190 5005 Mareade,
1214 4939 1381 4994 etiam
1414 4946 1762 4992 mortuorum
1797 4937 2068 4991 excitator

492 5040 672 5096 Milles
702 5040 803 5108 (5),
836 5050 960 5091 cum
987 5032 1205 5088 clericis
1243 5031 1498 5086 ducentis
1532 5030 1928 5101 quinquaginta
1959 5046 2068 5085 nu-

488 5150 646 5189 mero
692 5134 798 5188 sibi
851 5128 1114 5193 subditis,
1158 5128 1252 5197 qui
1301 5142 1333 5181 a
1379 5125 1561 5181 Persis
1617 5123 1808 5178 itidem
1862 5122 2067 5193 captivi

484 5225 715 5283 abducti
766 5223 1019 5286 fuerant,
1078 5219 1339 5273 innotuit.
1401 5216 1579 5271 Milles
1630 5230 1763 5270 sane
1816 5215 2068 5270 Persicus

411 5374 414 5378 .
491 5320 652 5373 miles
699 5316 900 5380 fuerat,
944 5323 1269 5380 mutatoque
1308 5309 1530 5363 vivendi
1582 5324 1757 5373 more,
1798 5306 2067 5375 apostoli-

486 5425 615 5464 cum
651 5417 878 5465 secutus
906 5414 993 5460 est
1026 5405 1362 5459 institutum.
1404 5403 1471 5457 Et
1503 5401 1747 5457 civitatis
1777 5400 2064 5470 cujusdam

488 5504 544 5555 in
576 5500 799 5555 Perside
833 5501 1127 5567 cpiscopus
1158 5496 1354 5558 factus,
1381 5508 1510 5548 cum
1534 5508 1682 5563 saepe
1710 5492 1910 5545 multas
1942 5505 2070 5560 gra-

488 5606 693 5661 vesque
723 5590 1085 5643 sustinuisset
1115 5587 1322 5656 plagas,
1357 5586 1450 5638 ubi
1488 5584 1768 5639 neminem
1800 5580 2066 5635 Christia-

484 5700 611 5737 nam
654 5682 976 5752 religionem
1025 5681 1278 5749 amplecti
1314 5679 1453 5732 velle
1489 5674 1907 5737 animadvertit,
1943 5672 2063 5726 dira

558 5797 636 5863 (i)
683 5797 785 5849 Pro
813 5794 1054 5863 Jnseplio
1094 5794 1387 5846 Soznmen.
1430 5791 1594 5846 habet
1635 5788 1917 5843 Jacobum.

555 5871 631 5937 (ιε)
670 5868 885 5920 Sozam.
921 5866 1084 5919 habet
1118 5865 1372 5918 Budares.

2175 4661 2310 4722 κοῖς,
2331 4661 2668 4749 πεντήκοντα
2696 4662 2754 4714 δὲ
2781 4666 2877 4718 καὶ
2903 4664 3171 4721 διακόσιοι
3201 4664 3345 4739 ἦσαν
3375 4675 3466 4725 τὸν
3494 4677 3780 4749 ἀριθμὸν,

2172 4747 2503 4818 ἐγνωρίζετο
2524 4765 2539 4780 θ
2573 4751 2622 4804 οἳ
2656 4754 2869 4819 καιροῖς
2904 4755 3135 4821 ἐκείνοις
3162 4759 3268 4812 ὑπὸ
3291 4761 3523 4832 Περσῶν
3550 4747 3780 4838 dixitd-

2172 4842 2341 4897 λωτοι,
2389 4842 2657 4914 ήχθησαν.
2728 4845 2786 4897 '0
2843 4845 2900 4898 δὲ
2965 4848 3175 4920 Μίλλης
3243 4852 3462 4923 Πέρσης
3535 4857 3650 4927 μὲν
3710 4859 3784 4933 ἦν

2173 4933 2550 5004 crepundith
2592 4934 2962 5006 μεταθέμενος
2994 4938 3050 4992 δέ
3079 4940 3171 4993 τὸν
3203 4940 3342 5010 βίον,
3378 4943 3478 5015 τὴν
3504 4946 3779 5003 ἀποστο-

2171 5025 2328 5094 λικὴν
2367 5026 2647 5080 πολιτείαν
2697 5028 2872 5081 εἵλετο
2899 5046 2914 5062 ο
2955 5031 3048 5084 καί
3078 5050 3223 5097 τινος
3267 5035 3378 5088 τῶν
3426 5039 3485 5090 ἐν
3533 5040 3782 5112 Περσίδι

2173 5118 2384 5171 πόλεων
2426 5120 2722 5184 ἐπίσκοπος
2778 5121 3043 5191 γεγονὼς,
3097 5124 3302 5189 πολλὰς
3350 5127 3624 5195 πολλάκις
3681 5140 3785 5189 καὶ

2172 5209 2416 5277 χαλεπὰς
2451 5209 2692 5274 ὑποστὰς
2743 5213 2841 5276 τὰς
2890 5215 3126 5285 πληγὰς,
3161 5217 3236 5280 ὠς
3265 5217 3440 5284 οὐδεὶς
3490 5222 3785 5293 Χριστια-

2171 5301 2338 5365 νίζειν
2368 5305 2574 5374 ᾑρεῖτο,
2609 5306 3036 5375 ἐπαρασάμενος
3067 5312 3180 5373 τοῖς
3207 5312 3452 5373 ἐποίκοις
3481 5315 3782 5386 ἀνεχώρει

2170 5395 2401 5448 ἐκεῖθεν.
2434 5398 2509 5448 Οὐ
2548 5395 2725 5467 πολλῷ
2758 5398 2804 5451 δ’
2834 5397 3062 5470 ὕστερον
3092 5403 3203 5456 τῶν
3233 5406 3415 5458 ἐκεῖσε
3446 5412 3787 5474 πρωτευόν-

2171 5505 2280 5539 των
2314 5489 2395 5550 ei;
2440 5488 2668 5560 βασιλέα
2711 5489 3159 5562 ἐξαμαρτόντων,
3192 5497 3455 5567 στρατιὰν
3488 5502 3720 5571 μυρίαν
3753 5508 3784 5557 ὁ

2171 5581 2389 5651 Πέρσης
2420 5582 2740 5650 ἐπαγαγὼν,
2772 5586 3074 5654 κατήρειψε
3109 5587 3205 5659 τὴν
3240 5589 3418 5655 πόλιν,
3440 5590 3539 5643 καὶ
3570 5591 3784 5662 βουσὶν

2168 5676 2373 5743 άρόσας
2428 5676 2786 5745 κατέσπειρε.
2820 5677 3030 5748 Μίλλης
3080 5680 3137 5732 δὲ
3190 5683 3375 5753 πήραν
3431 5682 3617 5753 μόνην
3672 5687 3779 5740 λα-

2242 5790 2320 5860 (5)
2354 5790 2459 5843 Alii
2488 5791 2747 5844 Milesium
2783 5803 2998 5847 vocant.
