4118 6480
390 427 487 490 145

1304 429 1918 491 ΕΕΕΕΕΞΙΑΞΤΙΟᾸΞ
1962 429 2355 491 ΙΙΙΞΤΟἱὶῐίΕ
2392 434 2550 493 LIB.
2588 434 2755 494 VIII.

3546 434 3647 498 16-6

384 528 575 611 εὼν,ἦ
610 536 709 607 τὴν
742 536 897 606 ἱερὰν
931 536 1038 589 τῶν
1067 539 1416 607 Εὖαγγελίων
1450 541 1637 612 βίϐλον
1663 541 1949 613 ἐφρούρει,

2063 541 2258 596 Incolis
2298 542 2636 610 imprecatus
2674 543 2776 614 (l),
2815 542 2945 598 inde
2988 542 3269 600 discessit.
3319 545 3442 600 Non
3487 544 3648 604 lontre

383 633 465 694 είς
508 631 859 702 Ἱεροσόλυμα
905 626 1042 702 ἧκεν
1091 633 1258 703 εὐχῆς
1290 634 1459 688 ἕνεκα
1485 650 1502 668 ·
1534 635 1713 688 ἔπειτ’
1750 635 1962 687 ἐκεῖθεν

382 724 463 785 είς
496 722 769 790 Αἴγυπτον
798 725 942 778 κατὰ
985 724 1115 778 θέαν
1161 724 1272 779 τῶν
1315 727 1495 780 ἐκεῖσε
1529 726 1784 797 μοναχῶν
1818 726 1963 795 ἀπῆ-

385 831 495 880 ρεν.
530 808 654 876 υἷος
701 812 748 867 δ’
802 816 1010 877 ἐκεῖνος
1064 817 1179 878 τοῖς
1234 816 1564 887 παραδόξοις
1616 816 1726 870 τῶν
1780 815 1961 886 ἔργων

379 906 596 974 ἐγένετο
624 906 984 978 δημιουργὸς,
1016 908 1093 972 ὡς
1128 909 1225 962 ttat
1267 910 1497 980 νεκροὺς
1541 910 1789 982 ἁνιστᾷν,
1819 926 1963 980 μαρ-

380 998 604 1069 τυρήσει
662 996 699 1052 ἃ
753 999 943 1069 Σύρων
975 1001 1168 1065 παῖδες
1220 1002 1325 1072 ίδίᾳ
1380 1002 1718 1075 παραδόντες
1771 1004 1960 1073 γραφῇ

381 1089 693 1155 κατέλιπον,
748 1092 1097 1165 ἀνάγραπτον
1142 1094 1232 1147 τὸν
1286 1095 1402 1166 βίον
1459 1094 1556 1147 καὶ
1602 1093 1701 1157 τὰς
1747 1094 1961 1148 ἐκείνου

382 1184 609 1251 πράξεις
653 1182 990 1252 ποιούμενοι.
1034 1186 1193 1254 Ἐμοὶ
1237 1186 1283 1238 δ’
1325 1185 1581 1253 ἀρκέσει,
1616 1186 1684 1240 τὰ
1717 1186 1964 1256 παρόντα

384 1274 522 1342 μόνα
574 1275 702 1344 περὶ
758 1276 927 1330 αὐτοῦ
976 1276 1226 1345 διελθεῖν,
1264 1281 1362 1333 καὶ
1410 1279 1727 1353 μνησθῆναι
1772 1280 1960 1349 μόνον,

380 1367 494 1416 ὅσοι
530 1363 590 1432 δὴ
634 1367 693 1418 ὲν
734 1366 960 1437 Περσίδι
1009 1367 1114 1421 ὑπὸ
1159 1367 1404 1444 Σαπὼρῃ
1449 1370 1544 1424 τὸν
1592 1370 1736 1424 θετον
1768 1371 1962 1439 ἀγῶνα

382 1454 595 1524 διῆλθον
619 1471 636 1488 ο
678 1457 841 1529 σχολῇ
876 1460 987 1529 γὰρ
1022 1459 1089 1513 ἄν
1133 1477 1220 1524 τις
1260 1462 1405 1526 τινες
1434 1478 1497 1514 τε
1526 1457 1670 1535 ἦσαν
1709 1463 1805 1517 καὶ
1836 1462 1961 1517 ὅθεν

384 1544 477 1596 καὶ
504 1545 649 1609 ὅπως
679 1546 773 1600 καὶ
809 1549 960 1612 τίνας
992 1550 1311 1619 ὑπέστησαν
1338 1554 1616 1623 τιμωρίας
1638 1553 1962 1625 ἀπαριθμή-

386 1652 553 1690 σαιτο.
591 1638 936 1694 Παντοδαποὶ
981 1642 1093 1713 γάρ
1141 1660 1291 1707 τινες
1345 1646 1441 1697 καὶ
1489 1644 1727 1700 ποικίλοι
1770 1648 1821 1698 oi
1851 1647 1961 1703 τῶν

385 1723 659 1778 κολάσεων
700 1727 893 1797 τρόποι
948 1729 1199 1799 Περσῶν,
1233 1732 1339 1786 κάν
1375 1731 1591 1796 τούτοις
1621 1734 1687 1803 δὴ
1723 1735 1960 1803 μάλιστα

381 1814 442 1866 τὸ
468 1814 748 1885 φιλότιμον
778 1818 1256 1890 ὲπιδεδειγμένων.
1305 1823 1395 1886 Ὠς
1440 1825 1498 1878 δὲ
1538 1823 1685 1894 λόγῳ
1732 1825 1961 1896 περιλα-

382 1907 496 1960 ϐεῖν
539 1908 677 1973 ἔστι,
727 1910 943 1980 λέγεται
993 1912 1104 1967 τῶν
1160 1915 1421 1986 τηνικάδε
1479 1918 1956 1988 μαρτυρησάντων

380 2002 504 2063 τοὺς
544 1999 715 2072 ὄνομα
748 2006 1087 2074 φερομένους
1127 2002 1271 2060 εἶναι
1302 2008 1504 2080 ἄνδρας
1536 2026 1594 2062 τε
1642 2013 1737 2064 καὶ
1769 2012 1957 2079 γυναῖ-

383 2109 506 2158 κας,
539 2093 680 2164 πλὴν
707 2095 808 2166 τῆς
845 2097 999 2162 ὲκτδς
1031 2098 1275 2170 πληθύος
1310 2103 1406 2154 καὶ
1433 2100 1676 2174 ἀριθμοῦ
1711 2102 1959 2172 κρείττο-

382 2202 491 2255 νος,
522 2190 617 2242 σιν
656 2189 1044 2261 ἑξακισχιλίοις
1098 2193 1316 2263 μυρίοις
1343 2207 1359 2225 ⁸
1394 2187 1473 2247 ὧν
1506 2194 1749 2261 ἐργῶδες
1797 2194 1958 2264 νομί-

382 2294 571 2344 σαντες
605 2282 701 2345 τὰς
746 2281 923 2336 αὐτῶν
966 2286 1342 2356 προσηγορίας
1376 2285 1743 2357 ἀπαριθμεῖν,
1779 2287 1827 2338 οί
1855 2284 1962 2338 ἀνὰ

381 2371 480 2444 τὴν
521 2370 748 2427 Ἐδεσαν
792 2375 1005 2446 Πέρσαι
1060 2378 1153 2431 καὶ
1204 2376 1368 2447 Σύροι
1425 2378 1749 2449 Χριστιανοὶ
1801 2379 1959 2430 τοῦτο

385 2463 545 2531 μόνον
577 2466 891 2537 ἱστόρησαν.

2064 648 2200 686 vero
2229 644 2372 703 post,
2405 650 2533 689 cum
2566 636 2896 704 primarium
2927 635 3003 691 ibi
3038 638 3421 706 magistratum
3456 652 3651 707 geren-

2065 731 2152 777 tes
2185 725 2520 792 majestatem
2555 726 2759 796 regiam
2795 729 3086 792 laesissent,
3116 727 3363 784 adducto
3386 742 3456 783 eo
3489 744 3651 784 exer-

2064 815 2176 870 citu
2213 815 2376 885 longe
2423 817 2668 872 maximo
2702 816 2871 872 Persa
2903 818 3171 889 oppidum
3209 819 3402 886 diruit,
3437 819 3650 876 locum-

2064 921 2174 978 que
2223 907 2344 977 ejus
2400 907 2582 964 bobus
2630 917 2818 963 aratro
2860 911 3069 981 junctis
3113 912 3402 981 proscidit,
3436 921 3494 967 et
3527 921 3650 967 tan-

2062 1014 2228 1070 quam
2265 1015 2457 1071 agrum
2493 1003 2760 1059 consevit.
2802 1004 2984 1060 Milles
3012 1014 3196 1060 autem
3226 1019 3297 1060 ex
3325 1018 3392 1060 eo
3425 1004 3649 1074 oppido,

2062 1092 2226 1148 sicuti
2279 1093 2418 1159 dixi,
2471 1094 2786 1163 discedens,
2834 1096 2951 1152 sola
2996 1112 3126 1168 pera
3174 1098 3228 1152 iu
3276 1113 3384 1169 qua
3431 1112 3650 1153 sacrum

2063 1184 2486 1263 Evangeliorum
2535 1186 2742 1242 librum
2788 1187 3070 1253 servabat,
3108 1198 3357 1258 accepta,
3393 1188 3656 1244 Hieroso—

2062 1276 2208 1347 lyma
2240 1266 2573 1345 precationis
2604 1292 2739 1347 ergo
2772 1277 2945 1333 venit.
2984 1278 3194 1335 Deinde
3233 1277 3546 1349 Egyptum,
3582 1278 3649 1333 ad

2063 1367 2325 1423 visendos
2359 1367 2435 1421 ibi
2469 1370 2796 1437 monachos,
2835 1370 3018 1440 petiit.
3051 1370 3305 1437 Quantus
3338 1382 3522 1427 autem
3567 1372 3653 1425 vir

2062 1457 2111 1513 is
2154 1459 2444 1517 immensis
2494 1461 2781 1517 miraculis
2823 1461 3079 1526 edendis,
3121 1464 3472 1534 mortuisque
3513 1464 3653 1520 adeo

2061 1551 2421 1605 restituendis
2454 1551 2641 1617 fuerit,
2675 1551 2795 1623 Syri
2830 1554 2959 1623 ipsi,
2995 1554 3089 1624 qui
3126 1556 3292 1610 vitam
3327 1564 3385 1609 et
3413 1571 3503 1610 res
3532 1555 3655 1624 ejus

2061 1652 2244 1712 gestas
2279 1644 2334 1697 in
2366 1643 2675 1699 litterarum
2722 1655 3083 1703 monumenta
3123 1648 3457 1713 retulerunt,
3493 1647 3655 1702 libris

2062 1736 2177 1790 suis
2211 1734 2587 1790 testabantur.
2629 1735 2760 1791 Mihi
2790 1736 2925 1792 satis
2960 1737 3151 1804 luerit,
3184 1738 3302 1795 hzec
3336 1748 3551 1792 tantum
3584 1737 3653 1791 de

2062 1842 2129 1882 eo
2178 1827 2413 1894 dixisse,
2475 1842 2781 1899 eorumque
2831 1829 3103 1885 duntaxat
3152 1830 3510 1894 meminisse,
3557 1831 3650 1898 qui

2064 1920 2209 1988 apud
2247 1920 2441 1977 Persas
2475 1923 2578 1976 sub
2615 1921 2827 1992 Sapore
2872 1923 3123 1979 divinum
3171 1924 3487 1979 sustinuere
3519 1937 3652 1993 ago-

2062 2028 2210 2067 nem.
2255 2011 2423 2082 }Egre
2472 2013 2618 2068 enim
2660 2017 2952 2084 quisquam
3007 2031 3303 2071 numerum
3345 2016 3555 2081 inierit,
3597 2026 3652 2070 et

2061 2106 2322 2174 quinam.
2361 2114 2418 2160 et
2465 2106 2611 2161 unde
2663 2108 2900 2170 iuerint,
2946 2116 3044 2163 aut
3087 2109 3403 2178 quomodo,
3454 2124 3652 2178 quiete

2060 2198 2337 2251 subierint
2387 2199 2674 2269 supplicia.
2720 2199 2869 2259 Varii
2915 2217 3157 2270 namque
3234 2201 3650 2269 multorumque

2061 2304 2327 2360 generum
2361 2290 2711 2345 crueiatuum
2752 2290 2897 2362 apud
2935 2292 3131 2347 Persas
3160 2301 3292 2346 sunt
3325 2292 3473 2345 modi
3508 2308 3522 2344 :
3555 2291 3649 2360 qui

2063 2383 2119 2437 in
2169 2383 2252 2437 eis
2294 2383 2461 2437 etiam
2514 2399 2639 2437 cum
2692 2383 2997 2438 ambitione
3040 2384 3302 2452 quadam,
3338 2383 3555 2437 laudem
3600 2391 3655 2433 et

2060 2474 2289 2544 gloriam
2335 2473 2577 2530 maxime
2612 2482 2917 2530 ostentant.
2952 2474 3119 2547 617
3158 2474 3435 2541 Quantum
3468 2480 3649 2529 autem

382 2559 592 2613 ratione
620 2562 907 2632 complecti
942 2563 1092 2629 licet,
1126 2581 1320 2620 eorum
1353 2565 1448 2636 qui
1515 2574 1629 2619 tum
1702 2564 1779 2621 ibi
1857 2568 2179 2634 martyrium
2228 2568 2605 2633 absolverunt,
2639 2577 2695 2624 et
2732 2569 2968 2639 alicujus
3012 2569 3168 2624 fuere
3213 2567 3475 2629 nominis,
3545 2565 3649 2620 viri

381 2670 433 2709 et
468 2656 747 2723 mulieres,
784 2671 938 2716 extra
987 2662 1400 2731 multitudinem
1445 2677 1567 2718 eam
1639 2678 1761 2732 quae
1831 2678 2121 2719 numerum
2174 2665 2415 2728 excedit,
2487 2664 2555 2720 ad
2606 2664 2775 2719 millia
2825 2664 3068 2721 sedecim
3145 2664 3316 2719 fuisse
3362 2664 3656 2718 dicuntur.

382 2747 628 2814 Quorum
675 2755 898 2808 nomina
952 2770 1242 2812 recensere
1287 2772 1584 2827 operosum
1630 2755 1967 2827 iudicantes,
2038 2757 2132 2829 qui
2184 2758 2404 2816 Elessa:
2445 2770 2596 2825 sunt,
2679 2759 2860 2817 Persa:
2909 2770 2965 2815 et
3016 2758 3140 2831 Syri
3177 2758 3499 2823 Christiani,
3548 2759 3654 2817 hoc

386 2845 764 2901 tantummodo
793 2849 1077 2905 memoria:
1103 2852 1585 2907 commendarunt.

964 2963 1221 3017 ΚΕΦΛΛ.
1253 2965 1378 3018 AH’.

387 3052 496 3111 οἷα
516 3058 552 3110 ό
563 3054 754 3126 μέγας
773 3055 1232 3126 Κωνσταντζνος
1262 3055 1416 3125 ὑπὲρ
1452 3056 1828 3121 Χριστιανῶν
1851 3059 1966 3110 Σιις

623 3123 779 3195 ϐώρῃ
813 3127 1038 3195 ἔγραφε
1067 3123 1148 3192 τῷ
1172 3123 1427 3196 Περσῶν
1447 3126 1718 3197 βασιλεῖ.

469 3242 621 3296 Ἐπεὶ
663 3241 720 3296 δὲ
752 3239 898 3295 οὕτω
941 3242 1176 3312 πάσχειν
1203 3243 1332 3306 τοὺς
1375 3242 1558 3295 ἐκεῖσε
1607 3241 1698 3293 τὸν
1726 3240 1961 3311 Χριστδν

387 3336 643 3398 σέϐοντας
670 3336 697 3387 ό
728 3333 1086 3404 πανεύφημος
1118 3331 1391 3405 ἐγνώρισε
1421 3332 1701 3404 βασιλεὺς,
1724 3332 1962 3402 ῆσχαλλε

390 3425 638 3496 μεγάλως
674 3427 769 3479 καὶ
797 3426 989 3495 ἠνιᾶτο
1012 3440 1029 3456 ·
1066 3423 1287 3495 βοηθεῖν
1328 3423 1387 3477 δὲ
1442 3422 1729 3494 πρόθυμος
1772 3422 1869 3484 ὢν,
1903 3425 1963 3476 ὲν

385 3520 574 3591 ἀπόρῳ
607 3518 670 3573 τὸ
701 3519 957 3589 ποιητέον
980 3513 1156 3590 εἶχεν,
1180 3520 1331 3582 ὅπως
1370 3516 1440 3572 ἂν
1469 3517 1566 3570 καὶ
1593 3518 1643 3570 οί
1678 3518 1737 3570 ὲν
1767 3516 1963 3584 ἐκείνῳ

387 3616 616 3686 ἡσυχίαν
652 3615 860 3682 ἄγοιεν.
893 3615 1115 3684 Συμϐὰν
1143 3614 1200 3668 δὲ
1238 3612 1505 3682 πρέσϐεις
1554 3610 1769 3665 ἐκεῖθεν
1810 3625 1965 3679 τηνι-

388 3709 517 3764 κάδε
547 3709 826 3776 παρεῖναι,
851 3709 964 3770 τοῖς
1014 3707 1360 3775 αἰτουμένοις
1409 3703 1623 3767 ἐπιθεὶς
1668 3702 1867 3772 πέρας,
1899 3699 1962 3753 εὖ

388 3801 431 3853 δ’
461 3803 811 3871 ἡγησάμενος
862 3798 1098 3870 Σαϐὠρῃ
1131 3801 1227 3853 καὶ
1279 3802 1409 3869 περὶ
1443 3796 1555 3851 τῶν
1598 3796 1781 3848 ἐκεῖσε
1828 3794 1963 3847 ἁνα-

389 3892 572 3947 θέσθαι
617 3892 982 3963 Χριστιανῶν,
1008 3891 1300 3961 ἐπιστολὴν
1346 3889 1683 3959 ἀξιύμνητον
1724 3887 1960 3958 ἔγραφε,

392 3986 655 4055 μεγίστην
693 3981 863 4056 χάριν
894 3983 1188 4066 ὀμολογῶᾎ
1222 3980 1397 4052 αὐτῷ,
1445 3984 1495 4034 εί
1547 3982 1663 4042 τοῖς
1707 3979 1768 4032 τὸ
1818 3979 1963 4032 κατὰ

391 4077 618 4146 Χριστὸν
666 4076 839 4147 δόγμα
888 4077 1213 4146 στέργουσιν
1264 4074 1452 4127 ἄνεσιν
1506 4069 1648 4140 δοίη.
1703 4070 1796 4140 Μὴ
1852 4069 1962 4140 γὰρ

390 4170 636 4237 ἐγκαλεῖν
669 4169 814 4242 ἔχειν
846 4171 941 4223 καὶ
987 4170 1078 4222 τὶν
1108 4171 1208 4238 τῆς
1240 4168 1547 4239 θρησκείας
1584 4165 1811 4236 τρόπον,
1838 4162 1961 4216 ἐπεί

388 4259 470 4310 τοί
520 4275 585 4325 γε
644 4258 720 4327 μὴ
770 4257 1045 4325 σφαγίοις,
1090 4255 1281 4326 ὥσπερ
1341 4255 1566 4312 ἐκεῖνοι,
1628 4250 1747 4304 ἀλλ’
1805 4252 1961 4304 ovat-

393 4353 616 4417 μάκτοις
644 4350 900 4421 χαίρουσι
930 4352 1048 4413 ταῖς
1088 4349 1335 4412 θυσίαις,
1370 4346 1661 4416 εὐχόμενοι
1703 4341 1784 4412 τῷ
1815 4342 1956 4412 Θεῷ,

387 4435 431 4510 ᾧ
483 4441 559 4512 μὴ
606 4443 760 4511 φίλον
808 4442 967 4512 χύσις
1006 4439 1279 4511 αἱμάτων,
1338 4437 1478 4492 ἀλλὰ
1541 4436 1690 4507 ψυχὴ
1755 4433 1960 4504 ἀρετὴν

2579 2966 2804 3022 CAPUT
2846 2965 3132 3021 XXXVIII.

2147 3056 2274 3121 Qua:
2324 3056 2704 3129 Constantinus
2736 3057 2930 3127 Sapori
2999 3056 3284 3111 Persarum
3326 3058 3438 3129 regi
3485 3073 3579 3126 pro

2524 3127 2843 3181 Christianis
2871 3128 3172 3195 scripserit.

2138 3237 2497 3308 Pasti-aquam
2594 3248 2778 3293 autem
2866 3240 3284 3295 lattilatissimus
3349 3240 3653 3310 imperator

2063 3330 2417 3387 Christicolas
2445 3332 2520 3385 ibi
2559 3333 2631 3386 ita
2662 3331 2826 3401 adﬂigi
2863 3333 3156 3396 intellexit,
3187 3348 3330 3404 aegre
3358 3331 3412 3387 id
3443 3333 3649 3394 ferens,

2067 3438 2397 3493 magnopere
2430 3434 2516 3477 est
2549 3424 2930 3493 perturbatus.
2970 3423 3035 3478 Et
3066 3435 3293 3494 paratus
3324 3424 3551 3495 quidem
3586 3427 3651 3477 ad

2064 3530 2225 3586 opem
2264 3516 2372 3569 illis
2404 3516 2693 3570 ferendam
2725 3527 2888 3570 erat:
2922 3516 3018 3571 sed
3060 3520 3207 3586 quod
3239 3516 3448 3572 faceret
3478 3525 3539 3571 ut
3570 3517 3651 3570 illi

2064 3623 2132 3663 eo
2157 3621 2381 3678 quoque
2407 3611 2526 3662 loco
2555 3608 2800 3677 quietam
2825 3609 3099 3664 ducerent
3123 3611 3314 3675 vitam,
3342 3624 3449 3664 non
3482 3609 3654 3663 habe-

2066 3699 2177 3754 bat.
2212 3697 2318 3752 Sed
2350 3698 2498 3752 enim
2535 3698 2737 3753 accidit
2766 3707 2827 3753 ut
2857 3698 3023 3769 legati
3058 3707 3177 3753 tum
3216 3713 3284 3753 ex
3332 3697 3563 3752 Perside
3598 3699 3650 3752 ei

2065 3791 2355 3857 adessent;
2396 3805 2633 3862 quorum
2676 3791 2881 3861 optatis
2914 3806 3040 3846 cum
3082 3791 3468 3854 satisfecisset,
3505 3801 3652 3854 recte

2064 3894 2124 3936 se
2159 3881 2433 3936 facturum
2481 3882 2718 3952 putavit,
2747 3884 2792 3937 si
2842 3882 3037 3953 Sapori
3089 3883 3156 3938 de
3188 3883 3521 3939 Christianis
3556 3883 3650 3955 qui

2065 3974 2169 4029 sub
2199 3975 2321 4047 ejus
2351 3991 2525 4044 regno
2561 3985 2770 4043 essent,
2808 3976 3119 4047 quidquam
3156 3978 3325 4032 etiam
3370 3978 3647 4048 signiﬁca-

2065 4077 2171 4123 ret.
2224 4068 2413 4138 Itaque
2459 4067 2751 4137 epistolam
2801 4067 2868 4122 ad
2916 4083 3076 4131 eum,
3128 4069 3351 4141 dignam
3407 4068 3651 4139 profeCto

2064 4162 2213 4217 illam
2245 4177 2368 4230 qua:
2402 4161 2639 4215 maxime
2670 4160 3004 4225 celebretur,
3037 4162 3233 4216 dedit:
3264 4163 3557 4218 maximam
3591 4178 3649 4218 se

2064 4253 2141 4307 illi
2177 4253 2496 4307 debiturum
2533 4268 2656 4307 esse.
2688 4253 2925 4323 gratiam
2970 4255 3292 4319 ostendens,
3325 4254 3368 4309 si
3401 4256 3643 4324 quietem

2062 4344 2143 4399 eis
2174 4343 2269 4413 qui
2303 4357 2459 4398 sacra
2490 4342 2698 4399 Christi
2737 4343 3008 4411 colerent,
3047 4345 3415 4414 permitteret.
3457 4344 3648 4414 Neque

2063 4448 2185 4489 esse
2225 4433 2372 4504 quod
2415 4434 2703 4505 religionis
2747 4436 2868 4506 ejus
2914 4437 3276 4490 caeremonias
3323 4436 3644 4490 criminare-

388 4536 704 4607 ἁκραιφνῶς
752 4535 1022 4599 ἀσκοῦσα,
1063 4532 1161 4587 καὶΙ
1202 4532 1450 4601 δόγματα
1500 4527 1760 4598 εὐσεϐείᾳ
1808 4525 1954 4596 μάλα

2063 4535 2153 4581 tur
2182 4544 2199 4581 :
2232 4526 2439 4598 quippe
2478 4526 2605 4583 illos
2641 4541 2752 4582 non
2794 4527 3034 4583 victimis
3065 4527 3344 4591 mactatis,
3377 4529 3641 4598 quemad-

393 4630 756 4700 προσήκοντα.
789 4628 952 4680 Ὥστε
1004 4629 1099 4679 καὶ
1142 4624 1212 4680 δι’
1264 4623 1496 4678 ἐπαίνου
1550 4620 1754 4692 μᾶλλον
1805 4621 1960 4688 ἄγειν

390 4724 514 4785 τοὺς
543 4717 643 4776 ὧδε
682 4722 793 4775 δεῖν
835 4721 1182 4791 ἡγουμένους
1227 4716 1533 4771 πιστεύειν.
1578 4714 1703 4768 Ἐπὶ
1739 4712 1805 4783 δὴ
1836 4712 1961 4765 τού-

390 4829 503 4876 τοις
542 4813 700 4867 ἵλεων
745 4812 891 4882 ἐχειν
942 4811 1257 4880 ὑπισχνεῖτο
1286 4808 1348 4862 τὸ
1391 4807 1568 4872 Θεῖον,
1600 4805 1654 4858 εί
1692 4806 1745 4872 γ’
1784 4803 1962 4857 ἕλοιτο

394 4907 641 4976 προνοεῖν
694 4905 811 4975 τῆς
856 4904 1191 4975 θρησκείας·
1249 4903 1346 4956 καὶ
1394 4900 1697 4971 τεκμήριον
1748 4897 1959 4967 προῆγε

395 4997 654 5068 Γαλιῆνον
707 4998 917 5051 ἐκεῖνον
967 4998 1062 5050 καὶ
1116 4992 1534 5064 Οὐαλλεριανδν,
1602 4989 1698 5044 καὶ
1757 4989 1825 5041 τὰ
1869 4986 1959 5041 ἐπ’

392 5088 541 5158 αὐτῷ
590 5089 785 5158 ἐκείνῳ
834 5086 1249 5158 συμϐεϐηκότα.
1303 5085 1367 5138 Oi
1415 5082 1514 5154 μὲν
1557 5080 1667 5152 γὰρ
1723 5080 1813 5133 διὰ
1862 5080 1963 5148 τὴν

396 5182 528 5252 πρὸς
594 5180 956 5250 Χριστιανοὺς
1022 5179 1250 5250 εἰρήνην
1308 5175 1569 5247 εὐμαρῶς
1626 5174 1729 5241 τὴν
1783 5172 1963 5243 ἀρχὴν

391 5276 667 5345 διήνυσαν.
706 5273 859 5326 Ἐπεὶ
885 5272 943 5326 δὲ
975 5273 1070 5327 καὶ
1098 5265 1273 5336 οὗτοι,
1307 5270 1511 5340 μᾶλλον
1548 5267 1595 5322 δ’
1623 5266 1960 5336 Οὐαλλεριαο

391 5368 481 5432 νὸς
518 5367 756 5436 διωγμὸν
801 5366 923 5420 κατ’
969 5365 1172 5430 αὐτῶν,
1213 5365 1288 5426 ὡς
1338 5365 1389 5416 οἱ
1439 5362 1645 5422 λοιποὶ,
1695 5364 1962 5430 πράττειν

392 5462 600 5531 ᾑρεῖτο,
633 5460 736 5513 ὑπ),
764 5459 1005 5530 Πέρσαις
1028 5459 1350 5527 γενόμενος,
1378 5451 1476 5526 τῆς
1503 5455 1658 5515 θείας
1686 5451 1961 5523 ἐπειράθη

392 5554 543 5621 δίκης
566 5567 583 5585 ’
613 5552 671 5605 ἐν
713 5546 796 5614 οἷς
831 5550 1176 5620 αἰχμάλωτος
1221 5546 1480 5616 γεγονὼς,
1513 5543 1701 5606 κακῶς
1753 5543 1813 5596 τὸ
1861 5544 1962 5612 ζῇν

2064 4619 2289 4676 modum
2333 4621 2507 4689 ipsos,
2537 4620 2635 4675 sed
2681 4619 2990 4677 incruentis
3029 4621 3268 4691 gaudere
3314 4622 3639 4685 sacriﬁciis;

2061 4718 2119 4768 et
2145 4726 2340 4782 preces
2378 4714 2446 4767 ad
2480 4711 2651 4767 Deum
2697 4711 2954 4780 fundere,
2986 4713 3075 4768 cui
3110 4729 3223 4770 non
3262 4713 3475 4771 etlusus
3518 4729 3645 4770 san-

2061 4805 2187 4876 guis
2219 4813 2409 4875 gratus
2445 4812 2619 4869 esset,
2648 4804 2743 4859 sed
2778 4805 2959 4860 anima
2998 4805 3262 4863 virtutem
3297 4806 3518 4864 sincere
3548 4823 3645 4862 ex-

2064 4894 2282 4960 hibens,
2318 4906 2376 4951 et
2422 4894 2677 4965 dogmata
2726 4911 2870 4952 vera:
2918 4898 3109 4968 pietati
3160 4899 3397 4955 maxime
3439 4914 3646 4955 conve-

2063 4989 2297 5046 nientia.
2347 4989 2588 5046 Proinde
2643 4989 2955 5047 laudandos
3000 5007 3098 5048 eos
3151 5006 3275 5048 esse
3318 4992 3515 5064 magis,
3549 4995 3643 5063 qui

2065 5082 2173 5138 sibi
2219 5082 2294 5138 ita
2337 5082 2702 5149 credendum,
2745 5084 3031 5155 Deumque
3084 5085 3380 5143 colendum
3437 5094 3646 5140 statue-

2064 5183 2215 5231 runt.
2255 5175 2336 5231 Ad
2391 5175 2508 5232 haec
2553 5175 2722 5230 Deum
2769 5177 2922 5232 illum
2972 5178 3275 5248 propitium
3324 5178 3643 5233 habiturum
3706 5164 3721 5173 “

2062 5282 2187 5321 esse
2217 5267 2447 5337 recepit,
2474 5267 2519 5321 si
2544 5267 2987 5325 Christianorum
3018 5271 3209 5340 pietati
3235 5271 3643 5326 consulendum

2064 5369 2306 5429 putaret.
2341 5360 2522 5428 Atque
2561 5359 2631 5414 ad
2664 5358 2718 5413 id
2756 5361 3136 5424 indicandum.
3167 5362 3456 5418 Galienum
3491 5364 3643 5437 illum

2062 5465 2114 5506 et
2151 5450 2525 5515 Valerianum,
2559 5460 2829 5522 pratterea
2868 5469 3000 5509 vero
3037 5470 3100 5510 ea
3142 5471 3263 5525 quae
3296 5466 3352 5511 et
3385 5455 3490 5509 sub
3524 5456 3644 5525 ipso

2061 5544 2415 5608 accidissent,
2466 5544 2749 5614 produxit.
2805 5547 2934 5602 Illos
2977 5548 3149 5610 enim,
3195 5549 3467 5616 tantisper
3512 5548 3642 5600 dum

394 5643 780 5715 ὶξεμέτρησεν.
812 5643 971 5712 Αὐτῷ
1013 5641 1059 5694 δ’
1106 5642 1303 5709 ἐκείνῳ
1340 5639 1429 5693 διὰ
1463 5639 1563 5706 τὴν
1614 5640 1692 5700 εἰς
1728 5634 1957 5701 Χριστὸν

2063 5636 2408 5690 Christianos
2449 5637 2745 5704 quiescere
2783 5640 2929 5707 passi
2978 5650 3183 5699 essent,
3219 5639 3378 5693 facile
3424 5639 3642 5705 imperii

396 5739 574 5789 πίστιν
622 5738 911 5807 σύμμαχον
958 5737 1015 5788 τὸ
1040 5735 1196 5787 Θείαν
1246 5734 1615 5801 γεγενημέναν
1655 5732 1833 5784 πᾶσαν
1859 5726 1957 5793 τὴν

2063 5746 2286 5784 cursum
2330 5730 2577 5785 tenuisse
2613 5730 2832 5803 ιϐιδ
2869 5731 3091 5786 eosdem
3148 5742 3354 5794 autem,
3417 5730 3641 5799 potissi-

464 5876 539 5947 (ι)
610 5875 986 5948 ἐπηρεάσατο
1049 5878 1135 5945 τῇ,
1177 5872 1356 5935 πόλει,
1417 5872 1689 5927 ίηειιίιαι·ίι
1752 5872 1955 5941 Oppido.

2068 5886 2364 5927 UZ'llllCllllS
2394 5875 2411 5936 )
