4118 6466
488 385 587 458 1:7
1710 409 2132 478 NICEPHORI
2171 422 2517 486 CALLlSTI
3075 388 3106 394 ﬂ
3181 394 3260 406 ’”’
3641 446 3732 510 tta

486 515 633 552 munt
669 516 796 556 vero
830 504 1204 574 Valerianum,
1241 522 1624 587 posteaquam,
1657 521 1819 577 siculi
1863 527 2060 597 reliqui
2099 546 2138 596 Α
2185 533 2241 585 Ί)

485 591 850 658 imperatores
922 598 1198 664 Roxnani,
1274 610 1717 673 persecutionem
1802 615 2069 672 adversus

481 680 828 742 Christianos
873 691 1192 758 excitasset,
1231 695 1302 750 ab
1349 699 1483 767 ipsis
1529 702 1714 762 Persis
1748 707 1976 774 victum,
2013 713 2065 765 in

482 772 784 834 discrimen
831 778 1034 842 divinae
1085 785 1341 852 vindicta:
1382 791 1666 859 incidisse,
1702 807 1757 850 et
1789 801 1930 868 apud
1973 819 2068 856 eos

481 869 760 934 captivum
793 873 997 929 misere
1027 877 1198 932 vitam
1229 880 1460 938 tiniisse.
1493 886 1600 940 Sed
1628 890 1776 942 enim
1804 891 1908 945 sibi
1942 893 2064 963 ipsi,

483 971 710 1026 propter
769 963 931 1020 (idem
989 967 1046 1028 in
1100 970 1410 1041 Christum,
1448 977 1622 1032 Deum
1675 983 2065 1050 opitulatorem

481 1049 667 1116 fuisse,
709 1068 1039 1127 omnemque
1085 1062 1212 1117 inde
1266 1064 1502 1122 Romani
1543 1072 1756 1142 imperii
1801 1075 2064 1131 ditionem

481 1141 550 1194 ab
572 1142 694 1211 ipso
720 1160 896 1215 usque
927 1151 1258 1209 occidentali
1284 1156 1525 1226 Oceano,
1550 1177 1675 1216 cum
1706 1163 1847 1220 bona
1875 1168 2068 1226 Orien-

483 1234 553 1287 tis
585 1244 760 1303 parte,
802 1240 856 1292 in
901 1252 1232 1308 potestatem
1287 1263 1442 1306 suam
1497 1255 1815 1320 pervenisse
1849 1275 1862 1312 :
1896 1261 2064 1314 multa

477 1341 506 1378 a
537 1340 594 1380 se
629 1327 770 1383 bella
804 1333 1076 1400 confecta,
1111 1348 1166 1392 et
1197 1339 1263 1393 de
1293 1344 1558 1412 gravibus
1597 1350 1846 1418 tyrannis
1877 1351 2065 1406 divino

476 1429 618 1478 nutu
665 1429 870 1492 tropaaa
920 1441 1045 1483 esse
1084 1440 1312 1487 statuta.
1350 1435 1429 1488 Ad
1472 1453 1610 1506 quas
1652 1456 1740 1495 res
1787 1443 1923 1496 nihil
1961 1446 2062 1499 sibi

475 1523 617 1575 Opus
670 1513 842 1569 fuisse
886 1518 972 1572 vel
1020 1519 1330 1578 hostiarum
1366 1529 1720 1597 mactatione,
1754 1533 1838 1584 vel
1875 1543 2062 1588 vatum

477 1599 932 1678 hariolorumqne
966 1613 1472 1680 praedictionezsed
1513 1619 1580 1674 ad
1623 1622 1909 1678 victoriam
1947 1641 2062 1680 om-

476 1711 603 1752 nem
653 1702 790 1759 satis
854 1705 1028 1763 fuisse
1088 1711 1261 1765 solam
1307 1715 1524 1783 crucis,
1571 1732 1694 1786 quae
1731 1721 1906 1788 copiis
1945 1723 2063 1776 suis

475 1791 738 1860 Prteierit,
777 1808 1136 1867 armaturam,
1173 1813 1228 1856 et
1265 1806 1574 1861 orationem
1615 1819 1884 1882 praeterea
1930 1829 2060 1866 san-

475 1883 660 1952 guinis
694 1901 922 1954 prorsus
955 1904 1260 1962 expertem.
1298 1898 1378 1952 Ad
1417 1899 1579 1954 linem
1615 1917 1780 1970 porro
1812 1905 2061 1974 epistolae
2096 1885 2135 1939 Β

478 1974 592 2028 haec
641 1978 808 2032 etiam
842 1983 1008 2037 verba
1060 1985 1260 2042 aﬂert:
1306 2008 1323 2041 ι
1363 1989 1477 2046 Hoc
1511 1993 1797 2048 hominum
1834 2013 2056 2067 genere,

471 2066 919 2127 Christianorum
972 2077 1098 2133 dico
1132 2079 1224 2146 (de
1273 2081 1360 2135 his
1394 2084 1544 2137 enim
1580 2087 1714 2140 mihi
1749 2097 1834 2141 est
1876 2103 2058 2143 sermo

469 2160 700 2235 omnis),
742 2169 1021 2232 quomodo
1055 2187 1142 2226 me
1189 2175 1396 2229 elatum
1451 2177 1513 2231 iri
1563 2179 1756 2234 laetitia
1799 2191 1977 2248 putes,
2011 2182 2056 2236 si

472 2250 715 2317 audiam,
751 2257 1046 2318 Persarum
1088 2279 1310 2334 quoque
1350 2281 1436 2321 res
1479 2268 1923 2338 ﬂorentissimas,
1959 2289 2056 2341 pro

470 2357 538 2405 eo
573 2355 740 2415 atque
782 2353 968 2420 cupio,
1003 2353 1306 2422 plurimum
1354 2363 1649 2416 exornari?
1685 2372 1744 2416 ut
1777 2380 1863 2418 res
1891 2365 2056 2419 simul

470 2447 526 2494 et
568 2439 664 2494 tibi
713 2443 1116 2511 pulcherrime,
1156 2458 1212 2502 et
1251 2450 1358 2506 illis
1393 2453 1583 2508 itidem
1628 2455 1856 2524 optime,
1889 2467 2054 2523 atque

472 2529 546 2588 ita
593 2534 845 2603 utrisque
881 2552 947 2591 ex
989 2553 1149 2608 aequo
1206 2541 1448 2600 feliciter
1490 2555 1642 2601 eant.
1683 2546 1776 2602 Sic
1817 2563 2054 2617 namque

471 2622 859 2690 universitatis
919 2630 1085 2701 hujus
1137 2633 1309 2690 Deum
1372 2637 1700 2694 clementem
1763 2639 2054 2695 habiturus

470 2729 621 2774 cases
651 2725 707 2776 et
757 2721 1083 2793 benignum.
1131 2725 1242 2782 llos
1276 2728 1470 2799 igitur,
1498 2730 1723 2800 quando
1758 2745 1821 2785 ea
1861 2733 2054 2800 ampli-

471 2807 664 2863 tudine
710 2827 800 2878 es,
840 2815 937 2872 tibi
988 2820 1342 2874 commendo.
1397 2821 1510 2877 llos
1559 2824 1739 2891 ipsos,
1792 2825 2050 2892 quoniam

472 2900 676 2973 pietate
722 2920 944 2976 quoque
991 2912 1289 2980 praeclarus
1340 2929 1422 2978 es,
1466 2915 1564 2972 tibi
1611 2916 1954 2972 humanitate
1997 2927 2053 2974 et

473 2992 854 3054 benevolentia
903 3003 1298 3072 complectere,
1343 3021 1374 3060 a
1421 3016 1477 3060 te
1529 3006 1647 3075 ipso
1699 3009 1883 3073 simul,
1925 3017 1980 3063 et
2023 3025 2052 3063 a

471 3085 651 3150 nobis,
701 3104 799 3157 per
837 3090 1022 3159 fidem,
1061 3095 1390 3151 immensam
1443 3097 1689 3154 initurus
1727 3101 1980 3168 gratiam.
2027 3120 2046 3154 ο

471 3175 645 3234 Tanta
695 3183 885 3236 divino
937 3185 1068 3242 huic
1144 3189 1262 3244 viro
1312 3189 1382 3246 de
1431 3193 1690 3248 omnibus
1722 3193 1814 3263 qui
1869 3192 2052 3248 ubivis

2245 537 2469 601 ωμαίων
2519 530 2848 609 οἰκουμένην
2893 541 2997 596 ὕπο
3029 545 3204 620 χεῖρα
3257 547 3513 615 γενέσθαι
3553 553 3747 610 latitat

2173 627 2234 677 ἐκ
2266 626 2358 678 τοῦ
2404 629 2546 680 κατὰ
2585 629 2740 682 δύσιν
2787 631 3050 703 ἠργμένῳ
3085 635 3366 700 Ὠκεανοῦ,
3405 641 3498 692 καὶ
3528 643 3587 692 τὸ
3615 643 3748 698 πολὺ

2171 716 2269 784 τῆς
2297 716 2371 769 ἕω
2402 719 2642 772 λαϐόντι.
2672 721 2910 787 Πολλοὺς
2940 723 2997 776 δὲ
3030 725 3306 796 πολέμους
3339 730 3432 787 καὶ
3458 731 3749 801 τυράννους

2173 807 2363 878 βαρεῖς
2403 813 2469 882 τῇ
2523 812 2738 867 ἐκεῖθεν
2785 819 3207 888 τροπωσαμένῳ
3251 822 3417 890 ῥοπῇ,
3469 824 3541 893 μή
3594 841 3750 882 τινων

2169 901 2431 972 δεηθῆναι
2464 907 2715 974 σφαγίων
2745 907 2777 978 ἢ
2815 910 3108 977 μαντειῶν,
3142 911 3258 964 ἀλλ’
3295 915 3374 976 είς
3425 913 3584 984 νίκην
3609 917 3748 968 ἀπο-

2171 995 2376 1064 χρῆσαι
2432 997 2596 1065 μόνον
2657 999 2716 1052 τὸ
2777 1000 3070 1072 σταυρικὸν
3128 1002 3292 1056 ὅπλον
3351 1003 3444 1056 τοῦ
3509 1005 3745 1073 στρατοῦ

2170 1087 2618 1158 προηγούμενον
2678 1093 2772 1143 καί⁹
2830 1094 2970 1163 πρὸς
3025 1093 3202 1163 τούτῳ
3268 1094 3436 1165 εὐχὴν
3499 1096 3748 1165 αἱμάτων

2171 1179 2636 1252 ἀπηλλαγμένην.
2683 1185 2843 1240 Κατὰ
2884 1185 3028 1248 λέξιν
3056 1185 3112 1239 δὲ
3145 1187 3240 1240 καὶ
3285 1186 3462 1266 ταῦτα
3509 1188 3642 1258 πρὸς
3673 1187 3747 1256 τῷ

2168 1271 2317 1323 τέλει
2353 1273 2454 1342 τῆς
2486 1275 2775 1345 ἐπιστολῆς
2810 1277 3090 1346 ἐπιλέγει·
3129 1297 3148 1328 ι
3197 1279 3402 1331 Τούτου
3449 1278 3542 1332 τοῦ
3579 1297 3748 1334 κατα-

2169 1363 2330 1431 λόγου
2374 1365 2484 1417 τῶν
2529 1367 2857 1436 ἀνθρώπων,
2896 1369 3042 1436 λέγω
3095 1370 3159 1438 δὴ
3213 1371 3323 1423 τῶν
3367 1371 3746 1440 Χριστιανῶν,

2169 1456 2309 1526 ὑπὲρ
2355 1456 2462 1526 γάρ
2516 1459 2720 1510 τούτων
2776 1462 2802 1512 ὁ
2858 1461 2965 1520 πᾶς
3023 1477 3114 1529 μοι
3167 1461 3348 1527 λόγος,
3380 1460 3499 1523 πῶς
3546 1461 3647 1513 οίει
3684 1478 3746 1526 με

2166 1548 2389 1616 ἥδεσθαι
2423 1549 2712 1615 ἀκούοντα,
2739 1552 2866 1604 ὅταν
2900 1555 2994 1604 καὶ
3044 1552 3146 1620 τῆς
3194 1552 3456 1622 Περσίδος
3499 1555 3568 1606 τὰ
3612 1551 3748 1622 κρά-

2165 1656 2322 1690 τιστα
2376 1642 2470 1693 ἐπὶ
2539 1641 2795 1694 πλεῖστον
2849 1641 3040 1713 ὥσπερ
3102 1643 3216 1700 ἔστι
3281 1662 3373 1713 μοι
3432 1644 3744 1714 βουλομένῳ

2167 1732 2490 1798 κοσμεῖται,
2523 1731 2613 1783 Σοί
2649 1748 2708 1784 τε
2752 1727 2846 1787 οὖν
2873 1733 2946 1796 ὡς
2976 1734 3057 1786 ὅτι
3093 1733 3382 1798 κάλλιστα,
3413 1737 3652 1796 ἐκείνους
3689 1750 3744 1788 τε

2166 1813 2426 1881 ὡσαύτως
2485 1821 2719 1890 ὑπάρχει
2772 1820 2843 1876 τὰ
2887 1823 3186 1892 κράτιστα*
3220 1822 3248 1875 ὂ
3280 1822 3396 1882 ἔστι
3447 1824 3530 1877 σοὶ
3565 1822 3746 1874 κάκεί-

2168 1928 2300 1973 νοις.
2333 1912 2490 1965 υῦτω
2529 1916 2634 1983 γὰρ
2666 1913 2810 1978 ἕξεις
2839 1913 2933 1966 τὸν
2970 1916 3079 1967 τῶν
3108 1915 3246 1967 ὅλων
3275 1914 3412 1966 Θεὸν
3456 1917 3628 1984 πρᾶον
3655 1913 3745 1964 καὶ

2167 2003 2396 2072 εὐμενῆ.
2449 2004 2688 2068 Τούτους
2737 2006 3056 2077 τοιγαροῦν,
3119 2007 3314 2076 ἐπειδὴ
3373 2008 3629 2067 τοσοῦτος
3675 2000 3741 2067 εί,

2170 2099 2277 2162 σοὶ,
2301 2096 2700 2166 παρατίθεμαι.
2750 2095 2892 2160 Τοὺς
2922 2099 3121 2160 αὐτοὺς
3160 2098 3216 2150 δὲ
3264 2097 3511 2164 τούτους,
3543 2098 3623 2150 ὅτι
3654 2096 3747 2147 καὶ

2167 2188 2423 2260 εὐσεϐείᾳ
2457 2189 2734 2258 ἐπίσημος
2793 2187 2864 2253 εἴ,
2905 2190 3221 2258 ἐγχειρίζω.
3273 2191 3513 2252 Τούτους
3559 2188 3745 2252 ἀγάπα

2167 2281 2443 2350 ἁρμοδίως
2488 2283 2553 2350 τῇ
2602 2279 2802 2334 σαυτοῦ
2833 2281 3218 2352 φιλανθρωπίᾳ
3245 2297 3260 2312 °
3312 2283 3500 2351 σαυτῷ
3531 2297 3592 2334 τε
3640 2282 3744 2348 γὰρ

2166 2375 2260 2426 καὶ
2311 2375 2447 2442 ἡμῖν
2494 2373 2911 2444 ἀπερίγραπτον
2958 2375 3155 2436 δώσεις
3219 2374 3308 2426 διὰ
3353 2375 3456 2444 τῆς
3513 2374 3744 2431 πίστεως

2163 2461 2344 2530 χάριν.
2403 2481 2422 2514 ι
2463 2460 2714 2532 Τοσαύτη
2770 2479 2852 2524 τις
2907 2455 2977 2532 ἦν
3033 2461 3111 2532 τῷ
3172 2461 3303 2531 θείῳ
3357 2463 3539 2531 τούτῳ
3593 2459 3745 2528 ἀνδρὶ

2166 2555 2387 2623 φροντὶς
2427 2552 2536 2606 τῶν
2593 2552 2912 2623 ἁπανταχοῦ
2953 2553 3191 2625 Χριστὸν
3251 2554 3598 2622 ἐγνωκότων.
3647 2548 3744 2609 Διά,

2163 2659 2245 2695 τοι
2280 2643 2374 2695 καὶ
2416 2643 2657 2704 τοιοῦτος
2709 2646 2808 2714 τῆς
2861 2643 3012 2708 θείας
3047 2645 3377 2716 κηδεμονίας
3425 2641 3742 2702 ἀπολαύσας

2162 2734 2502 2804 ἀρκούντως,
2523 2733 2796 2803 Εὐρώπην
2827 2737 2926 2805 μὲν
2955 2736 3052 2790 καὶ
3074 2737 3282 2806 Λιϐύην
3305 2737 3399 2790 καὶ
3427 2737 3497 2790 τὰ
3521 2734 3743 2789 πλεῖστα

2161 2824 2261 2890 τῆς
2317 2825 2502 2889 Ἀσίας
2564 2825 2799 2896 συσχὼν,
2838 2825 3029 2889 εὔνους
3081 2823 3197 2897 εἶχε
3251 2828 3379 2891 τοὺς
3428 2827 3524 2881 ὑπ’
3581 2824 3744 2879 αὐτὸν

2166 2916 2288 2986 μεθ’
2323 2917 2516 2988 ἡδονῆς
2563 2919 2960 2988 πειθομένους⁶
3007 2921 3111 2991 ἢδη
3155 2921 3212 2974 δὲ
3248 2922 3343 2972 καὶ
3387 2921 3500 2973 τῶν
3537 2916 3738 2987 βαρϐά-

2163 3027 2275 3079 ρων
2303 3012 2350 3062 οί
2382 3011 2646 3074 πλεῖστοι,
2681 3013 2730 3064 oi
2761 3013 2861 3080 μὲν
2894 3013 3136 3080 ἑκόντες,
3161 3014 3211 3065 oi
3241 3013 3297 3065 δὲ
3333 3012 3510 3084 μάχη,
3534 3012 3740 3077 ἕτοιμοι

2162 3101 2494 3173 θεραπεύειν
2524 3099 2687 3175 ἦσαν.
2727 3105 2836 3158 Καὶ
2874 3105 3154 3174 πανταχοῦ
3187 3107 3430 3176 τρόπαια
3469 3101 3738 3173 ἑστηκότα

2160 3195 2457 3263 νικηφόρον
2485 3194 2577 3246 τὸν
2616 3193 2842 3264 βασιλέα
2871 3195 3194 3265 ἐκήρυττον.

471 3269 716 3326 locorum
766 3278 816 3330 in
869 3281 1244 3349 cognitionem
1273 3282 1487 3352 Christi
1524 3287 1829 3352 venissent,
1902 3287 2086 3341 inerat
2125 3286 2462 3342 sollicitudo.
2521 3286 2869 3356 Quapropter
2917 3288 3042 3342 talis
3120 3286 3490 3385 cutn‘iuerit,
3525 3281 3738 3385 abunde

470 3379 691 3438 quoque
728 3371 910 3424 divina
946 3353 1076 3428 cura
1112 3376 1310 3443 fretus,
1347 3378 1591 3449 Europa,
1647 3380 1819 3452 Libya
1880 3389 1934 3434 et
2001 3380 2254 3447 plurimis
2287 3380 2431 3434 Asia:
2499 3353 2802 3450 provinciis
2832 3379 3028 3436 ditioni
3061 3397 3174 3440 suae
3199 3381 3489 3450 subjectis,
3553 3376 3739 3432 subdi-

473 3455 543 3508 tis
573 3462 710 3523 suis,
741 3464 834 3530 qui
865 3467 1206 3534 perlibenter
1236 3471 1284 3524 ei
1316 3487 1572 3539 paruere,
1603 3475 1889 3530 benevolis
1921 3488 2054 3527 usus
2090 3480 2197 3527 est.
2269 3471 2388 3528 1am
2459 3488 2595 3527 vero
2628 3484 2682 3528 et
2717 3489 2786 3528 ex
2820 3472 3076 3530 Barbaris
3114 3473 3357 3544 plurimi.
3402 3473 3604 3543 partim
3643 3484 3737 3525 sna

471 3560 691 3621 διιοιιιε.
739 3557 940 3622 Partim
1000 3560 1144 3618 bello
1199 3565 1437 3629 subacti,
1489 3582 1598 3620 non
1651 3577 1874 3637 gravate
1921 3580 2048 3625 eum
2090 3565 2335 3630 coluere.

475 3656 590 3696 rem
621 3645 1013 3715 imperatorem
1043 3668 1169 3707 eum
1201 3659 1645 3728 promulgarunt.

903 3769 1070 3846 619
1106 3771 1332 3830 CAPUT
1371 3775 1616 3841 xxxm.

479 3856 553 3924 De
581 3862 692 3924 vita
729 3863 1044 3940 monftstica.
1081 3867 1218 3918 unde
1249 3883 1310 3920 ea
1335 3870 1550 3922 initium
1580 3871 1898 3936 sumpserit,
1929 3870 2058 3940 quid

649 3947 711 3984 ea
735 3931 1076 4000 proﬁteatur,
1111 3944 1160 3988 et
1187 3952 1320 4010 quos
1342 3940 1583 3991 habuerit
1615 3931 1886 3995 auctores.

545 4086 721 4154 Atque
769 4087 883 4157 ipse
919 4089 1142 4158 quidem
1191 4092 1531 4162 cjuscemodi
1578 4094 1892 4151 actionibus
1940 4097 2058 4151 suis

473 4180 715 4235 etiiicttm
771 4182 1092 4251 religionem
1144 4195 1388 4240 nostram
1429 4197 1643 4242 auctam
1687 4191 2060 4246 honestatem—

473 4286 580 4334 que
612 4273 802 4325 voluit.
835 4276 942 4328 Sed
969 4285 1022 4328 et
1055 4275 1178 4344 ipsa.
1204 4291 1303 4345 per
1333 4292 1392 4331 se
1422 4277 1594 4347 ipsam
1640 4281 1701 4342 in,
1728 4294 1919 4349 magna
1954 4282 2058 4336 fuit

475 4363 666 4434 gloria,
715 4381 811 4434 per
856 4381 953 4426 eos
1001 4367 1093 4440 qui
1146 4377 1260 4430 tum
1296 4369 1363 4428 ad
1405 4370 1667 4424 virtutem
1713 4371 2054 4438 aspirabant,

479 4457 749 4522 homines.
793 4459 942 4531 Multi
991 4465 1138 4532 enim
1173 4464 1356 4522 adhuc
1396 4479 1464 4524 ex
1515 4466 1932 4524 cottfeS-‘oribtts
1965 4483 2057 4526 su-

481 4549 739 4618 perstites
783 4559 960 4624 erant,
1011 4554 1348 4614 inccclcsiis
1379 4556 1673 4612 enitentes.
1712 4557 1856 4622 Quin
1887 4559 2052 4618 etiam

477 4642 748 4696 eeiebrem
785 4660 902 4703 eam
941 4645 1256 4712 reddidere,
1316 4647 1590 4716 iidemque
1629 4649 1898 4718 ampliore
1938 4649 2056 4719 glo-

479 4732 554 4784 ria
591 4749 813 4799 auxere,
845 4753 1062 4794 morum
1084 4738 1400 4806 splendore,
1432 4739 1525 4808 qui
1556 4753 1623 4794 eo
1658 4749 1908 4808 tempore
1940 4756 2058 4798 mo:

477 4831 740 4882 nasticaltt
767 4831 1180 4900 solitarimnqne
1204 4831 1667 4894 consectabantur
1699 4833 1888 4887 vitam.
1916 4833 2051 4889 Nam

478 4922 643 4972 voluti
699 4938 898 4979 arcana
945 4933 1000 4978 et
1037 4923 1222 4993 divina
1271 4925 1520 4993 quiedam
1563 4940 1672 4990 res,
1724 4926 1948 4990 cmlitus
1981 4925 2049 4980 ad

479 5011 728 5065 homines
760 5012 980 5080 delapsa
1006 5023 1086 5076 est
1114 5013 1229 5077 haec
1263 5013 1610 5084 philosophia
1643 5032 1657 5067 :
1693 5016 1896 5084 quippe
1931 5031 2053 5084 quae

2427 3565 2643 3638 Ubique
2685 3567 2929 3645 denique
2978 3578 3180 3637 tropzea
3234 3569 3496 3634 excitata,
3567 3563 3737 3619 victo—

2739 3770 2994 3828 ΚΕΦΑΛ.
3027 3769 3152 3824 A8”.

2161 3866 2300 3932 Περὶ
2340 3863 2450 3930 τῆς
2485 3859 2822 3932 μονηχικῆς
2861 3863 3192 3932 πολιτείας,
3247 3863 3437 3932 πόθεν
3490 3859 3735 3930 ἤρξατο,

2230 3931 2330 3989 καί
2365 3934 2422 3987 τί
2459 3931 2894 4002 ἐπαγγέλλεται
2919 3970 2936 3998 ,
2976 3931 3074 3985 καὶ
3121 3932 3292 3996 τινας
3329 3931 3522 4000 ἔσχεν
3554 3932 3738 3998 ἀρχη-

2261 4025 2402 4071 σους.

2261 4025 2344 4060 σου
2388 4042 2402 4058 .

2230 4025 2387 4161 ἑαὶέ
2418 4096 2519 4165 μὲν
2561 4094 2788 4148 τοιαῦτα
2820 4096 3100 4164 πράττων,
3131 4095 3459 4165 περιμανῶς
3492 4091 3604 4164 εἶχε
3641 4091 3736 4160 τὴν

2161 4189 2461 4258 θρησκείαν
2498 4187 2781 4256 γεραίρειν
2803 4201 2817 4215 ⁸
2853 4186 2995 4255 αὑτὴ
3029 4185 3085 4242 δὲ
3119 4187 3216 4238 καὶ
3245 4185 3369 4238 καθ’
3407 4187 3608 4253 ἑαυτὴν
3639 4181 3736 4249 μὲν

2159 4280 2384 4350 εὐκλεὴς
2432 4275 2523 4349 ἦν,
2555 4279 2642 4331 διὰ
2694 4278 2804 4332 τῶν
2847 4280 3105 4348 τηνικάδε
3142 4278 3241 4350 τὴν
3286 4279 3495 4348 ἀρετὴν
3529 4274 3736 4347 μετιὸν·

2159 4388 2292 4424 των.
2334 4370 2527 4423 Πολλοὶ
2555 4371 2664 4439 γὰρ
2710 4371 2882 4422 εἰσέτι
2931 4369 3038 4421 τῶν
3080 4369 3432 4439 ὁμολογητῶν
3466 4366 3735 4438 περιῆσαν

2157 4462 2238 4532 τῷ
2283 4460 2404 4530 βίῳ,
2439 4461 2564 4526 ταῖς,
2611 4458 2934 4527 ἐκκλησίαις
2977 4459 3380 4529 ἐμπρέποντες.
3429 4459 3508 4512 Οὑ
3547 4457 3652 4526 μὴν
3679 4453 3734 4504 δὲ

2157 4553 2295 4616 ἀλλὰ
2326 4552 2421 4612 καὶ
2453 4552 2727 4622 ἐπίσημον
2778 4553 2999 4612 ἐποίουν
3033 4553 3216 4617 αὐτὸν,
3258 4557 3354 4604 καὶ
3395 4552 3498 4622 τὴν
3551 4548 3734 4601 πίστιν

2156 4647 2211 4700 δὲ
2243 4649 2308 4716 τῇ
2338 4644 2433 4699 τοῦ
2467 4645 2586 4714 βίου
2621 4645 2970 4715 λαμπρότητι
3008 4646 3100 4702 ἐπὶ
3134 4645 3276 4714 μέγα
3306 4643 3469 4714 δόξης
3504 4642 3730 4707 ἐτίμων,

2160 4737 2253 4792 καὶ
2277 4737 2326 4789 οἱ
2353 4733 2610 4803 τηνικάδε
2639 4733 2735 4807 τὴν
2767 4735 3064 4803 μοναδικὴν
3097 4735 3494 4803 μετερχόμενοι
3523 4730 3729 4802 βιοτήν.

2161 4820 2262 4878 (ria
2292 4824 2400 4895 γάρ
2431 4842 2482 4877 τι
2519 4825 2663 4876 θεῖον
2704 4826 2801 4877 καὶ
2849 4825 3164 4894 ἀπόρρητον
3195 4823 3386 4892 χρῆμα
3437 4820 3646 4878 ἄνωθεν
3679 4819 3730 4876 ἐς

2157 4917 2481 4989 ἀνθρώπους
2514 4920 2547 4988 ἡ
2578 4917 2800 4987 τοιαύτη
2842 4917 3115 4978 κατιοῦσα
3158 4916 3470 4985 φιλοσοφία,
3496 4916 3572 4978 ὡς
3612 4911 3732 4964 ὲπί-

2156 5029 2264 5064 παν
2303 5009 2404 5080 μὲν
2433 5011 2531 5079 τῆς
2562 5012 2620 5064 ὲν
2657 5011 2954 5080 μαθήμασι
2997 5012 3195 5080 τέχνης
3223 5010 3317 5063 καὶ
3345 5011 3446 5078 τῆς
3475 5011 3532 5060 ἐν
3556 5005 3730 5059 διαλό-

475 5116 528 5156 ιιι
561 5104 975 5173 disciplinarum
1007 5116 1174 5168 artes,
1211 5115 1264 5163 «ιι
1292 5106 1732 5174 di5putationum
1764 5123 1958 5177 nugas,
1993 5116 2050 5169 ut

2163 5120 2276 5168 Υοιτ
2329 5102 2530 5173 λέσχης
2586 5104 2937 5158 παντάπασιν
2991 5103 3209 5172 ἀμελεῖ,
3263 5105 3357 5156 ἆτε
3405 5103 3468 5172 δὴ
3523 5099 3731 5166 ταύτην

475 5215 595 5264 qmc
631 5211 1054 5260 supervacanea:
1088 5198 1220 5261 sint,
1251 5209 1538 5268 otiumque
1563 5199 1711 5268 quod
1753 5196 1806 5253 in
1848 5199 2050 5259 studiis

477 5289 796 5342 melioribus
825 5289 951 5355 poni
983 5299 1169 5356 queat,
1200 5289 1303 5343 sihi
1334 5291 1657 5352 vindicent,
1683 5289 2046 5358 impedimen-

477 5391 642 5448 tuque
685 5379 822 5432 adeo
855 5379 921 5438 ad
966 5381 1258 5449 puritatem
1294 5385 1417 5436 vita:
1446 5384 1572 5444 sint,
1612 5398 1838 5452 prorsus
1867 5382 2045 5448 negli-

476 5482 563 5534 gat
595 5487 606 5521 :
637 5472 863 5540 solaque
895 5473 1075 5525 nativa
1111 5484 1270 5527 utens
1306 5476 1527 5534 virtute,
1559 5489 1622 5528 ea
1648 5489 1772 5543 qua:
1795 5473 1862 5527 ad
1897 5473 2044 5528 illaut

479 5563 894 5628 lci-iit-iendam,
941 5573 994 5616 et
1021 5563 1087 5626 ad
1132 5566 1259 5620 vitia
1302 5566 1540 5620 tollenda
1593 5567 1820 5629 faciunt,
1857 5566 2054 5620 doceat

477 5665 532 5706 et
570 5655 785 5707 excolat
823 5673 835 5708 :
873 5672 994 5725 qum
1033 5673 1159 5711 vero
1200 5657 1344 5720 inter
1383 5659 1498 5714 haec
1539 5659 1814 5712 habentur
1847 5659 2052 5719 media.

481 5762 670 5798 eorum
697 5747 900 5801 nullam
928 5752 1088 5804 ducat
1117 5751 1408 5811 rationem.
1439 5766 1667 5819 prorsus
1693 5760 1878 5806 autem
1906 5751 2050 5804 circa

481 5851 568 5890 res
604 5846 854 5893 versetur
886 5841 1147 5897 honestas
1180 5861 1191 5897 :
1228 5855 1390 5912 atque
1420 5859 1513 5897 eos
1541 5842 1633 5912 qui
1662 5858 1690 5897 a
1719 5842 1868 5904 vitiis
1892 5843 2052 5912 longe

2160 5197 2454 5266 περίεργον
2494 5193 2682 5259 οὖσαν,
2715 5201 2808 5250 καὶ
2853 5197 2951 5267 τὴν
2983 5199 3116 5265 περὶ
3146 5199 3214 5250 τὰ
3265 5195 3501 5263 κρείττω
3535 5191 3730 5261 σχολὴν

2159 5286 2525 5357 ὑφαιροῦσαν,
2580 5287 2832 5356 ἐμποδών
2883 5305 2944 5348 τε
2997 5289 3290 5356 γινομένην
3329 5288 3465 5356 πρὸς
3489 5285 3589 5353 τὴν
3634 5283 3726 5347 τῆς

2157 5379 2537 5449 καθαρότητος
2571 5379 2756 5450 βιοτήν
2785 5396 2799 5411 ο
2835 5381 2969 5448 μόνη
2993 5381 3048 5432 δὲ
3071 5382 3326 5450 χρωμένη
3348 5383 3414 5448 τῇ
3434 5381 3495 5430 ἐκ
3520 5379 3730 5444 φύσεως

2159 5473 2354 5542 ἀρετῇ,
2384 5474 2452 5526 τὰ
2485 5473 2622 5544 πρὸς
2651 5475 2820 5544 αὐτὴν
2853 5475 3101 5544 συντελῆ,
3136 5474 3233 5528 καὶ
3270 5475 3370 5545 τὴν
3405 5475 3605 5526 κακίαν
3633 5472 3729 5522 ὅσα

2162 5565 2307 5631 μειοῖ
2357 5564 2675 5617 ὲκπαιδεύει
2710 5581 2724 5596 ο
2757 5566 2826 5617 τὰ
2879 5566 2934 5618 δὲ
2997 5565 3139 5635 μέσα
3192 5566 3397 5618 τούτων
3445 5566 3504 5617 ἐν
3557 5560 3729 5615 οὐδενὶ

2158 5657 2362 5709 τίθεται
2399 5672 2410 5686 ·
2451 5655 2626 5708 διόλου
2665 5655 2720 5708 δὲ
2742 5655 2961 5708 σύνεστι
3002 5659 3114 5717 τοῖς
3144 5654 3328 5718 καλοῖς
3351 5670 3367 5686 ο
3402 5655 3494 5732 τόν
3528 5667 3590 5717 γε
3623 5650 3728 5718 μὴν

2162 5751 2353 5819 πόρρω
2391 5749 2587 5809 κακίας
2620 5749 2769 5812 ὄντα,
2803 5749 3006 5816 ἥκιστα
3034 5749 3077 5799 δ’
3119 5747 3571 5820 ἀντιποιούμενον
3604 5746 3725 5807 ἁρε-

2160 5844 2278 5912 τῆς.
2323 5841 2601 5912 μοχθηρόν
2649 5859 2767 5894 τινα
2817 5841 3028 5909 νομίζει
3084 5841 3175 5892 καὶ
3230 5840 3454 5917 φαῦλον·
3503 5836 3580 5889 οὐ
3623 5833 3730 5910 Υ⁵Ρ
