  <div class='ocr_page' id='page_1' title='image "/cluster/home/n/w/nwhite01/storage/ocr_20150623/146:no.2/coo.31924054870518/082.png"; bbox 0 0 4118 6490; ppageno 0'>
   <div class='ocr_carea' id='block_1_1' title="bbox 368 403 465 465">
    <p class='ocr_par' dir='ltr' id='par_1_1' title="bbox 368 403 465 465">
     <span class='ocr_line' id='line_1_1' title="bbox 368 403 465 465; baseline -0.021 0"><span class='ocrx_word' id='word_1_1' title='bbox 368 403 465 465; x_wconf 69' lang='grc'><strong>149</strong></span> 
     </span>
    </p>
   </div>
   <div class='ocr_carea' id='block_1_2' title="bbox 1251 405 2710 488">
    <p class='ocr_par' dir='ltr' id='par_1_2' title="bbox 1251 405 2710 488">
     <span class='ocr_line' id='line_1_2' title="bbox 1251 405 2710 488; baseline 0.008 -24"><span class='ocrx_word' id='word_1_2' title='bbox 1251 405 1863 468; x_wconf 63' lang='grc' dir='ltr'><strong>ΕαριῐξδιΑδΤιαίΕ</strong></span> <span class='ocrx_word' id='word_1_3' title='bbox 1904 411 2298 488; x_wconf 69' lang='lat' dir='ltr'><strong>HiS&#39;l‘UerE</strong></span> <span class='ocrx_word' id='word_1_4' title='bbox 2340 414 2488 474; x_wconf 76' lang='lat' dir='ltr'><strong>LIB.</strong></span> <span class='ocrx_word' id='word_1_5' title='bbox 2540 414 2710 476; x_wconf 79' lang='grc' dir='ltr'>ιἰιι.</span> 
     </span>
    </p>
   </div>
   <div class='ocr_carea' id='block_1_3' title="bbox 3532 412 3633 472">
    <p class='ocr_par' dir='ltr' id='par_1_3' title="bbox 3532 412 3633 472">
     <span class='ocr_line' id='line_1_3' title="bbox 3532 412 3633 472; baseline -0.01 -5"><span class='ocrx_word' id='word_1_6' title='bbox 3532 412 3550 472; x_wconf 86' lang='grc'><strong>1</strong></span> <span class='ocrx_word' id='word_1_7' title='bbox 3567 413 3633 468; x_wconf 73' lang='lat' dir='ltr'><strong>5i)</strong></span> 
     </span>
    </p>
   </div>
   <div class='ocr_carea' id='block_1_4' title="bbox 361 518 1954 596">
    <p class='ocr_par' dir='ltr' id='par_1_4' title="bbox 361 518 1935 595">
     <span class='ocr_line' id='line_1_4' title="bbox 361 518 1935 595; baseline 0.004 -23"><span class='ocrx_word' id='word_1_8' title='bbox 361 518 612 587; x_wconf 63' lang='grc' dir='ltr'>ἐπίδειξιν</span> <span class='ocrx_word' id='word_1_9' title='bbox 637 518 811 572; x_wconf 76' lang='grc' dir='ltr'>ἐθέλει</span> <span class='ocrx_word' id='word_1_10' title='bbox 846 520 1021 574; x_wconf 77' lang='grc' dir='ltr'>ποιεῖν</span> <span class='ocrx_word' id='word_1_11' title='bbox 1069 521 1294 592; x_wconf 83' lang='grc' dir='ltr'>ἀρετῆς,</span> <span class='ocrx_word' id='word_1_12' title='bbox 1324 522 1460 578; x_wconf 85' lang='grc' dir='ltr'><strong>ἀλλά</strong></span> <span class='ocrx_word' id='word_1_13' title='bbox 1495 524 1756 594; x_wconf 81' lang='grc' dir='ltr'>πράττειν</span> <span class='ocrx_word' id='word_1_14' title='bbox 1789 526 1935 595; x_wconf 77' lang='grc' dir='ltr'>μάλα</span> 
     </span>
    </p>
   </div>
   <div class='ocr_carea' id='block_1_5' title="bbox 2060 518 3635 596">
    <p class='ocr_par' dir='ltr' id='par_1_5' title="bbox 2060 527 3635 596">
     <span class='ocr_line' id='line_1_5' title="bbox 2060 527 3635 596; baseline 0.003 -18"><span class='ocrx_word' id='word_1_15' title='bbox 2060 527 2243 594; x_wconf 69' lang='grc' dir='ltr'>ὼείιιι,</span> <span class='ocrx_word' id='word_1_16' title='bbox 2275 530 2538 583; x_wconf 73' lang='lat' dir='ltr'><strong>virtutem</strong></span> <span class='ocrx_word' id='word_1_17' title='bbox 2590 540 2772 584; x_wconf 66' lang='lat' dir='ltr'><strong>autem</strong></span> <span class='ocrx_word' id='word_1_18' title='bbox 2833 529 3016 584; x_wconf 86' lang='lat' dir='ltr'><strong>minus</strong></span> <span class='ocrx_word' id='word_1_19' title='bbox 3048 539 3439 583; x_wconf 64' lang='lat' dir='ltr'><strong>consectentur</strong></span> <span class='ocrx_word' id='word_1_20' title='bbox 3461 573 3472 588; x_wconf 84' lang='grc'><strong>,</strong></span> <span class='ocrx_word' id='word_1_21' title='bbox 3510 544 3635 596; x_wconf 84' lang='lat' dir='ltr'><strong>pra-</strong></span> 
     </span>
    </p>
   </div>
   <div class='ocr_carea' id='block_1_6' title="bbox 364 609 1940 688">
    <p class='ocr_par' dir='ltr' id='par_1_6' title="bbox 364 609 1940 688">
     <span class='ocr_line' id='line_1_6' title="bbox 364 609 1940 688; baseline 0.003 -21"><span class='ocrx_word' id='word_1_22' title='bbox 364 611 543 683; x_wconf 78' lang='grc' dir='ltr'>αὐτὴν,</span> <span class='ocrx_word' id='word_1_23' title='bbox 576 612 634 665; x_wconf 78' lang='grc' dir='ltr'>ἑν</span> <span class='ocrx_word' id='word_1_24' title='bbox 664 609 842 665; x_wconf 78' lang='grc' dir='ltr'>οὐδενὶ</span> <span class='ocrx_word' id='word_1_25' title='bbox 892 611 993 681; x_wconf 78' lang='grc' dir='ltr'>τὴν</span> <span class='ocrx_word' id='word_1_26' title='bbox 1034 612 1168 682; x_wconf 85' lang='grc' dir='ltr'>παρ’</span> <span class='ocrx_word' id='word_1_27' title='bbox 1203 613 1518 683; x_wconf 82' lang='grc' dir='ltr'>ἀνθρώποις</span> <span class='ocrx_word' id='word_1_28' title='bbox 1559 619 1823 688; x_wconf 78' lang='grc' dir='ltr'><strong>τιθεμένη</strong></span> <span class='ocrx_word' id='word_1_29' title='bbox 1853 619 1940 671; x_wconf 89' lang='grc' dir='ltr'>δό-</span> 
     </span>
    </p>
   </div>
   <div class='ocr_carea' id='block_1_7' title="bbox 364 704 1936 782">
    <p class='ocr_par' dir='ltr' id='par_1_7' title="bbox 364 704 1936 782">
     <span class='ocr_line' id='line_1_7' title="bbox 364 704 1936 782; baseline 0.004 -25"><span class='ocrx_word' id='word_1_30' title='bbox 364 708 487 771; x_wconf 61' lang='grc' dir='ltr'><strong>ξαν</strong></span> <span class='ocrx_word' id='word_1_31' title='bbox 516 704 781 774; x_wconf 81' lang='grc' dir='ltr'>γενναίως</span> <span class='ocrx_word' id='word_1_32' title='bbox 802 704 847 759; x_wconf 77' lang='grc' dir='ltr'>δ’</span> <span class='ocrx_word' id='word_1_33' title='bbox 882 704 1082 777; x_wconf 73' lang='grc' dir='ltr'>ἔχουσα</span> <span class='ocrx_word' id='word_1_34' title='bbox 1114 705 1252 776; x_wconf 81' lang='grc' dir='ltr'>πρὸς</span> <span class='ocrx_word' id='word_1_35' title='bbox 1303 707 1373 761; x_wconf 91' lang='grc' dir='ltr'><strong>τά</strong></span> <span class='ocrx_word' id='word_1_36' title='bbox 1407 709 1509 779; x_wconf 73' lang='grc' dir='ltr'>τῆς</span> <span class='ocrx_word' id='word_1_37' title='bbox 1546 709 1726 782; x_wconf 76' lang='grc' dir='ltr'>ψυχῆς</span> <span class='ocrx_word' id='word_1_38' title='bbox 1763 710 1936 781; x_wconf 78' lang='grc' dir='ltr'>πάθη,</span> 
     </span>
    </p>
   </div>
   <div class='ocr_carea' id='block_1_8' title="bbox 365 797 1943 871">
    <p class='ocr_par' dir='ltr' id='par_1_8' title="bbox 365 797 1943 871">
     <span class='ocr_line' id='line_1_8' title="bbox 365 797 1943 871; baseline 0.003 -22"><span class='ocrx_word' id='word_1_39' title='bbox 365 800 461 861; x_wconf 74' lang='grc' dir='ltr'><strong>τὰς</strong></span> <span class='ocrx_word' id='word_1_40' title='bbox 494 799 593 867; x_wconf 76' lang='grc' dir='ltr'>τῆς</span> <span class='ocrx_word' id='word_1_41' title='bbox 627 797 844 867; x_wconf 82' lang='grc' dir='ltr'>φύσεως</span> <span class='ocrx_word' id='word_1_42' title='bbox 871 798 1115 864; x_wconf 82' lang='grc' dir='ltr'><strong>ἀνάγκας</strong></span> <span class='ocrx_word' id='word_1_43' title='bbox 1146 800 1203 849; x_wconf 83' lang='grc' dir='ltr'>ὲν</span> <span class='ocrx_word' id='word_1_44' title='bbox 1234 798 1473 870; x_wconf 76' lang='grc' dir='ltr'>δευτέρῳ</span> <span class='ocrx_word' id='word_1_45' title='bbox 1511 804 1772 866; x_wconf 83' lang='grc' dir='ltr'>ποιεῖται,</span> <span class='ocrx_word' id='word_1_46' title='bbox 1793 803 1943 871; x_wconf 65' lang='grc' dir='ltr'>παρὰ</span> 
     </span>
    </p>
   </div>
   <div class='ocr_carea' id='block_1_9' title="bbox 363 888 1938 961">
    <p class='ocr_par' dir='ltr' id='par_1_9' title="bbox 363 888 1938 961">
     <span class='ocr_line' id='line_1_9' title="bbox 363 888 1938 961; baseline 0.005 -20"><span class='ocrx_word' id='word_1_47' title='bbox 363 889 560 960; x_wconf 78' lang='grc' dir='ltr'>φαῦλον</span> <span class='ocrx_word' id='word_1_48' title='bbox 593 888 896 959; x_wconf 84' lang='grc' dir='ltr'>ἡγουμένη,</span> <span class='ocrx_word' id='word_1_49' title='bbox 931 888 1022 942; x_wconf 68' lang='grc' dir='ltr'><strong>καὶ</strong></span> <span class='ocrx_word' id='word_1_50' title='bbox 1068 888 1194 944; x_wconf 85' lang='grc' dir='ltr'>ὅσαι</span> <span class='ocrx_word' id='word_1_51' title='bbox 1231 888 1297 960; x_wconf 80' lang='grc' dir='ltr'>δὴ</span> <span class='ocrx_word' id='word_1_52' title='bbox 1346 889 1627 944; x_wconf 74' lang='grc' dir='ltr'><strong>ἀσθένειαι</strong></span> <span class='ocrx_word' id='word_1_53' title='bbox 1660 892 1938 961; x_wconf 86' lang='grc' dir='ltr'>σώματος.</span> 
     </span>
    </p>
   </div>
   <div class='ocr_carea' id='block_1_10' title="bbox 363 980 1941 1054">
    <p class='ocr_par' dir='ltr' id='par_1_10' title="bbox 363 980 1941 1054">
     <span class='ocr_line' id='line_1_10' title="bbox 363 980 1941 1054; baseline 0.002 -21"><span class='ocrx_word' id='word_1_54' title='bbox 363 982 453 1051; x_wconf 59' lang='lat' dir='ltr'><strong>Ni];</strong></span> <span class='ocrx_word' id='word_1_55' title='bbox 479 982 533 1034; x_wconf 79' lang='grc' dir='ltr'>δὲ</span> <span class='ocrx_word' id='word_1_56' title='bbox 563 980 692 1051; x_wconf 81' lang='grc' dir='ltr'>θείῳ</span> <span class='ocrx_word' id='word_1_57' title='bbox 721 980 1130 1050; x_wconf 85' lang='grc' dir='ltr'>δυναμωθεῖσα,</span> <span class='ocrx_word' id='word_1_58' title='bbox 1166 983 1303 1053; x_wconf 73' lang='grc' dir='ltr'>πρὸς</span> <span class='ocrx_word' id='word_1_59' title='bbox 1329 983 1420 1035; x_wconf 82' lang='grc' dir='ltr'>τὸν</span> <span class='ocrx_word' id='word_1_60' title='bbox 1457 984 1744 1054; x_wconf 84' lang='grc' dir='ltr'>ἀκήρατον</span> <span class='ocrx_word' id='word_1_61' title='bbox 1793 985 1941 1038; x_wconf 73' lang='grc' dir='ltr'>ἐκεῖ·</span> 
     </span>
    </p>
   </div>
   <div class='ocr_carea' id='block_1_11' title="bbox 363 1072 1942 1148">
    <p class='ocr_par' dir='ltr' id='par_1_11' title="bbox 363 1072 1942 1148">
     <span class='ocr_line' id='line_1_11' title="bbox 363 1072 1942 1148; baseline 0.001 -23"><span class='ocrx_word' id='word_1_62' title='bbox 363 1092 448 1126; x_wconf 79' lang='grc' dir='ltr'><strong>νον</strong></span> <span class='ocrx_word' id='word_1_63' title='bbox 477 1073 623 1127; x_wconf 86' lang='grc' dir='ltr'>Νοῦν</span> <span class='ocrx_word' id='word_1_64' title='bbox 659 1073 963 1143; x_wconf 84' lang='grc' dir='ltr'>αίωρεῖται,</span> <span class='ocrx_word' id='word_1_65' title='bbox 997 1072 1216 1146; x_wconf 79' lang='grc' dir='ltr'><strong>νύκτωρ</strong></span> <span class='ocrx_word' id='word_1_66' title='bbox 1252 1077 1347 1127; x_wconf 64' lang='grc' dir='ltr'>καὶ</span> <span class='ocrx_word' id='word_1_67' title='bbox 1395 1074 1718 1148; x_wconf 87' lang='grc' dir='ltr'>μεθημέραν</span> <span class='ocrx_word' id='word_1_68' title='bbox 1750 1077 1942 1130; x_wconf 79' lang='grc' dir='ltr'>τοῦτον</span> 
     </span>
    </p>
   </div>
   <div class='ocr_carea' id='block_1_12' title="bbox 362 1148 1939 1238">
    <p class='ocr_par' dir='ltr' id='par_1_12' title="bbox 362 1148 1939 1238">
     <span class='ocr_line' id='line_1_12' title="bbox 362 1148 1939 1238; baseline 0.004 -22"><span class='ocrx_word' id='word_1_69' title='bbox 362 1164 739 1235; x_wconf 73' lang='grc' dir='ltr'>φανταζομένη</span> <span class='ocrx_word' id='word_1_70' title='bbox 768 1180 781 1195; x_wconf 93' lang='grc'><strong>·</strong></span> <span class='ocrx_word' id='word_1_71' title='bbox 824 1164 1123 1235; x_wconf 65' lang='grc' dir='ltr'>ὑπερφυῶς</span> <span class='ocrx_word' id='word_1_72' title='bbox 1181 1148 1442 1230; x_wconf 75' lang='grc' dir='ltr'>σέϐουσα,</span> <span class='ocrx_word' id='word_1_73' title='bbox 1475 1170 1569 1223; x_wconf 78' lang='grc' dir='ltr'>καὶ</span> <span class='ocrx_word' id='word_1_74' title='bbox 1621 1170 1939 1238; x_wconf 81' lang='grc' dir='ltr'>διηνηκέσιν</span> 
     </span>
    </p>
   </div>
   <div class='ocr_carea' id='block_1_13' title="bbox 365 1252 1945 1330">
    <p class='ocr_par' dir='ltr' id='par_1_13' title="bbox 365 1252 1945 1330">
     <span class='ocr_line' id='line_1_13' title="bbox 365 1252 1945 1330; baseline 0.005 -26"><span class='ocrx_word' id='word_1_75' title='bbox 365 1253 646 1324; x_wconf 80' lang='grc' dir='ltr'>ίλεουμένη</span> <span class='ocrx_word' id='word_1_76' title='bbox 683 1252 875 1306; x_wconf 88' lang='grc' dir='ltr'>τοῦτον</span> <span class='ocrx_word' id='word_1_77' title='bbox 929 1254 1135 1325; x_wconf 80' lang='grc' dir='ltr'>εὐχαῖς.</span> <span class='ocrx_word' id='word_1_78' title='bbox 1169 1252 1262 1324; x_wconf 87' lang='grc' dir='ltr'>Τῴ</span> <span class='ocrx_word' id='word_1_79' title='bbox 1292 1254 1349 1308; x_wconf 77' lang='grc' dir='ltr'>δὲ</span> <span class='ocrx_word' id='word_1_80' title='bbox 1388 1256 1617 1327; x_wconf 77' lang='grc' dir='ltr'><strong>καθαρῷ</strong></span> <span class='ocrx_word' id='word_1_81' title='bbox 1641 1258 1739 1328; x_wconf 84' lang='grc' dir='ltr'>τῆς</span> <span class='ocrx_word' id='word_1_82' title='bbox 1766 1258 1945 1330; x_wconf 78' lang='grc' dir='ltr'>ψυχῆς</span> 
     </span>
    </p>
   </div>
   <div class='ocr_carea' id='block_1_14' title="bbox 367 1343 1941 1419">
    <p class='ocr_par' dir='ltr' id='par_1_14' title="bbox 367 1343 1941 1419">
     <span class='ocr_line' id='line_1_14' title="bbox 367 1343 1941 1419; baseline 0.008 -24"><span class='ocrx_word' id='word_1_83' title='bbox 367 1346 459 1395; x_wconf 74' lang='grc' dir='ltr'>καὶ</span> <span class='ocrx_word' id='word_1_84' title='bbox 500 1343 606 1395; x_wconf 85' lang='grc' dir='ltr'>τῶν</span> <span class='ocrx_word' id='word_1_85' title='bbox 651 1343 835 1396; x_wconf 83' lang='grc' dir='ltr'>καλῶν</span> <span class='ocrx_word' id='word_1_86' title='bbox 872 1344 1130 1414; x_wconf 77' lang='grc' dir='ltr'>πράξεων</span> <span class='ocrx_word' id='word_1_87' title='bbox 1175 1349 1292 1410; x_wconf 80' lang='grc' dir='ltr'>ταῖς</span> <span class='ocrx_word' id='word_1_88' title='bbox 1338 1348 1642 1419; x_wconf 75' lang='grc' dir='ltr'><strong>ἐνεργείαις</strong></span> <span class='ocrx_word' id='word_1_89' title='bbox 1671 1352 1753 1412; x_wconf 86' lang='grc' dir='ltr'><strong>είς</strong></span> <span class='ocrx_word' id='word_1_90' title='bbox 1777 1354 1837 1405; x_wconf 85' lang='grc' dir='ltr'>τὸ</span> <span class='ocrx_word' id='word_1_91' title='bbox 1881 1348 1941 1408; x_wconf 83' lang='grc' dir='ltr'>εὖ</span> 
     </span>
    </p>
   </div>
   <div class='ocr_carea' id='block_1_15' title="bbox 365 1436 1941 1515">
    <p class='ocr_par' dir='ltr' id='par_1_15' title="bbox 365 1436 1941 1515">
     <span class='ocr_line' id='line_1_15' title="bbox 365 1436 1941 1515; baseline -0.002 -18"><span class='ocrx_word' id='word_1_92' title='bbox 365 1436 458 1504; x_wconf 70' lang='grc' dir='ltr'><strong>τῆς</strong></span> <span class='ocrx_word' id='word_1_93' title='bbox 489 1436 789 1506; x_wconf 75' lang='grc' dir='ltr'><strong>θρησκείας</strong></span> <span class='ocrx_word' id='word_1_94' title='bbox 820 1438 1063 1506; x_wconf 74' lang='grc' dir='ltr'>ἠγμένη,</span> <span class='ocrx_word' id='word_1_95' title='bbox 1099 1438 1208 1491; x_wconf 79' lang='grc' dir='ltr'>τῶν</span> <span class='ocrx_word' id='word_1_96' title='bbox 1241 1440 1341 1509; x_wconf 81' lang='grc' dir='ltr'>μὲν</span> <span class='ocrx_word' id='word_1_97' title='bbox 1372 1440 1576 1505; x_wconf 72' lang='grc' dir='ltr'>ἔξωθεν</span> <span class='ocrx_word' id='word_1_98' title='bbox 1608 1444 1941 1515; x_wconf 80' lang='grc' dir='ltr'>καθαρμῶν,</span> 
     </span>
    </p>
   </div>
   <div class='ocr_carea' id='block_1_16' title="bbox 367 1526 1946 1605">
    <p class='ocr_par' dir='ltr' id='par_1_16' title="bbox 367 1526 1946 1605">
     <span class='ocr_line' id='line_1_16' title="bbox 367 1526 1946 1605; baseline 0.005 -26"><span class='ocrx_word' id='word_1_99' title='bbox 367 1526 458 1583; x_wconf 82' lang='grc' dir='ltr'>καὶ</span> <span class='ocrx_word' id='word_1_100' title='bbox 502 1528 602 1580; x_wconf 86' lang='grc' dir='ltr'>ὅσα</span> <span class='ocrx_word' id='word_1_101' title='bbox 631 1528 695 1598; x_wconf 84' lang='grc' dir='ltr'>δὴ</span> <span class='ocrx_word' id='word_1_102' title='bbox 728 1527 954 1581; x_wconf 88' lang='grc' dir='ltr'>τοιαῦτα</span> <span class='ocrx_word' id='word_1_103' title='bbox 1000 1530 1464 1605; x_wconf 78' lang='grc' dir='ltr'>περιρραντήρια,</span> <span class='ocrx_word' id='word_1_104' title='bbox 1517 1532 1798 1591; x_wconf 79' lang='grc' dir='ltr'>διαπτύει.</span> <span class='ocrx_word' id='word_1_105' title='bbox 1847 1536 1946 1587; x_wconf 85' lang='grc' dir='ltr'>Ἓν</span> 
     </span>
    </p>
   </div>
   <div class='ocr_carea' id='block_1_17' title="bbox 365 1616 1947 1690">
    <p class='ocr_par' dir='ltr' id='par_1_17' title="bbox 365 1616 1947 1690">
     <span class='ocr_line' id='line_1_17' title="bbox 365 1616 1947 1690; baseline 0.007 -22"><span class='ocrx_word' id='word_1_106' title='bbox 365 1618 472 1687; x_wconf 72' lang='grc' dir='ltr'>γὰρ</span> <span class='ocrx_word' id='word_1_107' title='bbox 505 1617 690 1689; x_wconf 71' lang='grc' dir='ltr'>ἐκείνῃ</span> <span class='ocrx_word' id='word_1_108' title='bbox 723 1616 964 1689; x_wconf 86' lang='grc' dir='ltr'>μίασμα,</span> <span class='ocrx_word' id='word_1_109' title='bbox 1001 1622 1035 1687; x_wconf 85' lang='grc' dir='ltr'>ὴ</span> <span class='ocrx_word' id='word_1_110' title='bbox 1071 1620 1321 1689; x_wconf 82' lang='grc' dir='ltr'>ἁμαρτία</span> <span class='ocrx_word' id='word_1_111' title='bbox 1353 1621 1660 1690; x_wconf 73' lang='grc' dir='ltr'>λογίζεται.</span> <span class='ocrx_word' id='word_1_112' title='bbox 1701 1623 1861 1679; x_wconf 78' lang='grc' dir='ltr'>Οὕτω</span> <span class='ocrx_word' id='word_1_113' title='bbox 1889 1626 1947 1681; x_wconf 81' lang='grc' dir='ltr'>δὲ</span> 
     </span>
    </p>
   </div>
   <div class='ocr_carea' id='block_1_18' title="bbox 366 1709 1946 1782">
    <p class='ocr_par' dir='ltr' id='par_1_18' title="bbox 366 1709 1946 1782">
     <span class='ocr_line' id='line_1_18' title="bbox 366 1709 1946 1782; baseline 0.006 -20"><span class='ocrx_word' id='word_1_114' title='bbox 366 1710 627 1782; x_wconf 74' lang='grc' dir='ltr'><strong>κρείττων</strong></span> <span class='ocrx_word' id='word_1_115' title='bbox 661 1709 931 1780; x_wconf 77' lang='grc' dir='ltr'>γενομένη</span> <span class='ocrx_word' id='word_1_116' title='bbox 961 1710 1075 1764; x_wconf 79' lang='grc' dir='ltr'><strong>τῶν</strong></span> <span class='ocrx_word' id='word_1_117' title='bbox 1120 1711 1343 1778; x_wconf 77' lang='grc' dir='ltr'>ἔξωθεν,</span> <span class='ocrx_word' id='word_1_118' title='bbox 1379 1714 1477 1767; x_wconf 69' lang='grc' dir='ltr'>καὶ</span> <span class='ocrx_word' id='word_1_119' title='bbox 1502 1714 1577 1777; x_wconf 87' lang='grc' dir='ltr'>ὡς</span> <span class='ocrx_word' id='word_1_120' title='bbox 1624 1711 1737 1769; x_wconf 76' lang='grc' dir='ltr'>οἷον</span> <span class='ocrx_word' id='word_1_121' title='bbox 1765 1717 1946 1772; x_wconf 72' lang='grc' dir='ltr'>εἰπεῖν</span> 
     </span>
    </p>
   </div>
   <div class='ocr_carea' id='block_1_19' title="bbox 365 1800 1948 1879">
    <p class='ocr_par' dir='ltr' id='par_1_19' title="bbox 365 1800 1948 1879">
     <span class='ocr_line' id='line_1_19' title="bbox 365 1800 1948 1879; baseline 0.006 -26"><span class='ocrx_word' id='word_1_122' title='bbox 365 1801 865 1872; x_wconf 75' lang='grc' dir='ltr'>αὐτοκρατοροῦσα,</span> <span class='ocrx_word' id='word_1_123' title='bbox 894 1800 1009 1855; x_wconf 77' lang='grc' dir='ltr'>οὗθ’</span> <span class='ocrx_word' id='word_1_124' title='bbox 1045 1802 1151 1856; x_wconf 71' lang='grc' dir='ltr'><strong>ὑπὸ</strong></span> <span class='ocrx_word' id='word_1_125' title='bbox 1185 1803 1289 1872; x_wconf 82' lang='grc' dir='ltr'>τῆς</span> <span class='ocrx_word' id='word_1_126' title='bbox 1313 1805 1546 1871; x_wconf 76' lang='grc' dir='ltr'>ἀταξίας</span> <span class='ocrx_word' id='word_1_127' title='bbox 1575 1806 1671 1860; x_wconf 87' lang='grc' dir='ltr'><strong>τοῦ</strong></span> <span class='ocrx_word' id='word_1_128' title='bbox 1705 1807 1822 1879; x_wconf 81' lang='grc' dir='ltr'>βίου</span> <span class='ocrx_word' id='word_1_129' title='bbox 1854 1812 1948 1863; x_wconf 80' lang='grc' dir='ltr'>καὶ</span> 
     </span>
    </p>
   </div>
   <div class='ocr_carea' id='block_1_20' title="bbox 366 1893 1948 1971">
    <p class='ocr_par' dir='ltr' id='par_1_20' title="bbox 366 1893 1948 1971">
     <span class='ocr_line' id='line_1_20' title="bbox 366 1893 1948 1971; baseline 0.008 -28"><span class='ocrx_word' id='word_1_130' title='bbox 366 1893 458 1961; x_wconf 74' lang='grc' dir='ltr'>τῆς</span> <span class='ocrx_word' id='word_1_131' title='bbox 491 1893 758 1963; x_wconf 80' lang='grc' dir='ltr'><strong>ἀνάγκης,</strong></span> <span class='ocrx_word' id='word_1_132' title='bbox 784 1894 888 1962; x_wconf 82' lang='grc' dir='ltr'>τῆς</span> <span class='ocrx_word' id='word_1_133' title='bbox 932 1896 1319 1966; x_wconf 73' lang='grc' dir='ltr'>προαιρέσεως</span> <span class='ocrx_word' id='word_1_134' title='bbox 1353 1898 1449 1951; x_wconf 88' lang='grc' dir='ltr'><strong>τοῦ</strong></span> <span class='ocrx_word' id='word_1_135' title='bbox 1482 1898 1700 1964; x_wconf 79' lang='grc' dir='ltr'>δέοντος</span> <span class='ocrx_word' id='word_1_136' title='bbox 1751 1903 1948 1971; x_wconf 68' lang='grc' dir='ltr'>ἐκτρο-</span> 
     </span>
    </p>
   </div>
   <div class='ocr_carea' id='block_1_21' title="bbox 366 1984 1950 2063">
    <p class='ocr_par' dir='ltr' id='par_1_21' title="bbox 366 1984 1950 2063">
     <span class='ocr_line' id='line_1_21' title="bbox 366 1984 1950 2063; baseline 0.008 -28"><span class='ocrx_word' id='word_1_137' title='bbox 366 1985 473 2054; x_wconf 75' lang='grc' dir='ltr'>πὴν</span> <span class='ocrx_word' id='word_1_138' title='bbox 515 1987 734 2055; x_wconf 71' lang='grc' dir='ltr'>πάσχει,</span> <span class='ocrx_word' id='word_1_139' title='bbox 771 1984 883 2040; x_wconf 75' lang='grc' dir='ltr'>οὔτ’</span> <span class='ocrx_word' id='word_1_140' title='bbox 940 1989 1161 2041; x_wconf 82' lang='grc' dir='ltr'>ἀνιᾶται</span> <span class='ocrx_word' id='word_1_141' title='bbox 1207 1989 1559 2063; x_wconf 78' lang='grc' dir='ltr'>ὑϐριζομένη</span> <span class='ocrx_word' id='word_1_142' title='bbox 1588 2009 1601 2024; x_wconf 76' lang='grc' dir='ltr'><strong><em>ο</em></strong></span> <span class='ocrx_word' id='word_1_143' title='bbox 1650 1992 1769 2045; x_wconf 79' lang='grc' dir='ltr'>ἀλλ’</span> <span class='ocrx_word' id='word_1_144' title='bbox 1823 1995 1950 2049; x_wconf 73' lang='grc' dir='ltr'>οὐδὲ</span> 
     </span>
    </p>
   </div>
   <div class='ocr_carea' id='block_1_22' title="bbox 366 2077 1952 2154">
    <p class='ocr_par' dir='ltr' id='par_1_22' title="bbox 366 2077 1952 2154">
     <span class='ocr_line' id='line_1_22' title="bbox 366 2077 1952 2154; baseline 0.009 -26"><span class='ocrx_word' id='word_1_145' title='bbox 366 2077 672 2148; x_wconf 82' lang='grc' dir='ltr'>πάσχουσα,</span> <span class='ocrx_word' id='word_1_146' title='bbox 697 2077 796 2149; x_wconf 81' lang='grc' dir='ltr'>τὴν</span> <span class='ocrx_word' id='word_1_147' title='bbox 844 2078 1064 2150; x_wconf 78' lang='grc' dir='ltr'>ἄμυναν</span> <span class='ocrx_word' id='word_1_148' title='bbox 1104 2081 1328 2154; x_wconf 80' lang='grc' dir='ltr'>μελετᾷ.</span> <span class='ocrx_word' id='word_1_149' title='bbox 1358 2083 1530 2149; x_wconf 85' lang='grc' dir='ltr'>Νόσος</span> <span class='ocrx_word' id='word_1_150' title='bbox 1583 2086 1641 2139; x_wconf 82' lang='grc' dir='ltr'>δὲ</span> <span class='ocrx_word' id='word_1_151' title='bbox 1693 2089 1793 2142; x_wconf 78' lang='grc' dir='ltr'>καὶ</span> <span class='ocrx_word' id='word_1_152' title='bbox 1842 2089 1952 2142; x_wconf 85' lang='grc' dir='ltr'>τῶν</span> 
     </span>
    </p>
   </div>
   <div class='ocr_carea' id='block_1_23' title="bbox 365 2169 1954 2240">
    <p class='ocr_par' dir='ltr' id='par_1_23' title="bbox 365 2169 1954 2240">
     <span class='ocr_line' id='line_1_23' title="bbox 365 2169 1954 2240; baseline 0.008 -20"><span class='ocrx_word' id='word_1_153' title='bbox 365 2169 685 2238; x_wconf 74' lang='grc' dir='ltr'>ἐπιτηδείων</span> <span class='ocrx_word' id='word_1_154' title='bbox 733 2171 765 2240; x_wconf 78' lang='grc' dir='ltr'>ἡ</span> <span class='ocrx_word' id='word_1_155' title='bbox 819 2169 1003 2226; x_wconf 79' lang='grc' dir='ltr'>ἔνδεια</span> <span class='ocrx_word' id='word_1_156' title='bbox 1046 2173 1419 2238; x_wconf 80' lang='grc' dir='ltr'>ὲκπιέζουσα,</span> <span class='ocrx_word' id='word_1_157' title='bbox 1473 2177 1536 2230; x_wconf 84' lang='grc' dir='ltr'>οὐ</span> <span class='ocrx_word' id='word_1_158' title='bbox 1584 2180 1954 2233; x_wconf 84' lang='grc' dir='ltr'>καταπίπτειν</span> 
     </span>
    </p>
   </div>
   <div class='ocr_carea' id='block_1_24' title="bbox 367 2256 1954 2333">
    <p class='ocr_par' dir='ltr' id='par_1_24' title="bbox 367 2256 1954 2333">
     <span class='ocr_line' id='line_1_24' title="bbox 367 2256 1954 2333; baseline 0.009 -27"><span class='ocrx_word' id='word_1_159' title='bbox 367 2257 523 2315; x_wconf 82' lang='grc' dir='ltr'>ποιεί,</span> <span class='ocrx_word' id='word_1_160' title='bbox 550 2256 762 2326; x_wconf 75' lang='grc' dir='ltr'>χαίρειν</span> <span class='ocrx_word' id='word_1_161' title='bbox 804 2256 850 2312; x_wconf 89' lang='grc' dir='ltr'>δ’</span> <span class='ocrx_word' id='word_1_162' title='bbox 895 2259 989 2311; x_wconf 76' lang='grc' dir='ltr'><strong>ἐπὶ</strong></span> <span class='ocrx_word' id='word_1_163' title='bbox 1029 2260 1244 2324; x_wconf 86' lang='grc' dir='ltr'>τούτοις</span> <span class='ocrx_word' id='word_1_164' title='bbox 1301 2262 1536 2332; x_wconf 78' lang='grc' dir='ltr'>μᾶλλον,</span> <span class='ocrx_word' id='word_1_165' title='bbox 1584 2264 1648 2317; x_wconf 78' lang='grc' dir='ltr'><strong>τὸ</strong></span> <span class='ocrx_word' id='word_1_166' title='bbox 1702 2271 1954 2333; x_wconf 76' lang='grc' dir='ltr'>γενναῖον</span> 
     </span>
    </p>
   </div>
   <div class='ocr_carea' id='block_1_25' title="bbox 364 2347 1948 2428">
    <p class='ocr_par' dir='ltr' id='par_1_25' title="bbox 364 2347 1948 2428">
     <span class='ocr_line' id='line_1_25' title="bbox 364 2347 1948 2428; baseline 0.009 -30"><span class='ocrx_word' id='word_1_167' title='bbox 364 2347 777 2418; x_wconf 78' lang='grc' dir='ltr'>έπιδεδειγμένη</span> <span class='ocrx_word' id='word_1_168' title='bbox 810 2349 908 2406; x_wconf 73' lang='grc' dir='ltr'>καὶ</span> <span class='ocrx_word' id='word_1_169' title='bbox 939 2351 1120 2422; x_wconf 84' lang='grc' dir='ltr'>πρᾶον</span> <span class='ocrx_word' id='word_1_170' title='bbox 1144 2366 1159 2382; x_wconf 88' lang='grc'><strong>·</strong></span> <span class='ocrx_word' id='word_1_171' title='bbox 1196 2354 1291 2409; x_wconf 74' lang='grc' dir='ltr'>καὶ</span> <span class='ocrx_word' id='word_1_172' title='bbox 1321 2354 1486 2411; x_wconf 70' lang='grc' dir='ltr'>παντὶ</span> <span class='ocrx_word' id='word_1_173' title='bbox 1515 2354 1591 2425; x_wconf 83' lang='grc' dir='ltr'>τῷ</span> <span class='ocrx_word' id='word_1_174' title='bbox 1620 2356 1722 2428; x_wconf 84' lang='grc' dir='ltr'><strong>βίῳ</strong></span> <span class='ocrx_word' id='word_1_175' title='bbox 1749 2362 1811 2411; x_wconf 71' lang='grc' dir='ltr'>τὸ</span> <span class='ocrx_word' id='word_1_176' title='bbox 1837 2359 1948 2412; x_wconf 84' lang='grc' dir='ltr'><strong>τῶν</strong></span> 
     </span>
    </p>
   </div>
   <div class='ocr_carea' id='block_1_26' title="bbox 363 2442 1949 2524">
    <p class='ocr_par' dir='ltr' id='par_1_26' title="bbox 363 2442 1949 2524">
     <span class='ocr_line' id='line_1_26' title="bbox 363 2442 1949 2524; baseline 0.009 -34"><span class='ocrx_word' id='word_1_177' title='bbox 363 2442 660 2497; x_wconf 68' lang='grc' dir='ltr'>ἐλαττόνων</span> <span class='ocrx_word' id='word_1_178' title='bbox 700 2442 910 2499; x_wconf 83' lang='grc' dir='ltr'>δεῖσθαι</span> <span class='ocrx_word' id='word_1_179' title='bbox 966 2445 1305 2516; x_wconf 71' lang='grc' dir='ltr'>σπουδάζει,</span> <span class='ocrx_word' id='word_1_180' title='bbox 1350 2450 1444 2500; x_wconf 79' lang='grc' dir='ltr'>καὶ</span> <span class='ocrx_word' id='word_1_181' title='bbox 1478 2449 1556 2513; x_wconf 85' lang='grc' dir='ltr'>ὠς</span> <span class='ocrx_word' id='word_1_182' title='bbox 1605 2452 1726 2504; x_wconf 76' lang='grc' dir='ltr'>ἐνόν</span> <span class='ocrx_word' id='word_1_183' title='bbox 1758 2469 1819 2524; x_wconf 87' lang='grc' dir='ltr'><strong>γε</strong></span> <span class='ocrx_word' id='word_1_184' title='bbox 1854 2454 1949 2507; x_wconf 88' lang='grc' dir='ltr'>ἀν-</span> 
     </span>
    </p>
   </div>
   <div class='ocr_carea' id='block_1_27' title="bbox 368 2534 1951 2611">
    <p class='ocr_par' dir='ltr' id='par_1_27' title="bbox 368 2534 1951 2611">
     <span class='ocr_line' id='line_1_27' title="bbox 368 2534 1951 2611; baseline 0.009 -28"><span class='ocrx_word' id='word_1_185' title='bbox 368 2534 618 2604; x_wconf 85' lang='grc' dir='ltr'>θρωπίνῃ</span> <span class='ocrx_word' id='word_1_186' title='bbox 670 2534 858 2602; x_wconf 84' lang='grc' dir='ltr'>φύσει,</span> <span class='ocrx_word' id='word_1_187' title='bbox 909 2536 1080 2605; x_wconf 77' lang='grc' dir='ltr'>ἐγγὺς</span> <span class='ocrx_word' id='word_1_188' title='bbox 1134 2538 1395 2605; x_wconf 82' lang='grc' dir='ltr'>γενέσθαι</span> <span class='ocrx_word' id='word_1_189' title='bbox 1460 2544 1725 2611; x_wconf 77' lang='grc' dir='ltr'>πειρᾶται</span> <span class='ocrx_word' id='word_1_190' title='bbox 1786 2544 1951 2599; x_wconf 70' lang='grc' dir='ltr'>θεοῦ.</span> 
     </span>
    </p>
   </div>
   <div class='ocr_carea' id='block_1_28' title="bbox 371 2627 1955 2707">
    <p class='ocr_par' dir='ltr' id='par_1_28' title="bbox 371 2627 1955 2707">
     <span class='ocr_line' id='line_1_28' title="bbox 371 2627 1955 2707; baseline 0.006 -27"><span class='ocrx_word' id='word_1_191' title='bbox 371 2627 608 2697; x_wconf 86' lang='grc' dir='ltr'>ΙΙάροδον</span> <span class='ocrx_word' id='word_1_192' title='bbox 639 2627 696 2681; x_wconf 81' lang='grc' dir='ltr'>δὲ</span> <span class='ocrx_word' id='word_1_193' title='bbox 729 2630 824 2683; x_wconf 76' lang='grc' dir='ltr'>καὶ</span> <span class='ocrx_word' id='word_1_194' title='bbox 869 2633 969 2699; x_wconf 73' lang='grc' dir='ltr'>τὴν</span> <span class='ocrx_word' id='word_1_195' title='bbox 1001 2631 1289 2701; x_wconf 89' lang='grc' dir='ltr'>παροῦσαν</span> <span class='ocrx_word' id='word_1_196' title='bbox 1316 2634 1602 2707; x_wconf 82' lang='grc' dir='ltr'>ἡγουμένη</span> <span class='ocrx_word' id='word_1_197' title='bbox 1636 2634 1806 2706; x_wconf 77' lang='grc' dir='ltr'>ζωὴν,</span> <span class='ocrx_word' id='word_1_198' title='bbox 1838 2636 1955 2690; x_wconf 72' lang='grc' dir='ltr'>οὔτ’</span> 
     </span>
    </p>
   </div>
   <div class='ocr_carea' id='block_1_29' title="bbox 368 2718 1957 2797">
    <p class='ocr_par' dir='ltr' id='par_1_29' title="bbox 368 2718 1957 2797">
     <span class='ocr_line' id='line_1_29' title="bbox 368 2718 1957 2797; baseline 0.009 -29"><span class='ocrx_word' id='word_1_199' title='bbox 368 2718 646 2788; x_wconf 72' lang='grc' dir='ltr'>ἀσχολίαις</span> <span class='ocrx_word' id='word_1_200' title='bbox 709 2719 1056 2790; x_wconf 79' lang='grc' dir='ltr'>πραγμάτων</span> <span class='ocrx_word' id='word_1_201' title='bbox 1115 2722 1428 2787; x_wconf 83' lang='grc' dir='ltr'>ἁλίσκεται,</span> <span class='ocrx_word' id='word_1_202' title='bbox 1498 2724 1621 2778; x_wconf 77' lang='grc' dir='ltr'>οὔτε</span> <span class='ocrx_word' id='word_1_203' title='bbox 1686 2727 1957 2797; x_wconf 87' lang='grc' dir='ltr'>πρόνοιαν</span> 
     </span>
    </p>
   </div>
   <div class='ocr_carea' id='block_1_30' title="bbox 366 2810 1953 2891">
    <p class='ocr_par' dir='ltr' id='par_1_30' title="bbox 366 2810 1953 2891">
     <span class='ocr_line' id='line_1_30' title="bbox 366 2810 1953 2891; baseline 0.008 -30"><span class='ocrx_word' id='word_1_204' title='bbox 366 2810 474 2864; x_wconf 85' lang='grc' dir='ltr'>τῶν</span> <span class='ocrx_word' id='word_1_205' title='bbox 521 2810 808 2879; x_wconf 85' lang='grc' dir='ltr'>παρόντων</span> <span class='ocrx_word' id='word_1_206' title='bbox 851 2812 966 2884; x_wconf 77' lang='grc' dir='ltr'>ἔχει</span> <span class='ocrx_word' id='word_1_207' title='bbox 994 2827 1009 2842; x_wconf 83' lang='grc'><strong><em>⁸</em></strong></span> <span class='ocrx_word' id='word_1_208' title='bbox 1051 2815 1110 2868; x_wconf 76' lang='grc' dir='ltr'>τὸ</span> <span class='ocrx_word' id='word_1_209' title='bbox 1142 2813 1383 2879; x_wconf 76' lang='grc' dir='ltr'>εὔζωνον</span> <span class='ocrx_word' id='word_1_210' title='bbox 1415 2816 1473 2869; x_wconf 80' lang='grc' dir='ltr'>δὲ</span> <span class='ocrx_word' id='word_1_211' title='bbox 1514 2819 1611 2870; x_wconf 70' lang='grc' dir='ltr'>καὶ</span> <span class='ocrx_word' id='word_1_212' title='bbox 1652 2820 1953 2891; x_wconf 80' lang='grc' dir='ltr'>ἀπέριττον</span> 
     </span>
    </p>
   </div>
   <div class='ocr_carea' id='block_1_31' title="bbox 367 2901 1951 2983">
    <p class='ocr_par' dir='ltr' id='par_1_31' title="bbox 367 2901 1951 2983">
     <span class='ocr_line' id='line_1_31' title="bbox 367 2901 1951 2983; baseline 0.008 -32"><span class='ocrx_word' id='word_1_213' title='bbox 367 2901 695 2969; x_wconf 77' lang='grc' dir='ltr'>ἐπαινοῦσα,</span> <span class='ocrx_word' id='word_1_214' title='bbox 725 2904 857 2973; x_wconf 80' lang='grc' dir='ltr'>πρὸς</span> <span class='ocrx_word' id='word_1_215' title='bbox 893 2905 991 2974; x_wconf 84' lang='grc' dir='ltr'>τὴν</span> <span class='ocrx_word' id='word_1_216' title='bbox 1034 2905 1243 2959; x_wconf 76' lang='grc' dir='ltr'>ἐκεῖθεν</span> <span class='ocrx_word' id='word_1_217' title='bbox 1287 2906 1479 2975; x_wconf 78' lang='grc' dir='ltr'>βλέπει</span> <span class='ocrx_word' id='word_1_218' title='bbox 1538 2911 1951 2983; x_wconf 77' lang='grc' dir='ltr'>μακαριότητα,</span> 
     </span>
    </p>
   </div>
   <div class='ocr_carea' id='block_1_32' title="bbox 367 2994 1951 3072">
    <p class='ocr_par' dir='ltr' id='par_1_32' title="bbox 367 2994 1951 3072">
     <span class='ocr_line' id='line_1_32' title="bbox 367 2994 1951 3072; baseline 0.009 -28"><span class='ocrx_word' id='word_1_219' title='bbox 367 2994 463 3045; x_wconf 77' lang='grc' dir='ltr'>κιὶ</span> <span class='ocrx_word' id='word_1_220' title='bbox 507 2994 645 3063; x_wconf 74' lang='grc' dir='ltr'>προς</span> <span class='ocrx_word' id='word_1_221' title='bbox 694 2996 793 3066; x_wconf 75' lang='grc' dir='ltr'>τὴν</span> <span class='ocrx_word' id='word_1_222' title='bbox 840 2997 1141 3068; x_wconf 81' lang='grc' dir='ltr'>εὐδαίμονα</span> <span class='ocrx_word' id='word_1_223' title='bbox 1184 2997 1338 3068; x_wconf 82' lang='grc' dir='ltr'>λῆξιν</span> <span class='ocrx_word' id='word_1_224' title='bbox 1387 3004 1728 3072; x_wconf 85' lang='grc' dir='ltr'>καραδοκεῖ·</span> <span class='ocrx_word' id='word_1_225' title='bbox 1767 3005 1951 3063; x_wconf 81' lang='grc' dir='ltr'>πᾶσαν</span> 
     </span>
    </p>
   </div>
   <div class='ocr_carea' id='block_1_33' title="bbox 368 3087 1952 3163">
    <p class='ocr_par' dir='ltr' id='par_1_33' title="bbox 368 3087 1952 3163">
     <span class='ocr_line' id='line_1_33' title="bbox 368 3087 1952 3163; baseline 0.009 -25"><span class='ocrx_word' id='word_1_226' title='bbox 368 3087 426 3139; x_wconf 81' lang='grc' dir='ltr'>δὲ</span> <span class='ocrx_word' id='word_1_227' title='bbox 478 3087 607 3159; x_wconf 74' lang='grc' dir='ltr'>περὶ</span> <span class='ocrx_word' id='word_1_228' title='bbox 654 3087 717 3141; x_wconf 81' lang='grc' dir='ltr'>τὸ</span> <span class='ocrx_word' id='word_1_229' title='bbox 749 3087 892 3146; x_wconf 81' lang='grc' dir='ltr'>θεῖον</span> <span class='ocrx_word' id='word_1_230' title='bbox 940 3092 1363 3163; x_wconf 81' lang='grc' dir='ltr'>εἰσοικισαμένη</span> <span class='ocrx_word' id='word_1_231' title='bbox 1393 3095 1709 3162; x_wconf 70' lang='grc' dir='ltr'>εὐλάϐειαν,</span> <span class='ocrx_word' id='word_1_232' title='bbox 1745 3098 1806 3151; x_wconf 82' lang='grc' dir='ltr'>τὸ</span> <span class='ocrx_word' id='word_1_233' title='bbox 1839 3098 1952 3152; x_wconf 86' lang='grc' dir='ltr'><strong>τῶν</strong></span> 
     </span>
    </p>
   </div>
   <div class='ocr_carea' id='block_1_34' title="bbox 2046 622 3637 690">
    <p class='ocr_par' dir='ltr' id='par_1_34' title="bbox 2046 622 3637 690">
     <span class='ocr_line' id='line_1_34' title="bbox 2046 622 3637 690; baseline 0.003 -19"><span class='ocrx_word' id='word_1_234' title='bbox 2046 635 2143 674; x_wconf 91' lang='lat' dir='ltr'><strong>vos</strong></span> <span class='ocrx_word' id='word_1_235' title='bbox 2189 630 2355 688; x_wconf 78' lang='lat' dir='ltr'><strong>atque</strong></span> <span class='ocrx_word' id='word_1_236' title='bbox 2403 624 2683 690; x_wconf 86' lang='lat' dir='ltr'><strong>improbos</strong></span> <span class='ocrx_word' id='word_1_237' title='bbox 2715 635 2963 676; x_wconf 70' lang='lat' dir='ltr'><strong>censeat.</strong></span> <span class='ocrx_word' id='word_1_238' title='bbox 3010 622 3127 676; x_wconf 82' lang='lat' dir='ltr'><strong>Non</strong></span> <span class='ocrx_word' id='word_1_239' title='bbox 3171 624 3319 674; x_wconf 80' lang='lat' dir='ltr'><strong>enim</strong></span> <span class='ocrx_word' id='word_1_240' title='bbox 3353 633 3637 675; x_wconf 79' lang='lat' dir='ltr'><strong>ostentare</strong></span> 
     </span>
    </p>
   </div>
   <div class='ocr_carea' id='block_1_35' title="bbox 2047 711 3634 774">
    <p class='ocr_par' dir='ltr' id='par_1_35' title="bbox 2047 711 3634 774">
     <span class='ocr_line' id='line_1_35' title="bbox 2047 711 3634 774; baseline -0.001 -9"><span class='ocrx_word' id='word_1_241' title='bbox 2047 712 2164 765; x_wconf 91' lang='lat' dir='ltr'><strong>vult</strong></span> <span class='ocrx_word' id='word_1_242' title='bbox 2211 713 2510 774; x_wconf 86' lang='lat' dir='ltr'><strong>virtulem,</strong></span> <span class='ocrx_word' id='word_1_243' title='bbox 2560 716 2655 767; x_wconf 91' lang='lat' dir='ltr'><strong>sed</strong></span> <span class='ocrx_word' id='word_1_244' title='bbox 2715 729 2834 767; x_wconf 86' lang='lat' dir='ltr'><strong>eam</strong></span> <span class='ocrx_word' id='word_1_245' title='bbox 2889 712 3085 767; x_wconf 88' lang='lat' dir='ltr'><strong>sedulo</strong></span> <span class='ocrx_word' id='word_1_246' title='bbox 3135 728 3452 765; x_wconf 80' lang='lat' dir='ltr'><strong>exercere:</strong></span> <span class='ocrx_word' id='word_1_247' title='bbox 3496 711 3634 764; x_wconf 82' lang='lat' dir='ltr'><strong>nihil</strong></span> 
     </span>
    </p>
   </div>
   <div class='ocr_carea' id='block_1_36' title="bbox 2046 802 3629 875">
    <p class='ocr_par' dir='ltr' id='par_1_36' title="bbox 2046 802 3629 875">
     <span class='ocr_line' id='line_1_36' title="bbox 2046 802 3629 875; baseline -0.003 -17"><span class='ocrx_word' id='word_1_248' title='bbox 2046 819 2273 875; x_wconf 81' lang='lat' dir='ltr'><strong>prorsus</strong></span> <span class='ocrx_word' id='word_1_249' title='bbox 2298 819 2442 867; x_wconf 86' lang='lat' dir='ltr'><strong>eam,</strong></span> <span class='ocrx_word' id='word_1_250' title='bbox 2470 820 2593 875; x_wconf 70' lang='lat' dir='ltr'><strong>qua:</strong></span> <span class='ocrx_word' id='word_1_251' title='bbox 2624 805 2691 857; x_wconf 85' lang='lat' dir='ltr'><strong>ab</strong></span> <span class='ocrx_word' id='word_1_252' title='bbox 2727 804 3048 857; x_wconf 84' lang='lat' dir='ltr'><strong>hominibus</strong></span> <span class='ocrx_word' id='word_1_253' title='bbox 3077 803 3351 871; x_wconf 76' lang='lat' dir='ltr'><strong>provenit,</strong></span> <span class='ocrx_word' id='word_1_254' title='bbox 3398 802 3629 871; x_wconf 70' lang='lat' dir='ltr'><strong>gloriam</strong></span> 
     </span>
    </p>
   </div>
   <div class='ocr_carea' id='block_1_37' title="bbox 2048 895 3633 966">
    <p class='ocr_par' dir='ltr' id='par_1_37' title="bbox 2048 895 3633 966">
     <span class='ocr_line' id='line_1_37' title="bbox 2048 895 3633 966; baseline -0.003 -16"><span class='ocrx_word' id='word_1_255' title='bbox 2048 897 2280 951; x_wconf 78' lang='lat' dir='ltr'><strong>faciens.</strong></span> <span class='ocrx_word' id='word_1_256' title='bbox 2318 896 2387 951; x_wconf 84' lang='lat' dir='ltr'><strong>Et</strong></span> <span class='ocrx_word' id='word_1_257' title='bbox 2426 912 2551 949; x_wconf 89' lang='lat' dir='ltr'><strong>cum</strong></span> <span class='ocrx_word' id='word_1_258' title='bbox 2600 911 2866 966; x_wconf 80' lang='lat' dir='ltr'><strong>generose</strong></span> <span class='ocrx_word' id='word_1_259' title='bbox 2901 895 3228 964; x_wconf 84' lang='lat' dir='ltr'><strong>fortiterque</strong></span> <span class='ocrx_word' id='word_1_260' title='bbox 3279 895 3478 947; x_wconf 75' lang='lat' dir='ltr'><strong>anian</strong></span> <span class='ocrx_word' id='word_1_261' title='bbox 3512 910 3633 961; x_wconf 85' lang='lat' dir='ltr'><strong>per-</strong></span> 
     </span>
    </p>
   </div>
   <div class='ocr_carea' id='block_1_38' title="bbox 2048 983 3635 1052">
    <p class='ocr_par' dir='ltr' id='par_1_38' title="bbox 2048 983 3635 1052">
     <span class='ocr_line' id='line_1_38' title="bbox 2048 983 3635 1052; baseline -0.003 -13"><span class='ocrx_word' id='word_1_262' title='bbox 2048 986 2397 1039; x_wconf 75' lang='lat' dir='ltr'><strong>turbationes</strong></span> <span class='ocrx_word' id='word_1_263' title='bbox 2433 994 2730 1052; x_wconf 76' lang='lat' dir='ltr'><strong>expugnat,</strong></span> <span class='ocrx_word' id='word_1_264' title='bbox 2771 993 2885 1037; x_wconf 90' lang='lat' dir='ltr'><strong>tum</strong></span> <span class='ocrx_word' id='word_1_265' title='bbox 2924 983 3267 1038; x_wconf 55' lang='lat' dir='ltr'><strong>necessarias</strong></span> <span class='ocrx_word' id='word_1_266' title='bbox 3299 994 3516 1036; x_wconf 72' lang='lat' dir='ltr'><strong>natura:</strong></span> <span class='ocrx_word' id='word_1_267' title='bbox 3548 999 3635 1036; x_wconf 81' lang='lat' dir='ltr'><strong>res</strong></span> 
     </span>
    </p>
   </div>
   <div class='ocr_carea' id='block_1_39' title="bbox 2050 1073 3636 1145">
    <p class='ocr_par' dir='ltr' id='par_1_39' title="bbox 2050 1073 3636 1145">
     <span class='ocr_line' id='line_1_39' title="bbox 2050 1073 3636 1145; baseline -0.003 -19"><span class='ocrx_word' id='word_1_268' title='bbox 2050 1088 2245 1145; x_wconf 83' lang='lat' dir='ltr'><strong>parum</strong></span> <span class='ocrx_word' id='word_1_269' title='bbox 2273 1073 2567 1127; x_wconf 89' lang='lat' dir='ltr'><strong>admodum</strong></span> <span class='ocrx_word' id='word_1_270' title='bbox 2596 1081 2776 1135; x_wconf 81' lang='lat' dir='ltr'><strong>curat,</strong></span> <span class='ocrx_word' id='word_1_271' title='bbox 2802 1073 3150 1142; x_wconf 88' lang='lat' dir='ltr'><strong>vilipcndens</strong></span> <span class='ocrx_word' id='word_1_272' title='bbox 3170 1075 3336 1128; x_wconf 83' lang='lat' dir='ltr'><strong>etiam</strong></span> <span class='ocrx_word' id='word_1_273' title='bbox 3361 1088 3636 1138; x_wconf 83' lang='lat' dir='ltr'><strong>quascun-</strong></span> 
     </span>
    </p>
   </div>
   <div class='ocr_carea' id='block_1_40' title="bbox 2050 1162 3639 1235">
    <p class='ocr_par' dir='ltr' id='par_1_40' title="bbox 2050 1162 3639 1235">
     <span class='ocr_line' id='line_1_40' title="bbox 2050 1162 3639 1235; baseline -0.003 -17"><span class='ocrx_word' id='word_1_274' title='bbox 2050 1180 2161 1235; x_wconf 89' lang='lat' dir='ltr'><strong>que</strong></span> <span class='ocrx_word' id='word_1_275' title='bbox 2210 1164 2465 1231; x_wconf 85' lang='lat' dir='ltr'><strong>corporis</strong></span> <span class='ocrx_word' id='word_1_276' title='bbox 2502 1162 2929 1218; x_wconf 82' lang='lat' dir='ltr'><strong>imbecillitates.</strong></span> <span class='ocrx_word' id='word_1_277' title='bbox 2986 1164 3206 1218; x_wconf 78' lang='lat' dir='ltr'><strong>Viribus</strong></span> <span class='ocrx_word' id='word_1_278' title='bbox 3257 1176 3441 1217; x_wconf 81' lang='lat' dir='ltr'><strong>autem</strong></span> <span class='ocrx_word' id='word_1_279' title='bbox 3479 1180 3509 1215; x_wconf 74' lang='grc' dir='ltr'>ει</span> <span class='ocrx_word' id='word_1_280' title='bbox 3552 1163 3639 1215; x_wconf 89' lang='lat' dir='ltr'><strong>di-</strong></span> 
     </span>
    </p>
   </div>
   <div class='ocr_carea' id='block_1_41' title="bbox 2049 1254 3636 1326">
    <p class='ocr_par' dir='ltr' id='par_1_41' title="bbox 2049 1254 3636 1326">
     <span class='ocr_line' id='line_1_41' title="bbox 2049 1254 3636 1326; baseline -0.001 -17"><span class='ocrx_word' id='word_1_281' title='bbox 2049 1258 2178 1311; x_wconf 85' lang='lat' dir='ltr'><strong>vina</strong></span> <span class='ocrx_word' id='word_1_282' title='bbox 2212 1257 2393 1311; x_wconf 83' lang='lat' dir='ltr'><strong>Mente</strong></span> <span class='ocrx_word' id='word_1_283' title='bbox 2421 1257 2686 1326; x_wconf 84' lang='lat' dir='ltr'><strong>acceptis,</strong></span> <span class='ocrx_word' id='word_1_284' title='bbox 2716 1257 2780 1308; x_wconf 90' lang='lat' dir='ltr'><strong>ad</strong></span> <span class='ocrx_word' id='word_1_285' title='bbox 2815 1257 3183 1309; x_wconf 78' lang='lat' dir='ltr'><strong>immortalem</strong></span> <span class='ocrx_word' id='word_1_286' title='bbox 3214 1256 3363 1309; x_wconf 78' lang='lat' dir='ltr'><strong>iii-un</strong></span> <span class='ocrx_word' id='word_1_287' title='bbox 3397 1254 3636 1310; x_wconf 81' lang='lat' dir='ltr'><strong>Mentem</strong></span> 
     </span>
    </p>
   </div>
   <div class='ocr_carea' id='block_1_42' title="bbox 2050 1347 3638 1417">
    <p class='ocr_par' dir='ltr' id='par_1_42' title="bbox 2050 1347 3638 1417">
     <span class='ocr_line' id='line_1_42' title="bbox 2050 1347 3638 1417; baseline -0.002 -13"><span class='ocrx_word' id='word_1_288' title='bbox 2050 1350 2307 1404; x_wconf 86' lang='lat' dir='ltr'><strong>sublimis</strong></span> <span class='ocrx_word' id='word_1_289' title='bbox 2335 1349 2572 1410; x_wconf 86' lang='lat' dir='ltr'><strong>tollitur,</strong></span> <span class='ocrx_word' id='word_1_290' title='bbox 2598 1358 2759 1402; x_wconf 90' lang='lat' dir='ltr'><strong>nocte</strong></span> <span class='ocrx_word' id='word_1_291' title='bbox 2790 1347 2992 1417; x_wconf 87' lang='lat' dir='ltr'><strong>dieque</strong></span> <span class='ocrx_word' id='word_1_292' title='bbox 3024 1348 3175 1402; x_wconf 81' lang='lat' dir='ltr'><strong>illam</strong></span> <span class='ocrx_word' id='word_1_293' title='bbox 3195 1349 3445 1417; x_wconf 81' lang='lat' dir='ltr'><strong>cogitans</strong></span> <span class='ocrx_word' id='word_1_294' title='bbox 3470 1358 3638 1417; x_wconf 82' lang='lat' dir='ltr'><strong>atque</strong></span> 
     </span>
    </p>
   </div>
   <div class='ocr_carea' id='block_1_43' title="bbox 2053 1437 3638 1501">
    <p class='ocr_par' dir='ltr' id='par_1_43' title="bbox 2053 1437 3638 1501">
     <span class='ocr_line' id='line_1_43' title="bbox 2053 1437 3638 1501; baseline -0.001 -10"><span class='ocrx_word' id='word_1_295' title='bbox 2053 1440 2300 1501; x_wconf 86' lang='lat' dir='ltr'><strong>intuens,</strong></span> <span class='ocrx_word' id='word_1_296' title='bbox 2378 1437 2627 1491; x_wconf 70' lang='lat' dir='ltr'><strong>mirilicis</strong></span> <span class='ocrx_word' id='word_1_297' title='bbox 2658 1440 2824 1491; x_wconf 84' lang='lat' dir='ltr'><strong>etiam</strong></span> <span class='ocrx_word' id='word_1_298' title='bbox 2872 1438 3049 1491; x_wconf 75' lang='lat' dir='ltr'><strong>nindis</strong></span> <span class='ocrx_word' id='word_1_299' title='bbox 3087 1438 3300 1498; x_wconf 74' lang='lat' dir='ltr'><strong>Culcus,</strong></span> <span class='ocrx_word' id='word_1_300' title='bbox 3331 1440 3638 1491; x_wconf 74' lang='lat' dir='ltr'><strong>continuis-</strong></span> 
     </span>
    </p>
   </div>
   <div class='ocr_carea' id='block_1_44' title="bbox 2051 1527 3640 1602">
    <p class='ocr_par' dir='ltr' id='par_1_44' title="bbox 2051 1527 3640 1602">
     <span class='ocr_line' id='line_1_44' title="bbox 2051 1527 3640 1602; baseline -0.006 -14"><span class='ocrx_word' id='word_1_301' title='bbox 2051 1547 2160 1602; x_wconf 85' lang='lat' dir='ltr'><strong>que</strong></span> <span class='ocrx_word' id='word_1_302' title='bbox 2222 1530 2486 1600; x_wconf 73' lang='lat' dir='ltr'><strong>precibus</strong></span> <span class='ocrx_word' id='word_1_303' title='bbox 2547 1527 2875 1585; x_wconf 85' lang='lat' dir='ltr'><strong>concilians.</strong></span> <span class='ocrx_word' id='word_1_304' title='bbox 2944 1528 3191 1582; x_wconf 87' lang='lat' dir='ltr'><strong>Puritate</strong></span> <span class='ocrx_word' id='word_1_305' title='bbox 3259 1544 3387 1580; x_wconf 82' lang='lat' dir='ltr'><strong>vero</strong></span> <span class='ocrx_word' id='word_1_306' title='bbox 3446 1528 3640 1590; x_wconf 83' lang='lat' dir='ltr'><strong>animi,</strong></span> 
     </span>
    </p>
   </div>
   <div class='ocr_carea' id='block_1_45' title="bbox 2051 1619 3644 1692">
    <p class='ocr_par' dir='ltr' id='par_1_45' title="bbox 2051 1619 3644 1692">
     <span class='ocr_line' id='line_1_45' title="bbox 2051 1619 3644 1692; baseline -0.003 -14"><span class='ocrx_word' id='word_1_307' title='bbox 2051 1624 2443 1692; x_wconf 89' lang='lat' dir='ltr'><strong>bonorumque</strong></span> <span class='ocrx_word' id='word_1_308' title='bbox 2489 1635 2720 1691; x_wconf 88' lang='lat' dir='ltr'><strong>operum</strong></span> <span class='ocrx_word' id='word_1_309' title='bbox 2755 1620 2936 1685; x_wconf 85' lang='lat' dir='ltr'><strong>factis,</strong></span> <span class='ocrx_word' id='word_1_310' title='bbox 2970 1619 3039 1672; x_wconf 88' lang='lat' dir='ltr'><strong>ad</strong></span> <span class='ocrx_word' id='word_1_311' title='bbox 3085 1620 3467 1674; x_wconf 90' lang='lat' dir='ltr'><strong>sinceritatem</strong></span> <span class='ocrx_word' id='word_1_312' title='bbox 3517 1620 3644 1673; x_wconf 83' lang='lat' dir='ltr'><strong>reli-</strong></span> 
     </span>
    </p>
   </div>
   <div class='ocr_carea' id='block_1_46' title="bbox 2051 1712 3643 1788">
    <p class='ocr_par' dir='ltr' id='par_1_46' title="bbox 2051 1712 3643 1788">
     <span class='ocr_line' id='line_1_46' title="bbox 2051 1712 3643 1788; baseline -0.004 -18"><span class='ocrx_word' id='word_1_313' title='bbox 2051 1716 2231 1788; x_wconf 83' lang='lat' dir='ltr'><strong>gionis</strong></span> <span class='ocrx_word' id='word_1_314' title='bbox 2268 1730 2524 1784; x_wconf 82' lang='lat' dir='ltr'><strong>grassans</strong></span> <span class='ocrx_word' id='word_1_315' title='bbox 2560 1732 2572 1767; x_wconf 88' lang='lat'><strong>:</strong></span> <span class='ocrx_word' id='word_1_316' title='bbox 2603 1723 2861 1768; x_wconf 82' lang='lat' dir='ltr'><strong>externas</strong></span> <span class='ocrx_word' id='word_1_317' title='bbox 2889 1712 3256 1782; x_wconf 69' lang='lat' dir='ltr'><strong>espiationes,</strong></span> <span class='ocrx_word' id='word_1_318' title='bbox 3292 1722 3347 1764; x_wconf 89' lang='lat' dir='ltr'><strong>et</strong></span> <span class='ocrx_word' id='word_1_319' title='bbox 3377 1727 3643 1780; x_wconf 57' lang='lat' dir='ltr'><strong>quatenu-</strong></span> 
     </span>
    </p>
   </div>
   <div class='ocr_carea' id='block_1_47' title="bbox 2054 1801 3642 1878">
    <p class='ocr_par' dir='ltr' id='par_1_47' title="bbox 2054 1801 3642 1878">
     <span class='ocr_line' id='line_1_47' title="bbox 2054 1801 3642 1878; baseline -0.004 -18"><span class='ocrx_word' id='word_1_320' title='bbox 2054 1823 2164 1878; x_wconf 75' lang='lat' dir='ltr'><strong>que</strong></span> <span class='ocrx_word' id='word_1_321' title='bbox 2185 1807 2309 1876; x_wconf 85' lang='lat' dir='ltr'><strong>ejus</strong></span> <span class='ocrx_word' id='word_1_322' title='bbox 2334 1807 2556 1875; x_wconf 79' lang='lat' dir='ltr'><strong>generis</strong></span> <span class='ocrx_word' id='word_1_323' title='bbox 2579 1814 2709 1858; x_wconf 85' lang='lat' dir='ltr'><strong>sunt</strong></span> <span class='ocrx_word' id='word_1_324' title='bbox 2731 1804 3094 1857; x_wconf 87' lang='lat' dir='ltr'><strong>lustrationes</strong></span> <span class='ocrx_word' id='word_1_325' title='bbox 3117 1801 3361 1871; x_wconf 85' lang='lat' dir='ltr'><strong>despuit,</strong></span> <span class='ocrx_word' id='word_1_326' title='bbox 3388 1812 3443 1855; x_wconf 91' lang='lat' dir='ltr'><strong>et</strong></span> <span class='ocrx_word' id='word_1_327' title='bbox 3473 1816 3642 1855; x_wconf 90' lang='lat' dir='ltr'><strong>unum</strong></span> 
     </span>
    </p>
   </div>
   <div class='ocr_carea' id='block_1_48' title="bbox 2055 1893 3643 1970">
    <p class='ocr_par' dir='ltr' id='par_1_48' title="bbox 2055 1893 3643 1970">
     <span class='ocr_line' id='line_1_48' title="bbox 2055 1893 3643 1970; baseline -0.006 -16"><span class='ocrx_word' id='word_1_328' title='bbox 2055 1898 2335 1970; x_wconf 87' lang='lat' dir='ltr'><strong>piaculum</strong></span> <span class='ocrx_word' id='word_1_329' title='bbox 2389 1912 2512 1952; x_wconf 88' lang='lat' dir='ltr'><strong>esse</strong></span> <span class='ocrx_word' id='word_1_330' title='bbox 2564 1907 2851 1967; x_wconf 90' lang='lat' dir='ltr'><strong>peccatum</strong></span> <span class='ocrx_word' id='word_1_331' title='bbox 2892 1896 3074 1963; x_wconf 82' lang='lat' dir='ltr'><strong>ipsum</strong></span> <span class='ocrx_word' id='word_1_332' title='bbox 3127 1903 3304 1961; x_wconf 88' lang='lat' dir='ltr'><strong>putat.</strong></span> <span class='ocrx_word' id='word_1_333' title='bbox 3353 1900 3532 1961; x_wconf 78' lang='lat' dir='ltr'><strong>Atque</strong></span> <span class='ocrx_word' id='word_1_334' title='bbox 3568 1893 3643 1946; x_wconf 76' lang='lat' dir='ltr'><strong>ita</strong></span> 
     </span>
    </p>
   </div>
   <div class='ocr_carea' id='block_1_49' title="bbox 2054 1985 3645 2061">
    <p class='ocr_par' dir='ltr' id='par_1_49' title="bbox 2054 1985 3645 2061">
     <span class='ocr_line' id='line_1_49' title="bbox 2054 1985 3645 2061; baseline -0.005 -14"><span class='ocrx_word' id='word_1_335' title='bbox 2054 1992 2224 2047; x_wconf 85' lang='lat' dir='ltr'><strong>rebus</strong></span> <span class='ocrx_word' id='word_1_336' title='bbox 2256 1991 2504 2047; x_wconf 82' lang='lat' dir='ltr'><strong>externis</strong></span> <span class='ocrx_word' id='word_1_337' title='bbox 2534 1992 2791 2061; x_wconf 85' lang='lat' dir='ltr'><strong>superior</strong></span> <span class='ocrx_word' id='word_1_338' title='bbox 2820 1988 2984 2054; x_wconf 86' lang='lat' dir='ltr'><strong>laeta,</strong></span> <span class='ocrx_word' id='word_1_339' title='bbox 3014 1987 3424 2055; x_wconf 85' lang='lat' dir='ltr'><strong>imperiumque</strong></span> <span class='ocrx_word' id='word_1_340' title='bbox 3462 1985 3544 2055; x_wconf 93' lang='lat' dir='ltr'><strong>(nt</strong></span> <span class='ocrx_word' id='word_1_341' title='bbox 3571 1985 3645 2039; x_wconf 86' lang='lat' dir='ltr'><strong>ita</strong></span> 
     </span>
    </p>
   </div>
   <div class='ocr_carea' id='block_1_50' title="bbox 2054 2077 3644 2156">
    <p class='ocr_par' dir='ltr' id='par_1_50' title="bbox 2054 2077 3644 2156">
     <span class='ocr_line' id='line_1_50' title="bbox 2054 2077 3644 2156; baseline -0.004 -15"><span class='ocrx_word' id='word_1_342' title='bbox 2054 2084 2258 2156; x_wconf 89' lang='lat' dir='ltr'><strong>dicam)</strong></span> <span class='ocrx_word' id='word_1_343' title='bbox 2289 2084 2345 2140; x_wconf 89' lang='lat' dir='ltr'><strong>in</strong></span> <span class='ocrx_word' id='word_1_344' title='bbox 2381 2099 2479 2137; x_wconf 86' lang='lat' dir='ltr'><strong>eas</strong></span> <span class='ocrx_word' id='word_1_345' title='bbox 2515 2082 2800 2145; x_wconf 84' lang='lat' dir='ltr'><strong>obtinens,</strong></span> <span class='ocrx_word' id='word_1_346' title='bbox 2835 2095 3017 2150; x_wconf 87' lang='lat' dir='ltr'><strong>neque</strong></span> <span class='ocrx_word' id='word_1_347' title='bbox 3055 2078 3125 2134; x_wconf 89' lang='lat' dir='ltr'><strong>ab</strong></span> <span class='ocrx_word' id='word_1_348' title='bbox 3158 2077 3473 2133; x_wconf 86' lang='lat' dir='ltr'><strong>inordinata</strong></span> <span class='ocrx_word' id='word_1_349' title='bbox 3510 2079 3644 2142; x_wconf 83' lang='lat' dir='ltr'><strong>vita.</strong></span> 
     </span>
    </p>
   </div>
   <div class='ocr_carea' id='block_1_51' title="bbox 2055 2170 3663 2251">
    <p class='ocr_par' dir='ltr' id='par_1_51' title="bbox 2055 2170 3663 2251">
     <span class='ocr_line' id='line_1_51' title="bbox 2055 2170 3663 2251; baseline -0.006 -18"><span class='ocrx_word' id='word_1_350' title='bbox 2055 2192 2239 2248; x_wconf 88' lang='lat' dir='ltr'><strong>neque</strong></span> <span class='ocrx_word' id='word_1_351' title='bbox 2287 2176 2357 2231; x_wconf 90' lang='lat' dir='ltr'><strong>ab</strong></span> <span class='ocrx_word' id='word_1_352' title='bbox 2407 2175 2519 2232; x_wconf 89' lang='lat' dir='ltr'><strong>ulla</strong></span> <span class='ocrx_word' id='word_1_353' title='bbox 2555 2174 2909 2237; x_wconf 87' lang='lat' dir='ltr'><strong>necessitate,</strong></span> <span class='ocrx_word' id='word_1_354' title='bbox 2951 2172 3022 2251; x_wconf 76' lang='lat' dir='ltr'><strong>ab</strong></span> <span class='ocrx_word' id='word_1_355' title='bbox 3071 2173 3306 2227; x_wconf 80' lang='lat' dir='ltr'><strong>honesto</strong></span> <span class='ocrx_word' id='word_1_356' title='bbox 3342 2170 3663 2240; x_wconf 82' lang='lat' dir='ltr'><strong>debitoque.</strong></span> 
     </span>
    </p>
   </div>
   <div class='ocr_carea' id='block_1_52' title="bbox 2059 2264 3647 2341">
    <p class='ocr_par' dir='ltr' id='par_1_52' title="bbox 2059 2264 3647 2341">
     <span class='ocr_line' id='line_1_52' title="bbox 2059 2264 3647 2341; baseline -0.003 -19"><span class='ocrx_word' id='word_1_357' title='bbox 2059 2269 2348 2341; x_wconf 86' lang='lat' dir='ltr'><strong>proposito</strong></span> <span class='ocrx_word' id='word_1_358' title='bbox 2393 2284 2495 2323; x_wconf 89' lang='lat' dir='ltr'><strong>suo</strong></span> <span class='ocrx_word' id='word_1_359' title='bbox 2536 2275 2859 2321; x_wconf 89' lang='lat' dir='ltr'><strong>transversa</strong></span> <span class='ocrx_word' id='word_1_360' title='bbox 2901 2264 3108 2334; x_wconf 85' lang='lat' dir='ltr'><strong>agitur,</strong></span> <span class='ocrx_word' id='word_1_361' title='bbox 3150 2279 3330 2333; x_wconf 90' lang='lat' dir='ltr'><strong>neque</strong></span> <span class='ocrx_word' id='word_1_362' title='bbox 3361 2272 3647 2318; x_wconf 82' lang='lat' dir='ltr'><strong>contume-</strong></span> 
     </span>
    </p>
   </div>
   <div class='ocr_carea' id='block_1_53' title="bbox 2059 2355 3642 2435">
    <p class='ocr_par' dir='ltr' id='par_1_53' title="bbox 2059 2355 3642 2435">
     <span class='ocr_line' id='line_1_53' title="bbox 2059 2355 3642 2435; baseline -0.004 -19"><span class='ocrx_word' id='word_1_363' title='bbox 2059 2363 2151 2418; x_wconf 89' lang='lat' dir='ltr'><strong>liis</strong></span> <span class='ocrx_word' id='word_1_364' title='bbox 2180 2362 2376 2417; x_wconf 82' lang='lat' dir='ltr'><strong>aﬂ&#39;ecta</strong></span> <span class='ocrx_word' id='word_1_365' title='bbox 2409 2358 2789 2435; x_wconf 84' lang='lat' dir='ltr'><strong>perturbatur.</strong></span> <span class='ocrx_word' id='word_1_366' title='bbox 2817 2355 2924 2412; x_wconf 90' lang='lat' dir='ltr'><strong>Sed</strong></span> <span class='ocrx_word' id='word_1_367' title='bbox 2962 2371 3140 2426; x_wconf 88' lang='lat' dir='ltr'><strong>neque</strong></span> <span class='ocrx_word' id='word_1_368' title='bbox 3170 2355 3456 2423; x_wconf 84' lang='lat' dir='ltr'><strong>indignum</strong></span> <span class='ocrx_word' id='word_1_369' title='bbox 3483 2356 3642 2424; x_wconf 89' lang='lat' dir='ltr'><strong>quid-</strong></span> 
     </span>
    </p>
   </div>
   <div class='ocr_carea' id='block_1_54' title="bbox 2060 2445 3646 2526">
    <p class='ocr_par' dir='ltr' id='par_1_54' title="bbox 2060 2445 3646 2526">
     <span class='ocr_line' id='line_1_54' title="bbox 2060 2445 3646 2526; baseline -0.004 -20"><span class='ocrx_word' id='word_1_370' title='bbox 2060 2470 2226 2526; x_wconf 82' lang='lat' dir='ltr'><strong>quam</strong></span> <span class='ocrx_word' id='word_1_371' title='bbox 2254 2452 2490 2524; x_wconf 88' lang='lat' dir='ltr'><strong>patiens,</strong></span> <span class='ocrx_word' id='word_1_372' title='bbox 2522 2450 2826 2505; x_wconf 84' lang='lat' dir='ltr'><strong>vindictam</strong></span> <span class='ocrx_word' id='word_1_373' title='bbox 2857 2447 3024 2521; x_wconf 72' lang='lat'><strong>620</strong></span> <span class='ocrx_word' id='word_1_374' title='bbox 3052 2448 3370 2501; x_wconf 72' lang='lat' dir='ltr'><strong>meditatur.</strong></span> <span class='ocrx_word' id='word_1_375' title='bbox 3405 2445 3646 2501; x_wconf 90' lang='lat' dir='ltr'><strong>Tantum</strong></span> 
     </span>
    </p>
   </div>
   <div class='ocr_carea' id='block_1_55' title="bbox 2061 2541 3649 2609">
    <p class='ocr_par' dir='ltr' id='par_1_55' title="bbox 2061 2541 3649 2609">
     <span class='ocr_line' id='line_1_55' title="bbox 2061 2541 3649 2609; baseline -0.006 -6"><span class='ocrx_word' id='word_1_376' title='bbox 2061 2549 2229 2605; x_wconf 87' lang='lat' dir='ltr'><strong>etiam</strong></span> <span class='ocrx_word' id='word_1_377' title='bbox 2281 2546 2458 2609; x_wconf 84' lang='lat' dir='ltr'><strong>abest,</strong></span> <span class='ocrx_word' id='word_1_378' title='bbox 2508 2554 2569 2600; x_wconf 89' lang='lat' dir='ltr'><strong>ut</strong></span> <span class='ocrx_word' id='word_1_379' title='bbox 2612 2544 2696 2602; x_wconf 84' lang='lat' dir='ltr'><strong>vel</strong></span> <span class='ocrx_word' id='word_1_380' title='bbox 2736 2542 2985 2605; x_wconf 81' lang='lat' dir='ltr'><strong>morbus,</strong></span> <span class='ocrx_word' id='word_1_381' title='bbox 3020 2541 3105 2595; x_wconf 86' lang='lat' dir='ltr'><strong>vel</strong></span> <span class='ocrx_word' id='word_1_382' title='bbox 3156 2556 3342 2594; x_wconf 90' lang='lat' dir='ltr'><strong>rerum</strong></span> <span class='ocrx_word' id='word_1_383' title='bbox 3394 2556 3649 2595; x_wconf 79' lang='lat' dir='ltr'><strong>necessa-</strong></span> 
     </span>
    </p>
   </div>
   <div class='ocr_carea' id='block_1_56' title="bbox 2060 2633 3649 2708">
    <p class='ocr_par' dir='ltr' id='par_1_56' title="bbox 2060 2633 3649 2708">
     <span class='ocr_line' id='line_1_56' title="bbox 2060 2633 3649 2708; baseline -0.006 -13"><span class='ocrx_word' id='word_1_384' title='bbox 2060 2640 2270 2695; x_wconf 89' lang='lat' dir='ltr'><strong>riarum</strong></span> <span class='ocrx_word' id='word_1_385' title='bbox 2302 2638 2512 2708; x_wconf 82' lang='lat' dir='ltr'><strong>inepia,</strong></span> <span class='ocrx_word' id='word_1_386' title='bbox 2539 2653 2660 2691; x_wconf 89' lang='lat' dir='ltr'><strong>eam</strong></span> <span class='ocrx_word' id='word_1_387' title='bbox 2692 2635 2989 2705; x_wconf 84' lang='lat' dir='ltr'><strong>adurgens,</strong></span> <span class='ocrx_word' id='word_1_388' title='bbox 3019 2633 3088 2688; x_wconf 88' lang='lat' dir='ltr'><strong>de</strong></span> <span class='ocrx_word' id='word_1_389' title='bbox 3131 2645 3276 2689; x_wconf 87' lang='lat' dir='ltr'><strong>statu</strong></span> <span class='ocrx_word' id='word_1_390' title='bbox 3312 2649 3412 2689; x_wconf 90' lang='lat' dir='ltr'><strong>suo</strong></span> <span class='ocrx_word' id='word_1_391' title='bbox 3458 2633 3649 2688; x_wconf 89' lang='lat' dir='ltr'><strong>detur-</strong></span> 
     </span>
    </p>
   </div>
   <div class='ocr_carea' id='block_1_57' title="bbox 2058 2724 3648 2799">
    <p class='ocr_par' dir='ltr' id='par_1_57' title="bbox 2058 2724 3648 2799">
     <span class='ocr_line' id='line_1_57' title="bbox 2058 2724 3648 2799; baseline -0.007 -12"><span class='ocrx_word' id='word_1_392' title='bbox 2058 2732 2175 2798; x_wconf 85' lang='lat' dir='ltr'><strong>bet,</strong></span> <span class='ocrx_word' id='word_1_393' title='bbox 2230 2741 2291 2785; x_wconf 88' lang='lat' dir='ltr'><strong>ut</strong></span> <span class='ocrx_word' id='word_1_394' title='bbox 2346 2730 2549 2785; x_wconf 77' lang='lat' dir='ltr'><strong>talibus</strong></span> <span class='ocrx_word' id='word_1_395' title='bbox 2606 2743 2830 2799; x_wconf 88' lang='lat' dir='ltr'><strong>quoque</strong></span> <span class='ocrx_word' id='word_1_396' title='bbox 2880 2728 3144 2781; x_wconf 55' lang='lat' dir='ltr'><strong>aerumnis</strong></span> <span class='ocrx_word' id='word_1_397' title='bbox 3194 2724 3365 2796; x_wconf 76' lang='lat' dir='ltr'><strong>magis</strong></span> <span class='ocrx_word' id='word_1_398' title='bbox 3411 2727 3648 2789; x_wconf 73' lang='lat' dir='ltr'><strong>lzetctur,</strong></span> 
     </span>
    </p>
   </div>
   <div class='ocr_carea' id='block_1_58' title="bbox 2056 2817 3648 2897">
    <p class='ocr_par' dir='ltr' id='par_1_58' title="bbox 2056 2817 3648 2897">
     <span class='ocr_line' id='line_1_58' title="bbox 2056 2817 3648 2897; baseline -0.003 -19"><span class='ocrx_word' id='word_1_399' title='bbox 2056 2822 2491 2897; x_wconf 81' lang='lat' dir='ltr'><strong>generositatem</strong></span> <span class='ocrx_word' id='word_1_400' title='bbox 2522 2829 2579 2876; x_wconf 88' lang='lat' dir='ltr'><strong>et</strong></span> <span class='ocrx_word' id='word_1_401' title='bbox 2608 2820 3097 2875; x_wconf 86' lang='lat' dir='ltr'><strong>mansuetudinem</strong></span> <span class='ocrx_word' id='word_1_402' title='bbox 3132 2833 3287 2873; x_wconf 88' lang='lat' dir='ltr'><strong>sua.n</strong></span> <span class='ocrx_word' id='word_1_403' title='bbox 3332 2817 3648 2876; x_wconf 84' lang='lat' dir='ltr'><strong>declarans.</strong></span> 
     </span>
    </p>
   </div>
   <div class='ocr_carea' id='block_1_59' title="bbox 2054 2899 3646 2978">
    <p class='ocr_par' dir='ltr' id='par_1_59' title="bbox 2054 2899 3646 2978">
     <span class='ocr_line' id='line_1_59' title="bbox 2054 2899 3646 2978; baseline -0.006 -7"><span class='ocrx_word' id='word_1_404' title='bbox 2054 2915 2162 2971; x_wconf 88' lang='lat' dir='ltr'><strong>Per</strong></span> <span class='ocrx_word' id='word_1_405' title='bbox 2195 2913 2361 2968; x_wconf 90' lang='lat' dir='ltr'><strong>vitam</strong></span> <span class='ocrx_word' id='word_1_406' title='bbox 2420 2913 2608 2968; x_wconf 86' lang='lat' dir='ltr'><strong>itidem</strong></span> <span class='ocrx_word' id='word_1_407' title='bbox 2662 2927 2885 2965; x_wconf 90' lang='lat' dir='ltr'><strong>omnem</strong></span> <span class='ocrx_word' id='word_1_408' title='bbox 2931 2911 3066 2967; x_wconf 89' lang='lat' dir='ltr'><strong>illud</strong></span> <span class='ocrx_word' id='word_1_409' title='bbox 3117 2911 3325 2972; x_wconf 84' lang='lat' dir='ltr'><strong>studet,</strong></span> <span class='ocrx_word' id='word_1_410' title='bbox 3376 2899 3437 2963; x_wconf 79' lang='lat' dir='ltr'><strong>ut</strong></span> <span class='ocrx_word' id='word_1_411' title='bbox 3480 2926 3646 2978; x_wconf 89' lang='lat' dir='ltr'><strong>quam</strong></span> 
     </span>
    </p>
   </div>
   <div class='ocr_carea' id='block_1_60' title="bbox 2055 3002 3650 3074">
    <p class='ocr_par' dir='ltr' id='par_1_60' title="bbox 2055 3002 3650 3074">
     <span class='ocr_line' id='line_1_60' title="bbox 2055 3002 3650 3074; baseline -0.003 -15"><span class='ocrx_word' id='word_1_412' title='bbox 2055 3005 2288 3060; x_wconf 75' lang='lat' dir='ltr'><strong>minimo</strong></span> <span class='ocrx_word' id='word_1_413' title='bbox 2321 3002 2591 3074; x_wconf 75' lang='lat' dir='ltr'><strong>indigeat,</strong></span> <span class='ocrx_word' id='word_1_414' title='bbox 2623 3012 2791 3072; x_wconf 83' lang='lat' dir='ltr'><strong>atque</strong></span> <span class='ocrx_word' id='word_1_415' title='bbox 2836 3013 3108 3073; x_wconf 86' lang='lat' dir='ltr'><strong>quantum</strong></span> <span class='ocrx_word' id='word_1_416' title='bbox 3144 3003 3401 3055; x_wconf 58' lang='lat' dir='ltr'><strong>humanae</strong></span> <span class='ocrx_word' id='word_1_417' title='bbox 3439 3010 3650 3054; x_wconf 72' lang='lat' dir='ltr'><strong>natura:</strong></span> 
     </span>
    </p>
   </div>
   <div class='ocr_carea' id='block_1_61' title="bbox 2054 3090 3648 3169">
    <p class='ocr_par' dir='ltr' id='par_1_61' title="bbox 2054 3090 3648 3169">
     <span class='ocr_line' id='line_1_61' title="bbox 2054 3090 3648 3169; baseline -0.008 -14"><span class='ocrx_word' id='word_1_418' title='bbox 2054 3107 2251 3169; x_wconf 85' lang='lat' dir='ltr'><strong>captus</strong></span> <span class='ocrx_word' id='word_1_419' title='bbox 2291 3096 2584 3166; x_wconf 87' lang='lat' dir='ltr'><strong>permittit,</strong></span> <span class='ocrx_word' id='word_1_420' title='bbox 2618 3096 2873 3164; x_wconf 85' lang='lat' dir='ltr'><strong>proxime</strong></span> <span class='ocrx_word' id='word_1_421' title='bbox 2914 3095 2982 3147; x_wconf 89' lang='lat' dir='ltr'><strong>ad</strong></span> <span class='ocrx_word' id='word_1_422' title='bbox 3014 3090 3186 3145; x_wconf 85' lang='lat' dir='ltr'><strong>Deum</strong></span> <span class='ocrx_word' id='word_1_423' title='bbox 3218 3092 3487 3145; x_wconf 84' lang='lat' dir='ltr'><strong>accedere</strong></span> <span class='ocrx_word' id='word_1_424' title='bbox 3519 3090 3648 3142; x_wconf 85' lang='lat' dir='ltr'><strong>niti-</strong></span> 
     </span>
    </p>
   </div>
   <div class='ocr_carea' id='block_1_62' title="bbox 368 3178 1954 3270">
    <p class='ocr_par' dir='ltr' id='par_1_62' title="bbox 368 3178 1952 3262">
     <span class='ocr_line' id='line_1_62' title="bbox 368 3178 1952 3262; baseline 0.009 -32"><span class='ocrx_word' id='word_1_425' title='bbox 368 3178 542 3245; x_wconf 69' lang='grc' dir='ltr'>λόγων</span> <span class='ocrx_word' id='word_1_426' title='bbox 595 3179 820 3250; x_wconf 71' lang='grc' dir='ltr'>αἰσχρὸν</span> <span class='ocrx_word' id='word_1_427' title='bbox 866 3178 943 3245; x_wconf 82' lang='grc' dir='ltr'><strong>ὡς</strong></span> <span class='ocrx_word' id='word_1_428' title='bbox 989 3181 1161 3254; x_wconf 74' lang='grc' dir='ltr'>ἀηδὲς</span> <span class='ocrx_word' id='word_1_429' title='bbox 1193 3184 1552 3240; x_wconf 81' lang='grc' dir='ltr'>ἀποσείεται·</span> <span class='ocrx_word' id='word_1_430' title='bbox 1580 3181 1656 3244; x_wconf 85' lang='grc' dir='ltr'>ὧν</span> <span class='ocrx_word' id='word_1_431' title='bbox 1695 3187 1805 3260; x_wconf 82' lang='grc' dir='ltr'>γὰρ</span> <span class='ocrx_word' id='word_1_432' title='bbox 1850 3190 1952 3262; x_wconf 82' lang='grc' dir='ltr'>τὴν</span> 
     </span>
    </p>
   </div>
   <div class='ocr_carea' id='block_1_63' title="bbox 2060 3178 3650 3270">
    <p class='ocr_par' dir='ltr' id='par_1_63' title="bbox 2060 3183 3650 3253">
     <span class='ocr_line' id='line_1_63' title="bbox 2060 3183 3650 3253; baseline -0.008 -6"><span class='ocrx_word' id='word_1_433' title='bbox 2060 3199 2170 3248; x_wconf 87' lang='lat' dir='ltr'><strong>tur.</strong></span> <span class='ocrx_word' id='word_1_434' title='bbox 2202 3188 2523 3244; x_wconf 86' lang='lat' dir='ltr'><strong>Transitum</strong></span> <span class='ocrx_word' id='word_1_435' title='bbox 2556 3197 2766 3251; x_wconf 89' lang='lat' dir='ltr'><strong>autem,</strong></span> <span class='ocrx_word' id='word_1_436' title='bbox 2802 3186 2921 3240; x_wconf 84' lang='lat' dir='ltr'><strong>sive</strong></span> <span class='ocrx_word' id='word_1_437' title='bbox 2964 3183 3358 3238; x_wconf 85' lang='lat' dir='ltr'><strong>diverticulum</strong></span> <span class='ocrx_word' id='word_1_438' title='bbox 3402 3198 3650 3253; x_wconf 85' lang='lat' dir='ltr'><strong>pra:sen-</strong></span> 
     </span>
    </p>
   </div>
   <div class='ocr_carea' id='block_1_64' title="bbox 373 3270 1943 3353">
    <p class='ocr_par' dir='ltr' id='par_1_64' title="bbox 373 3270 1943 3353">
     <span class='ocr_line' id='line_1_64' title="bbox 373 3270 1943 3353; baseline 0.008 -32"><span class='ocrx_word' id='word_1_439' title='bbox 373 3271 569 3340; x_wconf 78' lang='grc' dir='ltr'>πρᾶξιν</span> <span class='ocrx_word' id='word_1_440' title='bbox 591 3270 691 3341; x_wconf 82' lang='grc' dir='ltr'>τῆς</span> <span class='ocrx_word' id='word_1_441' title='bbox 718 3270 854 3336; x_wconf 75' lang='grc' dir='ltr'>ιδίας</span> <span class='ocrx_word' id='word_1_442' title='bbox 884 3271 1114 3344; x_wconf 76' lang='grc' dir='ltr'>ἐξώρισε</span> <span class='ocrx_word' id='word_1_443' title='bbox 1147 3273 1360 3346; x_wconf 84' lang='grc' dir='ltr'>βιοτῆς,</span> <span class='ocrx_word' id='word_1_444' title='bbox 1381 3275 1590 3333; x_wconf 86' lang='grc' dir='ltr'>τούτων</span> <span class='ocrx_word' id='word_1_445' title='bbox 1622 3279 1746 3333; x_wconf 81' lang='grc' dir='ltr'>οὐδὲ</span> <span class='ocrx_word' id='word_1_446' title='bbox 1774 3280 1943 3353; x_wconf 87' lang='grc' dir='ltr'>μέχρι</span> 
     </span>
    </p>
   </div>
   <div class='ocr_carea' id='block_1_65' title="bbox 2049 3274 3640 3346">
    <p class='ocr_par' dir='ltr' id='par_1_65' title="bbox 2049 3274 3640 3346">
     <span class='ocr_line' id='line_1_65' title="bbox 2049 3274 3640 3346; baseline -0.006 -9"><span class='ocrx_word' id='word_1_447' title='bbox 2049 3291 2160 3343; x_wconf 82' lang='lat' dir='ltr'><strong>tem</strong></span> <span class='ocrx_word' id='word_1_448' title='bbox 2207 3279 2535 3336; x_wconf 82' lang='lat' dir='ltr'><strong>existimans</strong></span> <span class='ocrx_word' id='word_1_449' title='bbox 2562 3293 2684 3333; x_wconf 88' lang='lat' dir='ltr'><strong>esse</strong></span> <span class='ocrx_word' id='word_1_450' title='bbox 2718 3279 2910 3342; x_wconf 89' lang='lat' dir='ltr'><strong>vitam,</strong></span> <span class='ocrx_word' id='word_1_451' title='bbox 2948 3290 3129 3346; x_wconf 89' lang='lat' dir='ltr'><strong>neque</strong></span> <span class='ocrx_word' id='word_1_452' title='bbox 3171 3274 3640 3344; x_wconf 76' lang='lat' dir='ltr'><strong>occupationibus</strong></span> 
     </span>
    </p>
   </div>
   <div class='ocr_carea' id='block_1_66' title="bbox 370 3361 1954 3444">
    <p class='ocr_par' dir='ltr' id='par_1_66' title="bbox 370 3361 1948 3440">
     <span class='ocr_line' id='line_1_66' title="bbox 370 3361 1948 3440; baseline 0.008 -26"><span class='ocrx_word' id='word_1_453' title='bbox 370 3363 547 3431; x_wconf 87' lang='grc' dir='ltr'>λόγων</span> <span class='ocrx_word' id='word_1_454' title='bbox 592 3361 872 3433; x_wconf 79' lang='grc' dir='ltr'>ἀνέχεται.</span> <span class='ocrx_word' id='word_1_455' title='bbox 909 3362 1022 3428; x_wconf 79' lang='grc' dir='ltr'><strong>Τὰς</strong></span> <span class='ocrx_word' id='word_1_456' title='bbox 1052 3365 1110 3420; x_wconf 79' lang='grc' dir='ltr'>δὲ</span> <span class='ocrx_word' id='word_1_457' title='bbox 1143 3369 1244 3437; x_wconf 76' lang='grc' dir='ltr'>τῆς</span> <span class='ocrx_word' id='word_1_458' title='bbox 1288 3368 1509 3437; x_wconf 82' lang='grc' dir='ltr'>φύσεως</span> <span class='ocrx_word' id='word_1_459' title='bbox 1559 3371 1751 3440; x_wconf 73' lang='grc' dir='ltr'>χρείας</span> <span class='ocrx_word' id='word_1_460' title='bbox 1800 3373 1948 3433; x_wconf 74' lang='grc' dir='ltr'>κατὰ</span> 
     </span>
    </p>
   </div>
   <div class='ocr_carea' id='block_1_67' title="bbox 2060 3361 3647 3444">
    <p class='ocr_par' dir='ltr' id='par_1_67' title="bbox 2060 3363 3647 3444">
     <span class='ocr_line' id='line_1_67' title="bbox 2060 3363 3647 3444; baseline -0.007 -16"><span class='ocrx_word' id='word_1_461' title='bbox 2060 3371 2399 3444; x_wconf 82' lang='lat' dir='ltr'><strong>negotiorum</strong></span> <span class='ocrx_word' id='word_1_462' title='bbox 2460 3368 2754 3434; x_wconf 86' lang='lat' dir='ltr'><strong>irretitur,</strong></span> <span class='ocrx_word' id='word_1_463' title='bbox 2812 3381 2993 3437; x_wconf 88' lang='lat' dir='ltr'><strong>neque</strong></span> <span class='ocrx_word' id='word_1_464' title='bbox 3041 3363 3395 3434; x_wconf 82' lang='lat' dir='ltr'><strong>providentia</strong></span> <span class='ocrx_word' id='word_1_465' title='bbox 3464 3380 3647 3419; x_wconf 88' lang='lat' dir='ltr'><strong>rerum</strong></span> 
     </span>
    </p>
   </div>
   <div class='ocr_carea' id='block_1_68' title="bbox 376 3454 1954 3536">
    <p class='ocr_par' dir='ltr' id='par_1_68' title="bbox 376 3454 1947 3534">
     <span class='ocr_line' id='line_1_68' title="bbox 376 3454 1947 3534; baseline 0.006 -27"><span class='ocrx_word' id='word_1_466' title='bbox 376 3454 551 3526; x_wconf 78' lang='grc' dir='ltr'>βραχὺ</span> <span class='ocrx_word' id='word_1_467' title='bbox 584 3454 1038 3526; x_wconf 73' lang='grc' dir='ltr'>περιστέλλουσα,</span> <span class='ocrx_word' id='word_1_468' title='bbox 1071 3457 1168 3513; x_wconf 68' lang='grc' dir='ltr'>καὶ</span> <span class='ocrx_word' id='word_1_469' title='bbox 1203 3457 1305 3528; x_wconf 85' lang='grc' dir='ltr'>τὴν</span> <span class='ocrx_word' id='word_1_470' title='bbox 1340 3460 1522 3531; x_wconf 83' lang='grc' dir='ltr'>σάρκα</span> <span class='ocrx_word' id='word_1_471' title='bbox 1551 3462 1667 3525; x_wconf 83' lang='grc' dir='ltr'>τοῖς</span> <span class='ocrx_word' id='word_1_472' title='bbox 1702 3462 1947 3534; x_wconf 79' lang='grc' dir='ltr'>μετρίοις</span> 
     </span>
    </p>
   </div>
   <div class='ocr_carea' id='block_1_69' title="bbox 2060 3454 3650 3536">
    <p class='ocr_par' dir='ltr' id='par_1_69' title="bbox 2060 3459 3650 3536">
     <span class='ocr_line' id='line_1_69' title="bbox 2060 3459 3650 3536; baseline -0.005 -16"><span class='ocrx_word' id='word_1_473' title='bbox 2060 3463 2417 3536; x_wconf 72' lang='lat' dir='ltr'><strong>praesentium</strong></span> <span class='ocrx_word' id='word_1_474' title='bbox 2457 3470 2703 3518; x_wconf 90' lang='lat' dir='ltr'><strong>tenetur.</strong></span> <span class='ocrx_word' id='word_1_475' title='bbox 2744 3459 2816 3514; x_wconf 88' lang='lat' dir='ltr'><strong>Et</strong></span> <span class='ocrx_word' id='word_1_476' title='bbox 2852 3459 3023 3514; x_wconf 88' lang='lat' dir='ltr'><strong>vitam</strong></span> <span class='ocrx_word' id='word_1_477' title='bbox 3072 3466 3296 3513; x_wconf 88' lang='lat' dir='ltr'><strong>tenuem</strong></span> <span class='ocrx_word' id='word_1_478' title='bbox 3337 3468 3395 3513; x_wconf 88' lang='lat' dir='ltr'><strong>et</strong></span> <span class='ocrx_word' id='word_1_479' title='bbox 3438 3474 3469 3513; x_wconf 90' lang='lat' dir='ltr'><strong>a</strong></span> <span class='ocrx_word' id='word_1_480' title='bbox 3515 3472 3650 3512; x_wconf 87' lang='lat' dir='ltr'><strong>cura</strong></span> 
     </span>
    </p>
   </div>
   <div class='ocr_carea' id='block_1_70' title="bbox 375 3548 1954 3623">
    <p class='ocr_par' dir='ltr' id='par_1_70' title="bbox 375 3548 1952 3623">
     <span class='ocr_line' id='line_1_70' title="bbox 375 3548 1952 3623; baseline 0.004 -20"><span class='ocrx_word' id='word_1_481' title='bbox 375 3550 655 3615; x_wconf 71' lang='grc' dir='ltr'>ἐθίζουσα,</span> <span class='ocrx_word' id='word_1_482' title='bbox 689 3549 770 3619; x_wconf 82' lang='grc' dir='ltr'>τῷ</span> <span class='ocrx_word' id='word_1_483' title='bbox 802 3551 902 3621; x_wconf 80' lang='grc' dir='ltr'>μὲν</span> <span class='ocrx_word' id='word_1_484' title='bbox 935 3548 1179 3623; x_wconf 79' lang='grc' dir='ltr'>σώφρονι</span> <span class='ocrx_word' id='word_1_485' title='bbox 1212 3551 1565 3621; x_wconf 77' lang='grc' dir='ltr'>περιγίνεται</span> <span class='ocrx_word' id='word_1_486' title='bbox 1606 3553 1707 3623; x_wconf 82' lang='grc' dir='ltr'>τῆς</span> <span class='ocrx_word' id='word_1_487' title='bbox 1743 3555 1952 3610; x_wconf 84' lang='grc' dir='ltr'>ἀκολα-</span> 
     </span>
    </p>
   </div>
   <div class='ocr_carea' id='block_1_71' title="bbox 2060 3548 3649 3623">
    <p class='ocr_par' dir='ltr' id='par_1_71' title="bbox 2060 3548 3649 3623">
     <span class='ocr_line' id='line_1_71' title="bbox 2060 3548 3649 3623; baseline -0.006 -10"><span class='ocrx_word' id='word_1_488' title='bbox 2060 3559 2252 3613; x_wconf 87' lang='lat' dir='ltr'><strong>harum</strong></span> <span class='ocrx_word' id='word_1_489' title='bbox 2301 3569 2491 3611; x_wconf 87' lang='lat' dir='ltr'><strong>rerum</strong></span> <span class='ocrx_word' id='word_1_490' title='bbox 2547 3551 2861 3623; x_wconf 77' lang='lat' dir='ltr'><strong>expeditam</strong></span> <span class='ocrx_word' id='word_1_491' title='bbox 2918 3566 2986 3605; x_wconf 89' lang='lat' dir='ltr'><strong>ac</strong></span> <span class='ocrx_word' id='word_1_492' title='bbox 3030 3548 3309 3612; x_wconf 85' lang='lat' dir='ltr'><strong>liberam,</strong></span> <span class='ocrx_word' id='word_1_493' title='bbox 3363 3550 3649 3620; x_wconf 87' lang='lat' dir='ltr'><strong>nullisque</strong></span> 
     </span>
    </p>
   </div>
   <div class='ocr_carea' id='block_1_72' title="bbox 379 3639 1954 3720">
    <p class='ocr_par' dir='ltr' id='par_1_72' title="bbox 379 3639 1954 3716">
     <span class='ocr_line' id='line_1_72' title="bbox 379 3639 1954 3716; baseline 0.005 -24"><span class='ocrx_word' id='word_1_494' title='bbox 379 3641 533 3702; x_wconf 80' lang='grc' dir='ltr'>σίας’</span> <span class='ocrx_word' id='word_1_495' title='bbox 565 3641 665 3710; x_wconf 82' lang='grc' dir='ltr'>τὴν</span> <span class='ocrx_word' id='word_1_496' title='bbox 696 3639 744 3693; x_wconf 85' lang='grc' dir='ltr'>δ’</span> <span class='ocrx_word' id='word_1_497' title='bbox 781 3639 1000 3693; x_wconf 82' lang='grc' dir='ltr'>ἀδικίαν</span> <span class='ocrx_word' id='word_1_498' title='bbox 1048 3639 1240 3712; x_wconf 79' lang='grc' dir='ltr'>πόρρω</span> <span class='ocrx_word' id='word_1_499' title='bbox 1274 3641 1464 3712; x_wconf 73' lang='grc' dir='ltr'>βάλλει</span> <span class='ocrx_word' id='word_1_500' title='bbox 1504 3647 1571 3716; x_wconf 79' lang='grc' dir='ltr'>τῇ</span> <span class='ocrx_word' id='word_1_501' title='bbox 1609 3648 1742 3714; x_wconf 74' lang='grc' dir='ltr'>περὶ</span> <span class='ocrx_word' id='word_1_502' title='bbox 1778 3647 1846 3699; x_wconf 81' lang='grc' dir='ltr'>τὰ</span> <span class='ocrx_word' id='word_1_503' title='bbox 1875 3647 1954 3700; x_wconf 88' lang='grc' dir='ltr'>δί-</span> 
     </span>
    </p>
   </div>
   <div class='ocr_carea' id='block_1_73' title="bbox 2060 3639 3654 3720">
    <p class='ocr_par' dir='ltr' id='par_1_73' title="bbox 2060 3640 3654 3720">
     <span class='ocr_line' id='line_1_73' title="bbox 2060 3640 3654 3720; baseline -0.006 -13"><span class='ocrx_word' id='word_1_504' title='bbox 2060 3649 2354 3720; x_wconf 84' lang='lat' dir='ltr'><strong>superﬂuis</strong></span> <span class='ocrx_word' id='word_1_505' title='bbox 2384 3640 2694 3712; x_wconf 83' lang='lat' dir='ltr'><strong>oneratam,</strong></span> <span class='ocrx_word' id='word_1_506' title='bbox 2740 3645 2995 3712; x_wconf 86' lang='lat' dir='ltr'><strong>laudans,</strong></span> <span class='ocrx_word' id='word_1_507' title='bbox 3043 3643 3111 3699; x_wconf 90' lang='lat' dir='ltr'><strong>ad</strong></span> <span class='ocrx_word' id='word_1_508' title='bbox 3148 3643 3390 3700; x_wconf 83' lang='lat' dir='ltr'><strong>futuram</strong></span> <span class='ocrx_word' id='word_1_509' title='bbox 3425 3645 3654 3715; x_wconf 76' lang='lat' dir='ltr'><strong>respicit</strong></span> 
     </span>
    </p>
   </div>
   <div class='ocr_carea' id='block_1_74' title="bbox 376 3731 1952 3810">
    <p class='ocr_par' dir='ltr' id='par_1_74' title="bbox 376 3731 1952 3810">
     <span class='ocr_line' id='line_1_74' title="bbox 376 3731 1952 3810; baseline 0.003 -24"><span class='ocrx_word' id='word_1_510' title='bbox 376 3750 507 3786; x_wconf 83' lang='grc' dir='ltr'>καια</span> <span class='ocrx_word' id='word_1_511' title='bbox 539 3731 758 3804; x_wconf 77' lang='grc' dir='ltr'>στάθμῃ</span> <span class='ocrx_word' id='word_1_512' title='bbox 780 3748 798 3765; x_wconf 74' lang='grc' dir='ltr'><strong>ο</strong></span> <span class='ocrx_word' id='word_1_513' title='bbox 830 3731 892 3785; x_wconf 80' lang='grc' dir='ltr'>τὸ</span> <span class='ocrx_word' id='word_1_514' title='bbox 918 3733 976 3786; x_wconf 79' lang='grc' dir='ltr'>δὲ</span> <span class='ocrx_word' id='word_1_515' title='bbox 1010 3732 1207 3806; x_wconf 78' lang='grc' dir='ltr'>ψεῦδος</span> <span class='ocrx_word' id='word_1_516' title='bbox 1238 3732 1535 3791; x_wconf 79' lang='grc' dir='ltr'>ἀπελαύνει</span> <span class='ocrx_word' id='word_1_517' title='bbox 1580 3738 1645 3808; x_wconf 73' lang='grc' dir='ltr'>τῇ</span> <span class='ocrx_word' id='word_1_518' title='bbox 1677 3736 1915 3810; x_wconf 79' lang='grc' dir='ltr'>ἀληθείᾳ</span> <span class='ocrx_word' id='word_1_519' title='bbox 1938 3753 1952 3768; x_wconf 67' lang='grc' dir='ltr'><strong><em>ο</em></strong></span> 
     </span>
    </p>
   </div>
   <div class='ocr_carea' id='block_1_75' title="bbox 376 3824 1954 3901">
    <p class='ocr_par' dir='ltr' id='par_1_75' title="bbox 376 3824 1954 3901">
     <span class='ocr_line' id='line_1_75' title="bbox 376 3824 1954 3901; baseline 0.004 -25"><span class='ocrx_word' id='word_1_520' title='bbox 376 3826 455 3896; x_wconf 82' lang='grc' dir='ltr'>τῷ</span> <span class='ocrx_word' id='word_1_521' title='bbox 483 3824 527 3878; x_wconf 81' lang='grc' dir='ltr'>δ’</span> <span class='ocrx_word' id='word_1_522' title='bbox 564 3826 812 3895; x_wconf 83' lang='grc' dir='ltr'>εὐτάκτῳ</span> <span class='ocrx_word' id='word_1_523' title='bbox 844 3824 944 3897; x_wconf 76' lang='grc' dir='ltr'>τὴν</span> <span class='ocrx_word' id='word_1_524' title='bbox 993 3825 1054 3882; x_wconf 72' lang='grc' dir='ltr'>ἐν</span> <span class='ocrx_word' id='word_1_525' title='bbox 1106 3826 1246 3881; x_wconf 77' lang='grc' dir='ltr'>πᾶσι</span> <span class='ocrx_word' id='word_1_526' title='bbox 1280 3829 1569 3898; x_wconf 79' lang='grc' dir='ltr'>περιαιρεί</span> <span class='ocrx_word' id='word_1_527' title='bbox 1609 3830 1912 3901; x_wconf 83' lang='grc' dir='ltr'>ἀνισότητα</span> <span class='ocrx_word' id='word_1_528' title='bbox 1940 3846 1954 3860; x_wconf 87' lang='grc'><strong>·</strong></span> 
     </span>
    </p>
   </div>
   <div class='ocr_carea' id='block_1_76' title="bbox 376 3916 1956 3991">
    <p class='ocr_par' dir='ltr' id='par_1_76' title="bbox 376 3916 1956 3991">
     <span class='ocr_line' id='line_1_76' title="bbox 376 3916 1956 3991; baseline 0.006 -23"><span class='ocrx_word' id='word_1_529' title='bbox 376 3920 457 3982; x_wconf 84' lang='grc' dir='ltr'>τῷ</span> <span class='ocrx_word' id='word_1_530' title='bbox 506 3918 562 3971; x_wconf 81' lang='grc' dir='ltr'>δὲ</span> <span class='ocrx_word' id='word_1_531' title='bbox 618 3916 923 3986; x_wconf 82' lang='grc' dir='ltr'>κοινωνικῷ</span> <span class='ocrx_word' id='word_1_532' title='bbox 980 3916 1076 3970; x_wconf 86' lang='grc' dir='ltr'><strong>τοῦ</strong></span> <span class='ocrx_word' id='word_1_533' title='bbox 1142 3917 1311 3990; x_wconf 74' lang='grc' dir='ltr'>ἧθους</span> <span class='ocrx_word' id='word_1_534' title='bbox 1367 3922 1462 3977; x_wconf 73' lang='grc' dir='ltr'>καὶ</span> <span class='ocrx_word' id='word_1_535' title='bbox 1510 3920 1589 3991; x_wconf 80' lang='grc' dir='ltr'>τῷ</span> <span class='ocrx_word' id='word_1_536' title='bbox 1628 3923 1739 3985; x_wconf 84' lang='grc' dir='ltr'>τοῖς</span> <span class='ocrx_word' id='word_1_537' title='bbox 1785 3921 1956 3989; x_wconf 85' lang='grc' dir='ltr'>πέλας</span> 
     </span>
    </p>
   </div>
   <div class='ocr_carea' id='block_1_77' title="bbox 378 4010 1959 4086">
    <p class='ocr_par' dir='ltr' id='par_1_77' title="bbox 378 4010 1959 4086">
     <span class='ocr_line' id='line_1_77' title="bbox 378 4010 1959 4086; baseline 0.004 -24"><span class='ocrx_word' id='word_1_538' title='bbox 378 4013 639 4080; x_wconf 79' lang='grc' dir='ltr'>ὁμονοεῖν,</span> <span class='ocrx_word' id='word_1_539' title='bbox 674 4011 735 4063; x_wconf 86' lang='grc' dir='ltr'><strong>τδ</strong></span> <span class='ocrx_word' id='word_1_540' title='bbox 770 4010 1153 4071; x_wconf 84' lang='grc' dir='ltr'>πολιτεύεσθαι</span> <span class='ocrx_word' id='word_1_541' title='bbox 1180 4012 1362 4077; x_wconf 80' lang='grc' dir='ltr'>καλῶς</span> <span class='ocrx_word' id='word_1_542' title='bbox 1389 4012 1646 4085; x_wconf 74' lang='grc' dir='ltr'>καθιστᾷ.</span> <span class='ocrx_word' id='word_1_543' title='bbox 1686 4015 1959 4086; x_wconf 82' lang='grc' dir='ltr'>Πρόνοιαν</span> 
     </span>
    </p>
   </div>
   <div class='ocr_carea' id='block_1_78' title="bbox 378 4104 1963 4177">
    <p class='ocr_par' dir='ltr' id='par_1_78' title="bbox 378 4104 1963 4177">
     <span class='ocr_line' id='line_1_78' title="bbox 378 4104 1963 4177; baseline 0.003 -21"><span class='ocrx_word' id='word_1_544' title='bbox 378 4105 434 4156; x_wconf 81' lang='grc' dir='ltr'>δὲ</span> <span class='ocrx_word' id='word_1_545' title='bbox 462 4105 554 4158; x_wconf 83' lang='grc' dir='ltr'>καὶ</span> <span class='ocrx_word' id='word_1_546' title='bbox 592 4104 759 4174; x_wconf 79' lang='grc' dir='ltr'>ξένων</span> <span class='ocrx_word' id='word_1_547' title='bbox 808 4105 906 4158; x_wconf 74' lang='grc' dir='ltr'>καὶ</span> <span class='ocrx_word' id='word_1_548' title='bbox 949 4104 1124 4174; x_wconf 81' lang='grc' dir='ltr'>φίλων</span> <span class='ocrx_word' id='word_1_549' title='bbox 1162 4104 1311 4174; x_wconf 85' lang='grc' dir='ltr'>μάλα</span> <span class='ocrx_word' id='word_1_550' title='bbox 1358 4109 1619 4162; x_wconf 77' lang='grc' dir='ltr'>ποιεῖται.</span> <span class='ocrx_word' id='word_1_551' title='bbox 1650 4107 1776 4169; x_wconf 83' lang='grc' dir='ltr'>Τοῖς</span> <span class='ocrx_word' id='word_1_552' title='bbox 1809 4108 1865 4160; x_wconf 85' lang='grc' dir='ltr'><strong>δέ</strong></span> <span class='ocrx_word' id='word_1_553' title='bbox 1897 4124 1963 4177; x_wconf 87' lang='grc' dir='ltr'><strong>γε</strong></span> 
     </span>
    </p>
   </div>
   <div class='ocr_carea' id='block_1_79' title="bbox 379 4193 1962 4267">
    <p class='ocr_par' dir='ltr' id='par_1_79' title="bbox 379 4193 1962 4267">
     <span class='ocr_line' id='line_1_79' title="bbox 379 4193 1962 4267; baseline 0.006 -22"><span class='ocrx_word' id='word_1_554' title='bbox 379 4194 641 4264; x_wconf 73' lang='grc' dir='ltr'>χρῄζουσι</span> <span class='ocrx_word' id='word_1_555' title='bbox 690 4193 845 4247; x_wconf 87' lang='grc' dir='ltr'>κοινὰ</span> <span class='ocrx_word' id='word_1_556' title='bbox 894 4195 1111 4263; x_wconf 76' lang='grc' dir='ltr'>ἡγεῖται</span> <span class='ocrx_word' id='word_1_557' title='bbox 1142 4195 1213 4248; x_wconf 84' lang='grc' dir='ltr'>τὰ</span> <span class='ocrx_word' id='word_1_558' title='bbox 1243 4193 1373 4248; x_wconf 84' lang='grc' dir='ltr'>ῐδια.</span> <span class='ocrx_word' id='word_1_559' title='bbox 1408 4194 1488 4248; x_wconf 84' lang='grc' dir='ltr'><strong>Τά</strong></span> <span class='ocrx_word' id='word_1_560' title='bbox 1523 4196 1876 4267; x_wconf 59' lang='grc' dir='ltr'>προσήκοντα</span> <span class='ocrx_word' id='word_1_561' title='bbox 1913 4197 1962 4254; x_wconf 83' lang='grc' dir='ltr'>δ’</span> 
     </span>
    </p>
   </div>
   <div class='ocr_carea' id='block_1_80' title="bbox 381 4281 1960 4361">
    <p class='ocr_par' dir='ltr' id='par_1_80' title="bbox 381 4281 1960 4361">
     <span class='ocr_line' id='line_1_80' title="bbox 381 4281 1960 4361; baseline 0.004 -23"><span class='ocrx_word' id='word_1_562' title='bbox 381 4288 595 4357; x_wconf 74' lang='grc' dir='ltr'>ἑκάστῳ</span> <span class='ocrx_word' id='word_1_563' title='bbox 628 4287 974 4356; x_wconf 84' lang='grc' dir='ltr'>συναίρεται,</span> <span class='ocrx_word' id='word_1_564' title='bbox 1003 4287 1273 4356; x_wconf 88' lang='grc' dir='ltr'>χαίρουσα</span> <span class='ocrx_word' id='word_1_565' title='bbox 1321 4288 1444 4356; x_wconf 85' lang='grc' dir='ltr'>μὲν,</span> <span class='ocrx_word' id='word_1_566' title='bbox 1484 4281 1566 4352; x_wconf 71' lang='grc' dir='ltr'>οἷς</span> <span class='ocrx_word' id='word_1_567' title='bbox 1618 4287 1738 4345; x_wconf 77' lang='grc' dir='ltr'>ἔστι</span> <span class='ocrx_word' id='word_1_568' title='bbox 1772 4291 1921 4361; x_wconf 83' lang='grc' dir='ltr'>χαρά</span> <span class='ocrx_word' id='word_1_569' title='bbox 1944 4309 1960 4322; x_wconf 68' lang='grc' dir='ltr'>ν</span> 
     </span>
    </p>
   </div>
   <div class='ocr_carea' id='block_1_81' title="bbox 381 4373 1965 4449">
    <p class='ocr_par' dir='ltr' id='par_1_81' title="bbox 381 4373 1965 4449">
     <span class='ocr_line' id='line_1_81' title="bbox 381 4373 1965 4449; baseline 0.005 -18"><span class='ocrx_word' id='word_1_570' title='bbox 381 4373 425 4447; x_wconf 78' lang='grc' dir='ltr'>ᾧ</span> <span class='ocrx_word' id='word_1_571' title='bbox 453 4378 508 4437; x_wconf 78' lang='grc' dir='ltr'>δὲ</span> <span class='ocrx_word' id='word_1_572' title='bbox 531 4379 710 4447; x_wconf 80' lang='grc' dir='ltr'>λύπης</span> <span class='ocrx_word' id='word_1_573' title='bbox 739 4377 1020 4447; x_wconf 81' lang='grc' dir='ltr'>πρόσεστι,</span> <span class='ocrx_word' id='word_1_574' title='bbox 1038 4377 1400 4449; x_wconf 81' lang='grc' dir='ltr'>παραμυθίας</span> <span class='ocrx_word' id='word_1_575' title='bbox 1424 4380 1581 4439; x_wconf 76' lang='grc' dir='ltr'>οὐδὲν</span> <span class='ocrx_word' id='word_1_576' title='bbox 1606 4377 1965 4439; x_wconf 77' lang='grc' dir='ltr'>ἐλλείπουσα.</span> 
     </span>
    </p>
   </div>
   <div class='ocr_carea' id='block_1_82' title="bbox 384 4469 1969 4545">
    <p class='ocr_par' dir='ltr' id='par_1_82' title="bbox 384 4469 1969 4545">
     <span class='ocr_line' id='line_1_82' title="bbox 384 4469 1969 4545; baseline 0.003 -22"><span class='ocrx_word' id='word_1_577' title='bbox 384 4472 623 4534; x_wconf 78' lang='grc' dir='ltr'>Συνόλως</span> <span class='ocrx_word' id='word_1_578' title='bbox 646 4470 724 4536; x_wconf 68' lang='grc' dir='ltr'>δὲ,</span> <span class='ocrx_word' id='word_1_579' title='bbox 762 4470 861 4540; x_wconf 80' lang='grc' dir='ltr'>τὴν</span> <span class='ocrx_word' id='word_1_580' title='bbox 896 4471 1032 4541; x_wconf 69' lang='grc' dir='ltr'>περὶ</span> <span class='ocrx_word' id='word_1_581' title='bbox 1066 4471 1128 4523; x_wconf 79' lang='grc' dir='ltr'>τὸ</span> <span class='ocrx_word' id='word_1_582' title='bbox 1172 4469 1343 4533; x_wconf 81' lang='grc' dir='ltr'>ὅντως</span> <span class='ocrx_word' id='word_1_583' title='bbox 1386 4469 1446 4524; x_wconf 80' lang='grc' dir='ltr'>ὃν</span> <span class='ocrx_word' id='word_1_584' title='bbox 1477 4471 1684 4545; x_wconf 74' lang='grc' dir='ltr'>ἀγαθὸν</span> <span class='ocrx_word' id='word_1_585' title='bbox 1725 4474 1969 4545; x_wconf 70' lang='grc' dir='ltr'>σπουδὴν</span> 
     </span>
    </p>
   </div>
   <div class='ocr_carea' id='block_1_83' title="bbox 2058 3736 3645 3807">
    <p class='ocr_par' dir='ltr' id='par_1_83' title="bbox 2058 3736 3645 3807">
     <span class='ocr_line' id='line_1_83' title="bbox 2058 3736 3645 3807; baseline -0.008 -8"><span class='ocrx_word' id='word_1_586' title='bbox 2058 3741 2484 3805; x_wconf 87' lang='lat' dir='ltr'><strong>beatitudinem,</strong></span> <span class='ocrx_word' id='word_1_587' title='bbox 2512 3738 2843 3807; x_wconf 83' lang='lat' dir='ltr'><strong>felicemque</strong></span> <span class='ocrx_word' id='word_1_588' title='bbox 2872 3736 3020 3793; x_wconf 88' lang='lat' dir='ltr'><strong>illam</strong></span> <span class='ocrx_word' id='word_1_589' title='bbox 3050 3738 3292 3806; x_wconf 88' lang='lat' dir='ltr'><strong>quietem</strong></span> <span class='ocrx_word' id='word_1_590' title='bbox 3317 3744 3603 3804; x_wconf 80' lang='lat' dir='ltr'><strong>exspectat</strong></span> <span class='ocrx_word' id='word_1_591' title='bbox 3628 3751 3645 3790; x_wconf 87' lang='lat'><strong>:</strong></span> 
     </span>
    </p>
   </div>
   <div class='ocr_carea' id='block_1_84' title="bbox 2059 3825 3653 3901">
    <p class='ocr_par' dir='ltr' id='par_1_84' title="bbox 2059 3825 3653 3901">
     <span class='ocr_line' id='line_1_84' title="bbox 2059 3825 3653 3901; baseline -0.007 -12"><span class='ocrx_word' id='word_1_592' title='bbox 2059 3832 2214 3890; x_wconf 88' lang='lat' dir='ltr'><strong>omni</strong></span> <span class='ocrx_word' id='word_1_593' title='bbox 2258 3844 2480 3901; x_wconf 87' lang='lat' dir='ltr'><strong>quoque</strong></span> <span class='ocrx_word' id='word_1_594' title='bbox 2525 3843 2654 3898; x_wconf 86' lang='lat' dir='ltr'><strong>erga</strong></span> <span class='ocrx_word' id='word_1_595' title='bbox 2722 3827 2896 3886; x_wconf 86' lang='lat' dir='ltr'><strong>Deum</strong></span> <span class='ocrx_word' id='word_1_596' title='bbox 2960 3826 3167 3898; x_wconf 86' lang='lat' dir='ltr'><strong>pietate</strong></span> <span class='ocrx_word' id='word_1_597' title='bbox 3211 3825 3265 3880; x_wconf 91' lang='lat' dir='ltr'><strong>in</strong></span> <span class='ocrx_word' id='word_1_598' title='bbox 3312 3825 3501 3880; x_wconf 87' lang='lat' dir='ltr'><strong>animo</strong></span> <span class='ocrx_word' id='word_1_599' title='bbox 3550 3839 3653 3880; x_wconf 89' lang='lat' dir='ltr'><strong>suo</strong></span> 
     </span>
    </p>
   </div>
   <div class='ocr_carea' id='block_1_85' title="bbox 2061 3917 3650 3996">
    <p class='ocr_par' dir='ltr' id='par_1_85' title="bbox 2061 3917 3650 3996">
     <span class='ocr_line' id='line_1_85' title="bbox 2061 3917 3650 3996; baseline -0.006 -15"><span class='ocrx_word' id='word_1_600' title='bbox 2061 3924 2235 3983; x_wconf 87' lang='lat' dir='ltr'><strong>veluti</strong></span> <span class='ocrx_word' id='word_1_601' title='bbox 2278 3925 2332 3980; x_wconf 91' lang='lat' dir='ltr'><strong>in</strong></span> <span class='ocrx_word' id='word_1_602' title='bbox 2378 3920 2663 3979; x_wconf 88' lang='lat' dir='ltr'><strong>domicilio</strong></span> <span class='ocrx_word' id='word_1_603' title='bbox 2692 3926 2941 3996; x_wconf 67' lang='lat' dir='ltr'><strong>excepta,</strong></span> <span class='ocrx_word' id='word_1_604' title='bbox 2974 3919 3271 3974; x_wconf 89' lang='lat' dir='ltr'><strong>verborum</strong></span> <span class='ocrx_word' id='word_1_605' title='bbox 3320 3917 3650 3985; x_wconf 78' lang='lat' dir='ltr'><strong>fceditatem,</strong></span> 
     </span>
    </p>
   </div>
   <div class='ocr_carea' id='block_1_86' title="bbox 2062 4009 3657 4084">
    <p class='ocr_par' dir='ltr' id='par_1_86' title="bbox 2062 4009 3657 4084">
     <span class='ocr_line' id='line_1_86' title="bbox 2062 4009 3657 4084; baseline -0.007 -9"><span class='ocrx_word' id='word_1_606' title='bbox 2062 4028 2127 4075; x_wconf 86' lang='lat' dir='ltr'><strong>ut</strong></span> <span class='ocrx_word' id='word_1_607' title='bbox 2152 4031 2269 4076; x_wconf 87' lang='lat' dir='ltr'><strong>rem</strong></span> <span class='ocrx_word' id='word_1_608' title='bbox 2295 4014 2589 4084; x_wconf 76' lang='lat' dir='ltr'><strong>ingratam,</strong></span> <span class='ocrx_word' id='word_1_609' title='bbox 2617 4011 2897 4080; x_wconf 87' lang='lat' dir='ltr'><strong>repudiat.</strong></span> <span class='ocrx_word' id='word_1_610' title='bbox 2926 4009 3077 4076; x_wconf 86' lang='lat' dir='ltr'><strong>Quas</strong></span> <span class='ocrx_word' id='word_1_611' title='bbox 3099 4009 3250 4065; x_wconf 88' lang='lat' dir='ltr'><strong>enim</strong></span> <span class='ocrx_word' id='word_1_612' title='bbox 3282 4009 3373 4064; x_wconf 88' lang='lat' dir='ltr'><strong>illa</strong></span> <span class='ocrx_word' id='word_1_613' title='bbox 3400 4010 3657 4065; x_wconf 80' lang='lat' dir='ltr'><strong>actiones</strong></span> 
     </span>
    </p>
   </div>
   <div class='ocr_carea' id='block_1_87' title="bbox 2065 4103 3654 4174">
    <p class='ocr_par' dir='ltr' id='par_1_87' title="bbox 2065 4103 3654 4174">
     <span class='ocr_line' id='line_1_87' title="bbox 2065 4103 3654 4174; baseline -0.006 -9"><span class='ocrx_word' id='word_1_614' title='bbox 2065 4125 2096 4166; x_wconf 90' lang='lat' dir='ltr'><strong>a</strong></span> <span class='ocrx_word' id='word_1_615' title='bbox 2146 4106 2398 4163; x_wconf 90' lang='lat' dir='ltr'><strong>moribus</strong></span> <span class='ocrx_word' id='word_1_616' title='bbox 2448 4105 2566 4161; x_wconf 87' lang='lat' dir='ltr'><strong>suis</strong></span> <span class='ocrx_word' id='word_1_617' title='bbox 2617 4104 2779 4174; x_wconf 90' lang='lat' dir='ltr'><strong>longe</strong></span> <span class='ocrx_word' id='word_1_618' title='bbox 2826 4103 3180 4173; x_wconf 89' lang='lat' dir='ltr'><strong>proscripsit,</strong></span> <span class='ocrx_word' id='word_1_619' title='bbox 3232 4116 3424 4158; x_wconf 85' lang='lat' dir='ltr'><strong>earum</strong></span> <span class='ocrx_word' id='word_1_620' title='bbox 3471 4117 3654 4172; x_wconf 86' lang='lat' dir='ltr'><strong>neque</strong></span> 
     </span>
    </p>
   </div>
   <div class='ocr_carea' id='block_1_88' title="bbox 2068 4193 3654 4256">
    <p class='ocr_par' dir='ltr' id='par_1_88' title="bbox 2068 4193 3654 4256">
     <span class='ocr_line' id='line_1_88' title="bbox 2068 4193 3654 4256; baseline -0.006 0"><span class='ocrx_word' id='word_1_621' title='bbox 2068 4201 2405 4256; x_wconf 88' lang='lat' dir='ltr'><strong>mentionem</strong></span> <span class='ocrx_word' id='word_1_622' title='bbox 2468 4197 2655 4252; x_wconf 85' lang='lat' dir='ltr'><strong>verbis</strong></span> <span class='ocrx_word' id='word_1_623' title='bbox 2712 4195 2896 4251; x_wconf 82' lang='lat' dir='ltr'><strong>facere</strong></span> <span class='ocrx_word' id='word_1_624' title='bbox 2934 4195 3194 4250; x_wconf 81' lang='lat' dir='ltr'><strong>sustinet.</strong></span> <span class='ocrx_word' id='word_1_625' title='bbox 3248 4193 3473 4248; x_wconf 71' lang='lat' dir='ltr'><strong>Natura:</strong></span> <span class='ocrx_word' id='word_1_626' title='bbox 3522 4209 3654 4248; x_wconf 87' lang='lat' dir='ltr'><strong>vero</strong></span> 
     </span>
    </p>
   </div>
   <div class='ocr_carea' id='block_1_89' title="bbox 2070 4285 3652 4358">
    <p class='ocr_par' dir='ltr' id='par_1_89' title="bbox 2070 4285 3652 4358">
     <span class='ocr_line' id='line_1_89' title="bbox 2070 4285 3652 4358; baseline -0.006 -11"><span class='ocrx_word' id='word_1_627' title='bbox 2070 4291 2436 4353; x_wconf 85' lang='lat' dir='ltr'><strong>necessitates</strong></span> <span class='ocrx_word' id='word_1_628' title='bbox 2468 4287 2736 4358; x_wconf 89' lang='lat' dir='ltr'><strong>paulatim</strong></span> <span class='ocrx_word' id='word_1_629' title='bbox 2765 4285 3178 4356; x_wconf 82' lang='lat' dir='ltr'><strong>constringens,</strong></span> <span class='ocrx_word' id='word_1_630' title='bbox 3205 4292 3262 4340; x_wconf 89' lang='lat' dir='ltr'><strong>et</strong></span> <span class='ocrx_word' id='word_1_631' title='bbox 3288 4300 3508 4340; x_wconf 88' lang='lat' dir='ltr'><strong>carnem</strong></span> <span class='ocrx_word' id='word_1_632' title='bbox 3540 4300 3652 4338; x_wconf 91' lang='lat' dir='ltr'><strong>mo-</strong></span> 
     </span>
    </p>
   </div>
   <div class='ocr_carea' id='block_1_90' title="bbox 2073 4376 3648 4445">
    <p class='ocr_par' dir='ltr' id='par_1_90' title="bbox 2073 4376 3648 4445">
     <span class='ocr_line' id='line_1_90' title="bbox 2073 4376 3648 4445; baseline -0.005 -5"><span class='ocrx_word' id='word_1_633' title='bbox 2073 4382 2361 4440; x_wconf 86' lang='lat' dir='ltr'><strong>deratione</strong></span> <span class='ocrx_word' id='word_1_634' title='bbox 2404 4380 2661 4441; x_wconf 90' lang='lat' dir='ltr'><strong>domans,</strong></span> <span class='ocrx_word' id='word_1_635' title='bbox 2693 4378 2979 4434; x_wconf 84' lang='lat' dir='ltr'><strong>lasciviam</strong></span> <span class='ocrx_word' id='word_1_636' title='bbox 3019 4377 3275 4433; x_wconf 83' lang='lat' dir='ltr'><strong>castitate</strong></span> <span class='ocrx_word' id='word_1_637' title='bbox 3313 4376 3648 4445; x_wconf 88' lang='lat' dir='ltr'><strong>comprimit.</strong></span> 
     </span>
    </p>
   </div>
   <div class='ocr_carea' id='block_1_91' title="bbox 2078 4458 3653 4545">
    <p class='ocr_par' dir='ltr' id='par_1_91' title="bbox 2078 4458 3653 4545">
     <span class='ocr_line' id='line_1_91' title="bbox 2078 4458 3653 4545; baseline -0.006 -17"><span class='ocrx_word' id='word_1_638' title='bbox 2078 4458 2402 4545; x_wconf 72' lang='lat' dir='ltr'><strong>iniustitiam</strong></span> <span class='ocrx_word' id='word_1_639' title='bbox 2434 4469 2710 4540; x_wconf 63' lang='lat' dir='ltr'><strong>aequitatis</strong></span> <span class='ocrx_word' id='word_1_640' title='bbox 2742 4467 2954 4522; x_wconf 88' lang='lat' dir='ltr'><strong>amussi</strong></span> <span class='ocrx_word' id='word_1_641' title='bbox 2989 4466 3267 4536; x_wconf 85' lang='lat' dir='ltr'><strong>propellit,</strong></span> <span class='ocrx_word' id='word_1_642' title='bbox 3300 4465 3653 4519; x_wconf 77' lang='lat' dir='ltr'><strong>mendacium</strong></span> 
     </span>
    </p>
   </div>
   <div class='ocr_carea' id='block_1_92' title="bbox 387 4553 1954 4635">
    <p class='ocr_par' dir='ltr' id='par_1_92' title="bbox 387 4561 1954 4635">
     <span class='ocr_line' id='line_1_92' title="bbox 387 4561 1954 4635; baseline 0.003 -20"><span class='ocrx_word' id='word_1_643' title='bbox 387 4564 803 4629; x_wconf 84' lang='grc' dir='ltr'>κατατείνουσα,</span> <span class='ocrx_word' id='word_1_644' title='bbox 840 4561 1084 4632; x_wconf 79' lang='grc' dir='ltr'>σώφροσι</span> <span class='ocrx_word' id='word_1_645' title='bbox 1126 4562 1315 4630; x_wconf 87' lang='grc' dir='ltr'>λόγοις</span> <span class='ocrx_word' id='word_1_646' title='bbox 1355 4564 1453 4616; x_wconf 69' lang='grc' dir='ltr'><strong>καὶ</strong></span> <span class='ocrx_word' id='word_1_647' title='bbox 1494 4566 1707 4634; x_wconf 86' lang='grc' dir='ltr'>νοεροῖς</span> <span class='ocrx_word' id='word_1_648' title='bbox 1755 4568 1954 4635; x_wconf 80' lang='grc' dir='ltr'>νοήμα-</span> 
     </span>
    </p>
   </div>
   <div class='ocr_carea' id='block_1_93' title="bbox 2060 4553 3653 4635">
    <p class='ocr_par' dir='ltr' id='par_1_93' title="bbox 2070 4553 3653 4630">
     <span class='ocr_line' id='line_1_93' title="bbox 2070 4553 3653 4630; baseline -0.004 -16"><span class='ocrx_word' id='word_1_649' title='bbox 2070 4559 2243 4630; x_wconf 80' lang='lat' dir='ltr'><strong>exigit</strong></span> <span class='ocrx_word' id='word_1_650' title='bbox 2292 4557 2550 4619; x_wconf 87' lang='lat' dir='ltr'><strong>veritate,</strong></span> <span class='ocrx_word' id='word_1_651' title='bbox 2605 4553 2913 4624; x_wconf 82' lang='lat' dir='ltr'><strong>composito</strong></span> <span class='ocrx_word' id='word_1_652' title='bbox 2956 4553 3179 4608; x_wconf 80' lang='lat' dir='ltr'><strong>vivendi</strong></span> <span class='ocrx_word' id='word_1_653' title='bbox 3232 4568 3653 4609; x_wconf 84' lang='lat' dir='ltr'><strong>more-omnem</strong></span> 
     </span>
    </p>
   </div>
   <div class='ocr_carea' id='block_1_94' title="bbox 387 4649 1957 4722">
    <p class='ocr_par' dir='ltr' id='par_1_94' title="bbox 387 4649 1957 4722">
     <span class='ocr_line' id='line_1_94' title="bbox 387 4649 1957 4722; baseline 0.001 -15"><span class='ocrx_word' id='word_1_654' title='bbox 387 4671 471 4707; x_wconf 88' lang='grc' dir='ltr'><strong>σιν</strong></span> <span class='ocrx_word' id='word_1_655' title='bbox 524 4649 864 4715; x_wconf 77' lang='grc' dir='ltr'>ὲκπαιδεύει,</span> <span class='ocrx_word' id='word_1_656' title='bbox 898 4652 1135 4714; x_wconf 82' lang='grc' dir='ltr'>κάλλους</span> <span class='ocrx_word' id='word_1_657' title='bbox 1185 4651 1470 4721; x_wconf 81' lang='grc' dir='ltr'>ἀμελοῦσα</span> <span class='ocrx_word' id='word_1_658' title='bbox 1525 4651 1622 4705; x_wconf 81' lang='grc' dir='ltr'><strong>τοῦ</strong></span> <span class='ocrx_word' id='word_1_659' title='bbox 1672 4652 1957 4722; x_wconf 87' lang='grc' dir='ltr'>περιττοῦ.</span> 
     </span>
    </p>
   </div>
   <div class='ocr_carea' id='block_1_95' title="bbox 390 4742 1962 4814">
    <p class='ocr_par' dir='ltr' id='par_1_95' title="bbox 390 4742 1962 4814">
     <span class='ocr_line' id='line_1_95' title="bbox 390 4742 1962 4814; baseline 0 -16"><span class='ocrx_word' id='word_1_660' title='bbox 390 4746 497 4801; x_wconf 71' lang='grc' dir='ltr'><strong>Καὶ</strong></span> <span class='ocrx_word' id='word_1_661' title='bbox 554 4745 616 4798; x_wconf 83' lang='grc' dir='ltr'><strong>τδ</strong></span> <span class='ocrx_word' id='word_1_662' title='bbox 671 4744 1007 4814; x_wconf 83' lang='grc' dir='ltr'>κακηγορεῖν</span> <span class='ocrx_word' id='word_1_663' title='bbox 1067 4742 1378 4812; x_wconf 81' lang='grc' dir='ltr'>ὲπιμᾶλλον</span> <span class='ocrx_word' id='word_1_664' title='bbox 1438 4743 1807 4814; x_wconf 82' lang='grc' dir='ltr'>ἐκτρέπεται·</span> <span class='ocrx_word' id='word_1_665' title='bbox 1863 4746 1962 4799; x_wconf 84' lang='grc' dir='ltr'>σὺν</span> 
     </span>
    </p>
   </div>
   <div class='ocr_carea' id='block_1_96' title="bbox 391 4835 1965 4908">
    <p class='ocr_par' dir='ltr' id='par_1_96' title="bbox 391 4835 1965 4908">
     <span class='ocr_line' id='line_1_96' title="bbox 391 4835 1965 4908; baseline -0.001 -17"><span class='ocrx_word' id='word_1_666' title='bbox 391 4840 527 4892; x_wconf 77' lang='grc' dir='ltr'>αἰδοῖ</span> <span class='ocrx_word' id='word_1_667' title='bbox 551 4839 629 4901; x_wconf 64' lang='grc' dir='ltr'>δὲ,</span> <span class='ocrx_word' id='word_1_668' title='bbox 662 4836 1135 4908; x_wconf 83' lang='grc' dir='ltr'>προσυφασμένης</span> <span class='ocrx_word' id='word_1_669' title='bbox 1181 4835 1353 4907; x_wconf 82' lang='grc' dir='ltr'>τιμῆς</span> <span class='ocrx_word' id='word_1_670' title='bbox 1386 4835 1680 4903; x_wconf 77' lang='grc' dir='ltr'>ἐπάγουσα</span> <span class='ocrx_word' id='word_1_671' title='bbox 1717 4839 1819 4906; x_wconf 81' lang='grc' dir='ltr'>τὴν</span> <span class='ocrx_word' id='word_1_672' title='bbox 1848 4837 1965 4896; x_wconf 79' lang='grc' dir='ltr'>διά-</span> 
     </span>
    </p>
   </div>
   <div class='ocr_carea' id='block_1_97' title="bbox 390 4928 1965 5002">
    <p class='ocr_par' dir='ltr' id='par_1_97' title="bbox 390 4928 1965 5002">
     <span class='ocr_line' id='line_1_97' title="bbox 390 4928 1965 5002; baseline 0.002 -20"><span class='ocrx_word' id='word_1_673' title='bbox 390 4931 554 4998; x_wconf 77' lang='grc' dir='ltr'>λέξιν,</span> <span class='ocrx_word' id='word_1_674' title='bbox 589 4928 680 4992; x_wconf 79' lang='grc' dir='ltr'><strong>οἷά</strong></span> <span class='ocrx_word' id='word_1_675' title='bbox 718 4948 829 4985; x_wconf 92' lang='grc' dir='ltr'>τινι</span> <span class='ocrx_word' id='word_1_676' title='bbox 861 4929 1143 5001; x_wconf 83' lang='grc' dir='ltr'>φαρμάκῳ</span> <span class='ocrx_word' id='word_1_677' title='bbox 1192 4929 1489 4999; x_wconf 78' lang='grc' dir='ltr'>θεραπεύει</span> <span class='ocrx_word' id='word_1_678' title='bbox 1539 4930 1633 4983; x_wconf 81' lang='grc' dir='ltr'>τὸν</span> <span class='ocrx_word' id='word_1_679' title='bbox 1671 4931 1965 5002; x_wconf 81' lang='grc' dir='ltr'>ἀκροώμε-</span> 
     </span>
    </p>
   </div>
   <div class='ocr_carea' id='block_1_98' title="bbox 389 5020 1966 5095">
    <p class='ocr_par' dir='ltr' id='par_1_98' title="bbox 389 5020 1966 5095">
     <span class='ocr_line' id='line_1_98' title="bbox 389 5020 1966 5095; baseline 0.001 -21"><span class='ocrx_word' id='word_1_680' title='bbox 389 5040 499 5076; x_wconf 86' lang='grc' dir='ltr'>νον.</span> <span class='ocrx_word' id='word_1_681' title='bbox 528 5022 727 5076; x_wconf 83' lang='grc' dir='ltr'>Πολλοῦ</span> <span class='ocrx_word' id='word_1_682' title='bbox 774 5039 838 5090; x_wconf 86' lang='grc' dir='ltr'><strong>γε</strong></span> <span class='ocrx_word' id='word_1_683' title='bbox 881 5021 989 5093; x_wconf 77' lang='grc' dir='ltr'>μὴν</span> <span class='ocrx_word' id='word_1_684' title='bbox 1017 5021 1100 5073; x_wconf 84' lang='grc' dir='ltr'>δεῖ</span> <span class='ocrx_word' id='word_1_685' title='bbox 1132 5022 1318 5095; x_wconf 77' lang='grc' dir='ltr'>ἐκείνῃ</span> <span class='ocrx_word' id='word_1_686' title='bbox 1360 5020 1535 5093; x_wconf 76' lang='grc' dir='ltr'>ὀργῆς</span> <span class='ocrx_word' id='word_1_687' title='bbox 1565 5039 1624 5077; x_wconf 90' lang='grc' dir='ltr'><strong>τε</strong></span> <span class='ocrx_word' id='word_1_688' title='bbox 1654 5025 1749 5076; x_wconf 71' lang='grc' dir='ltr'>καὶ</span> <span class='ocrx_word' id='word_1_689' title='bbox 1789 5022 1966 5076; x_wconf 71' lang='grc' dir='ltr'>λοιδοερ</span> 
     </span>
    </p>
   </div>
   <div class='ocr_carea' id='block_1_99' title="bbox 392 5113 1964 5187">
    <p class='ocr_par' dir='ltr' id='par_1_99' title="bbox 392 5113 1964 5187">
     <span class='ocr_line' id='line_1_99' title="bbox 392 5113 1964 5187; baseline -0.007 -17"><span class='ocrx_word' id='word_1_690' title='bbox 392 5118 509 5186; x_wconf 74' lang='lat' dir='ltr'><strong>piat;</strong></span> <span class='ocrx_word' id='word_1_691' title='bbox 534 5117 625 5170; x_wconf 83' lang='grc' dir='ltr'>καὶ</span> <span class='ocrx_word' id='word_1_692' title='bbox 652 5115 825 5187; x_wconf 77' lang='grc' dir='ltr'>ἔριδος</span> <span class='ocrx_word' id='word_1_693' title='bbox 850 5131 864 5146; x_wconf 68' lang='grc' dir='ltr'><strong>ο</strong></span> <span class='ocrx_word' id='word_1_694' title='bbox 901 5113 1165 5183; x_wconf 79' lang='grc' dir='ltr'>καθαρῶς</span> <span class='ocrx_word' id='word_1_695' title='bbox 1190 5113 1303 5184; x_wconf 72' lang='grc' dir='ltr'><strong>γὰρ</strong></span> <span class='ocrx_word' id='word_1_696' title='bbox 1329 5114 1465 5167; x_wconf 76' lang='grc' dir='ltr'>οὖσα</span> <span class='ocrx_word' id='word_1_697' title='bbox 1507 5116 1725 5186; x_wconf 83' lang='grc' dir='ltr'>λογικὴ,</span> <span class='ocrx_word' id='word_1_698' title='bbox 1754 5132 1964 5186; x_wconf 77' lang='grc' dir='ltr'>παραι-</span> 
     </span>
    </p>
   </div>
   <div class='ocr_carea' id='block_1_100' title="bbox 390 5206 1961 5274">
    <p class='ocr_par' dir='ltr' id='par_1_100' title="bbox 390 5206 1961 5274">
     <span class='ocr_line' id='line_1_100' title="bbox 390 5206 1961 5274; baseline 0.001 -14"><span class='ocrx_word' id='word_1_699' title='bbox 390 5210 563 5264; x_wconf 83' lang='grc' dir='ltr'>τεῖται</span> <span class='ocrx_word' id='word_1_700' title='bbox 595 5209 775 5262; x_wconf 70' lang='grc' dir='ltr'>πᾶσαν</span> <span class='ocrx_word' id='word_1_701' title='bbox 804 5206 1094 5274; x_wconf 83' lang='grc' dir='ltr'>ἀλόγιστον</span> <span class='ocrx_word' id='word_1_702' title='bbox 1123 5207 1361 5273; x_wconf 84' lang='grc' dir='ltr'>κίνησιν.</span> <span class='ocrx_word' id='word_1_703' title='bbox 1400 5207 1512 5261; x_wconf 73' lang='grc' dir='ltr'><strong>Καὶ</strong></span> <span class='ocrx_word' id='word_1_704' title='bbox 1536 5207 1729 5272; x_wconf 80' lang='grc' dir='ltr'>ἁπλῶς</span> <span class='ocrx_word' id='word_1_705' title='bbox 1760 5210 1961 5273; x_wconf 79' lang='grc' dir='ltr'>εἰπεῖν,</span> 
     </span>
    </p>
   </div>
   <div class='ocr_carea' id='block_1_101' title="bbox 392 5292 1965 5368">
    <p class='ocr_par' dir='ltr' id='par_1_101' title="bbox 392 5292 1965 5368">
     <span class='ocr_line' id='line_1_101' title="bbox 392 5292 1965 5368; baseline 0.004 -24"><span class='ocrx_word' id='word_1_706' title='bbox 392 5293 555 5363; x_wconf 82' lang='grc' dir='ltr'>κυρία</span> <span class='ocrx_word' id='word_1_707' title='bbox 583 5292 693 5350; x_wconf 84' lang='grc' dir='ltr'><strong>τῶν</strong></span> <span class='ocrx_word' id='word_1_708' title='bbox 722 5292 913 5346; x_wconf 80' lang='grc' dir='ltr'>παθῶν</span> <span class='ocrx_word' id='word_1_709' title='bbox 948 5295 1180 5361; x_wconf 85' lang='grc' dir='ltr'>γίνεται,</span> <span class='ocrx_word' id='word_1_710' title='bbox 1208 5295 1312 5348; x_wconf 81' lang='grc' dir='ltr'>ὅσα</span> <span class='ocrx_word' id='word_1_711' title='bbox 1338 5292 1540 5366; x_wconf 78' lang='grc' dir='ltr'>ψυχαῖς</span> <span class='ocrx_word' id='word_1_712' title='bbox 1572 5296 1669 5348; x_wconf 76' lang='grc' dir='ltr'>καὶ</span> <span class='ocrx_word' id='word_1_713' title='bbox 1715 5296 1965 5368; x_wconf 85' lang='grc' dir='ltr'>σώμασιν</span> 
     </span>
    </p>
   </div>
   <div class='ocr_carea' id='block_1_102' title="bbox 389 5385 1966 5459">
    <p class='ocr_par' dir='ltr' id='par_1_102' title="bbox 389 5385 1966 5459">
     <span class='ocr_line' id='line_1_102' title="bbox 389 5385 1966 5459; baseline 0.004 -21"><span class='ocrx_word' id='word_1_714' title='bbox 389 5385 698 5453; x_wconf 78' lang='grc' dir='ltr'>ἐπιγίνεται</span> <span class='ocrx_word' id='word_1_715' title='bbox 724 5403 738 5417; x_wconf 91' lang='grc'><strong>·</strong></span> <span class='ocrx_word' id='word_1_716' title='bbox 773 5387 877 5455; x_wconf 84' lang='grc' dir='ltr'>τῆς</span> <span class='ocrx_word' id='word_1_717' title='bbox 915 5385 962 5438; x_wconf 84' lang='grc' dir='ltr'>δ’</span> <span class='ocrx_word' id='word_1_718' title='bbox 992 5385 1178 5440; x_wconf 79' lang='grc' dir='ltr'>ἐνθέου</span> <span class='ocrx_word' id='word_1_719' title='bbox 1212 5387 1416 5457; x_wconf 83' lang='grc' dir='ltr'>ταύτης</span> <span class='ocrx_word' id='word_1_720' title='bbox 1445 5386 1771 5457; x_wconf 80' lang='grc' dir='ltr'>φιλοσοφίας</span> <span class='ocrx_word' id='word_1_721' title='bbox 1801 5390 1966 5459; x_wconf 82' lang='grc' dir='ltr'>ἄρξαι</span> 
     </span>
    </p>
   </div>
   <div class='ocr_carea' id='block_1_103' title="bbox 395 5476 1963 5553">
    <p class='ocr_par' dir='ltr' id='par_1_103' title="bbox 395 5476 1963 5553">
     <span class='ocr_line' id='line_1_103' title="bbox 395 5476 1963 5553; baseline 0.003 -23"><span class='ocrx_word' id='word_1_722' title='bbox 395 5479 493 5546; x_wconf 81' lang='grc' dir='ltr'><strong>μέν</strong></span> <span class='ocrx_word' id='word_1_723' title='bbox 538 5494 684 5542; x_wconf 86' lang='grc' dir='ltr'>τινες</span> <span class='ocrx_word' id='word_1_724' title='bbox 733 5476 987 5547; x_wconf 84' lang='grc' dir='ltr'>λέγουσιν</span> <span class='ocrx_word' id='word_1_725' title='bbox 1026 5477 1215 5537; x_wconf 77' lang='grc' dir='ltr'>Ἠλίαν</span> <span class='ocrx_word' id='word_1_726' title='bbox 1269 5480 1477 5534; x_wconf 64' lang='grc' dir='ltr'>ὲκςῖνον</span> <span class='ocrx_word' id='word_1_727' title='bbox 1526 5480 1622 5533; x_wconf 80' lang='grc' dir='ltr'>τὸν</span> <span class='ocrx_word' id='word_1_728' title='bbox 1689 5480 1963 5553; x_wconf 80' lang='grc' dir='ltr'>ζηλωτὴν,</span> 
     </span>
    </p>
   </div>
   <div class='ocr_carea' id='block_1_104' title="bbox 388 5570 1965 5643">
    <p class='ocr_par' dir='ltr' id='par_1_104' title="bbox 388 5570 1965 5643">
     <span class='ocr_line' id='line_1_104' title="bbox 388 5570 1965 5643; baseline 0.004 -22"><span class='ocrx_word' id='word_1_729' title='bbox 388 5570 534 5632; x_wconf 81' lang='grc' dir='ltr'>τινὲς</span> <span class='ocrx_word' id='word_1_730' title='bbox 559 5571 619 5624; x_wconf 74' lang='grc' dir='ltr'>δὲ</span> <span class='ocrx_word' id='word_1_731' title='bbox 660 5572 918 5642; x_wconf 87' lang='grc' dir='ltr'>Ἰωάννην</span> <span class='ocrx_word' id='word_1_732' title='bbox 952 5574 1042 5626; x_wconf 76' lang='grc' dir='ltr'>τὸν</span> <span class='ocrx_word' id='word_1_733' title='bbox 1071 5573 1409 5643; x_wconf 82' lang='grc' dir='ltr'>Βαπτιστήν.</span> <span class='ocrx_word' id='word_1_734' title='bbox 1439 5572 1612 5627; x_wconf 76' lang='grc' dir='ltr'>Φίλων</span> <span class='ocrx_word' id='word_1_735' title='bbox 1651 5574 1697 5628; x_wconf 78' lang='grc' dir='ltr'>δ’</span> <span class='ocrx_word' id='word_1_736' title='bbox 1732 5576 1965 5641; x_wconf 76' lang='grc' dir='ltr'>ἐκεῖνος,</span> 
     </span>
    </p>
   </div>
   <div class='ocr_carea' id='block_1_105' title="bbox 389 5662 1971 5736">
    <p class='ocr_par' dir='ltr' id='par_1_105' title="bbox 389 5662 1971 5736">
     <span class='ocr_line' id='line_1_105' title="bbox 389 5662 1971 5736; baseline 0.003 -21"><span class='ocrx_word' id='word_1_737' title='bbox 389 5666 416 5715; x_wconf 76' lang='grc' dir='ltr'>ὁ</span> <span class='ocrx_word' id='word_1_738' title='bbox 452 5662 514 5716; x_wconf 77' lang='grc' dir='ltr'><strong>τδ</strong></span> <span class='ocrx_word' id='word_1_739' title='bbox 556 5662 716 5733; x_wconf 82' lang='grc' dir='ltr'>γένος</span> <span class='ocrx_word' id='word_1_740' title='bbox 766 5663 864 5733; x_wconf 84' lang='grc' dir='ltr'>μὲν</span> <span class='ocrx_word' id='word_1_741' title='bbox 910 5662 1186 5736; x_wconf 79' lang='grc' dir='ltr'>Ἐϐραῖος,</span> <span class='ocrx_word' id='word_1_742' title='bbox 1216 5662 1316 5734; x_wconf 81' lang='grc' dir='ltr'>τὴν</span> <span class='ocrx_word' id='word_1_743' title='bbox 1354 5664 1399 5716; x_wconf 79' lang='grc' dir='ltr'>δ’</span> <span class='ocrx_word' id='word_1_744' title='bbox 1448 5664 1666 5734; x_wconf 74' lang='grc' dir='ltr'>αἵρεσιν</span> <span class='ocrx_word' id='word_1_745' title='bbox 1718 5664 1971 5734; x_wconf 65' lang='grc' dir='ltr'>Πυθαγό-</span> 
     </span>
    </p>
   </div>
   <div class='ocr_carea' id='block_1_106' title="bbox 396 5757 1969 5831">
    <p class='ocr_par' dir='ltr' id='par_1_106' title="bbox 396 5757 1969 5831">
     <span class='ocr_line' id='line_1_106' title="bbox 396 5757 1969 5831; baseline 0.004 -25"><span class='ocrx_word' id='word_1_746' title='bbox 396 5772 561 5824; x_wconf 83' lang='grc' dir='ltr'>ρειο;.</span> <span class='ocrx_word' id='word_1_747' title='bbox 594 5760 652 5807; x_wconf 72' lang='grc' dir='ltr'>ἐν</span> <span class='ocrx_word' id='word_1_748' title='bbox 696 5758 810 5818; x_wconf 89' lang='grc' dir='ltr'>τοῖς</span> <span class='ocrx_word' id='word_1_749' title='bbox 860 5759 980 5810; x_wconf 86' lang='grc' dir='ltr'>κατ’</span> <span class='ocrx_word' id='word_1_750' title='bbox 1023 5757 1188 5811; x_wconf 81' lang='grc' dir='ltr'>αὐτόν</span> <span class='ocrx_word' id='word_1_751' title='bbox 1227 5774 1361 5826; x_wconf 86' lang='grc' dir='ltr'>φησι</span> <span class='ocrx_word' id='word_1_752' title='bbox 1407 5759 1642 5827; x_wconf 80' lang='grc' dir='ltr'>χρόνοις,</span> <span class='ocrx_word' id='word_1_753' title='bbox 1674 5760 1803 5822; x_wconf 81' lang='grc' dir='ltr'>τοὺς</span> <span class='ocrx_word' id='word_1_754' title='bbox 1835 5762 1969 5831; x_wconf 77' lang='grc' dir='ltr'>παρ’</span> 
     </span>
    </p>
   </div>
   <div class='ocr_carea' id='block_1_107' title="bbox 405 5843 1969 5928">
    <p class='ocr_par' dir='ltr' id='par_1_107' title="bbox 405 5843 1969 5928">
     <span class='ocr_line' id='line_1_107' title="bbox 405 5843 1969 5928; baseline 0.005 -33"><span class='ocrx_word' id='word_1_755' title='bbox 405 5843 680 5912; x_wconf 76' lang='grc' dir='ltr'>Ἑϐραίοις</span> <span class='ocrx_word' id='word_1_756' title='bbox 724 5847 958 5915; x_wconf 66' lang='grc' dir='ltr'>σεμνοὺς</span> <span class='ocrx_word' id='word_1_757' title='bbox 1006 5848 1086 5910; x_wconf 85' lang='grc' dir='ltr'><strong>είς</strong></span> <span class='ocrx_word' id='word_1_758' title='bbox 1137 5847 1314 5920; x_wconf 60' lang='lat' dir='ltr'><strong>15mm:</strong></span> <span class='ocrx_word' id='word_1_759' title='bbox 1359 5851 1478 5900; x_wconf 76' lang='grc' dir='ltr'>τινα</span> <span class='ocrx_word' id='word_1_760' title='bbox 1533 5846 1809 5921; x_wconf 59' lang='grc' dir='ltr'>γεὼλοξον</span> <span class='ocrx_word' id='word_1_761' title='bbox 1844 5853 1969 5928; x_wconf 74' lang='grc' dir='ltr'>περὶ</span> 
     </span>
    </p>
   </div>
   <div class='ocr_carea' id='block_1_108' title="bbox 2070 4645 3658 4722">
    <p class='ocr_par' dir='ltr' id='par_1_108' title="bbox 2070 4645 3658 4722">
     <span class='ocr_line' id='line_1_108' title="bbox 2070 4645 3658 4722; baseline -0.008 -13"><span class='ocrx_word' id='word_1_762' title='bbox 2070 4653 2278 4709; x_wconf 88' lang='lat' dir='ltr'><strong>accidit</strong></span> <span class='ocrx_word' id='word_1_763' title='bbox 2305 4650 2758 4722; x_wconf 62' lang='lat' dir='ltr'><strong>inaequalitatem.</strong></span> <span class='ocrx_word' id='word_1_764' title='bbox 2792 4646 3180 4703; x_wconf 82' lang='lat' dir='ltr'><strong>Familiaribus</strong></span> <span class='ocrx_word' id='word_1_765' title='bbox 3208 4645 3375 4701; x_wconf 90' lang='lat' dir='ltr'><strong>etiam</strong></span> <span class='ocrx_word' id='word_1_766' title='bbox 3425 4660 3524 4715; x_wconf 93' lang='lat' dir='ltr'><strong>pro</strong></span> <span class='ocrx_word' id='word_1_767' title='bbox 3568 4663 3658 4702; x_wconf 81' lang='lat' dir='ltr'><strong>Su-</strong></span> 
     </span>
    </p>
   </div>
   <div class='ocr_carea' id='block_1_109' title="bbox 2069 4738 3654 4805">
    <p class='ocr_par' dir='ltr' id='par_1_109' title="bbox 2069 4738 3654 4805">
     <span class='ocr_line' id='line_1_109' title="bbox 2069 4738 3654 4805; baseline -0.008 -1"><span class='ocrx_word' id='word_1_768' title='bbox 2069 4748 2273 4805; x_wconf 84' lang='lat' dir='ltr'><strong>cietate</strong></span> <span class='ocrx_word' id='word_1_769' title='bbox 2318 4749 2562 4803; x_wconf 84' lang='lat' dir='ltr'><strong>humana</strong></span> <span class='ocrx_word' id='word_1_770' title='bbox 2610 4757 2670 4797; x_wconf 90' lang='lat' dir='ltr'><strong>se</strong></span> <span class='ocrx_word' id='word_1_771' title='bbox 2719 4739 3005 4795; x_wconf 89' lang='lat' dir='ltr'><strong>hominum</strong></span> <span class='ocrx_word' id='word_1_772' title='bbox 3049 4738 3304 4792; x_wconf 89' lang='lat' dir='ltr'><strong>moribus</strong></span> <span class='ocrx_word' id='word_1_773' title='bbox 3335 4753 3654 4793; x_wconf 85' lang='lat' dir='ltr'><strong>accommo-</strong></span> 
     </span>
    </p>
   </div>
   <div class='ocr_carea' id='block_1_110' title="bbox 2072 4830 3656 4905">
    <p class='ocr_par' dir='ltr' id='par_1_110' title="bbox 2072 4830 3656 4905">
     <span class='ocr_line' id='line_1_110' title="bbox 2072 4830 3656 4905; baseline -0.006 -11"><span class='ocrx_word' id='word_1_774' title='bbox 2072 4838 2276 4898; x_wconf 88' lang='lat' dir='ltr'><strong>dando.</strong></span> <span class='ocrx_word' id='word_1_775' title='bbox 2333 4845 2391 4893; x_wconf 90' lang='lat' dir='ltr'><strong>et</strong></span> <span class='ocrx_word' id='word_1_776' title='bbox 2420 4833 2798 4905; x_wconf 82' lang='lat' dir='ltr'><strong>proximorum</strong></span> <span class='ocrx_word' id='word_1_777' title='bbox 2822 4830 3027 4889; x_wconf 85' lang='lat' dir='ltr'><strong>animis</strong></span> <span class='ocrx_word' id='word_1_778' title='bbox 3060 4830 3482 4890; x_wconf 84' lang='lat' dir='ltr'><strong>conformando,</strong></span> <span class='ocrx_word' id='word_1_779' title='bbox 3515 4831 3656 4885; x_wconf 82' lang='lat' dir='ltr'><strong>bene</strong></span> 
     </span>
    </p>
   </div>
   <div class='ocr_carea' id='block_1_111' title="bbox 2070 4922 3657 4985">
    <p class='ocr_par' dir='ltr' id='par_1_111' title="bbox 2070 4922 3657 4985">
     <span class='ocr_line' id='line_1_111' title="bbox 2070 4922 3657 4985; baseline -0.004 0"><span class='ocrx_word' id='word_1_780' title='bbox 2070 4929 2295 4985; x_wconf 85' lang='lat' dir='ltr'><strong>vivendi</strong></span> <span class='ocrx_word' id='word_1_781' title='bbox 2333 4927 2648 4982; x_wconf 89' lang='lat' dir='ltr'><strong>institutum</strong></span> <span class='ocrx_word' id='word_1_782' title='bbox 2687 4923 2981 4978; x_wconf 81' lang='lat' dir='ltr'><strong>conﬁrmat</strong></span> <span class='ocrx_word' id='word_1_783' title='bbox 3014 4941 3026 4975; x_wconf 85' lang='lat'><strong>:</strong></span> <span class='ocrx_word' id='word_1_784' title='bbox 3066 4928 3460 4978; x_wconf 79' lang='lat' dir='ltr'><strong>extraneorum</strong></span> <span class='ocrx_word' id='word_1_785' title='bbox 3492 4922 3657 4978; x_wconf 85' lang='lat' dir='ltr'><strong>simul</strong></span> 
     </span>
    </p>
   </div>
   <div class='ocr_carea' id='block_1_112' title="bbox 2072 5012 3654 5084">
    <p class='ocr_par' dir='ltr' id='par_1_112' title="bbox 2072 5012 3654 5084">
     <span class='ocr_line' id='line_1_112' title="bbox 2072 5012 3654 5084; baseline -0.008 -5"><span class='ocrx_word' id='word_1_786' title='bbox 2072 5033 2131 5079; x_wconf 88' lang='lat' dir='ltr'><strong>et</strong></span> <span class='ocrx_word' id='word_1_787' title='bbox 2173 5021 2503 5082; x_wconf 86' lang='lat' dir='ltr'><strong>amicorum,</strong></span> <span class='ocrx_word' id='word_1_788' title='bbox 2562 5025 2624 5072; x_wconf 87' lang='lat' dir='ltr'><strong>ut</strong></span> <span class='ocrx_word' id='word_1_789' title='bbox 2674 5016 2757 5072; x_wconf 90' lang='lat' dir='ltr'><strong>eis</strong></span> <span class='ocrx_word' id='word_1_790' title='bbox 2815 5012 3125 5084; x_wconf 83' lang='lat' dir='ltr'><strong>provideat,</strong></span> <span class='ocrx_word' id='word_1_791' title='bbox 3178 5028 3368 5067; x_wconf 90' lang='lat' dir='ltr'><strong>curam</strong></span> <span class='ocrx_word' id='word_1_792' title='bbox 3422 5013 3590 5071; x_wconf 75' lang='lat' dir='ltr'><strong>liabet</strong></span> <span class='ocrx_word' id='word_1_793' title='bbox 3641 5032 3654 5066; x_wconf 89' lang='lat'><strong>:</strong></span> 
     </span>
    </p>
   </div>
   <div class='ocr_carea' id='block_1_113' title="bbox 2072 5105 3656 5188">
    <p class='ocr_par' dir='ltr' id='par_1_113' title="bbox 2072 5105 3656 5188">
     <span class='ocr_line' id='line_1_113' title="bbox 2072 5105 3656 5188; baseline -0.007 -17"><span class='ocrx_word' id='word_1_794' title='bbox 2072 5116 2353 5188; x_wconf 80' lang='lat' dir='ltr'><strong>egentium</strong></span> <span class='ocrx_word' id='word_1_795' title='bbox 2401 5127 2490 5166; x_wconf 88' lang='lat' dir='ltr'><strong>res</strong></span> <span class='ocrx_word' id='word_1_796' title='bbox 2520 5125 2648 5165; x_wconf 88' lang='lat' dir='ltr'><strong>suas</strong></span> <span class='ocrx_word' id='word_1_797' title='bbox 2691 5118 2749 5164; x_wconf 84' lang='lat' dir='ltr'><strong>et</strong></span> <span class='ocrx_word' id='word_1_798' title='bbox 2799 5122 2933 5175; x_wconf 85' lang='lat' dir='ltr'><strong>opes</strong></span> <span class='ocrx_word' id='word_1_799' title='bbox 2974 5105 3134 5161; x_wconf 88' lang='lat' dir='ltr'><strong>ducit</strong></span> <span class='ocrx_word' id='word_1_800' title='bbox 3162 5120 3284 5159; x_wconf 85' lang='lat' dir='ltr'><strong>esse</strong></span> <span class='ocrx_word' id='word_1_801' title='bbox 3311 5120 3656 5168; x_wconf 85' lang='lat' dir='ltr'><strong>communes,</strong></span> 
     </span>
    </p>
   </div>
   <div class='ocr_carea' id='block_1_114' title="bbox 2073 5192 3656 5274">
    <p class='ocr_par' dir='ltr' id='par_1_114' title="bbox 2073 5192 3656 5274">
     <span class='ocr_line' id='line_1_114' title="bbox 2073 5192 3656 5274; baseline -0.01 -13"><span class='ocrx_word' id='word_1_802' title='bbox 2073 5213 2130 5261; x_wconf 86' lang='lat' dir='ltr'><strong>et</strong></span> <span class='ocrx_word' id='word_1_803' title='bbox 2167 5220 2289 5274; x_wconf 69' lang='lat' dir='ltr'><strong>qua:</strong></span> <span class='ocrx_word' id='word_1_804' title='bbox 2319 5201 2523 5271; x_wconf 88' lang='lat' dir='ltr'><strong>cuique</strong></span> <span class='ocrx_word' id='word_1_805' title='bbox 2560 5197 2836 5253; x_wconf 90' lang='lat' dir='ltr'><strong>debentur</strong></span> <span class='ocrx_word' id='word_1_806' title='bbox 2874 5195 3087 5249; x_wconf 88' lang='lat' dir='ltr'><strong>tribuit.</strong></span> <span class='ocrx_word' id='word_1_807' title='bbox 3126 5193 3341 5249; x_wconf 87' lang='lat' dir='ltr'><strong>Gaudet</strong></span> <span class='ocrx_word' id='word_1_808' title='bbox 3372 5192 3484 5248; x_wconf 74' lang='lat' dir='ltr'><strong>‘illa</strong></span> <span class='ocrx_word' id='word_1_809' title='bbox 3530 5211 3656 5247; x_wconf 89' lang='lat' dir='ltr'><strong>cum</strong></span> 
     </span>
    </p>
   </div>
   <div class='ocr_carea' id='block_1_115' title="bbox 2074 5286 3662 5369">
    <p class='ocr_par' dir='ltr' id='par_1_115' title="bbox 2074 5286 3662 5369">
     <span class='ocr_line' id='line_1_115' title="bbox 2074 5286 3662 5369; baseline -0.009 -18"><span class='ocrx_word' id='word_1_810' title='bbox 2074 5296 2469 5369; x_wconf 76' lang='lat' dir='ltr'><strong>gaudentibus,</strong></span> <span class='ocrx_word' id='word_1_811' title='bbox 2505 5289 2869 5349; x_wconf 65' lang='lat' dir='ltr'><strong>maerentibus</strong></span> <span class='ocrx_word' id='word_1_812' title='bbox 2900 5286 3038 5341; x_wconf 88' lang='lat' dir='ltr'><strong>nihil</strong></span> <span class='ocrx_word' id='word_1_813' title='bbox 3074 5302 3180 5340; x_wconf 93' lang='lat' dir='ltr'><strong>non</strong></span> <span class='ocrx_word' id='word_1_814' title='bbox 3206 5286 3436 5340; x_wconf 83' lang='lat' dir='ltr'><strong>adhibet</strong></span> <span class='ocrx_word' id='word_1_815' title='bbox 3463 5303 3662 5342; x_wconf 80' lang='lat' dir='ltr'><strong>conso-</strong></span> 
     </span>
    </p>
   </div>
   <div class='ocr_carea' id='block_1_116' title="bbox 2074 5381 3654 5452">
    <p class='ocr_par' dir='ltr' id='par_1_116' title="bbox 2074 5381 3654 5452">
     <span class='ocr_line' id='line_1_116' title="bbox 2074 5381 3654 5452; baseline -0.008 -6"><span class='ocrx_word' id='word_1_816' title='bbox 2074 5390 2321 5447; x_wconf 87' lang='lat' dir='ltr'><strong>lationis.</strong></span> <span class='ocrx_word' id='word_1_817' title='bbox 2372 5389 2431 5443; x_wconf 93' lang='lat' dir='ltr'><strong>In</strong></span> <span class='ocrx_word' id='word_1_818' title='bbox 2466 5400 2702 5449; x_wconf 83' lang='lat' dir='ltr'><strong>summa,</strong></span> <span class='ocrx_word' id='word_1_819' title='bbox 2752 5384 2819 5440; x_wconf 87' lang='lat' dir='ltr'><strong>ad</strong></span> <span class='ocrx_word' id='word_1_820' title='bbox 2865 5384 2914 5437; x_wconf 89' lang='lat' dir='ltr'><strong>id</strong></span> <span class='ocrx_word' id='word_1_821' title='bbox 2946 5381 3094 5452; x_wconf 88' lang='lat' dir='ltr'><strong>quod</strong></span> <span class='ocrx_word' id='word_1_822' title='bbox 3146 5397 3340 5437; x_wconf 85' lang='lat' dir='ltr'><strong>revera</strong></span> <span class='ocrx_word' id='word_1_823' title='bbox 3374 5398 3654 5437; x_wconf 89' lang='lat' dir='ltr'><strong>summum</strong></span> 
     </span>
    </p>
   </div>
   <div class='ocr_carea' id='block_1_117' title="bbox 2075 5473 3657 5540">
    <p class='ocr_par' dir='ltr' id='par_1_117' title="bbox 2075 5473 3657 5540">
     <span class='ocr_line' id='line_1_117' title="bbox 2075 5473 3657 5540; baseline -0.011 0"><span class='ocrx_word' id='word_1_824' title='bbox 2075 5485 2281 5540; x_wconf 87' lang='lat' dir='ltr'><strong>bonum</strong></span> <span class='ocrx_word' id='word_1_825' title='bbox 2311 5490 2417 5539; x_wconf 85' lang='lat' dir='ltr'><strong>est.</strong></span> <span class='ocrx_word' id='word_1_826' title='bbox 2449 5478 2692 5534; x_wconf 90' lang='lat' dir='ltr'><strong>studium</strong></span> <span class='ocrx_word' id='word_1_827' title='bbox 2730 5492 2894 5533; x_wconf 91' lang='lat' dir='ltr'><strong>omne</strong></span> <span class='ocrx_word' id='word_1_828' title='bbox 2921 5484 3275 5539; x_wconf 80' lang='lat' dir='ltr'><strong>Convertens,</strong></span> <span class='ocrx_word' id='word_1_829' title='bbox 3303 5473 3657 5527; x_wconf 71' lang='lat' dir='ltr'><strong>sermonibus</strong></span> 
     </span>
    </p>
   </div>
   <div class='ocr_carea' id='block_1_118' title="bbox 2076 5561 3651 5638">
    <p class='ocr_par' dir='ltr' id='par_1_118' title="bbox 2076 5561 3651 5638">
     <span class='ocr_line' id='line_1_118' title="bbox 2076 5561 3651 5638; baseline -0.006 -13"><span class='ocrx_word' id='word_1_830' title='bbox 2076 5571 2247 5628; x_wconf 81' lang='lat' dir='ltr'><strong>castis</strong></span> <span class='ocrx_word' id='word_1_831' title='bbox 2267 5580 2322 5624; x_wconf 89' lang='lat' dir='ltr'><strong>et</strong></span> <span class='ocrx_word' id='word_1_832' title='bbox 2349 5564 2778 5638; x_wconf 77' lang='lat' dir='ltr'><strong>cogitationibus</strong></span> <span class='ocrx_word' id='word_1_833' title='bbox 2809 5564 3195 5635; x_wconf 78' lang='lat' dir='ltr'><strong>Spirilualibns</strong></span> <span class='ocrx_word' id='word_1_834' title='bbox 3224 5578 3287 5617; x_wconf 83' lang='lat' dir='ltr'><strong>se</strong></span> <span class='ocrx_word' id='word_1_835' title='bbox 3319 5561 3491 5629; x_wconf 83' lang='lat' dir='ltr'><strong>ipsam</strong></span> <span class='ocrx_word' id='word_1_836' title='bbox 3526 5577 3651 5615; x_wconf 87' lang='lat' dir='ltr'><strong>ern-</strong></span> 
     </span>
    </p>
   </div>
   <div class='ocr_carea' id='block_1_119' title="bbox 2078 5650 3660 5727">
    <p class='ocr_par' dir='ltr' id='par_1_119' title="bbox 2078 5650 3660 5727">
     <span class='ocr_line' id='line_1_119' title="bbox 2078 5650 3660 5727; baseline -0.009 -10"><span class='ocrx_word' id='word_1_837' title='bbox 2078 5662 2196 5724; x_wconf 87' lang='lat' dir='ltr'><strong>dit,</strong></span> <span class='ocrx_word' id='word_1_838' title='bbox 2238 5661 2449 5716; x_wconf 89' lang='lat' dir='ltr'><strong>cultum</strong></span> <span class='ocrx_word' id='word_1_839' title='bbox 2495 5657 2685 5713; x_wconf 77' lang='lat' dir='ltr'><strong>forma:</strong></span> <span class='ocrx_word' id='word_1_840' title='bbox 2735 5654 3078 5727; x_wconf 83' lang='lat' dir='ltr'><strong>superﬂuum</strong></span> <span class='ocrx_word' id='word_1_841' title='bbox 3133 5667 3363 5724; x_wconf 85' lang='lat' dir='ltr'><strong>prorsus</strong></span> <span class='ocrx_word' id='word_1_842' title='bbox 3409 5650 3660 5722; x_wconf 78' lang='lat' dir='ltr'><strong>negligit,</strong></span> 
     </span>
    </p>
   </div>
   <div class='ocr_carea' id='block_1_120' title="bbox 2078 5745 3656 5823">
    <p class='ocr_par' dir='ltr' id='par_1_120' title="bbox 2078 5745 3656 5823">
     <span class='ocr_line' id='line_1_120' title="bbox 2078 5745 3656 5823; baseline -0.008 -13"><span class='ocrx_word' id='word_1_843' title='bbox 2078 5756 2375 5810; x_wconf 87' lang='lat' dir='ltr'><strong>maledicta</strong></span> <span class='ocrx_word' id='word_1_844' title='bbox 2422 5766 2759 5823; x_wconf 79' lang='lat' dir='ltr'><strong>magnopere</strong></span> <span class='ocrx_word' id='word_1_845' title='bbox 2801 5756 3089 5803; x_wconf 81' lang='lat' dir='ltr'><strong>aversatur</strong></span> <span class='ocrx_word' id='word_1_846' title='bbox 3137 5764 3150 5801; x_wconf 89' lang='lat'><strong>:</strong></span> <span class='ocrx_word' id='word_1_847' title='bbox 3205 5745 3480 5815; x_wconf 84' lang='lat' dir='ltr'><strong>colloquia</strong></span> <span class='ocrx_word' id='word_1_848' title='bbox 3530 5761 3656 5799; x_wconf 88' lang='lat' dir='ltr'><strong>cum</strong></span> 
     </span>
    </p>
   </div>
   <div class='ocr_carea' id='block_1_121' title="bbox 2080 5837 3666 5910">
    <p class='ocr_par' dir='ltr' id='par_1_121' title="bbox 2080 5837 3666 5910">
     <span class='ocr_line' id='line_1_121' title="bbox 2080 5837 3666 5910; baseline -0.009 -5"><span class='ocrx_word' id='word_1_849' title='bbox 2080 5849 2437 5905; x_wconf 81' lang='lat' dir='ltr'><strong>veneratione</strong></span> <span class='ocrx_word' id='word_1_850' title='bbox 2472 5857 2525 5902; x_wconf 90' lang='lat' dir='ltr'><strong>et</strong></span> <span class='ocrx_word' id='word_1_851' title='bbox 2562 5843 2788 5901; x_wconf 86' lang='lat' dir='ltr'><strong>honoris</strong></span> <span class='ocrx_word' id='word_1_852' title='bbox 2823 5839 3145 5910; x_wconf 69' lang='lat' dir='ltr'><strong>praefatione</strong></span> <span class='ocrx_word' id='word_1_853' title='bbox 3193 5837 3527 5909; x_wconf 80' lang='lat' dir='ltr'><strong>ingreditur,</strong></span> <span class='ocrx_word' id='word_1_854' title='bbox 3560 5851 3666 5892; x_wconf 82' lang='lat' dir='ltr'><strong>au-</strong></span> 
     </span>
    </p>
   </div>
  </div>
