4118 6472
496 394 592 460 151

1715 408 2131 469 NlCEPllORI
2181 412 2268 470 CA
2286 412 2535 474 LLISTI

3650 420 3743 484 152

490 519 726 573 ditorem
776 519 928 588 prius
973 520 1139 574 veluti
1183 521 1583 577 medicamento
1620 538 1842 580 curans.
1888 526 2060 597 Longt

2179 528 2278 600 τὴν
2312 531 2565 601 Μαρείαν
2611 530 2811 602 λίμνην
2849 528 3128 600 κείμενον,
3167 531 3541 605 ’Δλεξανδρεία
3580 552 3739 608 προσ-

489 613 558 666 al)
586 627 647 666 ea
689 613 846 667 abest
891 612 1199 678 iracundia,
1241 613 1573 680 convicium,
1609 616 1876 687 jurgium.
1913 618 2070 684 Quod

486 704 635 758 enim
669 720 797 757 vera
831 705 1044 759 ratione
1072 704 1301 774 praedita
1328 715 1433 770 est,
1463 706 1832 765 irrationalem
1854 725 2072 765 omnem

491 798 735 850 declinat
783 804 995 849 motum
1035 814 1048 848 :
1089 806 1166 860 et,
1210 806 1267 851 ut
1313 799 1484 853 semel
1519 799 1724 867 dicam,
1777 802 2071 871 perturba-

489 891 725 955 tionum,
764 906 887 961 qua:
932 892 1012 946 vel
1060 892 1117 946 in
1165 892 1372 956 anima,
1409 891 1497 946 vel
1542 891 1597 945 in
1634 906 1869 961 corpore
1917 900 2066 958 sunt,

488 984 735 1037 omnium
776 983 1000 1039 domina
1032 984 1274 1039 exsistit.
1310 985 1509 1039 Verum
1556 983 1843 1038 enimvero
1876 994 2069 1039 aucto-

488 1091 604 1131 rem
636 1075 839 1130 divina:
865 1075 1028 1130 istius
1061 1075 1427 1146 pbiIOSOphize
1458 1076 1680 1146 quidam
1710 1075 1938 1130 laudant
1963 1076 2070 1131 lle.

484 1166 617 1219 liam
676 1167 828 1221 illum
878 1167 1291 1232 aemulatorcm,
1343 1166 1563 1237 quidam
1623 1182 1753 1221 vero
1799 1168 2065 1222 Joannem

486 1258 807 1328 Baptistam.
863 1260 1063 1314 Philon
1115 1267 1302 1314 autem
1354 1259 1480 1323 ille,
1533 1274 1733 1330 genere
1783 1259 2064 1323 llebrteus,

482 1333 628 1407 secta
660 1363 843 1408 autem
877 1354 1273 1424 Pythagoreus,
1322 1355 1666 1423 temporibus
1696 1354 1813 1409 suis
1840 1354 2065 1409 Judazos

481 1444 776 1512 quosdam,
802 1445 951 1501 viros
975 1461 1170 1515 graves
1192 1455 1248 1501 et
1277 1448 1642 1511 venerandos,
1666 1447 1801 1501 dicit
1822 1447 1981 1518 621
2010 1447 2063 1500 in

486 1535 707 1605 regione
739 1538 976 1606 quadam
1006 1537 1328 1609 frequentes
1353 1539 1591 1595 habente
1625 1540 1886 1604 tumulos,
1916 1541 2062 1595 circa

484 1628 664 1681 lacum
706 1627 1080 1683 Marmoticum
1117 1630 1183 1684 ad
1230 1630 1618 1686 Alexandriam
1667 1633 2058 1703 pertinentem,

485 1734 687 1773 novum
742 1720 1169 1792 philosophandi
1228 1740 1435 1779 morem
1499 1726 1815 1795 complexos
1871 1741 1994 1781 esse
2046 1744 2059 1779 :

481 1824 717 1878 quorum
768 1812 1086 1878 domicilia,
1128 1815 1255 1871 vitae.
1307 1816 1794 1881 consuetudinem,
1845 1817 2060 1887 aliaque

2164 1813 2428 1868 πλειόνων
2478 1811 2691 1886 τροφῆς

2179 619 2405 687 ήκοντα,
2433 619 2590 688 ξένην
2639 618 2961 687 φιλοσοφίαν
3011 620 3373 692 μετέρχεσθαι
3393 639 3407 653 ο
3438 617 3512 677 ὧν
3538 626 3740 697 οἴκησιν

2177 710 2274 761 καὶ
2306 709 2587 763 πολιτείαν
2619 710 2714 763 καὶ
2744 709 2843 780 τὴν
2872 708 3039 780 ἄλλην
3066 710 3289 766 ἃπασαν
3318 714 3543 785 ἀγωγὴν
3564 709 3741 770 τοιαυ-

2174 816 2280 868 την
2311 796 2454 853 εἶναι
2501 817 2586 864 τις
2637 802 2911 855 εἰκάσειεν
2960 802 3021 866 ἐξ
3057 796 3133 854 ῶν
3177 805 3495 872 καταλέγει,
3525 806 3741 875 οἵανπερ

2176 891 2273 944 καὶ
2293 893 2343 944 οί
2384 892 2553 945 πάλαι
2592 893 2825 963 μοναχοὶ
2858 894 2917 946 ὲν
2948 893 3216 967 Αἰγύπτῳ
3257 897 3612 968 μετήρχοντο.
3638 898 3739 951 Τοῦ

2174 984 2283 1052 γὰρ
2339 984 2655 1053 φιλοσοφεῖν
2710 986 3030 1056 ἀρχόμενοι,
3092 990 3203 1052 τοῖς
3262 990 3595 1059 προσήκουσι
3641 990 3742 1042 τῶν

2170 1075 2345 1129 ὄντων
2392 1077 2739 1143 ἐξίστανταιο
2797 1080 2932 1133 πᾶσι
2996 1079 3042 1133 δ’
3111 1080 3589 1152 ἀπαγορεύοντας,
3645 1081 3743 1148 ἔξω

2171 1170 2369 1239 τειχῶν
2414 1169 2709 1237 γίνεσθαι⁶
2757 1173 2848 1225 καὶ
2897 1172 3099 1242 κήποις
3158 1173 3221 1244 δή
3279 1192 3390 1227 τισι
3444 1177 3537 1230 καὶ
3586 1192 3744 1243 μονα-

2169 1260 2343 1330 γρίοις
2394 1260 2489 1320 τὰς
2541 1260 2831 1331 διατριϐὰς
2878 1262 3045 1332 ἔχειν.
3102 1259 3260 1317 Εἶναι
3320 1265 3378 1318 δὲ
3426 1266 3606 1327 αὐτοῖς
3655 1269 3741 1317 καὶ

2168 1350 2525 1421 καταγωγὰς,
2559 1351 2595 1406 ἃ
2628 1355 2971 1425 μοναστήρια
3017 1356 3203 1409 καλεῖν
3253 1356 3409 1425 θέμις
3438 1374 3452 1389 ·
3485 1350 3577 1409 οἷα
3617 1357 3744 1409 ιδιά-

2168 1442 2399 1512 ζοντας,
2458 1444 2674 1512 σεμνῶς
2739 1446 3036 1514 μυεῖσθαι·
3093 1447 3259 1517 ᾠδαῖς
3311 1448 3368 1503 δὲ
3420 1448 3593 1511 θείαις
3652 1448 3741 1500 καὶ

2168 1536 2352 1604 ὓμνων
2399 1536 2635 1609 ψαλμοῖς
2683 1537 2776 1591 τὸν
2825 1537 2959 1591 θεὸν
3013 1537 3365 1609 θεραπεύειν.
3399 1542 3491 1611 Μή
3532 1556 3652 1593 τινα
3687 1539 3742 1590 δὲ

2164 1632 2368 1683 τούτων
2414 1629 2771 1701 ἐντυγχάνειν
2827 1633 3028 1701 τροφῇ,
3085 1631 3217 1700 πρὶν
3261 1632 3418 1704 ἥλιος
3464 1632 3597 1702 περὶ
3640 1631 3741 1699 γῆν

2163 1720 2396 1787 γίνεται.
2457 1719 2577 1774 Elei
2628 1719 2687 1772 δὲ
2739 1719 2789 1773 οἳ
2845 1722 2938 1771 καὶ
2993 1719 3084 1773 διὰ
3145 1720 3317 1791 τριῶν
3373 1720 3600 1794 ἡμερῶν
3655 1721 3743 1772 καὶ

2770 1811 3030 1880 ἄγευστοι
3073 1812 3445 1882 διαμένουσιν.
3487 1811 3646 1865 Οῐνου
3690 1811 3743 1863 δὲ

480 1901 731 1957 instituta
760 1904 969 1970 omnia,
1007 1905 1134 1960 talia
1171 1907 1376 1976 aliquis
1421 1923 1544 1962 esse
1570 1923 1636 1962 ex
1682 1908 2058 1978 descriptione

2164 1901 2260 1960 καὶ
2313 1879 2558 1971 ἐναίμων
2595 1879 2853 1969 πάμπαν
2908 1879 3229 1969 ἀπέχονται.
3294 1899 3521 1971 Ῥηταῖς
3577 1898 3621 1952 δ’
3686 1900 3742 1951 ὲν

480 1994 597 2062 ejus
623 1994 868 2064 colligat,
903 1996 1082 2063 qualia
1110 1997 1278 2068 prisci
1307 1998 1451 2068 apud
1486 1997 1774 2071 Aigyptios
1803 2002 2057 2057 monachi

479 2095 607 2138 sunt
641 2087 965 2143 consectati.
1002 2089 1137 2143 Nam
1171 2090 1299 2144 vitae
1335 2090 1389 2144 id
1423 2106 1599 2162 genus
1639 2092 1898 2163 ingressi,
1932 2108 2061 2163 ροβε

477 2176 752 2234 sessiones
785 2194 914 2234 suas
956 2182 1288 2252 prepinquis
1330 2182 1718 2254 relinquebant
1748 2200 1763 2238 :
1792 2198 1857 2240 ac
1890 2185 2059 2239 rebus

478 2271 735 2325 omnibus
771 2272 970 2326 nuntio
1008 2273 1266 2338 remisso,
1314 2283 1470 2330 extra
1518 2275 1722 2346 oppida
1771 2275 2054 2339 vivebant,

477 2365 729 2432 atquein
774 2362 955 2417 hortis
989 2361 1321 2431 quibusdam
1370 2374 1427 2418 et
1475 2366 1622 2435 agris
1672 2364 1807 2421 solis
1842 2365 2059 2420 habita-

478 2454 631 2508 bant.
668 2452 840 2509 Erant
870 2464 1054 2508 autem
1099 2455 1183 2509 eis
1229 2467 1285 2511 et
1328 2457 1664 2520 mansiones,
1700 2473 1823 2527 quae
1864 2473 2041 2511 monav

477 2547 646 2601 stcria
692 2557 841 2602 recte
882 2547 1160 2613 dicantur,
1204 2548 1297 2603 ubi
1335 2548 1563 2604 solitarii
1617 2565 1742 2604 cum
1791 2551 2058 2620 gravitate

475 2647 530 2692 et
578 2640 870 2694 sanctitate
927 2638 1103 2694 sacris
1155 2639 1545 2704 initiabantur,
1601 2642 2055 2711 carminibusque

476 2728 705 2792 divinis,
748 2729 973 2801 hymnis
1007 2738 1063 2784 et
1092 2730 1319 2803 psalmis
1348 2731 1518 2786 Deum
1561 2731 1862 2788 laudabant
1891 2744 2055 2804 atque

476 2821 754 2878 colebant.
795 2822 995 2878 Nullus
1040 2824 1238 2878 horum
1290 2823 1446 2894 prius
1491 2823 1715 2890 cibum,
1756 2840 1921 2895 quam
1973 2827 2055 2881 sol

478 2911 790 2974 occidisset,
827 2913 1102 2983 capiebat.
1151 2913 1329 2969 Fuere
1377 2915 1568 2980 etiam,
1601 2917 1695 2985 qui
1744 2916 1924 2972 tribus
1962 2927 2058 2971 aut

479 3004 733 3072 pluribus
773 3020 995 3075 quoque
1039 3006 1239 3063 diebus
1274 3008 1394 3063 sine
1423 3009 1686 3065 alimento
1728 3025 2046 3079 persevera-

481 3109 605 3153 rent
635 3115 648 3151 :
681 3098 811 3153 vino
841 3108 1026 3153 autem
1061 3105 1116 3153 et
1151 3099 1590 3170 sanguinolentis
1626 3117 1852 3171 prorsus
1881 3103 2052 3160 absti-

479 3200 696 3256 nerent,
727 3191 1004 3261 certisque
1034 3191 1229 3248 diebus
1269 3193 1524 3248 consulto
1572 3191 1725 3248 humi
1754 3193 2048 3250 decurnbe-
2078 3220 2125 3279 ο

480 3291 624 3336 rent.
650 3282 821 3338 Cibus
843 3284 923 3339 cis
945 3294 1065 3338 erat
1096 3286 1276 3353 panis,
1303 3286 1382 3339 sal
1411 3296 1469 3339 ct
1504 3285 1801 3357 hyssopum
1833 3304 1846 3340 :
1870 3297 2053 3357 potus.

477 3390 644 3445 aqua.
667 3373 843 3445 Prope
871 3390 968 3430 eos
999 3377 1259 3432 mulieres
1279 3377 1443 3431 etiam
1472 3380 1685 3433 vetulas
1715 3378 1886 3433 fuisse
1915 3379 2057 3433 scri-

478 3465 583 3529 bit,
618 3480 740 3535 qua:
780 3465 1146 3536 philosoiibite
1190 3469 1310 3541 ejus
1362 3484 1573 3535 amore,
1627 3473 1886 3526 eumdem
1932 3473 2059 3527 vitae

480 3570 702 3610 cursum
752 3555 1080 3635 delegerint.
1123 3558 1469 3630 QuaprOpter
1501 3571 1557 3616 et
1597 3562 1832 3617 consilio
1866 3564 2061 3617 volun-

480 3647 623 3700 tario
670 3646 986 3705 caelibatum
1040 3661 1390 3714 consectam,
1443 3653 1611 3705 vitam
1661 3651 1737 3706 ita
1792 3653 2059 3719 transige-

480 3737 633 3797 bant.
664 3737 857 3801 Philon
881 3756 1013 3800 sane
1042 3743 1096 3796 in
1124 3742 1272 3800 libro
1301 3758 1464 3815 quem
1488 3743 1564 3799 De
1586 3743 1704 3799 Vita
1730 3742 2059 3815 contempla.

481 3833 609 3898 tiva,
663 3834 781 3887 sive
838 3832 1168 3906 supplicumf,
1229 3835 1550 3907 inscripsit,
1595 3837 1877 3893 memoriae
1944 3837 2061 3891 haec

2163 1994 2404 2063 ἡμέραις
2450 1993 2547 2046 καὶ
2592 1996 2888 2063 χαμευνεῖν
2939 1992 3248 2062 αἱροῦνται.
3285 1993 3362 2045 Τὸ
3393 1992 3441 2046 δ’
3489 1991 3621 2062 δψον
3649 1989 3744 2043 αὖ·

2160 2087 2275 2147 τοῖς
2320 2084 2487 2156 ἄρτος
2536 2086 2630 2138 καὶ
2668 2083 2797 2148 ἅλες
2834 2083 2945 2139 εἰσὶ
2993 2085 3090 2138 καὶ
3133 2084 3413 2150 ὒσσωπον,
3450 2087 3546 2139 καὶ
3602 2082 3741 2156 ὕδωρ

2163 2154 2549 2229 matram
2594 2175 2642 2230 6'
2686 2178 2855 2244 ἐγγὺς
2892 2177 2985 2229 καὶ
3033 2179 3305 2244 γυναῖκας
3336 2178 3636 2247 γηραλέας,
3671 2154 3740 2227 δι’

2160 2269 2341 2336 ἔρωτα
2378 2268 2701 2338 φιλοσοφίας
2726 2270 2818 2321 τὸν
2845 2270 2959 2321 ίσον
2987 2268 3193 2340 δρόμον
3220 2270 3560 2340 αίρουμένας
3589 2266 3738 2338 βιοῦν

2162 2378 2298 2430 φησι
2323 2377 2335 2391 '
2371 2361 2451 2414 διὸ
2490 2361 2584 2414 καὶ
2616 2360 2812 2431 γνώμῃ
2852 2360 3088 2430 ἑκουσίῳ
3126 2361 3227 2430 τὴν
3257 2361 3508 2430 ἀγαμίαν
3543 2357 3742 2413 ἀσκοῦ..

2163 2470 2278 2515 σαι,
2304 2453 2394 2504 τὸν
2430 2451 2547 2522 βίον
2578 2452 2975 2521 παρέλκουσιν.
3020 2453 3078 2504 '0
3109 2452 3209 2520 μὲν
3232 2452 3301 2521 δὴ
3319 2452 3497 2507 Φίλων
3518 2449 3738 2506 τοιαῦτα

2162 2546 2395 2616 ἱστορῶν
2442 2545 2500 2597 ὲν
2549 2543 2697 2614 λόγῳ
2728 2542 2787 2595 ὃν
2818 2541 2959 2611 Περὶ
2993 2543 3140 2607 ,βίου
3172 2540 3541 2611 θεωρητικοῦ
3572 2541 3604 2612 ἦ
3635 2543 3744 2595 ίκε-

2161 2635 2280 2691 τῶν
2309 2636 2630 2706 ἐπιγράφει,
2664 2635 2808 2690 ἔοικε
2859 2635 2987 2700 τοὺς
3025 2633 3086 2701 ἐξ
3124 2634 3397 2706 Ἐϐραίων
3428 2637 3556 2706 ἄρτι
3597 2632 3743 2700 πρὼ-

2158 2746 2266 2790 τως
2320 2725 2821 2796 Χριστιανίσαντας
2882 2726 3228 2791 ὑποφαίνειν,
3298 2725 3739 2793 Ἰουδαὶκώτερον

2158 2815 2240 2870 ἔτι
2290 2816 2696 2886 διακειμένους,
2740 2815 2835 2868 καὶ
2884 2816 2952 2868 τὰ
2989 2815 3214 2869 ἐκείνων
3263 2813 3370 2885 ἤθη
3414 2812 3737 2885 τηροῦντας.

2172 2912 2259 2964 Ἐν
2288 2911 2433 2981 ἄλλῳ
2472 2909 2583 2982 γὰρ
2623 2908 2768 2962 ἔθνει
2811 2907 3071 2979 τοιαύτην
3106 2907 3225 2978 βίου
3275 2910 3561 2979 διαγωγὴν
3609 2906 3742 2975 πλὴν

2159 3004 2321 3072 ἡμῶν
2360 3005 2460 3056 οὐκ
2509 3002 2658 3055 ἐστιν
2694 3002 2898 3071 εὑρεῖν,
2931 3001 3037 3067 Καί
3073 3018 3137 3070 γε
3185 3001 3485 3071 συμϐάλλω
3515 3001 3575 3065 ἐξ
3603 3000 3742 3052 ὲκείο

2160 3113 2264 3150 νων
2295 3096 2354 3146 ὲν
2380 3093 2643 3162 Αἰγύπτῳ
2680 3092 2831 3162 τήνδ’
2884 3092 3136 3158 ἀκμάσαι
3161 3092 3260 3162 τὴν
3295 3091 3599 3144 πολιτείαν.
3624 3089 3743 3144 Εἰσὶ

2159 3186 2214 3239 δὲ
2247 3187 2301 3239 οῖ
2324 3202 2458 3256 φασι
2491 3186 2589 3239 καὶ
2619 3186 2749 3249 τοὺς
2797 3185 2942 3238 κατά
2987 3186 3183 3253 καιρὸν
3227 3184 3509 3254 διωγμοὺς
3541 3182 3741 3250 ταύτην

2166 3280 2449 3352 σχεδιάσαι
2480 3274 2712 3350 πρώτως
2742 3276 2843 3347 τὴν
2875 3276 3103 3346 ἀγωγήν
3127 3290 3140 3305 ·
3174 3275 3272 3345 τῆς
3306 3275 3417 3346 γὰρ
3452 3274 3742 3345 θρησκείας

2164 3371 2721 3441 ἐκπεπολεμωμένης,
2781 3366 3081 3436 φεύγοντες
3130 3367 3320 3437 ὄρεσιν
3366 3368 3597 3438 ἀγρίοις
3650 3365 3743 3417 καὶ

2161 3468 2364 3528 νάπαις
2392 3465 2505 3517 τισὶ
2537 3462 2840 3534 διῃτῶντοέ
2882 3453 2965 3521 οἷς
2996 3458 3071 3529 μὴ
3097 3459 3301 3512 ἁλῶναι
3347 3461 3475 3523 ταῖς
3512 3457 3739 3517 πλάναις

2161 3558 2250 3611 διὰ
2301 3555 2544 3624 σπουδῆς
2580 3553 2886 3608 ἐποιοῦντο.
2926 3550 3149 3613 Ἐθάδες
3199 3550 3258 3603 δὲ
3298 3550 3396 3604 τοῦ
3433 3551 3556 3621 βίου
3590 3546 3741 3616 γενό-

2166 3665 2341 3717 μενοι,
2388 3645 2532 3698 κατὰ
2583 3643 2782 3714 μικρὸν
2834 3641 3239 3711 ἀποπληρῶσαι
3298 3643 3365 3712 τῇ
3416 3640 3604 3713 διαίτῃ
3654 3637 3742 3690 τὸν

2164 3742 2299 3811 βίον,
2342 3741 2421 3801 είς
2466 3738 2613 3809 μέγα
2663 3735 2712 3789 τ’
2762 3734 3067 3799 ἐπιδοῦναι,
3120 3732 3330 3791 πολλῶν
3385 3736 3534 3789 κατὰ
3584 3730 3741 3799 ζῆλον

2163 3835 2364 3887 ὑποδυο
2371 3833 2550 3904 μένων
2582 3830 2682 3900 τὴν
2720 3829 3022 3883 πολιτείαν.

485 3928 789 3984 mandavit.
830 3930 1056 3985 Videtur
1100 3943 1285 3988 autem
1371 3949 1468 3989 eos
1540 3932 1874 4003 signiﬁcare,
1924 3934 2019 4004 qui
2061 3949 2127 3990 ex
2169 3929 2413 3987 Hebraeis
2476 3939 2592 3983 tum
2658 3942 2840 3998 nuper
2890 3925 3184 3980 admodum
3253 3922 3740 4004 Christianismum

482 4026 847 4093 susceperint,
879 4026 1125 4083 Judaicis
1163 4027 1345 4082 adhuc
1379 4027 1737 4097 Opinionibus
1762 4026 2049 4097 praeditos.
2093 4040 2384 4095 moresque
2461 4036 2656 4079 eorum
2704 4029 3010 4075 servantes.
3059 4017 3116 4071 In
3155 4016 3304 4071 nulla
3347 4017 3500 4070 enim
3583 4003 3740 4082 gente

480 4117 609 4184 alia,
643 4130 1011 4190 prteterquam
1062 4120 1206 4189 apud
1254 4134 1377 4183 nos,
1429 4120 1537 4173 tale
1607 4120 1732 4173 vita:
1804 4118 2120 4175 institutum
2165 4118 2507 4172 inveniatur.
2555 4114 2827 4183 Equidem
2878 4110 2947 4165 ab
2994 4109 3103 4163 illis
3138 4108 3412 4177 (Egyptiis
3461 4115 3741 4170 tantopch

484 4214 589 4275 hoc
627 4211 849 4269 viVendi
894 4228 1069 4281 genus
1108 4212 1407 4266 invaluisse
1452 4210 1708 4279 coniicio.
1746 4209 1886 4265 Sunt
1915 4224 2047 4265 vero
2086 4210 2180 4279 qui
2250 4209 2465 4273 dicunt,
2538 4203 2991 4276 persecutionum
3036 4211 3284 4269 tempora
3319 4200 3447 4253 huic
3490 4199 3742 4252 illstlllllt)

478 4307 778 4375 derepente
827 4304 1064 4374 primum
1100 4318 1321 4365 causam
1360 4302 1679 4374 praebuisse.
1711 4300 1849 4357 Cum
1895 4302 2045 4357 enim
2087 4316 2116 4354 a
2185 4300 2431 4371 tyrannis
2500 4297 2692 4363 religio
2747 4295 3139 4364 exagitaretur,
3177 4294 3271 4363 qui
3322 4289 3426 4343 sibi
3457 4291 3583 4359 fuga
3612 4299 3742 4339 cnu-

479 4403 763 4464 sulebant,
796 4400 852 4465 in
900 4399 1183 4454 montibus
1217 4396 1442 4452 incultis
1506 4407 1564 4453 et
1599 4396 1833 4453 saltibus
1902 4393 2237 4467 quibusdam
2307 4391 2697 4449 versabantur,
2746 4388 2802 4442 in
2854 4387 3055 4456 quibus
3088 4401 3155 4440 ne
3198 4382 3534 4453 deprehensi
3582 4394 3713 4446 cape

478 4506 691 4558 rentur,
746 4495 813 4550 de
870 4492 1145 4549 industria
1184 4488 1484 4547 errabundi
1538 4489 1699 4545 sedes
1743 4490 2050 4544 mutabant.
2095 4485 2158 4540 Et
2203 4500 2326 4539 cum
2412 4483 2464 4537 ei
2515 4481 2641 4535 vitae
2674 4478 3071 4539 assuevissent,
3119 4475 3385 4545 paulatim
3478 4473 3739 4537 deinceps

480 4593 795 4647 institutum
841 4588 893 4641 id
935 4588 1001 4641 ad
1035 4594 1268 4640 mortem
1347 4598 1519 4652 usque
1597 4583 1980 4654 producebant
2026 4591 2130 4634 :et
2169 4580 2234 4634 ad
2285 4593 2480 4648 magna
2532 4577 2895 4635 incrementa,
2937 4570 3127 4625 multis
3175 4584 3273 4640 per
3308 4566 3739 4622 aemulationem:

480 4686 957 4745 tottt'ctzsaziouetu
983 4676 1146 4740 talem
1174 4691 1228 4738 ct
1261 4682 1849 4745 vitamsubeuntibus,
1885 4679 2357 4740 transmittebant.

983 4820 1147 4893 322
1174 4819 1402 4876 CAPUT
1442 4819 1531 4874 XL

479 4942 553 4999 De
600 4944 706 4996 vita
738 4950 787 4993 et
838 4938 1080 4997 instituto
1125 4937 1410 4992 clarissimi
1439 4939 1579 4991 inter
1615 4938 1894 4990 manachos
1944 4937 2056 4992 An-

550 5014 685 5065 tonii
727 5010 931 5081 Magni,
989 5016 1037 5061 et
1088 5010 1436 5063 sectatoribus
1476 5010 1590 5077 ejus
1621 5022 1638 5060 .'
1671 5018 1722 5060 ct
1769 5008 1832 5060 de
1888 5008 2058 5062 Paulo

550 5082 809 5152 Simplici.

553 5194 811 5250 Sedenim
864 5193 983 5248 sive
1031 5190 1293 5263 Egyptii,
1346 5206 1441 5246 seu
1494 5192 1707 5261 priores
1759 5192 1879 5252 illi,
1919 5205 2058 5258 quos

484 5291 745 5354 diximus,
783 5295 879 5342 aut
922 5285 1088 5342 etiam
1130 5285 1219 5338 alii
1250 5282 1569 5359 quicunque
1622 5281 1859 5338 instituti
1894 5283 2059 5351 hujus

481 5395 742 5437 auctores
812 5379 1010 5445 fuere,
1076 5385 1131 5433 et
1201 5376 1471 5447 ejusmodi
1541 5374 1894 5449 philosophia
1963 5373 2055 5426 alii

480 5476 735 5545 praeiere,
773 5472 906 5526 illud
940 5470 1163 5542 quidem
1204 5480 1352 5525 certe
1395 5484 1555 5524 nemo
1597 5484 1704 5523 non
1738 5469 2054 5529 conlitetur,

482 5568 548 5621 ad
582 5581 883 5629 summum,
916 5574 969 5619 et
996 5562 1245 5618 moribus
1275 5562 1429 5631 ipsis,
1460 5570 1517 5616 et
1548 5570 1803 5617 accurata
1835 5559 2056 5613 vivendi

481 5661 717 5723 ratione,
742 5659 1050 5713 institutum
1080 5658 1202 5723 hoc,
1229 5655 1298 5709 ita
1330 5665 1389 5709 ut
1419 5655 1608 5725 opinio
1636 5654 2055 5718 obtinet,exer-

480 5751 663 5805 ruisse
713 5751 983 5805 celebrem
1041 5750 1194 5803 illutn
1260 5758 1315 5804 et
1368 5761 1625 5816 magnum
1681 5742 1981 5800 Antonium
2040 5764 2051 5797 :

464 5862 642 5917 quem
688 5855 801 5899 tum
839 5845 888 5897 in
922 5841 1136 5915 .IEgjpti
1180 5842 1462 5897 montibus
1504 5840 1796 5904 viventem,
1834 5850 2057 5908 propter

2767 4810 3016 4864 ΚΕΦΔΛ.
3054 4810 3141 4863 Μ’.

2157 4932 2301 5001 Περὶ
2327 4932 2472 5002 ,ϐίου
2502 4928 2598 4982 καὶ
2625 4925 2997 5002 ἀγωγῆςλτοῦ
3042 4920 3398 5002 πείριϐοήτοιυ
3450 4922 3523 5002 έν
3552 4922 3739 5002 ἀφίης

2233 4994 2355 5065 ταῖς
2410 5000 2732 5053 Ἀντωνίου
2791 4996 2895 5048 τοῦ
2923 4995 3215 5065 μεγάλου,
3271 4994 3369 5065 καὶ
3404 4994 3523 5045 τῶν
3552 4994 3738 5044 αὐτοί·

2229 5063 2543 5142 μαθητῶν,
2580 5069 2673 5122 καὶ
2706 5069 2953 5120 Παύλου
2982 5063 3087 5117 τοῦ
3124 5063 3365 5117 Ἀπλοῦ.

2232 5189 2346 5244 Εῐτ’
2383 5184 2476 5242 οὖν
2505 5184 2814 5253 Αἰγύπτιοι,
2848 5181 2960 5236 εἴθ’
2993 5181 3043 5232 oi
3072 5180 3342 5249 πρότερον
3368 5176 3676 5248 εἰρημένοι,
3706 5172 3736 5243 ἦ

2161 5280 2402 5353 ὀποιοιδή
2426 5296 2566 5342 τινες
2621 5279 2714 5333 τοῦ
2745 5276 2988 5329 τοιούτου
3027 5272 3142 5343 βίου
3186 5269 3485 5341 κατῆρξαν,
3523 5269 3618 5321 καὶ
3640 5271 3736 5334 τῆς

2157 5375 2415 5444 τοιαύτης
2472 5370 2795 5440 φιλοσοφίας
2856 5366 3229 5437 προῦστησαν,
3296 5362 3453 5416 τοῦτό
3516 5378 3581 5429 γε
3631 5360 3737 5428 μὴν

2161 5468 2329 5521 πᾶσιν
2365 5461 2805 5532 ἀνωμολόγηται,
2844 5457 2918 5522 ὡς
2951 5458 3029 5519 εἰς
3063 5456 3233 5523 ἄκρον
3270 5452 3328 5508 ἐν
3362 5464 3420 5505 τε
3455 5452 3615 5522 ἤθεσι
3646 5452 3737 5500 καὶ

2158 5560 2383 5631 ἀκριϐεῖ
2429 5556 2679 5624 πολιτείᾳ
2726 5552 2823 5623 τὴν
2871 5550 3134 5619 τοιαύτην
3173 5548 3388 5605 δίαιταν
3430 5544 3735 5611 ὲξασκῆσαι

2158 5654 2319 5720 λόγος
2364 5650 2477 5720 ἔχει
2510 5648 2602 5700 τὸν
2633 5646 2796 5699 πολὺν
2823 5646 3031 5696 ἐκεῖνον
3056 5642 3152 5696 καὶ
3187 5642 3366 5710 μέγαν
3413 5636 3699 5693 Ἀντώνιον
3722 5648 3734 5662 ·

2158 5747 2218 5799 ὃν
2249 5744 2551 5816 τηνικαῦτα
2588 5744 2697 5803 τοῖς
2732 5739 2854 5792 κατ’
2882 5739 3158 5803 Αἴγυπτον
3189 5734 3339 5807 ὄρεσι
3387 5729 3734 5798 διατρίϐοντα

2158 5838 2245 5890 διὰ
2291 5837 2350 5888 τὸ
2396 5838 2493 5905 τῆς
2554 5834 2755 5905 aperis;
2790 5830 2999 5901 περιὸν,
3037 5831 3261 5898 γιήσιον
3300 5828 3534 5877 ἐποιεῖτο
3586 5819 3735 5890 φίλων
