4118 6468
282 422 375 485 153

1200 417 1807 479 ECCLESIASTICJS
1848 417 2241 478 IIISTORI.E
2272 417 2422 476 LIB.
2455 416 2625 477 Vlll.

3450 405 3551 470 ibi

281 535 684 594 Κωνσταντίνος
736 533 763 585 ὀ
812 532 1137 605 περόὸπτος
1190 531 1479 603 βασιλεύς·
1548 532 1723 601 τιμῶν
1787 548 1847 584 τε

1974 533 2180 587 rirtutis
2210 532 2608 602 praestantiam.
2642 544 2962 598 germanum
2999 526 3104 581 sibi
3134 524 3371 579 amicum
3423 522 3546 577 l‘eci'

282 629 501 689 πυκνοῖς
528 628 848 698 γράμμασι,
887 628 1016 696 περὶ
1038 620 1114 680 ὧν
1136 627 1376 695 αἱρεῖται
1406 624 1641 694 γράφειν
1673 622 1857 694 ἠρέθι-

282 718 393 782 ζεν.
450 713 558 770 Ἦν
585 717 642 770 δὲ
695 709 851 779 οὗτος
879 715 959 785 τῷ
990 716 1137 781 γένει
1194 714 1518 781 Αἰγύπτιος,
1564 711 1629 764 τὰ
1664 712 1858 781 πρῶτα

280 812 381 878 τῆς
406 810 664 881 πατρίδος
702 809 1031 879 φερόμενος,
1060 807 1172 861 ἀπὸ
1209 806 1405 876 κώμης
1447 805 1594 858 οὕτω
1625 803 1860 870 λεγομέ-

280 917 379 970 νης
407 901 566 970 Κομᾶ
597 917 612 931 ο
654 901 855 969 ὅμορος
906 898 953 953 δ’
1015 900 1155 969 αὓτη
1222 898 1524 967 Ἡρακλείᾳ
1570 894 1680 948 τῶν
1731 894 1860 963 παρ’

285 994 598 1060 Αἰγυπτίοις
646 991 948 1061 Ἀρκάδων.
995 990 1085 1043 Ἐν
1118 989 1215 1060 νέᾳ
1252 989 1310 1043 δὲ
1356 987 1546 1056 ἡλικίᾳ
1603 983 1861 1037 καταλει-

285 1084 437 1149 φθεὶς
463 1083 717 1153 ὀρφανὸς,
756 1084 871 1135 ὅσοι
903 1082 1004 1149 μὲν
1034 1080 1186 1150 αύτῴ
1225 1078 1512 1149 προσῆσαν
1542 1078 1725 1145 ἀγροὶ,
1748 1079 1862 1136 τοῖς

288 1175 646 1245 συγχωρίταις
672 1175 820 1228 εῐασε
845 1216 860 1241 ,
896 1178 996 1243 τὴν
1051 1173 1109 1226 δὲ
1162 1173 1356 1241 λοιπὴν
1390 1170 1716 1241 περιουσίαν
1746 1171 1857 1220 τοῖ.

288 1267 558 1336 δεομένοις
607 1266 872 1319 ἀπέδοτο·
903 1267 1016 1319 δεῖν
1059 1265 1169 1336 γὰρ
1221 1263 1360 1335 ᾦετο
1398 1265 1491 1315 τὸν
1545 1262 1861 1330 φιλοσοφεῖν

294 1360 583 1410 σπεύδοντα
617 1360 691 1429 μὴ
720 1360 882 1429 μόνον
916 1360 1138 1427 ἀφιέναι
1171 1359 1239 1412 τὰ
1266 1358 1373 1426 χρὴ
1385 1373 1554 1425 ματα,
1586 1353 1722 1408 ἀλλὰ
1765 1354 1861 1404 καὶ

292 1449 671 1516 προσηκόντως
711 1449 1135 1502 καταναλίσκειν
1175 1449 1289 1509 τοῖς
1324 1444 1614 1517 χρῄζουσι.
1652 1444 1764 1496 Καὶ
1795 1440 1862 1511 δὴ

288 1539 399 1599 τοῖς
444 1536 694 1605 τηνικάδε
750 1538 880 1606 περὶ
907 1537 979 1589 τὰ
1012 1536 1154 1589 καλὰ
1184 1535 1381 1606 σχολὴν
1414 1533 1634 1604 ἔχουσιν
1669 1529 1861 1584 ἑαυτὸν

290 1629 582 1699 συμμίξας,
613 1627 684 1680 τὰ
713 1629 984 1698 κράτιστα
1029 1627 1141 1680 τῶν
1181 1625 1324 1679 ὅλων
1355 1624 1656 1693 ἐζήλωσεν.
1691 1616 1861 1681 meo;

288 1737 351 1789 γε
406 1721 512 1792 μὴν
564 1720 659 1774 τδν
703 1720 1072 1791 ἇριστονβίον
1104 1722 1169 1791 τῇ
1204 1716 1466 1789 συνηθείᾳ
1500 1716 1633 1787 ἡδὺν
1667 1715 1862 1783 ἐσόμε-

290 1832 397 1882 νον,
442 1817 491 1867 εῑ
543 1816 637 1868 καὶ
686 1814 924 1885 χαλεπός
968 1832 1054 1878 τις
1093 1815 1180 1884 εἴη
1222 1812 1510 1882 ταπρῶτα,
1537 1809 1636 1872 τὰς
1673 1813 1863 1876 συντίο

298 1925 424 1978 μους
444 1907 644 1977 μᾶλλον
671 1883 763 1962 un
783 1906 998 1971 τελείας
1027 1906 1135 1959 τῶν
1165 1883 1381 1975 αρετῶν
1407 1904 1502 1955 ἐπε
1514 1900 1729 1970 μέλετο.
1754 1898 1863 1950 Καὶ
1898 1883 1936 1936 Β

298 2002 411 2055 καθ’
436 2002 677 2072 ἑκάστην
709 2001 913 2054 ὡσανεὶ
969 1998 1145 2070 ἀρχὴν
1206 1996 1521 2068 βαλόμενος,
1564 1991 1866 2061 ἐπιμᾶλλον

292 2097 352 2161 τῇ
393 2093 621 2146 καθόλου
675 2092 973 2163 ἐγκρατείᾳ
1034 2089 1274 2161 ἐχώρει,
1333 2088 1542 2156 νεαράν
1595 2101 1718 2138 τινα
1769 2083 1867 2135 καὶ

293 2186 646 2253 ἀκμάζουσαν
700 2186 981 2256 ὁσημέραι
1048 2182 1364 2253 προθυμίαν
1409 2177 1765 2250 αὐχῶν.ιΚαί
1801 2193 1864 2244 γε

293 2278 389 2340 τὰς
439 2278 538 2346 μὲν
584 2276 683 2330 τοῦ
713 2276 968 2347 σώματος
1003 2276 1203 2347 ἡδονὰς
1234 2274 1538 2329 ὲκολάσατο
1579 2273 1701 2333 ταῖς
1736 2272 1866 2339 περὶ

289 2369 425 2422 αύτὺ
470 2370 752 2439 ἑπιμόνοις
797 2367 1196 2437 ταλαιπωρίαις
1223 2383 1238 2397 ⁸
1291 2366 1391 2429 τὰς
1444 2365 1503 2418 δὲ
1534 2364 1654 2432 ’τῆς
1686 2361 1864 2431 ψυχῆς

290 2462 560 2524 ἀτάκτους
606 2461 784 2531 ὁρμὰς
836 2459 1157 2513 κατέστειλε
1186 2457 1264 2529 τῷ
1294 2457 1563 2525 ἀνενδότῳ
1597 2455 1696 2526 τῆς
1735 2471 1866 2523 προ-

289 2557 575 2620 αιρέσεως.
596 2552 781 2618 Ἀπαξ
811 2553 858 2604 δ’
885 2554 1121 2605 ἐσιτεῖτο
1149 2551 1373 2621 ἡμέρας
1398 2549 1552 2618 ἡλίου
1579 2549 1826 2608 δύνοντοέ
1849 2562 1864 2576 ·

294 2646 552 2707 πολλάκις
581 2646 639 2698 δὲ
669 2646 760 2698 καὶ
806 2647 864 2709 ἐς
912 2645 1009 2700 δύο
1053 2645 1151 2698 καὶ
1177 2648 1326 2713 τρεῖς
1365 2645 1580 2712 ἡμέρας
1606 2642 1868 2703 ἀπόσιτννς

291 2736 501 2806 ἔμενεν.
545 2737 607 2790 Ἠ
642 2738 698 2790 δὲ
726 2742 899 2809 τροφὴ
931 2739 1093 2811 ἄρτος
1123 2735 1191 2809 ἦν
1218 2780 1234 2803 ,
1267 2739 1366 2791 καὶ
1399 2734 1606 2790 ἁπλοῦν
1650 2732 1781 2802 ὕψον
1816 2734 1865 2784 οἱ

290 2829 418 2891 ἅλες
443 2846 458 2861 ’
514 2831 575 2882 τὺ
607 2829 855 2884 δὲοποτὺν
913 2832 940 2883 ό
999 2831 1339 2902 παραρρέων
1376 2828 1527 2897 αὐτῷ
1563 2825 1867 2897 χείμαρρος

290 2918 572 2989 ἐχορήγει.
607 2920 941 2994 memon;
1000 2919 1047 2972 δ’
1078 2917 1382 2989 ἀγρυπνῶν
1423 2916 1499 2979 ὼς
1553 2917 1732 2969 εἰπεῖν
1780 2916 1868 2965 ἀεὶ

291 3009 391 3079 τῆς
415 3008 631 3075 νυκτὸς,
666 3009 763 3063 καί
784 3027 839 3062 τι
870 3011 969 3080 τῆς
1000 3011 1218 3080 ἡμέρας
1261 3009 1428 3078 μέρος
1446 3006 1718 3077 ἐλάμϐανε
1748 3006 1868 3065 ταῖς

292 3102 503 3171 εὐχαῖς.
533 3103 594 3156 Ei
626 3103 682 3155 δέ
711 3120 816 3155 που
861 3104 960 3155 καὶ
995 3103 1163 3167 ὕπνος
1204 3098 1508 3173 παρώδευε,
1546 3100 1754 3169 βραχύς
1784 3115 1867 3160 τις

1964 622 2313 677 clarissimus
2359 623 2659 690 imperator
2690 618 3114 678 Constantinus,
3165 613 3549 684 frequentibus

1964 716 2030 768 ad
2066 730 2193 769 eum
2225 714 2368 768 datis
2414 714 2618 767 litteris
2654 712 2933 765 hominem
2969 710 3269 769 bonorans,
3303 714 3357 759 et
3393 715 3454 758 ut
3490 704 3560 756 de

1963 805 2167 874 quibus
2216 805 2380 857 rebus
2424 803 2589 855 vellet
2635 802 2737 871 (1),
2772 801 2838 854 ad
2895 816 2954 853 se
2997 798 3290 860 scriberet,
3337 809 3554 864 rogans.

1969 898 2093 952 Fuit
2115 908 2299 950 autem
2332 894 2379 949 is
2398 910 2600 964 genere
2629 893 2924 963 [Egyptius
2949 890 3051 960 (ἓ),
3077 890 3284 960 primas
3310 887 3361 938 in
3385 895 3491 954 patr
3510 885 3557 935 ia

1963 1004 2061 1044 sua
2093 998 2277 1058 partes
2327 987 2534 1049 ferens,
2576 988 2630 1039 in
2681 986 2803 1040 vico
2849 985 2936 1039 cui
2985 997 3184 1036 nomen
3230 985 3352 1034 erat
3386 974 3551 1030 Coma

1965 1091 2146 1142 ortus,
2177 1079 2271 1150 qui
2312 1079 2583 1133 ﬁnitimus
2630 1089 2717 1133 est
2766 1074 3042 1131 Arcadum
3093 1072 3193 1142 (ὅ),
3242 1086 3366 1139 que
3412 1067 3555 1136 apul

1961 1171 2248 1243 Λίδη)ιίοε
2289 1179 2373 1226 est
2422 1170 2722 1224 Heracleae.
2771 1167 2828 1221 In
2873 1164 3104 1235 juvenili
3152 1170 3337 1217 autem
3393 1167 3554 1213 aetate

1964 1268 2193 1322 relictus
2224 1282 2252 1319 a
2299 1264 2626 1335 parentibus
2670 1262 2981 1330 orphanus.
3035 1253 3308 1326 quidquid
3357 1251 3410 1306 ei
3455 1247 3562 1301 fuit

1962 1362 2099 1430 agri,
2134 1358 2240 1412 loci
2280 1358 2405 1429 ejus
2441 1356 2640 1410 incolis
2688 1352 2937 1412 donavit,
2986 1348 3254 1417 reliquam
3290 1343 3556 1398 substan—

1967 1452 2098 1504 tiam
2132 1449 2432 1520 egentibus
2479 1443 2789 1501 distribuit.
2836 1441 2911 1495 lta
2944 1440 3091 1493 enim
3136 1437 3334 1491 decere
3363 1430 3557 1488 existi—

1967 1542 2156 1607 mavit,
2192 1549 2251 1595 ut
2272 1539 2368 1610 qui
2399 1536 2776 1608 philosophari
2799 1531 3214 1595 constituisset,
3239 1542 3349 1581 non
3383 1524 3561 1578 solum

1967 1635 2236 1703 pec-Imias
2271 1632 2634 1701 relinqueret,
2670 1627 2766 1684 sed
2798 1629 2964 1681 etiam
3010 1638 3114 1695 pro
3158 1635 3226 1675 eo
3267 1628 3433 1688 atque
3464 1615 3563 1668 de~

1967 1738 2138 1790 ceret,
2170 1726 2435 1795 inopibus
2466 1739 2560 1779 eas
2599 1723 2962 1792 expenderet.
3011 1717 3156 1771 Sane
3199 1711 3422 1784 quidem
3465 1708 3557 1776 qui

1969 1830 2084 1874 tum
2114 1818 2281 1874 rebus
2300 1816 2549 1887 pulchris
2566 1827 2846 1877 vacarent,
2866 1812 2947 1868 eis
2972 1826 3030 1866 se
3053 1807 3416 1877 coniungens,
3437 1816 3562 1872 quae

1970 1913 2024 1966 in
2064 1924 2404 1977 unoquoque
2428 1921 2621 1961 eorum
2646 1903 3102 1976 praestantissima
3131 1905 3345 1962 essent,
3376 1909 3441 1950 ea
3476 1900 3565 1945 est

1968 2001 2286 2058 aemulatus.
2316 1998 2473 2066 Quod
2503 2011 2745 2066 namque
2781 1996 2948 2050 sciret
2976 1993 3242 2063 optimam
3279 2000 3561 2057 quamque

1969 2098 2140 2149 vitam
2172 2090 2580 2147 consuetudine
2612 2088 2833 2143 dulcem
2858 2096 3181 2156 gratamque
3206 2081 3348 2141 ﬁeri,
3372 2095 3561 2147 quam-

1970 2189 2053 2243 vis
2086 2187 2271 2257 gravis
2302 2187 2544 2257 primum
2578 2183 2651 2236 sit
2683 2189 2741 2236 et
2772 2179 3026 2241 molesta,
3066 2177 3122 2229 in
3150 2171 3563 2241 compendiosis

1969 2280 2348 2351 perfectisque
2381 2294 2442 2333 se
2468 2276 2644 2346 magis
2668 2272 2916 2328 exercuit
2942 2267 3263 2324 virtutibus.
3289 2264 3357 2318 Et
3382 2262 3563 2332 quoti—

1968 2374 2059 2427 die
2103 2372 2262 2442 quasi
2314 2367 2595 2441 principio
2620 2367 2787 2438 iacto,
2817 2362 2993 2431 magis
3026 2366 3090 2414 a'c
3137 2358 3312 2427 magis
3355 2354 3411 2408 in
3445 2353 3567 2407 uni-

1969 2480 2128 2522 versa
2151 2463 2320 2518 animi
2348 2461 2734 2517 moderatione
2762 2456 3112 2530 proﬁciebat,
3145 2467 3343 2507 novam
3372 2464 3565 2518 quam~

1970 2558 2096 2612 dam
2130 2566 2188 2611 et
2218 2558 2498 2626 vigentem
2532 2553 2715 2608 indies
2747 2566 2858 2622 pra:
2887 2566 2945 2604 se
2974 2549 3163 2603 ferens
3197 2545 3563 2606 alacritatem.

1972 2651 2036 2704 Et
2064 2649 2317 2718 corporis
2359 2647 2586 2718 quidem
2615 2644 2937 2714 voluptates
2980 2637 3244 2695 aerumnis
3273 2635 3392 2706 ejus
3423 2634 3567 2705 jugi-

1971 2743 2075 2796 bus
2113 2742 2442 2811 suppressit,
2478 2740 2679 2793 animae
2720 2744 2903 2790 autem
2951 2732 3300 2788 inordinatos
3328 2727 3567 2794 impetus

1973 2835 2273 2906 pertinacia
2320 2833 2589 2904 propositi
2637 2830 2723 2886 sui
2767 2827 3123 2884 constrinxit.
3156 2822 3339 2878 Semel
3382 2830 3566 2875 autem

1973 2926 2221 2981 interdiu
2249 2935 2375 2997 post
2410 2940 2669 2981 occasum
2708 2923 2882 2979 solem
2917 2919 3105 2974 cibum
3143 2913 3407 2984 sumpsit.
3440 2911 3570 2965 Per-

1971 3034 2117 3090 sa’pe
2168 3034 2302 3074 vero
2351 3018 2584 3074 biduum
2632 3023 2832 3077 totum,
2881 3011 3217 3085 quandoque
3260 3007 3431 3061 etiam
3469 3005 3568 3056 tri-

1974 3111 2170 3172 duum,
2229 3124 2389 3164 escas
2442 3124 2554 3161 non
2607 3107 2810 3174 attigit.
2873 3103 3045 3158 Cibus
3102 3098 3154 3153 ei
3211 3105 3333 3152 crat
3386 3096 3566 3165 panis,

296 3196 447 3265 μάλα
472 3197 706 3266 προσῆν.
736 3196 930 3266 Χοιμαὶ
961 3196 1004 3249 δ’
1034 3198 1128 3249 ἐπὶ
1150 3196 1309 3264 ψιλοῦ
1336 3196 1593 3265 κείμενος
1624 3193 1718 3245 τοῦ
1754 3191 1870 3244 ιδε-

1974 3201 2270 3256 obsonium
2301 3199 2533 3269 simplex
2571 3198 2673 3260 sal,
2706 3206 2896 3266 potum
2935 3190 3318 3263 praeterﬂuens
3350 3197 3570 3241 torrens

296 3304 430 3354 φους
480 3288 549 3341 τὰ
605 3286 773 3340 πολλὰ
825 3288 1072 3341 διετέλει.
1109 3287 1438 3341 Παντάπασι
1487 3284 1533 3337 δ’
1584 3283 1867 3337 ἀπείπατο

297 3379 477 3432 ελαίου
530 3393 591 3430 τε
636 3378 820 3448 κρίσιν
854 3377 949 3430 καὶ
996 3378 1240 3450 λούτρων
1281 3377 1503 3448 χρείαν,
1557 3374 1715 3437 εἰδὼς
1767 3373 1871 3442 τὴν

300 3471 549 3525 σύντονον
573 3472 687 3539 ἕξιν
718 3472 813 3525 τοῦ
872 3470 1126 3541 σώματος
1161 3471 1346 3542 ἠρέμα
1394 3470 1530 3541 πρδς
1566 3468 1626 3522 τὸ
1650 3469 1870 3537 ἀνειμέ-

300 3580 389 3617 νον
420 3564 517 3616 xui.
554 3562 752 3633 χαῦνον
798 3566 915 3627 τοῖς
970 3566 1161 3630 ὑγροῖς
1192 3563 1594 3635 στρεφομένην.
1630 3561 1873 3613 Ἥκιῖτα

301 3655 358 3708 δέ
383 3671 517 3722 φασι
547 3656 639 3707 καὶ.
665 3655 876 3724 γυμνὸν
905 3656 1073 3709 αὐτὸν
1097 3654 1335 3725 ὀφθῆναί
1364 3669 1521 3717 ποτε.
1564 3654 1599 3705 Γ
1605 3652 1871 3723 ράμματα

299 3748 359 3801 δὲ
395 3750 470 3817 μὴ
504 3747 713 3815 μαθὼν,
754 3749 879 3802 οὐδὲ
909 3748 1002 3802 τὸν
1032 3749 1214 3802 εἰδότα
1271 3746 1362 3800 διὰ
1412 3747 1697 3815 θαύματος
1733 3741 1866 3815 εῐχε.

301 3841 444 3893 Νοῦν
493 3840 539 3893 δ’
574 3840 778 3910 ἀγαθὸν
828 3841 899 3904 ὡς
969 3841 1316 3912 γραμμάτων
1367 3839 1747 3909 πρεσϐύτερον
1778 3840 1873 3890 καὶ.

301 3931 412 3983 τῶν
466 3932 720 3986 τοιούτων
791 3933 1024 4003 εὑρετὴν
1081 3932 1229 4002 μάλα
1290 3931 1515 4005 ἐπῄνειο
1572 3932 1709 3999 μηδὲ
1763 3929 1873 4001 γὰρ

303 4019 443 4076 εἶναι
494 4024 698 4076 τούτων
728 4025 996 4094 ἀνάγκην,
1025 4024 1120 4077 τοῦ
1148 4023 1242 4077 νοῦ
1276 4023 1606 4094 ἐρρωμένως
1637 4021 1875 4093 ἔχοντος.

305 4113 485 4180 ιΙρᾶος
505 4111 549 4163 δ’
566 4112 723 4182 εῐπερ
739 4129 824 4176 τις
839 4112 933 4165 καὶ
963 4113 1350 4183 φιλάνθρωπος
1373 4109 1640 4180 γεγονὼς.
1660 4110 1876 4181 χαρίεις

306 4205 540 4272 μάλιστα
566 4206 677 4267 τοῖς
695 4204 1114 4275 ἐντυγχάνουσιν
1141 4200 1234 4273 ἦν,
1249 4203 1375 4269 ὀξύς
1393 4221 1454 4256 τε
1472 4204 1568 4256 καὶ
1584 4200 1879 4269 ἅκαταγὼο

301 4314 501 4360 νιστος.
536 4297 925 4365 Διαλεγόμενος
976 4298 1021 4351 δ’
1059 4299 1385 4367 ἑπιμᾶλλον,
1419 4297 1480 4349 τὸ
1551 4296 1627 4367 μὴ
1687 4296 1880 4348 λυπεῖν

297 4391 622 4458 ιςρυλᾶττετο
645 4430 662 4455 ,
696 4391 747 4444 εἰ
783 4390 877 4444 καί
903 4408 1045 4455 τινες
1066 4391 1353 4461 ἐριστικῶς
1374 4391 1512 4453 τέως
1532 4389 1682 4459 αὐτῷ
1708 4403 1879 4460 προσ-

1979 3293 2239 3365 przebuit.
2290 3292 2392 3347 Per
2439 3301 2611 3347 totam
2652 3300 2837 3346 autem
2873 3301 3094 3357 semper
3164 3281 3569 3355 propemodum

1972 3385 2206 3455 vigilans
2239 3392 2486 3452 noctem,
2520 3385 2760 3455 aliquam
2808 3383 2975 3439 etiam
3025 3381 3135 3438 diei
3183 3393 3402 3452 partem
3445 3392 3571 3447 prc-

1973 3477 2282 3533 cationibus
2310 3478 2497 3533 dabat.
2527 3474 2699 3544 Quocl'
2720 3476 2897 3534 sicubi
2930 3494 3160 3534 somnus
3189 3477 3242 3533 ei
3274 3471 3561 3543 obrepsis-

1974 3581 2083 3634 set,
2115 3570 2301 3627 brevis
2336 3570 2384 3627 is
2423 3571 2718 3626 admodum
2766 3573 2869 3627 fuit
2904 3587 2919 3625 :
2952 3571 3106 3627 humi
3143 3586 3270 3626 vero
3315 3569 3369 3623 in
3410 3565 3569 3620 nudo

1975 3665 2093 3721 Solo
2119 3664 2421 3734 plurimum
2450 3664 2708 3720 cubabat.
2741 3665 2906 3736 623
2935 3667 2997 3721 Et
3018 3665 3243 3720 omnino
3264 3662 3374 3718 olei
3398 3659 3567 3717 simul

1977 3755 2236 3826 unguini,
2267 3764 2326 3809 et
2373 3754 2672 3811 lavationis
2711 3757 2833 3811 usui
2886 3755 3307 3811 renuntiaverat
3351 3771 3369 3808 ι
3415 3752 3569 3822 quod

1977 3848 2132 3902 illum
2189 3862 2301 3900 non
2349 3846 2572 3913 lateret,
2624 3847 2915 3904 robustum
2967 3863 3192 3919 quoque
3243 3853 3300 3902 et
3346 3846 3569 3899 ﬁrmum

1978 3940 2236 4011 corporis
2273 3940 2522 3996 habitum
2566 3940 2813 3996 humidis
2851 3940 3055 3996 sensim
3088 3939 3157 3994 ad
3195 3938 3487 3993 mollitiem
3512 3948 3571 3991 et

1980 4032 2172 4088 luxum
2224 4033 2494 4088 converti.
2542 4030 2701 4088 Haud
2754 4048 3000 4102 unquam
3049 4047 3176 4088 eum
3230 4047 3258 4086 a
3308 4031 3573 4101 quopiam

1981 4127 2194 4178 nudum
2238 4139 2360 4179 esse
2400 4125 2580 4179 visum
2625 4123 2870 4178 tradunt.
2914 4123 3138 4178 Etcum
3188 4122 3406 4177 litteras
3454 4123 3572 4190 ip:.e

1982 4230 2095 4269 non
2127 4214 2345 4277 didicit,
2395 4224 2507 4269 tum
2548 4230 2732 4285 neque
2771 4230 2962 4270 earum
3011 4215 3223 4286 peritos
3262 4213 3573 4269 admiratus

1983 4314 2089 4363 est.
2124 4306 2365 4362 Mentem
2402 4322 2536 4363 vero
2566 4308 2765 4363 bonam
2801 4318 2862 4363 ut
2890 4309 3099 4364 litteris
3127 4307 3262 4376 ipsis
3294 4306 3572 4374 antiquio-

1985 4415 2125 4465 rem,
2174 4399 2481 4471 taliumque
2525 4401 2668 4455 adeo
2716 4400 2921 4454 artium
2970 4400 3363 4460 inventricem,
3413 4396 3570 4450 valde

301 4482 580 4553 εφέροντο.
627 4482 915 4554 Κρείττονι
968 4484 1078 4555 γὰρ
1123 4483 1286 4555 σοφίᾳ
1324 4486 1433 4538 τινὶ
1464 4484 1557 4538 καὶ
1587 4483 1870 4554 παραξένιε

1985 4493 2250 4547 laudavit.
2275 4492 2416 4560 Quin
2452 4508 2632 4562 neque
2656 4492 2722 4547 iis
2750 4493 3053 4564 quidquam
3083 4508 3224 4562 opus
3251 4506 3376 4546 esse
3407 4490 3570 4550 dixit,

302 4574 385 4643 τῷ
414 4574 534 4645 ήθει
564 4577 661 4628 σὺν
689 4576 970 4647 ἐπιστήμῃ
998 4575 1121 4646 θείᾳ
1146 4577 1509 4647 ῥιπιζομένην
1540 4576 1870 4647 φιλονεικίαι

1986 4587 2032 4641 si
2068 4600 2225 4639 mens
2253 4600 2354 4655 per
2389 4586 2628 4655 scipsam
2670 4586 2851 4640 valida
2887 4586 2980 4640 sit.
3024 4584 3169 4638 Mitis
3207 4599 3373 4653 porro
3403 4592 3570 4652 atque

302 4668 540 4737 εὐχερῶς
586 4667 974 4721 καταστέλλειν
1019 4663 1160 4737 εἶχε,
1185 4670 1281 4722 καὶ
1314 4669 1454 4740 πρὸς
1480 4672 1543 4723 τὸ
1576 4668 1877 4738 μετριώτε-

305 4777 401 4828 ρον
468 4759 749 4831 μεθιστᾷν.
799 4760 1019 4831 Κιρνῶν
1051 4761 1107 4814 δὲ
1138 4761 1200 4813 τὸ
1232 4760 1482 4816 σύντονον
1537 4761 1647 4815 τῶν
1704 4760 1879 4824 διομι-

301 4849 557 4915 λούντων,
600 4852 697 4905 καὶ
742 4850 980 4920 τρόπους
1025 4849 1354 4921 ὲῤῥύθμιζε.
1408 4850 1575 4913 Θείας
1616 4848 1662 4901 δ’
1689 4846 1877 4901 ὲντεῧο

302 4942 399 4996 θεν
459 4943 714 5011 γνώσεως
769 4944 865 4997 καὶ
918 4942 1286 5013 προγνώσεως
1336 4942 1629 5013 μετασχὼν
1652 4980 1669 5006 ,
1720 4940 1877 4995 οὐδὲν

303 5039 493 5106 ἡγεῖτο
536 5038 592 5089 τὶ
625 5036 790 5103 μέλον
833 5037 1035 5091 εἰδέναι
1059 5053 1074 5071 ο
1106 5037 1323 5091 εἰκαίαν
1371 5036 1419 5090 δ’
1446 5032 1587 5089 εἶναι
1641 5036 1736 5089 καὶ
1777 5035 1878 5105 τὴν

301 5131 436 5200 περὶ
489 5130 646 5183 τοῦτο
695 5129 930 5202 σπουδὴν
966 5130 1178 5200 ἔλεγεν,
1204 5131 1286 5184 ὅτι
1324 5129 1451 5200 μηδ’
1499 5129 1702 5200 ἀρετὴν
1735 5124 1876 5181 εἶναι

296 5226 400 5293 τὴν
448 5226 762 5294 πρόγνωσιν
801 5225 1080 5278 ὑπετίθειο
1111 5224 1236 5279 ὲπεί
1294 5225 1378 5279 τοί
1412 5241 1477 5292 γε
1529 5223 1656 5296 μηδ’
1697 5225 1757 5275 έν
1788 5224 1879 5276 eo-

299 5317 488 5381 θύναις
531 5317 694 5371 πάλιν
741 5315 845 5371 τὸν»
864 5317 938 5386 μὴ
988 5317 1166 5371 εἰδότα
1204 5317 1267 5370 τὸ
1308 5315 1505 5386 μέλλον
1539 5316 1874 5384 ὑπάγεσθαι.

302 5409 403 5461 Ἐν
429 5410 538 5479 γὰρ
566 5405 707 5463 εἷναι
730 5409 805 5463 τὸ,
830 5409 1100 5479 μακάριον
1138 5409 1380 5472 ὑπενόει,
1427 5407 1610 5470 καλῶς
1634 5408 1694 5459 τὸ
1722 5406 1879 5460 Θςῖον

297 5501 523 5567 σέὗειν,
581 5503 709 5564 τούς
765 5518 825 5555 τε
874 5504 1072 5572 νόμους
1120 5503 1290 5558 αὑτοῦ
1344 5502 1442 5556 καὶ
1497 5501 1599 5565 τὰς
1652 5501 1878 5563 έντολὲςς

297 5595 737 5666 ὰπαρατρώτους
775 5598 984 5666 τηρεῖν.
1018 5597 1076 5650 Et
1104 5596 1160 5650 δέ
1189 5614 1268 5667 τῳ
1299 5598 1444 5668 ἔρως
1490 5597 1587 5652 καὶ
1614 5596 1709 5652 τοῦ
1741 5613 1877 5666 προσ

364 5733 441 5799 (1)
480 5734 586 5785 Καὶ
634 5727 712 5788 ὧν
763 5731 959 5785 ἐδεῖτο.
1010 5734 1280 5803 (Sozom.)
1322 5731 1433 5789 Hoc
1458 5743 1563 5799 cst,
1595 5733 1671 5787 De
1726 5733 1875 5789 rebus

295 5806 482 5873 quibus
511 5804 788 5876 indigeret.

362 5877 439 5945 (Ξ)
493 5876 583 5945 Ἰἰξι
642 5881 782 5942 γένει
833 5876 939 5931 τῶν
988 5876 1352 5947 εὖπατριδιῖλν.
1400 5879 1637 5947 (Sszouu.
1692 5876 1785 5931 lib.
1837 5894 1871 5940 ι,

1986 4678 2285 4742 humanus,
2311 4684 2371 4733 ut
2393 4693 2501 4733 non
2534 4677 2706 4743 magis
2729 4678 2870 4732 alius
2895 4678 3211 4746 quisquam,
3234 4686 3290 4730 et
3319 4676 3370 4730 in
3402 4677 3573 4730 collo-

1985 4771 2132 4842 quiis
2175 4773 2455 4841 gratiosus
2507 4769 2765 4834 maxime,
2799 4779 2969 4840 atque
3017 4769 3151 4824 item
3191 4779 3391 4824 acutus
3431 4770 3574 4824 invi-

1985 4875 2220 4935 ctusqne
2263 4864 2389 4919 fuit.
2428 4863 2487 4917 in
2532 4862 3010 4933 disputationibus
3060 4862 3364 4933 praecipue,
3398 4864 3569 4918 etiam

1984 4951 2031 5005 si
2058 4952 2154 5020 qui
2188 4952 2465 5007 interdum
2509 4952 2862 5008 contentiose
2893 4966 3019 5006 cum
3068 4967 3136 5007 eo
3178 4952 3570 5008 conﬂictaren-

1987 5053 2098 5108 tur,
2147 5061 2217 5100 ne
2251 5045 2512 5099 molestus
2550 5053 2724 5113 esset,
2771 5046 3019 5101 cavebat.
3068 5045 3447 5102 Praestantiori
3495 5048 3570 5103 si-

1987 5139 2209 5210 quidem
2239 5137 2507 5208 sapientia
2538 5138 2802 5208 quadam,
2832 5149 2889 5194 et
2920 5153 3065 5195 novo
3102 5153 3279 5207 more,
3308 5156 3412 5194 una
3444 5156 3570 5195 cum

1986 5230 2173 5285 divina
2204 5229 2526 5300 prudentia,
2561 5238 2767 5284 temere
2799 5230 3011 5285 illatum
3051 5230 3427 5286 contentionis
3457 5241 3576 5286 stu-

1985 5322 2139 5377 dium
2177 5322 2339 5377 lacile
2372 5322 2727 5389 contrahere,
2763 5331 2821 5378 et
2849 5322 2917 5378 ad
2961 5322 3398 5379 moderationem
3434 5337 3570 5376 cou-

1986 5413 2225 5470 formare
2263 5424 2513 5469 noverat.
2567 5415 2987 5471 Vehementiam
3036 5428 3224 5471 autem
3271 5414 3576 5470 collocuto-

1985 5524 2109 5562 rum
2169 5519 2528 5578 temperans,
2588 5523 2774 5563 mores
2825 5524 3019 5564 eorum
3078 5507 3245 5563 simul
3306 5506 3572 5561 reddebat

1988 5602 2263 5657 meliores.
2312 5601 2564 5655 Divinam
2601 5601 2732 5655 inde
2775 5603 3170 5672 cognitionem,
3203 5609 3370 5669 atque
3403 5602 3567 5654 etiam

1986 5754 2106 5808 cap.
2149 5740 2213 5811 l'a'
2241 5742 2258 5811 )
2292 5738 2405 5794 lloc
2431 5750 2535 5800 est.
2566 5742 2711 5795 claro
2739 5742 2849 5797 loco
2891 5749 3068 5811 nutus.

2057 5807 2133 5877 l5)
2167 5807 2293 5872 Τοῖς
2329 5811 2460 5877 παρ’
2507 5812 2825 5877 Αἰγυπτὲοις
2874 5810 3113 5879 ἄκροισι.
3154 5807 3373 5875 (Sozqu
3408 5808 3424 5875 )
3456 5807 3570 5863 lioc

1985 5891 2089 5943 est,
2142 5880 2508 5952 μεμβράσι-κω
2564 5884 2839 5935 Hiantibus.
