4118 6470
562 344 669 407 1-55

555 546 845 615 judicabat
897 547 1082 602 l'utura
1138 551 1446 616 prtevidere
1507 570 1520 605 :
1582 569 1897 625 vanumque
1952 561 2143 623 etiam,

558 639 708 708 quod
739 640 791 693 in
822 655 885 695 ea
931 656 989 695 re
1021 642 1413 708 collocaretur,
1450 646 1698 700 studium
1742 662 1864 703 esse
1896 649 2143 705 dicebat.

561 732 748 799 Neque
777 732 1035 787 virtutem
1071 734 1235 789 ullam
1272 749 1395 788 esse
1424 735 1616 792 docuit
1657 737 1909 795 divinare
1952 759 1966 794 :
1998 743 2145 811 quod

561 838 592 874 e
623 822 865 887 diverso,
892 839 1072 893 neque
1101 825 1153 878 in
1187 825 1343 892 vitio,
1373 828 1532 898 cujus
1564 831 1738 900 gratia
1771 848 1989 901 poenam
2021 836 2147 904 quis

566 921 791 976 metuat,
841 914 932 979 sit,
974 917 1222 972 futurum
1272 934 1382 972 non
1420 935 1609 975 nosse.
1645 921 1916 981 Ca-teruzn
1973 943 2143 981 unum

565 1002 700 1055 illud
738 1003 1099 1059 beatitudinis
1127 1022 1248 1062 esse
1279 1009 1661 1072 existimabat.
1694 1015 1799 1067 rite
1846 1015 2015 1070 Deum
2059 1032 2147 1073 co-

562 1094 701 1157 lere,
748 1096 1012 1167 legesque
1042 1100 1163 1169 ejus
1196 1112 1251 1155 et
1290 1104 1549 1157 mandata
1598 1104 1858 1161 inviolata
1901 1123 2144 1176 servare,

561 1189 616 1240 Si
658 1188 749 1242 cui
791 1201 976 1247 autem
1029 1207 1185 1245 amor
1226 1192 1411 1247 futura
1460 1200 1830 1268 cognoscendi
1882 1203 2144 1257 incessat.

562 1295 756 1346 puram
807 1280 993 1342 modo,
1049 1283 1254 1352 inquit,
1313 1284 1514 1341 habeat
1563 1289 1827 1353 animam,
1878 1303 1933 1345 et
1976 1292 2146 1350 futuri

564 1373 875 1441 perspectio
917 1389 1044 1428 eum
1080 1386 1477 1446 consequetur,
1528 1380 1638 1435 Deo
1689 1383 1859 1438 veluti
1894 1400 1995 1454 per
2024 1400 2147 1455 spe-

564 1463 749 1516 culum
789 1463 1013 1535 aliquod
1054 1471 1427 1539 cognitionem
1475 1473 1644 1528 futuri
1680 1472 2000 1528 exhibenle.
2049 1475 2148 1529 So—

568 1556 811 1629 cordiam
844 1566 1027 1614 autem
1055 1561 1357 1627 detestans.
1392 1580 1583 1619 omnes
1629 1567 1723 1635 qui
1778 1575 1927 1620 recte
1958 1570 2147 1623 vivere

572 1649 795 1715 vellent,
840 1653 1153 1718 admonuit,
1191 1664 1252 1711 ut
1294 1672 1433 1726 opus
1478 1657 1720 1712 facerent
1765 1674 1779 1711 :
1825 1667 1880 1711 et
1930 1668 1991 1713 ut
2034 1661 2146 1714 sei-

567 1758 725 1810 psum
752 1744 990 1815 quisque
1031 1748 1084 1801 in
1114 1749 1388 1819 judicium
1418 1762 1473 1805 et
1505 1751 1779 1808 rationem
1811 1752 1906 1807 diu
1944 1768 2146 1808 noetu-

564 1850 674 1903 que
737 1836 1009 1893 factorum
1066 1841 1390 1907 adduceret,
1443 1854 1611 1914 atque
1665 1845 1710 1900 si
1767 1847 1901 1915 quid
1953 1857 2145 1901 contra

566 1930 827 1983 decorum
856 1930 1098 1997 fecisset,
1129 1945 1191 1990 ut
1227 1935 1279 1990 id
1312 1936 1517 1993 litteris
1539 1938 1851 1997 adnotaret.
1878 1939 1970 1994 Sic
1996 1941 2145 1997 enim

565 2020 707 2084 fore,
759 2031 818 2075 ut
859 2024 1100 2093 seipsum
1136 2037 1395 2083 vereatur
1432 2030 1622 2094 homo,
1669 2040 1728 2087 et
1770 2032 2041 2102 deinceps
2075 2033 2145 2088 ab

566 2115 825 2172 absurdis
855 2119 1026 2173 animi
1073 2121 1337 2187 motibus,
1370 2139 1440 2179 ne
1472 2124 1646 2180 multa
1682 2125 1942 2180 adnotata
1985 2142 2145 2197 repe-

565 2207 692 2270 riat,
726 2206 1024 2263 abhorreat
1070 2228 1085 2265 :
1130 2209 1251 2266 fore
1289 2213 1457 2267 etiam
1511 2225 1568 2269 ut
1617 2224 1846 2277 metuat,
1896 2232 1965 2272 ne
2012 2217 2149 2273 scri-

566 2308 725 2365 ptura
761 2302 851 2355 tali
902 2318 930 2355 a
976 2305 1240 2375 quopiam
1277 2306 1647 2378 deprehensa,
1697 2310 1981 2382 improbus
2028 2312 2147 2382 ipse

565 2394 857 2451 manifesto
895 2396 1235 2455 inveniatur.
1267 2401 1483 2461 Acriter
1503 2419 1745 2475 quoque,
1786 2404 1832 2460 si
1864 2407 1958 2475 qui
2002 2405 2147 2477 inju-

565 2491 700 2543 riam
728 2492 1096 2562 accepissent,
1118 2493 1473 2558 defendebat.
1493 2513 1671 2569 eaque
1695 2512 1861 2553 causa
1889 2498 2148 2568 frequen,

568 2593 650 2634 ter
700 2583 867 2641 urbes
909 2585 1117 2641 adibat.
1151 2587 1306 2645 Multi
1344 2604 1585 2663 namque
1626 2605 1756 2651 eum
1790 2591 2143 2658 accedentes,

564 2675 1020 2749 calamitatesque
1042 2695 1172 2734 suas
1193 2680 1571 2751 deplorantes,
1595 2682 1866 2753 cogebant
1891 2693 1951 2738 ut
1976 2683 2147 2740 urbes

567 2767 973 2837 ingrederetur,
1002 2783 1059 2825 et
1082 2788 1181 2842 pro
1210 2773 1293 2832 eis
1323 2783 1580 2844 precator
1606 2785 1773 2845 atque
1809 2777 2147 2833 intercessor

565 2861 711 2927 apud
757 2862 1110 2933 magistratus
1159 2865 1334 2923 ﬁeret.
1380 2866 1547 2939 624
1592 2866 1674 2925 ΙΙΙὶ
1723 2882 1890 2939 porro
1922 2867 2146 2939 plurimi

565 2952 863 3017 faciebant.
888 2954 931 3010 si
969 2956 1147 3026 ipsum
1179 2957 1453 3025 viderent,
1481 2970 1537 3016 et
1565 2959 1813 3016 Sirenem
1845 2962 2145 3018 verborum

563 3046 684 3112 ejus
732 3046 1015 3111 audirent,
1065 3058 1124 3103 et
1164 3050 1457 3120 imperanti
1510 3061 1786 3122 parerent.
1840 3051 1949 3123 lpsi
1994 3054 2143 3109 enim

1758 358 2184 424 NICEPHORI
2229 367 2581 432 CALLISTI
3717 391 3808 457 156

560 456 1048 526 przecognitionem
1097 473 1453 525 consecutus.
1497 454 1634 518 nihil
1674 467 1972 521 admodum
2020 485 2140 526 esse

2251 475 2447 530 ειδέναι
2507 480 2800 553 ἐνέσκηψε,
2833 484 3079 556 καθαρδς
3130 489 3214 561 είη
3267 491 3467 564 ψυχὴν,

3501 496 3649 566 ἔλεγε
3679 520 3690 532 ⁸
3726 502 3811 560 καὶ

2247 567 2310 619 τὸ
2347 568 2533 641 διορᾷν
2589 573 2648 625 τὸ
2697 575 2895 644 μέλλον
2951 578 3192 650 ἕψεται,
3222 581 3317 636 τοῦ
3378 584 3515 639 Θεοῦ
3563 588 3651 644 διά
3678 609 3811 657 τινος

2249 659 2516 732 ἐσόπτρου
2535 665 2633 731 τὴν
2657 664 2765 719 τῶν
2788 669 3067 738 ἐσομένων
3085 671 3290 737 γνῶσιν
3313 677 3808 746 παραδεικνύοντος.

2249 752 2442 806 Μισῶν
2467 754 2521 807 δὲ
2550 756 2650 827 τὴν
2675 758 2897 827 ἀργίαν,
2934 762 3073 814 πᾶσι
3107 766 3223 828 τοῖς
3243 766 3426 832 καλῶς
3452 767 3604 837 βιοῦν
3635 772 3812 841 αίρουο

2252 844 2455 913 μένοις,
2509 849 2745 921 παρῄνει
2795 854 3166 922 ἐργάζεσθαι·
3232 857 3338 912 ὑπὸ
3400 861 3582 931 κρίσιν
3629 880 3688 917 τε
3729 866 3815 919 καὶ

2248 935 2407 1003 λόγον
2448 939 2607 1005 ἄγειν
2638 942 2826 1005 αὐτὴν,
2855 941 2931 998 ὧν
2958 945 3179 1016 νύκτωρ
3219 950 3315 1002 καὶ
3356 952 3673 1025 μεθημέραν
3702 956 3815 1025 ἐγέ-

2250 1044 2373 1080 νετο
2401 1030 2704 1105 αὐτουργός
2724 1048 2738 1063 ⁶
2778 1034 2880 1089 κᾶν
2910 1052 2960 1088 τι
2993 1038 3074 1107 μὴ
3094 1037 3321 1104 δεόντως
3354 1041 3817 1114 ὲπράχθη,γράμ·

2254 1134 2418 1186 μασιν
2450 1121 2814 1194 ἐγχαράττειν
2834 1142 2849 1155 ο
2882 1128 2959 1190 ὡς
2998 1127 3064 1180 ἄν
3096 1144 3160 1197 γε
3201 1128 3270 1183 δι’
3302 1130 3484 1194 αῑδοῦς
3515 1132 3671 1186 αὑτὸν
3703 1132 3812 1204 ἔχῃ.

2248 1212 2344 1264 τοῦ
2391 1213 2582 1267 λοιποῦ
2636 1217 2745 1270 τῶν
2776 1219 2997 1273 ἀτόπων
3027 1224 3124 1275 τοῦ
3182 1221 3276 1275 νοῦ
3320 1224 3633 1294 κινημάτων
3655 1226 3818 1293 φειδόο

2253 1318 2413 1371 μενος
2453 1306 2527 1376 μὴ
2560 1306 2732 1360 πολλὰ
2766 1307 2920 1379 εὖροι
2940 1311 3009 1364 τὰ
3032 1313 3400 1383 γεγραμμένα
3420 1330 3435 1345 ο
3474 1314 3621 1385 φόϐῳ
3644 1332 3700 1368 τε
3731 1317 3817 1369 καὶ

2249 1392 2345 1446 τοῦ
2381 1395 2456 1467 μὴ
2492 1395 2652 1467 δῆλος
2699 1398 2831 1452 ποτὲ
2872 1402 3170 1470 γενέσθαι,
3209 1405 3490 1475 μοχθηρὸς
3524 1404 3619 1471 ὢν,
3647 1424 3821 1476 φωρασ

2252 1486 2436 1556 οείσης
2466 1490 2573 1542 τινὶ⁵
2604 1490 2702 1557 τῆς
2751 1493 2997 1561 γραφῆς.
3042 1495 3155 1551 Ναὶ
3191 1498 3299 1567 μὴν
3345 1498 3439 1551 καὶ
3472 1498 3577 1553 τῶν
3616 1500 3821 1553 ἀδικου-

2253 1575 2434 1641 μένων
2483 1576 2732 1647 σφοδρῶς
2782 1580 3151 1650 ὑπερίστατοο
3188 1583 3278 1638 διά
3327 1603 3411 1638 τοι
3454 1587 3549 1639 καὶ
3598 1588 3688 1641 επὶ
3728 1589 3818 1650 τὰς

2252 1656 2438 1732 πόλεις
2488 1669 2708 1738 ἐφοίτα*
2777 1674 2967 1728 πολλοὶ
3035 1677 3147 1748 γὰρ
3226 1680 3551 1749 προσιόντες
3613 1680 3819 1742 ὲὸίαζον

2250 1757 2428 1828 ἥκειν,
2455 1760 2552 1823 τὰς
2580 1762 2790 1826 οίκείας
2820 1767 3107 1837 συμφορὰς
3144 1767 3469 1838 ὀδυρόμενοι
3490 1809 3505 1837 ,
3538 1770 3632 1823 καὶ
3665 1786 3822 1840 πρεσ-

2250 1850 2434 1907 ϐεύειν
2486 1853 2697 1909 ἐδέοντο
2744 1859 2857 1922 τοῖς
2910 1861 2971 1911 ὲν
3022 1859 3191 1915 τέλει.
3243 1861 3382 1931 Περὶ
3420 1860 3680 1916 πλείστου
3719 1861 3821 1931 γὰρ
3868 1850 3872 1859 ⁴

2248 1942 2478 2008 ἐκείνοις
2530 1942 2599 2017 ἦν
2665 1946 2799 2001 ίδεῖν
2841 1966 2903 2003 τε
2950 1950 3115 2003 αὐτὸν
3174 1952 3270 2005 καὶ
3325 1952 3567 2011 ἀκοῦσαι
3599 1952 3696 2022 τῆς
3723 1952 3822 2004 τῶν

2249 2033 2422 2104 λόγων
2476 2038 2748 2108 σειρῆνος,
2781 2042 2877 2094 καὶ
2926 2040 3305 2117 πειθαρχῆσαι
3339 2042 3643 2100 κελεύοντι.
3687 2043 3823 2101 Πάνυ

2249 2128 2358 2196 γὰρ
2392 2127 2452 2181 τὺ
2492 2129 2780 2187 λανθάνειν
2818 2128 2932 2202 εἷχε
2966 2133 3054 2186 διὰ
3083 2134 3322 2202 σπουδῆς
3350 2135 3448 2193 καὶ
3478 2136 3535 2191 ἐν
3573 2134 3822 2206 ἐρημίαις

2249 2220 2614 2291 κρύπτεσθαι.
2668 2221 2780 2277 Καὶ
2834 2222 2989 2276 ταῦθ’
3041 2222 3214 2285 οὕτως
3270 2224 3452 2296 ἔχων,
3506 2226 3602 2280 καὶ
3654 2225 3823 2276 τοίνυν

2248 2313 2431 2373 εῐποτε
2466 2314 2688 2384 φανείη,
2715 2315 2921 2379 διαθεὶς
2960 2318 3083 2370 ὅσον
3111 2316 3276 2388 τάχος
3303 2318 3391 2387 ἐφ’
3426 2318 3534 2390 ὅτῳ
3548 2318 3648 2371 καὶ
3674 2312 3824 2389 ἧκεν,

2248 2404 2519 2476 ἀνεχώρει
2552 2405 2736 2470 αὖθις.
2770 2407 2981 2479 ’ἰχθύσι
3019 2409 3123 2480 μὲν
3158 2409 3269 2483 γὰρ
3326 2410 3564 2464 θάνατον
3608 2410 3825 2477 ἐπάγειν

2250 2500 2405 2567 ἔλεγε
2439 2500 2538 2569 τὴν
2560 2499 2665 2565 ἔξω
2702 2499 2799 2553 τοῦ
2830 2500 3000 2570 ὑγροῦ
3045 2503 3263 2557 δίαιταν
3286 2518 3302 2533 ⁶
3340 2503 3568 2557 ἀπόλλοι
3597 2503 3641 2558 δ’
3658 2504 3720 2556 ἂν
3741 2501 3826 2557 καὶ

2252 2592 2487 2662 μοναχὸς
2545 2594 2647 2662 τὴν
2702 2593 2848 2646 κατὰ
2892 2593 3028 2645 Θεὸν
3063 2592 3250 2665 βιοτὴν
3287 2594 3386 2648 καὶ
3425 2595 3523 2650 τοῦ
3554 2596 3825 2667 σχήματος

2248 2684 2309 2736 τὸ
2336 2685 2560 2754 σεμνὸν,
2584 2685 2855 2755 χρονίζων
2885 2689 3007 2751 ταῖς
3047 2687 3263 2744 πόλεσι.
3304 2689 3452 2743 nec.
3478 2689 3524 2743 δ’
3559 2686 3653 2743 οὖν
3677 2703 3827 2756 κεχαιν

2253 2774 2509 2843 ρισμὲνον
2556 2775 2751 2833 ἑαυτὸν
2799 2778 3082 2848 παρέχων,
3106 2777 3404 2848 ἐπεμέλετο
3466 2779 3598 2851 μήτ’
3636 2776 3825 2845 ἀγεννῆ

2250 2863 2349 2919 καὶ
2393 2864 2609 2924 κόλακα
2659 2860 2803 2920 εἶναι
2853 2867 3060 2931 δοκεῖν,
3098 2868 3238 2938 μήτε
3274 2867 3410 2937 πρὸς
3445 2868 3616 2937 τῦφον
3652 2865 3827 2932 ἐξάγε-

2251 2954 2377 3010 σθαι
2418 2956 2499 3028 τῷ
2547 2957 2640 3015 διὰ
2686 2958 2911 3014 πάντων
2960 2960 3253 3029 τιμᾶσθαι,
3286 2962 3383 3015 καὶ
3416 2956 3504 3024 οἷς
3537 2961 3603 3015 ἂν
3626 2959 3828 3013 κελεύοι

2253 3045 2566 3107 πείθεσθαι.
2610 3048 3020 3103 Ἐπιστέλλοντι
3049 3049 3108 3108 δὲ
3142 3051 3237 3103 καὶ
3261 3050 3672 3119 Κωνσταντίνῳ
3707 3046 3826 3116 παρ’

564 3139 752 3194 studio
786 3139 839 3195 in
880 3141 1077 3209 primis
1111 3142 1235 3206 fuit,
1280 3144 1479 3210 latere,
1516 3153 1573 3199 et
1604 3144 1656 3201 in
1687 3145 1822 3201 solis
1852 3147 1993 3203 locis
2022 3164 2145 3203 ver-

2251 3140 2416 3195 αύτὸν
2439 3142 2623 3212 ἥκειν,
2646 3143 2944 3213 ὑπερφυῶς
3000 3145 3111 3215 γὰρ
3140 3144 3319 3212 ὶφίλει
3357 3143 3671 3210 Ἄντώνιον,
3694 3143 3832 3210 ἀπηο

563 3235 697 3288 sari.
730 3234 799 3290 Et
831 3235 977 3305 quod
1007 3250 1075 3291 eo
1112 3244 1263 3293 esset
1293 3236 1500 3302 animo,
1537 3238 1582 3291 si
1613 3237 1837 3307 quando
1873 3239 1928 3293 in
1964 3239 2146 3308 publi-

563 3346 690 3384 cum
748 3329 1021 3401 prodiret,
1063 3328 1319 3386 coniecto
1366 3340 1573 3401 quanta
1620 3334 1801 3401 potuit
1843 3330 2147 3397 celeritate,

561 3423 723 3494 cujus
750 3424 927 3492 gratia
955 3422 1010 3477 in
1040 3423 1238 3481 urbem
1272 3434 1523 3488 venerat,
1554 3425 1802 3497 negotio,
1834 3438 2057 3480 rursum
2090 3438 2152 3479 se

563 3519 621 3571 in
653 3515 1013 3571 solitudinem
1048 3515 1375 3587 recipiebat.
1414 3515 1703 3586 Siquidem
1737 3516 1924 3572 dicere
1952 3514 2150 3570 solitus

563 3615 704 3672 erat,
738 3602 1002 3664 lethalem
1034 3623 1157 3665 esse
1184 3608 1429 3678 piscibus
1460 3618 1617 3662 extra
1649 3607 1826 3665 undas
1853 3619 2150 3660 conversa—

566 3702 774 3756 tionem
824 3718 841 3756 :
893 3715 1078 3772 neque
1127 3701 1313 3755 minus
1361 3701 1698 3756 monachum
1742 3700 1797 3754 in
1842 3698 2148 3770 periculum

563 3796 807 3851 celestis
832 3796 961 3851 vita:
1003 3801 1060 3849 et
1099 3792 1460 3863 professionis
1497 3790 1799 3848 sanctioris
1829 3789 2152 3844 amittendae

562 3888 776 3952 venire,
809 3886 857 3941 si
889 3901 1070 3941 meras
1099 3886 1156 3940 in
1195 3885 1430 3941 urbibus
1460 3884 1660 3939 trahat.
1695 3884 1759 3938 Et
1793 3897 1918 3938 cum
1950 3882 2152 3955 jucun-

562 3981 696 4041 dam
742 3996 805 4041 se
840 3979 1101 4035 omnibus
1130 3978 1387 4051 pra:huit,
1439 3987 1558 4035 tum
1603 3990 1675 4031 ne
1716 3975 2032 4030 submissus
2068 3974 2152 4030 ni-

566 4073 740 4127 mium
782 4080 838 4126 et
872 4071 1125 4125 adulator
1152 4085 1275 4126 esse
1303 4070 1592 4124 videretur
1626 4085 1640 4120 :
1678 4076 1947 4139 praeterea
1978 4082 2048 4122 ne
2081 4082 2149 4122 ex

562 4182 632 4219 eo
683 4163 832 4234 quod
882 4164 951 4217 ah
992 4163 1256 4218 omnibus
1286 4162 1496 4217 honore
1522 4158 1857 4224 aﬂlceretur,
1887 4159 2151 4234 quodque

562 4260 616 4311 ri
655 4271 795 4327 quos
831 4255 1111 4325 iussisset,
1143 4270 1355 4309 morem
1386 4260 1668 4325 gererent,
1718 4251 1862 4307 fastu
1907 4263 1963 4307 et
1996 4267 2153 4307 arro-

562 4349 748 4418 gantia
776 4348 1098 4413 eﬂ‘erretur,
1123 4347 1363 4401 curavit.
1391 4343 1665 4401 Scribenti
1690 4343 1987 4415 aliquando
2006 4343 2154 4401 Conv

2252 3232 2452 3300 ξίωσεν
2477 3234 2727 3288 ἐπειπών
2748 3250 2762 3264 ⁸
2797 3238 2990 3290 Ἦκων
3019 3237 3122 3307 μὲν
3153 3238 3210 3303 ἐς
3259 3235 3522 3307 βασιλέα,
3559 3233 3831 3294 Ἀντὼνιος

2250 3326 2449 3397 ἔσομαι
2470 3342 2485 3358 ο
2515 3326 2592 3397 μὴ
2625 3327 2789 3383 τοῦτο
2815 3328 2874 3382 δὶ
2904 3329 3145 3400 πράξας,
3181 3330 3358 3395 ἀσῧᾱς
3389 3330 3703 3393 Ἀντώνιος.
3729 3326 3832 3386 Καὶ

2249 3419 2426 3490 τούτῳ
2458 3420 2539 3490 τῷ
2557 3422 2748 3491 τρόπῳ
2777 3421 2879 3492 τὴν
2910 3422 3000 3475 ἐπ’
3033 3423 3248 3479 ἐκεῖνον
3295 3425 3532 3493 πορείαν
3591 3421 3830 3493 ἀνέσχεν.

2263 3512 2427 3570 Ἀλλὰ
2451 3512 2636 3584 γεῦμα
2668 3514 2845 3575 ταῦτα
2876 3516 2973 3568 καὶ
3011 3515 3220 3586 βραχὺς
3250 3520 3550 3589 χαρακτὴρ
3582 3517 3681 3586 τῆς
3723 3515 3834 3568 ’Λντ-

2250 3608 2447 3663 τωνίου
2506 3607 2722 3679 διαίτης
2774 3610 2869 3664 καὶ
2935 3610 3243 3673 πολιτείας.
3281 3612 3517 3682 Εἴρηται
3557 3611 3604 3664 δ’
3651 3610 3735 3667 ἵνα
3772 3610 3832 3660 ἐκ

2250 3698 2446 3753 τούτου
2498 3700 2601 3771 τὴν
2643 3701 2774 3771 ὃλην
2834 3701 3048 3755 ἑκείνου
3103 3702 3449 3771 φιλοσοφίαν,
3478 3704 3578 3774 ὅση
3620 3720 3703 3765 τις
3744 3696 3829 3770 ἦν,

2253 3790 2745 3862 ύπολογισώμεθα’
2778 3793 2845 3861 ἢν
2883 3797 2913 3847 ὁ
2944 3795 3014 3850 τὰ
3046 3795 3225 3849 πάντα
3255 3794 3482 3865 ἄριστος
3523 3794 3833 3853 ’Δθανέισιος

2254 3883 2352 3939 καὶ
2399 3882 2552 3953 αὐτῷ
2606 3883 2983 3953 διαφερόντως
3039 3885 3404 3956 φιλούμενος,
3451 3889 3595 3959 πρὸς
3648 3884 3835 3940 λεπτὸν

2256 3976 2550 4046 ιστορήσας
2578 3976 2816 4043 ἐξέδωκε
2847 3980 2944 4043 τὰς
2977 3979 3116 4049 μετὰ
3142 3981 3420 4049 δαιμόνων
3445 3981 3620 4043 πάλας
3651 3975 3831 4035 αὐτοῦ.

2254 4069 2351 4125 καὶ
2386 4071 2489 4133 τὰς
2540 4069 2919 4141 ἆξευρημένας
2945 4074 3145 4143 τέχνας
3173 4071 3327 4142 αὐτῷ
3354 4073 3481 4127 κατ’
3515 4072 3722 4135 αὐτῶν,
3748 4071 3836 4125 καὶ

2252 4161 2323 4216 τὰ
2345 4160 2511 4217 λοιπὰ
2541 4162 2635 4218 τοῦ
2668 4162 2791 4232 βίου
2821 4165 3118 4235 τεράστια,
3153 4165 3248 4219 καὶ
3288 4164 3454 4220 πάνθ’
3479 4165 3693 4223 ικαστα
3725 4163 3865 4228 δια-ν

2253 4253 2494 4324 γράψας.
2517 4255 2594 4320 ὡς
2618 4257 2746 4325 ὅρον
2775 4251 2921 4310 εἷναι
2958 4257 3262 4327 μοναδικῆς
3292 4257 3579 4322 mina“
3611 4257 3673 4311 τὸ
3711 4254 3839 4318 σύγ-

2253 4364 2512 4419 γραμμα.
2559 4349 2755 4405 Ὀποία
2788 4349 2852 4418 δὴ
2880 4351 2909 4402 ό
2944 4349 3111 4415 αὐτὸς
3151 4348 3475 4415 Ἀθανάσιος
3515 4352 3621 4405 κάν
3646 4348 3724 4417 τῷ
3742 4346 3839 4418 βίῳ

562 4439 810 4496 stantino
845 4439 913 4494 ad
956 4454 1015 4494 se
1046 4447 1107 4493 ut
1138 4438 1374 4504 veniret,
1407 4435 1641 4491 miriﬁce
1685 4438 1833 4491 enim
1865 4437 2147 4493 hominem

2256 4438 2632 4508 συγκλητικῆς
2657 4438 2927 4507 ἔπραξεν,
2950 4438 3174 4510 ἀνδρῶν
3210 4440 3313 4511 μὲν
3345 4442 3632 4497 πολιτείαν
3661 4436 3841 4494 mea.

563 4531 807 4596 amabat,
838 4531 1169 4587 detrectavit
1196 4529 1250 4584 id
1283 4529 1552 4600 primum,
1582 4528 1775 4583 dicens
1808 4545 1825 4583 :
1858 4527 2146 4600 Siquidem

2256 4528 2371 4593 θεν,
2394 4507 2675 4597 γυναικῶν
2708 4530 2759 4585 δ’
2778 4531 2996 4586 ἐκεῖθεν
3034 4507 3322 4597 ύποτιθεὶς
3351 4533 3429 4598 ὡς
3460 4538 3521 4589 ὲν
3562 4535 3840 4604 πλάσματι

561 4626 633 4694 ad
665 4625 1056 4694 imperatorem
1091 4638 1316 4690 venero,
1353 4623 1624 4678 Antonius
1647 4636 1785 4690 ero;
1822 4622 1909 4677 sin
1937 4622 2145 4686 minus,

563 4717 738 4783 abbas
766 4717 1067 4773 Antonius.
1108 4718 1289 4787 Atque
1319 4730 1386 4771 eo
1420 4715 1641 4772 tandem
1683 4715 1848 4772 modo
1882 4716 1953 4771 ad
1991 4717 2147 4775 illum

567 4810 724 4865 adire
769 4809 1060 4869 sustinuit.
1094 4808 1302 4864 Verum
1352 4808 1467 4864 hac
1503 4818 1763 4879 tanquam
1804 4818 1999 4880 gustus
2028 4810 2151 4879 qui-

568 4903 693 4976 dam
723 4912 781 4957 ct
801 4905 1003 4975 exigua
1039 4903 1219 4973 imago
1248 4903 1473 4961 Antonii
1505 4904 1631 4959 vitae
1660 4912 1717 4959 et
1746 4904 2010 4967 instituti,
2037 4905 2151 4961 sint

565 5001 818 5069 exposita
847 5017 861 5054 :
895 5005 953 5065 ut
986 5012 1054 5053 ex
1097 4996 1188 5053 his
1231 4996 1548 5052 universam
1578 4997 1721 5066 ejus,
1762 4997 1944 5066 qualis
1978 4996 2151 5054 fuerit

571 5091 975 5162 iliilosophiatn
1021 5089 1371 5161 colligamus.
1412 5088 1591 5155 Quam
1649 5089 1821 5147 rebus
1885 5089 2151 5147 omnibus

571 5186 815 5256 optimus
860 5183 1218 5251 Athanasius,
1264 5183 1353 5243 cui
1389 5185 1555 5239 etiam
1609 5182 1716 5240 fuit
1762 5183 2148 5247 charissimus,

571 5278 795 5348 copiose
840 5277 1119 5333 memoria:
1165 5277 1506 5348 posteritatis
1558 5278 1760 5335 litteris
1806 5276 2085 5333 mandavit
2133 5293 2149 5332 :

571 5371 973 5429 certaminibus
998 5374 1120 5439 ejus
1148 5382 1340 5429 contra
1365 5372 1666 5437 daamones,
1695 5382 1753 5429 et
1774 5371 1990 5427 artibus
2011 5385 2152 5441 quas

575 5463 841 5520 adversus
880 5464 1003 5518 illos
1037 5463 1342 5525 adiuvenit.
1374 5466 1621 5534 aliisque
1646 5468 1773 5519 vita:
1801 5463 2067 5533 prodigiis
2095 5474 2152 5521 et

579 5555 745 5608 rebus
781 5555 1073 5623 quibusvis
1098 5558 1452 5627 conscriptis,
1488 5566 1547 5611 ut
1593 5557 1737 5612 liber
1778 5558 1826 5613 is
1858 5556 2148 5613 monastici

580 5647 813 5700 instituti
861 5664 959 5701 ccu
1014 5649 1311 5719 descriptio
1345 5649 1596 5719 quaedam
1648 5657 1814 5701 esset.
1865 5644 2056 5701 Itidem
2091 5655 2150 5700 ut

582 5736 728 5793 idrm
769 5738 1102 5794 Athanasius
1138 5742 1193 5795 in
1222 5743 1341 5796 Vita
1386 5741 1728 5811 Syncletices
1766 5738 1844 5807 (l)
1883 5739 2033 5802 fecit,
2065 5749 2145 5804 nt,

2255 4622 2587 4692 διηγήσεως.
2613 4623 2849 4687 [πολλοὺς
2877 4623 2935 4679 δδ
2963 4625 3058 4679 καὶ
3094 4626 3361 4696 φοιτητὰς
3390 4627 3547 4695 ἔσχε,
3588 4627 3842 4695 δοκίμους

2254 4731 2317 4768 τε
2350 4715 2444 4769 καὶ
2472 4717 2566 4771 τὸν
2596 4714 2927 4773 διδάσκαλον
2966 4718 3340 4789 ἀποχρώντως
3370 4720 3840 4790 ἐνδεικνυμένους,

2251 4810 2319 4878 τῇ
2351 4824 2409 4861 τε
2454 4808 2682 4881 παιδείᾳ
2727 4809 2824 4864 καὶ
2870 4810 3167 4880 φιλοσοφίᾳ
3194 4812 3292 4864 καὶ
3333 4814 3402 4883 τῇ
3455 4811 3623 4883 λοιπῇ
3655 4812 3840 4880 ἀρετῇ.

2252 4892 2357 4953 Ὃν
2407 4899 2459 4952 οἱ
2523 4898 2623 4967 μὶν
2668 4900 2729 4952 ἐν
2751 4898 3017 4969 Αἰγύπτῳ
3047 4902 3145 4953 καὶ
3172 4900 3373 4972 Λιϐύῃ,
3397 4902 3449 4953 oi
3481 4902 3530 4954 δ’
3553 4904 3614 4954 δν
3646 4899 3842 4956 Παλαι-

2256 4989 2411 5062 στίνῃ
2444 4991 2564 5058 ἀκαὶ
2620 4991 2794 5064 Συρίᾳ
2823 4994 2919 5046 καλ⁸
2948 4991 3245 5065 ’Δρῤαδίᾳ,
3275 4992 3339 5046 τὸ
3373 4993 3695 5061 φιλοσοφεῖν
3719 4995 3843 5043 ἑπε-

2251 5081 2517 5148 δείξαντο.
2561 5085 2702 5155 Περὶ
2749 5085 3005 5143 πλείστου
3055 5086 3100 5139 δ’
3131 5080 3273 5157 ἦσαν
3327 5085 3421 5139 καὶ
3456 5080 3609 5139 οὗτοι
3653 5084 3750 5139 καὶ
3797 5083 3843 5133 οἱ

2253 5176 2458 5231 τούτων
2497 5178 2736 5249 διάδοχοι
2790 5178 2869 5242 ὡς
2928 5178 3093 5250 ἔργον
3139 5181 3318 5235 ποιεῖν
3339 5179 3556 5241 πάντας
3578 5179 3707 5239 τοὺς
3731 5172 3847 5241 Θεῷ

2254 5272 2570 5342 ᾑρημένους
2615 5271 2789 5343 βιοῦν,
2837 5274 2935 5327 καὶ
2989 5271 3192 5335 αὐτοὺς
3244 5272 3547 5339 ἑκζήτεῖν,
3582 5269 3681 5323 καὶ
3718 5264 3845 5332 παρ’

2254 5363 2437 5417 αὐτῶν
2466 5362 2529 5416 τὸ
2553 5362 2810 5431 ποιητέον
2838 5361 3326 5423 ἀναδιδάσκεσθαι,
3352 5359 3696 5420 σπεύδοντας
3729 5360 3847 5410 ἑπιο

2257 5457 2436 5528 μελῶς
2484 5456 2853 5529 κρύπτεσθαι,
2902 5456 3002 5525 οὐχ
3058 5449 3224 5525 ἦττον
3284 5455 3433 5525 ἥπερ
3466 5456 3519 5507 oi
3562 5456 3661 5507 νῦν
3694 5451 3846 5516 τύφῳ

2255 5551 2351 5603 καὶ
2402 5549 2638 5621 διακένῳ
2684 5549 2970 5619 φιλοτιμίᾳ
3004 5546 3297 5611 σοὸοὖντες
3345 5548 3437 5601 διὰ
3493 5547 3599 5615 τῆς
3640 5544 3848 5612 ἀγορᾶς

2256 5642 2695 5714 ὲκπομπεύουσι.
2730 5642 2925 5695 Πολλοὶ
2960 5642 3061 5712 μὲν
3092 5638 3188 5696 οὖν
3223 5642 3334 5694 τῶν
3387 5640 3561 5694 αὑτοῦ
3598 5640 3848 5705 ἐγένοντο

2258 5722 2539 5803 εὐδόκιμοι
2594 5737 2881 5804 φοιτηταί·
2932 5736 3027 5788 καὶ⁸
3072 5734 3283 5799 Παῦλος
3332 5733 3389 5787 δ’·
3413 5736 3655 5799 ἐκεῖνος,
3686 5730 3747 5794 ὃς
3791 5724 3849 5789 ἐξ

654 5857 727 5928 tl)
766 5856 819 5912 ln
852 5858 989 5924 Vitis
1027 5859 1272 5925 Patrum,
1303 5858 1612 5929 Synclotice
1659 5857 1802 5912 inter
1852 5872 2038 5911 sacras
2074 5854 2382 5911 alibalissas
2420 5853 2700 5919 allegatur.
