4118 6478
559 373 663 433 1319

1788 386 2209 449 NICEPHORI
2254 393 2600 453 GALLISTI

3725 401 3818 468 160

560 482 923 535 monasticam
955 492 1040 537 est
1071 484 1514 555 philosophatus,
1554 491 1637 545 his
1663 496 1960 561 quotannis
1987 497 2141 551 adire

2248 500 2459 555 πολλῶν
2507 504 2602 557 καὶ
2656 503 2964 558 θεσπεσίων
3003 506 3183 576 ἔργων
3225 508 3482 576 ἐγένετο·
3522 512 3619 566 καλ⁵
3658 515 3817 572 πολλὰ

558 579 613 622 et
649 573 824 628 visere
871 577 1163 631 mulierem
1219 579 1443 633 solitus.
1492 582 1695 639 Multos
1733 595 1789 640 et
1839 587 1931 643 hic
1969 590 2138 643 veluti

558 662 670 715 dux
697 664 890 719 habuit
916 677 1241 733 sectatores,
1267 680 1324 725 et
1347 673 1519 728 multa
1543 675 1730 731 divina
1748 678 1925 733 edidit
1948 695 2140 748 opera.

560 752 730 808 Multa
779 756 925 811 dicta
974 759 1094 827 ejus
1146 776 1552 831 memorantur,
1589 783 1711 836 qua:
1756 769 1826 823 ab
1870 770 2142 841 ZEgyptiis

563 849 869 913 monachis,
925 862 1183 907 accurate
1233 855 1359 909 talia
1419 868 1475 911 et
1529 860 1781 916 studiose
1834 862 2140 931 inquirere,

564 945 920 1007 veterumque
953 943 1354 998 monachorum
1383 947 1748 1013 facinoribus,
1777 951 1895 1007 sive
1924 953 1978 1008 in
2006 956 2144 1009 scri-

563 1039 714 1096 ptum
748 1030 860 1083 sint
893 1031 1085 1099 relata,
1123 1035 1239 1089 sive
1280 1037 1483 1103 minus,
1513 1040 1774 1097 delectari
1810 1044 2012 1108 solitis,
2042 1059 2142 1115 per

564 1128 872 1189 temporum
917 1125 1327 1181 successionem
1377 1141 1658 1200 percepta,
1706 1134 1873 1189 hodie
1920 1150 2142 1204 quoque

561 1210 837 1274 feruntur,
874 1214 1224 1272 auditoribus
1272 1234 1535 1290 perquam
1576 1222 1850 1292 jucunda.
1891 1225 2140 1291 Quorum

564 1311 618 1355 ut
658 1314 886 1373 gustum
936 1307 1178 1377 aliquem
1218 1325 1612 1380 prOponamus,
1645 1315 1762 1371 haec
1808 1318 2144 1388 subjungere

562 1395 715 1452 libet.
755 1398 983 1453 Petebat
1022 1416 1255 1470 magnus
1299 1405 1403 1459 iste
1445 1407 1527 1461 vir
1567 1408 1922 1466 solitudinem
1949 1427 2142 1482 quam-

561 1487 689 1541 dam
740 1504 865 1544 cum
887 1490 1165 1562 discipulo
1188 1511 1291 1551 suo
1315 1496 1610 1554 Theodoro
1636 1518 1650 1554 :
1678 1515 1917 1572 cumque
1943 1504 2142 1561 fossam

562 1579 860 1646 quamdam
914 1582 1081 1639 undis
1127 1585 1340 1642 scilicet
1391 1590 1656 1660 repletam
1704 1595 1959 1664 trajicere
1994 1610 2143 1664 .opus

564 1671 860 1739 haberent,
902 1690 973 1730 ne
1016 1686 1200 1733 vestes
1246 1679 1413 1735 altius
1450 1684 1791 1750 attollentes,
1830 1687 1973 1742 alter
2004 1689 2144 1745 alte-

564 1764 681 1819 rius
709 1765 1015 1823 nuditatem
1049 1770 1423 1840 conspiceret,
1457 1778 1814 1834 retrocedere
1848 1781 2137 1850 paululum

562 1855 914 1914 Theodorum
938 1861 1117 1932 jubet.
1146 1862 1284 1918 Cum
1319 1880 1452 1922 vero
1485 1868 1730 1939 seipsum
1777 1841 2001 1943 quoque
2035 1889 2142 1929 nu-
2175 1841 2218 1897 Β

568 1948 700 2002 dum
740 1949 930 2006 videre
964 1964 1272 2018 vereretur,
1309 1956 1501 2012 divino
1530 1971 1810 2018 momento
1829 1963 1883 2017 in
1905 1964 2142 2022 sublime

564 2040 841 2104 sublatus,
873 2044 929 2098 in
958 2045 1281 2102 ulteriorem
1315 2052 1568 2118 pervenit
1606 2053 1803 2123 ripam.
1844 2054 1917 2111 Ut
1954 2067 2138 2112 autem

566 2129 890 2189 Theodorus
911 2151 1134 2208 quoque
1158 2140 1296 2195 satis
1322 2143 1553 2200 madens
1580 2155 1974 2215 transgressus,
1998 2148 2138 2203 ultra

566 2222 770 2294 Lycum
802 2228 906 2295 (sic
934 2228 1085 2284 enim
1117 2231 1315 2288 incola:
1345 2232 1547 2290 fossam
1589 2251 1710 2291 eam
1753 2239 2136 2309 nominabant)

562 2317 737 2382 venit,
785 2332 1111 2393 vestemque
1157 2336 1212 2379 et
1260 2327 1432 2396 pedes
1479 2330 1696 2384 Amoun
1748 2330 1926 2387 siccos
1975 2332 2139 2399 vidit,

564 2411 826 2477 precibus
860 2428 1051 2471 senem
1098 2417 1360 2488 fatigans,
1394 2435 1618 2476 causam
1663 2424 1784 2489 ejus
1817 2424 1893 2478 rei
1944 2438 2005 2479 ut
2033 2426 2143 2481 sibi

562 2499 774 2556 diceret
801 2504 987 2573 petiit.
1017 2505 1111 2562 llle
1152 2518 1360 2564 tectum
1405 2512 1481 2575 id,
1510 2515 1778 2583 quidquid
1806 2526 1972 2580 esset,
2008 2521 2143 2572 taci-

564 2601 793 2662 tumque
817 2611 940 2651 esse
976 2597 1171 2653 voluit.
1202 2600 1272 2656 Ut
1296 2616 1427 2656 vero
1455 2605 1629 2673 magis
1656 2607 1935 2676 magisque
1963 2607 2142 2664 Theo-

563 2685 737 2740 dorus
767 2688 1078 2754 contendit,
1110 2690 1251 2745 nihil
1287 2707 1347 2746 se
1381 2692 1450 2747 de
1481 2697 1746 2764 petitione
1774 2714 1839 2753 ea
1877 2701 2140 2755 remissu-

566 2794 686 2833 rum
749 2779 1055 2847 professus,
1149 2785 1367 2841 Amoun
1438 2787 1660 2844 tandem
1762 2803 1922 2859 pacto
1990 2794 2146 2863 prius

566 2871 914 2942 interposito,
967 2890 1027 2930 se
1075 2874 1203 2931 vivo
1250 2878 1459 2946 nemini
1508 2880 1561 2935 id
1612 2882 1979 2952 prolaturum,
2025 2901 2141 2940 rem

565 2970 744 3016 actam
786 2966 1033 3033 exponit.
1066 2965 1416 3039 Quapropter
1448 2971 1493 3023 is
1525 2981 1712 3040 postea
1747 2976 2146 3043 praestantioris

565 3057 854 3128 cujusdam
887 3068 1098 3115 natura:
1138 3062 1319 3117 virum
1365 3078 1493 3118 eum
1524 3080 1645 3119 esse
1679 3068 1937 3121 credidit.
1970 3067 2144 3121 Porro

563 3150 713 3219 quod
742 3152 908 3205 etiam
957 3154 1409 3223 praecognitionis
1456 3156 1659 3213 divina:
1706 3159 1902 3227 plenus
1952 3160 2141 3223 fuerit,

564 3242 622 3300 id
670 3242 819 3312 quod
856 3260 1004 3299 nunc
1036 3246 1305 3315 dicemus,
1341 3250 1475 3306 satis
1517 3249 1806 3307 indicabit.
1838 3253 1984 3308 Puer
2019 3255 2143 3323 qui-

561 3335 688 3390 dam
723 3334 1016 3407 pare'ntum
1052 3338 1382 3411 injustorum
1423 3358 1451 3396 a
1487 3344 1679 3399 rabido
1708 3360 1846 3401 cane
1894 3361 2141 3410 mersus,

562 3430 617 3483 in
647 3444 711 3485 ea
756 3432 1168 3500 exspectatione
1192 3474 1206 3494 ,
1238 3441 1298 3487 ut
1318 3438 1730 3506 quamprimum
1797 3447 2141 3505 moreretur,

562 3531 685 3577 erat
720 3540 735 3578 :
769 3539 895 3579 cum
931 3534 1117 3580 autem
1158 3527 1225 3580 ad
1258 3529 1472 3583 Amoun
1502 3544 1628 3584 cum
1674 3530 2053 3593 adduxissent,
2086 3540 2148 3585 ut

565 3629 695 3669 eum
721 3626 943 3671 curaret
970 3618 1260 3689 petebant;
1295 3622 1383 3675 ille
1417 3662 1434 3687 ,
1486 3622 1606 3676 Non
1639 3638 1764 3692 ego,
1802 3623 2001 3694 inquit,
2044 3624 2144 3679 sed

563 3724 684 3773 vos,
719 3710 995 3781 siquidem
1048 3714 1279 3779 voletis,
1328 3731 1455 3770 eum
1491 3716 1759 3772 curahitis
1807 3732 1823 3769 :
1876 3717 1920 3772 si
1970 3719 2144 3785 enim,

564 3819 730 3873 quem
769 3804 1117 3874 surripuistis
1166 3806 1387 3873 bovem,
1418 3809 1657 3863 dominis
1703 3809 1817 3864 suis
1852 3806 2146 3866 restituere

564 3892 874 3956 volueritis,
909 3895 1094 3948 statim
1131 3896 1276 3951 malo
1303 3901 1451 3952 omni
1483 3915 1620 3968 puer
1648 3899 2001 3955 liberabitur.
2040 3901 2147 3957 Bos

565 3983 816 4037 redditus
854 3992 961 4050 est,
992 3995 1047 4041 et
1091 3986 1398 4056 periculum
1439 4005 1603 4045 omne
1633 3989 1922 4047 confestim
1958 3995 2145 4062 profu-

568 4077 726 4146 giens
780 4092 1012 4131 vacuum
1066 4094 1326 4134 aerumnae
1377 4068 1557 4137 Omnis
1608 4099 1841 4153 puerum
1901 4086 2144 4155 reliquit.

567 4170 731 4240 627
756 4170 892 4224 Cum
917 4180 1097 4225 autem
1123 4171 1307 4241 aliquo
1335 4181 1453 4241 post
1481 4184 1730 4242 tempore
1753 4174 1962 4230 Anmun
1986 4176 2148 4232 dece‘

564 4259 761 4324 deret,
812 4261 1054 4314 animam
1106 4262 1228 4332 ejus
1267 4262 1541 4319 Antonius
1592 4263 1798 4319 dicitur
1844 4265 1898 4319 in
1946 4267 2146 4322 coelum

569 4348 771 4405 deduci
811 4350 1043 4411 vidisse,
1088 4352 1295 4408 divinis
1333 4353 1633 4409 virtutibus
1665 4369 1786 4410 eam
1830 4357 2149 4413 comitanti-

566 4443 692 4506 bus,
749 4443 1217 4511 venerationeque
1279 4453 1336 4499 et
1391 4444 1689 4516 suipatione
1738 4447 1931 4511 multa,
1981 4457 2146 4517 atque

2243 594 2351 645 τῶν
2381 594 2575 663 ἐκείνῳ
2596 593 2874 663 ῥηθέντων
2908 597 3432 671 ἀπομνημονεύεται
3455 615 3470 631 °
3499 603 3536 656 ἀ
3567 604 3678 664 τοῖς
3707 598 3823 659 κατ’

2244 685 2524 752 Αἴγυπτον
2555 687 2812 756 μοναχοῖς
2844 686 2933 740 διὰ
2963 690 3207 759 σπουδῆς
3237 690 3455 760 ἔχουσιν
3485 694 3746 764 ἀκριϐοῦν
3760 698 3823 750 τὰ

2244 776 2491 831 τοιαῦτα.
2527 779 2637 831 Kal.
2665 780 2787 842 ταῖς
2813 778 2927 833 τῶν
2965 781 3347 853 παλαιοτέρων
3374 785 3820 857 ἀσκητῶνέργαε

2246 865 2393 929 σίαις
2453 866 2752 936 ἐγγράφως
2786 883 2846 920 τε
2880 869 2978 920 καὶ
3013 870 3285 938 ἀγράφως
3335 873 3556 927 εἰωθόσι
3597 876 3820 944 χαίρειν,

2243 958 2301 1019 ἐς
2324 955 2485 1024 δεῦρο
2525 957 2757 1027 φέρεται
2799 960 2865 1028 τῇ
2912 959 3008 1012 τοῦ
3038 960 3235 1031 χρόνον
3260 961 3511 1034 διαδοχῇ,
3558 964 3824 1030 ξενίζοντα

2242 1045 2370 1108 τοὺς
2395 1045 2697 1109 ἀκούοντας
2722 1061 2736 1075 ⁶
2762 1039 2840 1100 ὧν
2867 1047 3147 1116 γεύματος
3174 1051 3339 1119 χάριν
3364 1051 3544 1107 ταῦτα
3568 1054 3819 1122 εἰρήσθω.

2257 1135 2454 1207 Ἀπῄει
2483 1136 2513 1187 6
2547 1136 2722 1206 μέγας
2766 1136 2926 1201 οὗτος
2976 1139 3071 1192 ἐπί
3123 1157 3246 1193 τινα
3281 1141 3518 1211 ἔρημον.
3553 1144 3761 1213 Δεῆσαν
3782 1144 3823 1198 δ’

2242 1228 2439 1299 ἐκείνῳ
2467 1227 2711 1299 διώρυγά
2732 1247 2854 1282 τινα
2887 1230 2986 1283 σὺν
3016 1231 3094 1299 τῷ
3121 1232 3339 1303 μαθητῇ
3374 1234 3543 1289 αὑτοῦ
3568 1235 3823 1308 Θεοδώρῳ

2244 1317 2538 1388 διαπερᾷν,
2571 1318 2659 1371 ἵνα
2694 1319 2769 1388 μὴ
2808 1319 3241 1384 ἀναστέλλοντες
3280 1322 3348 1375 τὰ
3391 1323 3585 1393 ἱμάτια
3606 1325 3705 1395 τὴν
3732 1325 3823 1394 γύ-

2249 1424 2458 1479 μνωσιν
2509 1407 2762 1478 ἀλλήλων
2807 1408 3143 1474 θεάσωνται,
3210 1413 3412 1481 μικρὸν
3444 1414 3822 1485 ὑπαναχωρείν

2244 1501 2525 1571 Θεόδωρον
2548 1500 2762 1569 ἔλεγεν.
2804 1501 2966 1557 Ἐπεὶ
2988 1502 3047 1556 δέ
3080 1502 3173 1556 καὶ
3204 1504 3403 1557 ἑαυτὸν
3427 1503 3639 1574 γυμνὸν
3664 1506 3823 1575 ηὐλα-

2244 1594 2392 1648 6εἶτο
2422 1593 2750 1657 θεάσασθαι,
2779 1592 2905 1664 θείςι⁵
2938 1596 3082 1664 ῥοπῇ
3123 1595 3424 1666 μετάρσιος
3444 1596 3726 1668 ἐπαρθεὶς,
3748 1599 3822 1659 είς

2244 1684 2344 1755 τὴν
2374 1685 2674 1755 ἀντιπέραν
2706 1683 2880 1756 ὄχθην
2916 1686 3161 1753 ἐγένετο.
3195 1685 3289 1751 Ὦς
3328 1686 3387 1740 δὶ
3409 1689 3508 1740 καὶ
3554 1686 3823 1753 Θεόδωρος

2243 1772 2533 1845 διάϐροχος
2567 1775 2772 1838 ίκανῶς
2795 1773 3062 1844 γεγονὼς,
3095 1777 3180 1837 είς
3211 1775 3271 1828 τὺ
3307 1775 3487 1847 πέραν
3516 1776 3614 1832 τοῦ
3648 1777 3819 1831 Λύκου

2245 1863 2313 1936 ἦν
2339 1866 2525 1937 (οὕτω
2555 1869 2664 1939 γὰρ
2688 1869 2982 1938 ἐγχωρίοις
3007 1868 3040 1939 ἠ
3074 1867 3278 1938 διώρυξ
3322 1868 3680 1941 ώνόμαστο),
3731 1871 3821 1923 καὶ

2247 1958 2349 2030 τὴν
2377 1959 2585 2030 ἐσθῆτα
2608 1961 2706 2014 καὶ
2735 1961 2866 2025 τοὺς
2900 1960 3072 2025 πόδας
3102 1961 3160 2014 ’Δ
3173 1959 3311 2032 μοῦν
3346 1961 3625 2032 ἀδρόχους
3655 1961 3819 2031 ἑώρα,

2248 2050 2505 2103 ἐπέκειτο
2538 2050 2814 2121 λιπαρῶν,
2847 2051 2946 2102 καὶ
2973 2051 3076 2120 τὴν
3106 2050 3292 2104 αἰτίαν
3315 2051 3547 2120 φράζειν
3572 2052 3664 2105 τὸν
3692 2067 3820 2119 πρε-

2249 2138 2461 2210 σᾶύτην
2522 2138 2702 2207 ἠξίου.
2772 2137 2830 2193 ’0
2886 2138 2944 2191 δὲ
2984 2138 3256 2210 κρύπτειν
3297 2141 3397 2210 μὲν
3446 2142 3709 2211 ἐπειρᾶτο
3733 2141 3821 2193 καὶ

2249 2231 2333 2285 ἐτι
2354 2248 2369 2264 ο
2396 2235 2471 2295 ὡς
2493 2231 2538 2284 δ’
2578 2231 2818 2302 ἰσχυρῶς
2845 2231 3133 2285 ἐπετίθετο
3166 2235 3245 2304 μὴ
3274 2234 3502 2301 ἀνήσειν
3527 2233 3820 2304 ὁμολογῶν,

2249 2325 2477 2391 ἐκεῖνος,
2535 2323 2790 2394 σύνθημα
2855 2324 2980 2387 δοὺς
3041 2325 3116 2393 μή
3180 2340 3291 2376 τινι
3323 2324 3385 2376 τδ
3417 2324 3585 2395 ἔργον
3631 2325 3822 2388 ζῶντος

2263 2416 2467 2487 Ἀμοῦν
2498 2418 2755 2482 ἐξειπεῖν,
2797 2414 3063 2485 ἐγνώριζε
3095 2415 3160 2468 τὸ
3186 2416 3404 2484 συμσάν
3430 2435 3446 2450 ·
3492 2418 3585 2471 καὶ
3617 2417 3822 2484 φύσεως

2251 2508 2564 2579 ὑπερτέρας
2600 2506 2743 2561 εἶναι
2768 2507 2862 2561 τοῦ
2894 2506 3084 2560 λοιποῦ
3109 2508 3203 2559 τὸν
3225 2509 3399 2578 ἄνδρα
3426 2509 3589 2580 ᾤετο.
3621 2509 3743 2562 Ὀτι
3768 2508 3821 2561 δὲ

2250 2602 2348 2656 καὶ
2374 2603 2529 2666 θείας
2560 2600 2928 2673 προγνώσεως
2958 2599 3215 2670 ἔμπλεως
3242 2599 3332 2672 ἦν,
3366 2602 3537 2667 δείξει
3567 2604 3630 2656 τδ
3659 2602 3818 2673 ῥηθη-

2251 2694 2500 2761 σόμενον.
2539 2694 2676 2756 Παῖς
2698 2693 2905 2746 ἀδίκων
2955 2692 3213 2763 πατέρων
3270 2692 3397 2747 κυνὶ
3437 2693 3704 2747 λυσσῶντι
3731 2693 3818 2762 δη-

2249 2783 2426 2853 χθεὶς,
2451 2784 2632 2837 θανεῖν
2662 2784 2853 2837 ἐσόσον
2873 2783 3030 2838 οὔπω
3058 2784 3436 2854 προσδόκιμος
3467 2781 3557 2859 ἦν.
3598 2788 3745 2839 Ἐπεὶ
3767 2786 3819 2839 δὲ

2249 2876 2389 2946 πρὸς
2407 2875 2613 2945 Ἀμοῦν
2666 2875 2898 2945 ἤγαγον,
2954 2877 3055 2946 τὴν
3085 2877 3232 2931 ίασιν
3280 2878 3608 2950 ἐλιπάρουν.
3641 2879 3742 2932 Τὸν
3766 2877 3819 2929 δὲ

2251 2968 2420 3037 φάναι
2439 2983 2454 2999 ⁸
2484 2968 2600 3021 Ούκ
2629 2967 2758 3037 ἐγὼ,
2792 2969 2909 3022 ἀλλ’
2947 2969 3110 3039 ὑμεῖς
3146 2970 3333 3034 αὑτὸν,
3373 2972 3501 3040 εῐγε
3530 2968 3821 3042 βούλοισθε.

2253 3057 2655 3127 θεραπεύσετε.
2694 3058 2757 3113 Εἰ
2788 3058 2897 3129 γὰρ
2924 3058 3225 3112 ἀποδοῦναι
3279 3060 3409 3129 ὑμῖν
3455 3062 3547 3115 τὸν
3577 3061 3701 3131 βοῦν
3736 3065 3823 3127 γέ-

2252 3163 2422 3213 νοιτο,
2446 3147 2578 3218 παρ’
2597 3141 2673 3202 ὧν
2696 3148 2863 3219 συλᾷν
2880 3148 3095 3203 εἵλεσθε
3123 3149 3439 3217 δεσποτῶν,
3456 3152 3657 3206 αὐτίκα
3684 3152 3821 3222 ῥᾴων

2248 3241 2401 3292 ἔσται
2429 3242 2458 3294 6
2487 3242 2620 3304 παῖς
2646 3241 2755 3294 τῶν
2785 3241 3001 3296 δεινῶν.
3038 3243 3151 3295 Καὶ
3172 3243 3200 3295 6
3233 3241 3334 3313 μὲν
3365 3242 3497 3314 βοῦς
3526 3244 3816 3298 ἀπεδίδοτοο

2243 3336 2273 3386 6
2300 3334 2359 3387 δὲ
2393 3334 2639 3398 κίνδυνος
2667 3335 2847 3388 αὐτίκ’
2877 3334 3254 3405 ἐδραπέτευεν
3288 3336 3488 3407 ἐξάντη
3523 3338 3706 3391 κακῶν
3735 3336 3819 3388 τὸν

2246 3428 2415 3480 παῖδα
2451 3427 2645 3482 λιπών.
2715 3427 2873 3480 Ἐπεὶ
2924 3426 2983 3479 δὲ
3015 3428 3199 3498 χρόνῳ
3233 3427 3467 3499 ὓστερον
3495 3431 3591 3483 καὶ
3630 3427 3818 3497 ’Δμοῦν

2247 3519 2527 3585 ἐτελεύτα,
2560 3520 2781 3588 λέγεται
2817 3519 3108 3576 ’Λντώνιον
3138 3521 3494 3594 ἀναγομένην
3521 3524 3621 3593 τὴν
3647 3522 3818 3593 ψυχὴν

2247 3611 2458 3663 ἐκείνου
2485 3613 2565 3674 είς
2582 3611 2819 3680 οὐρανὸν
2846 3611 3102 3681 θεωρεῖν,
3129 3611 3454 3685 περικύκλῳ
3484 3615 3646 3668 θείων
3669 3612 3819 3667 δυνά·

2252 3723 2404 3774 μεων
2435 3706 2744 3776 ἑπομένων,
2776 3706 2872 3759 καὶ
2908 3707 3404 3777 παραπεμπόντων
3436 3710 3654 3769 ἐκείνην
3689 3704 3820 3758 αίδοί

2251 3800 2343 3851 καὶ
2373 3798 2676 3868 δορυφορίᾳ
2707 3797 2905 3867 πολλῇ,
2937 3800 3034 3851 καί
3067 3816 3175 3851 τινι
3200 3800 3431 3870 ἀρρήτῳ
3482 3798 3666 3870 ὓμνων
3690 3796 3816 3868 ᾤδῇ’

2248 3890 2376 3952 τοὺς
2398 3889 2454 3942 δὲ
2494 3890 2625 3959 περὶ
2655 3890 2819 3944 αὐτὸν
2866 3892 2921 3942 ἐν
2954 3889 3217 3958 ἐκπλήξει
3249 3891 3340 3943 τὸν
3380 3884 3520 3962 ἀέρα
3552 3890 3817 3958 θεώμενον

2249 3984 2343 4038 καὶ
2376 3983 2463 4037 διὰ
2493 3982 2777 4052 θαύματος
2816 3981 3011 4054 ἔχοντα
3052 3982 3189 4052 πρὸς
3230 3982 3333 4053 τὴν
3357 3983 3484 4054 ὄψιν
3519 3983 3626 4037 τῶν
3656 3996 3819 4048 παραυ

2246 4075 2437 4141 δόξων,
2507 4074 2972 4128 διαπυνθάνεσθαι
3032 4075 3124 4127 τὸν
3171 4072 3472 4129 Ἀντώνιον
3501 4076 3601 4143 τὴν
3624 4071 3815 4126 αἰτίαν.

2250 4169 2356 4221 Τὸν
2388 4168 2446 4220 δὲ
2481 4167 2556 4238 μὴ
2582 4168 2900 4237 ἀποκρύψαι
2926 4166 3028 4237 τὴν
3061 4166 3185 4231 ὄψιν
3205 4182 3219 4195 ·
3251 4167 3345 4220 καὶ
3373 4164 3653 4237 τάσφαλὲς
3680 4158 3818 4232 εἶχεν

2247 4266 2276 4316 6
2301 4261 2459 4331 λόγος
2480 4276 2494 4289 ·
2529 4260 2703 4314 ἔπειτ’
2734 4261 2842 4313 ἀπὸ
2872 4261 3127 4329 Σκήτεως
3178 4258 3391 4312 πολλῶν
3414 4259 3624 4313 ἐκεῖθεν
3663 4254 3816 4326 ἡκόν-

2247 4366 2379 4415 των,
2411 4348 2506 4401 καὶ
2537 4350 2627 4400 τὸν
2670 4349 2863 4417 χρόνον
2899 4348 2998 4413 τῆς
3027 4346 3231 4416 Ἀμοῦν
3276 4347 3545 4417 τελευτῆς
3574 4343 3817 4399 ἀνειπόν-

2249 4457 2360 4493 των
2380 4456 2394 4473 ’
2422 4420 2645 4493 εἶναι“δ’
2673 4440 2905 4502 ἐκεῖνον,
2940 4438 3062 4492 καθ’
3090 4439 3152 4491 6v
3199 4438 3492 4500 Ἀντώνιος
3531 4433 3818 4506 ἐκπληττό-

559 4534 731 4590 etiam
761 4535 1026 4590 ineﬂ‘abili
1052 4537 1287 4606 quodam
1323 4537 1653 4606 hymnorum
1677 4539 1921 4595 carmine
1953 4555 2145 4610 prose-

2256 4549 2418 4601 μενος
2444 4533 2526 4596 είς
2551 4532 2816 4603 ούρανοῦς
2842 4531 3036 4585 ἐϐλεπε
3060 4547 3074 4562 ⁸
3107 4536 3203 4586 καὶ
3232 4534 3403 4603 ἄμφω
3424 4533 3483 4587 δὲ
3514 4532 3695 4603 ἠξίουν
3719 4543 3814 4597 μα·

561 4626 885 4694 quentibus.
926 4626 994 4681 Et
1038 4643 1184 4692 cum,
1219 4627 1313 4696 qui
1352 4637 1467 4681 tum
1507 4642 1628 4682 cum
1680 4630 1937 4707 Antonio‘
1966 4639 2145 4697 erant,

564 4732 662 4787 per
690 4719 1193 4773 consternationem
1245 4719 1300 4773 in
1351 4735 1535 4775 aerem
1570 4722 1928 4791 suspiciente,
1962 4732 2021 4777 et
2066 4723 2146 4778 rei

565 4819 730 4865 tantae
750 4811 945 4866 faciem
969 4810 1298 4875 admirante,
1321 4825 1540 4866 causam
1567 4812 1636 4867 ab
1659 4828 1726 4868 eo
1751 4812 2100 4883 requirerent
2127 4850 2145 4877 ,

565 4899 659 4953 ille
700 4900 876 4953 visum
914 4900 967 4953 id
1022 4899 1450 4970 haudquaquam
1501 4902 1778 4957 occultum
1821 4903 2035 4958 habuit.
2079 4904 2150 4959 Et

564 4994 732 5047 verba
761 4993 881 5064 ejus
904 5009 961 5045 re
987 4992 1104 5062 ipsa
1136 5001 1265 5047 sunt
1292 4994 1636 5049 conﬁrmata.
1671 4995 1966 5059 Postquam
1997 4996 2146 5050 enim

564 5099 597 5141 a
631 5083 779 5138 Sceti
819 5084 977 5138 multi
1016 5099 1243 5151 venere,
1272 5094 1330 5140 et
1360 5096 1579 5156 tempus
1605 5087 1790 5141 obitus
1821 5086 2038 5141 Amoun
2067 5087 2150 5141 in-

565 5178 839 5241 dicavcre,
887 5176 1020 5252 illud
1074 5167 1251 5246 ipsum
1302 5187 1529 5247 tempus
1574 5193 1697 5233 esse
1744 5189 2146 5249 cognoverunt,

565 5281 693 5321 eum
716 5267 988 5323 Antonius
1013 5276 1239 5337 stupore
1263 5280 1550 5340 correptus
1577 5270 1630 5324 in
1662 5272 1837 5326 celos
1864 5272 2145 5342 suspexit;

569 5370 628 5414 et
658 5369 952 5429 utrumque
984 5373 1115 5417 sane
1158 5364 1359 5419 merito
1392 5364 1611 5418 beatum
1646 5365 1965 5420 habendum
1992 5366 2149 5419 dixe.

575 5459 702 5506 runt
744 5467 760 5504 ;
805 5453 1021 5506 Amoun
1069 5453 1315 5523 quidem,
1360 5456 1508 5526 quod
1550 5463 1631 5510 sle
1667 5471 1698 5510 e
1734 5457 1843 5511 vita
1892 5458 2147 5526 praesenti

574 5543 882 5598 subductus
912 5554 1058 5600 esset
1094 5589 1109 5611 ,
1140 5546 1444 5602 Antonium
1479 5564 1633 5614 vero,
1663 5549 1809 5619 quod
1851 5565 1976 5604 eum
2004 5550 2149 5605 Deus

573 5636 787 5691 visione
837 5653 900 5691 ea
954 5638 1210 5709 dignatus
1265 5651 1412 5696 esset
1467 5660 1479 5694 :
1539 5658 1664 5696 cum
1718 5643 1941 5710 quidem
2004 5644 2147 5697 inter

580 5728 868 5799 utriusque
896 5730 1247 5787 habitationis
1276 5734 1481 5794 locum,
1506 5749 1761 5803 magnum
1798 5735 2145 5788 intervallum

575 5826 744 5888 atque
771 5821 983 5875 dierum
1012 5823 1221 5893 aliquot
1260 5824 1628 5879 intercederet
1664 5826 1785 5879 tlt't'.
1823 5828 1998 5894 Atque
2035 5836 2147 5881 tunc

2254 4623 2529 4693 καρισμοῦ
2555 4641 2568 4656 ο
2602 4624 2694 4675 τὸν
2727 4623 2827 4694 μὲν
2860 4622 3038 4685 οὕτως
3073 4625 3186 4678 τῶν
3227 4625 3520 4694 παρόντων
3576 4619 3815 4676 ἀπαλλα-

2251 4715 2441 4782 γέντα,
2472 4714 2763 4783 Ἀντώνιος
2809 4714 2855 4769 δ’
2899 4717 2981 4769 ὅτι
3014 4716 3288 4786 τοσαύτης
3327 4716 3504 4785 ὅψεως
3529 4713 3725 4783 ἠξίωτο
3757 4710 3815 4760 ἐκ

2250 4807 2424 4859 Θεοῦ·
2471 4805 2671 4858 πολλοῦ
2699 4807 3073 4877 διαστήματος
3129 4808 3356 4880 ἡμερῶν
3403 4807 3526 4863 ὀδοῦ
3564 4805 3641 4875 τῷ
3674 4804 3815 4872 μέσῳ

2251 4895 2402 4965 τόπῳ
2428 4896 2531 4963 τῆς
2593 4895 2881 4968 διατριϐῆς
2921 4897 3203 4967 ἑκατέρων
3241 4898 3416 4961 ὄντος.
3483 4896 3594 4951 Καὶ
3618 4897 3686 4946 τὰ
3727 4891 3816 4959 μὲν

2251 4991 2384 5058 περὶ
2413 4988 2707 5042 Ἀντωνίου
2736 4990 2831 5042 καὶ
2862 4989 3069 5060 Ἀμοῦν
3103 4984 3205 5042 ὧδε
3239 4990 3541 5062 ἱστόρηται.
3580 4983 3733 5040 Κατά
3765 4981 3816 5033 δὲ

2251 5082 2342 5135 τὸν
2369 5083 2532 5135 αὐτὸν
2565 5084 2779 5154 χρόνον,
2812 5083 2905 5136 καὶ
2933 5083 3037 5136 άνά
3064 5082 3159 5134 τδν
3191 5082 3293 5153 τῆς
3329 5081 3588 5141 Βιθυνίας
3617 5078 3815 5142 Ὀλυμ-

2253 5187 2355 5224 πον
2392 5171 2724 5241 Εὐτυχιανὸς
2785 5174 2995 5235 ἐκεῖνος
3028 5172 3125 5232 τὰς
3157 5171 3448 5241 διατριϐὰς
3501 5166 3813 5235 ποιούμενα,

2252 5262 2564 5333 φιλοσοφῶν
2617 5259 2716 5332 ἦν’
2757 5264 2910 5326 θείας
2957 5263 3066 5334 γὰρ
3118 5263 3344 5333 χάριτος
3393 5265 3459 5315 ὲκ
3491 5263 3589 5331 τῆς
3623 5253 3816 5326 ἀρετῆς

2254 5356 2569 5427 μετασχὼν,
2589 5355 2667 5420 ῶς
2700 5357 2796 5409 καὶ
2826 5356 3129 5426 θαυμάτων
3158 5357 3256 5409 καὶ
3281 5357 3529 5426 τεράτων
3556 5352 3817 5404 πλείστων

2251 5450 2559 5516 αὐτουργὸν
2622 5451 2882 5517 γενέσθαι
2936 5446 3167 5515 πολλῶν,
3226 5448 3417 5511 νόσους
3449 5446 3559 5498 τῶν
3590 5441 3815 5495 ἀνιάτων

2254 5544 2394 5597 ἰᾶτο.
2431 5543 2508 5598 Δι’
2535 5542 2570 5598 ἃ
2595 5542 2687 5595 καὶ
2719 5542 3123 5611 Κωνσταντίνῳ
3158 5542 3371 5612 βασιλεῖ
3405 5538 3606 5605 σπουδὴ
3635 5537 3814 5602 γέγθνε

2254 5635 2409 5702 φίλον
2450 5637 2661 5686 ἐκεῖνον
2698 5634 2790 5685 καὶ
2854 5634 3059 5703 συνήθη
3112 5635 3309 5686 ποιεῖν.
3372 5634 3512 5686 Κατ’
3559 5629 3731 5679 ὲκεῖνυ
3763 5624 3814 5671 δὲ

2254 5733 2448 5798 nate-,0
2476 5730 2584 5779 τῶν
2614 5745 2697 5787 τις
2732 5726 3027 5795 βασιλικῶν
3050 5729 3389 5798 δορυφόρων,
3419 5723 3653 5791 ὑποψῖαν
3682 5717 3814 5784 σχὼν

2252 5824 2322 5883 ὡς
2356 5825 2440 5890 εἴη
2488 5823 2784 5889 τυραννικὰ
2843 5823 3079 5889 φρονῶκ,
3136 5824 3258 5888 περί
3294 5839 3396 5871 που
3424 5820 3513 5869 τὶν
3544 5817 3814 5880 ὌλυμπΎδ
