4118 6456
327 378 423 442 161

1250 366 1852 431 ECCLESIAS’I'IC.E
1893 363 2284 425 IIISTORIAS
2324 362 2474 426 LIB.
2514 364 2685 426 VIII.

3475 358 3579 424 162

321 492 697 563 κρυπτόμενος
730 489 826 542 καὶ
850 486 1132 550 ἑαλωκὼς,
1164 485 1532 554 δεσμωτηρίῳ
1567 482 1888 549 καθεῖρκτο.

2002 479 2220 547 quidem
2255 480 2325 536 de
2351 482 2592 535 Antonio
2622 491 2679 535 et
2706 484 2944 543 Amoun,
2972 482 3251 536 memoria:
3277 493 3408 535 sunt
3442 496 3572 550 pro-

330 584 487 637 Ἐπεὶ
510 582 567 635 δὲ
598 583 829 649 πικραῖς
848 579 1107 650 βασάνοις
1153 578 1259 632 ἁνὰ
1288 579 1388 647 τὴν
1423 574 1651 644 εἱρκτὴν
1683 572 1888 643 εἴχετο,

324 677 377 728 oi
412 676 559 741 γένει
584 673 960 742 προσήκοντες
987 669 1309 740 Εὐτυχιανῷ
1337 667 1655 736 προσιόντες
1679 666 1891 719 ἐδέοντο

326 764 651 834 πρεσϐεύειν
717 765 777 820 ἐς
816 762 1043 834 βασιλέα
1102 761 1245 831 ὑπὲρ
1282 759 1450 814 αὐτοῦ
1473 775 1487 789 ·
1523 757 1618 812 καί
1679 772 1804 810 τινα
1834 755 1893 809 δὲ

324 861 501 912 ποιεῖν
563 857 847 926 πρόνοιαν,
906 854 1050 908 ὥστε
1101 854 1211 908 τῶν
1268 853 1487 922 δεσμῶν
1544 853 1773 914 ἀνεῖναι,
1816 849 1893 919 μὴ

318 950 502 1020 φθάσῃ
535 950 642 1020 πρὸ
664 948 763 1018 τῆς
802 948 1105 1019 πρεσϐείας
1133 948 1210 1015 τῷ
1234 945 1455 1017 χαλεπῷ
1493 944 1602 998 τῶν
1637 942 1891 1014 βασάνων

321 1042 663 1112 διαφθαρεὶς,
690 1043 790 1095 καὶ
816 1041 1064 1111 πέμψας,
1095 1041 1224 1103 τοὺς
1255 1037 1680 1109 δεσμοφύλακας
1716 1036 1894 1089 ἐδεῖτο

315 1132 428 1182 τῶν
456 1130 673 1198 δεσμῶν
698 1130 903 1182 ἀνεῖναι
923 1130 1107 1183 αὐτόν.
1144 1127 1231 1193 Ὠς
1258 1128 1303 1180 δ’
1333 1122 1500 1199 ἦττον
1522 1121 1667 1191 ἦσαν
1700 1123 1894 1194 πειθή-

320 1239 450 1285 νιοι,
506 1222 666 1285 αὐτὸς
701 1223 798 1275 ἐπὶ
847 1222 910 1274 τὸ
970 1220 1348 1292 δεσμωτήριον
1401 1222 1554 1291 ἥκει.
1612 1218 1758 1272 Δίδὲ
1792 1216 1892 1287 τῆς

323 1313 566 1381 φρουρᾶς
620 1310 789 1364 πύλαι
828 1311 1153 1381 αὐτόματοι,
1184 1311 1295 1364 τῶν
1351 1310 1621 1380 κλείθρων
1664 1309 1894 1379 διαρρα-

323 1405 526 1470 γέντων
556 1405 623 1472 τῇ
654 1402 749 1455 τοῦ
784 1403 978 1472 ἀνδρὸς
1002 1402 1302 1474 παρουσίᾳ,
1358 1401 1560 1455 θᾶττον
1594 1401 1893 1453 ἀνεπετάν-

324 1506 502 1544 νυντο.
532 1491 639 1543 Καὶ
673 1492 729 1543 ai
761 1494 827 1543 ὲκ
862 1490 1087 1562 σιδήρου
1117 1490 1276 1544 πέδαι
1304 1493 1402 1543 καὶ
1442 1489 1513 1542 τὰ
1544 1489 1721 1552 κλοιὰ,
1757 1489 1893 1539 ἁπο-

327 1581 582 1635 λείποντα
610 1583 699 1636 τὸν
725 1582 1032 1654 δεσμώτην,
1057 1583 1265 1653 διέρρει
1290 1582 1572 1652 ψοφοῦντα
1601 1580 1696 1634 καὶ
1721 1581 1895 1635 ἁπαν·-

325 1673 495 1743 ταχοῦ
534 1674 959 1746 σκεδαννύμενα.
1016 1672 1151 1730 Εἶτα
1183 1677 1321 1744 πρὸς
1355 1675 1587 1746 βασιλέα
1615 1675 1774 1745 ἥκειν
1814 1673 1893 1744 τῷ

319 1766 601 1836 Βυζαντίῳ
653 1766 1006 1838 διατρίςοντα
1056 1771 1387 1837 τηνικαῦτα,
1441 1771 1539 1821 καὶ
1596 1767 1756 1820 λῦσαι
1814 1764 1892 1834 τῷ

1863 1819 1875 1834 Ι

1833 1856 1859 1867 ~
1924 1819 1967 1874 Β

320 1856 594 1927 καταδίκῳ
621 1856 721 1927 τὴν
753 1860 1025 1929 τιμωρίαν
1054 1859 1239 1921 εὐθύς.
1268 1860 1539 1930 Δυσχερὲς
1567 1860 1678 1929 γὰρ
1697 1856 1895 1911 οὐκοῦν

321 1941 387 2015 ἦν
428 1947 820 2014 Κωνσταντίνῳ
851 1949 878 2001 ὅ
909 1966 962 2000 τι
987 1949 1054 2002 ἂν
1083 1950 1290 2012 ἐκεῖνος
1312 1951 1515 2020 αἰτοίη.
1547 1949 1764 2018 Σφόδρα
1786 1951 1893 2019 γὰρ

322 2040 397 2109 τῷ
426 2039 519 2092 τοῦ
543 2042 733 2110 ἀνδρὸς
754 2041 919 2110 ἔρωτι
952 2040 1260 2112 ὲντετηκὼς
1289 2036 1380 2113 ἦν,
1417 2043 1514 2095 καὶ
1534 2042 1624 2096 διὰ
1649 2040 1896 2113 μεγάλης

322 2135 557 2187 δποιεϊτο
588 2132 778 2203 τιμῆς.
813 2134 986 2202 Λόγος
1017 2132 1062 2187 δ’
1090 2134 1205 2204 ἔχει
1236 2135 1292 2197 ἐς
1313 2134 1540 2204 ὕστερον
1565 2133 1896 2205 Εὑτυ“χιανὸν

322 2225 394 2278 τὰ
426 2225 674 2279 Ναυάτου
737 2227 1032 2296 φρονῆσαι,
1087 2227 1184 2282 καὶ
1222 2227 1325 2298 τῆς
1387 2226 1619 2291 ἐνούσης
1655 2226 1897 2298 ξχάριτος

321 2316 648 2386 ἀμοιρήσαι.
713 2318 898 2371 Ταῦτα
934 2318 1034 2388 μὲν
1091 2321 1227 2390 ἡμῖν
1280 2321 1344 2372 ὲκ
1381 2320 1585 2388 μέρους
1634 2321 1767 2388 περὶ
1796 2319 1897 2389 τῆς

322 2411 602 2474 πολιτείας
632 2412 869 2483 εἰρήσθω
916 2412 1023 2465 τῶν
1056 2412 1334 2483 μοναχῶν,
1395 2415 1488 2465 καὶ
1517 2411 1627 2464 τῶν
1661 2413 1721 2465 ὲν
1755 2412 1894 2482 αὐτῇ

323 2499 805 2568 φιλοσοφησάντων
827 2515 841 2530 ο
898 2494 939 2568 ᾧ
963 2500 1021 2553 δὲ
1054 2500 1211 2570 μέλοι
1261 2501 1330 2554 τὰ.
1358 2498 1587 2554 τοιαῦτα
1612 2500 1898 2569 διερευνᾶ-

326 2592 472 2656 σθαι,
515 2593 740 2656 πολλαῖς
799 2592 1016 2663 ἐντύχοι
1050 2595 1161 2648 τῶν
1213 2594 1436 2664 βίϐλων,
1468 2581 1897 2660 πλείστουςτῶν

327 2683 577 2751 τηνικάδε
610 2684 705 2737 καὶ
736 2685 971 2754 καθεξῆς
1003 2686 1262 2757 ἀκριοείᾳ
1312 2684 1430 2755 βίου
1465 2685 1897 2758 διαλαμψάντων

326 2778 686 2845 ίστορουσὼν·
713 2778 951 2846 μάλιστα
971 2778 1015 2832 δ’
1040 2780 1073 2849 ἢ
1111 2781 1313 2851 Λαύσῳ
1348 2784 1700 2852 πραιποσίτῳ
1725 2783 1898 2853 ἐγρά-

326 2887 425 2940 φη.
459 2870 665 2941 Πολλὴν
693 2871 751 2924 δὲ
804 2873 899 2926 καὶ
943 2874 1255 2943 Σωφρόνιος
1309 2876 1336 2927 ό
1378 2874 1774 2946 Ἱεροσολύμων
1804 2877 1898 2929 κα)⁸

324 2962 536 3030 ἀγαθὴν
597 2964 843 3034 ἱστορίαν
894 2967 1024 3037 περὶ
1070 2966 1279 3020 τούτων
1316 2969 1455 3037 ἡμῖν
1509 2969 1895 3035 καταλέλοιπε,

324 3055 595 3123 Λειμῶνα
613 3058 708 3110 καὶ
724 3058 882 3112 Νέον
904 3057 1277 3128 παράδεισον
1299 3057 1397 3127 τὴν
1428 3058 1754 3129 συγγραφὴν
1778 3060 1898 3113 ὀνο·

327 3150 530 3217 μάσας.

1995 573 2129 630 dita.
2169 573 2375 628 Eodem
2416 588 2549 629 vero
2593 585 2866 644 tempore,
2905 584 2961 628 et
3007 574 3061 628 in
3106 573 3343 645 Olympo
3390 574 3576 646 Bithy-

1995 664 2100 718 nia:
2129 664 2504 733 Eutychianns
2544 665 2636 720 ille
2669 676 2940 731 versatus,
2973 666 3296 721 monasticm
3329 667 3577 735 philoso-

1994 754 2140 824 phiae
2194 770 2422 824 operam
2470 757 2718 811 navavit.
2778 755 3095 825 Tantopere
3145 756 3421 826 siquidem
3476 771 3575 825 per

1997 847 2258 900 virtutem
2289 846 2490 900 divina:
2519 850 2710 917 gratia:
2743 849 3018 917 particeps
3048 857 3135 902 est
3168 847 3369 908 iactus,
3404 856 3467 901 ut
3497 847 3576 913 (ι)

1997 937 2263 993 miracula
2296 946 2354 993 et
2389 937 2638 1007 prodigia
2678 938 2913 1007 plurima
2945 938 3205 1003 ediderit,
3237 938 3576 1005 morbosque

1996 1030 2330 1086 incurahiles
2396 1033 2701 1087 sanaverit.
2766 1033 3119 1101 Quapmpter
3176 1030 3578 1085 Constantianus

1994 1138 2218 1193 quoque
2240 1125 2540 1194 imperator
2574 1141 2772 1193 magno
2803 1123 2990 1178 studio
3012 1123 3313 1177 amicitiam
3342 1135 3578 1175 consue-

1995 1222 2355 1290 tudinemque
2383 1222 2507 1291 ejus
2549 1221 2800 1275 ambivit.
2835 1221 3051 1278 Accidit
3081 1230 3222 1280 tum,
3266 1228 3326 1271 ut
3361 1233 3427 1270 ex
3474 1216 3575 1269 im.

1996 1315 2271 1384 peratoris
2325 1314 2584 1369 satellitio
2622 1312 2903 1383 quidam,
2960 1312 3265 1384 tyrannidis
3309 1310 3578 1364 aﬂ‘ectate

1995 1416 2306 1476 suspectus,
2330 1417 2387 1460 et
2413 1406 2559 1461 circa
2589 1405 2880 1477 Olympum
2920 1406 3251 1470 breuitatus,
3274 1413 3577 1470 captusque

1996 1498 2052 1553 in
2082 1497 2298 1552 vincula
2322 1499 2394 1552 sit
2421 1486 2816 1566 conjectusaEt
2840 1512 2964 1551 cum
2997 1510 3259 1565 perquam
3283 1492 3483 1547 acerbe
3524 1495 3576 1545 in

1995 1608 2245 1648 carcere
2303 1594 2690 1656 cruciaretur,
2738 1591 3036 1662 propinqui
3088 1600 3144 1644 et
3192 1588 3409 1659 cegnati
3457 1589 3578 1658 ejus

1995 1682 2403 1753 Eutychianum
2451 1684 2870 1746 convenientes,
2902 1693 2962 1734 ut
2998 1679 3334 1749 legationem
3385 1692 3578 1747 prcca-

1999 1774 2317 1861 tionemqne
2364 1787 2465 1842 pro
2510 1787 2579 1826 eo
2624 1773 2767 1839 apud
2803 1771 3195 1840 imperatorem
3245 1769 3574 1837 susciperet.

1996 1876 2162 1934 atque
2205 1866 2392 1935 aliquo
2427 1866 2592 1920 modo
2624 1864 2962 1935 provideret,
3001 1873 3063 1917 ut
3096 1864 3303 1917 interea
3342 1861 3578 1915 vinculis

1995 1957 2350 2023 liberaretur,
2399 1973 2469 2012 ne
2517 1957 2732 2012 scilicet
2785 1966 2913 2011 ante
2974 1955 3305 2025 legationem
3367 1953 3574 2008 obitam

1998 2050 2300 2105 acerbitate
2327 2060 2726 2105 tormentorum
2759 2049 3033 2114 interiret,
3080 2057 3364 2118 rogarunt.
3397 2047 3576 2115 Atque

1997 2128 2090 2201 ille
2128 2145 2199 2200 ad
2251 2145 2491 2198 carceris
2542 2141 2838 2208 custodes,
2889 2151 2951 2197 ut
3008 2140 3287 2196 hominem
3338 2139 3578 2193 vinculis

1998 2240 2272 2304 levarent,
2322 2246 2535 2293 oratum
2570 2237 2740 2291 misit.
2782 2237 2852 2291 Ut
2891 2250 3021 2290 vero
3058 2234 3135 2289 illi
3170 2232 3423 2304 petitioni
3459 2232 3580 2299 ejus

2003 2345 2116 2384 non
2159 2328 2510 2399 acquievere,
2564 2328 2797 2397 ipsemet
2841 2325 2909 2381 ad
2956 2338 3236 2380 carcerem
3282 2323 3455 2377 venit.
3516 2320 3581 2375 Et

1998 2438 2130 2478 ecce
2175 2422 2440 2475 custodiae
2485 2429 2661 2490 porta:
2697 2435 2797 2475 sua
2826 2426 3024 2490 sponte
3065 2417 3326 2473 claustris
3367 2414 3580 2479 fractis,

2001 2516 2068 2570 ad
2109 2515 2214 2570 viri
2263 2516 2613 2584 praesentiam
2665 2514 2851 2567 statim
2886 2522 3138 2582 patuere,
3181 2519 3239 2564 et
3283 2509 3584 2578 compedes

1998 2606 2496 2669 ferreanumellae
2535 2604 2866 2674 vinculaque
2903 2604 3139 2659 cervicis
3182 2602 3429 2657 vinctum
3493 2618 3584 2655 re-

2000 2700 2331 2770 linquentia,
2358 2713 2485 2753 cum
2511 2698 2751 2767 strepitu
2777 2697 3000 2768 delapsa
3022 2707 3171 2758 sunt,
3194 2706 3250 2750 et
3276 2698 3383 2750 huc
3416 2707 3584 2763 atque

2001 2794 2135 2849 illuc
2163 2794 2440 2862 dispersa.
2493 2790 2705 2847 Deinde
2753 2792 2821 2845 ad
2874 2792 3288 2860 imperatorem.
3333 2788 3426 2857 qni
3471 2799 3585 2840 tum

2000 2885 2250 2958 Byzantii
2279 2894 2422 2948 erat,
2456 2884 2755 2954 profectus,
2785 2884 2932 2937 illico
2964 2896 3120 2938 reum
3155 2881 3587 2936 condenmatum

2000 2975 2275 3046 supplicio
2320 2973 2597 3029 liberavit.
2633 2972 2803 3043 628
2840 2971 2988 3026 Nihil
3034 2971 3180 3026 enim
3221 2969 3589 3024 Constantino

2002 3067 2228 3124 diﬂicile
2275 3076 2372 3120 aut
2407 3065 2701 3120 molestum
2732 3065 2856 3129 fuit,
2904 3062 3051 3132 quod
3084 3062 3168 3116 vir
3214 3062 3305 3116 ille
3353 3070 3589 3130 peteret,

1920 3158 1967 3221 C
2000 3176 2165 3231 quem
2217 3159 2582 3213 vehementer
2629 3157 2870 3223 amabat,
2923 3167 2980 3210 et
3023 3170 3222 3225 magno
3276 3155 3332 3209 in
3382 3156 3592 3207 honore

328 3244 577 3301 habebat.
608 3244 773 3300 Fama
800 3254 982 3301 autem
1010 3249 1137 3313 lert,
1170 3246 1572 3317 Entyelnanum
1603 3260 1793 3319 postea
1857 3255 1927 3310 ad
1970 3255 2167 3311 Novati
2236 3254 2488 3309 haeresim
2513 3251 2836 3317 descivisse,
2862 3258 2919 3304 et
2941 3265 3005 3304 ea
3035 3266 3158 3321 quae
3191 3250 3241 3304 ei
3271 3250 3442 3303 inerat
3473 3264 3596 3319 gra—

329 3335 401 3389 tia
426 3335 692 3392 excidisse
725 3339 824 3409 (2).
851 3337 919 3391 Et
948 3337 1065 3394 htec
1110 3338 1358 3408 quidem,
1393 3342 1582 3410 aliqua
1653 3361 1723 3400 ex
1759 3355 1935 3415 parte,
1972 3347 2137 3403 nobis
2172 3346 2241 3400 de
2266 3344 2668 3400 monachorum
2737 3343 2990 3399 instituto
3016 3353 3072 3396 et
3100 3341 3451 3412 philosophia
3481 3342 3595 3394 sint

327 3429 493 3485 dicta.
528 3430 633 3496 Qui
659 3442 843 3486 autem
876 3433 1006 3487 talia
1041 3434 1281 3487 scrutari
1317 3434 1483 3500 volet,
1516 3437 1725 3493 multos
1760 3441 2013 3497 inveniet
2072 3441 2268 3504 libros,
2306 3440 2364 3493 in
2433 3437 2639 3507 quibus
2670 3436 2917 3507 plurimi,
2957 3438 3051 3504 qui
3092 3450 3156 3489 ea
3231 3443 3394 3488 atate
3426 3444 3595 3503 atque

326 3523 586 3596 deinceps
630 3526 940 3595 integritate
982 3526 1110 3580 vita:
1140 3526 1410 3591 enituere,
1448 3543 1977 3598 commemorantur,
2023 3526 2372 3603 potissimtim
2422 3545 2577 3595 vero,
2606 3538 2730 3599 quae
2799 3528 2869 3583 de
2934 3529 3001 3583 iis
3068 3528 3281 3584 Lausus
3334 3530 3598 3599 pra-posi-

331 3630 414 3676 tus
454 3618 803 3688 conscripsit.
844 3618 1070 3674 Multam
1112 3636 1334 3690 quoque
1376 3632 1434 3676 et
1472 3624 1663 3678 utilem
1705 3626 1774 3681 de
1820 3629 1904 3683 eis
1944 3629 2232 3684 historiam
2266 3626 2612 3697 Sophronias
2680 3625 3217 3696 IIierosolymitanus
3279 3626 3440 3681 nobis
3467 3625 3596 3680 relia

327 3716 468 3785 quit,
517 3714 667 3768 Prati
699 3721 757 3768 et
798 3711 940 3768 Νουί
973 3715 1218 3784 paradisi
1263 3716 1447 3781 titulo,
1486 3718 1699 3788 scripto
1732 3720 1785 3774 ei
1821 3720 2016 3778 indito.

888 3851 1139 3905 ΚΕΦΔΛ.
1193 3851 1331 3907 MB’.

328 3967 465 4038 Περὶ
494 3966 610 4022 τῶν
626 3966 813 4036 ἁγίων
843 3965 941 4038 καί
970 3964 1442 4038 θαυματουργῶν
1489 3967 1894 4036 Σπυρίὸωνος,

702 4035 1006 4090 Νικολάου
1037 4037 1134 4089 καί
1168 4038 1526 4104 Παρθενίου.

411 4154 561 4209 Ἐπεὶ
606 4153 662 4205 δὲ
705 4152 798 4206 καὶ
841 4150 1186 4220 Σπυρίδωνος
1228 4152 1326 4205 καὶ
1376 4151 1650 4207 Νικολάου
1697 4155 1897 4225 μνείαν

327 4246 655 4320 ποιήσασθαι
682 4245 1019 4315 ὑπεσχόμην,
1043 4242 1281 4297 ἐνταῦθα
1313 4245 1422 4297 δεῖν
1451 4240 1607 4316 οἶμαι
1636 4247 1896 4299 ἀποτίσαι

324 4343 422 4415 τὴν
455 4340 698 4411 ὀφειλὴν.
738 4338 870 4409 Περὶ
929 4338 1039 4409 γὰρ
1067 4338 1177 4391 τῶν
1216 4338 1395 4392 ἄλλων
1442 4339 1798 4409 ὁμολογητῶν
1834 4356 1895 4393 τε

325 4437 418 4489 καὶ
466 4433 735 4505 ῑεραρχῶν
775 4431 943 4503 μυρία
999 4433 1094 4485 καὶ
1146 4432 1428 4499 παράδοξα
1468 4433 1563 4488 καὶ
1612 4434 1897 4487 παθόντων

2572 3853 2802 3910 CAPUT
2858 3853 3022 3909 XLII.

2008 3968 2087 4023 De
2105 3969 2305 4024 sanctis
2330 3984 2649 4043 magnorum
2679 3969 3066 4043 miraculorum
3102 3971 3390 4027 editoribus
3411 4014 3427 4039 ,
3458 3972 3598 4043 δρυ-

2333 4039 2538 4105 τὶιίοηε,
2582 4039 2805 4093 Nicolao
2845 4050 2894 4094 et
2938 4041 3249 4098 Parthenio.

2075 4154 2540 4225 Quandoquidem
2588 4166 2721 4208 vero
2771 4164 2828 4208 et
2877 4152 3207 4225 Spyridonis
3277 4167 3335 4211 et
3383 4156 3597 4213 Nicolai

2006 4248 2350 4302 mentionem
2396 4262 2485 4300 me
2540 4244 2816 4301 facturum
2865 4262 2988 4301 esse
3048 4248 3258 4317 recepi,
3317 4249 3423 4304 hoc
3473 4252 3598 4305 loco

2006 4340 2169 4395 Iidem
2199 4339 2338 4393 mihi
2372 4339 2721 4393 liberandam
2748 4352 2873 4393 esse
2901 4338 3061 4394 duxi.
3098 4340 3175 4394 De
3203 4341 3328 4396 aliis
3357 4356 3601 4410 namque

2007 4430 2431 4486 confessorihns
2477 4439 2539 4485 et
2569 4429 2903 4494 hierarchis,
2934 4431 3029 4500 qui
3075 4431 3512 4486 innumerabilia
3543 4444 3603 4487 et

325 4530 417 4581 καὶ
452 4493 829 4596 εἰργασμένων
855 4493 1124 4578 ’διέλασον
1169 4493 1385 4578 ἄνωθεν
1406 4543 1417 4556 ·
1458 4527 1552 4579 καὶ¹
1600 4527 1677 4590 ὡς
1712 4526 1900 4580 πολλοὶ

2012 4524 2247 4579 miriﬁca
2279 4524 2429 4602 passi
2460 4533 2593 4578 sunt
2644 4532 2701 4577 et
2742 4510 3017 4589 iecerunt,
3047 4532 3106 4578 et
3147 4538 3387 4592 quorum
3416 4526 3600 4591 ιιιυιιῑ,

324 4620 529 4673 τούτων
584 4622 650 4690 τῇ
684 4618 880 4692 ἐνούσῃ
917 4618 1077 4695 ῥώμῃ
1131 4623 1231 4691 τῆς
1266 4622 1489 4690 χάριτος
1521 4623 1617 4675 καὶ
1668 4623 1898 4690 νεκροὺς

326 4711 622 4765 ἀναῦιῶναι
654 4713 1160 4783 παρεσκευάσαντο.
1206 4714 1296 4784 Τῷ
1327 4731 1391 4783 γε
1446 4715 1555 4786 μὴν
1587 4714 1719 4785 θείῳ
1760 4716 1904 4768 Σπυ-

330 4802 510 4876 ρίδωνι
541 4801 777 4873 τοσαύτη
811 4802 905 4857 τοῦ
940 4803 1087 4857 θείου
1147 4806 1465 4874 Πνεύμκτος
1513 4808 1675 4878 χάρις
1706 4811 1905 4879 προσέ-

329 4910 465 4962 πτη,
490 4895 566 4957 ὡς
592 4896 783 4965 ἀρκεῖν
835 4893 931 4963 τὴν
967 4896 1136 4949 είσέτι
1179 4899 1372 4967 φήμην
1420 4899 1548 4968 ’περὶ
1599 4901 1770 4952 αὐτοῦ
1806 4901 1906 4970 τὴν

328 4987 531 5056 ἀρετὴν
559 4987 858 5057 παριστᾷν.
887 4989 1182 5059 Ἀγροικος
1212 4988 1254 5042 δ’
1281 4988 1377 5052 ὣν,
1427 4991 1522 5044 καὶ
1557 4993 1781 5059 γυναικὶ
1814 5009 1909 5043 συ-

328 5078 460 5145 ζῶν,
512 5079 606 5131 καὶ
643 5080 852 5133 παίδων
900 5082 1084 5151 πατὴρ
1137 5082 1403 5150 γεγονὼς,
1447 5084 1508 5135 οὐ
1556 5086 1709 5153 παρὰ
1749 5083 1909 5137 τοῦτο

328 5172 527 5240 χείρων
561 5172 706 5235 τινὸς
753 5173 929 5245 ἐφάνη
984 5173 1117 5244 περὶ
1154 5176 1226 5228 τὰ
1293 5174 1435 5230 θεῖα.
1476 5175 1732 5246 Τοσαύτη
1764 5175 1811 5229 δ’
1840 5172 1910 5248 ἦν

326 5264 546 5331 ὁσιότης
583 5263 771 5329 αὐτοῦ,
805 5265 877 5328 ὡς
912 5266 1008 5319 καὶ
1048 5268 1289 5336 ποιμένα
1317 5269 1576 5336 γενέσθαι
1601 5285 1615 5298 '
1649 5268 1912 5340 Τριμμυ-

328 5351 455 5416 θοῦς
484 5354 528 5407 δ’
548 5350 616 5426 ἦν
643 5357 671 5409 ὁ
702 5356 901 5429 κλῆρος
940 5358 1088 5429 αὐτῷ
1112 5376 1126 5391 θ
1161 5360 1195 5430 ἢ
1231 5360 1331 5430 μία
1356 5359 1464 5413 τῶν
1501 5364 1559 5415 ἐν
1591 5362 1806 5433 Κύπρῳ
1843 5365 1911 5435 τῇ

399 5538 478 5606 (1)
513 5539 731 5593 Socrat.
764 5538 860 5592 lib.
899 5557 937 5604 ι,
975 5556 1100 5609 cap.
1138 5541 1227 5597 i5.

399 5611 721 5680 (ἐγ-Κίμων
741 5611 808 5687 *δὲ
847 5612 944 5678 τῆς
975 5612 1344 5687 Ναματιανῶν
1388 5614 1716 5687 πρεσϐεύων
1762 5616 1917 5679 Θείας

329 5683 541 5754 χάριτος
601 5684 846 5749 μετεῖχε,
893 5691 1003 5754 etc.
1055 5681 1279 5738 Sozom.
1314 5681 1479 5749 libfi,
1513 5703 1635 5754 cap.
1674 5686 1758 5740 iri.
1798 5689 1916 5742 lioc

325 5763 425 5813 est,
456 5750 881 5826 Novatinnot‘tmt
914 5824 919 5826 ν
956 5752 1166 5826 mereris
1231 5771 1351 5808 cum
1406 5769 1557 5816 esset,
1584 5750 1783 5826 'gratiar
1837 5761 1920 5811 di—

326 5826 453 5877 rimi:
509 5827 785 5894 particeps
845 5823 965 5889 fuit.
1012 5821 1135 5878 Haec
1182 5828 1347 5881 verba
1401 5830 1544 5896 apud
1593 5821 1819 5882 Summ.
1863 5832 1917 5882 in

2011 4632 2135 4687 quae
2191 4618 2246 4672 in
2299 4618 2385 4673 eis
2424 4617 2552 4681 fuit,
2588 4615 2779 4687 gratiae
2828 4617 3030 4670 robore
3072 4626 3327 4671 mortuos
3378 4631 3603 4687 quoque

2014 4715 2350 4777 excitarunt,
2394 4727 2561 4781 supra
2611 4711 2992 4779 exposuimus.
3049 4709 3157 4780 Ipsi
3211 4710 3435 4780 quidem
3472 4712 3603 4767 divo

2017 4805 2317 4877 Spyridoni
2368 4815 2519 4859 tanta
2553 4802 2724 4857 divini
2767 4801 3011 4872 Spiritus
3042 4803 3274 4859 incessit
3302 4806 3502 4875 gratia,
3542 4817 3606 4859 ut

2016 4917 2141 4972 qua:
2184 4901 2252 4956 de
2286 4917 2355 4957 eo
2391 4901 2710 4956 celebratur
2742 4899 2885 4955 fama
2919 4900 3024 4955 hoc
3064 4916 3291 4971 quoque
3330 4911 3607 4969 tempore,

2021 4995 2287 5049 virtutem
2321 4993 2442 5063 ejus
2473 5002 2726 5047 astruere
2771 4993 2969 5063 possit.
3003 4994 3270 5050 Rusticus
3299 4994 3448 5049 enim
3481 5009 3607 5047 cum

2019 5098 2194 5152 esset,
2228 5088 2632 5156 coniugemque
2678 5086 2733 5139 in
2770 5087 3151 5151 matrimonio,
3195 5097 3250 5141 et
3297 5088 3508 5143 liberos
3543 5103 3611 5141 rx

2021 5198 2085 5235 ea
2117 5192 2409 5250 susceptos
2443 5179 2708 5243 haberet,
2757 5194 2871 5233 non
2915 5192 3212 5251 propterea
3249 5182 3300 5235 in
3335 5182 3503 5235 rebus
3530 5181 3615 5232 di-

2022 5272 2168 5326 vinis
2194 5272 2441 5326 deterior
2467 5275 2656 5343 aliquo
2684 5269 2813 5325 fuit.
2845 5271 3020 5327 Tanta
3052 5260 3291 5342 namque
3322 5273 3377 5327 in
3411 5274 3616 5325 sant-ti—

2026 5374 2137 5419 tate
2166 5374 2305 5429 erat,
2335 5376 2394 5417 ut
2424 5374 2480 5420 et
2507 5382 2539 5420 a
2581 5366 2850 5439 pastorali
2886 5366 2996 5421 vita
3028 5380 3138 5420 non
3172 5364 3495 5418 abhorreret
3535 5364 3611 5431 (5)

2026 5548 2302 5665 principio
2340 5550 2678 5603 narrationis
2714 5549 2782 5602 tle
2821 5547 3169 5618 Eulycltiano
3226 5545 3403 5615 posita
3456 5549 3611 5620 guilt.

2026 5617 2372 5665 .‘irenlmrus
2406 5634 2590 5665 :ttttmn
2622 5622 2673 5665 in
2705 5630 2820 5665 lnln
2850 5618 2953 5665 hoc
2984 5634 3155 5665 onere
3184 5614 3505 5665 Novaliams
3530 5618 3611 5663 uel

2026 5614 2372 5699 i‘iirephorus
2406 5634 2590 5672 autem
2622 5622 2675 5673 in
2705 5630 2820 5674 toto
2850 5614 2953 5672 hoc
2984 5634 3155 5688 opere
3183 5614 3505 5671 Novatianis
3530 5618 3618 5663 est

2030 5705 2291 5755 tnlqntor.

2102 5761 2177 5823 (Β)
2217 5760 2577 5829 Spyridonem
2608 5761 2796 5817 istum.
2815 5775 2939 5813 eum
2965 5759 3265 5827 episcOpus
3292 5771 3458 5819 esset.
3485 5773 3618 5813 oves

2029 5847 2256 5899 ριιειειε
2306 5847 2417 5885 non
2466 5830 2753 5900 puduisse,
2787 5848 2878 5901 per
2927 5846 3203 5885 summam
3250 5830 3620 5887 humilitatem
