4118 6544
553 396 658 466 163

1768 386 2195 448 NICEPHORI
2241 385 2581 444 CALLISTI

3731 363 3829 436 ιρι

555 514 973 586 (Trimmythus
1026 519 1233 576 autem,
1271 518 1393 578 qua:
1442 521 1551 561 una
1606 507 1659 559 in
1707 504 1891 572 Cypro
1942 501 2158 563 insula,

2261 502 2376 568 ήσῳ
2411 499 2620 550 πόλεων
2651 498 2952 565 ἐτύγχανεν
2979 488 3116 546 οἷσα
3156 509 3169 523 ⁸
3208 492 3299 543 ἐπὶ
3347 491 3518 542 τόσον
3551 486 3599 540 δ’
3631 488 3835 555 ἄτυφος

556 609 777 662 urbium
804 615 911 672 est,
947 612 1096 659 sorte
1132 603 1183 657 ei
1223 597 1574 665 obvenerat),
1598 612 1629 651 a
1673 596 1816 650 fastu
1854 604 1964 649 tam
2002 594 2133 648 alie-

557 712 685 761 nus,
718 708 778 753 ιιι
806 697 999 752 eodem
1028 696 1083 750 in
1134 694 1258 750 loco
1287 702 1345 747 et
1370 707 1506 747 oves
1533 690 1759 761 pabulo,
1791 698 1848 743 et
1878 686 2133 741 homines

559 789 809 843 doctrina
837 800 1004 857 atque
1031 787 1155 841 vita:
1177 785 1439 855 exemplo
1467 791 1717 854 pasceret
1747 782 1976 852 Optime.
1993 780 2133 833 Cum

564 888 746 933 autem
774 880 946 932 multa
972 878 1107 938 sint.
1136 892 1259 946 quae
1292 877 1361 931 de
1389 890 1458 931 eo
1488 875 1633 930 liber
1663 873 1719 927 in
1755 872 1930 941 ipsius
1963 870 2134 926 vitam

561 966 904 1036 compositus
928 979 1204 1031 recenset,
1240 980 1310 1020 ne
1351 962 1621 1020 socordiae
1667 965 1978 1017 sustineam
2025 959 2138 1013 cri-

564 1074 713 1121 men,
735 1072 875 1113 neve
901 1073 1101 1113 rursus
1122 1064 1276 1111 extra
1304 1054 1654 1127 propositum
1674 1052 1898 1122 longius
1922 1049 2135 1121 digredi

568 1148 778 1209 \idear,
819 1147 1060 1201 duorum
1090 1157 1188 1202 aut
1217 1148 1383 1202 trium
1422 1144 1777 1216 egregiorum
1809 1143 1931 1214 ejus
1969 1140 2138 1195 faeto-

568 1255 689 1293 rum
741 1238 1066 1293 meminero.
1116 1237 1290 1293 Fures
1340 1236 1637 1307 aliquando
1691 1249 1857 1291 noctu
1907 1233 2139 1289 irruisse

566 1330 831 1382 dicuntur
876 1329 935 1384 in
982 1329 1163 1384 sancti
1217 1328 1323 1382 viri
1355 1328 1524 1385 ovile.
1560 1325 1789 1381 insidias
1835 1326 1985 1397 gregi
2021 1326 2142 1395 ejus

570 1419 885 1481 tendentes.
912 1426 971 1474 et
1022 1420 1164 1474 clam
1197 1435 1331 1474 oves
1377 1419 1588 1489 aliquot
1620 1432 1816 1488 rapere
1848 1425 2137 1473 conantes.

568 1509 738 1580 629
771 1510 841 1565 Et
883 1525 1009 1565 cum
1041 1525 1207 1566 nemo
1240 1510 1325 1565 eis
1353 1508 1647 1579 compedes
1680 1509 1954 1580 injiceret,
1980 1507 2145 1562 dere-

573 1614 739 1669 pente
783 1601 1055 1657 divinitus
1095 1600 1268 1657 vincti
1318 1612 1470 1668 sunt,
1506 1617 1707 1657 aurora
1757 1601 2142 1663 illucescente,

574 1707 806 1763 niagnus
858 1692 952 1747 ille
982 1693 1066 1747 vir
1109 1692 1290 1754 adest,
1339 1707 1536 1748 manus
1585 1708 1777 1747 eorum
1815 1701 1941 1762 post
1994 1703 2144 1762 terga

577 1785 826 1838 redactas
878 1784 1116 1848 invenit,
1149 1784 1445 1841 subridet:
1479 1784 1701 1839 vincula
1734 1784 1850 1849 illa,
1889 1798 2013 1853 quae
2042 1784 2146 1838 sub

2235 589 2326 661 ἧν,
2356 592 2431 653 ὼς
2472 593 2529 643 ὲν
2559 588 2745 658 ταυτῷ
2774 591 2872 641 καὶ
2902 587 3155 653 πρόϐατα
3198 583 3443 654 βόσκειν,
3483 584 3583 634 καὶ
3611 582 3834 649 ἀνθρώ-

2238 698 2355 737 πων
2385 678 2529 735 εἶναι
2553 682 2792 751 ποιμένα
2829 678 3037 747 ἀγαθόν
3061 690 3122 730 τι
3167 676 3264 729 καί⁵
3296 675 3565 744 ἄριστον.
3607 668 3752 740 Ἐγὼ
3778 673 3835 724 δὲ

2238 775 2457 830 πολλῶν
2478 774 2651 828 ὄντων
2688 772 2799 825 τῶν
2831 772 2964 841 περὶ
2986 769 3171 834 αὐτὸν,
3201 768 3239 823 ἃ.
3265 769 3298 836 ἡ
3328 765 3459 819 κατ’
3491 763 3667 818 αὐτὸν
3700 763 3839 827 διέξ-

2239 887 2345 923 εισι
2376 866 2577 937 βίϐλος,
2618 864 2708 919 ἵνα
2741 862 2817 934 μὴ
2851 861 3124 932 ῥᾳθυμίας
3182 858 3409 927 ὑπόσχω
3468 852 3721 923 γραφὴν,
3747 856 3840 907 καὶ

2238 961 2403 1016 πάλιν
2427 961 2519 1015 ἵνα
2556 959 2632 1030 μὴ
2656 957 2762 1023 ἕξω
2793 956 2888 1010 τοῦ
2921 954 3290 1026 προκειμένου
3323 952 3474 1018 δόξω
3498 949 3839 1014 πλανᾶσθαι,

2237 1042 2333 1109 δύο
2378 1053 2617 1124 ἢτριῶν
2653 1051 2765 1103 τῶν
2818 1050 3034 1103 ἐκείνου
3094 1044 3524 1115 μνησθήσομαι.
3581 1040 3840 1103 κλέπτας

2242 1146 2373 1201 ποτέ
2412 1162 2548 1214 φασι
2581 1144 2797 1212 νύκτωρ
2823 1140 3261 1211 εἰσπηδήσαντας
3293 1138 3363 1206 τῇ
3393 1136 3514 1187 τῶν
3542 1133 3841 1203 προϐάτων

2241 1239 2336 1293 τοῦ
2390 1239 2542 1293 ὁσίου
2601 1235 2850 1296 ἐπαύλει,
2896 1230 3275 1299 ἐπιϐουλεύειν
3321 1228 3392 1297 τῇ
3444 1216 3691 1297 ποίμνῃ,
3752 1226 3843 1276 καί

2244 1331 2593 1402 ὑφαιρεῖσθαι
2626 1329 2739 1381 τῶν
2774 1326 3071 1397 προϐάτων
3097 1323 3278 1392 λάθρα
3311 1321 3550 1373 ἐποίουν
3575 1315 3787 1385 σπουδή
3807 1338 3842 1369 2.

2248 1423 2357 1478 Kal
2392 1423 2465 1492 μή
2502 1434 2652 1483 τινος
2700 1421 2869 1490 πέδην
2900 1416 3315 1477 ἐπιϐάλλοντος,
3340 1410 3622 1477 ἐξαπίνης
3660 1407 3845 1461 θεόθεν

2243 1515 2524 1585 δεσμῶται
2550 1509 2715 1584 ἦσαν.
2749 1510 2904 1582 Ἀμα
2934 1501 2993 1563 δὲ
3051 1509 3127 1577 ἕῳ
3160 1505 3253 1559 τὸν
3312 1502 3501 1575 μέγαν
3543 1500 3846 1569 παραγένο-

2250 1622 2436 1678 μενον,
2461 1607 2557 1661 καὶ
2581 1605 2680 1668 τὰς
2706 1604 2898 1675 χεῖρας
2927 1600 3156 1655 δπισθεν
3200 1594 3733 1666 διηγκωνισμὲνουε
3760 1593 3843 1643 εο-

2250 1698 2434 1768 ρὸντα,
2472 1693 2768 1764 μειδιῶντα
2801 1692 2913 1745 τῶν
2962 1689 3215 1758 ἀοράτων
3260 1682 3523 1739 ἐπιλύειν
3575 1678 3841 1749 δεσμῶνδ

2248 1792 2346 1844 καὶ
2371 1788 2731 1843 νουθετοῦντα
2762 1784 3076 1854 παραινεῖν,
3117 1778 3267 1834 Ἐνον
3288 1773 3434 1831 εἶναι
3465 1774 3666 1828 λαϐεῖν
3695 1772 3843 1832 αἰτῆ-

575 1875 766 1931 oculos
800 1892 909 1930 non
935 1876 1217 1937 caderent.
1253 1877 1421 1932 solvit
1447 1895 1461 1932 :
1492 1877 1699 1933 docens
1728 1888 1828 1933 eos
1855 1877 2139 1939 admonet,

2260 1880 2629 1945 ςαντας,οὖτω
2650 1880 3025 1948 ταλαιπωρεῖν
3062 1872 3255 1931 νυκτδς
3288 1863 3535 1924 εἵλεσθε.
3568 1860 3683 1920 Καὶ
3714 1858 3844 1934 μεθέ

574 1967 800 2022 licuisse
855 1966 962 2021 illis
1005 1967 1052 2021 si
1095 1968 1230 2036 quid
1264 1968 1577 2037 petiisseut.
1622 1968 1921 2038 accipere:
1962 1983 2147 2038 neque

573 2072 714 2127 opus
742 2057 941 2124 fuisse,
970 2072 1072 2112 cur
1102 2067 1267 2113 noctu
1314 2073 1375 2115 se
1422 2074 1738 2115 arumnose
1791 2059 2090 2130 fatigarent
2131 2077 2144 2112 :

576 2165 768 2204 mores
797 2164 991 2204 eorum
1034 2150 1103 2205 ad
1132 2150 1418 2205 meliorem
1450 2151 1645 2217 vitam,
1675 2158 1738 2202 ut
1760 2149 1911 2218 justo
1933 2157 2148 2219 quaestu

576 2242 746 2297 vitam
778 2245 1103 2308 tolerarent,
1133 2243 1529 2298 transformat:
1562 2253 1619 2299 et
1644 2253 1924 2314 postremo
1951 2257 2151 2299 arum-

577 2351 661 2389 me
696 2348 893 2389 eorum
948 2336 1266 2391 misertus:
1319 2335 1507 2399 Abite,
1557 2336 1761 2405 inquit,
1808 2347 1869 2391 et
1920 2337 2149 2390 arietem

578 2428 728 2483 hunc
751 2426 1009 2496 accipite,
1029 2441 1098 2482 ne
1128 2436 1350 2483 noctem
1382 2428 1527 2482 bane
1548 2426 1758 2481 frustra
1792 2428 2152 2498 pervigilasse

577 2519 925 2583 videamini;
963 2518 1570 2589 reprehensionemque
1610 2518 1768 2584 mihi,
1809 2528 2033 2589 propter
2068 2529 2152 2573 to-

577 2610 782 2666 leratos
813 2609 964 2665 domi
996 2624 1132 2665 mea:
1161 2609 1408 2671 labores,
1445 2609 1617 2663 veluti
1661 2610 1757 2677 qui
1805 2611 1965 2663 vacui
2001 2612 2156 2664 alne-

578 2703 725 2768 ritis,
760 2703 1097 2774 impingatis.
1133 2701 1315 2759 Unum
1346 2702 1453 2757 hoc
1497 2709 1585 2757 est
1616 2701 1762 2771 quod
1787 2718 1817 2756 a
1839 2702 2150 2773 Spyridone

577 2810 689 2849 non
727 2795 848 2850 sine
879 2795 1248 2851 admiratione
1281 2792 1463 2849 facete
1492 2803 1580 2849 est
1608 2793 1835 2849 factum.
1867 2794 1981 2849 Nec
2013 2794 2149 2849 illud

578 2886 804 2957 quidem
859 2901 972 2942 non
1001 2886 1376 2941 admiratione
1413 2887 1668 2957 dignum.
1706 2887 1842 2942 Erat
1879 2887 2044 2943 beato
2076 2888 2152 2940 illi

580 2981 690 3035 lilia
724 2980 903 3047 lrene,
945 2993 1210 3051 germana
1254 2979 1391 3034 tanti
1437 2980 1612 3049 patris
1644 2979 1778 3033 lilia.
1812 2979 1967 3048 Apud
2012 2979 2156 3033 hanc

577 3088 646 3127 ea
683 3072 831 3127 notis
858 3072 1083 3142 quidam
1129 3071 1311 3141 inagni
1342 3071 1508 3141 pretii
1542 3080 1829 3142 gestamen
1860 3080 2027 3141 atque
2067 3086 2159 3124 or-

583 3175 904 3219 namentum
930 3162 1208 3231 deposuit.
1244 3162 1340 3218 llla
1382 3171 1444 3216 ut
1481 3176 1596 3217 rem
1621 3170 1829 3218 certam
1862 3172 2157 3231 tutamque

582 3263 939 3322 sequeretur,
968 3253 1120 3308 domi
1168 3252 1438 3323 quidquid
1466 3254 1520 3307 id
1556 3263 1679 3309 erat
1707 3252 2014 3318 defossum,
2049 3266 2163 3307 trr-

586 3361 660 3400 rte
694 3348 1028 3400 servandum
1064 3346 1348 3401 credidit:
1390 3361 1493 3402 nec
1514 3347 1591 3403 ita
1620 3348 1794 3403 multo
1826 3356 1976 3416 post,
2006 3348 2161 3401 nullo

585 3438 707 3506 ejus
742 3439 819 3491 rei
869 3435 1079 3490 iudicio
1125 3446 1251 3505 post
1284 3452 1346 3492 se
1379 3437 1599 3500 relicto,
1649 3454 1681 3493 e
1730 3438 1842 3492 vita
1883 3438 2161 3507 migravit.

587 3527 751 3584 Venit
787 3528 942 3582 brevi
974 3528 1069 3598 qui
1095 3527 1151 3582 id
1185 3527 1546 3599 deposuerat,
1578 3537 1635 3582 et
1657 3543 1805 3582 nunc
1837 3527 2164 3589 incusanda,

590 3636 742 3675 nunc
789 3621 1020 3684 orando,
1075 3620 1337 3675 molestus
1385 3628 1506 3673 erat
1548 3618 1868 3689 Spyridoni.
1916 3619 1988 3674 Ut
2037 3635 2167 3674 vero

589 3712 899 3782 gestamine
948 3712 1041 3766 tali
1083 3712 1175 3766 diu
1229 3711 1579 3780 multumque
1630 3712 1781 3765 donni
1819 3712 2072 3779 quaesito,
2114 3713 2166 3764 id

589 3820 702 3858 non
743 3804 979 3869 invenit,
1007 3819 1163 3859 suam
1197 3804 1376 3873 ipsius
1406 3818 1580 3858 senex
1627 3802 1847 3873 putavit
1869 3819 1992 3858 esse
2025 3803 2168 3857 cala—

593 3897 840 3950 mitatem
869 3937 884 3961 ,
927 3895 1184 3965 hospitis,
1207 3896 1299 3965 qui
1324 3904 1614 3965 tantopere
1642 3895 1876 3964 lugeret,
1909 3895 2166 3964 capillmn

592 3987 1004 4054 conscinderet,
1030 4002 1094 4043 ac
1124 4002 1247 4044 sese
1278 4002 1508 4057 prorsus
1533 3987 1855 4049 conﬁceret,
1871 3987 2165 4057 jacturam.

596 4077 809 4146 Itaque,
848 4077 1095 4149 Agedum
1122 4077 1350 4147 (inquit)
1378 4075 1443 4131 ad
1469 4076 1594 4131 tiliae
1619 4077 1931 4146 sepulcrum
1954 4092 2168 4144 eanms,

578 4182 833 4239 ,eamque
866 4169 1303 4239 interrogemus.
1332 4168 1437 4225 Ubi
1465 4181 1534 4223 eo
1568 4177 1818 4234 ventum,
1844 4170 2170 4224 nominatim

598 4261 765 4315 tiliam
807 4274 1011 4316 vocans
1062 4259 1337 4330 Spyridon
1386 4259 1715 4329 interrogat,
1760 4272 2000 4328 quonam
2048 4262 2170 4316 loco

595 4371 883 4431 gestamen
939 4357 1300 4429 deposuerit?
1355 4356 1436 4411 lbi
1490 4356 1583 4411 illa
1635 4355 1820 4412 subito
1873 4370 2172 4427 apparens,

595 4443 760 4507 beato
791 4450 874 4506 isli
900 4465 1017 4504 rem
1061 4462 1283 4504 omnem
1326 4458 1522 4502 exacte
1550 4448 1801 4517 exponit,
1826 4458 1897 4515 get
1946 4456 2168 4503 rursum

2250 1966 2459 2045 ήρμοζε
2509 1973 2570 2025 τὸ
2625 1958 2759 2044 ἦθος
2796 1970 2932 2037 προς
2967 1969 3055 2021 τὸν
3084 1964 3291 2036 ἀμείνω
3318 1962 3459 2032 βίον,
3493 1958 3728 2014 δικαίων
3756 1958 3841 2008 ὲκ-

2252 2068 2436 2135 πόρων
2458 2065 2517 2118 τὸ
2540 2062 2640 2134 ζῇν
2668 2058 3016 2131 πορίζεσθαι.
3053 2060 3254 2110 ’Λπιτε
3297 2056 3367 2118 δ’,
3423 2052 3562 2121 ἔφη,
3616 2050 3718 2109 τῖες
3747 2059 3841 2098 τα-

2250 2157 2563 2229 λαιπωρίας
2582 2156 2879 2222 οἰκτείρας,
2903 2152 3056 2206 τόνδε
3090 2150 3181 2206 τὸν
3209 2148 3364 2220 κριὸν
3401 2145 3724 2216 εἰληφότες,
3752 2139 3835 2192 ῐνα

2257 2249 2333 2321 μὴ
2385 2250 2645 2318 ὲπικενῆς
2693 2244 3117 2317 ἠγρυπνηκότες
3165 2238 3470 2310 φανείητε,
3529 2232 3748 2306 μέμψιν
3780 2230 3838 2283 τὲ

2260 2360 2353 2412 μοι
2375 2343 2484 2395 τῶν
2520 2340 2616 2394 ἐπὶ
2642 2343 2711 2409 τῇ
2735 2340 2874 2408 αὐλῇ
2907 2339 3087 2390 πόνων
3112 2330 3526 2403 προστρίψητε,
3562 2328 3641 2390 ὡς
3668 2323 3843 2391 ἀπηλο

2253 2433 2518 2503 λαγμένοι
2547 2432 2715 2487 κενοί.
2749 2431 2847 2484 Ἐν
2881 2429 2980 2499 μὲν
3027 2427 3091 2496 δὴ
3126 2425 3289 2478 τοῦτο
3317 2423 3546 2477 ἀστεῖον
3577 2420 3678 2473 σὺν
3713 2414 3843 2468 θαύο

2260 2543 2391 2596 ματι
2435 2525 2545 2579 τῶν
2578 2522 2880 2593 Σπυρίδωνι
2936 2518 3351 2588 πεπραγμένων
3375 2532 3390 2545 ·
3449 2512 3554 2583 οὐχ
3590 2505 3754 2580 ἦττον
3786 2504 3838 2556 δὲ

2256 2624 2481 2676 κάκεῖνο
2512 2620 2787 2690 θαύματος
2824 2617 2994 2683 ἀξιον.
3027 2615 3236 2686 Εἰρήνη
3264 2612 3527 2681 θυγάτηρ
3553 2606 3632 2677 τῷ
3668 2621 3841 2675 μακα-

2261 2715 2360 2786 ρῐῳ
2382 2713 2613 2783 προσῆν,
2639 2710 2768 2776 παῖς
2798 2712 2965 2773 ὅντως
2996 2708 3090 2762 τοῦ
3121 2705 3380 2760 τοσούτου
3402 2701 3639 2773 πατρός.
3659 2696 3839 2780 Ταύτῃ

2255 2809 2366 2861 τῶν
2401 2824 2483 2867 τις
2517 2806 2818 2878 γνωρίμων
2852 2801 3145 2864 πολυτελὲς
3171 2796 3456 2869 παρέθετο
3488 2796 3741 2864 κόσμιον.
3778 2787 3839 2840 ἸΙ

2254 2897 2312 2949 δὲ
2360 2895 2633 2964 τάσφαλὲς
2685 2893 3140 2964 προμηθουμένη,
3186 2881 3325 2943 οἴκοι
3370 2885 3736 2956 κατορύξασα
3782 2880 3839 2930 τὸ

2262 2988 2476 3054 σκεῦος,
2506 2986 2801 3056 φυλάττειν
2831 2975 3123 3055 παρεδίδου
3145 2984 3213 3052 τῇ
3239 2984 3333 3051 γῇ.
3362 2981 3483 3033 Καὶ
3507 2981 3541 3050 ἡ
3584 2977 3683 3047 μὲν
3714 2973 3841 3042 μετὰ

2263 3081 2460 3151 βραχὺ,
2523 3079 2691 3149 μηδὲν
2745 3076 3001 3143 εἰποῦσα,
3036 3075 3127 3129 τὸν
3165 3075 3281 3146 βίον
3340 3075 3644 3128 ἀπέλιπεν.
3687 3068 3840 3120 Ἦκει

2187 3205 2227 3259 C
2265 3172 2381 3238 μετ’
2403 3171 2586 3237 ὀλίγον
2613 3172 2640 3224 6
2665 3167 3193 3259 napaﬁépevo;°_xa't
3213 3165 3433 3259 itﬁjlév
3469 3163 3745 3259 ἐγκαλῶν,

2263 3262 2317 3314 δὲ
2346 3262 2439 3313 καὶ
2466 3261 2745 3329 δεόμενος,
2775 3260 2842 3312 δι’
2880 3259 3037 3328 ὕχλου
3079 3253 3149 3327 ἦν
3178 3258 3255 3325 τῷ
3289 3257 3610 3325 Σπυρίδωνι
3633 3272 3647 3287 ο
3681 3254 3752 3316 ὡς
3783 3252 3833 3303 δὲ

2270 3353 2439 3406 πολλὰ
2461 3352 2707 3421 ζητήσας
2733 3353 2838 3405 ἀνὰ
2863 3353 2961 3420 τὴν
2986 3351 3190 3411 οἰκίαν,
3212 3351 3419 3420 ἥκιστα
3443 3349 3690 3419 εὕρισκε,
3714 3354 3842 3413 (ξυμ-ι

2267 3444 2439 3513 φορὰν
2468 3447 2710 3498 ἐποιεῖτο
2753 3446 2780 3498 ὁ
2822 3445 3003 3512 γέρων
3052 3444 3264 3496 οἰκείαν
3296 3443 3398 3513 τὴν
3430 3443 3526 3496 τοῦ
3555 3440 3709 3506 ξένου
3754 3438 3841 3501 ζη-

2270 3536 2422 3604 μίαν,
2453 3536 2783 3605 ὀδυρομένου
2814 3534 3086 3597 τὶλλοντός
3122 3551 3180 3587 τε
3211 3537 3306 3596 τὰς
3342 3536 3550 3606 τρίχας
3590 3533 3682 3587 καὶ
3708 3528 3794 3583 ἀντ
3821 3557 3843 3569 -

2271 3644 2408 3694 κρυς
2446 3624 2805 3690 θανατῶντος.
2848 3627 2994 3681 Ἀλλ’
3030 3626 3128 3696 ἄγε
3156 3627 3244 3698 δὴ,
3277 3628 3408 3697 ἔφη,
3461 3624 3721 3699 ἐρώμεθα
3750 3626 3840 3693 τὴν

2271 3717 2441 3786 κόρην
2473 3717 2626 3789 παρὰ
2655 3718 2747 3772 τὸν
2790 3719 2962 3788 τάφον
3011 3712 3206 3783 ἰόντες.
3243 3718 3406 3773 Ἐπεὶ
3434 3721 3483 3775 δ’
3512 3716 3839 3786 ἐπέστησαν.

2271 3805 2460 3877 ἠρώτα
2498 3807 2801 3889 Σπυρίδωνγ
2825 3812 3090 3879 ὀνομαστὶ
3117 3811 3219 3882 τὴν
3251 3813 3425 3868 παῖδα
3476 3812 3678 3877 καλῶν,
3714 3812 3839 3863 ὅπου

2269 3898 2336 3959 δὴ
2363 3900 2710 3970 κατακρύψοι
2737 3902 2800 3956 τὸ
2823 3901 3075 3974 κόσμιον.
3116 3903 3227 3976 Τὴν
3253 3903 3318 3975 δὴ
3364 3907 3636 3974 ἐξαπίνης
3662 3903 3840 3972 φανεῖ-

2274 4006 2398 4054 σαν,
2432 3989 2579 4045 ἇπαν
2638 3994 2775 4064 πρὸς
2808 3993 3006 4047 λεπτὸν
3048 3992 3126 4064 τῷ
3175 3997 3443 4067 μακαρίῳ
3503 3998 3700 4056 εἰπεῖν,
3758 3995 3840 4044 καὶ

2273 4081 2429 4145 αὖθις
2457 4084 2764 4139 καταδῦναι
2795 4086 2887 4138 τὸν
2915 4087 3111 4155 τάφον.
3181 4080 3509 4158 Σπυρίδωνα
3544 4088 3591 4141 δ⁹
3625 4086 3842 4157 εὑρόντα

2274 4168 2309 4247 ᾖ
2348 4175 2651 4246 ἐσήμανεν,
2712 4178 2994 4232 ἐπιδοῦναι
3049 4178 3361 4250 τάνθρώπῳ
3391 4182 3456 4236 τὸ
3506 4180 3719 4243 σκεῦος,
3756 4189 3842 4228 καὶ

2273 4266 2869 4324 ἁπαλλάττεσθαι.Καὶ
2895 4270 3040 4339 ἄλλῳ
3068 4272 3127 4324 δὲ
3158 4272 3351 4343 πένητι
3380 4276 3440 4329 ὲν
3470 4272 3676 4343 ἀπορίᾳ
3709 4260 3806 4323 καθ

2274 4359 2472 4413 εστῶτι
2527 4359 2737 4432 πολλῇ,
2775 4363 2900 4432 ὅφιν
2926 4363 3057 4433 περί
3093 4365 3154 4416 τὸ
3195 4365 3446 4435 θριγγίον
3482 4365 3838 4429 ἐλισσόμςνονι

2276 4452 2360 4515 εἰς
2399 4453 2604 4523 χρυσὸν
2651 4456 3064 4525 μεταπήγνυσι.
3100 4455 3211 4510 Kal
3237 4456 3423 4511 δίδωσι
3468 4454 3726 4528 χρῆσθαι,
3759 4452 3841 4503 καὶ

597 4543 918 4613 sepulcrum
977 4542 1146 4597 subit.
1204 4519 1476 4610 spyridon
1533 4554 1701 4609 porro
1756 4550 2158 4594 ornamentum

2283 4544 2372 4597 ἐπ’
2400 4519 2603 4617 ’ἐκείνῳ
2650 4519 3016 4614 δανείζεσθαι,
3050 4552 3145 4602 καὶ
3190 4519 3598 4620 παραμυθῆσαι
3638 4546 3735 4615 τὴν
3765 4540 3844 4593 ἔν’

597 4645 709 4706 ειυο
742 4635 836 4690 illa
867 4636 992 4689 loco
1040 4634 1404 4695 indicat'erat,
1438 4631 1745 4698 inventum,
1796 4632 2010 4686 homini
2046 4633 2173 4687 red-

599 4733 681 4786 tlit
739 4744 982 4799 eumque
1015 4729 1268 4782 dimittit.
1298 4726 1474 4782 Alteri
1503 4736 1726 4798 quoque
1766 4727 2036 4798 indigenti
2072 4729 2174 4781 bu-

602 4821 762 4887 inini,
789 4831 848 4876 et
878 4821 1066 4889 inopia
1091 4834 1288 4889 magna
1313 4820 1716 4885 circumvento,
1762 4829 2077 4889 serpentem
2109 4821 2175 4876 ad

606 4930 796 4985 sepem
854 4923 913 4968 et
974 4912 1268 4967 maceriam
1328 4928 1453 4968 sese
1494 4914 1832 4977 Volventem,
1869 4916 1923 4970 in
1981 4928 2176 4970 aurum

601 5007 902 5071 convenit,
936 5021 1181 5076 eumque
1219 5006 1297 5061 illi
1345 5006 1519 5073 dedit,
1559 5019 1621 5064 ut
1668 5024 1736 5064 eo
1785 5018 2034 5064 mutuam
2084 5024 2179 5081 pe-

603 5100 827 5164 cuniam
867 5111 1092 5152 sumens
1130 5106 1405 5163 uteretur,
1448 5102 1854 5172 pecuniamque
1895 5117 2053 5158 suam
2084 5118 2173 5158 so-

604 5192 841 5245 laretur.
866 5189 1169 5256 Caeterum,
1210 5206 1335 5246 cum
1367 5206 1425 5247 se
1456 5193 1549 5248 ille
1582 5194 1771 5264 inopia
1808 5194 2041 5265 depulsa
2074 5196 2180 5250 ali-

606 5292 880 5350 quantum
918 5284 1327 5354 locupletasset,
1352 5285 1633 5358 Spyridon
1666 5297 1986 5357 serpentem
2018 5289 2092 5344 ita
2119 5302 2182 5345 ut

606 5379 724 5428 tum
759 5384 906 5441 erat,
959 5376 1028 5431 ad
1065 5377 1247 5433 locum
1286 5394 1448 5435 suum
1488 5381 1635 5435 circa
1667 5394 1854 5452 sepem
1903 5383 2175 5451 reposuit.

604 5465 708 5532 Qui
734 5465 841 5520 viri
874 5467 1050 5522 sancti
1079 5470 1421 5539 precatione,
1441 5471 1675 5541 pristina
1699 5481 1916 5543 recepta
1955 5484 2176 5537 natura,

607 5562 832 5612 rursum
880 5569 1127 5630 reptans,
1174 5577 1239 5618 ac
1281 5578 1404 5619 sesc
1439 5564 1887 5621 circumvolvens
1938 5566 2181 5621 latebras

605 5692 1141 5771 et'simpiicitatem,
1173 5698 1329 5753 Suid.
1370 5700 1583 5757 scribit.
1616 5702 1770 5768 Quod
1822 5703 1876 5756 in
1928 5713 2180 5757 veterum

609 5777 994 5838 episcoporum
1053 5779 1379 5838 paupertate
1434 5784 1543 5824 non
1610 5774 1748 5826 adeo
1801 5774 1999 5825 mirum
2057 5776 2181 5825 t’nit.

614 5832 815 5887 Eidem
857 5835 999 5892 licus
1041 5832 1439 5909 ante—tempus,
1472 5845 1796 5910 promissam
1836 5853 2181 5898 mortuorum

2277 4632 2461 4686 δειαν·
2515 4632 2576 4686 ὃν
2617 4633 2870 4688 ἐντεῦθεν
2908 4636 3335 4707 ἁναρῤωσθέντα
3366 4638 3464 4691 καὶ
3498 4636 3596 4708 τὴν
3640 4632 3838 4686 ἔνδειαν

2279 4726 2756 4796 άποτριψάμενον,
2790 4727 2955 4781 πάλιν
2995 4729 3086 4781 τὸν
3136 4730 3259 4799 ὅφιν
3289 4729 3366 4793 ὡς
3400 4726 3514 4799 εἶχε
3550 4726 3842 4797 σχήματος.

2281 4820 2435 4887 παρὰ
2483 4820 2578 4872 τὸν
2628 4821 2792 4873 τόπον
2830 4819 2925 4873 τοῦ
2957 4819 3211 4890 θριγγίου
3242 4822 3437 4877 ἐτίθει.
3472 4822 3616 4889 Eam
3668 4814 3726 4868 δὲ
3757 4809 3841 4862 τοῦ

2281 4912 2430 4965 ὁσίου
2484 4909 2582 4981 τὴν
2612 4910 2886 4983 προτέραν
2931 4917 3094 4981 φύσιν
3127 4914 3603 4986 μεταλλαξάμενον
3634 4949 3651 4977 ,
3700 4898 3843 4962 αὖθις

2283 5003 2526 5074 ἓρποντά
2555 5021 2615 5058 τε
2645 5005 2739 5057 καὶ
2763 5004 2970 5076 σπουδῇ
3004 5004 3511 5076 περιελισσόμενον,
3540 5004 3631 5057 τον
3656 4997 3842 5053 οἰκεῖον

2283 5093 2536 5165 χηραμὸν
2565 5093 2852 5149 ὑποδῦναι.
2874 5097 2984 5150 Καὶ
3015 5096 3175 5151 τοῦτο
3207 5096 3263 5150 δὲ
3298 5096 3409 5152 τῶν
3435 5096 3644 5151 ἐκείνου
3684 5101 3842 5158 προσ-

2284 5190 2420 5256 ῆκον
2462 5192 2715 5261 εἰρῆσθαι
2771 5194 3005 5263 νομίζω.
3045 5192 3206 5257 Ἔθος
3255 5192 3334 5264 τῷ
3370 5190 3625 5265 μακαρίῳ
3651 5186 3713 5237 ὲκ
3742 5178 3842 5232 τῶν

2282 5283 2593 5351 γινομένων
2626 5283 2777 5355 αὐτῷ
2805 5283 3139 5355 σπερμάτων
3175 5301 3235 5337 τε
3260 5285 3356 5338 καὶ
3389 5280 3621 5353 καρπῶν
3650 5267 3841 5338 πιπρά-

2285 5390 2491 5439 σκοντι,
2529 5376 2600 5429 τὰ
2629 5376 2730 5447 μὲν
2760 5381 2999 5448 πτωχοῖς
3042 5378 3329 5449 χορηγεῖν,
3361 5374 3500 5431 ἄλλα
3550 5369 3606 5424 δὲ
3657 5363 3843 5433 προῖκα

2285 5468 2571 5533 δανείζειν.
2603 5471 2792 5534 Διδοὺς
2829 5476 3013 5542 μέντοι
3063 5472 3095 5540 ἢ
3165 5473 3261 5525 καὶ
3299 5470 3617 5540 λαμϐάνων,
3668 5460 3727 5512 οὐ
3765 5452 3843 5507 διὰ

2285 5564 2488 5633 χειρῶν
2513 5562 2809 5633 ηὐτοὺργει
2851 5565 2954 5636 τὴν
2985 5564 3186 5635 πρᾶξιν
3205 5581 3220 5597 ·
3267 5564 3329 5618 τὸ
3356 5565 3405 5618 δ’
3437 5559 3557 5614 ὲνδν
3587 5550 3728 5620 αὑτῷ
3756 5561 3843 5595 ’ω’

2285 5703 2772 5772 resurrectionem.
2822 5719 2917 5772 per
2967 5702 3131 5756 tiliam
3178 5703 3300 5771 ejus
3347 5697 3665 5756 redivivam.
3700 5681 3844 5740 Μὴν

2290 5770 2427 5825 bnit.
2461 5772 2698 5837 (Socrat.
2738 5770 2833 5829 lib.
2868 5791 2902 5837 ι,
2939 5790 3061 5842 cap.
3102 5774 3209 5843 l2.)
