4118 6448
347 357 446 423 165

1259 357 1870 424 ECCLEFIASTICE
1913 361 2306 421 HISTORIE
2350 364 2497 423 LIB.
2540 364 2702 422 Vill.

3514 365 3612 428 168

342 478 495 543 μεῖον
526 475 870 540 ὑποδεικνὺς.
912 476 1220 546 λαμϐάνειν
1243 493 1255 507 ·
1292 481 1390 532 καὶ
1424 474 1582 540 αὖθις
1619 477 1680 529 τὸ
1711 477 1905 529 δάνειοι

2039 490 2167 526 suas
2191 475 2438 529 intravit.
2467 476 2669 529 Verum
2694 477 2978 528 enimvero
3003 475 3132 530 illud
3157 491 3375 545 quoque
3404 478 3606 530 faetnnt

339 567 732 621 κατατίθεσθαι
765 569 842 637 τῷ
886 571 1164 638 προσιόντι
1209 571 1575 624 ἐνεκελεύετο.
1611 571 1715 624 Καὶ
1738 572 1801 640 δή
1834 589 1916 628 τις

338 660 747 729 δανεισάμενος,
781 658 920 734 ἧκεν
989 665 1269 717 ἀποτίσων
1312 666 1411 736 τὴν
1445 665 1689 734 ὁφειλήν.
1732 666 1823 725 Ὠς
1869 665 1913 717 δ’

339 752 459 813 ἕθο,
490 750 557 824 ἦν
586 753 918 823 ἐπιτραπεὶς
965 756 1043 825 τῷ
1077 759 1290 826 ταμείῳ
1339 758 1634 811 ἀποδοῦναι
1661 757 1818 821 αὖθις
1857 759 1916 811 τὸ

338 845 517 914 χρέος.
566 848 1030 916 παρατιθέμενος,
1085 849 1350 923 θφῃρεϊτο
1381 852 1614 920 μᾶλλον·
1654 853 1716 906 οὐ
1753 852 1916 922 μόνον

337 941 446 1005 γάρ
477 937 535 989 τὸ
591 940 752 1008 χρέος
785 941 1090 1004 ἀπέδωκεν,
1139 943 1279 996 ἀλλά
1330 945 1427 998 καὶ⁵
1477 945 1914 1012 προσαφείλετοο

338 1029 433 1080 καὶ
461 1029 623 1101 ἀπῄει
655 1031 816 1100 δῆθεν
839 1032 1042 1097 λαθὼν,
1069 1033 1147 1095 ὡς
1169 1034 1230 1086 τδ
1261 1034 1486 1105 ὅφλημα
1516 1036 1910 1108 καταθέμενος.

350 1119 493 1171 Ἀλλ’
524 1121 622 1173 οὐκ
649 1117 720 1191 ἢν
771 1123 958 1176 λαθεῖν
979 1140 994 1154 ⁸
1032 1126 1214 1194 χρόνῳ
1263 1127 1372 1195 γὰρ
1411 1125 1640 1198 ὕστερον
1667 1130 1913 1196 προσιὼν

336 1209 517 1274 αὖθις,
551 1213 895 1277 δανείζεσθαι
922 1217 1138 1287 ἤθελεν.
1157 1217 1216 1271 '0
1240 1219 1295 1271 δὲ
1329 1220 1390 1272 τὸ
1415 1220 1608 1284 εἰωθὸς
1638 1222 1906 1290 ἔπραττεο

338 1309 433 1360 καὶ
473 1309 708 1376 πέμπων
756 1311 910 1374 παρά
962 1312 1062 1380 τὴν
1101 1311 1261 1380 θίϐην
1294 1314 1387 1365 τὸν
1432 1314 1620 1382 ἄνδρα,
1659 1332 1912 1384 παραμεά

335 1400 485 1466 τρεῖν
516 1399 639 1451 ὅσον
669 1395 737 1470 ἦν
784 1401 1097 1474 βουλομένῳ
1143 1407 1471 1476 ἐπέτρεπεν.
1507 1407 1594 1468 Ὠς
1625 1407 1672 1460 δ’
1711 1408 1910 1476 ἥκιστα

335 1492 610 1562 εὕρισκεν,
644 1494 936 1564 ἀνήγγειλε
977 1496 1056 1566 τῷ
1085 1502 1274 1568 πατρί.
1314 1499 1423 1550 Καὶ
1448 1499 1526 1564 ὃς,
1558 1501 1904 1570 Θαυμαστὸν,

334 1581 538 1648 ἔλεγεν,
568 1584 616 1634 εί
651 1584 734 1636 σοὶ
768 1586 915 1654 μόνῳ
945 1587 1106 1639 κενὸν
1149 1588 1210 1640 τὸ
1242 1592 1466 1656 ταμεῖον
1510 1593 1728 1661 ὁρᾶται.
1776 1594 1909 1646 Σκο-

334 1673 459 1722 πείν
503 1667 594 1726 οὖν
631 1677 925 1743 προσήκει,
985 1678 1061 1748 μὴ
1089 1680 1147 1730 οὐ
1208 1686 1342 1748 πρὶν
1374 1683 1769 1750 καταθέμενος,
1813 1683 1908 1738 νῦν

332 1759 636 1828 λαμϐάνειν
662 1766 852 1834 πειρᾷ.
885 1766 1024 1820 Ἱσθι
1056 1768 1164 1836 γάρ
1193 1770 1268 1832 ὡς
1292 1771 1340 1824 εἰ
1375 1773 1449 1842 μή
1481 1789 1534 1824 τι
1555 1773 1909 1843 ῥᾳδιουργίας

2023 567 2145 630 ejus
2204 575 2264 618 ut
2318 581 2649 628 memorem,
2708 568 3010 620 convenire
3069 567 3203 620 mihi
3261 568 3438 621 visum
3497 582 3599 621 est.
3649 591 3653 596 ν

2021 657 2189 727 630
2231 657 2344 710 Mos
2377 658 2539 712 beato
2570 658 2645 711 illi
2684 668 2826 722 eral,
2854 659 3065 713 semina
3102 668 3159 714 et
3187 661 3404 714 fruetus
3432 663 3524 730 qui
3552 665 3600 713 ιιι

2025 750 2437 819 provenissent,
2468 750 2750 815 vendenti,
2783 753 2985 819 partim
3017 750 3356 821 pauperibus
3389 751 3602 820 largiti.

2022 843 2221 910 partim
2252 843 2373 897 sine
2413 843 2626 897 faenore
2671 842 2908 897 utendos
2946 842 3102 896 dare.
3139 841 3274 896 Sive
3309 844 3479 910 igitur
3509 844 3605 894 (lu-

2021 947 2126 997 ret,
2177 952 2275 991 seu
2313 937 2595 1006 acciperet
2645 935 2973 1006 quidquam,
3026 952 3136 990 non
3173 936 3226 990 id
3262 953 3359 1005 per
3402 953 3602 990 manus

2019 1029 2139 1098 ejus
2167 1030 2467 1098 gerebatur
2499 1047 2514 1084 :
2548 1029 2644 1084 sed
2677 1045 2800 1098 quae
2831 1030 2880 1084 ei
2918 1041 3041 1084 erat
3073 1029 3405 1098 repositoria
3435 1031 3599 1091 cella,

2019 1120 2087 1173 ad
2122 1136 2181 1174 se
2210 1121 2564 1175 venientibus
2588 1129 3046 1180 rommonstrata.
3079 1129 3168 1175 vel
3199 1123 3456 1191 accipere
3478 1137 3594 1182 eos.

2018 1210 2102 1262 vel
2140 1211 2264 1265 usui
2300 1221 2590 1280 acceptum
2618 1227 2887 1281 reponere
2908 1211 3162 1279 jubebat.
3195 1214 3430 1278 Quidam
3463 1228 3595 1266 sane

2019 1305 2114 1372 qui
2147 1314 2406 1357 mutuum
2443 1304 2513 1358 ab
2549 1319 2618 1358 eo
2651 1313 2962 1372 acceperat,
2997 1313 3055 1356 ut
3095 1304 3346 1359 debitum
3398 1304 3599 1359 redde-

2022 1404 2124 1460 tet.
2165 1399 2232 1452 ad
2287 1414 2416 1454 eum
2453 1401 2603 1454 venit
2639 1417 2653 1452 :
2717 1413 2844 1452 cum
2870 1410 3054 1455 autem
3096 1400 3144 1456 is
3202 1413 3358 1455 more
3405 1401 3594 1458 solito.

2017 1490 2174 1544 cellae
2203 1505 2401 1544 rursus
2444 1491 2652 1546 inferre
2682 1491 2829 1561 quod
2857 1503 3171 1560 acceperat,
3201 1492 3390 1562 jussus
3424 1505 3593 1555 esset,

2024 1595 2306 1649 reponens
2336 1581 2412 1646 id,
2443 1584 2668 1637 sustulit
2695 1585 2902 1654 potius.
2933 1584 3054 1637 Non
3079 1585 3228 1638 enim
3256 1594 3468 1638 tantum
3501 1585 3595 1638 de-

2017 1671 2196 1726 bitum
2249 1673 2519 1737 reddidit,
2554 1673 2652 1728 sed
2692 1683 2752 1728 et
2791 1685 2983 1744 postea
3019 1690 3210 1730 secum
3243 1675 3496 1734 abstulit,
3539 1683 3597 1725 et

2018 1763 2278 1819 discessit
2311 1765 2550 1831 occulte,
2582 1765 2742 1836 quasi
2795 1777 3046 1820 mutuum
3080 1766 3447 1820 dissolvisset.
3485 1764 3594 1819 Sed

332 1853 508 1919 ἐστὶν,
539 1856 637 1907 οὐκ
667 1856 990 1926 ἀστοχήσεις
1018 1859 1112 1912 τοῦ
1157 1865 1548 1932 προκειμένου.
1579 1865 1682 1918 Ἴοι
1727 1868 1905 1921 τοίνυν

2014 1856 2165 1910 enim
2199 1857 2383 1912 celare.
2418 1858 2624 1911 factum
2656 1874 2763 1912 non
2791 1858 2992 1926 potuit.
3032 1858 3332 1927 Aliquanto
3359 1871 3595 1924 namque

335 1949 498 2002 πάλιν
529 1950 883 2022 τεθαρρηκὼς
921 1953 995 2013 ὡς
1015 1955 1292 2024 εὑρήσεις.
1322 1956 1426 2012 Καὶ
1453 1961 1751 2028 φωραθεὶς,
1783 1979 1913 2030 συγ-

337 2041 562 2110 γνώμην
604 2042 845 2112 προσιὼν
873 2044 990 2115 ⁴ᾔτει
1023 2047 1116 2099 τοῦ
1147 2049 1570 2120 ἁμαρτήματος.
1611 2053 1912 2124 Παραπλή-

336 2149 450 2186 σιον
479 2134 533 2186 δέ
553 2152 605 2187 τι
632 2138 726 2190 καὶ
751 2136 895 2208 ἄλλῳ
921 2139 1174 2208 πρόϐατα
1195 2143 1486 2214 πριαμένῳ
1508 2144 1604 2196 τοῦ
1632 2148 1908 2217 μακαρίου

335 2230 550 2292 συνέϐη.
597 2229 823 2285 Ἑκατὸν
855 2233 953 2302 μὲν
979 2235 1090 2302 γὰρ
1115 2229 1258 2305 ἦσαν
1284 2235 1318 2290 ἃ
1351 2239 1572 2290 ἐωνεῖτο
1599 2255 1612 2269 ο
1643 2239 1671 2292 ὁ
1723 2239 1780 2292 δὲ
1814 2240 1909 2293 καὶ

335 2322 464 2388 μίαν
491 2323 599 2374 τῶν
624 2324 800 2391 αἰγῶν
831 2326 1172 2395 παρεμέτρει
1193 2344 1207 2356 ·
1241 2329 1307 2398 ἠν
1337 2327 1430 2400 βίᾳ
1463 2330 1664 2394 ἕλκων,
1709 2331 1910 2402 ἥκιστα

333 2416 606 2483 ἑπομένην
638 2413 804 2486 εἶχεν.
852 2419 1259 2474 Ἀντιϐαίνουσα
1305 2422 1351 2474 δ’
1400 2418 1536 2489 οἷον,
1582 2424 1757 2496 βληχῇ
1813 2428 1909 2495 τὴν

331 2507 548 2560 ἀδικίαν
607 2509 920 2580 ὲστηὶίτευε
980 2510 1076 2564 τοῦ
1131 2507 1347 2583 ἀνδρός.
1392 2513 1550 2570 Ἐπεὶ
1608 2517 1665 2570 δὲ
1723 2519 1902 2571 πάντα

331 2600 586 2668 πράττων
613 2604 707 2655 καὶ
731 2605 1041 2673 ὲπωμάδιον
1075 2605 1171 2674 {cpe
1183 2623 1294 2676 ρεν,
1332 2609 1516 2679 ἐκείνη
1544 2609 1644 2677 λάξ
1677 2611 1907 2676 καὶτοῖς

332 2691 527 2761 κέρασι
573 2693 664 2746 τὸν
719 2695 943 2750 τένοντα
995 2698 1360 2770 σφοδρότερον
1420 2702 1682 2767 παίουσα,
1730 2703 1911 2758 διωλί-

335 2789 542 2849 σθαινε,
573 2789 668 2842 καὶ
698 2789 785 2840 Eat"
815 2789 913 2858 τὴν
947 2790 1189 2860 μάνδραν
1217 2793 1514 2864 ἀνέτρεχεν
1534 2809 1548 2822 ·
1585 2793 1614 2846 ό
1645 2796 1738 2848 τὸν
1765 2796 1910 2850 Σπυ-

335 2872 532 2947 ρίδωνα
562 2879 870 2948 διαγνόντα,
906 2882 994 2934 ἐπ’
1022 2883 1250 2952 ἀκριϐὲς
1286 2888 1510 2952 μετρεῖν
1541 2884 1751 2938 ἔπειθε.
1801 2885 1906 2938 Τὸν

331 2971 376 3023 δ’
401 2971 562 3036 εὐθὺς
591 2972 984 3043 ὁμολογοῦντα,
1021 2973 1356 3042 συγγνώμην
1382 2976 1613 3044 παρεῖχε
1635 2992 1650 3009 ο
1685 2977 1780 3028 και)⁵
1809 2993 1904 3030 κε-

330 3062 642 3128 λεύσαντος,
677 3065 958 3133 πρόθυμος
1011 3066 1044 3134 ἡ
1072 3063 1162 3128 αἲξ
1197 3066 1291 3143 καὶ
1321 3067 1630 3136 αὐτόματος
1677 3068 1864 3121 εἵπετο
1887 3084 1900 3099 ·

2017 1956 2264 2017 tempore
2316 1958 2440 2018 post
2469 1959 2662 2004 rursus
2705 1950 2886 2013 illum,
2918 1958 3170 2003 mutuum
3218 1951 3472 2018 accipere
3506 1965 3598 2000 vu-

2013 2038 2155 2098 lens,
2188 2039 2470 2093 convenit.
2517 2039 2582 2092 Et
2612 2039 2704 2092 ille
2729 2054 2794 2093 ex
2833 2038 3245 2094 consuetudine
3277 2054 3376 2092 sua
3409 2039 3591 2090 homi-

2012 2145 2140 2184 nem
2172 2130 2239 2183 ad
2273 2131 2487 2185 loculos
2511 2132 2804 2200 granarios
2829 2131 3080 2194 mittens,
3109 2131 3290 2186 metiri
3324 2139 3594 2199 quantum

2013 2224 2198 2282 vellet.
2236 2223 2426 2292 jussit.
2463 2219 2530 2280 Ut
2557 2235 2745 2280 autem
2785 2225 2834 2279 is
2859 2223 2998 2278 nihil
3034 2224 3108 2278 ibi
3136 2223 3400 2278 frumenti
3439 2225 3594 2277 inve-

2013 2319 2115 2378 nit,
2149 2316 2198 2368 id
2239 2319 2378 2381 patri
2408 2316 2763 2385 signiﬁcavit.
2797 2315 2876 2369 lbi
2910 2315 3004 2369 ille
3035 2333 3048 2368 :
3083 2315 3282 2368 Mirum
3317 2314 3593 2383 profecto.

2013 2407 2216 2475 inquit,
2250 2408 2292 2460 si
2323 2410 2414 2461 utti
2452 2408 2548 2461 tibi
2581 2408 2720 2462 cella
2751 2422 2926 2462 vacua
2957 2406 3205 2461 videtur.
3234 2410 3595 2474 Quapropter

2011 2499 2372 2554 considerare
2426 2499 2714 2561 convenit,
2763 2514 2832 2552 an
2875 2514 3002 2553 enin
3049 2499 3204 2568 prius
3248 2497 3384 2550 nihil
3434 2511 3594 2566 repo-

2011 2592 2214 2653 sueris,
2264 2593 2515 2659 recipere
2568 2605 2716 2644 nunc
2741 2590 3048 2658 quidquam
3104 2604 3334 2644 conere.
3400 2587 3594 2643 Sciens

2011 2683 2156 2736 enim
2191 2691 2335 2742 esto,
2372 2683 2477 2736 nisi
2519 2681 2748 2737 fallaciae
2779 2681 3084 2751 quidquam
3126 2682 3328 2744 subsit,
3369 2681 3480 2735 voti
3540 2690 3590 2733 Ie

2009 2783 2321 2841 entnpotem
2374 2773 2515 2826 fore.
2546 2772 2696 2828 Vade
2746 2787 2878 2842 ergo
2927 2773 3112 2827 denuo
3147 2788 3270 2826 cttm
3311 2783 3487 2832 certa.
3540 2782 3592 2823 te

2011 2869 2370 2920 inventurum
2401 2881 2549 2930 esse,
2597 2865 2821 2919 ﬁducia.
2868 2868 3050 2934 Atque
3099 2867 3173 2920 ita
3223 2866 3316 2918 ille
3364 2864 3592 2918 demum

2009 2958 2410 3026 deprehensus,-
2434 2959 2650 3012 veniam
2671 2957 2880 3011 fraudis
2915 2958 3137 3024 petivit.
3160 2956 3294 3010 Tale
3323 2958 3592 3025 quiddam

2009 3049 2100 3103 alii
2144 3063 2389 3117 quoque,
2433 3050 2526 3113 qui
2559 3062 2693 3100 oves
2739 3062 2769 3099 a
2822 3046 2944 3100 viro
2977 3057 3169 3100 sancto
3213 3046 3592 3103 mercabatur.

330 3151 445 3204 ἐστι
469 3151 513 3203 δ’
536 3151 670 3204 ὅπου
704 3155 798 3204 καὶ
827 3158 892 3224 τῇ
923 3154 1126 3224 σπουδῇ
1165 3139 1482 3224 προηγεῖτο.
1521 3155 1677 3209 Καλά
1711 3156 1810 3225 μὲν
1833 3158 1897 3228 δὴ

2010 3140 2214 3194 evenit.
2255 3140 2490 3193 Centum
2539 3147 2722 3202 erant,
2769 3153 2910 3206 quas
2959 3145 3192 3190 emerat.
3233 3137 3305 3190 At
3355 3137 3445 3190 ille
3499 3153 3592 3190 en-

332 3247 427 3298 καὶ
454 3246 659 3299 ταῦτα’
691 3246 754 3299 τὸ
797 3249 854 3301 δὲ
902 3250 1034 3317 περὶ
1078 3249 1178 3317 τὴν
1218 3249 1686 3318 ἐκκλησιαστικὴν
1735 3251 1902 3303 αὑτοῦ

332 3343 484 3408 τάξιν
507 3343 792 3412 ἐμϐριθὲς,
815 3346 909 3398 καὶ
948 3343 1214 3410 ἀκέραιον
1245 3345 1374 3412 περὶ
1405 3344 1506 3405 τὴν
1539 3346 1692 3399 θείαν
1723 3347 1906 3414 παρά-

331 3436 496 3498 δοσιν,
521 3437 639 3498 πῶς
673 3438 1061 3506 σιωπήσομαι;
1099 3438 1328 3492 Συνόδου
1358 3438 1468 3506 γάρ
1508 3456 1640 3491 ποτε
1672 3439 1905 3508 γενομέ-

332 3546 448 3596 νης,
480 3529 577 3581 ἕνα
611 3524 750 3582 εἶναι
781 3532 874 3581 καὶ
927 3529 1258 3600 Τριφύλλιον
1308 3530 1520 3584 ἐκεῖνον
1550 3531 1643 3583 τὸν
1685 3529 1905 3599 Λεδρῶν

330 3621 651 3682 ἐπίσκοπον,
684 3619 846 3686 λόγου
869 3635 927 3671 τε
963 3619 1282 3687 ἀρκούντως
1330 3622 1766 3689 πεπειραμένον,
1809 3621 1904 3672 καὶ

328 3714 413 3768 διὰ
441 3714 617 3782 νόμων
645 3712 899 3782 ἄσκησιν,
933 3713 1187 3765 πλεῖστον
1213 3715 1270 3765 ἐν
1301 3715 1367 3782 τῇ
1401 3713 1476 3783 Βη
1488 3714 1666 3780 ρυτῶν
1695 3715 1903 3785 διατρί-

327 3806 501 3872 ψαντα
534 3805 706 3860 πόλει.
732 3803 934 3858 Τοῦτον
960 3803 1007 3856 δ’
1041 3806 1314 3874 ἐπιτροπῇ
1354 3807 1464 3857 τῶν
1491 3805 1813 3858 ἐπισκόπων
1843 3807 1904 3859 τὸ

330 3898 532 3968 πλῆθος
571 3899 916 3963 διδάσκοντα,
965 3897 1317 3968 Σπυρίδωνος
1357 3898 1650 3969 παρόντος,
1701 3899 1904 3966 δεῆσαν

326 3995 519 4051 εἰπεῖν.
555 3992 715 4062 ῥῆσιν
757 3993 826 4061 ἢν
875 3993 903 4043 ὁ
941 3992 1179 4062 Χριστὸς
1231 3990 1309 4060 τῷ
1357 3989 1714 4060 παραλυτικῷ
1771 3993 1905 4043 ἀπε-

326 4085 622 4154 φθέγξατο,
644 4087 728 4149 τὺ,
750 4079 930 4152 ’Δρόν
958 4101 1076 4139 σου
1110 4083 1178 4138 τό
1207 4085 1569 4153 κράόὄατσγ,
1595 4086 1694 4138 καὶ
1738 4099 1902 4151 περι-

322 4173 515 4238 οτάτει,
541 4172 828 4242 σκίμποδι
851 4175 970 4226 ἀντὶ
996 4171 1332 4239 κραϐϐἁτου
1369 4175 1662 4244 ἐχρήσατο.
1711 4173 1828 4241 Ἐφ’
1859 4167 1903 4242 ᾧ

323 4267 577 4336 χαλεπῶς
634 4265 928 4330 ἐνεγκόντα
980 4266 1328 4335 Σπυρίδωνα,
1378 4267 1454 4318 Οὐ
1512 4266 1576 4317 σύ
1629 4283 1717 4332 γε,
1772 4267 1899 4336 ἔφη,

321 4358 561 4426 ἀμείνων
592 4353 644 4408 εἳ
673 4357 766 4408 τοῦ
786 4356 1120 4423 κράϐϐατον
1157 4358 1465 4426 εἰρηκότος,
1501 4357 1582 4409 ὅτι
1609 4374 1672 4425 γε
1718 4359 1786 4410 δι’
1815 4360 1902 4410 ati-

321 4447 443 4510 δοῦς
475 4450 598 4518 ποιῇ
633 4450 754 4510 ταῖς
811 4450 1022 4499 ἐκείνου
1053 4446 1232 4514 λέξεσι
1284 4449 1656 4516 διαπρέπειν;
1710 4451 1898 4504 Ταῦτα

323 4541 376 4594 δὲ
418 4540 615 4607 λέγων,
667 4539 762 4592 τοῦ
817 4541 1093 4608 ἱερατικοῦ
1139 4541 1332 4610 θρόνου
1375 4542 1630 4595 ἀνίστατο
1680 4544 1900 4596 πάντων

322 4633 594 4703 ὁρώντων,
620 4633 710 4686 τὸν
744 4631 912 4699 τῦφον
942 4634 1038 4686 καὶ
1070 4632 1170 4702 τὴν
1199 4633 1374 4700 ὀφρὺν
1405 4634 1514 4686 τῶν
1542 4634 1899 4704 όφρυομένων

323 4728 380 4777 έν
441 4725 619 4790 λόγοις
675 4728 1013 4792 πειρώμενος
1063 4724 1480 4778 καταστέλλειν.
1519 4725 1746 4788 Ἰκανῶς
1791 4728 1900 4796 γὰρ

321 4815 436 4888 εἶχε
463 4817 687 4871 τοιαῦτα
720 4821 918 4879 ποιεῖν,
950 4817 1051 4871 κᾶν
1080 4818 1288 4880 ἁπλοῦς
1332 4814 1399 4888 ἦν
1431 4819 1662 4887 ὲσάγαν.
1690 4820 1902 4872 Αἰδέσι-

325 4931 424 4982 μος
454 4911 563 4979 γάρ
590 4907 680 4983 ἦν,
731 4913 828 4964 καὶ
877 4911 968 4962 ἐπὶ
1007 4915 1151 4980 μέγα
1189 4911 1352 4980 δόξης
1405 4915 1519 4974 τοῖς
1573 4912 1900 4983 παραδόξοις

318 5006 428 5058 τῶν
463 5004 634 5074 ἔργων
661 5003 946 5072 ἐτύγχαιε,
982 5005 1246 5076 προήκων
1272 5021 1330 5056 τε
1384 5003 1485 5074 τὴν
1516 5005 1765 5074 ἠλικίαν,
1800 5007 1899 5060 καὶ

317 5099 396 5168 τῷ
426 5099 525 5168 τῆς
554 5096 853 5166 ἱερωσύνης
883 5097 1161 5168 ἀκιϐδήλῳ
1194 5098 1288 5150 καὶ
1323 5098 1530 5168 κοσμία
1565 5099 1898 5166 ὲνσεμνυνό-

322 5206 507 5260 μενος.
544 5187 688 5256 Ἐγὼ
739 5188 816 5251 δὲ,
875 5185 986 5250 οἶος
1037 5184 1106 5258 ἦν
1165 5189 1419 5257 καὶπερὶ
1469 5187 1659 5256 φίλους
1699 5188 1900 5254 δεξιὸςς

317 5283 675 5352 διηγήσομαι.
717 5278 784 5334 Ἦ
815 5283 1025 5351 μεγάλη
1053 5282 1152 5351 μὲν
1183 5281 1276 5334 οὖν
1302 5283 1403 5350 τῆς
1436 5282 1898 5352 Τεσσαρακοστῆς

317 5373 544 5443 νηστεία
583 5369 681 5443 ἦν·
706 5367 809 5443 ἧκε
851 5371 908 5424 δέ
940 5389 1024 5433 τις
1074 5375 1140 5424 ἐκ
1192 5373 1414 5442 μακρᾶς
1447 5373 1761 5442 ὁδοιπορίας
1791 5373 1899 5424 τῶν

317 5467 528 5534 φίλων,
579 5464 676 5520 καὶ
724 5463 876 5518 ταῦτ’
925 5469 982 5516 ὲν
1017 5461 1106 5524 αἷς
1148 5468 1359 5528 ἐκεῖνος
1402 5465 1564 5518 εἴωθε
1613 5465 1900 5534 νηστεύειν

316 5561 425 5612 τῶν
455 5557 702 5628 ἡμερῶν.
731 5557 950 5620 Ἀσιτος
986 5561 1092 5626 γὰρ
1123 5559 1202 5620 εἰς
1237 5558 1410 5627 ῥητὰς
1435 5574 1590 5621 τινας
1622 5558 1898 5625 διαμένων

386 5698 402 5727 ¹
443 5695 615 5750 Marc.
647 5710 709 5758 ll,
750 5693 803 5748 9.

2008 3247 2162 3300 pram
2214 3249 2377 3285 unam
2448 3232 2674 3300 insuper
2719 3215 3194 3284 annumeraverat
3225 3245 3240 3283 :
3275 3246 3398 3298 qua:
3463 3245 3588 3283 cum

2008 3326 2078 3380 ab
2126 3326 2220 3379 illo
2274 3325 2324 3378 vi
2383 3327 2720 3386 traheretur,
2757 3322 2871 3390 ipsa
2930 3323 3156 3376 minime
3202 3322 3585 3390 sequebatur:

2010 3418 2424 3487 quodammodo
2459 3418 2606 3470 enim
2643 3417 2934 3481 resistens,
2971 3415 3157 3469 balatu
3191 3415 3438 3470 hominis
3489 3417 3592 3469 ini-

2008 3511 2276 3579 quitatem
2305 3510 2647 3564 traducebat.
2684 3509 2752 3564 Et
2810 3508 2902 3562 ille
2970 3523 3096 3561 eum
3138 3508 3276 3562 nihil
3322 3524 3431 3560 non
3464 3525 3590 3578 age-

2008 3613 2114 3667 ret,
2173 3603 2226 3656 in
2277 3602 2541 3656 humeros
2589 3601 2809 3654 tandem
2859 3614 2984 3653 eam
3037 3599 3267 3655 sustulit
3310 3619 3323 3653 :
3372 3604 3579 3669 capella

2007 3707 2193 3750 autem
2228 3705 2283 3750 et
2306 3694 2558 3748 calcibus
2582 3703 2641 3748 et
2666 3691 2936 3746 cornibus
2955 3693 3234 3746 cervicem
3260 3689 3382 3756 ejus
3405 3692 3591 3745 aerius

2006 3799 2221 3859 petens,
2254 3788 2476 3858 delapsa
2505 3796 2684 3847 cst.et
2715 3785 2768 3839 in
2804 3783 3083 3837 stabulum
3117 3799 3279 3837 suum
3317 3795 3585 3837 recurrzt.

2009 3881 2166 3946 Quod
2207 3879 2301 3933 ubi
2331 3878 2606 3949 Spyridon
2637 3875 2916 3946 cognovit,
2960 3875 3034 3929 illi
3074 3885 3132 3928 ιιι
3165 3876 3269 3928 rite
3303 3873 3591 3927 metiretur

2008 3985 2064 4029 et
2099 3984 2442 4038 numeraret,
2474 3973 2666 4028 suasit.
2701 3975 2880 4041 Atque
2919 3970 3010 4024 ubi
3051 3970 3144 4023 ille
3170 3970 3373 4023 factum
3397 3969 3584 4024 statim

2008 4066 2301 4122 confessus
2330 4076 2436 4129 est,
2463 4064 2555 4118 hie
2584 4080 2782 4116 noxam
2805 4061 3044 4122 remisit,
3069 4075 3403 4128 capratnqne
3428 4075 3582 4124 sequi

2006 4161 2161 4214 illum
2191 4159 2396 4228 jussit:
2436 4157 2584 4226 quod
2621 4157 2882 4209 alacriter
2910 4170 3043 4208 sane
3091 4153 3183 4205 illa
3213 4154 3451 4213 faciens,
3489 4167 3586 4202 sua

2006 4263 2206 4320 sponte
2261 4260 2573 4317 emptorem
2632 4256 2718 4300 cst
2787 4255 3019 4304 secuta,
3079 4242 3356 4296 interdum
3420 4241 3585 4293 etiam

2005 4341 2264 4395 eumdem
2316 4353 2622 4407 properans
2682 4333 2985 4404 prmcessit.
3061 4332 3303 4386 Pulchra
3361 4330 3585 4398 quidem

2005 4444 2136 4491 sunt
2167 4436 2303 4488 htec.
2335 4431 2722 4486 Constantiam
2753 4443 2886 4482 vero
2914 4426 3034 4495 ejus
3059 4426 3182 4483 viri.
3208 4424 3588 4478 ecclesiastieo

1934 4497 1975 4550 υ
2007 4532 2115 4582 ritu
2165 4524 2459 4588 servando,
2506 4521 3036 4590 simplicitatemqne
3091 4516 3298 4571 divinis
3335 4517 3586 4569 traditio-

2004 4621 2172 4676 nihus
2237 4616 2528 4677 colendis,
2583 4611 2863 4683 quomodo
2927 4610 3155 4664 silentio
3219 4619 3538 4677 praetereant
3566 4613 3587 4658 ’ξ

2004 4716 2326 4770 Convettttts
2352 4707 2653 4779 aliquando
2689 4704 2980 4775 agebatur.
3017 4703 3070 4755 in
3104 4719 3217 4772 quo
3243 4701 3586 4772 Triphyilins

2005 4808 2098 4861 ille
2129 4820 2351 4875 quoque
2397 4809 2542 4863 erat,
2583 4796 2882 4851 Ledrensis
2909 4796 3231 4863 episc0pus,
3267 4794 3586 4846 litterarum

2005 4900 2220 4954 artibus
2263 4895 2436 4966 probe
2486 4891 2764 4954 eruditus,
2806 4897 2865 4943 et
2909 4887 3127 4957 legibus
3174 4885 3462 4940 discendis
3492 4891 3593 4938 dm

2000 4992 2186 5060 Beryti
2215 4997 2472 5044 versatus
2507 4983 2608 5055 (l).
2650 4982 2811 5052 631
2856 4979 2958 5035 llic
3000 4980 3392 5049 episcoporum
3428 4980 3584 5050 jussu

2001 5087 2265 5156 populum
2289 5083 2517 5139 docens,
2551 5075 2866 5147 Spyridone
2896 5081 3190 5143 praesente,
3217 5088 3340 5125 cum
3376 5072 3590 5124 (ὶιοιιιιιιΔ

2004 5176 2282 5248 quoddam
2321 5173 2537 5226 referre
2577 5169 2834 5229 deberet,
2899 5181 3008 5235 quo
3042 5165 3296 5218 Christus
3330 5163 3396 5216 ad
3434 5180 3590 5229 paru-

2007 5273 2232 5330 lvtieum
2281 5277 2365 5320 est
2417 5279 2572 5326 usus,
2627 5261 2758 5315 illttd
2813 5260 3046 5321 scilicet,
3106 5255 3254 5308 Tolle
3300 5254 3595 5324 grabatum

2009 5331 2197 5424 litum,
2248 5369 2296 5412 et
2349 5353 2568 5409 ambula
2599 5354 2664 5404 ’:
2723 5367 2825 5421 pro
2874 5350 3136 5420 grabato,
3186 5347 3375 5401 lectum
3429 5347 3590 5399 dixit.

2010 5456 2165 5523 Quod
2216 5451 2446 5506 moleste
2501 5449 2687 5500 ferens
2729 5442 3002 5514 Spyridon
3029 5482 3044 5508 ,
3093 5441 3211 5495 Non
3246 5451 3301 5492 tu
3343 5440 3588 5506 quidem.

2012 5551 2216 5617 inquit,
2248 5541 2595 5609 praestantior
2627 5553 2686 5592 es
2717 5553 2784 5592 eo
2818 5535 2910 5604 qui
2966 5533 3246 5604 grabatum
3276 5530 3414 5584 dixit
3447 5547 3458 5582 :
3496 5529 3599 5598 qui

385 5811 466 5881 (’t)
520 5809 707 5878 Beryti
769 5807 898 5860 olim
961 5805 1221 5874 praeclara
1291 5802 1665 5858 docendarum
1729 5804 1912 5873 legum
1953 5799 2147 5854 schola
2187 5797 2311 5851 fuit.
