3990 6440
521 374 622 437 161

1742 370 2090 429 NlCEl’liU]

2202 367 2545 429 UALLIST!
3014 386 3019 389 ·
3657 357 3741 418 ἴθ’ί

512 485 704 553 igitur,
742 481 974 543 malum,
1020 478 1200 549 pudor
1245 478 1348 532 iste
1397 488 1501 541 est,
1545 480 1703 532 verbi
1760 479 1909 531 illius
1961 494 2087 532 cum

2199 478 2425 545 ἡμέρας.
2459 476 2648 527 ἔπειτα
2690 470 2903 542 ἢσθιεν.
2939 472 3179 523 Ἥκοντα
3206 466 3336 534 γοῦν
3377 470 3489 529 ταῖς
3517 468 3747 535 dumcum-

514 576 718 629 decoro
764 588 873 627 non
914 572 1052 626 velle
1100 571 1219 625 uti?
1264 573 1442 640 Atque
1486 571 1571 626 his
1618 572 1809 637 dictis,
1859 572 1911 624 in
1952 586 2089 626 con-

514 673 710 734 spectu
739 663 987 717 omnium
1020 660 1321 730 episcopali
1351 661 1484 714 sede
1519 674 1850 729 exsurgens.
1886 658 2090 715 fastum

511 764 571 808 et
600 753 961 823 supercilium
1011 766 1207 806 eorum
1241 751 1337 820 qui
1369 750 1627 806 oratione
1666 751 1924 807 aﬂ'ectata
1966 765 2092 807 sese

518 844 823 910 eﬂerrent,
868 843 1202 898 contrahere
1240 852 1329 897 est
1361 852 1615 897 conatus.
1647 841 1819 896 Recte
1844 841 1992 896 enim
2041 841 2092 893 id

514 940 698 993 facere
729 936 932 1006 potuit,
960 936 1220 1004 quamvis
1250 943 1483 1004 apertus
1513 934 1740 989 omnino
1769 942 1828 989 et
1862 934 2094 1003 simplex

514 1040 682 1085 esset.
717 1030 906 1099 Magna
953 1028 1161 1098 quippe
1200 1027 1472 1097 dignitate
1497 1027 1787 1097 gloriaque
1813 1041 2089 1082 veneran-

514 1120 639 1185 dus,
689 1128 923 1190 propter
974 1118 1206 1173 mirifica
1256 1133 1382 1188 quae
1432 1118 1638 1174 edebat
1690 1133 1880 1188 opera,
1928 1128 2094 1186 atque

512 1220 676 1266 aetate
729 1210 1108 1280 provectiore.
1151 1210 1370 1264 sincere
1402 1219 1460 1264 et
1499 1210 1744 1276 graviter
1787 1209 2093 1279 episcopali

516 1314 746 1354 munere
794 1299 1041 1367 gerendo
1102 1298 1288 1352 clarus
1314 1308 1453 1352 erat.
1496 1296 1605 1352 Sed
1641 1306 1696 1352 et
1721 1313 1886 1367 quam
1926 1298 2096 1351 fuerit

514 1394 572 1447 in
622 1390 818 1445 amicis
862 1388 1205 1458 accipiendis
1235 1389 1432 1444 dexter
1467 1397 1524 1444 et
1572 1389 1878 1451 humanus,
1910 1397 2097 1444 osten-

525 1483 677 1536 dam.
709 1481 964 1551 Magnum
992 1479 1445 1550 Quadragesimm
1478 1480 1754 1548 jejunium
1803 1482 2093 1550 agebatur,

513 1583 572 1630 ct
593 1588 662 1629 ex
689 1573 886 1628 amicis
915 1572 1139 1641 quidam
1179 1570 1255 1625 ad
1285 1585 1416 1626 eum
1443 1586 1510 1625 ex
1542 1571 1746 1626 itinere
1790 1571 2097 1641 longinquo

519 1668 691 1730 venit,
737 1672 796 1719 et
836 1664 1061 1733 quidem
1103 1678 1168 1717 eo
1197 1678 1310 1732 quo
1337 1664 1453 1731 ipse
1491 1664 1771 1735 jejunaret
1817 1674 2092 1734 tempore.

515 1754 699 1810 Certis
724 1754 872 1808 enim
906 1752 1240 1821 quibusdam
1273 1751 1471 1807 diebus
1516 1768 1545 1805 a
1581 1752 1709 1808 cibo
1739 1755 1889 1808 omni
1915 1756 2090 1810 διιειί-

2200 571 2389 635 μέναις
2414 568 2652 638 ἡμέραις
2672 567 2902 628 ἐκεῖνον,
2933 566 3057 617 ἐπεὶ
3076 563 3398 630 κεκμηκότα
3415 556 3541 625 εἶδε,
3559 561 3750 611 νίπτειν

2200 659 2299 726 μὲν
2331 659 2456 720 τοὺς
2484 657 2651 719 πόδας
2679 657 2745 727 τῇ
2776 655 2883 723 ίδία
2916 654 3136 707 ἐκέλευε
3168 652 3422 721 θυγατρὶ,
3451 655 3544 704 καὶ
3557 654 3750 719 τράπε-

2196 751 2298 813 ζαν
2333 748 2755 820 παρατίθεσθαι.
2802 748 3051 816 Ἑκείνης
3077 747 3122 800 δ’
3153 745 3420 814 είπούσης
3449 743 3570 814 μήτ’
3597 743 3750 812 ἄρτον

2198 841 2324 910 μήτ’
2358 840 2562 908 ἄλφιτα
2587 840 2792 894 ἐνεῖναι
2825 838 2915 892 διὰ
2941 838 3043 908 τὴν
3091 837 3452 905 ἐπικειμένην
3481 834 3749 905 νηστείαν,

2195 932 2517 1001 εὐξάμενος,
2549 930 2662 985 τῶν
2719 930 3147 1001 ἀπῃωρημινων
3192 929 3438 998 ταρίχων
3490 927 3664 996 κρεῶν
3690 930 3751 992 τῇ

2195 1026 2352 1093 ἑστίᾳ
2381 1025 2544 1078 ὑείων
2576 1022 2841 1089 κατάγειν
2890 1022 3110 1075 ἐκέλευε
3151 1023 3218 1091 τῇ
3256 1020 3431 1081 παιδὶ,
3470 1020 3565 1072 καὶ
3609 1018 3754 1073 ταῦθ’

2194 1115 2272 1178 ὡς
2304 1117 2470 1184 τάχος
2492 1114 2691 1184 όπτᾷν.
2738 1113 2892 1166 Ἐπεὶ
2917 1112 2962 1164 δ’
2988 1111 3187 1173 ἱκανῶς
3223 1104 3370 1180 εἶχον
3396 1110 3583 1175 πυρὸς,
3613 1109 3756 1177 παρὰ

2196 1208 2289 1259 τὸν
2335 1206 2487 1271 ξένον
2517 1206 2614 1259 καὶ
2651 1204 2814 1267 αὐτὸς
2848 1203 3104 1268 καθίσας,
3139 1206 3449 1272 ἁπτόμενος
3488 1203 3596 1255 τῶν
3631 1202 3753 1253 eam.

2196 1295 2370 1364 δίμων
2394 1295 2551 1366 ἤσθιε
2577 1314 2591 1327 ·
2620 1297 2716 1350 καὶ
2748 1296 2839 1349 τὸν
2864 1296 3019 1365 φίλον
3052 1296 3121 1348 τὰ
3154 1297 3317 1363 ὃμοια
3355 1295 3489 1365 δρᾷν
3525 1293 3758 1359 παρεκά-

2198 1388 2304 1444 λει.
2337 1390 2442 1443 Τὸν
2482 1390 2539 1444 δὲ
2586 1388 3060 1461 παραιτούμενον,
3098 1389 3192 1441 καὶ
3223 1386 3548 1458 Χριστιανὸν
3578 1383 3758 1437 ἑαυτὸν

2197 1475 2340 1536 εῐναι
2365 1480 2620 1549 λέγοντα,
2657 1481 2755 1534 καὶ
2789 1480 2865 1551 μὴ
2889 1480 3000 1533 δεῖν
3039 1479 3236 1547 ἐκείνῳ
3268 1479 3481 1548 τροφῆς
3515 1475 3758 1545 τοιαύτης

2198 1571 2426 1641 τοιούτῳ
2449 1572 2633 1642 καιρῷ
2652 1570 3147 1641 διισχυριζόμενον,
3175 1571 3251 1640 μὴ
3272 1571 3375 1639 τὴν
3402 1568 3610 1639 τροφὴν
3634 1568 3761 1635 μᾶλ-

2197 1662 2288 1715 λον
2308 1662 2576 1727 ἀπαξιοῦν
2597 1661 2769 1726 οὕτως
2793 1663 2987 1732 ἔχοντα
3009 1663 3337 1732 παρηγγύα.
3362 1661 3468 1713 Τὸν
3490 1658 3599 1728 γὰρ
3620 1658 3756 1711 θεῖον

2198 1754 2468 1824 χρησμὸν,
2499 1754 2683 1806 πάντα
2705 1748 2848 1805 εἶναι
2872 1750 3094 1823 καθαρὰ
3120 1753 3234 1813 τοῖς
3256 1751 3524 1818 καθαροῖς
3552 1748 3760 1816 ἀποφή-

518 1862 679 1908 nens,
717 1855 905 1912 postea
940 1845 1288 1899 vesci-batur.
1325 1844 1481 1897 Illum
1529 1844 1697 1914 igitur
1739 1849 1973 1902 sacratis
2007 1848 2090 1903 eis

2199 1847 2409 1900 νασθαι.
2441 1844 2620 1899 Πολλά
2648 1845 2707 1898 δὲ
2740 1844 2835 1898 καὶ
2860 1843 2998 1900 ἄλλα
3025 1845 3266 1914 συγγενῆ
3298 1846 3418 1905 τοῖς
3456 1840 3760 1912 εἰρημένοις

516 1939 714 1994 diebus
740 1937 1074 1998 venientem,
1099 1952 1226 1991 cum
1268 1936 1336 1989 de
1382 1936 1582 1991 itinere
1624 1937 1831 1994 fessum
1857 1942 2092 2010 videret.

518 2031 643 2085 filia:
675 2044 791 2083 sua:
817 2038 871 2082 ut
903 2028 1074 2098 pedes
1109 2028 1257 2083 illius
1287 2029 1521 2089 lavaret.
1567 2044 1928 2102 mensamque
1961 2050 2090 2103 pro-

516 2130 769 2193 poneret,
821 2120 1105 2190 prtecepit.
1147 2121 1328 2190 Atque
1381 2121 1476 2175 illa
1524 2121 1618 2177 ubi
1668 2137 1848 2194 neque
1892 2140 2094 2196 panem

518 2229 701 2284 neque
737 2214 972 2267 farinam
1003 2213 1153 2268 domi
1172 2227 1318 2278 esse,
1343 2222 1576 2283 propter
1596 2226 1928 2284 praesentem
1965 2218 2094 2273 abs-

520 2305 810 2359 tinentiam
864 2312 921 2358 et
985 2301 1257 2374 jejunium
1292 2341 1308 2367 ,
1361 2302 1549 2359 dixit:
1603 2307 1925 2375 precatione
1976 2308 2094 2379 ipse

517 2395 693 2459 facta,
726 2395 919 2451 salitas
945 2409 1143 2450 carnes
1172 2394 1433 2463 porcinas
1468 2397 1535 2452 ad
1578 2398 1759 2453 focum
1789 2399 2095 2469 pendentes

520 2487 774 2555 recipere
823 2501 940 2550 eas,
973 2496 1030 2541 et
1076 2486 1491 2556 quamprimum
1545 2488 1616 2543 ad
1659 2489 1839 2560 ignem
1874 2499 2091 2546 torrere

517 2578 706 2647 jussit.
741 2578 812 2632 Et
838 2589 899 2630 ut
924 2592 1046 2632 assa
1074 2579 1212 2632 satis
1239 2575 1491 2640 fuerunt.
1523 2580 1728 2649 hospiti
1762 2590 1819 2635 et
1861 2582 1978 2651 ipse
2005 2598 2096 2637 as~

515 2671 727 2736 sidens,
781 2670 1020 2739 ciboque
1079 2686 1280 2727 manus
1336 2671 1661 2739 admovens,
1709 2675 1974 2738 comedit,
2036 2686 2094 2732 et

517 2763 755 2817 amicum
799 2770 858 2816 ut
890 2762 1084 2818 itidem
1116 2762 1326 2819 faceret
1356 2773 1444 2819 est
1477 2763 1751 2820 hortatus.
1783 2768 1965 2837 Atque
2000 2767 2094 2823 ille

513 2868 643 2907 cum
681 2852 1043 2915 detrectaret,
1084 2854 1463 2909 Christianum
1510 2872 1569 2911 se
1596 2871 1720 2911 esse
1748 2858 1963 2923 dicens,
1999 2873 2093 2915 ne-

513 2958 627 3012 que
657 2944 750 2997 tali
782 2954 1032 3014 tempore
1065 2947 1405 3014 ejuscemodi
1434 2962 1563 3002 esca
1601 2949 1854 3019 indigere
1888 2951 2092 3006 confir-

517 3050 675 3090 muns
706 3074 722 3100 ,
754 3034 1031 3105 Spyridon
1059 3036 1236 3102 illum,
1269 3051 1337 3091 ne
1383 3038 1655 3109 quidquid
1690 3041 1742 3094 id
1771 3051 1918 3097 esset
1959 3030 2090 3111 cibi,

2193 1936 2665 2009 διαπραξάμενον,
2697 1938 2761 1991 τδ
2815 1935 3183 2006 προκείμενον
3238 1936 3340 1989 οὐκ
3387 1936 3453 2005 ἑᾷ
3503 1932 3760 2001 διεξέρχε-

2196 2030 2324 2083 σθαι
2346 2046 2360 2062 ·
2399 2030 2437 2083 a
2482 2030 2767 2099 Ῥουφῖνος
2798 2027 3088 2099 Ῥωμαῖκῇ
3120 2027 3266 2092 λέξει
3296 2028 3492 2099 πρῶτα
3516 2027 3758 2094 ἐξέδωκε.

2196 2123 2293 2176 καὶ
2342 2120 2481 2177 ἄλλα
2528 2122 2759 2176 πλεῖστα
2789 2124 2856 2193 τῇ
2904 2121 3206 2192 Ἐκκλησία
3248 2122 3623 2193 προσήκοντα.
3664 2119 3765 2170 Καὶ

2198 2215 2329 2285 περὶ
2369 2216 2470 2285 μὲν
2495 2216 2843 2284 Σπυρίδωνος
2878 2216 3079 2271 ταῦτα.
3102 2214 3364 2286 Ἤκμαζε
3392 2215 3451 2268 δὴ
3477 2213 3764 2284 τηνικαῦτα

2198 2311 2294 2364 καὶ
2335 2309 2603 2373 Νικόλαος
2642 2308 2849 2381 Μύρων
2904 2310 3003 2380 τῆς
3058 2309 3269 2373 Λυκίας
3320 2311 3622 2370 ἐπίσκοπος
3671 2307 3763 2372 ὢν,

2196 2400 2399 2469 ἐπίσης
2432 2399 2741 2471 Σπυρίδωνι
2770 2401 2864 2456 τὸν
2900 2401 3013 2473 βίον
3041 2401 3102 2455 ἐν
3130 2418 3191 2455 τε
3221 2400 3491 2472 ἁπλότητι
3520 2401 3615 2455 καὶ
3638 2416 3764 2468 συμ·

2195 2489 2403 2561 παθείᾳ
2452 2494 2548 2544 καὶ
2582 2491 2832 2562 θαύμασι
2862 2491 3214 2563 περιϐόητος,
3260 2495 3358 2547 καὶ
3391 2493 3486 2547 επὶ
3514 2495 3579 2563 τῇ
3614 2493 3763 2561 ἀκρι-

2197 2580 2322 2651 ϐείᾳ
2350 2580 2447 2636 τοῦ
2499 2582 2796 2653 δόγματος.
2854 2584 3045 2655 Τούτῳ
3068 2584 3114 2637 δ’
3144 2585 3348 2638 ινεῐναι
3402 2586 3564 2657 χάριν
3590 2584 3760 2649 λόγος,

2196 2672 2287 2726 τὸν
2344 2674 2725 2744 προστυχόντα
2794 2675 2889 2728 καὶ
2937 2673 3406 2746 διομιλησάμενον
3465 2677 3529 2729 ἑκ
3574 2675 3760 2745 ψυχῆς,

2199 2764 2424 2834 χάριτός
2498 2779 2649 2830 τινος
2690 2764 2846 2829 θείας
2882 2765 3155 2837 μετέχειν,
3191 2766 3286 2820 καὶ
3348 2766 3527 2836 ῥοπὴν
3582 2766 3765 2830 ἐκείνῳ

2197 2857 2453 2911 ἐντεῦθεν
2483 2856 2877 2927 ἐνσπείρεσθαι
2905 2858 3042 2929 πρὸς
3066 2859 3137 2912 τὰ
3159 2858 3434 2913 κάλλιστα
3460 2859 3570 2913 τῶν
3596 2857 3763 2927 ἔργων

2200 2945 2773 3018 μεταρρυθμίζεσθαι.
2810 2940 2887 3001 Οὗ
2918 2948 3016 3011 τὰς
3048 2948 3277 3018 πράξεις
3304 2950 3388 3010 ὡς
3428 2950 3561 3003 πᾶσι
3600 2961 3763 3000 κατα-

2197 3038 2392 3105 δήλους
2417 3036 2683 3107 παρίημι.
2729 3037 2958 3108 Ἑπίσης
2984 3038 3197 3101 τούτοις
3227 3038 3325 3093 καὶ
3358 3038 3654 3109 Παρθένιος
3679 3031 3761 3104 ἦν,

520 3143 620 3195 pro
667 3142 731 3180 ea
796 3143 980 3181 rerum
1046 3128 1231 3198 inapia
1291 3141 1709 3200 aspernaretur,
1752 3132 2090 3193 admonuit:

2199 3133 2327 3199 μιᾶς
2357 3130 2472 3184 τῶν
2530 3130 2590 3182 ιν
2634 3127 3018 3199 Ἑλλησπόντῳ
3062 3129 3272 3184 πόλεων
3327 3131 3626 3189 ἐπίσκοπος
3672 3124 3764 3183 ὢν.

513 3218 770 3274 divinum
823 3226 971 3275 enim
1026 3223 1314 3277 oraculum
1367 3235 1612 3290 exstare,
1667 3226 1815 3295 quod
1871 3227 2090 3282 mundis

2199 3221 2316 3290 βίου
2348 3220 2724 3291 λαμπρότητι,
2751 3219 3139 3290 φιλανθρωπίᾳ
3158 3237 3218 3273 τε
3249 3221 3347 3274 καὶ
3379 3223 3602 3293 τέρασιν
3633 3218 3765 3283 ἐξαι-

390 3342 397 3347 -
510 3314 703 3366 omnia
738 3314 944 3368 munda
974 3328 1101 3370 esse
1123 3315 1391 3372 declaret.
1412 3318 1581 3373 Multa
1611 3333 1777 3388 porro
1800 3319 1908 3374 alia
1937 3320 2090 3375 hisce

2199 3313 2336 3377 σίοις
2361 3312 2701 3384 διαπρεπὴς,
2735 3312 2812 3376 ὼς
2843 3313 2939 3366 καὶ
2970 3313 3197 3384 νεκροὺς
3254 3314 3516 3384 ἐγείρειν,
3546 3312 3764 3380 δύναμιν

510 3398 717 3456 similia
768 3406 837 3456 ab
868 3404 963 3458 illo
1013 3415 1162 3471 acta,
1194 3405 1513 3461 institutum
1548 3418 1798 3462 nostrum
1850 3423 2090 3465 comme-

2199 3406 2331 3472 πρὸς
2354 3405 2493 3459 Θεοῦ
2523 3404 2832 3473 εἰληφέναι,
2865 3406 3141 3475 δαιμόνων
3169 3423 3229 3459 τε
3285 3409 3536 3476 κρατεῖν,
3576 3419 3762 3458 παντο-

514 3507 734 3548 morare
782 3509 890 3548 non
939 3496 1230 3564 permittit.
1260 3513 1385 3567 quas
1425 3498 1659 3555 Ruﬁnus
1689 3500 1928 3569 primum
1979 3501 2090 3556 Ro-

2199 3496 2382 3552 Βαπῶν
2413 3513 2473 3551 τε
2499 3497 2841 3567 παθημάτων
2873 3497 3056 3566 ἰατρὸν
3089 3497 3321 3567 ᾶμισθόν
3346 3516 3411 3553 τε
3432 3500 3527 3552 καὶ
3558 3497 3763 3564 ἕτοιμον

512 3599 680 3639 manu
695 3587 954 3654 exposuit
983 3601 1262 3653 sermone,
1284 3590 1504 3660 aliaque
1532 3600 1799 3660 praeterea
1834 3591 2076 3660 plurima

2199 3587 2546 3644 καθεστάναι.
2585 3590 2699 3643 Κατ
2732 3591 2865 3661 περὶ
2899 3591 2997 3659 μὲν
3028 3590 3235 3644 τούτων
3259 3589 3461 3655 οὕτως.
3503 3590 3610 3644 Καὶ
3632 3586 3766 3641 οὕτω

508 3675 580 3729 ad
617 3691 732 3729 rem
750 3676 1183 3733 ecclesiasticam
1204 3681 1561 3749 pertinentia.
1588 3683 1657 3736 Et
1687 3684 1754 3736 de
1778 3680 2090 3753 Spyridone

2199 3677 2256 3730 τδ
2282 3678 2386 3748 τῆς
2416 3680 2655 3743 πίστεως
2705 3680 2883 3750 δόγμα
2936 3680 3027 3735 διὰ
3086 3682 3314 3734 πάντων
3374 3679 3736 3751 συνεκροτεῖτο

511 3766 804 3821 hactenus.
841 3765 1056 3824 Floruit
1086 3770 1252 3825 etiam
1285 3781 1400 3827 tum
1430 3773 1715 3836 Nicolaus,
1748 3774 1897 3843 apud
1939 3773 2089 3845 Μῖνα

2199 3770 2375 3824 ἔθνεσί
2405 3788 2466 3823 τε
2491 3773 2587 3825 καὶ
2617 3774 2880 3843 ἐρημίαις
2915 3776 3011 3827 καὶ
3052 3772 3245 3828 πόλεσι
3268 3791 3281 3805 ·
3317 3776 3421 3828 καὶ
3456 3775 3528 3844 ,ὲν
3573 3775 3638 3844 τῇ
3679 3767 3765 3821 τοῦ

512 3856 695 3929 Lycia:
720 3858 1037 3929 cpiscopus,
1071 3860 1369 3933 Spyridoni
1415 3864 1545 3929 vita,
1582 3879 1799 3921 morum
1871 3866 2089 3933 simpli-

2199 3860 2329 3915 Θεοῦ
2368 3862 2673 3935 Ἐκκλησίᾳ
2715 3864 2990 3935 διέλαμπε
3026 3868 3148 3928 ταῖς
3196 3865 3560 3935 καθεκάστην
3588 3862 3762 3916 ἐπιδό-

508 3951 703 4015 citate,
763 3961 1084 4022 naturaeque
1144 3955 1534 4010 convenientia
1602 3972 1706 4026 par
1754 3974 1769 4009 :
1825 3972 1927 4013 nec
1977 3973 2088 4013 non

2199 3970 2351 4009 σεσιν
2379 3957 2461 4019 είς
2497 3956 2647 4026 μέγα
2689 3956 2786 4011 καὶ
2816 3957 3064 4029 αίθέριον
3114 3958 3506 4029 προαγόμενον
3532 3974 3547 3989 ·
3578 3953 3688 4024 ἐγὼ
3709 3952 3763 4004 δὲ

510 4040 820 4106 miraculis,
866 4052 924 4098 et
970 4057 1229 4105 accurata
1276 4057 1538 4115 certaque
1580 4048 1850 4102 doctrinae
1898 4047 2088 4103 obser-

508 4128 697 4183 vantia
740 4145 1005 4201 perquam
1062 4133 1318 4190 celebris.
1375 4135 1540 4206 632
1600 4135 1745 4190 Huic
1793 4151 1861 4192 ea
1915 4137 2086 4195 fuisse

507 4215 726 4274 dicitur
751 4222 951 4291 gratia,
989 4232 1050 4277 ut
1087 4226 1181 4294 qui
1215 4241 1349 4281 eum
1394 4227 1887 4297 complecteretur,
1922 4228 2087 4284 fami-

2197 4046 2309 4100 τῶν
2336 4048 2600 4101 τοιούτων
2627 4049 2923 4118 ἀφέμενος,
2963 4050 3060 4103 ἰπὶ
3084 4049 3192 4103 τῶν
3224 4051 3367 4103 κατὰ
3411 4051 3509 4121 τὴν
3548 4046 3768 4112 Ἐκκλη-

2202 4137 2324 4191 σίαν
2366 4140 2698 4209 συμϐάντων
2748 4142 2845 4195 καὶ
2875 4142 3035 4206 αὖθις
3067 4141 3163 4195 τοῦ
3197 4141 3361 4212 λόγου
3406 4141 3538 4213 ῥοῦν
3581 4137 3767 4209 τρέψο-

2203 4250 2329 4302 μαι.

508 4310 820 4385 liariusque
870 4333 1059 4373 secum
1102 4335 1171 4374 ex
1218 4322 1406 4375 animo
1441 4321 1886 4392 collequeretur,
1961 4323 2133 4381 divini
2173 4327 2441 4396 quiddam
2509 4327 2641 4383 doni
2682 4328 2953 4395 hauriret,
3008 4337 3469 4399 momentumque
3510 4329 3635 4383 inde
3678 4325 3769 4379 ali-

508 4409 661 4474 quod
694 4408 984 4479 reciperet,
1016 4411 1141 4465 vitae
1162 4412 1230 4465 ad
1261 4413 1467 4481 optima
1528 4429 1762 4483 quisque
1823 4431 1993 4487 opera
2055 4418 2489 4474 conformanda.
2546 4419 2676 4489 Ejus
2726 4420 2977 4475 actiones
3056 4420 3225 4475 veluti
3310 4422 3570 4477 omnibus
3617 4428 3763 4473 notas

510 4500 899 4565 praetermitto.
924 4502 1029 4556 Par
1057 4503 1183 4556 istis
1206 4503 1373 4557 etiam
1404 4501 1505 4557 fuit
1534 4504 1889 4573 Parthenius,
1959 4508 2112 4564 urbis
2153 4510 2319 4564 unius
2371 4510 2425 4563 in
2498 4508 2856 4578 Hellesponto
2885 4511 3202 4580 episcopus,
3252 4512 3381 4567 vita:
3453 4510 3762 4581 splendore.

510 4592 857 4648 humanitate
911 4605 968 4649 et
994 4594 1261 4667 prodigiis
1291 4597 1608 4667 iungentibus
1630 4601 1834 4667 clarus,
1867 4602 2009 4657 adeo
2071 4611 2132 4656 ut
2169 4613 2395 4671 accepta
2442 4619 2473 4657 a
2553 4604 2665 4657 Deo
2716 4611 3011 4673 potestate,
3066 4615 3316 4658 mortuos
3364 4606 3640 4663 excitarit.
3671 4603 3770 4655 thr.-

516 4687 777 4742 monibus
815 4688 1122 4757 iniperarit,
1170 4701 1227 4744 et
1274 4692 1550 4745 variorum
1595 4692 1917 4750 morborum
1980 4705 2204 4749 curator
2268 4695 2542 4765 gratuitus
2573 4710 2637 4750 ac
2698 4705 2986 4765 promptus
3015 4696 3202 4751 fuerit.
3240 4697 3317 4751 Ac
3342 4698 3415 4750 de
3449 4696 3537 4751 his
3593 4695 3771 4748 hacte-

510 4793 640 4833 nus.
690 4779 770 4833 Ad
809 4781 957 4835 hunc
1004 4780 1220 4836 scilicet
1275 4784 1521 4849 modum,
1594 4784 1854 4841 doctrina
1906 4787 2035 4842 fidei
2111 4787 2166 4842 in
2209 4788 2561 4852 nationibus,
2610 4788 3037 4853 solitudinibus,
3084 4797 3143 4842 et
3189 4789 3421 4844 urbibus
3476 4787 3764 4844 omnibus.

511 4888 713 4942 magno
744 4889 1019 4930 consensu
1062 4876 1410 4944 frequentata
1447 4888 1579 4933 est:
1648 4891 1815 4948 atque
1881 4879 1934 4932 in
2011 4880 2243 4935 ecclesia
2295 4881 2392 4935 Dei
2444 4881 2622 4936 indies
2659 4882 3019 4936 incrementis
3065 4880 3181 4935 suis
3211 4882 3407 4948 eluxit,
3475 4883 3530 4935 in
3561 4880 3756 4935 coclqu

509 4981 688 5034 usque
735 4966 975 5022 sublata.
1013 4967 1303 5035 ~Caeterum
1348 4970 1502 5026 hisce
1545 4971 1814 5035 dimissis,
1865 4971 2172 5027 orationem
2226 4973 2293 5027 ad
2334 4988 2401 5027 ea
2455 4988 2577 5043 quae
2662 4975 2715 5027 in
2774 4972 3019 5028 Ecclesia
3089 4982 3242 5042 gesta
3312 4984 3465 5038 sunt,
3549 4985 3761 5025 rursum

509 5070 773 5115 εοιινιιτιιι
783 5074 832 5112 Ill
842 5097 859 5113 .

1082 5172 1310 5230 CAPUT
1352 5176 1536 5233 XLIII.
2122 5192 2164 5243 ι)

510 5269 967 5341 Quemadmodum
1005 5267 1258 5341 Eusebius
1285 5277 1331 5321 et
1372 5270 1623 5341 Theognis
1649 5276 1839 5327 Ariani
1863 5317 1878 5339 ,
1902 5275 2078 5328 libelio

583 5340 922 5417 pmuitemiw.
961 5339 1204 5418 exhibito,
1256 5356 1380 5392 sitas
1435 5339 1723 5411 receperint
1783 5347 2029 5397 ecclesias
2064 5361 2084 5397 :

580 5423 777 5489 eosque
831 5414 921 5475 qui
975 5414 1030 5459 ιιι
1087 5423 1266 5462 eorum
1322 5414 1490 5465 locum
1562 5416 1834 5483 subreguli
1908 5426 2084 5478 erant,

587 5489 858 5546 ejecermt.

2764 5184 3019 5237 ΚΕΦΔΛ.
3068 5182 3204 5237 ΜΓ.

2204 5277 2297 5341 Ὡς
2328 5279 2378 5328 οι
2407 5275 2696 5341 ’.ὶρειανοί
2722 5276 3014 5341 Εὐσέϐιος
3036 5277 3132 5329 καί
3166 5279 3505 5343 Θεογόνιος,
3524 5275 3766 5341 βιόλιέν

2257 5346 2582 5414 μετανοίας
2606 5345 2840 5409 δόντες,
2866 5346 2978 5411 τὰς
3003 5344 3158 5412 ἰδίας
3183 5347 3521 5412 ἐκκλησίας
3546 5348 3741 5401 ἀπέλα

2263 5421 2390 5503 σοι,
2428 5418 2571 5479 τοὺς
2595 5416 2664 5468 ἐν
2698 5416 2908 5481 αὐταῖς
2928 5418 3462 5484 χειροτονηθέντας
3496 5416 3769 5481 ἐκϐεϐλη-

2265 5502 2460 5551 κοτες.

582 5584 1017 5640 Laudatissimus
1059 5588 1281 5657 quidem
1327 5590 1444 5657 ipse
1490 5591 1793 5660 imperator
1859 5609 2080 5648 omnem

510 5679 763 5730 movebat
795 5678 1002 5741 funem,
1045 5695 1101 5734 ut
1136 5682 1328 5749 religio
1364 5695 1549 5735 nostra
1599 5687 1772 5752 magis
1805 5701 1867 5738 ac
1905 5690 2080 5755 magis

507 5777 824 5839 augeretur,
861 5782 915 5823 et
943 5772 1289 5825 incrementa
1317 5788 1415 5827 sua
1449 5787 1669 5841 caperet
1697 5794 1709 5828 :
1751 5780 1954 5847 quippe
1987 5782 2078 5848 qui

2280 5601 2339 5653 '0
2377 5601 2475 5669 μὲν
2510 5598 2605 5653 οὖν
2654 5600 3014 5668 πανεύφημος
3057 5600 3313 5670 βασιλεὺς
3353 5600 3535 5653 πάντα
3594 5598 3768 5653 κάλων

2196 5697 2386 5757 ἐκίνει,
2412 5696 2487 5757 ὡς
2521 5696 2585 5748 ἄν
2614 5712 2675 5760 γε
2710 5696 2778 5747 τὰ
2802 5695 2904 5763 τῆς
2937 5695 3210 5763 ἡμετέρας
3252 5695 3557 5765 θρησκείας
3602 5690 3766 5753 αὔξην

2193 5783 2485 5850 λαμϐάνοι,
2526 5787 2618 5836 καὶ
2660 5785 2739 5847 εἰς
2774 5786 3016 5838 ἐπίδοσιν
3064 5788 3269 5854 ἄγοιτο,
3301 5786 3396 5840 ἅτε
3433 5786 3497 5854 δὴ
3538 5786 3764 5837 ἀποσο-
