3990 6444
240 356 330 425 169

1145 361 1755 425 ECCLESIASTlCzE
1800 364 2191 426 HISTORHE
2234 365 2381 427 LIB.
2427 361 2590 427 Vlll.

3386 354 3483 418 170

235 475 388 544 λικὴν
433 472 528 526 καὶ
568 472 929 545 οὐρανομήκη
977 473 1119 544 ἔχων
1181 476 1394 546 ψυχήν⁹
1449 471 1592 548 ἦσαν
1648 478 1693 529 δ’
1755 496 1778 531 ο

1907 478 2211 547 apostolico
2247 476 2574 545 cmlestique
2613 488 2842 544 prorsus
2886 480 3036 528 esset
3083 472 3291 527 animo.
3334 471 3483 526 Inter

236 566 335 619 τῶν
363 563 674 633 ἐκκλησιῶν
704 566 996 635 ἡγεμόνες,
1034 568 1261 623 καὶτῶν
1300 572 1360 623 ἐν
1407 570 1557 623 τέλει
1589 570 1683 624 τοῦ
1723 573 1800 625 ἰε-

237 658 451 729 ρᾶσοαι,
475 657 525 711 οἶ
566 659 641 728 μὴ
673 659 836 728 μόνον
876 660 1287 732 συνοικοδομεῖν
1321 662 1517 733 ἐκείνῳ
1546 663 1799 734 ᾑροῦντο,

233 750 368 803 ἀλλὰ
405 749 501 802 καὶ
536 751 889 821 ἀνατρέπειν,
937 749 1158 816 καὶζτά
1206 753 1434 823 θεμέλια
1474 755 1675 825 ταύτης
1736 759 1799 808 ἐκ

234 841 395 910 ῥιζῶν
423 841 699 913 ἀνασπᾷν,
748 843 826 906 ὡς
879 846 1167 913 προϊόντες
1219 846 1560 918 δηλώσομεν.
1599 848 1658 901 ’0
1699 848 1799 917 μὲν

232 937 337 1003 γὰρ
366 934 585 1003 ’Δρειος
620 932 724 1011 τὴν
762 936 1049 1007 συνοδικὴν
1070 938 1253 1008 ψῆφον
1291 939 1383 992 καὶ
1408 938 1509 1011 τὴν
1543 941 1607 992 ἐκ
1632 939 1796 1008 βασι-

229 1026 361 1088 λέως
419 1007 627 1090 λαϐὼν,⁸
669 1027 961 1097 ὑπερόριος
1002 1030 1200 1099 ἤγετο·
1250 1007 1554 1100 ὲπίσηςνδὲ
1609 1007 1702 1087 καὶ
1746 1031 1796 1085 οἱ

231 1119 356 1186 περὶ
390 1117 480 1171 τὸν
525 1119 896 1190 Νικομηδείας
939 1121 1223 1187 Εὖσέϐιον,
1270 1123 1320 1177 οἳ
1371 1127 1437 1195 τῇ
1484 1127 1799 1198 ὑπαγορεύ-

230 1212 380 1281 θείσῃ
412 1212 593 1265 πίστει
623 1214 1073 1284 ὑπεσημήναντο,
1118 1216 1405 1286 σύμψηφοι
1434 1219 1492 1273 δὲ
1534 1223 1794 1289 γενέσθαι

230 1309 290 1375 τῇ
327 1305 539 1375 Ἀρείου
568 1307 887 1377 καθαιρέσει
913 1309 1014 1362 οὐκ
1040 1311 1452 1382 ἠϐουλήθησαν.
1483 1314 1543 1367 Ὀ
1579 1316 1677 1386 μὲν
1700 1316 1793 1370 οὖν

233 1400 445 1467 ῘΑρειος
482 1400 541 1451 οὗ
593 1400 774 1471 πολλῷ
804 1399 1033 1472 ὕστερον
1061 1402 1162 1473 τῆς
1207 1406 1267 1458 ἐν
1306 1405 1515 1478 Νικαία
1571 1408 1792 1462 συνόδου

226 1491 324 1558 τῆς
349 1491 449 1558 μὲν
478 1490 693 1561 ἐξορίας
723 1493 1021 1564 ἀνεκλήθη,
1067 1497 1132 1566 τῇ
1157 1512 1221 1564 γε
1264 1496 1372 1567 μὴν
1407 1497 1793 1570 Ἀλεξανδρείᾳ

224 1584 421 1654 φοιτᾷν
437 1583 741 1653 ἐπεσχέθηο
779 1589 837 1637 ἐν
867 1586 1086 1657 ὑστέρῳ
1136 1590 1245 1659 γάρ
1271 1593 1365 1643 καὶ
1411 1594 1490 1654 εἰς
1537 1592 1791 1657 Ἀλεξάν-

221 1679 404 1747 δρειαν
435 1677 578 1745 αὐτῷ
610 1678 839 1743 κάθοδος
864 1683 979 1743 τοῖς
1037 1683 1170 1750 περὶ
1207 1683 1465 1737 Εύσέϐιον
1532 1686 1671 1754 μετὰ
1694 1686 1791 1755 τὴν

220 1768 547 1837 παλινῳδίαν
570 1770 928 1835 ἐσπούδαστο,
952 1771 1029 1834 ὡς
1060 1773 1118 1823 ἐν
1140 1773 1321 1845 καιρῷ
1354 1792 1446 1843 μοι
1476 1773 1755 1841 λελέξεται
1773 1793 1787 1809 ·

223 1863 339 1927 μετ’
374 1861 558 1930 ὀλίγον
592 1864 649 1915 δὲ
682 1863 945 1927 Εὑσέϐιός
978 1881 1037 1918 τε
1094 1866 1186 1917 καὶ
1234 1866 1521 1934 Θεογόνιος
1567 1869 1666 1931 τὰς
1710 1871 1790 1922 οί-

222 1954 369 2018 κείας
410 1955 713 2025 ἐκκλησίας
758 1957 1057 2023 ἀπέλαϐον,
1091 1960 1118 2010 ὁ
1172 1960 1271 2030 μὲν
1303 1961 1395 2014 τὸν
1447 1962 1566 2015 ἀντ’
1619 1961 1786 2016 αὑτοῦ

222 2048 673 2119 χειροτονηθέντα
709 2052 997 2121 Ἀμφίωνα
1041 2052 1311 2119 ἐκϐαλὼν,
1338 2054 1589 2124 Χρῆστον
1638 2056 1695 2109 δὲ
1723 2057 1788 2109 ὲκ

215 2141 451 2203 Νικαίας
485 2145 512 2195 ὁ
563 2141 881 2210 Θεογόνιος·
923 2146 1218 2215 μετανοίας
1264 2148 1373 2219 γὰρ
1420 2148 1629 2218 βιϐλίον
1673 2151 1787 2212 τοῖς

215 2236 538 2302 κορυφαίοις
597 2235 710 2289 τῶν
751 2222 1079 2292 ’ἐπισκόπων
1138 2240 1477 2310 πέμψαντες,
1522 2241 1787 2312 βασιλικῷ

213 2324 551 2394 κελεύσματι
590 2328 997 2399 ἀνεκλήθησαν.
1029 2323 1157 2383 Ὧδε
1187 2331 1235 2383 δ’
1275 2328 1424 2404 εῖχεν
1458 2335 1561 2386 ἐπὶ
1586 2334 1784 2400 λέξεως

208 2419 269 2470 τὸ
288 2417 498 2488 βιϐλίον
524 2436 536 2449 ·
561 2437 580 2470 ι
596 2420 735 2490 Ἤδη
763 2422 862 2491 μὲν
879 2423 1390 2492 καταψηφισθέντες
1412 2426 1519 2498 πρὸ
1551 2428 1784 2497 κρίσεως

211 2506 363 2575 παρά
394 2508 491 2586 τῆς
539 2508 831 2573 εὐλαϐείας
872 2510 1050 2581 ὑμῶν,
1102 2513 1399 2584 ὀφείλομεν
1454 2518 1670 2586 σιωπᾷν
1713 2518 1781 2569 τὰ

209 2585 518 2668 κεκριμένα
552 2600 706 2669 παρὰ
749 2600 847 2670 τῆς
886 2602 1174 2667 εὐλαϐείας
1209 2605 1397 2675 ὑμῶν·
1431 2607 1547 2661 ἀλλ’
1591 2585 1781 2680 ἐπειδὴ

206 2692 412 2744 ἄτοπον
468 2692 592 2745 καθ’
641 2694 849 2747 ἑαυτῶν
900 2695 1087 2749 δοῦναι
1141 2698 1251 2751 τῶν
1293 2700 1782 2768 συκοφαντούντων

204 2785 307 2853 τὴν
329 2784 610 2851 ἀπόδειξιν
638 2788 702 2857 τῇ
731 2790 933 2859 σιωπῇ,
965 2788 1156 2844 τούτου
1186 2790 1378 2844 ἕνεκεν
1403 2793 1777 2865 ἀναφέρομεν,

203 2877 279 2938 ὡς
302 2878 467 2946 ἡμεῖς
497 2878 590 2930 καὶ
615 2880 682 2948 τῇ
721 2880 900 2932 πίστει
947 2882 1385 2953 συνεδράμομεν,
1424 2885 1520 2937 καὶ
1563 2886 1661 2955 τὴν
1699 2886 1780 2938 εν-

204 2986 359 3021 νοιαν
382 2968 744 3034 ἐξετάσαντες
774 2973 866 3026 ἐπὶ
891 2973 968 3043 τῷ
997 2974 1296 3047 όμσουσίῳ,
1334 2977 1443 3031 ὅλοι
1474 2980 1778 3048 ἐγενόμεθα

201 3060 302 3129 τῆς
342 3061 588 3131 εἰρήνης,
639 3062 892 3134 μηδαμοῦ
939 3068 1008 3138 τῇ
1058 3066 1270 3136 αἱρέσει
1305 3067 1776 3141 ἐξακολουθήσαν-

201 3168 326 3214 τες·
364 3153 779 3223 ὐπομνήσαντες
813 3155 867 3208 δὲ
900 3156 994 3209 ἐπὶ
1044 3158 1111 3228 τῇ
1140 3158 1411 3231 ἀσφαλείᾳ
1442 3160 1552 3214 τῶν
1572 3163 1777 3233 ἐκκλη-
1806 3188 1848 3243 C

203 3246 356 3308 σιῶν,
391 3245 493 3297 ὅσα
520 3245 610 3298 τὸν
640 3246 902 3317 λογισμὸν
928 3248 1089 3318 ἡμῶν
1111 3249 1467 3323 ὐπερέτρεχε.
1500 3253 1608 3307 Καὶ
1640 3256 1778 3323 πλη-

205 3338 607 3408 εοςορηθέντες
641 3341 737 3393 καὶ
772 3342 1296 3413 πληροφορήσαντες
1344 3345 1471 3411 τοὺς
1505 3347 1573 3399 δι’
1613 3348 1776 3418 ἡμῶν

204 3435 499 3501 πεισθῆναι
553 3433 893 3502 ὀφείλοντας,
941 3436 1423 3510 ὑπεσημηνάμεθα
1470 3444 1534 3512 τῇ
1570 3443 1774 3497 πίστει.

204 3524 293 3595 Τῷ
316 3525 376 3578 δὲ
396 3525 838 3599 ἀναθεματισμῷ
861 3529 961 3599 οὐχ
990 3530 1413 3602 ὑπεγράψαμεν,
1449 3534 1546 3605 οὐχ
1572 3533 1647 3597 ὡς
1676 3534 1774 3602 τῆς

210 3615 447 3677 πίστεως
487 3615 952 3685 κατηγοροῦντες,
991 3618 1106 3671 ἀλλ’
1140 3618 1215 3683 ὡς
1250 3620 1612 3685 ἀπιστοῦντες
1662 3638 1775 3675 τοι-

203 3706 360 3760 οὗτον
386 3704 525 3761 εἶναι
578 3708 671 3762 τὸν
725 3712 1198 3785 κατηγορηθέντα,
1229 3717 1295 3768 ἐκ
1343 3716 1453 3768 τῶν
1484 3717 1590 3789 ίδίᾳ
1636 3719 1775 3789 πρὶς

204 3803 354 3869 ἡμᾶς
407 3800 539 3873 παρ’
578 3802 745 3855 αὑτοῦ
800 3803 890 3856 διά
936 3820 995 3857 τε
1034 3808 1360 3869 ἐπιστολῶν,
1406 3812 1500 3864 καὶ
1537 3812 1646 3865 τῶν
1693 3814 1772 3876 είς

202 3897 496 3966 πρόσωπον
524 3895 820 3961 διαλέξεων
848 3901 1458 3971 πεπληροφορημένοις,
1489 3906 1563 3973 μὴ
1594 3905 1773 3958 τοιοῦ-

200 4007 294 4043 τον
330 3985 495 4044 εἶναι.
520 3990 588 4045 Εί
624 3990 683 4043 δὲ
714 3991 944 4063 ἐπείσθη
984 3995 1017 4062 ἡ
1050 3996 1182 4061 ἁγία
1210 3996 1367 4065 ἡμῶν
1400 3999 1637 4063 σᾶνοδος,
1671 4001 1772 4052 οὐκ

198 4084 626 4150 ἀντιτείνοντές,
664 4085 801 4139 ἀλλά
859 4089 1203 4151 συντιθέντες
1258 4091 1369 4153 τοῖς
1424 4095 1554 4158 παρ’
1615 4094 1771 4163 ὑμῶν

201 4178 581 4247 κεκριμένοις,
612 4178 706 4230 καὶ
735 4177 824 4230 διὰ
866 4178 964 4231 τοῦ
1024 4183 1354 4252 γράμματος
1391 4183 1771 4254 πληροφυροῦ-

205 4289 302 4338 μεν
340 4272 441 4341 τὴν
472 4273 902 4340 συγκατάθεσιν,
950 4276 1009 4328 οὐ
1041 4277 1142 4347 τὴν
1174 4280 1389 4347 ἐξορῖαν
1424 4280 1634 4349 βαρέως
1673 4284 1768 4349 φέ-

202 4374 409 4427 ροντε;,
440 4361 577 4412 ἀλλὰ
610 4362 711 4431 τὴν
738 4362 997 4416 ὑπόνοιαν
1021 4366 1121 4434 τῆς
1163 4369 1429 4436 αἱρέσεως
1463 4370 1772 4438 ἀποδυόμε-

198 4468 312 4503 νον
351 4453 403 4504 εί
444 4456 551 4524 γὰρ
604 4452 974 4518 καταξιώσετε
1029 4456 1123 4510 νῦν
1175 4458 1309 4525 γοῦν
1359 4461 1439 4522 είς
1472 4462 1767 4531 πρόσωπον

1903 573 2265 629 ecclesiarum
2336 569 2599 640 praesides
2644 582 2944 635 rerumque
2980 579 3260 620 sacrarum
3296 566 3483 632 magi-

1901 675 2111 721 stratus
2138 673 2254 719 tum
2291 674 2470 727 erant,
2515 662 2609 732 qui
2649 675 2760 714 non
2790 661 2970 715 solum
3005 673 3129 713 cum
3160 656 3256 713 illo
3299 657 3475 711 aedili—

1902 759 2164 821 candum,
2194 772 2386 812 verum
2412 756 2578 811 etiam
2607 754 3007 811 destruendum
3042 753 3172 817 sibi,
3210 761 3267 807 et
3297 754 3479 809 eccle-

1901 855 1999 907 sia:
2033 838 2391 906 fundamenta
2423 847 2674 904 funditus
2706 847 3070 903 evertendam
3120 855 3431 901 statuerant
3461 863 3475 899 :

1900 942 2064 996 sicuti
2125 941 2267 1012 stylo
2321 940 2599 1010 progressi
2658 937 3039 994 ostendemus.
3105 936 3271 993 Arius
3325 939 3476 991 enim

1898 1033 2092 1105 synodi
2124 1032 2300 1103 ipsius
2334 1042 2501 1102 atque
2550 1032 2905 1101 imperatoris
2951 1030 3163 1085 calculo
3210 1029 3475 1085 condem-

1901 1135 2082 1186 natus.
2130 1134 2188 1179 et
2227 1125 2425 1180 exsilio
2467 1133 2743 1179 mactatus
2791 1123 2976 1179 fuerat
3010 1140 3023 1177 :
3064 1134 3231 1193 atque
3280 1122 3473 1176 itidem

1898 1221 2174 1276 Eusebius
2216 1218 2687 1283 Nicomediensis,
2743 1226 3162 1287 scctatoresque
3200 1218 3343 1286 ejus.
3378 1217 3474 1286 qui

1898 1312 2227 1383 professioni
2257 1311 2484 1381 quidem
2525 1310 2651 1364 ﬁdei
2697 1309 3172 1379 subscripserant,
3224 1308 3339 1362 Arii
3373 1323 3475 1361 au-

1899 1418 2008 1459 tem
2060 1405 2580 1461 exauctorationem
2617 1402 2911 1458 sententiis
2943 1404 3061 1457 suis
3109 1402 3473 1471 comprobare

1895 1498 2209 1552 noluerant.
2252 1497 2319 1551 Et
2365 1496 2528 1550 Arius
2560 1511 2669 1550 non
2704 1496 2865 1566 longe
2903 1504 3029 1565 post
3063 1494 3343 1548 Nicarnam
3377 1508 3469 1563 sy-

1896 1593 2100 1645 nodum
2147 1590 2217 1645 ab
2263 1590 2460 1645 exsilio
2495 1589 2718 1659 quidem
2752 1600 2837 1644 est
2880 1599 3192 1650 revocatus,
3230 1587 3472 1641 Alexan-

1894 1684 2069 1738 driam
2134 1692 2316 1738 autem
2384 1682 2464 1737 ire
2530 1682 2869 1751 prohibitus.
2931 1681 3207 1737 Caeterum
3280 1689 3472 1749 postea

1894 1791 2116 1846 quoque
2147 1776 2199 1831 ei
2252 1775 2321 1830 ab
2356 1776 2621 1841 Eusebio,
2653 1775 2818 1846 633
2857 1784 2982 1845 post
3032 1772 3373 1843 palinodiam
3414 1782 3472 1826 et

1898 1868 2356 1935 recantationem,
2398 1869 2612 1924 reditus
2655 1869 2711 1922 in
2748 1882 2868 1923 eam
2906 1866 3100 1921 urbem
3136 1866 3471 1935 impetratus

1895 1976 2019 2019 est:
2061 1962 2115 2017 id
2166 1979 2278 2033 quo
2328 1978 2430 2019 suo
2473 1964 2599 2019 loco
2645 1962 2886 2019 dicetur.
2941 1962 3100 2017 Brevi
3151 1976 3377 2032 quoque
3412 1968 3469 2014 et

1894 2053 2169 2109 Eusebius
2205 2063 2263 2109 et
2298 2053 2580 2125 Theognis
2610 2054 2875 2110 ecclesias
2906 2070 3034 2109 suas
3083 2064 3418 2124 receperunt
3453 2073 3469 2108 :

1891 2145 1972 2197 eis
2010 2145 2103 2213 qui
2153 2144 2208 2198 in
2256 2158 2451 2198 eorum
2485 2145 2670 2199 locum
2723 2147 2995 2214 surrogati
3037 2144 3281 2207 fuerant,
3340 2145 3470 2199 Am—

1890 2238 2095 2308 phione
2128 2237 2470 2300 Nicomedia.
2502 2250 2551 2293 et
2585 2238 2822 2296 Chresto
2862 2239 3043 2296 Nicaea
3079 2241 3297 2310 ejectis.
3326 2240 3467 2297 Cum

1890 2344 2127 2399 namque
2169 2329 2511 2399 paenitentia:
2556 2332 2804 2388 libellum
2853 2335 3137 2402 primariis
3187 2335 3470 2405 episcOpis

1890 2424 2196 2489 misissent,
2228 2425 2586 2497 imperatoris
2622 2427 2780 2497 jussu
2811 2439 2946 2484 sunt
2970 2433 3241 2486 revocati.
3278 2432 3472 2489 Libel-

1887 2517 1975 2572 lus
2026 2528 2214 2574 autem
2272 2520 2321 2575 is
2371 2520 2441 2576 de
2499 2522 2672 2576 verbo
2726 2522 2793 2577 ad
2852 2526 3080 2579 verbum
3146 2526 3272 2582 talis
3318 2527 3466 2584 fuit:

1895 2625 1913 2658 ι
1966 2608 2100 2663 Cum
2165 2607 2392 2679 quidem
2455 2612 2688 2667 calculis
2752 2615 2953 2669 vestris
3002 2626 3131 2671 ante
3186 2618 3463 2689 judicium

1887 2697 2119 2764 factum,
2145 2716 2171 2753 a
2202 2699 2409 2770 pietate
2445 2713 2625 2758 vestra
2656 2703 2901 2759 damnati
2949 2705 3144 2773 simus,
3172 2708 3338 2764 silere
3370 2709 3469 2764 de-

1888 2792 2208 2848 buissemus
2239 2774 2307 2850 de
2337 2796 2558 2865 pietatis
2587 2806 2788 2853 vestrae
2812 2797 3075 2854 decreta.
3103 2799 3468 2873 Quandotlui-

1884 2886 2009 2941 dem
2041 2903 2173 2942 vero
2202 2889 2504 2944 absurdum
2532 2890 2721 2957 fuerit,
2751 2892 2976 2948 silentio
3004 2879 3131 2964 ipso;
3150 2897 3465 2967 sycophan-

1887 2981 1975 3036 tia:
2038 2983 2359 3053 opinionem
2425 2995 2479 3038 et
2544 2985 2808 3041 indicium
2878 2996 3073 3043 contra
3143 3004 3244 3044 nos
3317 2992 3466 3061 ipsos

1884 3074 2133 3141 praebere
2164 3090 2177 3129 :
2207 3090 2327 3130 eam
2361 3076 2534 3145 ipsam
2565 3076 2638 3130 ob
2668 3093 2891 3133 causam
2917 3078 2982 3134 ad
3018 3096 3115 3136 vos
3141 3083 3462 3149 referimus,

1885 3180 1985 3218 nos
2026 3166 2355 3233 professioni
2390 3168 2515 3223 ﬁdei
2544 3169 2919 3238 consensisse,
2944 3174 3333 3246 sententiaque
3363 3180 3459 3230 τοῦ

1883 3254 2173 3321 ὁμοευσίου
2228 3267 2283 3310 ει
2333 3258 2823 3317 consubstantialis
2866 3264 3175 3333 explorata,
3238 3280 3463 3336 pacatos

1885 3361 2114 3415 prorsus
2145 3347 2336 3413 fuisse,
2373 3365 2552 3420 neque
2589 3352 2698 3406 ulla
2729 3369 2794 3407 ex
2830 3366 2985 3424 parte
3032 3348 3227 3415 haeresi
3267 3362 3462 3418 adita:-

1884 3438 2046 3494 sisse.
2086 3439 2454 3499 Certitudinis
2500 3455 2683 3501 autem
2714 3449 3075 3507 ecclesiarum
3109 3470 3302 3524 causa,
3340 3476 3462 3530 quae

1882 3531 2043 3588 nobis
2071 3532 2124 3588 in
2156 3544 2398 3590 mentem
2424 3550 2715 3604 venerant,
2746 3541 2801 3595 in
2832 3544 3074 3600 medium
3101 3550 3457 3616 protulimus.

1880 3629 2059 3697 Atque
2094 3628 2198 3697 ipsi
2251 3631 2469 3685 tandem
2501 3642 2658 3688 certo
2698 3637 2972 3705 persuasi,
3019 3638 3254 3712 aliisque
3286 3645 3456 3700 etiam

1878 3734 2018 3791 quos
2066 3723 2361 3792 Oportebat
2413 3724 2605 3780 itidem
2657 3745 2687 3783 a
2740 3730 2903 3786 nobis
2957 3738 3271 3804 persuasis,
3326 3739 3455 3796 fidei

1878 3813 2333 3883 subscripsimus.
2396 3818 2751 3879 Anathemati
2808 3840 2939 3881 vero
2987 3830 3452 3890 subscribendqu

1877 3922 1986 3961 non
2015 3906 2305 3974 duximus,
2347 3925 2455 3965 non
2491 3913 2714 3981 quidem
2745 3918 2886 3983 quod
2919 3920 3083 3976 fidem
3131 3924 3301 3994 ipsam
3332 3944 3455 3983 car-

1879 4012 2170 4067 peremus:
2208 4015 2402 4056 verum
2436 4002 2581 4070 quod
2612 4019 2738 4058 eum
2780 4007 2874 4077 qui
2918 4024 3218 4070 accusatus
3248 4018 3452 4085 fuerat,

1877 4091 2042 4145 talem
2099 4107 2221 4147 esse
2281 4109 2391 4147 non
2449 4096 2829 4155 crederemus.
2878 4102 2954 4157 Ex
3003 4106 3254 4176 epistolis
3301 4114 3451 4168 enim

1877 4185 2001 4253 ejus
2030 4184 2097 4238 ad
2143 4199 2244 4239 nos
2273 4184 2340 4238 da
2372 4187 2437 4253 is,
2473 4192 2941 4265 sermonibusque
2969 4198 3024 4253 in
3057 4199 3253 4257 faciem
3290 4207 3455 4261 colla-

1880 4278 1970 4343 tis,
2019 4279 2286 4335 certiores
2320 4278 2448 4336 facti
2488 4301 2702 4353 sumus,
2741 4289 2904 4343 talem
2957 4308 3066 4348 non
3112 4311 3253 4352 esse.
3296 4298 3454 4366 Quod

1875 4372 1920 4427 si
1962 4381 2153 4428 sancta
2193 4384 2375 4430 vestra
2427 4378 2672 4448 synodus
2703 4380 2773 4435 de
2816 4399 2883 4439 eo
2915 4386 2996 4440 sic
3045 4402 3308 4457 persuasa
3346 4404 3450 4454 est,

1877 4476 1977 4515 nos
2036 4463 2172 4517 nihil
2222 4481 2615 4537 repugnamus.
2657 4471 2930 4529 Ceterum
2975 4479 3297 4551 suﬂragium
3354 4501 3452 4539 no-

192 4543 487 4598 ἀναλαϐείν
541 4546 709 4616 ἡμᾶς,
744 4547 893 4610 ἕξετε
920 4550 979 4601 ὲν
1032 4550 1204 4605 ἅπασι
1255 4553 1600 4625 συμψύχους,
1636 4557 1768 4610 ἀκα-

1882 4562 2053 4608 strun?
2079 4554 2145 4609 ad
2169 4556 2389 4612 decreta
2420 4572 2602 4615 vestra
2629 4569 3137 4636 accommodantes,
3165 4590 3262 4643 per
3285 4577 3451 4634 hasce

192 4636 520 4700 λουθοῦντας
549 4641 664 4701 τοῖς
698 4639 829 4710 παρ’
881 4641 1037 4711 ὑμῶν
1081 4648 1455 4716 κεκριμένοις.
1501 4649 1615 4703 Καὶ
1673 4651 1762 4704 ὅτε

191 4728 358 4779 αὐτὸν
406 4728 499 4781 τὸν
532 4729 626 4783 ἐπὶ
654 4730 872 4795 τούτοις
923 4734 1258 4806 έναγόμενον
1287 4739 1466 4806 ἔδοξεν
1512 4741 1540 4792 ὑ
1552 4741 1668 4811 μῶν
1694 4744 1760 4810 τῇ

191 4820 453 4893 εὐλαϐείᾳ
506 4823 1059 4895 φιλανθρωπεύεσθαι
1121 4830 1214 4883 καλ¹
1277 4833 1759 4902 ἀνακαλέσασθαι,

190 4911 399 4966 ἄτοπον
425 4912 483 4965 δέ
511 4930 563 4965 τι
590 4914 876 4980 δοκοῦντες
910 4915 1052 4973 εἶναι
1106 4923 1414 4978 ὑπευθύνου
1445 4927 1757 4999 ἀνακεκλη-

192 5005 358 5074 μένου
388 5009 480 5058 καὶ
506 5007 994 5079 ἀπολογησαμένου
1017 5012 1103 5082 ἐφ’
1130 5009 1213 5078 οῖς
1247 5015 1582 5083 διεϐάλλετο,
1613 5023 1760 5091 ἡμᾶς

192 5099 427 5169 σιωπᾷν,
455 5100 577 5153 καθ’
620 5102 831 5154 ἑαυτῶν
865 5106 1118 5169 ἐνδόντας
1156 5111 1247 5162 τὸν
1278 5111 1529 5180 ἔλεγχον.
1573 5115 1762 5167 Κατα·

189 5186 425 5251 ξιώσατε
443 5185 556 5256 οὖν,
583 5191 657 5255 ὡς
680 5193 910 5274 ἁρμόζει
941 5200 1008 5267 τῇ
1040 5198 1376 5274 φιλοχρίστῳ
1410 5203 1565 5273 ὑμῶν
1594 5204 1758 5259 εὐλα-

184 5280 329 5351 ϐείᾳ,
361 5281 456 5334 καὶ
486 5282 575 5336 τὸν
604 5272 1021 5354 θεοφιλέστατον
1044 5291 1270 5362 βασιλέα
1293 5272 1635 5366 ὑπομνῆσαι,
1664 5299 1759 5351 καὶ

181 5369 287 5432 τὰς
314 5367 526 5437 δεήσεις
555 5371 711 5439 ἡμῶν
736 5374 1066 5447 ἐγχειρίσαι,
1097 5382 1193 5433 καὶ
1237 5384 1432 5437 θᾶττον
1460 5385 1759 5455 βουλεύσα-

182 5460 314 5513 σθαι
329 5460 401 5512 τὰ
420 5461 545 5529 ὑμῖν
568 5462 881 5532 ἁρμόζοντα
902 5468 986 5537 ἐφ’
1004 5471 1162 5541 ἡμῖν.
1199 5491 1218 5525 ι
1240 5473 1335 5527 Ἐκ
1349 5477 1552 5548 ταύτης
1574 5481 1756 5534 τοίνυν

178 5547 283 5614 τῆς
307 5547 634 5619 παλινῳδίας
655 5554 1126 5627 ἐπανακληθέντες
1152 5562 1421 5630 Εὐσέϐιος
1436 5585 1494 5622 τε
1509 5547 1610 5622 καὶ
1627 5570 1761 5625 Θεο-

178 5638 387 5703 γόνιος,
418 5643 518 5705 τὰς
566 5642 702 5708 ίδίας
735 5648 1031 5719 ἐκκλησίας
1068 5653 1246 5724 ἔσχον,
1284 5662 1411 5723 τοὺς
1441 5662 1531 5714 ἐπ’
1560 5667 1757 5729 αὐταῖς

180 5730 665 5799 χειροτονηθέντας
690 5736 1107 5809 ἐκϐεϐληκότες,
1126 5745 1199 5808 ὡς
1225 5749 1465 5820 εἴρηται.
1487 5754 1593 5807 Καὶ
1622 5774 1753 5825 προ-

179 5831 425 5893 σχήματι
451 5825 512 5877 τὰ
530 5826 697 5880 κώδια
714 5832 1084 5903 περιθέμενοι,
1106 5840 1172 5891 τὰ
1189 5841 1371 5898 λύκων
1399 5847 1751 5918 εἰργάσαντο.

495 5923 767 5983 Ρλτιιοι..
811 5929 927 5989 Gn.
972 5932 1070 5992 (IX
1089 5936 1212 5998 Ll'l

1866 4645 2104 4711 litteras,
2145 4650 2307 4718 plena
2341 4652 2448 4707 (ide
2484 4669 2820 4713 consensum
2855 4672 3107 4719 nostrum
3155 4673 3450 4727 cimlirma-

1868 4756 2032 4796 mus:
2070 4760 2178 4798 non
2212 4762 2314 4802 nos
2345 4749 2570 4817 quidem
2604 4754 2851 4822 graviter
2887 4760 3148 4816 exsilium
3180 4763 3447 4835 ferentis,

1866 4835 1960 4888 sed
1989 4838 2366 4906 suspicionem
2405 4841 2632 4900 bieresis
2667 4849 3016 4907 aniolicntes.
3067 4856 3224 4922 Quod
3264 4862 3309 4914 si
3359 4863 3446 4917 di-

1864 4932 2170 5000 gnabimini
2203 4951 2303 4992 nos
2334 4936 2388 4991 in
2437 4951 2800 5010 conspectum
2834 4960 3079 5005 vestrum
3123 4954 3444 5024 admittere,

1868 5026 2155 5081 unanimes
2189 5029 2240 5081 in
2272 5032 2533 5087 omnibus
2573 5034 2870 5111 habebitis,
2905 5041 3187 5115 rebusque
3247 5053 3445 5107 vestris

1860 5119 2125 5188 iudicatis
2154 5133 2382 5178 stantes.
2410 5125 2487 5180 ’Et
2525 5143 2649 5183 cum
2682 5133 2873 5200 pietati
2917 5149 3115 5194 vestra:
3145 5142 3444 5212 placuerit,

1863 5222 1989 5262 eum
2017 5211 2111 5279 qui
2137 5212 2389 5269 criminis
2415 5215 2580 5288 hujus
2610 5222 2836 5278 nomine
2863 5238 2946 5280 cst
2976 5228 3216 5299 delatus,
3250 5238 3445 5293 huma-

1864 5302 2010 5357 niter
2049 5320 2313 5361 revocare
2340 5347 2353 5370 ,
2391 5308 2694 5366 absurdum
2742 5331 2868 5370 esse
2900 5319 3185 5387 duximus.
3223 5344 3445 5396 postea-

1862 5412 2026 5463 quam
2058 5414 2187 5455 reus
2216 5401 2334 5470 ip~c
2372 5416 2687 5487 revocatus,
2734 5411 2799 5464 de
2827 5411 3042 5471 inzenta
3088 5420 3197 5473 sibi
3231 5422 3443 5477 calum-

1863 5488 1951 5541 nia
1980 5505 2200 5545 causam
2235 5492 2396 5559 dixit,
2420 5507 2479 5550 ut
2500 5514 2599 5553 nos
2625 5516 2856 5570 prorsus
2889 5516 3223 5577 taceremus,
3247 5526 3440 5570 contra

1861 5595 1961 5635 nos
1996 5581 2149 5652 ipsos
2186 5587 2639 5655 reprehensionis
2678 5598 3028 5655 occasionem
3082 5604 3436 5664 exhibentes.

1860 5668 2047 5726 Facite
2107 5675 2299 5744 igitur,
2358 5679 2524 5734 sienti
2588 5684 2784 5753 pietati
2843 5702 3042 5746 vcstr.e
3098 5694 3436 5754 Christianae

1860 5762 2123 5817 convenit
2153 5783 2165 5818 :
2202 5777 2261 5821 ut
2291 5768 2383 5823 Dei
2421 5775 2867 5832 amantissimum
2919 5783 3310 5850 imperatorem
3341 5793 3442 5843 ad-

1860 5856 2155 5926 moneatis,
2184 5875 2377 5929 preces
2406 5875 2626 5924 nostras
2656 5872 2836 5929 eidem
2863 5876 3135 5943 offeratis,
3160 5892 3214 5937 et
3245 5899 3441 5953 quaut-

3011 5974 3048 6033 ὓ
