3990 6488
246 438 325 502 m

1137 420 1740 486 ECCLESIASTICE
1785 415 2173 477 lllb'TOllLE
2216 416 2360 475 LIB.
2414 414 2578 473 VIII.

3374 409 3472 473 ΓΗ

241 548 381 617 ἀνὴρ,
417 542 730 610 ἐπιτήδειός
762 560 819 595 τε
874 543 1000 610 περὶ
1035 540 1094 593 τὸ
1123 538 1403 608 ίερᾶσοαι,
1440 539 1529 589 καὶ
1579 535 1653 596 ὡς
1684 528 1794 585 οἷον
1824 576 1831 592 ,

1937 531 2219 585 ervenlsse
2252 528 2512 584 videtur:
2552 528 2646 597 qui
2674 541 2806 582 sane
2846 526 2970 582 talis
3001 526 3130 589 fuit,
3165 528 3383 596 qualem
3410 545 3476 583 ea

242 640 398 692 εἰπεῖν
427 637 812 698 αὐτοδίδακτος
849 638 979 703 1:291
1012 633 1080 686 τὰ
1105 631 1352 684 τοιαῦτα.
1391 630 1531 682 Φασὶ
1556 627 1651 680 καὶ
1683 626 1791 693 γὰρ

243 732 393 799 μήπω
414 727 688 797 πρόσηϐον
724 724 1010 793 γεγονότα,
1046 724 1165 775 τόδε
1192 739 1243 773 τι
1283 717 1701 788 σκιαγραφῆσαι
1733 715 1793 765 τὸ

242 824 373 875 θεῖον
410 819 539 889 περὶ
583 817 773 874 αὐτοῦ.
832 817 982 871 Κατὰ
1031 814 1130 883 τὴν
1172 812 1590 881 Ἀλεξάνδρειαν
1635 824 1796 877 περι-

241 912 376 982 φανῆ
427 927 548 964 τινα
607 911 805 980 ἑορτὴν
836 905 974 978 ἦγον
1013 904 1389 975 Ἀλεξανδρεῖς
1415 920 1429 935 ·
1472 902 1596 956 καθ’
1633 900 1699 972 ἢν
1736 900 1799 968 ή-

243 1004 403 1073 μέραν
435 1002 636 1072 Πέτρος
666 1002 693 1053 ὁ
726 999 854 1070 παρ’
908 999 1093 1061 αὐτοῖς
1123 995 1478 1067 ἡγησάμενος
1524 990 1600 1061 τῷ
1654 990 1798 1059 ὑπὲρ

243 1092 467 1162 Χριστοῦ
522 1088 810 1160 μαρτυρῖῳ
868 1089 1163 1158 ἐγρήσατο.
1201 1084 1419 1155 Ταύτην
1450 1082 1507 1135 δὲ
1560 1083 1634 1144 ὡς
1674 1080 1799 1140 ἔθος

242 1180 491 1235 ἐπιτελῶν
545 1183 638 1233 καὶ
683 1179 1030 1249 Ἀλέξανδρος
1082 1178 1109 1230 ὁ
1154 1175 1279 1228 τότε
1326 1173 1426 1245 τὴν
1465 1171 1803 1242 Ἐκκλησίαν

242 1275 634 1342 ἐπιτροπεύων,
664 1270 762 1342 τὴν
787 1272 944 1340 ἱερὰν
991 1268 1217 1331 τελέσας
1251 1263 1674 1337 μυσταγωγίαν,
1708 1280 1807 1315 κα-

246 1369 423 1435 θῆστο,
452 1367 576 1430 τοὺς
609 1367 705 1417 σὺν
731 1365 878 1434 αὐτῷ
907 1365 1140 1435 άριστᾷν
1177 1361 1477 1430 μέλλοντας
1504 1357 1804 1429 ἐκδεχόμε-

247 1479 348 1523 νος.
371 1461 456 1514 Ἑν
481 1459 739 1530 μετεώρῳ
766 1459 820 1511 δὲ
842 1457 938 1522 ὢν,
963 1459 1028 1527 τῇ
1056 1456 1303 1526 Θαλάσσῃ
1332 1454 1427 1515 τὰς
1454 1452 1607 1524 ὄψεις
1632 1467 1805 1522 προσ-

242 1554 446 1607 εὗαλλε.
484 1553 685 1615 Παῖδας
716 1552 775 1604 δέ
821 1566 977 1613 τινας
1030 1550 1176 1619 ἑώρα
1234 1552 1377 1601 κατὰ
1429 1546 1529 1614 τῆς
1572 1546 1804 1614 ψάμμου

246 1648 531 1711 παίζοντας
557 1661 570 1676 ο
602 1646 637 1715 ἠ
691 1644 748 1697 δὲ
794 1642 984 1696 παιδιὰ
1014 1642 1125 1696 τῶν
1161 1641 1301 1693 κατὰ
1329 1639 1430 1709 τὴν
1473 1635 1808 1706 Ἐκκλησίαν

242 1740 539 1808 γινομένων
574 1737 811 1807 μίμησις
842 1731 934 1806 ἦν,
963 1735 1059 1787 καὶ
1093 1733 1397 1787 ἐπισκόπου
1436 1730 1599 1801 δῆθεν
1626 1746 1804 1800 χειρο-

246 1832 415 1884 τονία.
448 1831 557 1883 Καὶ
612 1831 775 1899 μέχρι
825 1828 924 1896 μέν
960 1844 1104 1889 τινος
1156 1825 1509 1894 ἀλκίνδυνοςή
1569 1822 1810 1891 μίμησις

242 1876 556 1992 ’ἦς-’δέ
596 1876 1195 1987 ι-μυζτικωτέ-ρωνλ
1234 1916 1330 1969 καὶ
1370 1876 1716 1985 ἀέορρῆτιζνὶ
1749 1910 1811 1981 ἦ-
1845 1876 1886 1936 Β

250 2026 456 2074 πτοντο,
493 2009 552 2060 ὲν
592 2007 751 2076 δεινῷ
794 2008 1033 2059 ἐποιεῖτο
1084 2005 1145 2056 τὸ
1196 2004 1513 2073 δρώμενον’
1548 2003 1643 2053 καὶ
1681 2001 1812 2061 τοὺς

220 2105 299 2167 ,ἐν
324 2102 463 2154 τέλει
495 2099 590 2152 τοῦ
628 2099 829 2170 κλήρου
890 2094 1410 2166 μεταστελλόμενος,
1439 2093 1651 2147 ἐδείκνυ
1682 2090 1811 2151 τοὺς

248 2197 460 2259 παῖδας,
493 2194 586 2246 καὶ
627 2193 703 2255 ὡς
729 2191 894 2245 αὑτὸν
919 2190 1075 2259 ἄγειν
1109 2189 1387 2243 ἐκέλευεν.
1439 2185 1599 2240 Ἐπεὶ
1628 2185 1685 2238 δὲ
1719 2185 1816 2236 καὶ⁹

247 2289 507 2359 ἤχθησαν,
544 2288 611 2338 τα
637 2285 736 2356 τῆς
768 2283 989 2344 παιδιᾶς
1020 2281 1233 2352 ἠρώτα,
1274 2281 1370 2334 καὶ
1398 2279 1517 2332 τίνα
1543 2278 1816 2346 πράττον-

247 2400 335 2443 τες
364 2377 502 2449 ἦσαν
535 2379 736 2446 ἔλεγεν.
773 2378 834 2429 υἱ
870 2377 924 2430 δὲ
975 2375 1165 2438 παῖδες
1199 2374 1340 2428 αἰδοῖ
1383 2374 1479 2425 καὶ
1518 2371 1628 2424 δέει
1662 2387 1816 2421 κατι-

251 2472 530 2542 σχυμένοι,
563 2471 755 2538 πρῶτα
804 2469 901 2539 μὲν
942 2467 1207 2538 ἠρνοῦντο
1229 2485 1244 2499 ο
1280 2467 1353 2529 ὡς
1385 2465 1429 2519 δ’
1466 2465 1723 2517 ἐπέκειτο
1747 2464 1815 2532 τῇ

249 2567 465 2633 βασάνῳ
500 2562 865 2633 Ἀλέξανδρος,
920 2561 1213 2629 κατέλεγον
1244 2560 1314 2613 τὰ
1354 2557 1446 2613 τοῦ
1498 2556 1815 2627 δράματος·

248 2658 321 2721 ὡς
364 2657 682 2720 Ἀθανάσιος
718 2659 814 2726 μὲν
854 2657 943 2709 τὸν
966 2655 1167 2725 κλῆρον
1197 2654 1295 2724 τῆς
1326 2651 1637 2720 ἐπισκοπῆς
1660 2649 1822 2717 ἐκλη-

254 2750 412 2820 ροῦτο
430 2765 445 2779 ·
483 2750 575 2803 καὶ
599 2748 883 2820 βαπτίζων
911 2747 1160 2814 πολλοὺς,
1193 2746 1286 2800 καὶ
1311 2745 1368 2798 ἐν
1404 2742 1691 2810 καταλόγῳ
1714 2741 1822 2793 τῶν

251 2844 351 2913 τῆς
394 2841 719 2911 Ἐκκλησὶας
761 2841 1064 2911 ταγμάτων
1110 2838 1344 2908 καθίστη
1382 2838 1547 2907 ἱερεῖς
1586 2838 1682 2889 καὶ
1710 2834 1826 2888 δια-

256 2935 441 2995 κόνους
497 2930 838 3002 χειροθετῶν.
881 2930 1162 3001 Ἀνέκρινε
1206 2929 1251 2981 δ’
1286 2927 1495 2982 ἕκαστα
1533 2927 1561 2979 ό
1594 2926 1823 2979 ἐπίσκο-

255 3040 389 3085 πος*
423 3025 477 3076 τί
509 3024 606 3094 μὲν
657 3022 911 3093 πράττων
935 3022 1124 3091 ἐλεγεν
1167 3024 1195 3074 ὁ
1226 3022 1325 3091 τῆς
1356 3018 1575 3083 παιδιᾶς
1605 3015 1822 3088 ἱερεύς·

255 3117 309 3169 τί
339 3115 384 3168 δ’
414 3114 568 3179 αὖθις
604 3116 920 3183 τελούμενοι
945 3116 1150 3168 ἐκεῖνοι
1183 3111 1437 3181 λέγοντες
1471 3108 1633 3184 ἦσαν.
1674 3109 1828 3161 Ἐπεὶ

1900 622 2220 694 ﬂagitarent
2249 631 2520 691 tempora,
2567 621 2635 675 ad
2672 621 3113 688 intelligendum,
3155 621 3476 684 dicendum,

1899 727 2066 783 atque
2095 715 2263 769 etiam
2311 712 2667 769 scribendum
2700 712 2938 766 idoneus
2982 710 3259 766 maxime:
3293 721 3352 765 et
3382 713 3480 780 qui

1900 809 2051 879 quod
2100 809 2212 864 telo
2256 815 2493 878 peteret,
2531 816 2760 878 tangere
2811 816 2978 876 atque
3013 808 3232 876 assequi
3270 817 3479 877 posset,

1903 901 2111 970 quique
2148 900 2212 955 ad
2259 900 2634 954 reSistendum
2670 898 2890 955 insidiis
2938 902 3169 954 structis
3198 910 3345 956 esset
3385 899 3482 953 lir-

1907 992 2210 1048 missimus.
2244 991 2376 1046 Erat
2408 1002 2670 1061 praeterea
2708 992 2792 1045 vir
2823 992 3119 1045 admodum
3143 992 3486 1045 certa-siasti-

1905 1099 2028 1147 cus,
2059 1095 2114 1138 et
2162 1084 2230 1138 ad
2276 1099 2435 1138 sacra
2465 1085 2778 1153 peragenda
2827 1084 3169 1153 aptissimus,
3206 1097 3369 1151 atque
3403 1083 3488 1152 (ut

1907 1177 1987 1232 sic
2017 1177 2221 1247 dicam)
2258 1175 2313 1229 in
2344 1176 2512 1230 rebus
2537 1177 2810 1245 ejusmodi
2838 1176 3246 1238 αὐτοδίδακτος,
3281 1184 3339 1230 et
3369 1191 3397 1229 a
3428 1192 3489 1229 se

1908 1269 2031 1339 ipso
2079 1268 2298 1323 doctus.
2360 1267 2570 1323 Ferunt
2625 1282 2886 1337 namque,
2947 1283 3071 1322 cum
3124 1268 3360 1323 necdum
3420 1269 3487 1320 ad

1907 1362 2153 1431 ephebos
2183 1363 2535 1427 accessisset,
2570 1376 2601 1415 a
2652 1361 2764 1426 Deo
2807 1360 3081 1430 ejusmodi
3116 1361 3379 1430 quiddam
3431 1363 3487 1414 in

1908 1470 1979 1509 eo
2008 1455 2399 1523 adumbratum
2428 1462 2485 1508 et
2511 1454 2816 1509 simulacro
2843 1453 3083 1522 quodam
3120 1463 3487 1523 repraesenta-

1914 1553 2028 1599 tum
2065 1559 2210 1599 esse.
2260 1522 2618 1599 Alexandrini
2648 1544 2704 1598 in
2742 1544 2883 1598 urbe
2929 1560 3028 1599 sua
3060 1544 3262 1600 festum
3294 1559 3493 1614 quem-

1913 1636 2039 1691 dam
2088 1637 2234 1691 diem
2269 1637 2543 1707 insignem
2578 1647 2770 1707 agunt,
2820 1653 2932 1706 quo
2988 1637 3077 1693 die
3131 1639 3350 1701 Petrus,
3395 1641 3489 1708 qui

1911 1727 2057 1795 apud
2089 1742 2186 1782 eos
2223 1727 2513 1781 ecclesiam
2547 1729 2712 1793 rexit,
2759 1730 3022 1798 martyrio
3049 1737 3137 1784 est
3173 1729 3493 1785 defunctus.

1917 1819 2092 1873 llasce
2147 1818 2335 1884 ferias,
2384 1829 2444 1873 ut
2495 1820 2666 1874 moris
2711 1829 2851 1887 erat,
2895 1821 3214 1877 Alexander
3248 1838 3494 1892 quoque,

1918 1911 2212 1980 praefectus
2240 1922 2353 1966 tum
2380 1912 2647 1977 ecclesiae,
2665 1913 3003 1981 celebrabat,
3030 1924 3086 1968 et
3116 1916 3288 1970 sacris
3310 1917 3500 1988 mysti-

1916 2003 2114 2073 eisque
2143 2004 2493 2059 caeremoniis
2522 2014 2787 2087 operatus
2819 2006 3073 2071 sedebat,
3107 2022 3206 2063 eos
3239 2008 3333 2077 qui
3369 2024 3492 2061 cum

1917 2110 1985 2148 eo
2038 2097 2497 2163 pransuri'erant
2530 2097 2878 2167 praestolans.
2916 2099 3053 2153 Cum
3106 2115 3238 2154 vero
3274 2100 3499 2155 sederet

1919 2185 2236 2249 sublimior,
2295 2186 2485 2242 oculos
2539 2188 2606 2241 ad
2658 2202 2809 2244 mare
2860 2190 3134 2260 conjecit,
3191 2199 3248 2245 et
3294 2206 3501 2261 pueros

1920 2279 2190 2349 quosdam
2224 2280 2278 2335 in
2311 2295 2479 2335 arena
2509 2280 2766 2335 ludentes
2807 2282 2968 2336 vidit.
3005 2282 3195 2339 Ludus
3224 2293 3367 2350 erat,
3408 2300 3525 2339 re-.

1920 2387 2043 2426 tum
2075 2388 2198 2442 quae
2236 2373 2291 2426 in
2322 2374 2556 2428 ecclesia
2590 2383 2932 2444 peraguntur
2963 2376 3222 2443 imitatio,
3272 2387 3329 2432 et
3379 2380 3501 2447 epi-

1922 2468 2077 2534 scopi
2113 2468 2336 2521 tandem
2370 2468 2591 2522 electio.
2641 2470 2822 2537 Atque
2872 2469 3229 2539 aliquatenus
3273 2473 3498 2542 quidem

1924 2557 1978 2611 id
2030 2558 2166 2612 nihil
2217 2559 2457 2614 habebat
2504 2561 2736 2628 periculi
2778 2581 2792 2618 :
2847 2573 2907 2618 ut
2963 2573 3153 2619 autem
3206 2567 3500 2622 arcaniora

1926 2650 2209 2720 mysteria,
2244 2665 2511 2721 sacraque
2560 2669 2671 2708 non
2720 2656 3015 2725 tangenda,
3052 2658 3209 2728 pueri
3249 2659 3506 2729 attigere,

1925 2742 2169 2813 graviter
2201 2743 2407 2799 factum
2439 2744 2491 2799 id
2528 2746 2688 2812 tulit;
2739 2749 3045 2819 accitisque
3072 2750 3208 2805 cleri
3243 2751 3511 2823 primori-

1928 2831 2054 2896 bus,
2097 2848 2302 2902 pueros
2349 2833 2621 2898 ostendit,
2660 2850 2871 2906 eosque
2897 2838 2966 2893 ad
2999 2854 3058 2893 se
3089 2839 3290 2897 adduci
3319 2842 3509 2914 jussit.

1928 2925 2013 2980 Illi
2046 2926 2139 2982 ubi
2165 2937 2295 2982 sunt
2320 2928 2571 2995 adducti,
2598 2930 2668 2985 de
2717 2930 2938 2987 ludicro
2963 2948 3059 2989 eos
3092 2934 3462 3008 interrogavit
3497 2958 3512 2993 :

1930 3035 2060 3076 mox
2089 3021 2258 3077 etiam
2294 3036 2420 3091 quae
2443 3023 2680 3091 egerint,
2718 3025 2883 3080 dixit.
2916 3026 3078 3081 Pueri
3109 3028 3320 3098 pudore
3347 3032 3517 3087 simul

1932 3122 1989 3169 et
2023 3113 2219 3170 timore
2245 3115 2512 3184 correpti,
2532 3116 2775 3185 primum
2803 3118 3025 3186 quidem
3053 3135 3167 3175 rem
3197 3135 3509 3194 negarunt;

257 3209 303 3260 δ’
329 3209 535 3262 ἕκαστα
566 3209 707 3262 κατὰ
738 3207 833 3276 τὴν
887 3206 1356 3279 ἐκκλησιαστικὴν
1385 3205 1691 3275 παράδοσιν
1730 3219 1829 3271 cpu-

1934 3204 2139 3262 deinde
2167 3201 2323 3272 vero,
2382 3216 2444 3260 ut
2491 3208 2725 3264 verbera
2777 3211 2860 3266 eis
2902 3210 3219 3268 Alexander
3271 3216 3520 3270 minatus

260 3302 523 3371 λαχθε-ιτα
549 3301 699 3372 εὗρε,
754 3300 829 3371 μὴ
878 3300 1079 3371 χρῆναι
1115 3301 1205 3351 καὶ
1247 3295 1399 3361 αὖθις
1456 3296 1833 3350 ἁναϐαπτίσαι

262 3395 576 3464 ἐδοκίμαζε,
630 3396 727 3447 σὺν
762 3395 871 3456 τοῖς
908 3393 1048 3463 ἀμφ’
1084 3393 1246 3448 αὐτὸν
1278 3391 1485 3461 ἱερεῦσι
1530 3388 1837 3456 σκοπούμε-

264 3506 352 3552 νος
382 3490 506 3551 τοὺς
534 3485 788 3552 καθάπαξ
821 3471 1084 3556 ἁπλότητι
1116 3486 1213 3554 τῆς
1242 3484 1391 3545 θείας
1426 3485 1652 3553 χάριτος
1673 3479 1838 3551 ἠξιω-

270 3584 486 3651 μένους.
518 3581 674 3635 Μὸνα
722 3580 767 3634 δ’
798 3582 983 3634 ἐκεῖνα
1035 3579 1071 3634 ἃ
1106 3579 1265 3649 θέμις
1322 3577 1528 3645 ἱερεῦσι
1573 3577 1839 3645 πράττειν

268 3677 495 3737 ἀνεῖται,
540 3674 597 3726 ὲν
656 3674 942 3743 μυστηρίῳ
1000 3671 1249 3742 πληροῦν
1307 3669 1553 3723 ἐκέλευε.
1605 3668 1742 3728 Τοὺς
1782 3667 1836 3719 δὲ

269 3769 458 3828 παῖδας
487 3768 619 3821 καθὸ
642 3767 846 3838 ἐτάχθη
883 3770 949 3838 τῇ
976 3767 1168 3837 παιδιᾷ
1195 3766 1435 3835 τάγματι
1461 3762 1567 3816 ὑπὸ
1596 3763 1838 3831 μάρτυρι

265 3861 341 3932 ’τῷ
380 3861 519 3931 Θεῷ,
554 3863 647 3915 ἐπὶ
676 3862 773 3932 τὴν
808 3860 1108 3929 ἐκκλησίαν
1147 3860 1341 3927 ἀνῆγε,
1371 3857 1462 3910 καὶ
1495 3859 1605 3917 τοῖς
1634 3856 1842 3925 προσή-

268 3971 425 4006 κουσι
446 3953 750 4024 παραδοὺς,
800 3953 1096 4021 φυλάττειν
1137 3952 1391 4023 παρῄνει,
1452 3949 1545 4001 καὶ
1600 3947 1692 4000 ἐπὶ
1740 3948 1841 4015 τὴν

252 4048 503 4120 ’μίμησιν
556 4046 925 4118 προϐιϐάσαι,
999 4045 1201 4107 ἱκανῶς
1258 4045 1665 4114 μετεσχηκότας
1720 4058 1844 4093 παι-

265 4141 436 4205 δείας,
470 4144 560 4193 καῖ
592 4139 827 4209 μάλιστα
853 4138 1175 4193 Ἀθανάσιον
1204 4152 1218 4166 ·
1255 4136 1314 4189 ὃν
1346 4136 1484 4205 ἔχων
1515 4135 1843 4205 ἀπογραφέα

268 4234 361 4286 καὶ
396 4234 721 4303 ὁμοδίαιτον,
754 4235 810 4286 ἐν
838 4233 897 4286 οὐ
923 4230 1104 4302 πολλῷ
1130 4229 1207 4301 τῷ
1232 4230 1326 4301 τῆς
1352 4229 1628 4291 διακονίας
1655 4227 1844 4297 κλήρῳ
1886 4286 1889 4291 ν

271 4322 521 4375 καθίστα.
572 4321 977 4391 Γραμματικὴν
1024 4320 1079 4372 δέ
1128 4319 1402 4387 ἀσκήσας,
1458 4317 1553 4370 καὶ
1614 4317 1843 4387 ῥήτορσι

271 4413 555 4481 φοιτήσας,
581 4413 675 4464 καὶ
700 4413 770 4480 τῇ
799 4410 1090 4480 φιλοσοφία
1110 4408 1341 4480 προϐὰς,
1371 4408 1466 4461 καὶ
1500 4409 1754 4460 τοσοῦτον
1782 4410 1847 4460 ἐκ

270 4504 475 4556 τούτων
509 4503 936 4572 ἀπαρυσάμενος
968 4503 1094 4555 ὅσον
1128 4500 1203 4572 μὴ
1234 4500 1546 4553 κλονεῖσθαι
1579 4502 1690 4562 τοῖς
1715 4500 1847 4569 περὶ

1938 3308 2043 3364 est,
2073 3306 2256 3353 actum
2289 3314 2509 3355 omnem
2539 3313 2941 3371 exposuerunt,
2990 3315 3050 3359 ut
3093 3306 3307 3361 scilicet
3345 3308 3521 3362 Atha-

1941 3392 2132 3447 nasius
2164 3391 2246 3462 (Ι)
2281 3392 2525 3463 episcopi
2558 3408 2761 3447 munus
2802 3396 3059 3460 sortitus,
3091 3398 3296 3453 multos
3343 3398 3522 3469 bapti—

1941 3485 2099 3549 zarit,
2133 3494 2189 3538 et
2239 3484 2601 3554 impositione
2635 3503 2899 3541 manuum
2943 3488 2998 3543 in
3035 3490 3290 3545 ordinem
3338 3494 3523 3547 eccle-

1941 3577 2225 3632 siasticum
2295 3578 2613 3634 sacerdotes
2678 3590 2733 3633 et
2804 3580 3071 3637 diaconos
3147 3586 3520 3654 cooptaverit.

1943 3670 2238 3740 lnquisivit
2291 3671 2461 3725 etiam
2521 3687 2636 3726 rem
2685 3687 2961 3743 quamque
3018 3674 3337 3744 episcopus,
3390 3692 3520 3730 cum

1942 3760 2075 3832 quid
2126 3762 2442 3817 umbratilis
2466 3763 2763 3832 episcopus
2794 3778 2893 3833 per
2919 3765 3113 3819 ludum
3147 3767 3290 3822 ritus
3335 3783 3526 3822 sacros

1947 3869 2216 3923 peragens
2243 3854 2473 3917 dixerit,
2510 3863 2626 3909 tum
2668 3856 2800 3925 quid
2852 3858 3266 3926 responderint,
3302 3860 3397 3929 qui
3431 3875 3521 3915 sa-

1946 3947 2058 4001 cris
2094 3951 2161 4000 ab
2208 3963 2275 4003 eo
2320 3948 2522 4003 initiati
2572 3959 2781 4004 essent.
2830 3950 2999 4022 636
3042 3953 3220 4022 Atque
3264 3953 3357 4008 ubi
3408 3970 3527 4009 rem

1945 4041 2251 4109 quamlibet
2299 4041 2477 4111 juxta‘
2512 4041 2955 4097 ecclesiasticam
3013 4043 3372 4100 traditionem
3415 4061 3535 4100 ser-

1948 4142 2129 4185 vatam
2167 4134 2562 4200 reperit,,cum
2590 4132 2874 4202 episc0pis
2916 4133 3009 4203 qui
3048 4134 3096 4187 ei
3128 4145 3243 4189 tum
3279 4138 3530 4198 aderant,

1952 4243 2009 4279 rc
2042 4225 2371 4287 deliberata,
2406 4240 2515 4277 non
2541 4223 2727 4278 denuo
2752 4224 3119 4295 baptizandos
3137 4242 3260 4282 esse
3291 4229 3532 4286 censuit.

1950 4316 2042 4381 qui
2091 4316 2259 4369 semel
2313 4330 2412 4384 per
2460 4315 2874 4383 simplicitatem
2931 4317 3121 4372 divina
3156 4321 3329 4388 gratia
3381 4320 3531 4387 digni

1952 4407 2133 4461 ell'ecti
2169 4417 2375 4460 essent.
2408 4405 2467 4460 Et
2498 4408 2884 4461 tantummodo
2911 4425 2975 4463 ea
3002 4426 3123 4479 qu:e
3151 4411 3536 4466 sacerdotibus

1954 4501 2136 4554 facere
2161 4498 2245 4553 fas
2273 4510 2378 4563 est,
2411 4500 2467 4553 in
2495 4500 2754 4570 mysterio
2785 4500 3092 4570 adimplere
3115 4502 3301 4573 jussit.
3327 4504 3539 4558 Pueros

269 4595 448 4649 ταῦτα
502 4595 754 4665 κομψοῖς,
809 4596 902 4647 ἐπὶ
953 4594 1054 4664 τὴν
1120 4594 1357 4646 Νίκαιαν
1415 4594 1607 4663 ἤγετο,
1644 4593 1741 4647 καὶ
1780 4592 1831 4645 τέ

1956 4602 2141 4644 autem
2169 4605 2236 4643 eo
2279 4605 2443 4657 quem
2489 4591 2545 4643 in
2595 4591 2728 4646 ludo
2777 4603 3063 4662 (inperant
3102 4594 3319 4658 ordine,
3355 4595 3537 4665 ipsum

276 4691 512 4760 μάλιστα
538 4688 861 4757 ἠγωνίζετο,
889 4690 988 4739 οὐκ
1019 4686 1301 4756 ἐλάχιστον
1336 4687 1504 4755 μέρος
1536 4686 1610 4754 τῷ
1639 4686 1852 4757 στερρῷ

271 4782 374 4850 τῆς
408 4781 662 4851 ἀληθείας
699 4780 842 4850 λόγῳ
874 4780 1258 4849 καθεστηκώς.
1300 4780 1505 4849 Πεῖραν
1529 4778 1586 4830 δὲ
1624 4779 1715 4830 καῖ
1744 4778 1854 4848 πρὸ

276 4872 378 4939 τῆς
407 4873 621 4941 ἡλικίας
652 4872 822 4926 ἔδωκε
854 4870 1023 4941 σοφοῦ
1061 4871 1155 4923 καὶ
1211 4869 1603 4939 διαϐεϐηκότος
1636 4868 1851 4937 ἀνδρὸς.

288 4966 375 5027 Ὠς
398 4964 443 5017 δ’
481 4964 827 5036 Ἀλέξανδρος
855 4964 1131 5030 ἐτελεύτα,
1159 4963 1401 5032 διάδοχον
1426 4963 1636 5015 ἐκεῖνον
1660 4960 1855 5026 λιπὼν,

275 5058 579 5128 ἐπιμᾶλλον
605 5059 638 5127 ἡ
683 5057 1004 5111 ’Δθανασίου
1033 5056 1165 5121 δόξα
1194 5055 1493 5126 ἐξέλαμψε,
1521 5055 1618 5124 τῆς
1644 5054 1854 5107 ἐκείνου

276 5153 336 5201 ἐν
360 5150 563 5203 ἅπασιν
594 5149 796 5219 ἀρετῆς
824 5148 1154 5219 βεϐαιοὺσης
1188 5149 1382 5219 αὑτήν.
1420 5145 1629 5217 Πολλὴν
1659 5147 1718 5201 δὲ
1757 5146 1857 5199 αὑ·

274 5246 376 5314 τὴν
433 5243 529 5296 καὶ
570 5243 596 5295 ὁ
658 5244 830 5312 μέγας
901 5240 1182 5305 ’Δντώνιος
1240 5240 1500 5305 ἐνεποίει,
1559 5237 1859 5309 μαρτυρῶν
1906 5236 1909 5239 “

278 5333 478 5401 ἐκείνῳ
528 5332 594 5385 τά
643 5332 957 5401 κρείττονα,
1005 5332 1289 5384 κελεύοντί
1317 5346 1376 5382 τε
1412 5329 1731 5392 ὑπακούων,
1770 5328 1864 5380 καὶ

279 5428 347 5478 ἐκ
372 5424 481 5477 τῶν
512 5423 689 5493 ὁρέων
722 5425 839 5486 ταῖς
877 5424 1063 5477 πόλεσι
1120 5424 1345 5494 φοιτῶν,
1378 5423 1482 5477 κάν
1510 5424 1625 5485 ταῖς
1661 5420 1863 5489 ἐκκλη-

280 5514 429 5578 σίαις
483 5513 681 5583 ἐκείνῳ
714 5514 1138 5586 συνδιατρίὸων,
1186 5515 1283 5568 καὶ
1310 5516 1379 5585 τῇ
1408 5508 1645 5569 ’ἐκείνου
1672 5517 1798 5592 δόξῃ

279 5606 497 5672 ὂοξάζοι
522 5605 652 5676 περὶ
681 5604 840 5670 Θεοῦ,
876 5606 1170 5677 σύμψηφος
1213 5606 1496 5671 καθεστώς
1518 5623 1533 5640 ⁸
1577 5610 1673 5663 καὶ
1705 5615 1869 5682 χαλε-

1959 4685 2127 4736 Deum
2171 4691 2367 4736 testem
2418 4682 2652 4746 faciens,
2706 4685 2759 4737 in
2811 4686 3107 4741 ecclesiam
3166 4687 3433 4743 induxit:
3484 4699 3541 4743 et

1959 4777 2288 4845 propinquis
2326 4777 2444 4830 suis
2496 4776 2749 4840 traditos,
2782 4787 2840 4831 ut
2866 4779 2935 4832 ab
2968 4778 3048 4833 eis
3096 4780 3538 4844 custodirentur,

1959 4880 2128 4939 atque
2173 4872 2227 4924 in
2280 4870 2589 4926 imitatione
2638 4871 2707 4926 ad
2753 4888 3086 4942 progressus
3132 4873 3420 4930 iaciendos
3462 4876 3543 4929 inv

1962 4971 2340 5029 struerentur,
2384 4963 2477 5032 qui
2512 4963 2593 5018 sic
2641 4964 2862 5020 abunde
2892 4967 3304 5024 institutionem
3357 4969 3548 5040 pueri-

1963 5057 2070 5111 lem
2108 5057 2350 5113 aesecuti
2380 5067 2589 5120 essent,
2631 5059 2867 5130 rogavit.
2913 5059 3148 5118 Maxime
3200 5078 3332 5117 vero
3380 5062 3435 5117 id
3479 5064 3546 5116 de

1965 5152 2273 5208 Athanasio
2323 5151 2471 5222 egit:
2510 5167 2621 5223 quo
2670 5153 2873 5211 deinde
2921 5155 3146 5209 notario
3193 5165 3252 5211 et
3291 5155 3547 5210 familiari

1970 5263 2122 5312 usus,
2153 5263 2261 5302 non
2294 5247 2368 5300 ita
2401 5247 2569 5316 longo
2597 5254 2722 5314 post
2759 5257 3008 5318 tempore
3040 5264 3168 5305 eum
3202 5248 3257 5304 in
3289 5248 3552 5304 diacono-

1970 5354 2089 5391 rum
2143 5339 2397 5392 ordinem
2449 5338 2653 5416 evexit.
2703 5338 2883 5409 Atque
2936 5340 3029 5394 hic
3074 5341 3131 5394 in
3172 5341 3553 5410 grammaticis

1973 5431 2179 5486 litteris
2239 5430 2606 5495 exercitatus,
2661 5441 2720 5486 et
2758 5432 2903 5502 apud
2966 5434 3217 5489 rhetores
3276 5442 3551 5492 versatus,

1974 5536 2245 5594 praeterea
2285 5540 2418 5579 vero
2456 5524 2622 5579 etiam
2660 5525 2712 5579 in
2747 5526 3035 5595 sapientia:
3078 5526 3280 5581 studiis
3329 5524 3557 5580 institu-

1975 5626 2087 5681 tus,
2122 5629 2245 5668 cum
2283 5629 2351 5669 ex
2381 5614 2468 5668 eis
2492 5615 2707 5671 artibus
2737 5624 2949 5671 tantum
2987 5615 3354 5686 percepisset,
3380 5629 3559 5683 quau-

302 5815 437 5907 ;nﬂ)
468 5812 1209 5907 AthlalrntasiuSLperlquidam,
1248 5817 1492 5872 nondum
1529 5819 1801 5889 ephebus,
1834 5838 1865 5877 a
1907 5825 2094 5892 pueris
2126 5826 2419 5895 episc0pus
2442 5882 2458 5907 ν
2493 5823 2688 5891 lectus,
2759 5822 3095 5893 episcopalia
3137 5836 3365 5879 munera
3399 5819 3558 5877 obiit.

288 5890 532 5955 (Sozom.
562 5885 667 5940 lib.
705 5899 763 5949 ll,
793 5898 911 5952 cap.
942 5886 1051 5954 I7.)
