3990 6476
551 380 673 447 ³1Ἷ5

1783 376 2207 441 NICEPIIORI
2251 379 2599 441 CALLISTI
3709 377 3794 442 176

566 509 680 554 tum
728 497 796 553 ad
856 496 960 553 hoc
1013 496 1149 553 satis
1181 505 1351 561 esset,
1403 510 1472 552 ne
1513 496 1582 551 ab
1633 495 1718 551 eis
1765 497 1860 566 qui
1919 496 1975 550 in
2027 497 2132 552 illis

2243 499 2366 562 πῶς
2394 500 2559 569 ἔχων,
2594 497 2645 550 οἳ
2677 497 2841 551 αὑτὸν
2890 494 3274 568 ἀπηχθάνοντο
3295 510 3306 526 ⁸
3344 495 3439 551 καὶ
3492 494 3596 568 γὰρ
3621 497 3798 553 agam.

567 591 754 647 eximii
805 599 936 647 sunt
983 600 1041 646 et
1087 589 1223 647 clari
1278 589 1701 659 percelleretur,
1765 588 2005 645 Nicaeam
2054 599 2141 645 est

564 684 897 755 perductus,
966 681 1060 737 ubi
1104 682 1342 737 maxime
1392 683 1734 746 decertavit,
1788 685 1995 755 quippe
2043 687 2139 755 qui

567 789 795 849 propter
826 775 1139 830 ﬁrmitatem
1170 789 1499 831 sermonum
1542 776 1794 832 veritatis
1826 793 1937 832 non
1981 779 2143 832 mini-

567 884 656 924 ma
703 868 781 923 ibi
827 867 1107 922 actionum
1159 866 1405 922 omnium
1442 881 1571 937 pars
1620 866 1811 921 fuerit.
1844 868 2140 937 Specimen

561 975 695 1015 vero
762 958 855 1014 ille
925 960 1152 1028 quoque
1196 956 1251 1012 in
1308 966 1469 1012 astate
1528 956 1763 1028 juvenili
1829 958 2137 1027 sapientis,

562 1044 824 1121 spectati,
850 1059 910 1106 et
938 1050 1138 1105 senilis
1168 1049 1273 1105 viri
1303 1049 1541 1118 praebuit
1566 1049 1670 1119 (Ι).
1701 1049 2000 1120 Postquam
2037 1067 2139 1104 auo

563 1153 673 1198 tem
704 1143 1019 1198 Alexander
1050 1153 1304 1197 mortuus
1331 1150 1439 1205 est,
1481 1156 1723 1211 eumque
1755 1156 2135 1195 successorem

561 1251 724 1291 suum
753 1235 1012 1304 reliquit,
1047 1244 1163 1290 tum
1204 1233 1377 1303 magis
1401 1233 1575 1304 gloria
1607 1234 1731 1303 ejus
1770 1234 1993 1298 enituit,
2025 1235 2139 1288 vir-

562 1339 680 1384 tute
708 1327 884 1397 ipsius
908 1327 965 1381 in
994 1327 1162 1382 rebus
1196 1327 1457 1381 omnibus
1497 1328 1736 1396 seipsam
1770 1326 2137 1382 conﬁrmantc

561 1434 731 1492 atque
757 1421 1041 1477 laudante.
1089 1419 1267 1487 Quam
1300 1419 1580 1491 ingentem
1627 1434 1850 1489 quoque
1897 1420 2140 1476 reddidit

563 1528 801 1583 magnus
858 1513 1159 1577 Antonius,
1217 1524 1344 1566 cum
1399 1511 1609 1582 optima
1662 1527 1898 1582 quasque
1953 1512 2023 1568 de
2072 1527 2139 1568 eo

561 1606 889 1673 testificans,
927 1615 1041 1661 tum
1091 1606 1257 1661 etiam
1290 1605 1461 1675 jussis
1489 1605 1612 1675 ejus
1665 1619 1876 1660 morem
1907 1620 2134 1675 gerens.

559 1699 697 1753 Nam
726 1706 784 1752 et
818 1698 937 1769 ejus
966 1712 1131 1752 causa
1157 1712 1223 1751 ex
1254 1696 1539 1751 montibus
1570 1696 1625 1750 in
1663 1695 1834 1751 urbes
1867 1698 2132 1768 frequen-

564 1791 674 1844 tius
714 1791 889 1854 venit,
933 1797 990 1843 et
1050 1788 1105 1843 in
1157 1788 1393 1843 ecclesia
1445 1803 1572 1842 cum
1613 1802 1683 1842 eo
1734 1797 1820 1843 est
1860 1802 2138 1845 versatus.

2252 606 2342 657 ρος
2369 589 2564 658 ἐκείνῳ
2603 587 2755 653 φίλος
2790 585 3089 657 ἐτύγχανεν
3135 584 3230 639 ὥν.
3272 584 3729 657 Περιφανέστερον
3759 589 3796 642 δ’

2248 678 2470 731 ἐποίουν
2529 678 2621 731 τδν
2656 676 2981 730 Ἀθανάσιον
3031 677 3127 729 καὶ
3170 678 3462 747 ’Δρειανοὶ,
3506 675 3553 729 οἶ
3602 678 3798 747 σύναιμα

2247 772 2490 842 Μελιτίῳ
2518 772 2617 840 τὴν
2643 772 2921 839 Αἴγυπτον
2953 771 3352 839 ἁνετάρασσον,
3381 770 3667 834 ἐπιϐουλὰς
3714 774 3799 842 μὲν

2248 862 2371 915 κατ’
2409 862 2571 916 αὑτοῦ
2598 864 2685 917 ἀεὶ
2715 863 3071 932 πράττοντες,
3104 864 3162 916 ἐν
3192 863 3314 935 δίκῃ
3349 863 3394 915 δ’
3427 862 3566 916 ἐλεῖν
3618 863 3799 932 ἥκιστα

2248 953 2485 1024 ἔχοντες.
2520 954 2678 1024 Ἄρτι
2719 954 2827 1022 γὰρ
2881 953 3256 1022 καταχθέντες
3301 955 3351 1007 οί
3390 957 3520 1025 περὶ
3565 955 3800 1008 Εὑσέϐιον

2249 1043 2483 1115 βασιλεῖ,
2520 1046 2581 1097 οὐ
2646 1046 2747 1116 τὴν
2785 1043 3054 1115 τυχοῦσαν
3108 1045 3428 1116 παρρησίαν
3477 1046 3799 1116 ἐκτήσαντο·

2248 1137 2343 1187 καὶ
2367 1134 2457 1188 διὰ
2488 1136 2692 1205 πολλῆς
2721 1131 2864 1207 ἦσαν
2906 1137 3103 1206 ἐκείνῳ
3148 1136 3335 1207 τιμῆς,
3372 1137 3459 1191 ἆτ’
3499 1138 3561 1189 ἐκ
3597 1140 3685 1191 τοῦ
3718 1156 3802 1191 καα

2248 1228 2360 1293 κῶς
2398 1232 2617 1300 φρονεῖν
2647 1231 2787 1300 πρὸς
2816 1231 2894 1300 τῷ
2930 1231 3179 1284 εὐσεϐεῖν
3210 1231 3598 1301 μεταθέμενοι.
3624 1232 3725 1284 Καὶ
3748 1234 3801 1299 δὴ

2247 1323 2314 1391 τῇ
2346 1323 2632 1394 παρρησίᾳ
2657 1324 3168 1395 καταχρησάμενοι,
3215 1326 3443 1395 μείζονα
3484 1325 3718 1396 ταραχὴν
3745 1328 3799 1395 τῇ

2261 1414 2561 1487 Ἐκκλησία
2592 1417 2894 1487 ἐπήγειραν
2938 1418 3000 1469 ἐκ
3038 1412 3106 1468 τε
3155 1419 3246 1485 τῆς
3283 1417 3694 1488 ἐνοικουρούσης
3719 1435 3803 1469 κα-

2252 1507 2520 1572 κοδοξίας,
2575 1510 2671 1564 καὶ
2700 1510 2761 1561 ἐκ
2807 1508 2907 1578 τῆς
2934 1510 3070 1579 πρὸς
3116 1510 3436 1563 ’Λθανάσιον
3486 1509 3799 1579 ἀπεχθείας·

2247 1600 2437 1669 ἐπειδὴ
2467 1601 2662 1672 ἐκείνῳ
2688 1602 2746 1656 ἐν
2775 1604 2841 1671 τῇ
2874 1602 3081 1672 συνόδῳ
3112 1603 3367 1673 προϐόλῳ
3406 1602 3503 1670 τῆς
3540 1600 3801 1661 εὐσεϐείας

2246 1691 2525 1761 ἐνέτυχον.
2567 1694 2680 1747 Καὶ
2731 1692 2797 1762 δὴ
2826 1695 3019 1763 πρῶτα
3054 1693 3154 1764 μὲν
3182 1693 3278 1765 τὴν
3319 1694 3525 1747 ἐκείνου
3560 1694 3613 1745 ἐν
3644 1692 3802 1753 αίτίας

2250 1782 2539 1837 ἐποιοῦντο
2567 1786 2930 1856 χειροτονίαν,
2959 1786 3035 1850 ὡς
3061 1789 3135 1857 μὴ
3168 1786 3472 1857 ἐνθέσμως,
3509 1784 3642 1857 μηδέ
3667 1782 3804 1853 παρὰ

562 1879 702 1933 Τιιιη
731 1886 938 1944 autem,
975 1877 1270 1932 sententiae
1296 1876 1423 1945 ejus
1461 1892 1629 1947 quam
1667 1877 1737 1933 de
1769 1878 1881 1932 Deo
1920 1878 2132 1943 habuit,

2247 1875 2581 1940 ἀξιοπίστων
2614 1878 2928 1945 προσώπων
2960 1879 3340 1949 γεγενημένην
3366 1894 3381 1909 ⁸
3421 1879 3494 1940 ὡς
3543 1877 3598 1931 δὲ
3643 1877 3803 1947 κρείτ-

561 1972 837 2026 calculum
871 1987 1033 2027 suum
1055 1970 1273 2025 addidit
1304 1987 1320 2025 :
1353 1973 1439 2027 eis
1471 1971 1569 2042 qui
1595 1971 1921 2026 inimicitias
1943 1980 2137 2025 contra

559 2078 686 2115 eum
727 2062 1106 2131 suscepissent
1144 2061 1438 2127 adversus,
1473 2065 1649 2132 ipsius
1678 2070 1863 2116 autem
1892 2060 2141 2116 Athana-

558 2152 626 2207 sii
666 2153 884 2209 amicus
933 2154 1164 2209 intimus
1216 2162 1273 2208 et
1327 2168 1603 2209 summus.
1656 2153 1800 2220 Quin
1839 2161 1897 2208 et
1948 2153 2138 2208 Ariani

557 2245 923 2301 Athanasium
974 2245 1337 2300 illustriorem’
1374 2244 1690 2310 reddidere,
1723 2244 1817 2314 qui
1852 2260 1961 2299 una
2010 2260 2135 2301 cum

558 2336 768 2391 Melitio
800 2333 1093 2406 Egyptum
1149 2335 1391 2390 motibus
1430 2340 1864 2404 compleverant.
1903 2333 2140 2390 Insidias

561 2425 710 2479 enim
735 2422 858 2479 sine
891 2423 1308 2479 intermissione
1342 2424 1393 2479 ei
1430 2424 1745 2485 molientes,
1781 2439 1981 2493 capere
2007 2438 2135 2477 eum

561 2517 809 2590 legitime
843 2533 951 2572 non
985 2525 1311 2587 potuerunt.
1355 2518 1422 2572 Et
1474 2532 1651 2585 nuper
1685 2517 1989 2572 admodum
2026 2517 2138 2570 Eu-

561 2614 749 2668 sebius
798 2612 867 2667 ab
923 2611 1260 2680 imperatore
1309 2612 1377 2665 ab
1426 2610 1625 2664 exsilio
1679 2609 1970 2675 reductus,
2026 2626 2137 2665 non

564 2704 901 2759 mediocrem
953 2704 1057 2758 sibi
1110 2704 1419 2773 usurpabat
1456 2703 1796 2769 libertatem,
1833 2704 1902 2758 ab
1938 2703 2030 2757 illo
2082 2703 2137 2757 in

562 2810 765 2866 magno
798 2796 1011 2850 honore
1029 2796 1272 2860 habitus,
1297 2795 1525 2865 perinde
1560 2804 1727 2865 atque
1752 2810 1782 2850 a
1815 2810 1984 2866 prava
2013 2794 2138 2865 opi-

560 2891 729 2945 nione
786 2889 854 2944 ad
912 2898 1078 2945 recta:
1144 2889 1368 2960 pietatis
1423 2889 1758 2945 sententiam
1807 2888 2136 2944 transiisset.

556 2980 834 3049 Quocirca
887 2981 1145 3036 libertate
1185 2996 1251 3036 ea
1286 2981 1521 3045 abusus,
1558 2981 1825 3052 majorem
1860 2980 2032 3034 etiam
2079 2979 2147 3033 in'

557 3073 792 3130 ecclesia
854 3071 1073 3127 turbam
1103 3071 1389 3136 excitavit,
1422 3086 1522 3142 per
1550 3086 1674 3126 eam
1711 3086 1834 3141 qua:
1865 3070 1917 3125 ei
1954 3075 2137 3125 inerat

557 3167 749 3221 falsam
803 3166 1150 3237 opinionem,
1216 3179 1421 3233 easque
1467 3179 1605 3234 quas
1655 3164 1923 3220 adversus
1968 3163 2134 3235 637

556 3259 923 3315 Athanasium
958 3267 1284 3327 susceperat
1313 3256 1655 3319 inimicitias,
1687 3272 1753 3312 ex
1778 3273 1891 3328 quo
1917 3273 1972 3313 tn
2006 3273 2137 3329 syn—

556 3353 665 3406 odo
716 3352 771 3404 in
813 3351 971 3404 illum
1009 3349 1182 3404 veluti
1228 3364 1369 3404 verae
1400 3350 1622 3418 pietatis
1653 3350 2131 3420 propugnaculum

557 3441 807 3511 impegit.
849 3441 917 3496 Et
966 3442 1207 3512 primum
1238 3439 1464 3507 quidem
1498 3440 1826 3496 electionem
1867 3442 1993 3510 ejus
2023 3442 2134 3497 Ett-

2242 1985 2353 2022 των
2387 1970 2495 2023 τῶν
2519 1970 2884 2042 ἐγκλημάτων
2912 1972 3208 2036 ἐδείκνυτο,
3244 1972 3508 2041 γενναίως
3558 1970 3690 2039 ὑπὲρ
3715 1969 3802 2039 τῆς

2242 2062 2301 2113 ὲν
2326 2062 2531 2134 Νικαίᾳ
2579 2065 2820 2128 πίστεως
2848 2065 3336 2136 διαγωνιζόμενος,
3386 2063 3582 2135 βουλὴν
3632 2064 3802 2131 ἑτέραν

2243 2154 2491 2222 ὕφαινον,
2549 2156 2905 2226 σκευωρῆσαι
2955 2159 3053 2228 μὲν
3089 2160 3299 2212 ἐκεῖνον
3360 2159 3439 2222 είς
3493 2156 3799 2226 φυγαδείαν,

2246 2246 2467 2315 ’Ἄρειον
2518 2246 2577 2299 δὲ
2632 2250 3058 2318 παρασκευάσαι
3113 2250 3386 2318 κατάγειν
3436 2250 3517 2312 εἰς
3578 2246 3803 2313 Ἀλεξάν-

2242 2337 2448 2407 δρειαν.
2494 2338 2650 2394 Οὕτω
2681 2341 2795 2410 γὰρ
2843 2343 2907 2395 ἐκ
2962 2341 3055 2395 τοῦ
3120 2343 3325 2412 ῥᾴστου
3378 2341 3524 2412 ἔχειν
3581 2339 3802 2399 ἐκείνους

2242 2427 2342 2498 τὴν
2371 2427 2470 2497 μὲν
2491 2428 2586 2481 τοῦ
2619 2430 2917 2499 ὁμοουσίου
2978 2433 3164 2484 πίστιν
3203 2431 3514 2496 ἐκϐάλλειν,
3545 2430 3717 2500 ἡρέμα
3752 2425 3801 2478 δέ

2243 2536 2361 2582 πως
2418 2519 2520 2591 τὴν
2583 2522 2856 2592 σφετέραν
2917 2525 3264 2592 ἀντεισάγειν
3317 2523 3656 2577 δυσσέϐειαν.
3706 2519 3800 2571 Καὶ

2242 2596 2502 2683 ἐπειρᾶτο
2566 2615 2798 2687 γράφων
2872 2616 3136 2680 Εὐσέϐιος
3179 2615 3491 2686 ’Δθανασίῳ
3537 2613 3659 2676 τοὺς
3689 2609 3801 2680 περὶ

2246 2707 2466 2776 ’Λρειον
2494 2706 2750 2775 δέχεσθαι
2775 2723 2789 2738 ’
2813 2707 2936 2760 εἰδὲ
2960 2702 3080 2773 οὖν,
3102 2709 3375 2778 ἀγράφως
3399 2705 3610 2776 ἠπείλει
3633 2700 3799 2763 κακῶς

2242 2798 2408 2852 αὑτὸν
2437 2799 2728 2854 διαθεῖναι.
2748 2799 2904 2853 Ἐπεὶ
2924 2799 2981 2853 δέ
3017 2801 3197 2856 πάντα
3229 2802 3415 2854 κάλων
3433 2797 3621 2862 κινῶν,
3643 2791 3799 2846 οὐδενὶ

2240 2890 2430 2960 τρόπῳ
2462 2890 2747 2963 πειθήνιον
2798 2887 2912 2962 είχε
2967 2891 3383 2960 διενιστάμενον
3431 2891 3556 2953 τοὺς
3588 2887 3711 2955 περὶ
3748 2882 3799 2934 τδ

2241 2980 2421 3052 δόγμα
2452 2983 2911 3054 νεωτερίσαντας,
2945 2985 3042 3036 καὶ
3073 2984 3201 3037 νέαν
3244 2983 3688 3055 συστησαμένους
3726 2972 3801 3027 αῖ-

2243 3087 2416 3141 ρεσιν,
2446 3073 2540 3125 καὶ
2562 3075 2715 3145 παρά
2743 3073 3016 3145 τοσαύτης
3043 3074 3421 3145 ἐληλαμένους
3470 3072 3702 3131 συνόδου,
3735 3064 3800 3137 μὴ

2242 3162 2355 3217 δεῖν
2387 3157 2528 3219 εἶναι
2553 3166 2830 3236 δέχεσθαι,
2862 3167 3141 3237 ἐπεχείρει
3171 3169 3378 3239 τρόπον
3412 3167 3600 3235 ἕτερον
3633 3163 3800 3214 πεῖσαι

2241 3256 2336 3309 τὸν
2404 3256 2626 3327 βασιλέα
2678 3260 2935 3326 δέξασθαι
3000 3261 3225 3333 ’Δρειον
3256 3303 3270 3325 ,
3322 3261 3423 3315 καὶ
3471 3257 3686 3313 κάθοδον
3729 3254 3801 3313 εἰς

2255 3349 2675 3423 Ἀλεξάνδρειαν
2715 3356 3047 3425 παρασχεῖν.
3101 3356 3208 3408 Καὶ
3245 3356 3403 3425 μόλις
3429 3351 3571 3407 τοῦτ’
3608 3349 3799 3405 ἀνύσας

2244 3436 2416 3513 εἶχεν,
2458 3445 2534 3508 ὡς
2573 3448 2752 3518 καιρῷ
2787 3434 3145 3522 διαλήψομαι.

558 3537 772 3594 αοὺὶαηί
821 3538 1328 3608 reprehendebant,
1359 3549 1617 3607 tanquam
1651 3552 1832 3607 neque
1859 3538 2129 3608 legitime,
2171 3554 2353 3610 neque
2387 3542 2457 3596 ab
2525 3544 2760 3607 idoneis.
2795 3563 2917 3616 qua:
2981 3550 3143 3605 iidem
3173 3566 3545 3617 mererentur,
3571 3546 3798 3622 persmtis

557 3633 779 3689 factam.
840 3633 946 3690 Ubi
1008 3646 1145 3687 vero
1201 3630 1671 3687 insimulationcm
1730 3646 1849 3686 eam
1906 3633 2135 3692 refellit,
2178 3649 2378 3705 magno
2457 3639 2643 3693 animo
2695 3657 2795 3709 pro
2843 3641 2948 3697 ﬁdc
2984 3644 3207 3701 Nicaena
3289 3649 3598 3710 decertans,
3648 3643 3794 3697 altam

556 3727 631 3782 illi
675 3739 900 3782 texuere
938 3724 1124 3792 telam,
1154 3739 1222 3779 eo
1258 3724 1516 3789 consilio,
1591 3734 1652 3777 ut
1719 3724 2023 3779 Athanasio
2091 3725 2344 3781 exsilium
2412 3739 2716 3796 strucrent,
2778 3743 2943 3802 atque
3027 3737 3160 3792 Ario
3212 3743 3454 3795 reditum
3516 3745 3566 3794 in
3621 3736 3793 3792 urbem

554 3817 983 3873 Alexandrinam
1019 3814 1396 3887 pararent,lta
1432 3815 1582 3869 enim
1616 3814 1942 3869 facillimum
1996 3814 2133 3885 ipsis
2172 3817 2291 3871 fore
2322 3822 2612 3889 putabant,
2651 3833 2710 3877 ut
2778 3827 3066 3891 ὁμνιουσίου
3135 3833 3621 3888 consubstantialis
3650 3827 3793 3881 ﬁdem

555 3913 844 3983 ejicerent,
878 3918 935 3964 et
981 3908 1321 3981 pedetentim
1365 3907 1702 3976 impietatem
1743 3923 1898 3961 suam
1969 3925 2069 3980 pro
2135 3927 2200 3967 ea
2242 3913 2597 3972 inducerent.
2660 3916 3032 3990 Tentavitque
3096 3925 3277 3988 adeo.
3332 3928 3400 3981 ad
3456 3922 3794 3980 Athanasium

556 4004 812 4061 scribens
841 4003 1137 4068 Eusebius,
1189 4008 1248 4055 ut
1283 4003 1351 4055 ab
1385 4001 1481 4055 illo
1512 4001 1894 4071 susciperetur
1943 4002 2130 4057 Arius.
2173 4004 2270 4061 Sin
2345 4010 2552 4075 minus,
2609 4012 2729 4066 sine
2761 4014 2972 4082 scripto
3001 4032 3102 4086 per
3131 4017 3532 4075 internuntium
3560 4026 3795 4088 magnum

557 4097 640 4153 illi
693 4096 939 4152 minatus
976 4105 1063 4151 est
1093 4095 1317 4151 malum.
1353 4096 1653 4164 Postquam
1687 4106 1873 4151 autem
1943 4111 2165 4152 omnem
2209 4114 2439 4156 movens
2486 4103 2749 4170 lapidem,
2792 4109 3126 4176 persuadere
3175 4111 3228 4165 id
3282 4114 3363 4168 illi
3439 4129 3545 4167 non
3594 4107 3790 4180 potuit;

558 4210 657 4250 eos
687 4194 784 4264 qui
815 4192 870 4247 in
903 4189 1159 4247 doctrina
1194 4204 1282 4244 res
1310 4203 1483 4243 novas
1551 4188 1921 4256 induxissent,
1984 4207 2294 4263 novamque
2366 4197 2620 4251 lia-resim
2664 4197 3059 4263 instituissent,
3105 4213 3164 4259 et
3216 4220 3339 4261 eam
3389 4206 3460 4262 ob
3510 4216 3720 4260 causam
3768 4212 3794 4250 a

557 4302 669 4347 tam
749 4287 1029 4360 frequenti
1103 4284 1314 4351 synodo
1371 4284 1670 4354 proscripti
1744 4293 1951 4352 essent,
2010 4288 2238 4345 minime
2278 4292 2630 4362 recipiendos
2683 4309 2804 4350 esse
2868 4299 3273 4356 contendenti:
3339 4302 3451 4358 alio
3504 4297 3664 4355 modo
3707 4309 3793 4350 eo-

552 4398 717 4446 natus
751 4394 872 4453 est,
915 4394 976 4439 ut
997 4385 1162 4440 Arius
1187 4383 1551 4454 reciperetur,
1584 4383 2079 4456 Alexandriamque
2123 4387 2517 4458 reduceretur,
2554 4392 2873 4464 imperatori
2910 4397 3267 4466 persuadere.
3294 4398 3356 4455 id
3388 4398 3534 4471 quod
3567 4394 3792 4451 tandem.

554 4482 714 4539 sicuti
768 4495 870 4535 suo
932 4479 1056 4535 loco
1114 4477 1315 4542 dicam,
1373 4492 1517 4549 aegre
1549 4477 1757 4532 effecit.

1125 4595 1350 4652 CAPUT
1390 4596 1552 4652 XLV.
2154 4612 2208 4671 ι)

559 4694 632 4748 De
676 4692 875 4763 synodo
933 4687 1222 4763 Antiochiae
1252 4696 1591 4763 congregata,
1621 4705 1743 4763 Διμιιε
1773 4690 2129 4762 episcopatum

625 4758 908 4818 Euitatlu'o
942 4774 1133 4828 magno
1159 4758 1430 4828 abrogavit
1463 4773 1481 4811 :
1518 4768 1565 4812 et
1595 4758 1657 4813 de
1681 4758 2059 4832 episcopisqui
2082 4769 2131 4818 et“

625 4837 1000 4887 successerunt.

2833 4613 3083 4668 ΚΕΦΑΛ.
3117 4617 3253 4671 ΜΕ’.

2236 4698 2522 4777 Περὶ-τῇς
2558 4702 3020 4777 ἐν,Ἀντιοχει’ᾳ
3069 4707 3402 4777 γενομένης
3447 4692 3791 4777 currit??in

2306 4771 2548 4825 καθεῖλε
2601 4772 2708 4825 τὸν
2734 4771 2930 4842 μέγαν
2967 4771 3314 4831 Εὺό-τάθίον
3341 4771 3490 4832 Γκαὶ
3523 4772 3653 4841 περὶ
3687 4771 3788 4820 τῶν

2299 4843 2427 4909 μετ’
2461 4842 2647 4895 αὐτὸν
2675 4843 3013 4913 γενομένων
3040 4847 3415 4903 ἐπισκόπων.

626 4946 766 5001 Tum
796 4959 928 5000 vero
955 4943 1056 4997 alia
1082 4944 1246 4997 etiam
1278 4944 1437 4999 turba
1468 4945 1612 5001 inter
1639 4947 1967 5016 conjunctos
2000 4949 2124 5018 epi-

554 5052 753 5109 scopos
794 5049 979 5092 exorta
1004 5077 1020 5101 ,
1056 5035 1362 5092 Ecclesiam
1410 5039 1663 5106 excepit.
1708 5040 1803 5109 qui
1846 5042 1912 5096 de
1959 5041 2131 5096 verbo

557 5127 873 5199 ὀμοουοίου,
909 5126 1400 5183 consubstantialis
1430 5128 2010 5201 nimirum,su_btiliter
2041 5134 2126 5186 in-

551 5223 863 5292 quirentes.
889 5236 1069 5292 eoque
1099 5235 1220 5277 sese
1246 5232 1592 5286 exercentes,
1623 5222 1947 5279 inteStinum
1981 5226 2126 5281 inter

550 5331 612 5369 se
645 5315 722 5368 ita
764 5328 1113 5369 commovere
1157 5313 1386 5377 bellum,
1434 5321 1496 5368 ut
1542 5316 1885 5370 concertatio
1927 5331 2124 5392 eorum

550 5407 691 5462 nihil
713 5423 744 5461 ιι
773 5415 1044 5462 nocturna
1067 5421 1251 5477 pugna
1274 5405 1548 5462 diil’erret.
1578 5407 1767 5478 Neque
1801 5409 1948 5463 enim
1978 5394 2122 5466 alius

2308 4950 2626 5021 Τηνικαῦτα
2650 4954 2697 5007 δ’
2724 4955 2887 5026 ἐτέρα
2938 4960 3152 5030 ταραχὴ
3198 4963 3264 5016 ὲκ
3291 4963 3404 5016 τῶν
3440 4958 3652 5014 οἰκείων
3677 4952 3790 5003 ἐπι-

2237 5044 2458 5097 σκόπων
2508 5046 2607 5116 τὴν
2669 5046 3007 5117 Ἐκκλησίαν
3055 5052 3359 5121 ἐλάμϐανε,
3395 5054 3524 5122 περὶ
3578 5045 3676 5114 τῆς
3705 5036 3790 5093 τοῦ

2234 5136 2523 5203 ὀμοουσίου
2552 5137 2757 5203 λέξεως
2783 5143 3336 5216 ἀκριϐολογουμένων
3356 5190 3372 5213 ,
3413 5147 3507 5200 καὶ
3546 5151 3790 5201 κατατρι·

2235 5224 2507 5294 δομένων,
2575 5230 2668 5282 καὶ
2722 5233 2859 5299 πρὸς
2899 5235 2990 5288 τὸν
3046 5238 3170 5289 κατ’
3204 5239 3455 5311 ἀλλήλων
3505 5229 3790 5291 ὡπλίζοντο

2236 5319 2497 5389 πόλεμον,
2531 5322 2606 5386 ὼς
2633 5325 2802 5395 μηδὲν
2838 5327 2936 5380 τοῦ
2964 5337 3334 5402 νυκτομαχεῖν
3369 5330 3662 5399 διαφέρειν.
3693 5316 3788 5370 Καὶ

2224 5412 2338 5481 γὰρ
2360 5414 2607 5484 ἀλλήλων
2638 5419 2699 5470 οὑ
2729 5423 3006 5490 συνίεσαν,
3038 5423 3133 5493 ἀφ’
3161 5419 3237 5479 ὧν
3264 5426 3527 5495 ἀλλήλους
3560 5411 3787 5484 ἐνόμιζον

620 5610 698 5681 (ί)
748 5609 1175 5684 ’Διαϐεῂϐηκότες-
1206 5611 1511 5684 dicuntur.
1569 5613 1818 5683 apprime
1869 5617 2120 5684 spectati,

551 5679 786 5755 probati,
814 5679 1066 5755 perfecti,
1094 5681 1379 5755 sublimes,
1410 5679 1663 5755 egeni-5
1701 5679 1914 5755 judicii'
1932 5686 2106 5741 aleam

548 5751 831 5823 constituti
853 5753 1119 5823 _:_q0alent
1180 5751 1408 5819 Gregor.
1444 5751 1755 5823 Tlteologus
1801 5770 1922 5809 esse
1969 5756 2106 5810 dixit

548 5820 805 5874 Basilium
848 5819 1100 5891 ﬂagtium
1157 5841 1170 5876 :
1226 5825 1394 5876 Homo
1437 5822 1553 5890 Dei,
1588 5819 1788 5893 inquit,
1825 5835 1873 5877 et
1928 5826 2103 5892 ﬁdelis

2229 5634 2395 5685 serve,
2412 5631 2471 5702 ξι
2503 5624 2582 5702 rir
2601 5624 2984 5702 desideriorum
3006 5646 3022 5684 :
3043 5631 3135 5702 sed
3154 5632 3538 5702 spiritualium.
3558 5624 3626 5678 Ita
3646 5619 3781 5702 eam}

2214 5703 2373 5769 vocat
2403 5691 2699 5772 .Scriptura
2748 5699 2876 5759 τοὺς
2916 5691 3339 5772 διαϐεϐηκὶτας,
3392 5706 3512 5772 hoe
3540 5704 3641 5758 es"
3693 5696 3782 5772 93⁵

2212 5762 2306 5840 qui
2349 5762 2414 5813 ad
2453 5779 2730 5840 sumntum
2779 5781 3006 5823 evasere
3054 5762 3259 5840 locum,
3293 5762 3348 5832 ei
3379 5769 3631 5827 sublimes
3661 5762 3778 5809 ViSl-

2213 5830 2454 5900 biliaqne
2511 5834 2626 5887 inec
2679 5851 3089 5908 supergressos.
