3990 6470
246 415 342 479 177

1154 416 1756 481 ECCLESIASTICAZ
1797 415 2185 478 HISTORIA;
2227 416 2375 477 LIB.
2414 414 2578 477 VIII.

3393 407 3494 473 178

242 528 606 599 βλασφημεῖν.
635 528 698 581 Oi
731 526 831 597 μὲν
861 527 968 597 γὰρ
993 526 1053 580 τὸ
1078 526 1369 596 ὁμωύσιον
1403 527 1481 597 μὴ
1516 526 1806 597 προσιέμε-

1918 524 2084 578 alium
2120 523 2462 594 intelligebat
2492 522 2547 577 in
2575 520 2659 577 eis
2688 519 2895 588 verbis,
2925 519 3071 577 unde
3100 534 3224 577 sese
3252 519 3489 576 invicem

238 637 324 672 νοι
349 619 505 685 δόξαν
545 620 707 689 ἔσχον
739 620 807 673 τὰ
829 617 1112 673 Μοντανοῦ
1146 619 1240 671 καὶ
1265 617 1559 671 Σαϐελλίου
1595 618 1814 686 φρονεῖν

236 710 368 773 τοὺς
389 710 518 763 αὐτὸ
543 710 1046 781 παραδεχομένους,
1070 711 1163 764 καὶ
1188 710 1551 780 βλασφήμους
1567 710 1812 777 ἐλάλουν,

236 801 316 865 ὡς
346 802 444 871 τὴν
480 804 573 857 τοῦ
610 804 740 856 Υἱοῦ
777 802 1016 873 ὓπαρξιν
1068 802 1517 873 ἀνατρέποντας·
1571 804 1619 857 oi
1664 803 1721 857 δὲ
1753 804 1815 856 τὸ

238 893 528 959 ὁμοούσιον
602 896 927 965 στέργοντες
987 896 1229 958 ἐκείνους
1285 895 1677 966 ἐξετρέποντο,
1737 896 1813 960 ὠς

249 978 731 1051 Ἑλληνισμὸνκαὶ
757 983 1047 1035 πολυθεῖαν
1072 982 1423 1051 εἰσάγοντας.
1472 985 1730 1041 Μάλιστα
1767 984 1812 1038 δ’

237 1073 337 1124 ἐπὶ
365 1074 573 1136 τούτοις
611 1074 931 1127 συνίσταντο
956 1074 1258 1139 Εὑστάθιος
1287 1076 1316 1128 6
1337 1074 1674 1147 Ἀντιοχεὺς,
1718 1079 1812 1132 καὶ

236 1167 265 1217 6
293 1166 572 1237 Παμφίλου
605 1165 866 1231 Εὐσέϐιος
891 1184 905 1198 ο
945 1169 1041 1223 καὶ
1069 1168 1380 1239 ἀμφότεροι
1407 1169 1463 1222 δὲ
1489 1171 1548 1223 ὲν
1577 1172 1813 1225 ὑποστά-

240 1275 327 1310 σει
381 1260 470 1310 τὸν
521 1258 645 1313 Υίὸν
669 1258 765 1312 τοῦ
800 1259 940 1311 Θεοῦ
979 1259 1322 1330 ὡμολόγουν,
1349 1260 1446 1315 ἕνα
1480 1278 1541 1315 τε
1592 1263 1726 1317 Θεὸν
1751 1265 1813 1319 ὲν

239 1351 568 1406 ὑποστάσεσι
616 1352 815 1422 τρισίν.
877 1354 988 1407 Καὶ
1037 1358 1065 1407 6
1128 1355 1230 1424 μὲν
1265 1354 1564 1419 Εὑστάοιος
1621 1356 1813 1427 ᾐτιᾶτο

239 1441 520 1509 Εὖσέϐιον,
560 1442 633 1506 ὡς
660 1441 758 1512 τὴν
793 1445 851 1499 ὲν
890 1444 1098 1517 Νικαίᾳ⁸
1129 1445 1317 1500 πίστιν
1348 1447 1810 1517 καινοτομοῦντα·

234 1539 264 1588 6
294 1533 343 1587 6'
371 1529 519 1598 αὖθις
554 1536 805 1606 στέργειν
838 1536 939 1606 μὲν
980 1536 1049 1591 τὰ
1084 1539 1140 1590 ὲν
1191 1538 1400 1610 Νικαίᾳ
1432 1539 1662 1605 δόξαντα
1690 1539 1809 1592 ἕλεα

235 1645 372 1693 γεν-
402 1626 479 1692 ὡς
498 1629 567 1681 τὰ
591 1628 884 1682 Σαϐελλίου
925 1630 980 1683 δὲ
1029 1629 1336 1702 φρονοῦντα
1382 1631 1477 1685 τὸν
1513 1632 1813 1689 Εὐστάθιον

236 1725 294 1774 ὲν
326 1722 523 1784 αἰτίαις
557 1722 745 1777 ἐτίθει.
774 1723 884 1776 Καὶ
922 1723 987 1793 δὴ
1018 1723 1239 1777 συνόδου
1270 1725 1360 1779 διὰ
1392 1725 1569 1780 ταῦτα
1596 1727 1654 1779 ὲν
1688 1726 1811 1781 Ἀν-

235 1816 446 1885 τιοχείᾳ
499 1815 898 1885 γεγενημένης,
931 1817 1252 1888 ἀφαιρεῖται
1309 1817 1409 1885 τὴν
1444 1817 1747 1889 ἐπισκοπὴν
1780 1820 1808 1871 6
1839 1854 1865 1889 ί

1921 614 2284 683 blasphemiis
2333 613 2513 684 expeti
2563 612 2853 683 putabant.
2900 611 3187 683 Siquidem
3228 612 3324 684 qni
3358 627 3493 668 con-

1918 706 2285 761 substantiale
2317 721 2429 761 non
2474 705 2821 774 probabant,
2858 704 3235 776 opinabantur
3266 719 3363 762 eos
3394 704 3489 774 qui

1918 800 1972 854 id
1999 799 2333 868 reciperent,
2357 796 2601 853 Montani
2623 807 2678 852 et
2699 797 2925 853 Sabellii
2948 799 3282 853 sententiam
3306 798 3487 868 sequi:

1914 890 2379 962 blasphemosque
2408 891 2696 957 vocabant,
2729 890 2880 946 velut
2911 893 3003 961 qui
3037 888 3162 944 Filii
3198 888 3296 944 Dei
3336 887 3486 943 exsi-

1915 984 2174 1038 stcutiam
2233 991 2570 1038 everterent.
2638 981 2746 1049 Qui
2801 996 2936 1036 vero
2998 974 3486 1037 consubstantiale

1914 1074 2448 1145 complectebantur,
2481 1075 2606 1129 illos
2634 1073 3053 1136 aversabantur,
3080 1087 3145 1128 ac
3174 1072 3221 1128 si
3262 1072 3492 1128 Graecis-

1914 1183 2066 1222 mum
2099 1168 2396 1238 pluresque
2430 1167 2565 1223 deos
2592 1175 2931 1222 assererent.
2965 1165 3321 1221 Potissimum
3350 1177 3487 1217 vero

1913 1260 1982 1316 de
2014 1261 2080 1314 iis
2110 1259 2432 1315 Eustathius
2469 1259 2885 1323 Antiochenus,
2916 1257 3085 1330 638
3115 1265 3173 1312 et
3208 1254 3487 1311 Eusebius

1911 1349 2224 1421 Pamphili,
2272 1349 2559 1420 congressi
2598 1349 2996 1404 decertarunt:
3040 1356 3209 1417 atque
3250 1354 3487 1415 uterque

1913 1445 1968 1499 in
2005 1442 2361 1499 subsistentia
2399 1442 2598 1497 Filium
2632 1442 2753 1505 Dei,
2790 1449 2958 1512 atque
3000 1454 3171 1495 unum
3217 1437 3392 1494 Deum
3428 1437 3485 1492 in

1913 1535 2090 1589 tribus
2147 1533 2525 1590 subsistentiis
2584 1532 2974 1605 profitebatur.
3033 1531 3103 1589 Et
3158 1531 3489 1587 Eustathius

1914 1625 2209 1680 Eusebium
2246 1626 2323 1695 (1)
2364 1626 2683 1691 incusabat,
2723 1625 2873 1697 quod
2913 1623 3321 1695 professionem
3361 1622 3487 1677 lidei

1910 1716 2189 1771 Nicwnam
2229 1727 2484 1773 novaret.
2529 1719 2713 1788 Atque
2742 1717 2835 1773 hic
2864 1732 3089 1773 rursum
3134 1715 3489 1786 acquiescere

1912 1821 1971 1861 se
2009 1809 2066 1861 in
2098 1808 2339 1864 decretis
2376 1808 2618 1865 Nicaenis
2649 1809 2891 1877 dicebat,
2924 1809 3007 1865 illi
3039 1817 3225 1864 autem
3259 1805 3486 1863 Sabellii

246 1881 557 1972 Baesadine,
580 1881 588 1883 _
610 1881 756 1960 κατὰ
784 1881 882 1978 μέν
927 1881 1023 1962 τδν
1054 1881 1231 1981 άληθῆ
1263 1881 1447 1978 λόγον,
1483 1912 1674 1981 ὅτιπερ
1703 1881 1806 1982 τῆς

1908 1914 2156 1954 errorem
2202 1901 2554 1957 criminando
2601 1902 2917 1972 objiciebat.
2971 1901 3271 1958 Enimvero
3313 1915 3380 1955 ea
3415 1899 3486 1954 de

245 2000 297 2049 ἐν
323 1997 527 2069 Νικαία
550 1997 882 2068 ὑπερίστατο
912 2002 1169 2065 πίστεως,
1197 2001 1293 2054 καὶ
1324 2004 1454 2066 τοὺς
1486 2005 1616 2074 περ)⁸
1643 2004 1811 2058 Εὐσέ-

239 2086 354 2140 ϐιον
383 2089 476 2140 καὶ
506 2089 846 2159 Πατρόφιλον
876 2090 979 2175 τδνί
1000 2090 1415 2158 Σκυθοπόλεως,
1450 2093 1548 2147 καὶ
1582 2092 1810 2162 τὸῃΤύ-

239 2196 335 2250 ρου
388 2180 670 2247 Παυλῖνον,
719 2173 793 2235 ὧν
823 2183 889 2253 τῇ
935 2173 1132 2254 γνώμῃ
1188 2185 1238 2236 οἱ
1269 2184 1374 2237 ἀνὰ
1400 2183 1499 2255 τὴν
1533 2183 1609 2238 ἕω
1639 2185 1806 2254 ἱερεῖς

238 2273 481 2334 εἵποντο,
503 2272 577 2337 ὠς
600 2272 1058 2343 ’Δρειανόφρονας
1091 2274 1471 2345 ἀπεστρέφετο
1491 2290 1505 2306 ο
1554 2275 1631 2337 ὡς
1666 2274 1722 2328 δὲ
1756 2277 1805 2329 οί

230 2365 290 2428 ἐξ
345 2362 557 2435 Ἀρείου
614 2366 802 2432 φασὶν,
862 2361 1059 2436 οἷάπερ
1113 2364 1544 2430 Σαϐελλίζοντα·
1597 2367 1692 2419 καὶ
1736 2365 1804 2419 δι’

230 2454 399 2518 ἄλλας
430 2456 530 2509 οὐκ
556 2456 766 2524 ἀγαθὰς
797 2456 997 2522 αἰτίας,
1021 2456 1056 2510 ἃ
1085 2457 1273 2520 εἰωθὸς
1302 2458 1396 2510 ἐπὶ
1442 2458 1661 2511 πάντων
1691 2458 1804 2511 τῶν

229 2549 681 2620 καθαιρουμένων
708 2549 1032 2603 ἐπισκόπων
1061 2548 1242 2617 λέγειν
1269 2549 1438 2602 ἐστίν.
1490 2550 1565 2602 Τὸ
1599 2551 1647 2603 δ’
1681 2550 1803 2605 ὅλον

230 2643 570 2710 συκοφαντία
603 2643 742 2713 μετὰ
774 2643 1033 2709 διαϐολῆς
1056 2636 1146 2713 ἦν.
1186 2643 1271 2708 Ὠς
1301 2643 1410 2714 γὰρ
1437 2644 1538 2712 τὴν
1575 2644 1806 2716 ἱερωσύ-

227 2748 325 2800 νην
351 2730 518 2799 δῆθεν
559 2732 892 2802 αἰσχύναντα
942 2732 1245 2803 παιδίσκης
1287 2733 1586 2787 ἀκολάστου
1634 2736 1801 2804 μίξει,

228 2825 322 2877 καὶ
356 2824 656 2879 ἀπολαύσει
679 2828 915 2896 αἰσχρᾶς
946 2828 1160 2897 ἡδονῆς,
1203 2826 1456 2882 καθεῖλον
1505 2828 1597 2881 τὸν
1628 2829 1799 2884 ὅσιον.

230 2915 443 2984 tace-at;
472 2919 582 2986 γὰρ
633 2918 734 2986 τὴν
783 2917 902 2987 ὄψιν
942 2918 1190 2985 γύναιον,
1243 2920 1552 2990 ἑταιρικὸν,
1582 2924 1675 2975 καὶ
1700 2922 1801 2992 τὴν

225 3008 378 3078 ὥραν
406 3008 483 3080 τῷ
508 3009 823 3082 βουλομένῳ
849 3010 1207 3080 ἁπεμπολοῦν
1232 3014 1665 3084 μισθωσάμενοι,
1698 3014 1800 3085 τὴν

224 3101 469 3170 γλῶτταν
496 3100 792 3155 ἀποδόσθαι
822 3102 1006 3162 αὐτοῖς
1031 3101 1280 3159 ἔπεισαν.
1313 3105 1423 3159 Καὶ
1455 3105 1520 3175 δὴ
1546 3105 1638 3160 τοῦ
1669 3123 1799 3175 συγ-α

227 3194 606 3264 κροτηθέντος,
627 3194 967 3265 πεντήκοντα
990 3194 1047 3248 δὲ
1076 3191 1218 3267 ἦσαν
1240 3197 1335 3250 καὶ
1363 3197 1653 3263 διακόσιοι,
1672 3199 1802 3264 τοὺς
1826 3226 1869 3286 c

230 3287 327 3357 μὲν
352 3288 548 3356 ἐξῆγον
577 3288 786 3352 πάντας
810 3304 827 3322 ο
852 3287 911 3342 τὺ
940 3289 997 3342 δὲ
1026 3288 1136 3343 ἀπὸ
1164 3289 1361 3359 πείρας
1391 3292 1573 3345 ὲκείνο
1606 3290 1802 3360 ἰταμὸν

226 3379 448 3447 γύναιον
488 3381 802 3451 ὲπεισῆγον,
837 3382 1038 3453 βρέφος
1063 3383 1448 3451 ἐπιμαστίδιον
1477 3387 1599 3448 ταῖς
1627 3383 1802 3452 ἀγκά-

225 3468 341 3532 λαις
374 3469 598 3538 ἀνέχονσ
657 3468 684 3522 ὃ
717 3470 942 3541 ἀναίὸην
996 3469 1288 3535 ἐπεϐοᾶτο,
1341 3472 1405 3523 ὲκ
1442 3471 1551 3525 τῶν
1582 3472 1797 3526 Εύστα-

231 3561 338 3614 βίον
377 3561 677 3615 συνουσιῶν
708 3561 1097 3631 συνειληφέναι
1123 3564 1216 3614 καὶ
1242 3562 1547 3618 τετοκέναι.
1581 3564 1796 3620 Εὐστάο

230 3652 335 3715 Gtc;
364 3652 429 3720 δ’,
455 3653 509 3706 εί
529 3669 653 3707 τινα
671 3654 764 3704 καὶ
786 3653 948 3706 ἄλλον
982 3652 1098 3722 ἔχοι
1124 3653 1216 3705 τοῦ
1244 3656 1645 3725 πεπραγμένου
1670 3672 1797 3709 συν-

229 3746 434 3814 ίστορα,
462 3745 495 3818 ἢ
530 3747 640 3799 τῶν
670 3745 928 3799 το;ούτων
959 3762 1010 3799 τι
1040 3745 1301 3813 διειδῦτα,
1337 3746 1544 3817 ἐζήτει.
1599 3748 1689 3811 Ὠς
1739 3748 1796 3801 δὲ

227 3840 428 3911 μηδένα
492 3841 636 3909 ἔχειν
689 3836 1117 3910 διεμαρτύρετο,
1162 3839 1256 3891 τὸν
1313 3840 1480 3910 ὅρκον
1545 3840 1710 3911 ᾔτουν
1744 3843 1794 3894 oi

226 3935 408 4001 πικροὶ
460 3931 734 3996 δικασταὶ,
792 3931 974 3986 καίτοι
1024 3947 1087 4000 γε
1145 3928 1239 3983 τοῦ
1273 3932 1442 4001 νόμου
1489 3932 1793 4004 διαρρήδην

223 4024 474 4094 βοῶντος,
510 4025 603 4079 ἐπὶ
630 4024 724 4078 δύο
748 4023 970 4096 ῆτριῶν
1000 4024 1299 4095 μαρτύρων
1327 4027 1389 4078 τὸ
1407 4024 1627 4096 βέϐαιον
1645 4027 1793 4098 ἔχειν

221 4121 289 4173 τὰ
307 4121 491 4181 κακῶς
530 4120 885 4191 φημιζόμενα
911 4135 924 4148 ’
985 4119 1080 4173 καὶ
1111 4117 1268 4183 αὖθις
1308 4120 1403 4173 τοῦ
1455 4117 1789 4174 Ἀποστόλου

224 4214 675 4282 ἀπαγορεύοντος,
705 4213 780 4283 μή
804 4230 927 4266 τινα
950 4214 1050 4282 τὴν
1077 4214 1221 4267 κατὰ
1249 4213 1631 4284 πρεσϐυτέρου
1658 4231 1792 4283 γρα-

224 4307 326 4372 φὴν
392 4305 641 4374 δέχεσθαι
707 4305 1002 4374 μαρτύρων
1059 4304 1182 4375 δίχα
1216 4304 1313 4357 δύο
1375 4303 1541 4374 ἢκαὶ
1594 4304 1785 4374 τριῶν.

234 4397 459 4451 Ἐκεῖνοι
496 4396 553 4449 δὲ
590 4396 683 4449 τὸν
710 4396 875 4466 νόμον
907 4396 963 4447 ἐν
986 4395 1228 4467 δευτέρῳ
1262 4395 1504 4465 οέμενοι,
1534 4396 1788 4466 ἀμάρτυ-

220 4506 311 4559 ρον
345 4489 486 4542 κατὰ
514 4489 769 4542 τοσούτου
796 4487 987 4559 ἀνδρὸς
1027 4487 1248 4541 ἐποίουν
1280 4489 1638 4557 κατηγορίαν.
1700 4486 1788 4551 Ὠς

1912 2006 1972 2047 re
2016 1992 2226 2064 synodo
2255 1993 2564 2050 Antiochiae
2605 2003 2797 2050 coacta
2834 1994 2937 2065 (2),
2984 1994 3344 2064 episcopatus
3375 1992 3487 2047 Eu-

1909 2082 2115 2139 stathio
2143 2085 2459 2153 abrogatur,
2493 2101 2552 2142 re
2586 2087 2810 2157 quidem
2845 2101 2994 2151 vera,
3031 2085 3179 2155 quod
3204 2085 3482 2140 Nicaenam

1911 2173 2072 2231 fidem
2123 2191 2498 2247 propugnans,
2546 2177 2874 2244 Eusebium,
2920 2177 3299 2248 Patropliilum
3345 2177 3481 2246 Scy-

1910 2267 2341 2337 thopolitanum,
2376 2277 2432 2324 et
2464 2271 2758 2326 Paulinum
2794 2269 3050 2342 Tyrium,
3082 2285 3320 2341 quorum
3360 2284 3486 2324 seu-

1910 2360 2095 2415 tentiae
2128 2361 2436 2419 Orientales
2463 2361 2709 2432 episcopi
2740 2360 3207 2432 astipulabantur,
3240 2371 3302 2414 ut
3326 2359 3485 2414 Aria-

1906 2471 2008 2513 nos
2034 2467 2430 2513 aversaretur:
2466 2459 2630 2513 sicuti
2669 2466 2856 2513 autem
2893 2457 2973 2513 illi
3008 2458 3112 2528 ipsi
3145 2456 3333 2512 Ariani
3369 2470 3481 2525 pra:

1906 2563 1965 2604 se
1995 2549 2270 2617 ferebant,
2305 2561 2567 2624 tanquam
2599 2551 2645 2606 is
2677 2552 2771 2622 qui
2804 2566 2929 2607 cum
2971 2550 3213 2607 Sabellio
3248 2549 3478 2611 faceret,

1905 2644 2154 2714 aliasque
2198 2644 2330 2702 item
2377 2660 2490 2700 non
2541 2647 2782 2716 optimas
2825 2645 3178 2710 0b.,causas:
3213 2642 3482 2714 quemad-

1905 2737 2130 2793 modum
2165 2738 2233 2795 de
2262 2738 2524 2795 omnibus
2555 2739 2855 2811 episcopis,
2889 2739 2984 2809 qui
3023 2747 3479 2802 exauctorantur,

1907 2824 2077 2879 multa
2123 2825 2269 2891 dici,
2328 2827 2580 2883 moribus
2625 2837 2712 2883 est
2760 2835 3074 2899 receptum.
3118 2829 3189 2882 At
3232 2842 3319 2883 res
3368 2837 3480 2882 tota

1904 2917 2262 2987 sycophantia
2292 2927 2435 2986 erat,
2471 2934 2596 2974 cum
2634 2920 2911 2975 calumnia
2941 2920 3262 2991 conjuncta.
3296 2918 3479 2976 Veluti
3556 2928 3561 2931 '

1903 3009 2050 3062 enim
2074 3008 2435 3079 episcopalem
2453 3009 2782 3080 dignitatem
2811 3010 3109 3080 impudica:
3132 3009 3479 3064 muliercula:

1903 3099 2223 3164 concubitu,
2254 3100 2855 3173 fmquue‘voluptatis
2882 3119 2985 3157 usu
3016 3102 3256 3172 turpiter
3286 3113 3479 3157 conta-

1905 3190 2192 3256 minasset,
2215 3200 2408 3246 sancto
2435 3192 2554 3247 viro
2583 3207 2705 3248 eam
2740 3192 3089 3248 ademerunt.
3122 3193 3258 3248 Nam
3291 3208 3475 3249 mere-

1904 3281 2155 3337 triculam
2178 3322 2192 3348 ,
2238 3284 2394 3338 vultu
2431 3292 2692 3348 venusto,
2737 3282 2928 3340 forma:
2956 3286 3245 3355 mutisque
3282 3284 3474 3340 florem

1901 3375 2081 3431 cuivis
2112 3377 2367 3432 mercede
2397 3378 2848 3447 prostituentem,
2880 3377 3238 3444 conductam,
3277 3387 3337 3433 ut
3364 3379 3475 3434 lin-

1900 3483 2061 3538 guam
2109 3469 2220 3524 illis
2257 3470 2436 3532 daret,
2482 3470 2782 3541 verbisque
2833 3471 3203 3539 subserviret,
3257 3487 3476 3542 permn-

1901 3573 2048 3612 vere.
2112 3559 2179 3613 Et
2234 3570 2505 3616 conventu
2567 3570 2804 3626 coacto,
2862 3563 2916 3617 in
2979 3578 3091 3632 quo
3140 3562 3363 3619 ducenti
3419 3574 3478 3619 et

1848 3682 1855 3687 ι
1899 3651 2300 3723 quinquaginta
2350 3663 2547 3719 erant,
2596 3653 2740 3711 alios
2787 3655 3011 3726 quidem
3063 3670 3259 3711 omnes
3297 3655 3473 3715 exire.

1896 3744 2277 3800 mulierculam
2328 3757 2514 3803 autem
2568 3748 2715 3803 illam
2769 3762 2956 3802 rerum
3008 3763 3114 3804 usu
3159 3757 3472 3818 protervam

1896 3837 2110 3907 ingredi
2157 3837 2396 3908 iussere.
2452 3838 2813 3910 Progreditur
2861 3840 2979 3901 Ilia.
3022 3841 3324 3896 lactentem
3384 3841 3474 3895 in-

1896 3928 2100 3985 fantem
2148 3932 2202 3987 in
2253 3932 2397 3987 ulnis
2443 3947 2677 4003 gerens,
2723 3942 2963 4003 eumque
3005 3932 3363 4003 impudenter
3402 3947 3471 3987 ex

1894 4021 2169 4077 Eustathii
2201 4024 2609 4080 consuetudine
2635 4039 2693 4080 se
2723 4025 3046 4095 concepisse
3087 4034 3144 4079 et
3185 4025 3472 4096 peperisse

1894 4114 2115 4169 clamat.
2154 4116 2512 4179 Eustathius,
2555 4118 2601 4172 si
2631 4132 2795 4190 quem
2843 4117 3012 4172 alium
3045 4117 3310 4174 facinoris
3350 4119 3473 4188 ejus

1894 4212 2087 4261 testem
2123 4207 2444 4273 conscium,
2487 4217 2586 4263 aut
2628 4209 2723 4279 qui
2769 4209 2878 4264 tale
2913 4208 3216 4280 quidquam
3254 4218 3469 4273 nosset,

1894 4298 2142 4363 haberet,
2176 4311 2350 4369 rogat.
2385 4299 2516 4366 Quae
2546 4315 2673 4355 cum
2709 4300 2760 4356 id
2798 4311 3045 4372 negaret.
3075 4301 3463 4374 jusjurandum

1891 4394 1957 4447 ab
1982 4406 2044 4447 ea
2066 4392 2282 4462 iudices
2304 4393 2486 4447 acerbi
2510 4394 2811 4462 postulant,
2840 4408 2964 4449 cum
2990 4395 3215 4463 quidem
3239 4394 3464 4450 disertis

1890 4484 2078 4540 verbis
2122 4485 2208 4542 lex
2239 4483 2614 4551 vociferetur,
2665 4500 2788 4554 quae
2833 4484 2902 4541 de
2938 4486 3198 4554 quopiam
3241 4486 3465 4541 sinistre

220 4583 322 4651 γὰρ
347 4581 530 4651 ὲκείνη
556 4581 669 4639 τοῖς
699 4579 1017 4650 εἰρημένοις
1039 4580 1130 4633 τὸν
1155 4581 1322 4649 ὅρκον
1352 4582 1583 4651 ἐπῆγεν,
1619 4576 1654 4655 ἦ
1681 4579 1787 4651 μὴν

1903 4577 2212 4647 vulgentur,
2247 4594 2310 4632 ea
2348 4576 2571 4631 duobus
2599 4585 2695 4631 aut
2739 4577 2917 4632 tribus
2948 4577 3186 4633 testibus
3230 4577 3466 4634 firmita-

220 4672 515 4724 Εύσταθίου
553 4669 693 4725 εἶναι
716 4672 777 4723 τὺ
811 4671 1013 4743 βρέφος
1038 4669 1255 4742 φαύλης
1305 4673 1497 4743 ἡδονῆς
1526 4672 1786 4724 ἀποτέλε-

1903 4679 2002 4725 tem
2053 4669 2390 4727 obtinere‘:
2440 4679 2497 4724 et
2549 4670 2846 4741 Apostolus
2894 4684 3153 4735 rursum,
3198 4672 3465 4728 adversus

218 4776 351 4830 σρα,
387 4760 546 4823 εὐθὺς
576 4760 652 4824 ὡς
676 4759 819 4813 κατὰ
847 4758 1039 4830 μοιχοῦ
1075 4761 1274 4812 ἐκεῖνοι
1310 4760 1406 4830 τὴν
1441 4759 1625 4829 ψῆφον
1651 4760 1792 4830 ἐπῆ-

1903 4761 2276 4833 presbyterum
2317 4760 2591 4815 actionem
2635 4762 2809 4831 recipi
2852 4761 3062 4833 absque
3104 4762 3325 4820 duobus
3371 4774 3467 4818 aut

213 4869 328 4919 γον.
384 4853 506 4906 Τῶν
561 4853 604 4907 δ’
656 4854 833 4908 ἄλλων
890 4854 1201 4923 ἀρχιερέων
1248 4852 1299 4905 οἳ
1337 4855 1407 4907 τὰ
1453 4853 1788 4923 τυρευθέντα

1903 4858 2071 4912 Lribns
2104 4857 2357 4922 testibus,
2393 4856 2686 4927 prohibeat
2709 4859 2750 4911 ’-.
2788 4858 2859 4912 At
2894 4858 2968 4912 illi
3012 4859 3164 4915 nulla
3197 4859 3335 4931 legis
3371 4876 3462 4915 ra»

210 4945 911 5015 ἠγνόουν,ἅντιλεγόντων,
970 4946 1066 4998 καὶ
1119 4945 1195 5017 μὴ
1233 4946 1376 5000 κατὰ
1430 4946 1634 5015 νόμους
1686 4947 1787 5016 τὴν

1903 4952 2046 5006 tione
2093 4950 2304 5012 habita,
2352 4958 2408 5004 et
2440 4950 2605 5005 nullis
2636 4950 2893 5015 testibus,
2936 4950 3205 5008 adversus
3245 4960 3460 5007 tantum

209 5035 390 5103 ψῆφον
419 5035 604 5105 τάνδρὶ
653 5036 910 5103 γενέσθαι
952 5035 1398 5105 διατεινομένων,
1424 5037 1473 5112 οί
1505 5037 1566 5089 τὺ
1595 5036 1784 5108 δρᾶμα

1903 5039 2072 5093 virum
2106 5040 2376 5112 judicium
2420 5041 2732 5096 instituere.
2768 5042 3137 5112 Posteaquam
3183 5043 3331 5098 enim
3372 5044 3461 5098 illa
3537 5045 3541 5049 ’

210 5127 529 5195 συνθέμενοι
567 5130 693 5180 ὅσον
728 5129 889 5198 τάχος
933 5130 991 5192 ἒς
1036 5127 1265 5197 βασιλέα
1310 5110 1485 5201 ἧκον·
1536 5130 1633 5184 καὶ
1664 5131 1783 5183 πεί-

1903 5131 2056 5185 verba
2109 5110 2207 5185 sua
2256 5132 2571 5200 iuramento
2626 5110 3139 5205 conlirmavitv(3),
3191 5133 3459 5192 infantem

209 5236 405 5280 σαντες
441 5219 516 5282 ὡς
554 5220 613 5273 ὲν
641 5221 766 5292 δίκῃ
796 5222 866 5276 τὰ
895 5221 1247 5292 ψηφισθέντα
1267 5217 1348 5285 οἷς
1381 5222 1525 5276 ἑάλω
1565 5224 1780 5279 Εὑστά-

1903 5221 2147 5278 tidelicet
2190 5224 2468 5278 Eustathii
2512 5225 2779 5296 improbae
2823 5226 3078 5297 libidinis
3123 5243 3264 5293 opus
3311 5245 3456 5289 esse.

207 5312 345 5377 Οιος,
384 5313 595 5365 ἐκεῖθεν
617 5313 917 5382 ἐπειρῶντο
938 5313 1206 5380 ἐλαύνειν,
1237 5315 1340 5384 φεῦ
1362 5315 1375 5369 ι
1399 5317 1493 5369 τὸν
1516 5317 1777 5373 τοσοῦτον

1909 5315 2034 5372 licet
2065 5316 2142 5370 illi
2170 5318 2338 5373 veluti
2367 5328 2558 5373 contra
2593 5321 2870 5375 mmchum
2903 5320 3150 5376 calculos
3174 5324 3450 5391 produxe-

202 5398 303 5472 τῆς
333 5400 613 5466 εὐσεϐείας
646 5404 741 5456 καὶ⁵
793 5401 1153 5474 σωφροσύνης
1210 5406 1528 5477 ἀγωνιστήν
1558 5395 1618 5459 τε
1674 5408 1770 5461 καὶ

1903 5418 2052 5465 'unt:
2090 5410 2257 5483 639
2289 5411 2569 5482 opiscupis
2614 5412 2758 5481 aliis,
2799 5414 2892 5483 qui
2938 5413 3171 5469 insidias
3212 5420 3452 5468 structas

273 5559 294 5592 ¹
321 5560 512 5616 Matth.
542 5576 696 5628 xvm,
730 5561 818 5616 16.
896 5565 915 5595 ί
953 5564 997 5618 ll
1025 5563 1154 5620 Cor.
1184 5579 1303 5634 xui,
1340 5567 1358 5620 l
1392 5583 1408 5633 ;
1436 5566 1631 5638 l‘Tim.
1663 5583 1719 5634 v,
1755 5567 1842 5624 l9.

273 5707 346 5776 (I)
380 5706 875 5766 Nicomediensem.

275 5776 346 5851 {2)
388 5777 608 5851 Suz'om.
634 5779 730 5851 lib.
776 5796 833 5843 ιι,
867 5796 984 5851 cap.
1020 5782 1106 5839 19.
1526 5826 1534 5834 -

274 5850 346 5915 (5)
382 5850 438 5902 υ.
470 5849 607 5901 tinet
640 5849 693 5901 id
727 5866 873 5905 nunc
915 5849 1135 5922 quoque
1167 5854 1220 5908 in
1254 5856 1590 5926 quibusdam
1626 5873 1765 5919 con-

1874 5715 2129 5843 slis‘toriils,
2163 5726 2223 5771 ut
2249 5716 2448 5787 puellis
2474 5715 2681 5774 vitiatis
2711 5717 3085 5790 juramentum
3114 5728 3144 5769 a
3169 5709 3452 5785 iudicibus

1912 5802 1941 5843 e
1964 5802 2056 5843 era
2090 5803 2177 5843 ur.

1912 5802 2177 5844 etet-amr.
