3990 6452
242 381 327 447 181
1108 384 1708 448 ΕεριεδιΑδΤίαίΕ
1750 388 1802 447 Η

1913 389 2140 451 ΓΟΒῘΑΞ
2181 392 2323 456 LIB.
2372 396 2534 460 VIII.

3392 395 3493 459 182

239 502 500 556 Φλάκιτον
523 503 627 572 τῆς
662 502 879 573 ἐκείνης
898 503 1195 574 ικκλησίας
1225 505 1325 576 τὴν
1363 506 1687 576 προεδρείαν
1710 522 1805 559 κα-

1913 508 2254 575 Αιιιίοιοιιὶω,
2291 514 2388 568 sed
2426 514 2675 569 universi
2714 514 2881 570 etiam
2914 514 3069 571 orbis
3106 514 3486 586 episcOpatum

234 596 495 663 ταξιοῦσι.
549 597 760 661 Πάντες
808 597 996 666 δὲτὴν
1027 596 1249 668 ’Δρείου
1297 596 1479 669 λώΰην
1530 599 1612 660 εἰς
1640 597 1801 665 κόρον

228 684 373 759 ἦσαν
398 686 807 751 ἑκπεπωκότες,
844 686 947 741 κᾶν
968 686 1155 756 κρύφα
1186 686 1390 754 ταύτην
1432 684 1804 753 περιθάλπον-

228 796 322 842 τις
348 775 508 848 ἦσαν.
534 774 635 831 Ὧν
662 777 728 847 δὴ
759 779 921 848 χάριν
947 779 1042 831 καὶ
1064 768 1250 832 πολλοὶ
1278 778 1386 830 τῶν
1412 777 1469 829 ἐν
1498 777 1595 843 κλή
1606 793 1682 848 ρῳ
1708 778 1802 828 καὶ

232 870 525 942 ἱερωσύνῃ,
552 871 645 923 καὶ
676 871 785 924 τῶν
811 870 985 932 ἄλλως
1016 871 1272 938 ἑχόντων,
1298 870 1364 937 ὄρ
1378 886 1452 931 ως
1480 867 1527 919 δ’
1555 868 1799 920 εὐσεϐεῖν

230 963 528 1032 ᾑρημένων
554 961 756 1030 ὀρθῶς,
784 962 883 1023 τὰς
909 960 1308 1030 ἐπ’ἐκκλησίας
1339 959 1796 1022 καταλελοιπὸτες

231 1053 506 1119 συνάξεις,
539 1053 659 1107 καθ’
700 1055 929 1117 ἑαυτοὺς
971 1054 1412 1125 συνηθροίζοντο.
1459 1054 1568 1106 Kal.
1593 1054 1801 1106 Εὐστα-

231 1143 407 1197 θιαοοὶ
441 1146 499 1197 τὸ
541 1144 713 1215 ὄνομα
742 1142 910 1215 εἶχον,
956 1149 1149 1216 ἐκείνῳ
1178 1148 1241 1214 δὴ
1283 1148 1351 1200 τὰ
1385 1146 1625 1216 μάλιστα
1657 1150 1799 1215 μετὰ

232 1232 330 1303 τὴν
365 1235 546 1300 ἔξοδον
573 1236 983 1307 συναιρόμενοι.
1007 1239 1085 1291 Τὰ
1136 1238 1236 1307 μὲν
1271 1239 1336 1307 δὴ
1371 1243 1510 1291 κατά
1558 1240 1656 1310 τὴν
1683 1239 1802 1292 ’Λν-

232 1327 473 1396 τιόχειαν
499 1326 566 1380 δι’
592 1310 896 1383 Εὐστάθιον
926 1328 1211 1399 συμϐάντα
1244 1321 1345 1382 ὧδε
1381 1325 1546 1399 εἶχον.

1907 600 2157 669 recipere
2191 603 2392 672 dignus
2416 615 2583 661 esset.
2614 606 2695 660 Ad
2730 607 2988 662 eumdem
3017 608 3242 663 modum
3277 608 3488 679 synodo

1907 709 2131 765 quoque
2165 697 2407 766 scripsit.
2450 699 2518 754 Et
2551 700 2698 770 quod
2740 700 2955 756 sincera
2991 701 3098 756 ﬁde
3134 717 3259 758 esse
3293 701 3487 772 opina-

1910 798 2061 843 retur
2113 792 2496 860 presbyterum
2545 794 2906 863 Cappadocia;
2952 794 3376 864 Euphronium,
3429 804 3487 853 et

1907 877 2197 933 Arethusa:
2249 882 2326 951 (ι)
2380 882 2718 953 Georgium.
2774 886 3006 940 alterum
3064 887 3337 949 istorum,
3388 898 3487 943 aut

1907 970 2076 1023 alium
2104 981 2254 1026 certe
2282 989 2637 1043 quemquam,
2663 991 2828 1043 quem
2857 978 3027 1048 magis
3057 978 3316 1033 idoneum
3340 978 3485 1049 judi-

1904 1073 2133 1127 carent,
2184 1066 2475 1135 designare
2498 1107 2513 1132 ,
2548 1078 2605 1123 et
2635 1069 2750 1123 sedi
2800 1071 3163 1125 Antiocheam
3196 1071 3484 1142 praeficere

1904 1155 2186 1223 przecepit.
2231 1157 2413 1225 Atque
2454 1157 2530 1213 illi
2569 1167 2698 1214 ante
2735 1159 2961 1215 Eusebii
3003 1162 3337 1216 electionem
3370 1162 3482 1216 Eu-

1902 1242 2093 1298 lalium
2125 1248 2450 1317 episcopum
2484 1260 2816 1306 creaverant
2843 1269 2857 1305 :
2885 1252 2980 1321 qui
3011 1267 3136 1308 cum
3174 1254 3338 1321 paulo
3361 1262 3486 1322 post

1904 1336 2073 1391 vitam
2124 1337 2368 1403 ﬁnisset.
2407 1354 2521 1398 tum
2566 1344 2791 1400 demum
2842 1345 3142 1401 Eusebium
3181 1344 3484 1401 transferre

232 1432 676 1491 properaverant.
727 1423 886 1490 Quod
938 1425 1065 1498 quia
1119 1425 1214 1481 ille
1265 1426 1508 1497 refugit,
1587 1429 1999 1500 imperatorque
2059 1436 2481 1498 translationem
2511 1455 2632 1496 eam
2700 1441 2959 1507 inhibuit,
3032 1457 3261 1498 vacuam
3294 1444 3482 1497 sedem

232 1533 355 1571 eam
394 1518 562 1574 fuisse
603 1520 766 1576 annis
796 1521 994 1577 ordine
1019 1532 1146 1581 octo
1209 1523 1440 1581 ferunt:
1518 1525 1716 1581 deinde
1788 1527 2169 1598 Euphronium
2216 1536 2478 1592 electum.
2560 1539 2682 1605 Quo
2730 1548 2856 1609 post
2907 1555 3110 1594 annum
3162 1548 3220 1594 et
3266 1554 3487 1595 menses

231 1613 441 1684 aliquot
500 1614 780 1683 defuncto,
817 1617 1028 1674 Flacito
1061 1619 1184 1688 ejus
1218 1620 1469 1677 ecclesia:
1539 1621 1927 1691 praefecturam
1993 1630 2368 1687 commissam.
2437 1632 2647 1690 Omnes
2681 1643 2865 1690 autem
2917 1635 3121 1690 Ariana
3153 1636 3484 1706 contagione

232 1726 562 1781 magnopere
615 1724 775 1768 erant
825 1714 1013 1771 infecti
1050 1732 1068 1771 :
1126 1719 1386 1785 quamvis
1453 1719 1800 1776 clandestine
1836 1736 1957 1777 eam
1988 1724 2174 1781 fovere
2196 1728 2543 1785 viderentur.
2608 1731 2781 1802 Cujus
2814 1748 2945 1787 sane
2979 1734 3056 1788 rei
3089 1735 3261 1802 gratia
3326 1732 3484 1787 multi

232 1818 296 1857 ex
338 1804 486 1859 clero
513 1816 571 1861 et
601 1808 952 1862 sacerdotum
982 1809 1213 1876 ordine,
1286 1812 1380 1865 alii
1432 1822 1703 1882 praeterea
1774 1817 1868 1884 qui
1912 1818 2277 1876 nihilominus
2315 1833 2467 1878 recte
2500 1824 2605 1880 sibi
2638 1826 2898 1895 pietatem
2932 1826 3224 1883 colendam
3257 1826 3486 1881 statuis-

237 1899 835 1961 sent,conventibusin
859 1904 1111 1959 ecclesiis
1141 1905 1376 1970 relictis,
1437 1907 1543 1977 ipsi
1614 1924 1868 1965 seorsum
1909 1916 2408 1982 congregabantur.
2453 1918 2744 1975 Habebant
2784 1921 2821 1975 ii
2859 1898 3351 1975 Eustathianorum
3383 1936 3487 1975 no-

240 2009 376 2057 men,
408 1994 556 2065 quod
587 1998 635 2051 ei
669 2007 791 2067 post
824 1999 971 2054 illius
998 2001 1167 2057 etiam
1199 2001 1505 2059 discessum
1543 2004 1781 2060 maxime
1826 2003 2097 2063 faverent.
2168 2010 2246 2068 Ac
2272 2026 2395 2081 qua:
2453 2014 2761 2072 Antiochia:
2790 2016 2858 2073 de
2892 2015 3184 2073 Eustathio
3207 2016 3484 2080 accidere,

238 2093 350 2149 [nec
377 2103 525 2169 sunt;

785 2244 1033 2311 uaeas.
1064 2242 1215 2312 NQ”.

232 2354 369 2417 Περὶ
388 2352 505 2408 τῶν
533 2353 759 2426 Ῥώμης
788 2358 885 2410 καὶ
921 2356 1363 2426 Ἰεροσολύμων
1393 2358 1797 2426 πατριαρχῶν’

299 2427 392 2497 ἔτι
416 2425 485 2478 δὲ
535 2425 634 2479 καί
666 2428 799 2497 περὶ
851 2427 958 2494 τῆς
1013 2425 1288 2495 ἑνώσεως
1330 2425 1451 2483 τῶν
1485 2425 1801 2497 Ἀρειανῶν

299 2495 399 2549 καὶ
432 2495 817 2553 Maleum-(Br.

301 2609 623 2681 Σίλσεστρον
675 2611 734 2666 δὲ
779 2612 1157 2682 Μαρκελλίνου
1212 2614 1503 2684 πρότερον,
1555 2610 1677 2668 εἶτα
1708 2618 1817 2691 κοιλ.⁸

234 2704 527 2758 Μιλτιάδου
573 2705 659 2757 ἐπ’
713 2705 895 2772 ὀλίγον
949 2707 1306 2776 ἡγησαμένου
1350 2708 1452 2776 τῆς
1515 2709 1803 2777 Ῥωμαίων

245 2797 592 2866 Ἐκιιλησίας,
625 2798 845 2863 Ἰούλιος
869 2800 1196 2870 διαδέχεται.
1236 2802 1391 2854 Μετὰ
1418 2802 1475 2854 δὲ
1509 2801 1801 2871 Μακάρων

226 2893 320 2944 τὸν
350 2892 459 2945 τῶν
495 2891 883 2962 Ἰεροσολύμων
910 2893 1101 2965 θρόνον
1128 2894 1305 2948 διεῖπι
1334 2894 1589 2964 Μάξιμος
1609 2913 1623 2928 ·
1650 2896 1707 2948 ὃν
1736 2895 1801 2967 δὴ

230 2984 503 3056 πρότερον
541 2986 701 3054 λόγος
748 2986 885 3057 ἔχει,
929 2987 1028 3055 τῆς
1058 2989 1118 3042 ὲν
1166 2988 1457 3042 Διοσπόλει
1505 2989 1804 3058 ἐκκλησίας

231 3081 388 3149 παρὰ
417 3081 710 3150 Μακαρίου
745 3080 846 3147 τὴν
895 3081 1204 3151 ἱερωσύνην
1250 3083 1652 3153 ὲπιτραπέντα,
1680 3083 1807 3135 ἑπι-

230 3167 493 3236 σχεθῆναι
521 3171 672 3234 παρα
708 3169 819 3222 τῶν
868 3167 1345 3246 ἰιροσολυμιτῶω
1380 3168 1508 3231 Τοῖς
1537 3169 1648 3238 γὰρ
1678 3167 1805 3221 ἀνέ-

228 3260 400 3313 καθεν
446 3260 661 3329 χρόνοις
712 3261 1059 3331 ὁμολογητὴς
1109 3262 1433 3332 γενόμενος,
1496 3262 1591 3314 καὶ
1626 3260 1806 3323 ἄλλως

233 3353 437 3421 ἀγαθὸς
475 3353 551 3407 ὢν
591 3354 753 3426 ἀνὴρ,
796 3358 864 3425 τῇ
895 3354 986 3410 τοῦ
1017 3354 1149 3409 λαοῦ
1182 3355 1366 3421 κρίσει
1396 3354 1503 3407 ὑπὸ
1527 3353 1707 3423 ψῆφον
1739 3350 1806 3421 ἦν

238 3447 311 3508 ὡς
339 3447 767 3518 τελευτήσαντος
798 3449 1088 3517 Μακαρίου
1112 3446 1487 3501 ἀναλαϐέσθαι
1519 3444 1682 3499 αὑτὸν
1707 3446 1806 3514 τὴν

240 3542 558 3610 ἐπισκοπὴν.
601 3541 755 3594 Ἐπεὶ
803 3540 860 3594 δὲ
887 3541 1147 3612 στέρησιν
1198 3538 1559 3609 ὑφιστάμενοι
1582 3539 1676 3593 τοῦ
1710 3539 1803 3591 ἀν-

2399 2250 2558 2324 θω
2601 2252 2825 2311 CAPUT
2868 2253 3054 2311 XLVI.

1911 2362 1981 2416 De
2010 2362 2248 2416 Romano
2274 2374 2325 2417 et
2357 2362 2838 2431 Hierosolymitano
2886 2366 3227 2432 patriarcliis.
3256 2364 3393 2422 Ιιιηι
3421 2366 3486 2421 de

1972 2436 2301 2509 Arianorum
2356 2444 2405 2488 et
2449 2434 2853 2490 Melitianorum
2905 2437 3279 2508 conjunctione
3327 2447 3486 2509 atque

1977 2506 2189 2557 unione.

1974 2619 2241 2690 Sylvcstri
2270 2628 2458 2676 autem
2490 2620 2545 2675 in
2586 2620 2831 2680 Ecclesia
2861 2623 3129 2688 Romana,
3163 2630 3289 2678 alite
3320 2638 3485 2693 quem

1906 2717 2059 2785 prius
2084 2730 2206 2769 eam
2242 2712 2597 2772 Marcellinus
2621 2760 2636 2783 ,
2667 2716 2871 2773 deinde
2904 2717 3179 2772 Miltiades
3202 2758 3218 2782 ,
3262 2732 3370 2772 non
3411 2717 3486 2771 ita

1906 2806 1999 2860 diu
2027 2807 2488 2875 gubernaverant,
2508 2805 2690 2862 Julius
2708 2807 3001 2863 successit.
3030 2806 3159 2862 Post
3186 2806 3485 2862 Macarium

1907 2915 2043 2955 vero
2095 2906 2285 2954 sedem
2322 2898 2879 2969 Hierosolymitanam
2915 2898 3159 2956 obtinuit
3194 2899 3487 2960 Maximus,

1906 2990 2001 3061 qui
2055 3001 2221 3047 antea
2275 2991 2330 3046 in
2417 2991 2797 3062 Diospolitana
2848 2992 3120 3054 ecclesia,
3173 3006 3202 3045 a
3249 2990 3489 3046 Macario

1908 3082 2232 3149 episcopatu
2260 3090 2511 3150 accepto,
2551 3080 2770 3135 tandem
2801 3096 2830 3134 a
2864 3078 3382 3149 Hierosolymitanis
3406 3089 3489 3133 est

1908 3183 2179 3229 retentus.
2231 3173 2386 3242 Quod
2439 3175 2649 3229 ctenim
2696 3173 3087 3244 superioribus
3141 3172 3488 3242 temporibus

1908 3264 2192 3320 confessor
2231 3265 2575 3330 exstitisset,
2625 3266 2901 3336 aliterque
2954 3265 3039 3320 vir
3085 3266 3267 3321 bonus
3316 3273 3486 3331 esset,

1908 3357 2097 3429 populi
2144 3357 2423 3428 suﬂragiis
2470 3358 2794 3429 designatus
2831 3359 3048 3426 fuerat,
3100 3360 3195 3430 qui
3250 3360 3488 3415 Macario

1910 3453 2024 3507 vita
2057 3452 2277 3514 functo,
2312 3452 2694 3522 episcopatum
2731 3454 2853 3523 ejus
2887 3452 3183 3522 reciperet.
3220 3452 3324 3507 Ubi
3359 3466 3491 3508 vero

1913 3544 2279 3613 Diospolitani
2319 3544 2438 3599 viro
2467 3559 2536 3600 eo
2576 3545 2781 3611 orbati,
2816 3545 2868 3599 id
2908 3546 3052 3601 ferre
3091 3560 3196 3601 non
3244 3554 3490 3615 possent,

240 3637 356 3705 δρὸς
397 3637 494 3704 οὐχ
517 3629 700 3687 οἷοίτε
736 3635 922 3706 φέρειν
944 3632 1107 3705 ἦσαν,
1133 3637 1230 3689 καὶ
1253 3636 1456 3699 στάσις·
1475 3638 1801 3700 ἀνεκινεῖτο,

1913 3648 1961 3691 et.
1986 3647 2269 3692 certamen
2300 3645 2595 3707 propterea
2624 3647 2967 3701 moveretur,
2992 3637 3161 3691 alium
3182 3636 3490 3692 antistitem

239 3729 346 3781 δεῖν
397 3728 569 3781 ἐδόκει
600 3729 786 3796 ἕτερον
843 3729 940 3798 μὲν
993 3730 1370 3782 ὲνΔιοσπόὶ.ει
1426 3733 1800 3799 χειροτονεῖν

242 3823 490 3891 Μάξιμον
529 3823 588 3877 δὲ
629 3824 1092 3894 συμπαραμένειν
1143 3824 1220 3890 τῷ
1259 3822 1557 3892 Μακαρίῳ,
1585 3824 1679 3876 καὶ
1707 3824 1805 3885 τὰς

245 3916 522 3985 ἱερατικὰς
552 3915 929 3985 συνδιατέρειν
955 3916 1135 3986 τούτῳ
1183 3915 1474 3984 φροντίδας
1496 3932 1509 3945 ε
1551 3916 1775 3986 τελευτή
1794 3948 1807 3957 -

243 4024 434 4071 caveo;
483 4008 528 4059 δ’
562 4007 795 4070 ἐκείνου,
858 4009 950 4060 ἐπὶ
980 4008 1071 4060 τὸν
1107 4007 1301 4075 θρόνον
1337 4007 1530 4060 τοῦτον
1554 4007 1803 4074 ἀνάγειν.

245 4101 452 4155 Εἱὸἑναι
484 4100 668 4168 μέντοι
696 4098 897 4170 χρεὼν,
928 4102 1003 4163 ὡς
1044 4100 1093 4152 οἱ
1117 4100 1232 4153 τάδ’
1262 4100 1642 4169 ἡκριὸωκότες
1671 4101 1807 4168 φασὶ

244 4193 384 4246 κατὰ
415 4192 643 4263 γνώμην
680 4193 969 4263 Μακαρίου
1017 4192 1096 4262 τῷ
1127 4191 1326 4259 πλήθει
1357 4193 1426 4246 τὰ
1456 4193 1601 4266 κατᾶε
1635 4192 1809 4258 Μάξι-

248 4306 343 4358 μον
398 4286 799 4357 σπουδασθῆναι
846 4287 1309 4358 διισχυρίζονται·
1352 4286 1648 4356 μεταμέλῳ
1698 4286 1808 4356 γὰρ

244 4376 547 4449 χρήσασθαι
583 4376 677 4431 τὸν
734 4377 1022 4445 Μακάρων
1080 4374 1223 4445 μετὰ
1278 4373 1376 4441 τὴν
1422 4372 1517 4427 τοῦ
1554 4371 1808 4443 Μαξίμου

243 4471 440 4542 δηλαδὴ
490 4470 702 4527 ἑκείνου
760 4468 1121 4540 χειροτονίαν,
1174 4470 1233 4523 ἐν
1283 4466 1359 4537 νῷ
1400 4467 1626 4538 θέμενον
1662 4469 1722 4522 τό
1748 4485 1809 4521 τε

242 4562 415 4631 ὀρθῶς
461 4562 706 4628 δοξάζειν
754 4562 848 4616 τὸν
899 4560 1071 4629 ἄνδρα
1120 4562 1253 4629 περὶ
1296 4559 1457 4623 Θεοῦ,
1492 4560 1586 4613 καὶ
1615 4558 1694 4629 τῷ
1732 4558 1810 4629 τῷ

248 4657 438 4726 πλήθει
465 4656 555 4712 διὰ
583 4658 645 4710 τὸ
672 4657 1013 4727 ὀμολογητὴν
1035 4654 1375 4709 καθεστάναι
1406 4654 1609 4723 σφόδρα
1635 4654 1810 4723 φιλεῖ-

247 4753 389 4819 σθαι,
422 4752 495 4817 ὠς
517 4754 574 4816 ὲς
601 4752 702 4823 τὴν
726 4751 935 4805 ἐκείνου
970 4751 1221 4820 διαδοχὴν
1267 4748 1605 4819 τετηρῆσθαι
1639 4753 1807 4818 αναγ-

244 4848 395 4909 καῖός
416 4849 582 4901 ἐστιν.
621 4845 905 4915 ’Υπεισῄει
936 4846 1047 4912 γὰρ
1072 4844 1266 4912 ἐκείνῳ
1285 4843 1403 4905 δέος
1429 4842 1531 4895 οὐκ
1563 4842 1807 4906 ἔλαττον,

1910 3732 2307 3801 Diospolitanis
2356 3731 2701 3801 legendum:
2756 3728 3054 3784 Maximum
3104 3738 3287 3783 autem
3344 3727 3489 3796 apud

1908 3824 2227 3890 Macarium,
2250 3838 2374 3876 cum
2398 3838 2510 3892 quo
2536 3838 2641 3877 una
2664 3821 3033 3892 episcopalem
3060 3829 3278 3891 gereret
3301 3834 3490 3874 curam

1908 3929 1960 3970 et
1992 3916 2335 3972 functionem
2366 3916 2464 3985 (2),
2499 3914 2853 3970 retinendum
2887 3933 2900 3968 :
2932 3924 3102 3983 atque
3140 3912 3233 3966 ubi
3270 3911 3362 3966 ille
3391 3913 3492 3966 dco

1910 4008 2194 4072 cessisset,
2229 4018 2288 4063 ut
2321 4008 2411 4064 hic
2442 4008 2498 4063 in
2532 4008 2716 4063 locum
2749 4006 2898 4062 illius
2923 4010 3325 4076 subrogaretur
3359 4019 3494 4060 cen-

1912 4110 2167 4158 suerunt.
2204 4101 2343 4156 Illud
2370 4086 2546 4169 porro
2574 4102 2717 4156 seire
2750 4110 3011 4171 oportet,
3054 4099 3202 4169 quod
3241 4098 3335 4168 qui
3373 4099 3493 4153 haec

1911 4195 2233 4265 diligentius
2264 4194 2635 4263 inquisivere,
2671 4193 2741 4247 de
2774 4192 3047 4247 sententia
3083 4192 3305 4248 Macarii
3347 4192 3494 4245 mu]-

1914 4288 2233 4349 titudinem,
2263 4287 2412 4355 quod
2446 4286 2516 4341 de
2546 4286 2787 4341 Maximo
2819 4284 3032 4357 ingenti
3062 4284 3249 4341 studio
3281 4295 3492 4355 egerat,

1914 4378 2112 4435 fecisse
2151 4380 2506 4435 conﬁrmant.
2555 4378 2856 4433 Macarium
2900 4393 3143 4448 namque
3188 4387 3313 4447 post
3344 4378 3493 4431 illam

1911 4473 2132 4529 Maximi
2166 4472 2498 4528 electionem
2539 4470 2684 4527 haud
2717 4485 2992 4542 quaquam
3027 4470 3357 4541 poenitentia
3389 4469 3495 4523 du-

1914 4575 2064 4620 ctum
2097 4581 2240 4630 esse,
2274 4575 2443 4634 atque
2506 4579 2631 4619 cum
2661 4560 2851 4618 animo
2884 4577 2986 4617 suo
3021 4562 3491 4624 considet-autem,

1914 4668 1971 4712 et
1996 4658 2145 4728 quod
2176 4658 2263 4712 vir
2295 4658 2343 4712 is
2370 4665 2522 4712 recte
2554 4655 2623 4710 de
2656 4655 2767 4711 Deo
2799 4654 3051 4717 sentiret,
3087 4663 3143 4709 et
3172 4653 3319 4724 quod
3352 4653 3494 4707 mul-

1917 4750 2143 4807 titudini
2190 4757 2419 4820 propter
2458 4756 2686 4803 strenue
2717 4745 2931 4800 obitum
2977 4744 3343 4800 confessionis
3371 4759 3487 4798 cer-

1918 4852 2124 4901 tamen,
2152 4839 2310 4894 valde
2342 4838 2548 4892 charus
2570 4844 2738 4901 esset,
2762 4835 3085 4890 necessario
3107 4849 3233 4888 eum
3262 4835 3354 4903 qui
3390 4833 3493 4888 sibi

248 4941 340 5007 μὴ,
365 4939 582 5009 θανάτῳ
602 4938 660 4990 τὸ
685 4937 785 5008 ζῇν
828 4936 1259 5001 ὺπαλλάξαντος,
1295 4935 1344 4987 οξ
1379 4934 1509 5003 περὶ
1547 4935 1805 4987 Εὖσέὂιον

1913 4933 2260 4995 succederet,
2294 4931 2641 4986 retinendum
2667 4944 2789 4985 esse
2813 4928 3116 4985 censiiissc.
3145 4926 3262 4981 Non
3294 4943 3497 4997 parvus

242 5032 336 5085 καὶ
360 5030 697 5101 Πατρόφιλον
730 5030 1077 5100 ἁρπάσαντες
1108 5029 1202 5082 τὸν
1224 5032 1441 5097 καιρὸν,
1464 5028 1573 5080 τινὶ
1598 5026 1706 5079 τῶν
1745 5028 1811 5079 τὰ

252 5124 463 5193 Ἀρείου
497 5122 839 5191 φρονούντων
864 5122 962 5193 τὴν
988 5121 1201 5175 ἐκείνου
1228 5120 1539 5190 ἐπισκοπὴν
1566 5118 1810 5188 ἐγχειρί-

242 5235 394 5271 σειαν
416 5232 430 5247 ·
455 5218 576 5270 ἐπεί
605 5216 687 5269 τοί
717 5234 778 5284 γε
807 5216 1061 5271 κάκείνου
1090 5215 1378 5282 περιόντος
1407 5215 1512 5279 ἔτι,
1552 5212 1807 5281 νεωτερί-

242 5307 354 5370 ζειν
388 5307 645 5378 ἤρξαντο.
714 5305 1131 5373 Ἀφορισθέντες
1203 5304 1259 5357 δὲ
1295 5301 1428 5372 παρ’
1467 5303 1657 5365 αὑτοῦ,
1711 5303 1809 5372 τὴν

242 5400 553 5471 ἐρεσχελίαν
605 5399 918 5454 ἀπώσαντο.
956 5401 1124 5454 Οὔπω
1154 5400 1198 5453 δ’
1244 5397 1326 5451 ἔτι
1361 5400 1453 5451 καὶ
1484 5398 1513 5467 ή
1544 5399 1602 5449 ὲν
1641 5398 1811 5464 Αἰγύ-

248 5513 365 5563 πτῳ
419 5494 704 5564 κινηθεῖσα
759 5495 971 5565 ταραχὴ
1015 5493 1366 5564 κατεστάλη·
1437 5494 1469 5562 ἠ
1544 5493 1643 5561 μὲν
1703 5492 1812 5561 γὰρ

257 5590 463 5659 Ἀρείου
489 5588 706 5660 αἵρεσις
734 5587 887 5657 παρὰ
913 5587 1012 5655 τῆς
1038 5589 1094 5638 ἐν
1126 5585 1331 5656 Nutan
1354 5587 1574 5637 συνόδου
1599 5585 1811 5653 ἀπεκη-

315 5791 387 5864 (ι)
414 5790 704 5864 Arethusa;
730 5787 896 5859 Syriae
924 5772 1210 5864 oppidum.
1367 5858 1377 5864 _
1481 5856 1489 5864 .

319 5863 394 5934 (ἐ)
429 5862 548 5917 Duo
588 5858 785 5916 eodem
836 5868 1081 5929 tempore
1132 5858 1527 5927 llicnrisolymis
1578 5868 1811 5910 consen-

1916 5027 2062 5083 cnim
2093 5027 2183 5081 ille
2216 5025 2460 5080 animum
2494 5024 2616 5093 ejus
2645 5023 2818 5078 subiit
2849 5032 3050 5086 metus,
3079 5038 3146 5075 ne
3177 5020 3297 5089 ipso
3320 5030 3496 5075 morte

1915 5121 2174 5185 sublato,
2237 5117 2511 5173 Eusebius
2569 5126 2625 5171 et
2677 5117 3030 5187 l'atrophilus
3080 5115 3497 5185 opportunitate

1916 5213 2183 5283 temporis
2227 5222 2470 5280 arrepta,
2517 5211 2682 5265 alicui
2730 5227 2799 5264 ex
2848 5210 3067 5264 Arianis
3111 5209 3493 5278 epiSCOpalum

1915 5322 2077 5362 suum
2127 5303 2501 5359 concederent
2533 5321 2545 5357 :
2575 5303 3053 5372 quandoquidem,
3099 5317 3158 5356 se
3193 5300 3376 5355 adhuc
3407 5315 3500 5353 su-

1919 5397 2147 5468 perstite
2169 5436 2182 5459 ,
2223 5409 2393 5449 novas
2439 5409 2526 5446 res
2559 5394 2741 5448 moliri
2777 5394 3077 5462 cmpissent
3110 5411 3122 5445 :
3161 5406 3216 5446 et
3247 5409 3275 5445 τι
3314 5408 3373 5447 sc
3403 5406 3498 5444 ex-

1924 5486 2351 5546 communicati.
2404 5501 2577 5556 nugas
2630 5486 2851 5540 tandem
2902 5502 3031 5541 suas
3084 5484 3493 5555 repudiassent.

1923 5580 2177 5636 Nondum
2210 5594 2359 5640 vero,
2391 5578 2485 5647 qui
2519 5578 2570 5631 in
2603 5577 2842 5648 .IEgypm
2875 5591 3096 5646 quoque
3127 5582 3351 5628 coortus
3378 5573 3499 5626 l‘ue-

1920 5785 2119 5836 tientcs
2144 5778 2411 5849 episcopi,
2440 5779 2601 5833 sicuti
2630 5777 2911 5849 apmlr‘nos
2959 5774 3503 5849 quoque__coadjuto-

1919 5870 2006 5909 res
2029 5842 2231 5907 assumi
2263 5842 2459 5905 solent.
2498 5842 2739 5919 (Sozom.
2770 5847 2866 5903 lib.
2903 5861 2959 5910 ιι,
2982 5842 3115 5915 cap.
3153 5842 3268 5913 9.0.)
