3990 6442
324 388 425 455 195

1252 381 1853 448 ECCLESIASTIOF.
1895 381 2291 441 HISTORLE
2336 382 2479 445 LIB.
2528 382 2688 445 VIII.

3477 373 3580 443 196

316 509 411 562 τοῦ
436 507 788 579 κρατοῦντος,
818 505 886 575 ἢν
940 503 1180 566 Λικίνιος
1231 504 1309 564 εἰς
1364 504 1545 570 γάμου
1605 499 1895 553 κοινωνίαν

2010 497 2139 552 toris
2171 498 2346 551 sorori
2373 541 2386 562 ,
2417 514 2579 568 quam
2612 497 2858 553 Licinius
2905 499 2958 552 in
2991 495 3341 553 matrimonio
3372 495 3586 550 habue-

318 592 453 671 εἶχε,
488 599 728 666 συνήθης
764 599 859 649 καὶ
895 596 1046 664 φίλος
1069 591 1157 666 ἦν.
1208 593 1305 646 Ἐκ
1328 593 1383 646 δὲ
1415 594 1512 661 τῆς
1549 591 1685 662 πρέλς
1718 591 1888 659 αὖτὴν

318 692 534 763 ὁμιλίας
586 688 789 758 πολλὴν
844 687 1161 757 παρρησίαν
1216 686 1585 754 κτησάμενοτ,
1620 683 1727 734 τῶν
1760 683 1889 748 περὶ

321 784 578 840 Εὐσέϐιον
607 780 1084 851 εἰσηγησαμένων,
1121 778 1248 845 περὶ
1281 776 1494 846 Ἀρείου
1531 775 1723 842 λόγους
1744 789 1889 837 παρ-

325 879 569 944 ἐσπειρε,
606 874 678 942 μὴ
710 872 891 935 καλῶς
928 874 992 924 τὲ
1022 869 1145 922 κατ’
1171 871 1379 922 ἐκεῖνον
1418 865 1749 935 γεγενῆσθαι
1784 863 1891 929 φά-

325 983 489 1017 σκων.
531 964 623 1015 Διὰ
649 963 843 1031 φθόνον
893 961 950 1012 δὲ
998 962 1092 1012 καὶ
1124 956 1462 1029 ζηλοτυπίαν
1510 954 1889 1023 Ἀλεξάνδρου,

323 1059 499 1123 φυγήν
530 1072 588 1108 τε
614 1057 713 1118 τῆς
738 1052 1014 1123 πατρίδος,
1052 1052 1144 1104 καὶ
1175 1051 1276 1119 τῆς
1297 1047 1625 1113 Ἐκκλησῐαί
1674 1045 1890 1099 ἔκπτω-

326 1168 409 1202 σιν
433 1147 845 1217 κατακριθέντα,
884 1146 1114 1198 παθεῖν·
1146 1144 1241 1197 καὶ
1296 1140 1420 1211 μηδ’
1452 1139 1597 1193 οὕτω
1645 1140 1889 1209 φρονεῖν,

325 1242 396 1303 ὡς
426 1242 452 1293 δ
478 1241 640 1302 πολὺς
663 1238 773 1308 ἔχει
798 1239 977 1306 λόγος.
1003 1234 1207 1305 Ἀληοῆ
1239 1235 1294 1287 δὲ
1321 1233 1494 1286 ταῦτα
1534 1234 1568 1302 ἡ
1596 1233 1893 1284 Κωνστανο

325 1332 415 1384 τία
446 1331 731 1398 νομίσασα,
764 1324 877 1398 εἷχε
913 1328 1042 1399 παρ’
1065 1328 1254 1395 ἑαυτῇ.
1282 1324 1394 1378 Καὶ
1413 1323 1761 1391 νεωτερίζειν
1794 1319 1893 1388 μὲν

328 1424 426 1474 οὐκ
456 1423 675 1488 ἐτόλμα,
729 1420 1086 1488 τὸνβασιλέα
1140 1417 1368 1488 στερρὸν
1420 1415 1607 1486 δρῶσα
1654 1414 1780 1482 περὶ
1824 1410 1894 1462 τά

326 1514 551 1577 δῖξαντα
588 1515 650 1581 τῇ
684 1512 887 1578 συνόδῳ
909 1527 924 1542 ·
947 1512 1041 1563 καὶ
1079 1511 1136 1562 ἐν
1160 1510 1272 1577 ὅσῳ
1304 1506 1523 1575 περιῆν,
1558 1504 1702 1557 οὕτω
1736 1503 1893 1571 δόξης

328 1608 386 1657 ἐν
415 1605 706 1678 ἀπορρήτῳ
742 1601 890 1673 εἶχεε
929 1604 1071 1673 νόσῳ
1127 1604 1184 1656 δὲ
1232 1602 1444 1673 χαλεπῇ
1492 1595 1894 1669 περιπεσοῦσα,

331 1698 566 1766 συνεχῶς
601 1698 872 1765 φοιτῶντα
892 1697 986 1749 τὸν
1012 1696 1240 1763 ἀδελφὺν
1284 1693 1607 1747 τελευταίαν
1640 1691 1760 1762 ᾔτει
1795 1691 1897 1758 χά-

335 1807 441 1859 ριν,
467 1792 555 1842 τὸν
585 1790 954 1860 πρεσῦύτερον
986 1794 1044 1844 ἐν
1077 1792 1190 1853 τοῖς
1220 1790 1448 1852 οἰκείοις
1481 1788 1649 1857 ἔχειν,
1692 1785 1895 1849 πολλὴν

330 1885 522 1954 ἐκείνῳ
548 1885 645 1952 τὴν
677 1884 965 1937 εὐλάϐειαν
1003 1881 1364 1954 μαρτυροῦσα
1384 1899 1396 1911 ·
1445 1881 1623 1949 ὀρθῶς
1643 1896 1705 1932 τε
1739 1877 1894 1942 δοξά-

334 1978 465 2038 ζειν,
490 1976 582 2027 καὶ
608 1974 891 2028 ἀνόθευτον
916 1975 973 2027 τὸ
993 1976 1127 2043 πρὸς
1149 1974 1358 2026 ἐκεῖνον
1386 1971 1574 2025 εὔνουν
1593 1970 1892 2040 διατηρεῖν·

333 2068 427 2117 καὶ
468 2064 708 2134 οἴχεσθαι
764 2066 862 2135 μὲν
919 2067 1020 2136 ήδη
1059 2065 1300 2132 ἐκείνην,
1364 2063 1624 2135 ὀρρωδεῖν
1682 2062 1737 2113 δὲ
1770 2059 1901 2128 περὶ

333 2157 540 2209 ἐκεῖνον
578 2157 649 2226 μή
685 2173 738 2209 τι
775 2155 958 2222 πάθοι,
990 2154 1423 2226 διεμαρτύρετο*
1451 2154 1532 2207 ὅτι
1562 2168 1626 2219 γε
1656 2149 1902 2210 πεισθείς

337 2266 470 2311 τισι,
510 2249 738 2315 σεμνοὺς
783 2246 982 2316 ἄνδρας
1029 2246 1181 2316 ἀϊδίῳ
1213 2248 1360 2316 φυγῇ
1396 2244 1695 2313 ἐζημίωσε.
1732 2240 1898 2307 Καλή

338 2341 436 2408 μὲν
464 2339 691 2391 τοιαῦτα
744 2337 983 2406 λέγουσα
1029 2338 1287 2390 ἐτελεύτα
1309 2352 1324 2368 ·
1380 2338 1407 2388 ὁ
1443 2335 1500 2386 δὲ
1532 2331 1903 2402 πρεσϐύτερος

334 2430 646 2500 παρξησίας
701 2429 953 2484 ἐντεῦθεν
1009 2428 1211 2499 τυχὼν,
1278 2428 1462 2497 ἡρέμα
1518 2427 1645 2486 τοὺς
1703 2425 1904 2482 αὐτοὺς

332 2523 360 2575 ἐ
380 2520 502 2573 ιίνει
526 2522 652 2588 περὶ
674 2519 892 2589 Ἀρείου
924 2520 1111 2583 λόγους
1132 2518 1209 2587 τῷ
1241 2517 1468 2587 βασιλεῖ,
1504 2514 1595 2574 οὓς
1626 2515 1688 2579 δὴ
1717 2515 1807 2565 καὶ
1833 2516 1901 2582 τῇ

333 2614 534 2682 ἀδελφῇ
588 2614 795 2666 ἐκείνου
852 2615 1063 2676 ἀνεῖπε,
1096 2613 1169 2683 μή
1198 2630 1250 2664 τι
1286 2610 1435 2679 παρὰ
1470 2609 1537 2661 τὰ
1577 2606 1806 2672 δόξαντα
1833 2608 1900 2676 τῇ

338 2706 542 2775 συνόδῳ
572 2708 790 2775 φρονεῖν
835 2706 928 2758 καὶ
971 2705 1061 2756 τὸν
1099 2706 1318 2772 Ἀρειον
1342 2719 1357 2733 ο
1412 2701 1634 2754 ἐλθόντα
1675 2717 1756 2761 τε,
1787 2702 1905 2765 εἴγε

337 2795 636 2859 κελεύσειε,
665 2794 861 2858 δείξειν
885 2794 1063 2862 ἀληθῆ
1086 2795 1228 2845 κατὰ
1252 2792 1566 2860 πρόσωπον,
1593 2790 1667 2850 ὡς
1689 2790 1905 2854 ἀλόγως

340 2888 752 2954 συκοφαντοῖτο.
801 2887 857 2939 '0
887 2885 943 2938 δέ
971 2884 1244 2955 βασιλεὺς,
1283 2883 1395 2936 εἴτε
1429 2886 1496 2952 τῇ
1520 2883 1723 2951 ἀδελφῇ
1750 2898 1910 2951 χαρι-

338 2978 583 3046 ζόμενος,
625 2979 735 3030 εἴτε
767 2977 861 3030 καὶ
893 2978 1142 3040 πεισθεὶς
1173 2978 1286 3038 τοῖς
1320 2974 1634 3045 εἰρημένοις
1655 2973 1732 3042 τῷ
1768 2989 1907 3043 πρε-

341 3069 607 3140 σϐυτέρῳ,
672 3086 691 3120 ε
726 3071 788 3122 El
843 3070 1084 3138 Ἀρειος,
1122 3067 1250 3138 ἔφη,
1321 3066 1631 3120 συντίθεται
1687 3066 1755 3117 τὰ
1808 3065 1908 3127 τῆς

1992 599 2097 651 rat,
2137 590 2420 645 familiaris
2458 600 2599 653 erat,
2643 599 2700 646 et
2743 592 2972 646 amicus.
3009 591 3059 646 Is
3102 578 3167 643 ex
3217 589 3582 644 familiaribus

1996 682 2309 749 colloquiis,
2343 698 2466 735 cum
2516 685 2684 738 multa
2725 686 2871 753 apud
2922 701 3049 740 eum
3082 692 3330 738 uteretur
3361 697 3579 738 sermo-

1994 786 2127 826 num
2160 774 2431 836 libertate,
2481 775 2626 829 illata
2673 777 2969 845 aliquando
3005 777 3228 831 Eusebii
3278 775 3578 837 mentione,

1996 865 2065 919 de
2095 867 2226 919 Ario
2251 883 2470 937 qunque
2504 869 2671 922 verba
2689 869 2957 938 aspersit,
3007 869 3188 923 minus
3212 880 3363 924 recte
3397 869 3465 923 de
3511 882 3580 920 eo

1997 966 2265 1012 statutum
2316 972 2437 1013 esse
2489 960 2727 1014 dicens:
2794 977 2890 1028 per
2945 960 3206 1014 invidiam
3266 960 3473 1030 quippe
3528 969 3582 1012 et

1998 1050 2408 1103 annulationem
2443 1049 2733 1104 Alexandri
2763 1053 3102 1116 damnatum,
3137 1052 3301 1107 simul
3331 1060 3388 1106 et
3419 1067 3448 1104 a
3481 1065 3579 1118 pa-

2001 1141 2106 1195 tria
2136 1142 2402 1207 exsulem,
2448 1152 2505 1195 et
2537 1142 2606 1195 ab
2658 1143 2889 1198 ecclesia
2934 1154 3233 1205 extorrem,
3273 1144 3326 1197 in
3359 1143 3577 1197 miseria

1998 1234 2208 1299 vivere,
2266 1248 2434 1303 seque
2472 1233 2696 1303 indigna
2751 1236 2857 1304 pati
2898 1275 2914 1299 ,
2969 1251 3145 1302 neque
3188 1250 3251 1289 ea
3291 1249 3435 1297 esse,
3470 1250 3576 1303 qua

2000 1326 2248 1396 plerique
2286 1326 2533 1391 credant,
2583 1327 2864 1396 opinione.
2919 1328 3044 1382 llaec
3093 1344 3216 1381 vera
3266 1343 3388 1382 esse
3435 1328 3584 1380 (‘on-

1997 1419 2201 1473 stantia
2255 1419 2559 1482 arbitrata,
2627 1420 2772 1488 apud
2834 1420 3070 1487 seipsam
3140 1420 3360 1473 celavit.
3426 1417 3581 1472 Nihil

1998 1508 2146 1561 enim
2201 1522 2401 1562 novare
2453 1508 2724 1571 audebat,
2768 1509 3152 1563 confirmatum
3202 1523 3324 1563 esse
3373 1510 3580 1568 sciens.

1998 1601 2360 1670 Stabilemque
2423 1602 2477 1656 in
2538 1603 2731 1667 synodi
2795 1603 3032 1657 decretis
3074 1601 3585 1672 imperatorem.Et

2000 1693 2243 1762 quandiu
2279 1703 2563 1762 superstes
2595 1695 2719 1759 fuit,
2762 1704 2963 1750 tectam
2999 1696 3330 1764 tacitamque
3367 1695 3584 1761 Opinio-

2005 1801 2129 1840 nem
2161 1801 2281 1840 eam
2311 1786 2521 1840 habuit.
2546 1786 2615 1842 At
2644 1787 2734 1840 ubi
2765 1788 2916 1857 gravi
2949 1797 3031 1841 est
3063 1802 3324 1856 oppressa
3365 1787 3583 1847 morbo,

2007 1897 2035 1933 a
2074 1881 2243 1933 fratre
2288 1878 2607 1948 frequenter
2635 1894 2754 1934 eam
2803 1878 3049 1942 visente,
3095 1892 3411 1948 supremam
3444 1878 3587 1930 hanc

2004 1972 2163 2041 petiit
2193 1970 2445 2039 gratiam,
2483 1979 2542 2024 ut
2591 1970 2971 2039 presbyterum
2998 2012 3013 2034 ,
3062 1970 3131 2025 de
3173 1970 3331 2041 cujus
3388 1969 3586 2024 eximia

2005 2065 2205 2134 pietate
2265 2063 2689 2127 testificabatur,
2745 2062 3070 2116 familiarem
3111 2063 3390 2116 haberet:
3439 2071 3587 2116 recte

2002 2171 2130 2211 eum
2178 2156 2405 2218 sentire,
2458 2155 2839 2224 sinceramque
2887 2154 2938 2207 ei
2974 2154 3419 2208 benevolentiam
3454 2169 3585 2207 con-

2004 2259 2349 2303 servaturum
2407 2260 2573 2301 esse:
2639 2261 2699 2300 se
2749 2247 2973 2315 quidem
3027 2246 3138 2313 jam
3180 2245 3451 2300 decedere
3486 2264 3499 2298 :
3533 2248 3587 2299 ei

2004 2354 2155 2403 vero,
2189 2354 2256 2390 ne
2288 2335 2417 2406 quid
2456 2345 2759 2405 pateretur,
2808 2335 3104 2389 admodum
3153 2344 3399 2390 metuere
3441 2332 3585 2387 aﬂir-

2005 2447 2182 2493 mans,
2233 2430 2379 2500 quod
2439 2445 2470 2482 a
2518 2430 2800 2483 nonnullis
2826 2444 3144 2498 persuasus,
3191 2427 3343 2481 viros
3394 2441 3589 2502 graves

2004 2531 2269 2591 perpetuo
2303 2522 2589 2575 multasset
2624 2520 2842 2574 exsilio.
2891 2520 3069 2589 Atque
3122 2518 3214 2573 illa
3268 2518 3356 2572 bis
3398 2517 3584 2580 dictis,

2002 2615 2131 2670 fatis
2144 2615 2436 2669 concessit.
2456 2615 2746 2685 Presbyter
2769 2628 2898 2667 vero
2921 2612 3177 2667 libertate
3201 2612 3326 2664 inde
3344 2620 3588 2679 sumpta,

2005 2708 2269 2777 paulatim
2324 2708 2546 2761 eosdem
2589 2708 2731 2775 apud
2783 2706 3172 2776 imperatorem
3225 2705 3483 2759 movebat
3518 2703 3589 2757 de

2008 2803 2139 2854 Ario
2168 2815 2474 2861 sermones,
2505 2814 2645 2868 quos
2693 2798 2758 2851 ad
2802 2813 3049 2851 sororem
3079 2810 3300 2866 quoque
3339 2797 3459 2865 ejus
3490 2795 3591 2848 du—

2008 2892 2136 2946 dum
2164 2893 2465 2947 retulerat:
2494 2892 2633 2946 nihil
2663 2891 2875 2946 scilicet
2909 2900 3102 2944 contra
3135 2889 3331 2960 synodi
3360 2889 3586 2944 decreta

2011 2985 2199 3039 Arium
2250 2983 2501 3038 sentire:
2537 2983 2851 3039 venientem
2897 2997 3049 3046 eum,
3107 2980 3152 3035 si
3203 2982 3322 3049 ipse
3372 2981 3589 3049 jubrat,

2009 3093 2139 3132 vera
2166 3078 2281 3131 haec
2303 3091 2454 3141 esse;
2489 3084 2547 3129 et
2580 3073 2728 3144 quod
2762 3083 2962 3142 przeter
2985 3072 3252 3126 rationem
3280 3071 3593 3140 schphan-

340 3162 559 3215 συνόδου
592 3164 829 3232 φρονεῖν,
857 3161 1083 3232 δέχομαι
1121 3162 1333 3223 τοῦτον,
1370 3162 1465 3214 καὶ
1498 3162 1631 3227 τιμῇ
1655 3161 1720 3227 τῇ
1757 3157 1904 3225 πάσῃ

2013 3168 2084 3221 tia
2115 3166 2532 3220 circumventus
2555 3162 2651 3226 sit,
2695 3160 2751 3214 in
2779 3160 2974 3223 faciem
3002 3168 3381 3213 ostensurum.
3415 3157 3596 3224 Impe-

342 3251 479 3320 πρὸς
514 3254 612 3318 τὴν
645 3250 1062 3322 ’Δλεξάνδρειαν
1095 3250 1259 3313 εὐθὺς
1296 3248 1668 3316 καταπέμψω.
1698 3265 1716 3298 ι
1742 3245 1909 3298 Ταῦτ’

343 3340 533 3407 εἰπὼν,
569 3343 662 3396 καὶ
691 3342 915 3396 τοιαῦτα
951 3343 1086 3411 πρὸς
1120 3342 1283 3394 αὐτὸν
1320 3340 1537 3409 ἔπεμπε
1566 3339 1871 3408 γράμματα
1894 3351 1908 3368 ⁸

347 3452 369 3485 ι
392 3435 636 3507 Νικητὴς
664 3436 1072 3499 Κωνσταντῖνος
1105 3436 1379 3502 Μέγιστος
1402 3432 1672 3493 Σεϐαστὸς
1691 3429 1908 3500 Ἀρείῳ.

343 3525 519 3580 Πάλαι
557 3527 656 3595 μὲν
689 3527 934 3596 ἐδηλώθη
960 3530 1026 3598 τῇ
1060 3526 1382 3598 στερρότητι
1411 3542 1527 3590 σου,
1558 3526 1707 3588 ὅπως
1735 3523 1801 3577 ἂν
1832 3525 1914 3586 είς

344 3621 407 3672 τὸ
437 3619 570 3688 ἐμὸν
597 3620 962 3690 στρατόπεδον
979 3621 1217 3689 ἀφίκοιο,
1245 3620 1331 3673 ἵνα
1352 3621 1449 3686 τῆς
1483 3618 1759 3688 ἡμετέρας
1785 3616 1915 3678 θέας

341 3708 650 3762 ἀπολαῦσαι
673 3709 1001 3781 δυνηθείηςο
1060 3709 1420 3779 θαυμάζομεν
1465 3710 1522 3762 δὲ
1572 3709 1796 3777 σφόδρα,
1838 3705 1914 3776 μὴ

348 3803 691 3874 παραχρῆμα
743 3804 903 3857 τοῦτο
933 3804 1301 3874 πεποιηκότα.
1358 3802 1563 3870 Διόπερ
1593 3799 1687 3852 νῦν
1717 3800 1915 3860 ἐπιϐάς

344 3897 621 3964 ὀχήματος
681 3895 967 3965 δημοσίου,
1025 3895 1106 3958 είς
1153 3895 1217 3947 τὸ
1244 3893 1517 3965 ἡμέτερον
1550 3891 1915 3961 στρατόπεδον

346 3988 638 4053 ἀφικέσθαι
693 3987 1000 4057 ἐπείχθητι.
1052 3988 1206 4048 ὅπως
1242 3986 1308 4039 ἂν
1333 3986 1432 4055 τῆς
1473 3984 1605 4054 παρ’
1639 3984 1799 4053 ἡμῶν
1825 3983 1918 4034 εύ-

346 4077 494 4138 νοίας
522 4093 583 4128 τε
618 4077 712 4129 καὶ
743 4077 1065 4144 ἐπιμελείας
1117 4078 1318 4145 τυχὼν,
1371 4076 1465 4128 ἐπὶ
1525 4076 1626 4144 τὴν
1682 4074 1918 4144 πατρίδα

345 4170 637 4236 ἀφικέσθαι
670 4169 924 4239 δυνηθῇς.
993 4167 1051 4221 ’0
1087 4168 1221 4230 Θεός
1279 4186 1338 4221 σε
1367 4168 1743 4236 διαφυλάττοι,
1775 4169 1915 4233 ἁγα-

348 4261 508 4331 πητὲ.
542 4261 727 4330 Ἐδόθη
754 4263 820 4331 τῇ
852 4262 958 4330 πρὸ
980 4261 1141 4314 πέντε
1164 4261 1462 4315 Καλανδῶν
1494 4259 1867 4328 Δεκεμϐρίων.
1894 4278 1912 4310 ι

360 4356 422 4407 Ἠ
461 4357 559 4420 μὲν
611 4353 704 4407 οὖν
752 4353 1011 4423 ἐπιστολὴ
1047 4353 1138 4406 τοῦ
1195 4352 1461 4423 βασιλέως
1492 4351 1667 4422 αὕτησ
1709 4353 1836 4420 ἐμοὶ
1871 4351 1914 4402 δ’

345 4446 529 4500 ἔπεισι
557 4444 859 4515 θαυμάζειν
893 4445 986 4497 τὸν
1014 4445 1147 4513 περὶ
1178 4445 1277 4512 τὴν
1316 4443 1603 4496 εὑσὲὗειαν
1632 4443 1728 4496 τοῦ
1759 4442 1917 4512 βασι-

350 4537 485 4598 λέως
508 4534 669 4605 ζῆλον
690 4552 702 4564 ·
757 4534 907 4587 δοκεῖ
933 4533 1045 4602 γάρ
1097 4534 1157 4597 ἐξ
1186 4527 1262 4586 ὧν
1293 4535 1517 4601 γράφει,
1545 4533 1621 4596 ὡς
1654 4533 1916 4595 πολλάκις

348 4627 512 4679 αὑτὸν
544 4626 828 4695 μετανοεῖν
854 4624 1226 4695 προετρέπετο
1247 4637 1262 4653 ⁶
1298 4624 1393 4677 καὶ
1419 4628 1474 4677 ὲν
1508 4625 1717 4693 μέμψει
1748 4627 1921 4677 ποιεῖ-

346 4736 434 4771 ται
467 4713 549 4782 οἷς
605 4718 867 4781 πολλάκις
910 4717 1224 4786 γράψαντος
1260 4715 1363 4769 οὐκ
1392 4716 1709 4785 ἐπανῆλθεν.
1735 4718 1824 4769 ea
1861 4717 1922 4768 τὸ

350 4811 568 4882 ἀληθές.
627 4809 865 4871 Ἐκεῖνος
929 4809 976 4861 δ’
1027 4804 1120 4862 οὖν
1174 4810 1241 4861 τὰ
1264 4809 1575 4878 γράμματα
1603 4808 1921 4875 δεξάμενος,

355 4905 571 4971 σύναιμα
598 4901 820 4970 Εὐζωῖῳ
855 4900 956 4969 τὴν
1011 4900 1430 4955 Κωνσταντίνου
1476 4903 1803 4955 κατέλαϐεν.
1863 4902 1922 4954 Ὀ

351 4997 406 5048 δὲ
435 4994 673 5058 Εὑςὼῖος
710 4995 957 5057 διάκονος
991 4990 1081 5062 ἦν,
1134 4995 1239 5047 ὑπὸ
1272 4994 1630 5062 Ἀλεξάνδρου
1658 4988 1923 5064 καθαιρε-

350 5089 465 5149 θεὶς
499 5088 595 5141 καὶ
619 5089 804 5151 αὐτὸς,
855 5088 1020 5157 ἡνίκα
1044 5089 1172 5151 τοὺς
1226 5088 1357 5156 περὶ
1391 5089 1454 5140 Ἀ
1468 5105 1613 5157 ρειον
1646 5088 1922 5145 καθεῖλεν.

364 5183 423 5235 Ὀ
446 5180 503 5233 δὲ
527 5181 781 5251 βασιλεὺς
811 5183 891 5243 εἰς
926 5181 1218 5249 πρόσωπον
1258 5178 1482 5241 τούτους
1519 5180 1834 5249 δεξάμενος,
1873 5181 1923 5233 εἰ

352 5278 419 5345 τῇ
452 5276 632 5327 πίστει
696 5273 1058 5337 συντίθενται,
1088 5275 1332 5342 διηρώτα
1356 5289 1371 5305 ·
1425 5271 1533 5325 τῶν
1569 5272 1626 5324 δὲ
1655 5273 1921 5341 συνθεμέ-

352 5386 480 5429 νων,
501 5366 717 5436 γραφὴν
749 5366 968 5419 ἐκέλευε
992 5369 1316 5435 παρασχεῖν,
1336 5364 1371 5419 ἃ
1402 5364 1675 5429 δοξάζοιεν
1696 5366 1928 5429 διεξιοῦ-

306 5458 335 5481 ⁶
356 5479 454 5514 σαν
480 5462 608 5530 περὶ
633 5458 788 5514 Θεοῦ.
816 5462 879 5511 υἱ
908 5458 1086 5529 δὲτὴν
1118 5462 1394 5528 προτέραν
1426 5460 1775 5522 ἐκκλίναντες
1803 5460 1922 5512 ὁδὸν

356 5548 684 5621 ὦνεὺρεταὶ
733 5554 1024 5623 νοημάτων
1072 5548 1236 5623 ἦσαν,
1270 5553 1459 5614 ἁπλοῖς
1483 5568 1595 5603 τισι
1625 5553 1721 5605 καὶ
1752 5554 1924 5618 ἐγκω-

358 5648 577 5715 ομένοις
633 5646 838 5715 ῥήμασι
882 5645 980 5716 τῆς
1029 5646 1393 5698 θεοπνεύστου
1426 5645 1648 5716 Γραφῆς
1703 5644 1923 5698 ἔκθεσιν

427 5826 500 5894 (ί)
536 5824 743 5883 Socrat.
781 5826 870 5880 lib.
912 5846 943 5890 ι,
979 5842 1095 5894 cap.
1124 5825 1212 5877 “253.

2014 3256 2335 3323 rator,‘sive
2362 3253 2539 3309 sorori
2569 3251 2907 3322 gratiﬁcans,
2957 3265 3053 3306 seu
3085 3248 3391 3321 presbyteri
3424 3247 3591 3301 dictis

2014 3349 2298 3406 credens:
2362 3366 2380 3398 ι
2422 3345 2478 3401 Si
2521 3330 2724 3409 Arius,
2773 3344 2991 3414 inquit,
3044 3343 3260 3412 recipit,
3319 3341 3593 3409 fidemque

2014 3438 2166 3501 facit,
2213 3451 2274 3492 se
2305 3451 2431 3492 cum
2466 3435 2675 3507 synodo
2730 3435 2956 3498 sentire,
3011 3433 3226 3501 accipio
3279 3430 3588 3491 hominem,

2014 3545 2141 3586 cum
2167 3529 2379 3584 honore
2413 3528 2567 3582 omni
2596 3526 2986 3583 Alexandriam
3019 3540 3149 3581 eum
3181 3527 3539 3581 remissurus.
3568 3542 3586 3574 ι

2015 3624 2098 3679 Ad
2143 3624 2262 3678 haec
2295 3622 2461 3676 verba
2496 3620 2712 3675 litteras
2742 3634 2965 3690 quoque
2988 3618 3262 3689 ejusmodi
3312 3618 3379 3673 ad
3438 3616 3592 3671 illum

2016 3716 2268 3771 addidit:
2305 3733 2325 3767 ι
2364 3715 2551 3769 Victor
2581 3712 2975 3768 Constantinus
3016 3710 3285 3767 Maximus
3315 3711 3596 3781 Augustus

2017 3805 2172 3858 Ario.
2223 3803 2563 3872 Jampridem
2608 3802 2852 3856 firmitati
2909 3812 3037 3867 tuae,
3072 3809 3130 3855 ut
3180 3802 3235 3855 in
3284 3801 3466 3855 aulam
3498 3816 3597 3853 no-

2016 3906 2185 3951 stram
2213 3895 2450 3957 venires,
2476 3905 2532 3949 et
2557 3903 2854 3965 conspectu
2889 3904 3079 3949 nostro
3113 3893 3370 3966 fruerere
3389 3934 3404 3956 ,
3432 3891 3599 3964 644

2017 3989 2385 4059 significatum
2416 3998 2520 4043 est.
2556 3987 2713 4054 Quod
2753 3996 2804 4042 te
2842 3986 2996 4043 illico
3044 4003 3156 4042 non
3185 3986 3406 4050 fecisse,
3437 3985 3597 4039 valde

2021 4081 2308 4134 miramur.
2367 4079 2557 4148 Itaque
2594 4081 2672 4147 (l)
2721 4079 2945 4148 publico
2977 4079 3234 4134 vehiculo
3268 4091 3596 4138 conscenso,

2019 4174 2086 4227 ad
2122 4173 2300 4225 aulam
2324 4182 2577 4226 nostram
2609 4170 2800 4224 venire
2832 4185 3089 4239 propera,
3121 4179 3183 4223 ut
3212 4165 3598 4224 benevolentia

2020 4278 2263 4331 cur-aque
2299 4273 2487 4317 nostra
2537 4261 2778 4330 adjutus,
2806 4262 2861 4316 in
2916 4264 3148 4331 patriam
3182 4263 3360 4315 redire
3409 4275 3596 4330 queas.

2021 4357 2169 4409 Deus
2200 4363 2253 4409 te
2280 4362 2485 4417 servet,
2515 4352 2738 4408 dilecte.
2772 4353 2921 4407 Daue
2955 4369 2983 4405 v
3009 4353 3238 4407 Kalend.
3276 4351 3537 4406 Decemb.
3576 4368 3596 4401 ι

2024 4449 2151 4505 Haec
2184 4447 2535 4517 imperatoris
2553 4458 2638 4501 est
2668 4447 2926 4515 epistola.
2957 4446 3087 4500 Mihi
3118 4455 3303 4499 autem
3333 4443 3599 4498 admirari

2025 4543 2079 4596 in
2138 4546 2375 4595 mentem
2422 4539 2575 4593 venit
2618 4540 2793 4607 ipsius
2822 4537 2891 4591 de
2932 4551 3061 4591 vera
3112 4535 3316 4604 pietate
3348 4528 3600 4589 ardorem

1978 4638 1983 4641 ’
2022 4643 2080 4688 et
2105 4631 2539 4687 mmulationem.
2577 4633 2821 4698 Apparet
2846 4631 2998 4683 enim
3027 4643 3092 4683 ex
3128 4627 3196 4681 iis
3222 4642 3345 4696 quae
3377 4628 3599 4692 scribit,

2024 4724 2228 4795 saepius
2255 4723 2408 4778 illum
2435 4722 2505 4776 ab
2534 4736 2603 4776 eo
2625 4722 2693 4775 ad
2727 4721 3109 4789 paenitentiam
3131 4720 3427 4774 excitatum
3457 4736 3599 4775 esse.

2026 4819 2374 4888 Quapropter
2406 4829 2533 4869 eum
2568 4813 2946 4883 reprehendit,
2969 4814 3062 4883 qui
3091 4813 3371 4868 multotics
3401 4814 3605 4868 litteris

2024 4909 2359 4974 admonitus,
2405 4906 2475 4961 ad
2525 4908 2811 4961 veritatem
2855 4922 2964 4960 non
3011 4906 3260 4961 redierit.
3310 4905 3404 4961 Ille
3439 4907 3607 4976 igitur

2022 5005 2226 5059 litteris
2258 5004 2342 5056 eis
2381 5000 2647 5071 acceptis,
2673 5016 2798 5056 cum
2829 4999 3036 5055 Euzoio
3064 4999 3603 5069 Constantinopolim

2024 5097 2193 5150 venit.
2235 5095 2366 5149 Erat
2402 5105 2584 5148 autem
2638 5093 2878 5147 Euzoius
2924 5093 3212 5154 diaconus,
3249 5101 3306 5145 et
3359 5092 3477 5161 ipse
3536 5091 3605 5143 ab

2030 5187 2342 5242 Alexandro
2377 5195 2785 5248 exauctoratus,
2830 5201 2953 5240 cum
3011 5185 3142 5239 Ario
3188 5184 3492 5254 presbyteri
3525 5182 3608 5234 di-

2027 5281 2206 5349 gnitas
2236 5278 2491 5348 adempta
2515 5286 2622 5331 est.
2655 5277 2959 5347 imperator
2989 5278 3043 5330 in
3067 5286 3420 5346 conspectum
3444 5286 3604 5328 suum

2029 5372 2319 5433 admissos.
2356 5384 2424 5424 an
2472 5368 2600 5424 ﬁdei
2639 5370 2994 5440 promulgatae
3043 5368 3478 5427 assentirentur,
3521 5380 3611 5418 ro-

2028 5462 2177 5532 gavit
2212 5481 2227 5516 :
2256 5470 2423 5529 atque
2459 5459 2569 5515 illis
2614 5461 2665 5515 id
2698 5460 3187 5522 asseverantibus,
3224 5456 3470 5511 libellum
3511 5468 3609 5506 eos

2029 5553 2232 5607 offerre
2258 5551 2446 5622 jussit.
2475 5555 2568 5620 qui
2598 5568 2790 5606 eorum
2832 5551 2900 5606 de
2931 5551 3042 5605 Deo
3075 5547 3406 5603 sententiam
3457 5561 3578 5599 com

2033 5644 2392 5716 plecteretur.
2429 5642 2567 5698 Tum
2621 5644 2694 5699 illi
2748 5643 3021 5697 declinata
3068 5640 3251 5713 priore
3294 5639 3405 5706 via,
3440 5650 3609 5710 quam

3605 1140 3611 1173 ί

3607 1202 3612 1235 l
