3990 6438
420 360 520 425 187

1632 360 2053 421 NICEPIIORI
2096 361 2443 423 CALLl-STI

3558 352 3652 419 188

418 470 709 527 sententiis
732 469 1063 542 quibusdam
1099 472 1445 529 inveniendis
1482 474 1745 539 inierant,
1781 474 1993 542 simpli-

2106 477 2289 545 ἑτέραν
2346 477 2672 544 ὐφάναντες,
2740 476 2890 546 ὅρκῳ
2942 471 3303 533 διεϐεϐαίουν,
3359 462 3652 538 ἦμὴνῶδε

416 564 571 619 cibus
599 565 723 618 aliis
757 565 1011 635 notisque
1052 565 1316 619 divinitus
1346 567 1628 635 inspirata
1686 566 1989 633 Scriptura:

419 653 600 707 verbis
634 670 829 707 novam
882 655 1169 708 formulam
1205 664 1260 709 et
1290 656 1685 723 expositionem
1724 664 1987 709 texuere:

411 746 773 815 jurejurando
800 747 1209 811 conﬁrmantcs,
1248 748 1321 800 ita
1363 764 1420 801 se
1450 765 1512 800 ev
1545 750 1730 801 animo
1764 750 1992 801 credere

417 849 466 889 cl
506 839 733 897 sentire,
771 855 948 906 neque
978 840 1135 892 aliter
1158 856 1400 907 unquam
1430 842 1685 893 sensisse.
1716 840 1990 908 Scriptum

420 927 470 977 id
508 929 652 981 hisce
686 932 868 981 verbis
920 940 1245 1000 conceptum
1286 931 1463 986 fuerat
1501 949 1516 986 :
1580 952 1596 982 ι
1634 933 1889 986 Piissimo
1915 933 1991 1000 tl)

423 1020 625 1087 [Mque
694 1023 1069 1074 amantissimo
1136 1026 1364 1077 domino
1423 1035 1613 1078 nostro
1675 1026 1994 1090 imperatori

420 1113 780 1165 Constantino
830 1112 995 1166 Arius
1039 1122 1094 1166 et
1144 1115 1399 1168 Euzoius.
1454 1116 1623 1170 Sicnti
1683 1119 1793 1171 Deo
1845 1132 1993 1187 grata

420 1206 591 1271 pietas
645 1213 756 1265 tua,
813 1205 1112 1274 imperator
1168 1207 1410 1271 domine,
1450 1211 1750 1276 prtecepit,
1812 1211 1882 1264 ita
1941 1213 1993 1265 in

416 1293 621 1357 scripto
654 1295 983 1361 exponimus
1016 1296 1139 1349 ﬁdei
1195 1309 1394 1351 nostrae
1454 1298 1867 1365 professionem.
1930 1303 2000 1356 Et

420 1398 605 1436 coram
641 1385 751 1439 Deo
783 1394 1071 1451 testamur,
1106 1390 1183 1441 sic
1212 1408 1309 1444 nos
1340 1407 1643 1459 omnesque
1679 1394 1775 1462 qui
1812 1396 1994 1451 nobis-

419 1490 542 1527 cum
600 1484 749 1540 sunt,
802 1480 1266 1547 quemadmodum
1323 1485 1687 1551 subiecimus,
1749 1488 1995 1540 credere.

419 1566 708 1622 Credimus
755 1568 807 1622 in
843 1585 1013 1623 unum
1066 1572 1231 1625 Deum
1269 1575 1485 1629 Patrem
1521 1577 1996 1644 omnipotentem;

418 1666 475 1709 et
509 1658 563 1711 in
624 1658 918 1741 pominum
968 1661 1151 1717 Jesum
1187 1664 1467 1719 Christum
1518 1667 1713 1723 Filium
1760 1670 1904 1737 ejus,
1933 1686 1999 1724 ex

420 1763 486 1799 eo
506 1758 638 1803 ante
666 1753 845 1805 omnia
876 1754 1070 1807 saecula
1095 1758 1361 1824 g~nitum,
1390 1760 1559 1811 Deum
1593 1760 1860 1826 Verbum,
1894 1778 1996 1828 per

423 1853 586 1904 quem
626 1844 807 1897 omnia
842 1842 982 1898 facta
1024 1857 1172 1907 sunt,
1214 1865 1334 1914 quae
1382 1852 1462 1903 vel
1520 1852 1573 1903 in
1608 1852 1768 1913 cudo,
1806 1854 1887 1906 vel
1943 1856 1995 1907 in

427 1944 571 1984 terra
607 1945 759 1993 sunt.
807 1938 898 2005 qui
948 1941 1117 2001 venit,
1154 1951 1210 1993 ct
1260 1958 1480 1996 carnem
1530 1947 1847 2015 assumpsit.
1901 1948 1996 2015 qui

425 2038 617 2088 i-assus
652 2036 738 2080 est
782 2039 837 2083 et
872 2036 1209 2097 resurrexit;
1247 2036 1339 2103 qui
1378 2038 1628 2092 ascendit
1676 2038 1730 2091 in
1789 2042 1957 2092 coclm
1981 2081 1996 2105 ,

423 2120 478 2165 et
534 2132 750 2171 rursum
800 2122 983 2177 veniet
1030 2125 1381 2193 judicaturus
1421 2132 1576 2186 vivos
1611 2141 1666 2185 et
1717 2142 1995 2196 mortuos;

421 2217 477 2257 et
541 2208 593 2261 in
652 2209 918 2277 Spiritum
975 2225 1250 2279 sanctum,
1306 2232 1358 2273 et
1412 2222 1462 2274 in
1499 2225 1682 2278 carnis
1721 2240 2002 2278 resurrec-

426 2298 662 2365 tionem,
715 2312 770 2356 et
826 2305 882 2359 in
935 2309 1101 2361 vitam
1162 2313 1380 2366 venturi
1448 2314 1673 2379 sa‘culi,
1727 2320 1870 2371 etin
1915 2336 2003 2371 rc-

425 2406 589 2455 gnum
642 2395 906 2450 cmlorum
947 2417 957 2451 :
996 2410 1051 2453 et
1093 2401 1147 2456 iu
1201 2421 1363 2458 unam
1413 2408 1712 2462 Ecclesiam
1766 2412 2002 2465 catholi-

426 2497 545 2535 cam
579 2482 695 2550 Dei,
732 2501 856 2554 quze
887 2505 916 2542 a
954 2492 1152 2546 ﬁnibus
1182 2497 1244 2548 ad
1291 2498 1425 2551 ﬁnes
1472 2502 1663 2555 mundi
1715 2513 1818 2559 est.
1852 2504 2002 2561 Ilinc

428 2589 557 2627 vero
587 2577 711 2631 ﬁdei
750 2584 1159 2647 persuasionem
1188 2603 1253 2641 ex
1282 2592 1485 2644 sanctis
1512 2594 1818 2661 Evangeliis
1847 2611 2005 2650 acce-

429 2682 626 2730 pimus,
647 2670 865 2728 dicente
885 2674 1112 2731 Domino
1133 2680 1416 2750 discipulis
1441 2686 1588 2738 suis:
1613 2686 1809 2741 Euntes
1828 2691 2002 2743 docete

426 2775 606 2813 omnes
659 2775 869 2832 gentes,
929 2767 1257 2835 baptizantes
1317 2791 1404 2828 eos
1446 2778 1501 2828 in
1557 2794 1745 2831 nomen
1804 2778 1997 2844 Patris,

427 2860 475 2902 et
506 2851 649 2919 Filii,
686 2865 734 2907 et
770 2857 999 2925 Spiritus
1036 2866 1272 2919 sancti’.
1305 2866 1467 2937 645
1509 2867 1663 2933 Quod
1701 2872 1743 2924 si
1773 2888 1879 2925 non
1928 2876 2001 2929 ita

427 2947 723 3009 credimus.
757 2961 811 3004 et
840 2968 966 3007 vere
1000 2955 1297 3023 recipimus
1337 2958 1574 3020 Patrem,
1610 2969 1664 3014 et
1692 2959 1910 3025 Filium,
1947 2977 2002 3019 et

428 3039 694 3105 Spiritum
718 3046 1186 3119 sanctum,_sicuti
1217 3059 1412 3103 cuneta
1438 3052 1709 3107 catholica
1734 3054 1998 3121 Ecclesia,

2097 567 2379 621 πιστεύειν
2414 569 2507 621 καὶ
2536 568 2676 620 κατὰ
2706 566 2833 619 νοῦν
2883 565 3060 619 ταῦτα
3112 564 3356 634 φρονεῖν,
3382 564 3473 614 καὶ
3497 562 3654 630 μηδὲν

2094 658 2281 724 ἕτερόν
2315 676 2443 711 ποτε
2479 661 2752 719 ἐννοῆσαι.
2808 657 2879 710 Τὸ
2922 656 2978 708 δὲ
3011 654 3247 725 γράμμα
3295 645 3396 706 ὧδέ
3425 669 3537 712 πως
3568 654 3656 705 ἐπὶ

2096 750 2295 812 λέξεως
2323 746 2436 818 εἶχε
2460 765 2474 780 ·
2532 768 2549 800 ι
2585 749 2673 817 Τῷ
2707 749 3088 817 εὐσεϐεστάτῳ
3140 748 3231 799 καὶ
3269 745 3656 812 θεοφιλεστάτη)

2096 842 2335 910 δεσπότῃ
2397 841 2553 908 ἡμῶν
2619 841 2832 909 βασιλΞί
2891 842 3285 905 Κωνσταντίνῳ
3329 839 3541 905 Ἀρειος
3574 833 3659 885 καὶ

2100 932 2356 994 Εζζώῖος.
2415 932 2616 995 Καθὼς
2663 933 2999 1003 προσέταξεν
3034 933 3064 999 ἡ
3101 930 3359 996 Θεοφιλής
3394 945 3485 980 σου
3511 928 3660 979 εὐσέσ

2100 1028 2244 1087 ὕεια,
2269 1026 2505 1079 δέσποτα
2537 1025 2781 1090 βασιλεῦ,
2832 1023 3160 1093 ἐκτιθέμεθα
3191 1022 3289 1092 τὴν
3326 1021 3532 1074 ἑαυτῶν
3578 1018 3663 1070 πί-

2101 1136 2218 1170 στιν
2274 1119 2590 1188 ἐγγράφως.
2657 1117 3066 1186 Ὀμολογοῦμεν
3098 1120 3190 1169 ἐπὶ
3237 1116 3372 1167 Θεοῦ
3405 1114 3545 1166 οῦτω
3571 1130 3658 1166 πι-

2103 1211 2312 1262 στεύειν
2350 1213 2442 1263 καὶ
2480 1214 2635 1263 αὐτοὶ
2676 1213 2770 1263 καὶ
2802 1212 3003 1272 πάντες
3038 1211 3086 1261 οἱ
3118 1210 3215 1261 σὺν
3254 1211 3407 1276 ἡμῖν,
3435 1208 3510 1270 ὡς
3534 1208 3664 1260 ὐπο-

2101 1303 2377 1356 τέτακται.
2414 1303 2753 1372 Πιστεύομεν
2796 1307 2874 1357 εἰς
2905 1304 2999 1355 ἕνα
3039 1303 3173 1371 Θεὸν
3209 1302 3427 1369 Πατέρα
3471 1314 3666 1351 παντο-

2102 1394 2348 1464 κράτορα
2369 1412 2382 1424 ·
2423 1395 2517 1448 καὶ
2547 1397 2627 1456 εἰς
2659 1396 2863 1466 Κύριον
2908 1394 3116 1464 Ἰησοῦν
3152 1396 3387 1463 Χριστὶν
3422 1391 3514 1443 τὸν
3545 1390 3666 1442 Υίὸν

2103 1485 2293 1551 αὐτοῦ,
2327 1487 2417 1537 τὸν
2451 1486 2508 1549 ἐξ
2529 1486 2698 1540 αὐτοῦ
2725 1489 2828 1556 πρὸ
2860 1488 3076 1538 πάντων
3103 1485 3214 1537 τῶν
3244 1483 3455 1535 αἰώνων
3482 1497 3666 1550 γεγεν-

2104 1578 2302 1647 ημένον
2334 1578 2469 1631 Θεὸν
2506 1580 2696 1645 Λόγον,
2734 1578 2801 1630 δι’
2827 1578 2887 1632 οῦ
2914 1579 2980 1631 τὰ
3016 1580 3193 1630 πάντα
3226 1576 3467 1641 ἐγένετο,
3512 1574 3579 1626 τά
3608 1588 3664 1623 τε

2105 1671 2161 1721 ὲν
2189 1670 2400 1739 οὐρανῷ
2423 1671 2515 1722 καὶ
2548 1672 2611 1722 τὰ
2634 1670 2727 1721 ἐπὶ
2747 1671 2845 1735 τῆς
2874 1665 2996 1739 γῆς’
3023 1669 3112 1720 τὸν
3136 1667 3357 1719 ἐλθόντα
3380 1669 3471 1718 καὶ
3500 1664 3669 1731 σαρκα

2106 1761 2463 1823 ἀναλαϐόντα,
2494 1764 2589 1813 καὶ
2618 1763 2879 1824 παθόντα,
2910 1762 3008 1812 καὶ
3041 1760 3374 1821 ἀναστάντα,
3407 1759 3495 1808 καὶ
3519 1756 3671 1808 ἀνελ-

2105 1850 2264 1903 θόντα
2324 1852 2404 1912 εἰς
2451 1852 2579 1912 τοὺς
2636 1849 2941 1916 οὐρανούς·
3006 1850 3098 1900 καὶ
3150 1848 3314 1900 πάλιν
3378 1846 3669 1915 ἐρχόμενον

2104 1945 2286 2009 κρῖναι
2322 1942 2532 2005 ζῶντας
2570 1943 2667 1993 καὶ
2690 1943 2923 2010 νεκρούς
2943 1961 2957 1973 -
3000 1942 3092 1993 καὶ
3123 1942 3200 2002 είς
3228 1941 3382 2007 ἂγιον
3413 1938 3633 2005 Πνεῦμα
3654 1951 3667 1964 ’

2104 2037 2199 2086 καὶ
2223 2037 2300 2095 είς
2340 2035 2543 2102 σαρκὸς
2598 2036 2935 2088 ἀνάστασιν·
2989 2034 3086 2085 καὶ
3122 2034 3199 2094 εἰς
3233 2032 3379 2101 ζωὴν
3420 2030 3512 2085 τοῦ
3547 2030 3671 2098 μὲλ-

2102 2127 2283 2186 λοντος
2318 2124 2513 2188 αἰῶνος
2538 2140 2551 2155 ⁸
2589 2127 2685 2179 καὶ
2731 2129 2810 2188 εἰς
2849 2125 3128 2194 βασιλείαν
3153 2123 3401 2191 οὐρανῶν
3427 2139 3440 2152 ·
3472 2123 3566 2176 καὶ
3599 2123 3673 2183 είς

2108 2221 2234 2288 μί;ιν
2263 2219 2598 2285 Ἐκκλησίαν
2648 2218 2949 2286 καθολικὴν
2980 2217 3075 2268 τοῦ
3112 2214 3271 2278 Θεοῦ,
3320 2216 3423 2285 τὴν
3456 2214 3561 2268 ἀπὸ
3585 2229 3677 2265 πε-

2108 2311 2282 2378 ράτων
2311 2310 2413 2371 ἓως
2436 2311 2712 2376 περάτων.
2742 2308 2961 2376 Ταύτην
2996 2309 3052 2359 δὲ
3080 2307 3178 2374 τὴν
3203 2306 3389 2359 πίστιν
3423 2302 3678 2374 παρειλή-

2106 2418 2285 2468 φαμεν
2313 2403 2375 2453 ἐκ
2400 2402 2509 2452 τῶν
2555 2401 2727 2467 ἁγίων
2762 2400 3130 2466 Εὐαγγελίων,
3162 2398 3415 2465 λέγοντος
3443 2398 3535 2449 τοῦ
3568 2397 3677 2447 Κυ-

2108 2496 2227 2562 ρίου
2281 2496 2394 2552 τοῖς
2450 2493 2646 2546 ἑαυτοῦ
2692 2494 3005 2562 μαθηταίς’
3068 2490 3471 2558 Πορευθέντες
3498 2489 3681 2557 μαθη-

2050 2646 2057 2655 ὶ
2104 2587 2353 2637 τεύσατε
2414 2584 2611 2637 πάντα
2670 2583 2740 2637 τὰ
2787 2583 2953 2647 ἔθνη,
3008 2582 3406 2646 βαπτίζοντες
3464 2577 3681 2641 αὐτοὺς

2104 2680 2187 2742 εἷς
2233 2678 2294 2729 τὸ
2359 2677 2547 2744 ὄνομα
2610 2676 2713 2729 τοῦ
2745 2677 2972 2743 Πατρός
3010 2676 3107 2728 καὶ
3140 2673 3247 2727 τοῦ
3278 2673 3417 2726 Fiat}
3449 2671 3545 2725 καί
3580 2669 3682 2724 τοῦ

2104 2772 2277 2838 ἁγίου
2324 2771 2691 2837 Πνεύματος.
2751 2770 2811 2822 Et
2844 2770 2901 2821 δὲ
2944 2769 3017 2837 μὴ
3046 2769 3221 2822 ταῦτα
3253 2767 3401 2821 οὕτω
3438 2762 3681 2819 martio-

2108 2880 2226 2929 μεν,
2267 2864 2361 2915 καὶ
2392 2862 2778 2932 ἀποδεχόμεθα
2805 2862 3020 2930 ἀληθῶς
3057 2863 3275 2928 Πατέρα
3304 2863 3405 2915 καὶ
3433 2862 3561 2913 Υίὸν
3588 2857 3681 2911 καὶ

2106 2956 2261 3021 ἅγιον
2300 2955 2545 3023 Πνεῦμα,
2586 2957 2660 3018 ὡς
2693 2958 2846 3009 πᾶσα
2870 2958 2903 3026 ἡ
2931 2956 3199 3025 καοολικὴ
3239 2955 3547 3026 Ἐκκλησία
3590 2952 3681 3005 καὶ

2105 3046 2260 3112 ἅγιαι
2295 3047 2516 3113 Γραφαὶ
2535 3047 2902 3110 διδάσκουσιν,
2936 3047 3010 3109 ὠς
3039 3048 3181 3102 κατὰ
3213 3047 3395 3102 πάντα
3431 3044 3682 3099 πιστεύο-

425 3142 478 3184 et
514 3143 716 3191 sanctae
745 3134 1042 3205 Scriptum
1066 3139 1290 3204 docent,
1344 3158 1441 3211 pro
1473 3159 1539 3196 eo
1567 3152 1733 3213 atque
1765 3149 1996 3204 omnino

2109 3156 2228 3209 μεν,
2290 3138 2484 3208 κριτὴς
2513 3139 2675 3209 ἡμῶν
2725 3138 2881 3193 ἔσται
2927 3142 2955 3194 ὁ
2979 3140 3114 3202 Θεὸς
3158 3137 3255 3192 καὶ
3290 3138 3387 3193 νῦν
3416 3137 3509 3192 καὶ
3534 3141 3592 3191 ὲν
3617 3136 3679 3202 τῇ

427 3238 748 3290 persuasum
796 3229 1083 3293 habemus,
1137 3232 1303 3301 judex
1357 3245 1542 3288 noster
1578 3237 1683 3291 erit
1735 3238 1897 3301 Dens,
1945 3249 2002 3293 et

426 3330 578 3369 nunc
608 3327 665 3370 et
698 3320 750 3370 in
781 3334 1010 3374 venturo
1040 3322 1134 3377 illo
1166 3323 1274 3377 die.
1308 3323 1499 3395 Itaque
1524 3328 1785 3395 pietatem
1825 3337 1999 3391 tuam,

420 3410 537 3463 Deo
569 3410 928 3467 dilectissime
962 3414 1263 3484 imperator
1298 3430 1508 3483 noster,
1531 3422 1916 3486 cohortamur,
1945 3431 2005 3476 ut

428 3517 549 3566 nos,
590 3506 682 3571 qui
706 3505 1066 3561 ecclesiastici
1095 3524 1304 3573 sumus,
1361 3512 1637 3583 ﬁdemque
1671 3523 1729 3569 et
1781 3523 2003 3570 senten-

430 3595 559 3648 tiam
626 3597 880 3652 Ecclesiae
925 3607 981 3652 et
1016 3615 1297 3655 sacrarum
1334 3602 1747 3673 Scripturarum
1784 3605 2003 3661 obtine-

429 3699 572 3745 mus,
622 3700 722 3754 per
770 3687 1047 3754 paciﬁcam
1099 3698 1154 3743 et
1215 3691 1475 3747 divinam'
1512 3696 1767 3763 pietatem
1830 3706 2004 3760 tuam,

430 3779 610 3841 matri,
664 3779 919 3835 videlicet
958 3782 1237 3846 Ecclesiae,
1285 3786 1445 3842 unias
1474 3797 1639 3855 atque
1670 3788 1996 3859 conjungas,

430 3871 849 3938 quaestionibus,
905 3882 963 3928 et
1011 3890 1131 3945 quae
1176 3892 1244 3930 ex
1293 3880 1691 3946 quaestionibus
1750 3882 2008 3934 oriuntur

431 3963 746 4030 Superﬁuis,
778 3972 835 4017 et
860 3965 926 4019 ad
966 3982 1081 4020 rem
1124 3983 1233 4021 non
1268 3970 1676 4037 pertinentibus
1702 3971 1886 4025 verbis
1919 3987 2009 4025 ac-

431 4052 563 4109 cisis
601 4073 616 4109 :
652 4064 709 4109 ut
746 4067 801 4109 ct
856 4074 958 4114 nos
1013 4069 1070 4113 et
1128 4059 1374 4116 Ecclesia
1423 4077 1522 4129 per
1569 4062 2007 4130 paciﬁcationem

430 4147 579 4202 inter
604 4163 705 4203 nos
732 4151 1033 4215 conciliati,
1075 4152 1265 4207 solitas
1315 4167 1509 4221 preces
1550 4169 1651 4222 pro
1699 4156 1925 4223 paciﬁco
1952 4167 2009 4210 et

431 4239 524 4309 pio
553 4239 807 4308 imperio,
832 4250 1051 4311 totaque
1084 4243 1290 4297 familia
1316 4253 1406 4297 tua
1427 4247 1797 4323 communiter
1816 4261 2009 4301 omnes

434 4344 778 4398 peragamus.
802 4349 821 4381 ι
845 4332 962 4386 Hoc
989 4333 1253 4401 scriptum
1287 4334 1539 4387 nonnulli
1559 4334 1823 4391 insidiose
1853 4354 2007 4393 com-

435 4428 672 4492 imitum
735 4422 1015 4478 dicebant.
1078 4425 1207 4480 Illos
1260 4440 1500 4494 namque
1551 4429 1735 4483 verbis
1783 4431 2004 4500 quidem

435 4499 692 4574 limiesiae
735 4519 1041 4584 conciliari,
1094 4519 1456 4575 nihilominus
1499 4529 1678 4578 tamen
1730 4528 2009 4595 prioribus

431 4611 788 4680 Oplllltﬂlibus
818 4611 933 4666 suis
958 4611 1256 4677 inhaerere,
1287 4612 1581 4668 verborum
1632 4616 1875 4685 ipsorum
1925 4621 2001 4674 si-

432 4705 785 4773 gniﬁcatione
807 4704 860 4757 id
893 4705 1026 4757 satis
1050 4703 1385 4765 declarante,
1428 4706 1682 4776 ambigue
1712 4707 1767 4762 in
1796 4719 2011 4765 utram-

434 4811 540 4865 que
581 4806 790 4865 partem
816 4795 1219 4867 iuclinantium,
1252 4805 1308 4851 et
1342 4797 1409 4852 ad
1440 4799 1740 4867 ancipitem
1780 4815 2004 4857 sensum

432 4892 800 4960 vergentium.
866 4890 1169 4958 Imperator
1257 4903 1437 4947 autem
1516 4895 1840 4950 existimans
1913 4913 2010 4953 eos

433 4983 671 5038 Nieaniis
707 4984 947 5038 decretis
998 4986 1287 5047 assentire,
1335 5003 1501 5055 supra
1555 4988 1777 5043 modum
1822 4990 2009 5044 laetitia

434 5072 796 5130 cﬁ‘erebatur.
846 5073 1233 5127 Verumtamen
1265 5085 1392 5129 ante
1421 5076 1721 5146 legitimam
1747 5118 1762 5141 ,
1792 5096 1894 5148 pro
1925 5096 2013 5133 re-

436 5174 598 5232 cepto
650 5179 842 5228 more,
894 5164 1323 5232 explorationem
1379 5177 1544 5238 atque
1598 5170 2012 5239 inquisitionem

435 5269 629 5308 eorum
661 5254 754 5322 qui
780 5269 1050 5309 summam
1074 5256 1152 5309 rei
1176 5257 1560 5313 ecdesiasticze
1588 5259 1873 5321 tenebant,
1903 5260 2011 5315 subi

436 5345 541 5402 hoc
569 5360 676 5400 non
703 5345 958 5414 sumpsit,
992 5354 1052 5401 ut
1075 5347 1197 5402 illos
1229 5348 1295 5402 ad
1332 5351 1771 5405 communionem
1810 5351 2012 5405 admit—

437 5447 576 5492 teret
605 5437 733 5492 :sed
758 5438 907 5507 ipsos
931 5440 1023 5510 qui
1051 5450 1162 5493 tum
1196 5441 1586 5513 Hierosolymis
1609 5455 2007 5509 convenerant,

432 5530 723 5599 episcopos
754 5530 923 5596 misit,
957 5531 1162 5602 quibus
1193 5533 1544 5606 signiﬁcavit,
1568 5544 1628 5590 ut
1653 5552 1850 5592 novam
1885 5538 2011 5594 illo-

513 5668 528 5697 ’
569 5666 763 5724 Matth.
801 5686 996 5735 xxvm,
1044 5674 1128 5728 19.

510 5807 585 5876 (l)
621 5805 1009 5868 Determinatio
1040 5814 1257 5870 concilii
1294 5816 1343 5883 7,
1376 5829 1495 5885 cap.
1527 5815 1606 5870 t7.

2038 4467 2088 4525 D

2108 3230 2378 3301 μελλούσῃ
2412 3230 2617 3301 ἡμέρᾳ.
2644 3231 2737 3283 Διὸ
2775 3230 3206 3302 παρακαλοῦμεν
3254 3230 3350 3283 σοῦ
3393 3231 3493 3300 τὴν
3525 3228 3675 3281 εὐσέ-

2107 3321 2282 3383 ϐειαν,
2315 3321 2701 3389 θεοφιλέστατε
2725 3324 2885 3391 ἡμῶν
2920 3322 3163 3392 βασιλεῦ,
3196 3318 3682 3392 ἐκκλησιαστικοὺς

2106 3413 2253 3481 ἡμᾶς
2282 3411 2464 3475 ὄντας,
2522 3414 2620 3465 καὶ
2685 3412 2783 3482 τὴν
2839 3413 3031 3467 πίστιν
3061 3415 3155 3466 καὶ
3201 3415 3263 3464 τὸ
3293 3413 3554 3481 φρόνημα
3591 3409 3683 3476 τῆς

2119 3502 2447 3571 Ἐκκλησίας
2481 3504 2575 3557 καὶ
2622 3503 2732 3557 τῶν
2759 3504 2931 3571 ἁγίων
2982 3504 3220 3574 Γραφῶν
3252 3502 3503 3571 ἔχοντας,
3538 3499 3685 3553 ἐνοῦ-

2108 3593 2235 3646 σθαι
2286 3598 2434 3663 ἡμᾶς
2484 3596 2571 3649 διὰ
2602 3598 2701 3665 τῆς
2730 3596 3077 3667 είρηνοποιοῦ
3113 3613 3209 3649 σου
3246 3595 3344 3651 καὶ
3395 3590 3685 3652 θεοσεϐοῦς

2107 3685 2393 3748 εὐσεϐείας
2422 3690 2487 3756 τῇ
2525 3688 2694 3756 μητρὶ
2743 3689 2924 3757 ἡμῶν,
2988 3689 3055 3757 τῇ
3105 3687 3404 3757 Ἐκκλησία
3459 3683 3683 3755 δηλαδὴ.

2109 3777 2543 3847 περιῃρημένων
2577 3778 2687 3831 τῶν
2713 3776 3068 3847 ζητημάτων,
3101 3778 3195 3831 καὶ
3221 3778 3330 3830 τῶν
3351 3781 3418 3830 ὲκ
3449 3778 3557 3831 τῶν
3597 3776 3688 3839 ζη-

2108 3869 2372 3936 τημάτων
2409 3872 2843 3940 περιπολογιὼν
2866 3888 2879 3903 ·
2918 3873 3007 3925 ἵνα
3052 3871 3148 3926 καὶ
3181 3873 3340 3941 ἡμεῖς
3362 3872 3460 3926 καὶ
3493 3874 3526 3940 ἡ
3572 3871 3689 3922 Ἐκ-

2109 3962 2308 4033 κὶησία
2365 3964 2484 4032 μετ’
2542 3965 2786 4035 ἀλλήλων
2846 3966 3222 4039 εἰρηνεύοντες
3283 3965 3391 4028 τὰς
3440 3963 3690 4033 συνήθεις

2109 4057 2274 4123 εὖγὰς
2307 4058 2449 4128 ὑπὲρ
2480 4058 2582 4126 τῆς
2642 4059 2931 4128 εἰρηνικῆς
2989 4077 3084 4112 σου
3115 4060 3209 4111 καὶ
3238 4057 3504 4121 εὐσεϐοῦς
3538 4058 3688 4126 βασι-

2109 4146 2252 4204 λείας
2286 4152 2382 4203 καὶ
2415 4151 2615 4213 παντὸς
2640 4149 2736 4202 τοῦ
2770 4156 2960 4220 γένους
2988 4166 3082 4203 σου
3114 4153 3269 4221 κοινῇ
3298 4152 3502 4214 πάντες
3529 4150 3692 4203 ποιώ-

2114 4242 2275 4309 μεθα.
2310 4260 2327 4292 ι
2366 4241 2477 4313 Τὴν
2533 4244 2631 4311 μὲν
2672 4241 2766 4295 οὖν
2829 4244 3050 4314 γραφὴν
3074 4244 3285 4314 ταύτην
3312 4242 3458 4306 τινὲς
3503 4242 3692 4302 δολίως

2113 4334 2435 4400 συγκεῖσθαι
2464 4332 2654 4401 ελεγον
2681 4352 2694 4365 ·
2726 4335 2820 4387 καὶ
2845 4335 3189 4390 διαλλάσσειν
3221 4335 3321 4403 μὲν
3347 4339 3465 4398 τοῖς
3487 4335 3689 4406 ῥητοῖς,

2113 4424 2498 4494 συμφέρεσθαι
2528 4426 2576 4478 δ’
2606 4427 2754 4495 ὅμως
2778 4429 2894 4488 τοῖς
2928 4427 3196 4498 πρότερον
3231 4427 3430 4497 ἐκείνῳ
3484 4427 3690 4493 δόξασι,

2116 4518 2255 4570 κατὰ
2279 4520 2377 4587 τὴν
2406 4518 2514 4571 τῶν
2542 4518 2827 4585 ὀνομάτων
2880 4520 3165 4589 σημασίαν
3189 4538 3204 4553 ·
3246 4518 3343 4573 ἅτε
3364 4520 3485 4591 δῆτ’
3508 4522 3694 4587 ἐπαμ-

2116 4610 2530 4681 φοτεριζόντων,
2594 4614 2688 4664 καὶ
2755 4612 2892 4682 πρὸς
2946 4614 3221 4681 ἑκατέραν
3253 4614 3525 4667 νευόντων
3581 4612 3698 4665 διὰ-

2114 4720 2286 4759 νοιαν.
2332 4704 2391 4757 Ὀ
2434 4704 2491 4757 δὲ
2556 4704 2816 4774 βασιλεὺς
2868 4706 3235 4775 λογισάμενος
3283 4707 3485 4779 ἐπίσης
3512 4706 3695 4767 αὐτοῖς

2114 4800 2227 4859 τοῖς
2263 4797 2405 4849 κατὰ
2427 4797 2668 4851 Νίκαιαν
2698 4798 3049 4867 δεδογμένοις
3102 4804 3360 4869 στοιχεῖν,
3399 4799 3693 4871 ὑπερφυῶς

2114 4888 2293 4958 ἥδετο.
2320 4890 2395 4943 Οὐ
2435 4891 2541 4960 μήν
2582 4907 2647 4959 γε
2677 4897 2784 4961 πρὸ
2812 4891 2914 4962 τῆς
2944 4894 3179 4963 νομίμου
3223 4893 3552 4963 δοκιμασίας
3586 4894 3695 4944 τῶν

2115 4981 2323 5049 κυρίων
2375 4981 2475 5048 τῆς
2524 4981 2857 5051 Ἐκκλησίας
2891 4986 3034 5038 κατὰ
3061 4986 3122 5037 τὸ
3154 4986 3541 5054 ὲπικρατῆσαν
3574 4985 3694 5045 ἔθος

2116 5073 2296 5139 ἑαυτῴ
2358 5075 2626 5143 ἐπέτρεπε
2686 5080 2784 5145 τὴν
2843 5077 2943 5145 τῆς
2979 5079 3265 5140 κοινωνίας
3331 5079 3693 5147 παραδοχὴν·

2117 5164 2341 5233 πέμψας
2378 5167 2435 5217 δὲ
2467 5168 2665 5230 αὐτοὺς
2697 5168 2837 5236 πρὸς
2868 5170 2995 5231 τοὺς
3041 5172 3297 5235 τηνικάδε
3344 5173 3424 5232 εἰς
3469 5170 3698 5240 Ἰεροσό-

2116 5257 2265 5325 λυμα
2294 5258 2691 5327 ἡθροισμένους
2728 5260 3090 5325 ἐπισκόπους,
3145 5262 3287 5316 ὥστε
3319 5264 3421 5335 τὴν
3468 5263 3696 5317 ἐκείνων

2122 5352 2251 5401 νέαν
2300 5348 2519 5403 ἔκθεσιν
2549 5352 2886 5421 τηρηθῆναι,
2923 5354 3145 5423 ἐδήλοψ
3179 5355 3274 5407 καὶ
3308 5355 3697 5427 φιλάνθρωπον

2118 5444 2175 5497 δὲ
2218 5443 2454 5497 κατιδεῖν
2477 5446 2748 5511 ἐκέλευεν,
2807 5446 2921 5499 εἴτε
2954 5436 3130 5515 ὀρθῶς
3158 5448 3476 5514 δοξάζοντες
3514 5447 3697 5517 φθόνῳ

2119 5539 2220 5609 τὴν
2251 5537 2545 5609 ἐπιϐουλὴν
2568 5536 2749 5609 ἔσχον,
2780 5540 2896 5592 εἴτε
2924 5540 2986 5593 οὐ
3010 5540 3193 5603 καλῶς
3227 5541 3558 5612 φρονοῦντες
3585 5541 3697 5601 τοῖς
