3990 6480
285 408 380 475 193

1192 402 1799 465 ECCLESlASTlCdi
1843 403 2238 467 HISTORle
2279 407 2425 470 LIB.
2463 407 2631 471 VIII.

3456 412 3558 478 194

285 523 576 599 συρρἀοι,
608 522 675 579 τὰ
706 521 976 595 εἰρημένα
1016 519 1263 591 εὐχερῶς
1296 518 1668 591 ἐσκαιώρησε.
1706 519 1868 572 Βασι-

1991 522 2183 578 nabens
2223 523 2393 591 viros,
2426 524 2480 580 in
2505 524 2710 595 quibus
2750 526 2939 582 multae
2969 536 3027 583 et
3057 542 3265 599 magna:
3308 537 3437 584 sunt
3462 545 3555 585 ec-

283 616 403 678 λεὺς
441 614 501 668 δὲ
548 614 723 668 ταῦτα
777 610 1113 675 ἑνωτισθεὶς,
1137 608 1216 680 τῷ
1265 610 1511 679 Κὴνσορι
1566 610 1864 678 Δαλματίῳ

287 706 549 778 ἀδελφιδῷ
567 723 627 774 γε
652 705 767 758 ὄντι
794 704 968 758 καὶτὰ
1002 702 1126 756 κατ’
1154 702 1490 772 Ἀντιόχειαν
1521 702 1622 768 τῆς
1659 702 1864 770 Συρίας

286 798 542 865 διέποντι,
571 799 774 866 γράφει
799 795 1020 849 δικάσαι
1043 796 1134 847 ἐπὶ
1152 797 1267 857 τοῖς
1292 794 1630 865 εἰρημένοις,
1652 794 1747 845 καὶ
1766 792 1866 864 τὴν

286 890 434 961 δίκην
464 890 622 954 ἀξίαν
655 888 1346 960 είσπράξεσθαι.Ἐπεμπε
1381 887 1436 940 δὲ
1480 888 1573 939 καὶ
1605 888 1866 939 Εὐσέϐιον

287 986 379 1035 καὶ
415 981 657 1048 Θέογνιν,
686 980 761 1045 ὡς
797 981 865 1034 ἂν
908 981 1026 1049 μετ’
1056 980 1238 1032 αὐτῶν
1266 981 1299 1049 ἡ
1332 980 1516 1049 κρίσις
1545 982 1759 1047 γένοιτο
1789 976 1867 1048 τῷ

304 1075 621 1146 Ἀθανασίῳ.
669 1074 755 1137 Ὠς
789 1073 831 1126 δ’
876 1073 1019 1141 ἔγνω
1049 1072 1388 1135 καλούμενος
1416 1071 1521 1125 ὑπὸ
1559 1073 1864 1141 Κήνσορος,

295 1163 514 1218 συνιδὼν
542 1164 616 1227 ὡς
651 1162 890 1235 χαλεπόν
924 1165 1073 1215 ἐστιν
1107 1161 1559 1233 ἀπολογήσασθαι
1591 1162 1745 1230 παρὰ
1785 1161 1864 1213 δι-

294 1260 520 1321 κασταῖς
557 1258 658 1309 οὐκ
711 1255 1081 1324 εὐγνώμοσιν,
1113 1255 1702 1324 ἁντεστρατήγει“ταῖς
1726 1253 1870 1307 ὲκεί-

294 1364 398 1399 νων
429 1344 664 1415 μεθόδοις
693 1360 707 1375 ’
743 1346 839 1397 καὶ
874 1346 1049 1397 πάντα
1077 1343 1284 1413 τρόπον
1320 1342 1501 1395 ἔπειθε
1529 1344 1603 1413 μὴ
1635 1343 1869 1413 τάληθὲς

295 1437 625 1505 διαφεύγειν.
644 1436 912 1507 Ἐργῶδες
930 1436 975 1489 δ’
1004 1434 1062 1488 ὃν
1094 1436 1300 1498 πάντας
1334 1434 1546 1487 πείθειν
1594 1437 1866 1505 Ἄρσενίου

299 1530 373 1602 μὴ
402 1531 751 1599 φαινομένου,
804 1529 1169 1599 λογισάμενος
1199 1528 1273 1591 ὡς
1327 1529 1428 1581 οὐκ
1465 1528 1641 1592 ἄλλως
1673 1530 1869 1584 ἑαυτὸν

297 1625 548 1693 καθαροι,
574 1626 622 1676 εἰ
650 1625 723 1694 μὴ
753 1623 854 1692 ζῇν
881 1622 1176 1690 ἀπελέγξοι
1212 1624 1303 1675 τὸν
1332 1622 1588 1675 τεθνάναι
1621 1624 1826 1694 λεγόμε
1845 1655 1869 1664 -

297 1734 405 1777 νον,
448 1717 554 1768 τῶν
594 1733 713 1769 τινα
759 1716 976 1769 οἰκείων
1017 1716 1266 1799 διάκονον
1317 1716 1419 1783 τὴν
1473 1719 1553 1780 εἰς
1589 1716 1870 1783 Αἴγυπτον

297 1811 540 1877 ἔπεμπεν
570 1810 909 1879 ἀναζητῆσαι
938 1810 1235 1881 Ἀρσένιον.
1259 1811 1368 1864 Καὶ
1393 1811 1515 1862 ἐπεὶ
1542 1811 1597 1873 ἐς
1627 1811 1872 1879 Θηϐαΐδα

1971 612 2150 667 clesia:
2183 615 2442 685 episcopo
2487 616 2836 672 Alexandriae
2880 618 3143 687 subjecta:
3171 661 3184 683 ,
3211 622 3369 691 cujus
3406 622 3559 676 urbis

1973 714 2273 760 censentur
2322 722 2445 761 esse
2495 709 2752 777 parmene
2805 726 2905 764 seu
2948 711 3183 766 viciniae.
3254 714 3327 767 Ibi
3386 730 3554 781 agens

1974 798 2244 869 Ischyras,
2283 815 2380 854 sua
2411 810 2606 869 Sponte
2640 812 2695 856 et
2732 818 2795 856 ex
2840 817 2960 856 sese
3007 813 3168 858 natus
3218 805 3382 858 domo
3433 822 3556 873 prn-

1974 892 2152 945 dierat
2205 896 2512 948 sacerdos:
2576 896 2723 965 quod
2774 898 2999 965 quidem
3064 897 3280 951 facinus
3336 916 3551 967 pinnam

1974 1000 2195 1039 onmem
2232 986 2393 1055 longe
2423 990 2865 1057 supergreditur.
2904 989 3021 1055 Qua
3063 991 3118 1043 in
3181 1007 3238 1044 re
3278 993 3346 1045 ab
3392 994 3561 1045 Atha-

1975 1080 2131 1134 nasio
2158 1080 2557 1148 deprehensus,
2598 1096 2722 1134 cum
2757 1083 2809 1134 in
2844 1098 2968 1135 eum
3003 1083 3395 1149 inquireretur,
3437 1088 3559 1151 iuga

1975 1170 2077 1224 sibi
2107 1173 2426 1234 COilSlliClls,
2466 1171 2793 1249 Eusebianis
2830 1171 3159 1226 Nieomedim
3202 1174 3555 1242 estjuuctns.

1975 1262 2155 1331 Atque
2188 1263 2291 1326 illi,
2328 1278 2430 1330 pro
2461 1279 2527 1315 eo
2568 1279 2678 1331 quo
2702 1263 2968 1318 adversus
2998 1265 3356 1318 Athanasium
3395 1267 3525 1318 :trde

1977 1355 2111 1409 bant
2143 1355 2295 1420 odio,
2328 1357 2499 1410 veluti
2529 1356 2912 1427 presbyterum
2939 1369 3323 1426 susceperunt,
3348 1361 3564 1426 episeo-

1977 1447 2083 1516 pali
2112 1462 2172 1500 se
2200 1461 2326 1501 cum
2375 1447 2640 1513 dignitate
2682 1458 2978 1501 ornaturos
3027 1449 3276 1516 polliciti,
3308 1452 3349 1502 si
3400 1467 3562 1503 arcu-

1978 1539 2245 1593 sationem
2300 1540 2602 1592 Athanasio
2660 1540 2994 1596 intenderet.
3046 1542 3141 1594 llle
3180 1557 3313 1596 sane
3346 1558 3409 1595 ea
3442 1560 3564 1611 qua:

1977 1625 2125 1679 dicta
2167 1637 2347 1687 erant,
2382 1627 2540 1681 facile
2587 1629 2845 1683 instituit.
2903 1629 3205 1698 imperator
3253 1648 3419 1699 porro
3481 1633 3565 1685 his

1978 1719 2164 1772 verbis
2194 1720 2419 1779 auditis,
2451 1720 2678 1773 Censori
2719 1720 2794 1791 (1)
2828 1721 3095 1776 Dalmatio
3117 1721 3304 1776 fratris
3336 1723 3447 1776 filio
3477 1740 3563 1777 res

1978 1811 2352 1866 Antiochenas
2388 1811 2443 1865 in
2485 1810 2640 1881 Syria
2679 1811 3090 1868 administranti
3132 1816 3362 1875 scribit.
3405 1825 3464 1868 ut
3496 1817 3563 1869 de

297 1901 533 1967 ἐγένετο,
561 1903 705 1969 ἔγνω
738 1903 875 1955 ὅπου
916 1903 1096 1972 διῆγε,
1145 1906 1279 1973 πρὸς
1316 1901 1618 1972 Πατρίνην,
1653 1904 1787 1972 παρ’
1828 1896 1872 1971 ᾧ

1986 1903 2062 1957 eis
2108 1903 2272 1958 rebus
2307 1903 2543 1972 judicet,
2587 1905 2876 1984 justasque
2910 1906 3094 1976 exigat
3144 1923 3357 1975 poenas.
3401 1908 3562 1962 Mittit

299 2000 388 2052 καὶ
420 1997 741 2067 ἐκρύπτετο.
764 1994 877 2049 Καὶ
906 1994 1068 2048 αὑτὸν
1088 1993 1189 2065 μὲν
1211 1994 1309 2064 οὐχ
1331 1991 1456 2063 εὗρε
1475 2010 1489 2024 ·
1523 1994 1621 2064 τὴν
1650 1994 1757 2061 γὰρ
1777 1993 1871 2045 τοῦ

296 2067 539 2143 διακόνου
585 2087 850 2159 μαθόντες
899 2088 1111 2157 ἄφιξιν,
1141 2088 1225 2149 εἰς
1265 2087 1365 2155 τὴν
1409 2086 1563 2140 κάτω
1598 2086 1874 2139 διέϐαινον

298 2181 604 2251 Αἴγυπτον·
639 2180 732 2235 τὸν
770 2179 827 2233 δὲ
857 2179 1135 2249 Πατρίνην
1169 2178 1377 2242 λαϐὼν,
1409 2179 1529 2248 ἅμα
1560 2178 1617 2230 δὲ
1656 2180 1750 2231 καὶ
1785 2178 1876 2231 'll—

298 2276 414 2329 λίαν
460 2275 516 2340 ὃς
551 2274 794 2346 ἑτέρωσε
839 2272 1032 2327 τοῦτον
1079 2272 1441 2343 μετέστησεν,
1479 2275 1560 2335 είς
1617 2273 1874 2339 Ἀλεξάν-

298 2368 484 2440 δρειαν
516 2371 730 2439 ἢγαγεν
753 2383 768 2397 ⁸
808 2366 859 2422 οἶ
908 2367 1002 2420 καὶ
1036 2367 1208 2436 ἄμφω
1244 2368 1632 2433 παραστάντες
1665 2367 1746 2436 τῷ
1772 2367 1875 2437 ἄρ-

298 2479 468 2532 χοντι,
506 2461 817 2529 ὡμολόγουν
842 2461 898 2513 ἐν
924 2458 1093 2524 ζῶσιν
1122 2456 1267 2516 εἶναι
1295 2459 1581 2530 Ἀρσὲνιον
1606 2476 1619 2490 ·
1652 2459 1711 2514 ὃν
1741 2458 1874 2531 παρ’

297 2554 482 2616 αὐτοῖς
505 2552 884 2624 κρυπτόμενον
907 2550 1003 2605 νῦν
1032 2555 1314 2621 Myunta;
1350 2551 1489 2621 ἔχει.
1526 2553 1671 2622 Δῆλα
1701 2552 1758 2605 δὲ
1783 2554 1876 2606 καὶ

301 2645 510 2716 βασιλεῖ
534 2644 752 2698 ἐποίουν
772 2645 839 2699 τὰ
860 2644 1154 2715 εἰρημένα.
1189 2645 1250 2699 Ὀ
1283 2645 1338 2698 δέ
1371 2646 1606 2714 γράφων
1643 2645 1878 2699 Ἀθανα-

302 2739 435 2808 σίῳ,
467 2737 687 2808 ἔχεσθαι
719 2736 821 2807 τῆς
854 2736 1161 2807 ἱερωσύνης
1212 2738 1495 2807 ἐπιμελῶς
1530 2736 1742 2805 ἔπειθε,
1781 2740 1879 2793 καὶ

298 2834 396 2895 τὰς
427 2832 537 2885 τῶν
569 2830 911 2886 Μελιτιανῶν
953 2830 1027 2901 μὴ
1055 2830 1288 2884 δεδιέναι
1326 2832 1701 2900 συκοφαντίας
1726 2847 1742 2863 ⁸
1781 2834 1878 2885 καὶ

299 2921 452 2994 δίκην
497 2921 542 2976 δ’
587 2921 993 2993 εἰσπράξασθαι
1047 2920 1148 2990 τὴν
1185 2920 1345 2987 ἀξίαν
1375 2922 1501 2984 τοὺς
1536 2922 1605 2974 τὰ
1647 2920 1878 2974 τοιαῦτα

298 3014 611 3086 τολμῶντας
639 3015 1018 3085 κατηγγυᾶτο,
1048 3014 1143 3067 καὶ
1177 3011 1478 3083 ἡσυχάζειν
1510 3013 1585 3083 μὴ
1616 3015 1880 3084 αἱρουμέ-

304 3120 453 3167 νους,
490 3104 626 3156 ἀλλὰ
677 3101 941 3173 θορύϐους
992 3100 1382 3163 ἀνακινοῡντας
1432 3104 1498 3170 τῇ
1548 3101 1876 3169 Ἐκκλησία,

306 3197 408 3251 ὑπὸ
453 3196 733 3257 δικάζουσι
784 3196 968 3264 νόμοις
1014 3193 1259 3247 διδόναι·
1311 3192 1386 3258 ὡς
1420 3193 1497 3264 μὴ
1554 3193 1715 3263 μόνον
1766 3195 1878 3257 τοῖς

305 3289 502 3353 ἀθώοις
527 3291 722 3358 φθόνον
753 3290 846 3342 καὶ
893 3288 1190 3359 ἐπιϐουλὴν
1239 3289 1575 3361 ῥάπτοντας,
1608 3286 1749 3340 ἀλλὰ
1785 3290 1880 3340 καὶ

305 3384 382 3454 τῷ
427 3383 578 3453 καλῷ
606 3384 706 3454 τῆς
739 3383 993 3450 εὐταξίας
1026 3385 1121 3436 καὶ
1149 3382 1249 3451 τῆς
1302 3381 1586 3444 εὐσεϐείας
1615 3381 1882 3450 λυμαινοο

310 3479 521 3548 μένους.
557 3474 744 3530 Ταῦτα
790 3475 1009 3547 γράψας
1053 3474 1384 3544 Ἀθανασίῳ,
1418 3474 1511 3527 ἐπὶ
1562 3471 1747 3526 κοινοῦ
1782 3473 1883 3543 τὴν

308 3569 599 3639 ἐπιστολὴν
642 3568 1064 3638 ἀναγνωσθῆναι
1106 3568 1466 3638 προσέταττε.
1510 3567 1791 3637 Περιδεείς
1828 3565 1887 3619 δὲ

307 3663 354 3714 oi
381 3662 445 3715 ἐκ
474 3660 732 3716 Μελιτίου
761 3661 1069 3731 γενόμενοι,
1088 3659 1375 3714 τουλοιποῦ
1410 3663 1505 3714 ἆτε
1547 3660 1612 3731 δὴ
1650 3661 1751 3730 τὴν
1789 3657 1884 3711 τοῦ

310 3756 634 3818 κρατοῦντος
663 3755 1008 3825 ὑφορώμενοι
1032 3754 1287 3824 ἀπειλὴν,
1324 3756 1511 3825 ἠρέμα
1531 3751 1695 3824 εἶχον.
1716 3754 1826 3808 Καὶ
1850 3755 1882 3824 ὴ

309 3850 427 3900 κατ’
443 3849 715 3916 Αἴγυπτον
743 3848 1041 3919 Ἐκκλησία
1064 3850 1124 3901 ἐν
1148 3849 1344 3922 εἰρήνῃ
1369 3849 1542 3902 ἐτέλει
1572 3848 1676 3902 ὑπὸ
1694 3848 1887 3902 τοσού-

310 3957 400 3992 του
427 3941 618 4011 ἱερέως
648 3939 960 4012 ίθυνομένη.
987 3940 1266 3996 Ἑπεδίδου
1291 3941 1347 3995 δὲ
1374 3940 1761 4012 καθ’ἑκάστην
1791 3944 1885 3996 καὶ

311 4033 691 4087 πολυπλασίων
705 4033 939 4103 ἐγίνετο,
958 4035 1170 4087 πολλῶν
1184 4035 1282 4088 καὶ
1301 4034 1490 4096 τῶνξέκ
1506 4035 1604 4105 τῆς
1643 4034 1886 4104 Ἐλληνι-

312 4122 417 4193 κῆς
442 4122 747 4195 θρησκείας
772 4125 838 4194 τῇ
869 4123 1051 4177 πίστει
1075 4123 1552 4194 προστιθεμένων,
1591 4126 1685 4177 κοιλ⁵
1716 4126 1887 4195 ἄρδην

311 4211 479 4266 ἐθνῶν
502 4214 661 4279 ὅλων,
688 4214 787 4284 τὴν
812 4213 952 4267 κατὰ
968 4216 1202 4286 Χριστὶν
1232 4218 1414 4270 πίστιν
1436 4217 1884 4287 μετερχομένων.

1976 2010 2199 2065 quoque
2221 1995 2306 2059 {ad
2339 2011 2466 2051 eum
2516 1997 2814 2052 Eusebium
2844 2006 2900 2053 et
2936 1998 3314 2068 Theognidem
3338 2042 3353 2065 ,
3391 2011 3449 2054 ut
3481 2001 3567 2055 vis

1976 2088 2351 2144 assessoribus
2390 2088 2664 2160 judicium
2713 2090 2781 2145 de
2836 2091 3136 2146 Athanasio
3176 2102 3564 2160 perageretur.

1976 2180 2134 2249 Quod
2160 2183 2253 2238 ubi
2278 2183 2616 2240 Athanasius
2638 2200 2705 2239 ex
2729 2183 2996 2249 Censore,
3030 2185 3124 2255 qui
3148 2200 3272 2239 eum
3301 2201 3566 2239 evocave-

1978 2278 2083 2333 rat,
2101 2271 2381 2340 cognovit,
2402 2287 2592 2329 secum
2615 2273 2732 2343 ipse
2759 2276 3110 2344 perpendens
3134 2290 3300 2345 quam
3314 2280 3557 2329 arduum

1977 2360 2049 2415 sit
2077 2376 2296 2416 causam
2324 2361 2510 2419 dicere
2546 2364 2690 2434 apud
2732 2365 2915 2419 minus
2950 2362 3255 2421 benevolos
3295 2375 3351 2421 et
3378 2381 3567 2436 aequos

1972 2454 2187 2526 judices
2219 2474 2233 2510 :
2270 2455 2492 2511 illorum
2542 2457 2757 2513 artibus
2807 2457 3074 2513 adversus
3108 2474 3207 2514 eos
3255 2469 3561 2521 coneertat,

1980 2558 2036 2602 et
2066 2547 2247 2601 modis
2273 2547 2533 2603 omnibus
2561 2549 2850 2605 veritatem
2879 2549 3107 2604 minime
3133 2565 3460 2620 oppressum
3496 2552 3565 2605 iri

1982 2648 2189 2711 sperat.
2229 2641 2292 2696 Et
2325 2642 2454 2712 quia
2485 2641 2706 2698 dillicile
2728 2644 2779 2698 ei
2814 2641 3127 2706 videbatur,
3161 2658 3277 2697 rem
3303 2644 3566 2698 onmibus

1980 2734 2237 2804 probare,
2262 2734 2497 2792 Arsenio
2535 2751 2643 2790 non
2685 2744 3044 2805 comparente
3077 2753 3091 2790 :
3129 2743 3184 2790 et
3222 2736 3340 2806 ipse
3379 2752 3568 2792 secum

1981 2828 2296 2897 reputabat,
2325 2845 2433 2883 non
2457 2830 2621 2883 aliter
2655 2844 2714 2884 se
2735 2829 3109 2884 innocentiam
3137 2845 3290 2885 suam
3315 2830 3569 2885 declara-

1984 2928 2166 2973 turum
2208 2937 2347 2983 esse.
2392 2921 2494 2976 nisi
2536 2924 2719 2976 vivere
2736 2937 2862 2976 eum
2891 2922 3228 2985 ostenderet,
3265 2938 3430 2992 quem
3465 2922 3566 2994 ipsi

1982 3023 2261 3066 mortuum
2285 3027 2405 3067 esse
2428 3012 2770 3077 asserebant,
2790 3028 2856 3067 ex
2882 3013 3248 3068 familiaribus
3273 3017 3566 3083 quemdam

1984 3104 2282 3159 diaconum
2307 3103 2361 3157 in
2375 3102 2666 3173 Egyptum
2694 3104 2881 3167 mittit,
2901 3104 2995 3173 qui
3016 3103 3309 3157 Arsenium
3334 3115 3567 3173 quaerat.

1985 3196 2097 3261 Ille,
2119 3204 2409 3266 postquam
2435 3195 2773 3250 Thebaidem
2820 3197 3090 3264 pervenit.
3137 3196 3229 3250 ubi
3262 3208 3451 3267 ageret
3476 3212 3570 3253 co-

1982 3290 2212 3359 gnovit:
2237 3288 2383 3356 apud
2407 3287 2683 3343 Patrinem
2706 3288 2940 3351 scilicet,
2963 3288 3058 3359 qui
3086 3304 3212 3342 eum
3236 3290 3570 3344 occultabat.

1987 3383 2165 3449 Atque
2186 3380 2365 3450 ipsum
2392 3381 2616 3450 quidem
2652 3380 2725 3435 ibi
2754 3395 2864 3435 non
2888 3380 3132 3435 invenit:
3159 3381 3400 3437 adventu
3424 3382 3572 3435 enim

1989 3473 2206 3526 diaconi
2233 3471 2548 3542 cognito,in
2580 3471 2901 3527 inferiorem
2931 3472 3535 3543 transieratlEgyptum
3558 3490 3571 3528 :

2010 3566 2287 3623 l‘atrinem
2319 3576 2526 3629 autem,
2579 3574 2636 3620 et
2683 3564 2847 3620 simul
2895 3564 3094 3628 Etiam,
3123 3566 3217 3633 qui
3249 3566 3401 3619 illum
3465 3565 3576 3619 alio

1991 3661 2386 3724 traduxerant,
2451 3667 2836 3726 assumptum,
2888 3657 3277 3711 Alexandriam
3321 3657 3571 3713 adduxit.

1992 3753 2093 3820 Qui
2140 3752 2303 3807 ambo
2346 3751 2492 3821 apud
2547 3750 2837 3820 praesidem
2873 3750 3059 3806 vivere
3089 3750 3393 3805 'Arsenium
3447 3765 3579 3805 con-

1993 3845 2124 3899 fessi
2169 3852 2323 3907 sunt,
2354 3844 2451 3913 qui
2495 3843 2563 3897 ab
2604 3842 2739 3912 ipsis
2773 3852 2936 3896 antea
2971 3842 3305 3907 occultatus,
3341 3856 3408 3896 eo
3439 3848 3578 3895 tem—

1994 3927 2209 4008 pore'in
2243 3934 2474 4007 Egypto
2502 3944 2668 3991 esset.
2690 3934 2817 3989 Ilaec
2834 3935 2905 3988 ad
2934 3935 3325 4004 imperatorem
3357 3948 3577 4003 quoque

1992 4041 2123 4086 sunt
2155 4030 2343 4085 relata.
2381 4029 2432 4085 ls
2456 4029 2754 4083 Athanasio
2789 4027 3014 4093 scribit,
3045 4027 3308 4089 suadens,
3352 4037 3413 4081 ut
3451 4042 3574 4081 cum

1996 4139 2129 4178 cura
2179 4122 2559 4192 episcOpatum
2614 4123 2879 4177 retineret
2926 4129 3091 4191 atque
3141 4121 3576 4182 administraret,

1995 4214 2405 4269 Ittelitianorum
2439 4212 2748 4267 delationes
2764 4226 2876 4267 non
2902 4219 3194 4266 metueret.
3219 4212 3285 4268 Et
3315 4220 3581 4282 pneterea

310 4310 501 4380 dignas
551 4326 741 4381 poenas
795 4312 1012 4383 legibus
1059 4314 1439 4382 persoluturos
1485 4329 1608 4369 esse
1642 4314 1871 4383 recepit,
1913 4312 2008 4384 qui
2038 4322 2148 4367 tam
2179 4313 2368 4382 gravia
2399 4309 2693 4373 auderent,
2744 4318 2803 4365 et
2862 4311 3153 4380 quiescere
3204 4309 3426 4378 quidem
3457 4312 3580 4362 nol-

308 4408 446 4475 lent,
475 4410 746 4464 tumultus
766 4425 900 4465 vero
935 4411 989 4465 in
1031 4409 1271 4467 Ecclesia
1345 4412 1727 4469 concitarent:
1782 4410 1951 4484 6&9
2001 4427 2100 4467 eos
2137 4410 2347 4465 scilicet
2389 4409 2659 4471 homines,
2712 4407 2805 4477 qui
2837 4423 2947 4461 non
3000 4407 3162 4462 modo
3201 4406 3361 4461 bonis
3416 4415 3581 4473 atque

309 4506 693 4562 innocentibus
738 4522 837 4579 per
894 4507 1160 4564 invidiam
1233 4510 1463 4565 insidias
1506 4521 1814 4576 struerem,
1859 4527 2048 4566 verum
2115 4510 2279 4565 etiam
2345 4505 2525 4563 ordini
2562 4520 2814 4574 vcrwque
2866 4506 3059 4574 pietati
3106 4504 3443 4558 detrimento
3489 4521 3581 4562 es-

309 4618 451 4664 sent.
479 4608 603 4666 llaec
635 4624 759 4664 cum
790 4609 859 4664 ad
895 4609 1261 4668 Athanasium
1290 4613 1629 4683 scripsisset,
1700 4614 1919 4683 publice
1954 4617 2008 4686 is
2054 4615 2342 4686 epistolam
2428 4610 2649 4666 recitari
2703 4607 2890 4678 jussit.
2947 4604 3209 4659 Melitiani
3265 4604 3319 4658 in
3372 4616 3577 4660 metum

308 4705 540 4776 conjecti
584 4705 684 4776 (2),
719 4705 981 4777 deinceps
1020 4707 1198 4763 minas
1271 4709 1618 4778 imperatoris
1682 4684 1961 4779 verentes,
1999 4684 2462 4783 conquieverunt.
2516 4708 2581 4761 Et
2630 4703 2862 4760 ecclesia
2912 4703 2965 4757 in
2995 4690 3228 4773 [Egypto
3255 4710 3446 4772 pacata
3474 4712 3579 4763 est,

311 4816 433 4869 qua
482 4814 512 4853 a
545 4808 694 4854 tanto
739 4799 998 4870 pontifice
1027 4801 1524 4857 administraretur.
1543 4802 1600 4857 ln
1633 4804 1751 4858 dies
1787 4820 2007 4876 quoque
2045 4822 2107 4861 ea
2141 4804 2467 4876 augebatur,
2496 4799 2950 4869 frequentiorque
2990 4796 3157 4850 ﬁebat
3191 4815 3204 4852 :
3235 4796 3380 4869 quod
3427 4794 3583 4852 multi

311 4909 377 4948 ex
433 4897 826 4964 superstitione
863 4896 1030 4951 etiam
1075 4894 1392 4952 Graecorum
1464 4899 1531 4951 ad
1604 4898 1766 4952 fidem
1840 4902 2189 4966 accederent,
2224 4907 2279 4954 et
2332 4896 2522 4968 populi
2558 4895 2658 4950 toti
2701 4892 2770 4948 ad
2807 4892 3294 4949 Christianismum
3326 4909 3586 4965 aggrega-

313 4999 522 5046 rentur.

873 5107 1127 5161 ΚΕΦΑΛ.
1170 5105 1308 5164 ΜΘἌ

309 5198 452 5263 Περὶ
483 5195 590 5272 τῆς
616 5197 686 5250 ἐν
719 5196 886 5272 Τύρῳ
940 5202 1092 5272 κατὰ
1153 5200 1515 5255 Ἀθανασίου
1555 5202 1889 5272 γενομένης

379 5270 651 5342 φιν-ὁδον
672 5285 686 5298 '
713 5272 810 5342 real
845 5271 925 5342 ὡς
951 5269 1056 5334 τὰς
1099 5272 1288 5324 αὑτοῦ
1324 5269 1706 5341 κατηγορίαξ
1736 5285 1887 5342 Ψευσ

380 5338 506 5404 δεῖς
527 5337 883 5409 ἀπήλεγξεν
908 5339 1285 5406 Ἀθανάσιος.

379 5449 455 5501 Οὐ
490 5451 609 5520 μετ’
657 5450 719 5504 οὐ
768 5452 904 5505 πολὺ
936 5453 990 5505 δέ
1047 5454 1247 5507 αἰτῶν
1292 5454 1553 5509 ἐναντίων
1604 5455 1896 5510 ἐπιϐουλαὶ

326 5542 631 5616 ’Δθςανασίῳ
655 5546 961 5615 πράγματα
989 5553 1271 5620 παρείλον,
1304 5551 1397 5602 καὶ
1427 5552 1580 5621 μῖσος
1610 5553 1763 5619 παρὰ
1800 5553 1896 5620 βα-

381 5730 472 5814 Η)-
498 5726 1331 5814 Legendnm.putrLQwsari.__ex
1365 5734 1658 5814 Eutropio,
1687 5737 1791 5814 qui
1818 5737 1885 5791 de

313 5797 670 5855 Constantino
702 5797 893 5854 Scribit
925 5820 937 5855 :
966 5801 1362 5859 Tricennalibus
1396 5807 1503 5859 suis
1541 5797 1885 5861 'Dalm'atium

315 5871 496 5937 fratris
540 5871 621 5923 sui
674 5870 847 5939 ﬁlium
890 5871 1151 5928 Cursarem
1184 5874 1328 5946 legit.
1365 5876 1421 5930 ln
1472 5882 1721 5948 catalogo
1754 5890 1886 5933 con-

1921 5121 1971 5181 D

2557 5097 2785 5156 CAPUT
2828 5096 3019 5152 XLIX.

1993 5198 2073 5253 De
2095 5196 2302 5269 lsynodo
2359 5194 2482 5264 Tyri
2537 5191 2724 5269 conire
2768 5190 3127 5269 Athanasium
3160 5199 3369 5269 εοαςιᾳ.
3425 5196 3475 5240 et
3529 5195 3584 5238 ut

2067 5260 2431 5321 a'c'cusalinue's
2463 5273 2649 5317 contra
2705 5263 2878 5331 ipsum
2916 5262 3189 5314 institutas
3245 5260 3412 5329 falsas
3476 5273 3585 5310 esse

2068 5338 2389 5393 Athanasius
2424 5336 2680 5404 arguerit.

2068 5455 2189 5511 Non
2236 5454 2396 5522 longe
2440 5449 2641 5505 deinde
2677 5457 2824 5520 post,
2878 5445 3324 5507 adversariorum
3370 5440 3585 5496 technze

2000 5565 2221 5604 rursum
2255 5546 2560 5602 Athanasio
2597 5542 2877 5611 negotium
2905 5540 3233 5602 exhibuere,
3278 5536 3582 5602 odiumque

1995 5738 2177 5792 sulum
2205 5734 2606 5794 Romanorum,
2637 5734 2708 5786 25
2741 5731 2959 5801 imperii
2991 5720 3344 5782 Constantini
3383 5719 3579 5777 consul

1994 5808 2271 5878 reperitur
2307 5806 2605 5878 Dalmatus
2635 5803 2839 5857 (Σίνδον.

2069 5871 2148 5949 (2)
2181 5879 2354 5941 Τέως,
2393 5876 2612 5931 Sulﬂm.
2648 5886 2706 5928 ut
2743 5888 2930 5942 supra,
2968 5871 3070 5923 hoc
3102 5876 3204 5934 est,
3239 5873 3375 5920 tum.
