3990 6442
294 398 395 465 1θῖ

1155 372 1159 377 ’
1208 383 1799 449 ΕΩΟΙΕΞΙΑΞἸἸΕίΕ
1836 382 2216 443 HISTORLE
2252 384 2393 445 LIB.
2441 384 2603 445 vut.

3444 381 3541 447 19%

296 513 559 583 συνεδρίῳ
591 510 921 582 παραστᾶσα
952 506 1241 577 διήλεγχεν
1267 504 1610 566 Ἀθανάσιον,
1646 519 1867 570 συμπα-

1978 510 2123 554 tores
2156 501 2211 554 in
2240 503 2320 553 eis
2358 500 2705 564 criminibus,
2738 500 2805 553 de
2850 499 3051 568 quibus
3083 499 3200 568 ipse
3244 513 3341 554 eos
3368 502 3553 555 convi-

296 610 405 680 ρὼν
431 609 610 659 ἐκεῖσε
642 603 1014 673 πρεσϐύτερός
1042 617 1124 663 τις
1154 599 1422 669 Τιμόθεος
1451 596 1863 665 Ἀλεξανδρεὺς,

294 702 371 763 ὡς
392 699 565 769 λάθρα
596 696 807 758 τούτοις
836 694 1230 764 διῳκονόμητο,
1262 691 1355 744 τὸν
1383 690 1542 756 λόγον
1567 690 1642 752 ὡς
1667 690 1866 741 οίκεῖον

295 793 456 861 δῆθεν
481 789 768 843 ἀναλαϐὼν
812 789 841 841 ὁ
877 786 1163 855 Τιμόθεος,
1203 783 1427 849 Ἀληθῆ,
1470 781 1625 848 φησὶ,
1663 779 1861 843 λέγεις,

297 886 471 953 γύναι,
519 884 594 945 ὼς
634 880 744 949 ἐγώ
774 897 835 933 σε
883 879 1234 947 ἐϐιασάμην;
1284 877 1347 927 'H
1379 874 1457 935 δὲ,
1491 872 1634 925 Ἀλλ’
1664 872 1726 924 οὐ
1762 870 1865 932 ou’;

297 978 393 1044 τὴν
420 978 579 1046 χεῖρα
622 975 876 1026 τείνουσα
906 972 1063 1038 ἐλεγε
1085 1010 1098 1030 ,
1153 968 1349 1038 καιρὸν
1384 964 1738 1036 προστιθεῖσα
1772 962 1868 1015 καὶ

296 1069 493 1139 τρόπον
521 1067 594 1130 ὥς
625 1084 688 1133 γε
743 1066 806 1135 δὴ
839 1065 931 1118 καὶ
971 1062 1247 1134 βεϐίαστο.
1283 1058 1455 1113 Τοῦτο
1508 1057 1607 1127 μὲν
1635 1056 1752 1122 οὖν,
1793 1056 1869 1119 ὡς

299 1163 525 1228 γελοῖον,
560 1159 704 1213 οὕτω
733 1156 1046 1229 προχείρως
1072 1151 1644 1224 ἐξήλεγκτο.Ἕπειτα
1676 1152 1709 1219 ἠ
1743 1150 1868 1220 χεὶρ

298 1254 548 1323 εἰσήγετο
576 1249 858 1320 Ἀρσενίου
880 1264 895 1280 ’
927 1247 1024 1300 καὶ
1062 1247 1094 1315 ἡ
1126 1243 1433 1313 κατηγορία
1471 1242 1653 1296 οὐκέτι
1686 1242 1867 1308 λόγοις

299 1343 412 1397 ἀλλ’
443 1343 622 1414 ἔργοις
667 1340 936 1393 ἐνίστατο.
983 1337 1041 1391 '0
1073 1337 1129 1389 δὲ
1156 1336 1343 1401 δεξιῶς
1373 1334 1519 1403 μάλα
1541 1334 1601 1385 τὸ
1634 1334 1869 1400 πρᾶγμα

303 1437 583 1505 μετῆλθεν.
618 1434 838 1503 Ἥρώτα
873 1433 983 1501 γὰρ
1027 1432 1080 1484 εί
1104 1445 1249 1492 τινες
1301 1424 1412 1482 εῐεν
1436 1428 1546 1480 τῶν
1583 1427 1869 1494 παρόντων

300 1529 654 1595 γινώσκοντες
690 1526 781 1579 τὸν
816 1524 1113 1595 Ἀρσένιον.
1148 1522 1324 1575 Τινῶν
1370 1521 1415 1574 δ’
1441 1521 1704 1574 εἰπόντων
1731 1518 1868 1572 εἰδέ-

302 1640 408 1686 ναι,
437 1623 619 1690 εἰσῆγε
646 1620 834 1674 τοῦτον
865 1619 944 1688 τῷ
974 1616 1257 1686 συνεδρίῳ,
1281 1616 1371 1685 ὑφ’
1397 1614 1600 1684 ίματίῳ
1621 1613 1699 1666 τὼ
1717 1615 1870 1682 χεῖρε

301 1715 603 1784 κρύπτοντα
630 1729 644 1743 ’
682 1716 776 1767 καὶ
814 1712 1033 1775 αὐτίκα,
1070 1710 1240 1772 Οὗτός
1272 1711 1444 1771 ἐστιν,
1478 1707 1685 1773 ἔλεγεν.
1722 1707 1749 1756 ὁ
1783 1723 1868 1757 νε-

298 1805 449 1873 κρός.
488 1804 592 1856 Καὶ
622 1804 723 1856 ἀνὰ
756 1802 922 1872 μέρος
960 1802 1230 1868 ἑκατέραν
1258 1802 1417 1869 χεῖρα
1447 1797 1679 1864 ἐξάγων,
1711 1796 1864 1854 Ἰδοὺ,

302 1891 487 1962 φησιν,
535 1895 563 1947 ὁ
608 1892 885 1962 ’Ᾱρσένιος
919 1893 1015 1944 καὶ
1056 1890 1149 1944 δύο
1183 1892 1387 1959 χεῖρας¹
1412 1889 1549 1958 ἔχων
1591 1887 1867 1955 πάρεστι’

303 1988 400 2055 τῆς
431 1987 484 2038 δὲ
506 1986 695 2053 τρίτης
722 1985 811 2037 τὸν
841 1984 1006 2037 τόπον
1044 1984 1145 2035 ποῦ
1182 2000 1262 2043 τις
1296 1983 1362 2032 ἂν
1390 1980 1511 2047 θείη
1539 1996 1553 2045 ;
1585 1979 1874 2031 δεικνύτω-

304 2091 402 2128 σαν
430 2077 475 2126 oi
530 2074 866 2142 κατήγοροι·
899 2071 960 2123 οὐ
997 2072 1106 2139 γὰρ
1130 2068 1399 2139 ,ἀρχῆοεν
1450 2066 1800 2136 δημιουργῶν
1846 2068 1874 2120 6

302 2168 453 2233 Θεὸς,
475 2167 725 2237 τρίχειρα
748 2167 840 2220 τὸν
868 2164 1155 2235 ἄνθρωπον
1191 2163 1407 2224 πάντως
1431 2162 1623 2216 ἐποίει.
1656 2159 1874 2213 Τούτων

300 2258 442 2314 οὕτω
470 2259 769 2329 διαρρήδην
818 2256 1227 2326 ἐληλεγμένων,
1262 2256 1314 2307 οί
1360 2254 1454 2306 τὸν
1482 2253 1636 2306 δόλον
1667 2252 1875 2321 συῤῥά-

300 2351 495 2421 ψαντε;
526 2354 584 2404 ἐν
616 2351 883 2420 ἀμηχάνῳ
910 2351 1200 2417 γενόμενοι
1219 2386 1235 2411 ,
1265 2346 1562 2410 ὑποδύντες
1594 2347 1685 2399 τὸν
1712 2345 1876 2413 θόρυ-

301 2446 420 2507 ϐον,
442 2444 860 2513 ἀπεδίδρασκον.
893 2443 1005 2497 Καὶ
1027 2442 1126 2512 τὴν
1166 2441 1266 2511 μὲν
1294 2439 1637 2510 κατηγορίαν
1670 2439 1875 2505 ταύτην

299 2538 472 2600 οὕτως
507 2536 832 2598 Ἀθανάσιος
854 2535 1165 2589 ἀπεδύσατο
1190 2537 1256 2604 τῇ
1283 2534 1378 2587 τοῦ
1414 2531 1696 2603 ’Δρσενίου
1721 2530 1834 2600 ζωῇ
1858 2545 1872 2560 ο

301 2624 403 2681 εἶθ’
431 2628 554 2697 ἑξῆς
585 2630 654 2682 τὰ
682 2632 824 2681 κατὰ
858 2629 948 2680 τὸν
982 2626 1240 2696 Ἰσχύραν
1267 2626 1673 2696 παρεγράφετο,
1705 2640 1878 2694 προη-

300 2720 603 2790 γουμένως,
633 2719 706 2784 ὡς
735 2720 836 2773 οὐκ
861 2719 947 2788 εἴη
974 2719 1350 2788 πρεσϐύτερος
1370 2733 1385 2747 ⁸
1416 2718 1593 2779 ἄλλως
1618 2734 1679 2768 τε
1704 2716 1877 2769 καὶτὸ

306 2815 380 2885 μὴ
411 2814 522 2865 δεῖν
566 2812 653 2865 ἐπ’
692 2811 981 2866 ἀντιδίκων
1012 2810 1301 2882 κρίνεσθαι
1351 2810 1548 2878 λέγων,
1581 2809 1709 2871 τοὺς
1751 2808 1879 2878 περὶ

302 2905 566 2959 Εὐσέϐιον
596 2904 1002 2975 παρεγράφετο.
1045 2906 1151 2956 Καὶ
1201 2904 1381 2957 ἄλλων
1419 2903 1738 2972 κεφαλαίων
1770 2902 1881 2955 εἰσ-

302 2998 600 3068 αχοέντων,
622 2998 730 3050 δεῖν
763 2997 936 3050 ἐδόκει
969 2999 1119 3063 παρὰ
1144 2998 1233 3051 τὸν
1264 2998 1571 3066 Μαρεώτην
1598 2995 1877 3065 γενέσθαι,

302 3092 377 3153 ὼς
423 3090 489 3143 ἂν
522 3076 773 3153 τοπικῶξ
801 3090 1068 3160 ἐξετασοῇ
1099 3090 1169 3143 τὰ
1224 3088 1738 3159 ἀμφισϐητούμενα.
1785 3086 1881 3149 Ὣς

1973 601 2142 657 cerat,
2192 593 2351 647 venia
2403 593 2599 662 dignos
2648 592 2927 663 judicatos
2974 607 3096 646 esse
3134 593 3428 659 videret):
3460 608 3555 663 po.

1973 690 2245 742 tissimutn
2276 704 2408 742 vero
2445 690 2497 741 in
2532 689 2886 741 accusatione
2921 686 2989 742 de
3023 687 3255 740 Arsenio
3285 704 3297 740 :
3349 697 3405 742 et
3435 704 3556 740 sur-

1973 796 2090 834 sum
2124 780 2191 834 de
2223 782 2549 833 muliercula
2582 780 2843 849 quadam,
2869 795 3030 845 quam
3055 779 3381 833 muneribus
3410 780 3552 834 datis

1975 873 2201 925 invitam
2244 881 2408 926 noctu
2445 873 2666 927 vitiasse
2702 873 3061 942 arguebatur.
3100 873 3248 938 Quas
3279 889 3410 927 sane
3439 889 3553 925 am-

1976 966 2072 1020 bas
2148 964 2344 1019 deinde
2413 966 2677 1019 ridiculas
2746 981 2868 1019 esse
2935 966 3198 1021 ostendit.
3263 966 3547 1035 Siquidem

1972 1057 2193 1117 deinde,
2239 1071 2361 1111 cum
2412 1058 2612 1111 mulier
2666 1058 2719 1110 in
2771 1057 2953 1111 medio
3008 1060 3243 1112 consilio
3290 1059 3555 1113 assistens

1970 1147 2333 1203 Athanasium
2371 1149 2668 1210 incusaret,
2715 1150 2999 1220 presbyter
3026 1151 3250 1219 quidam
3305 1152 3548 1204 Alexan-

1972 1239 2165 1294 drinus
2214 1239 2562 1306 Timotheus,
2604 1241 2700 1309 qui
2738 1241 2813 1295 ibi
2856 1242 3069 1305 aderat,
3109 1243 3269 1296 sicuti
3329 1244 3379 1296 ei
3420 1258 3545 1296 cum

1972 1332 2274 1387 Athanasio
2313 1333 2451 1387 clam
2491 1341 2858 1394 convenerat,
2897 1349 3116 1387 causam
3164 1335 3377 1388 scilicet
3427 1352 3550 1402 pcr-

1973 1423 2103 1477 inde
2135 1431 2300 1492 atque
2331 1425 2609 1493 propriam
2640 1424 2689 1477 in
2714 1440 2771 1478 sc
2803 1425 3105 1492 recipiens:
3136 1426 3283 1478 Itane
3308 1426 3556 1483 tandem,

1973 1515 2175 1586 inquit,
2207 1517 2404 1570 mulier
2433 1534 2459 1568 a
2488 1532 2572 1570 me
2606 1516 2700 1571 tibi
2732 1518 2977 1570 oblatum
3005 1534 3126 1572 esse
3161 1518 3352 1571 vitium
3381 1520 3554 1573 d'cis?

1970 1608 2131 1679 651
2171 1618 2335 1677 atque
2369 1609 2491 1669 illa,
2526 1610 2605 1663 Au
2645 1625 2773 1663 vero
2807 1626 2914 1664 non
2959 1626 2988 1664 a
3018 1611 3109 1664 te?
3138 1611 3338 1679 (ipsum
3382 1611 3555 1679 digito

1972 1699 2406 1767 demonstrans),
2443 1701 2578 1754 dixit
2616 1744 2629 1763 ,
2670 1710 2913 1769 tempore
2945 1718 3164 1770 quoque
3199 1712 3252 1755 et
3284 1701 3465 1763 modo,
3500 1712 3557 1754 ut

1974 1793 2060 1846 vis
2084 1795 2134 1846 ei
2169 1793 2317 1845 illata
2343 1803 2512 1851 esset.
2550 1794 2786 1864 adjecto.
2827 1794 2890 1847 Et
2921 1795 3024 1846 hoc
3057 1795 3280 1863 quidem
3318 1796 3556 1853 crimen,

1978 1895 2037 1938 ut
2066 1886 2384 1946 ridiculum.
2413 1887 2495 1941 sic
2524 1888 2681 1941 facile
2719 1897 2801 1940 est
2848 1890 3167 1941 refutatum.
3205 1889 3410 1941 Deinde
3439 1904 3558 1942 ma-

1974 1996 2082 2036 nus
2110 1980 2326 2032 Arsenii
2354 1979 2660 2048 producta,
2681 1991 2739 2033 et
2775 1981 3051 2034 accusatio
3080 1996 3184 2033 non
3208 1980 3318 2051 jam
3348 1981 3555 2043 verbis,

1976 2073 2072 2127 sed
2112 2071 2712 2126 factisinstitttebatur.
2750 2072 2837 2126 Ille
2878 2087 3003 2125 vero
3043 2073 3233 2125 dextre
3263 2072 3554 2125 admodum

1975 2175 2031 2219 et
2063 2166 2364 2233 prudenter
2395 2165 2765 2218 criminationi
2810 2165 3029 2219 obviam
3063 2166 3147 2218 iit.
3191 2165 3560 2235 Interrogavit

1977 2272 2234 2326 namque,
2288 2274 2356 2309 an
2407 2271 2472 2310 ex
2507 2258 2870 2325 prmsentibus
2916 2258 3206 2327 quisquam
3262 2258 3556 2311 Arsenium

1978 2350 2204 2404 nosset?
2233 2349 2410 2418 Atque
2450 2349 2752 2412 nonnullis,
2786 2365 2949 2403 nosse
2974 2364 3031 2403 se
3059 2365 3184 2403 eum
3214 2351 3550 2413 dicentibus.

1960 2441 2268 2503 Arsenium
2300 2443 2355 2496 in
2386 2443 2682 2497 concilium
2716 2442 2981 2507 adduxit,
3016 2444 3118 2498 sub
3151 2454 3302 2498 veste
3335 2461 3553 2499 manum

1978 2547 2270 2602 utramque
2308 2545 2603 2605 tegentem.
2642 2535 2707 2589 Et
2737 2536 2957 2590 tandem
2989 2554 3005 2590 :
3038 2535 3112 2589 En
3150 2537 3327 2601 vobis,
3359 2538 3556 2606 inquit,

1980 2635 2232 2679 mortuus
2251 2637 2451 2698 praesto
2479 2626 2632 2680 adest
2655 2635 2847 2695 ;atque
2867 2645 2972 2682 una
2995 2630 3162 2694 illius,
3184 2647 3305 2683 mox
3337 2646 3561 2699 quoque

1979 2721 2151 2773 altera
2187 2718 2457 2787 producta
2489 2733 2692 2772 manu:
2733 2717 2833 2785 En,
2869 2722 2970 2786 ait,
2999 2721 3291 2780 Arscniutn
3327 2722 3561 2785 habetis,

1980 2826 2178 2864 manus
2223 2811 2361 2863 duas
2410 2812 2702 2865 habentem
2740 2828 2753 2863 :
2788 2815 2964 2868 tertiae
3011 2825 3197 2868 autem
3248 2815 3427 2871 lorum
3464 2817 3556 2871 ubi

1946 2905 2106 2982 'quis
2166 2904 2430 2965 inveniat,
2488 2879 2841 2960 accusaiores
2870 2907 3007 2961 mihi
3063 2910 3380 2963 ostendant.
3423 2910 3565 2964 Deus

1981 2997 2252 3067 siquidem
2302 2998 2559 3051 conditor
2595 3001 2647 3052 in
2699 2999 2973 3067 principio
3019 3000 3298 3054 hominem
3338 3018 3563 3071 prorsus

1984 3091 2282 3143 trimauum
2316 3107 2422 3143 non
2451 3091 2677 3145 creavit.
2698 3090 2999 3145 Calumniis
3021 3092 3107 3146 his
3133 3105 3321 3162 aperte
3348 3099 3414 3149 ad
3436 3113 3560 3150 eum

302 3183 346 3235 δ’
376 3183 704 3251 ἐξελέγησαν
731 3183 1020 3251 ἐρευνῆσαι
1041 3181 1134 3243 οὓς
1159 3182 1234 3243 ὡς
1259 3183 1453 3249 κριτὴς
1484 3182 1876 3249 παρεγράφετο

1980 3186 2202 3234 modum
2251 3180 2547 3235 confutatis
2572 3223 2586 3242 ,
2625 3180 2735 3234 doli
2791 3181 3078 3235 architecti
3115 3198 3299 3237 rerum
3335 3200 3560 3240 suarum

304 3274 420 3346 (καὶ
457 3274 562 3344 γὰρ
590 3273 898 3327 ἐστέλλοντο
940 3274 1163 3340 Θέογνις
1209 3274 1303 3324 καὶ
1338 3274 1544 3335 Μάρις,
1577 3271 1873 3341 Θεόδωρος,

305 3367 655 3431 Μακεδόνιοξ,
691 3366 908 3435 Οὐάλης
952 3382 1013 3419 τε
1047 3367 1142 3418 καὶ
1177 3364 1518 3434 Οὗρσίκιος),
1555 3363 1877 3425 ἈΟανὰσιος

303 3458 635 3528 ἀπηγόρευε,
670 3459 762 3509 καὶ
795 3458 960 3510 παντὶ
991 3456 1065 3525 τῷ
1105 3458 1368 3526 συνεδρίῳ
1396 3457 1705 3526 σκευωρίαν
1734 3452 1875 3508 εἶναι

303 3546 365 3598 τὸ
412 3550 646 3615 πρᾶγμα
696 3547 993 3600 ἀνεϐοᾶτο’
1050 3548 1099 3598 εί
1157 3549 1185 3599 ὁ
1247 3550 1557 3616 κατήγορος
1604 3546 1719 3615 ἅμα
1761 3548 1877 3607 τοῖς

307 3639 522 3711 ἐχθροῖς
546 3640 822 3702 δικασταῖς
841 3641 1222 3708 παραγένοιτο,
1248 3640 1309 3692 ἐκ
1339 3638 1726 3709 μονομεροῦςή
1753 3639 1875 3708 δίκη

306 3736 480 3787 ἔσται.
530 3734 587 3785 '0
632 3734 729 3802 μὲν
769 3729 862 3786 οὖν
894 3733 1122 3785 τοιαῦτα
1154 3733 1349 3798 λέγων,
1386 3734 1509 3785 ἐπεὶ
1562 3733 1750 3801 μηδεὶς
1784 3733 1881 3785 αὑ-

306 3827 399 3879 τοῦ
428 3826 585 3894 λόγον
615 3827 865 3892 ἐποιεῖτο,
904 3827 1079 3887 ἄλλως
1104 3841 1163 3877 τε
1187 3827 1283 3878 καὶ
1308 3825 1495 3887 δείσας
1526 3827 1599 3894 μὴ
1628 3825 1758 3877 αὺτὸ
1764 3842 1878 3893 χει·-

311 3936 402 3987 ρες
425 3918 592 3971 αὑτοῦ
622 3921 909 3986 γένωνται,
939 3918 1118 3987 φυγὰς
1144 3918 1411 3988 ἀνεχώρει
1433 3918 1527 3971 τοῦ
1571 3919 1877 3987 συνεδρίου,

308 4015 399 4064 καὶ
428 4014 485 4073 ἐς
542 4012 770 4082 βασιλέα
830 4012 1147 4081 ἀνέτρεχεν.
1213 4012 1366 4064 Ἐπεὶ
1391 4012 1447 4064 δὲ
1500 4013 1591 4065 καὶ
1628 4012 1677 4063 οί
1710 4013 1768 4063 ἐν
1802 4011 1880 4080 τῷ

306 4103 578 4174 Μαρεώτῃ
621 4104 1061 4170 παραγενόμενοι
1105 4098 1262 4171 ἧκον,
1306 4103 1680 4171 ὑπομνήματα
1726 4118 1878 4170 μονο-

309 4197 616 4267 προσὼπως
652 4198 889 4260 ἐποίουν,
925 4196 1001 4258 ὡς
1054 4196 1230 4265 ἀληθῆ
1261 4195 1347 4262 εἴη
1390 4196 1490 4247 ὅσα
1519 4197 1546 4247 ὁ
1573 4196 1879 4264 κατήγορος

309 4294 569 4342 κατεῖπεν
607 4290 951 4342 Ἀθανασίουο
980 4290 1013 4359 ὴ
1056 4288 1274 4351 σύνοδος
1306 4288 1499 4357 πρῶτα
1533 4290 1630 4357 μὲν
1666 4289 1882 4359 ἐρήμην

306 4382 495 4434 τούτου
536 4379 923 4451 κατεδ.ῄτησεν
948 4397 964 4413 ο
1002 4379 1122 4432 εἶτα
1174 4381 1272 4433 καὶ
1316 4381 1414 4449 τὴν
1473 4379 1875 4449 καθαιρετικὴν

309 4475 619 4545 ἐσχεδίαζον
643 4475 823 4544 ψῆφον
842 4487 858 4503 '
890 4468 1001 4549 ἐνῇ
1031 4472 1206 4527 πολλὰ
1236 4474 1327 4525 τὸν
1356 4473 1506 4525 ὅσιον
1530 4471 1880 4541 λοιδορήσαν-

1980 3282 2314 3341 satageutes,
2351 3274 2523 3326 turba:
2551 3289 2608 3328 se
2650 3274 3018 3336 immiscuere,
3047 3285 3104 3329 et
3138 3275 3261 3346 fuga
3298 3278 3399 3329 sibi
3428 3294 3561 3331 con-

1981 3370 2223 3422 suittere.
2276 3366 2343 3420 Et
2368 3367 2579 3420 crimen
2613 3367 2835 3436 quidem
2895 3368 2999 3422 hoc
3055 3383 3083 3422 a
3138 3385 3193 3423 se
3232 3372 3564 3427 Athanasius

1981 3459 2197 3512 Arsenii
2232 3461 2341 3511 vita
2399 3460 2649 3512 removit.
2708 3459 2911 3512 Deinde
2960 3459 3239 3529 lsehyram
3285 3465 3360 3531 (4)
3407 3480 3565 3518 exce-

1981 3552 2167 3621 ptione
2200 3551 2422 3619 repulit,
2458 3551 2512 3602 in
2547 3550 2739 3617 primis
2768 3551 2914 3617 quod
2940 3552 3227 3621 presbyter
3257 3569 3364 3607 non
3394 3568 3560 3609 esset.

1983 3646 2210 3712 insuper
2236 3645 2399 3695 etiam
2426 3683 2439 3706 ,
2479 3659 2585 3695 non
2631 3643 2835 3695 debere
2881 3646 3173 3711 quemdam
3217 3646 3284 3697 ab
3319 3646 3563 3705 inimicis

1975 3737 2239 3806 judicari,
2273 3736 2548 3803 allegatis,
2608 3734 2950 3789 Eusebianos
3001 3737 3303 3792 submovit.
3343 3740 3406 3793 Et
3439 3757 3566 3795 cum

1980 3829 2083 3883 alia
2113 3842 2331 3896 quoque
2362 3826 2730 3880 accusationis
2760 3827 2937 3894 capita
2975 3826 3028 3879 in
3068 3827 3308 3881 medium
3342 3833 3559 3899 profer-

1983 3931 2199 3983 rentur,
2235 3920 2410 3973 visum
2446 3919 2684 3973 concilio
2721 3928 2823 3981 est,
2859 3918 3137 3973 Mareoten
3172 3920 3274 3983 ire,
3314 3938 3372 3974 ut
3421 3923 3476 3978 in
3508 3940 3567 3978 re

1983 4014 2261 4083 prmsenti,
2300 4028 2419 4081 qua:
2449 4012 2501 4064 in
2532 4009 2963 4065 controversiam
3001 4022 3161 4066 erant
3188 4014 3446 4077 deducta.
3484 4017 3570 4071 in-

1981 4105 2362 4173 qttircrentttr.
2402 4104 2469 4157 Ut
2498 4118 2625 4156 vero
2657 4102 2725 4155 ad
2769 4118 2883 4155 rem
2924 4102 3361 4174 investigandatn
3409 4109 3569 4164 electi

1984 4206 2135 4256 sunt.
2185 4213 2325 4266 quos
2387 4197 2716 4249 Athanasius
2771 4211 2866 4263 per
2923 4199 3309 4265 exceptionem
3354 4197 3575 4270 judices

1982 4290 2250 4358 reiecerat
2302 4288 2686 4358 (mittebantur
2721 4290 2869 4342 enim
2909 4305 2977 4343 eo
3025 4290 3322 4359 Theognis,
3386 4293 3571 4359 Maris,

1979 4380 2325 4435 Theodorus.
2372 4379 2744 4443 Macedonitts,
2784 4377 3007 4443 Valens,
3040 4391 3098 4435 et
3122 4381 3419 4452 Ursicius),
3447 4384 3563 4454 ipse

1986 4474 2403 4536 reluctabatur,
2437 4482 2493 4526 et
2542 4473 2688 4539 apud
2728 4475 3053 4527 universum
3089 4474 3425 4542 concilium,
3462 4494 3579 4532 rem

309 4583 420 4631 τες,
461 4567 536 4629 ὡς
568 4566 841 4636 στασιώδη
872 4567 968 4619 καὶ
1008 4564 1262 4634 ταραχῶν
1304 4563 1636 4634 πιμπλῶντα
1671 4564 1766 4628 τὴν
1793 4562 1876 4614 Al-

1989 4580 2111 4618 eam
2140 4564 2459 4617 insidiosam
2491 4579 2611 4618 esse
2639 4565 2692 4617 in
2728 4565 3096 4628 molitionem,
3136 4567 3589 4624 vociferabatur;

204 4697 216 4707 .
310 4676 515 4728 γυπτον
544 4675 558 4689 ’
593 4661 688 4712 καὶ
737 4660 797 4710 τὸ
849 4658 947 4727 μὲν
990 4660 1083 4710 ἐπὶ
1130 4660 1197 4727 τῇ
1253 4658 1477 4723 γυναικὶ
1529 4655 1604 4719 ὡς
1659 4655 1884 4724 αἰσχρὸν

313 4757 597 4823 παρῆκαν,
629 4754 723 4806 καὶ
766 4754 835 4805 τὰ
867 4755 959 4805 τοῦ
996 4754 1159 4825 φίῐνου
1191 4752 1247 4803 δὲ
1290 4752 1572 4819 Ἀρσενίου
1605 4751 1883 4820 παρέδρα.

318 4865 417 4917 μον
442 4863 455 4878 ⁸
492 4847 731 4914 ἔγραφον
757 4845 956 4907 δέ·τοῖς
991 4842 1307 4911 ἁπανταχοῦ
1344 4844 1665 4905 ἐπισκόποις
1708 4843 1781 4911 μὴ
1800 4842 1888 4893 λό-

312 4953 410 5003 γον
448 4935 579 5004 μηδὲ
625 4933 908 4995 κοινωνίας
958 4930 1109 5000 αὐτῷ
1140 4930 1506 4997 μεταδοῦναι,
1558 4930 1691 4981 ἀλλὰ
1748 4929 1883 4998 μηδέ

312 5028 411 5097 τὴν
453 5026 864 5095 Ἀλεξάνδρειαν
896 5026 1068 5078 οἰκεῖν
1094 5041 1107 5054 ο
1162 5022 1339 5093 ἀληθῆ
1370 5022 1427 5075 δέ
1460 5018 1603 5075 εἷναι
1658 5024 1754 5076 καὶ
1787 5023 1883 5093 τὴν

313 5121 405 5173 ἐπὶ
430 5120 522 5172 τοῦ
553 5118 812 5189 μυστικοῦ
845 5117 1108 5185 ποτηρίου
1135 5116 1425 5187 συντριϐὴν
1462 5115 1625 5168 αὑτοῦ
1658 5117 1887 5185 γενομέ-

313 5228 412 5282 νην
440 5210 798 5281 κατηγορίαν.
815 5209 1155 5279 Ἐφήπτοντο
1186 5208 1230 5261 δ’
1269 5208 1504 5262 ἑκάστου
1539 5207 1883 5278 ἐγκλήματος

313 5302 644 5372 τεχνηέντως
684 5299 936 5370 διαϐολὴν
968 5300 1352 5369 ἐργαζόμενοι,
1388 5298 1496 5351 τῶν
1529 5298 1885 5367 συκοφαντῶν

386 5439 464 5507 (l)
489 5440 738 5509 lschyrae,
769 5453 862 5493 seu
892 5436 1230 5508 Ischyrionis
1257 5436 1355 5506 (ita
1382 5438 1531 5509 enim
1560 5452 1685 5502 eum
1717 5436 1884 5492 Sozo-

316 5506 509 5564 mentis
552 5506 822 5574 nominat)
858 5506 1106 5563 causain
1144 5523 1211 5561 eo
1234 5516 1380 5562 statu
1413 5506 1535 5561 fuit.
1573 5509 1885 5578 Arrogabat

316 5579 363 5632 is
394 5580 497 5633 sibi
530 5590 585 5633 et
618 5578 920 5647 usurpabat
966 5578 1271 5631 sacerdotis
1306 5578 1653 5646 dignitatem,
1683 5592 1739 5630 et
1764 5594 1886 5646 quae

316 5649 617 5720 presbyteri
668 5658 815 5720 sunt,
881 5650 1066 5720 munia
1120 5649 1333 5720 obibat.
1383 5648 1521 5720 Eum
1578 5661 1711 5720 vero
1759 5662 1883 5701 cum

317 5716 645 5774 Athanasius
687 5718 741 5770 in
781 5720 923 5771 facto
969 5719 1216 5787 ﬂagranti
1266 5718 1506 5787 mysticis
1554 5716 1727 5771 sacris
1757 5733 1887 5785 epe—

320 5802 527 5843 rantem
568 5787 1043 5856 deprehendisset.
1095 5802 1338 5841 mensam
1392 5802 1602 5841 sacram
1660 5789 1880 5847 evertit.

319 5861 540 5915 calicem
588 5858 879 5926 confregit,
932 5868 987 5911 et
1042 5859 1263 5927 impiam
1310 5859 1588 5911 temerarii
1643 5856 1885 5912 homints

1988 4671 2052 4709 ac
2086 4656 2130 4709 si
2164 4666 2453 4710 accusator
2485 4671 2588 4708 una
2621 4671 2746 4709 cum
2779 4657 3051 4724 suspectis
3073 4667 3124 4710 et
3157 4657 3396 4714 inimicis
3425 4661 3581 4731 judi-

1989 4748 2144 4803 cibus
2182 4748 2419 4814 adesset,
2459 4748 2709 4816 iniquum
2741 4749 2793 4801 id
2828 4749 3101 4818 uniusque
3149 4761 3373 4805 tantum
3406 4755 3587 4824 partis

1981 4843 2254 4914 judicium
2286 4860 2409 4898 esse
2438 4845 2872 4912 protestabatnr.
2901 4844 3026 4898 chc
3063 4860 3190 4898 cum
3225 4846 3317 4900 ille
3344 4849 3578 4914 diceret,

1987 4953 2167 5006 neque
2196 4937 2507 5007 quisquam,
2542 4952 2603 4990 ac
2642 4951 2711 4990 ne
2762 4936 3050 5008 Dionysius
3086 4938 3307 5007 quidem
3358 4956 3565 4997 excon-

1986 5031 2188 5085 sularis
2223 5031 2488 5084 rationem
2519 5030 2640 5097 ejus
2689 5030 2937 5091 haberet,
2972 5041 3139 5101 atque
3193 5031 3422 5101 insuper
3452 5050 3565 5088 me-

1988 5128 2188 5183 tucrct,
2221 5136 2289 5174 ne
2320 5135 2513 5175 manus
2539 5120 2644 5174 sibi
2679 5104 2778 5190 per
2808 5123 2915 5173 vim
2947 5132 3002 5175 et
3031 5123 3236 5177 czedem
3270 5124 3558 5189 afferrent,

1985 5225 2052 5265 ex
2081 5226 2342 5266 consessu
2364 5226 2430 5265 eo
2454 5211 2522 5264 ad
2556 5212 2943 5280 imperatorem
2978 5213 3242 5280 profugit.
3274 5215 3570 5284 Postquam

1987 5303 2079 5371 qui
2115 5303 2390 5357 Maremen
2424 5304 2571 5357 missi
2597 5303 2837 5370 fuerant,
2875 5304 3117 5371 rediere,
3152 5316 3316 5374 atque
3339 5316 3572 5360 attesta-
3630 5332 3637 5339 ·

1988 5439 2278 5511 audaciam
2326 5438 2588 5492 inhibuit.
2616 5438 2732 5505 Qua
2785 5438 2854 5495 de
2889 5457 2947 5494 re
2994 5450 3290 5493 accusante
3332 5440 3580 5511 lschyra,

1987 5509 2321 5581 Athanasius
2369 5524 2589 5581 causam
2651 5512 2798 5581 apud
2854 5511 3078 5579 in‘quos
3133 5511 3351 5581 jmiiccs
3418 5509 3581 5565 dixit.

1989 5578 2144 5641 {ritas
2198 5589 2383 5633 nostra
2443 5580 2646 5633 multos
2687 5578 2837 5635 'vidit
2890 5578 3160 5648 ist-byrsa,
3217 5580 3588 5635 Athanasium

1990 5649 2229 5701 nullum.
2255 5648 2428 5701 Porro
2454 5652 2789 5705 Athanasius
2814 5666 2876 5704 ea
2903 5667 3023 5717 quae
3058 5652 3222 5700 tltutit)
3256 5649 3400 5703 dicta
3432 5660 3587 5714 sunt,

1992 5734 2087 5784 per
2128 5719 2422 5772 Maearium
2466 5721 2848 5789 presbyterum
2904 5721 3125 5787 lsehvra
3164 5721 3586 5775 exauctorando

1989 5798 2120 5856 egit,
2155 5790 2329 5858 quiet
2366 5790 2481 5856 ipse
2512 5805 2543 5845 e
2575 5791 2812 5845 vinculis
2842 5805 3066 5844 causam
3101 5791 3260 5843 tii\.t.
3476 5816 3479 5819 -
