3990 6456
482 283 583 343 22):}

1705 278 1750 336 N
1767 277 2125 338 lCEPHORl
2159 277 2501 338 GALLI-ST!
3620 282 3716 341 2'04

482 407 563 446 ter
593 395 703 445 iziec
729 392 793 445 ad
824 410 918 445 vos
949 408 1023 446 sc:
1045 392 1117 445 ibi
1154 390 1408 461 praecepi.
1436 396 1493 443 ut
1517 404 1707 445 omnes
1732 389 2050 458 quicunque

2156 386 2528 455 εἰρηνεύεται,
2556 386 2649 438 καὶ
2680 385 2786 438 τῶν
2824 383 3118 455 βαρϐάρων
3165 382 3346 438 αὐτῶν
3383 383 3441 437 τὸ
3474 366 3563 438 τοῦ
3589 389 3717 441 Θεοῦ

481 483 779 537 cnttvcntui
815 483 979 555 Tyrio
1026 483 1381 546 interfuistis,
1415 483 1552 537 citra
1597 481 2053 548 procrastinatio-

482 593 627 641 nem,
662 577 715 629 in
748 576 928 629 aulam
960 574 1405 629 mansuetudinis
1433 583 1638 628 nostrae
1672 574 1863 628 venire
1902 574 2056 627 acce-

432 740 435 745 l
483 672 693 733 lvi-etis,
725 681 780 726 et
818 672 982 724 rebus
1032 672 1167 739 ipsis
1191 670 1554 741 judicationis
1585 678 1782 723 vestra:
1824 669 2055 723 sinceri-

484 773 647 815 tatem
694 773 750 816 et
797 762 1107 824 veritatem,
1148 777 1234 815 me
1278 770 1667 831 cognoscente,
1709 759 2052 815 declaretis:

481 870 642 923 quem
683 870 812 907 sane
848 868 1170 921 germanum
1205 852 1300 906 Dei
1347 851 1613 906 famulum
1658 865 1779 905 esse
1815 864 1922 903 non
1954 865 2053 904 ne-

440 942 443 945 ⁷
481 946 761 1014 gaveritis.
792 934 900 999 'Per
930 958 1105 997 meam
1146 955 1297 997 certe
1341 941 1565 1013 quidem
1605 957 1734 1011 erga
1764 942 1933 995 Deum
1967 956 2054 995 re-

483 1039 782 1107 ligionem,
835 1046 1026 1107 pacata
1082 1046 1211 1089 sunt
1263 1034 1469 1103 ubique
1517 1033 1723 1087 omnia.
1763 1032 1903 1098 Quin
1952 1032 2053 1102 ipsi

476 1129 638 1182 etiam
697 1126 922 1181 Barbari
986 1126 1195 1181 nomini
1257 1125 1347 1179 Dei
1411 1124 1515 1177 rite
1570 1122 1831 1178 laudibus
1883 1122 2054 1178 bene-

478 1218 691 1282 dicunt,
728 1218 821 1287 qui
864 1219 1131 1273 hactenus
1165 1216 1454 1270 veritatem
1497 1215 1837 1283 ignorarunt.
1879 1212 2054 1269 Mani-

475 1311 674 1364 festum
729 1319 914 1362 autem
970 1318 1077 1371 est,
1111 1307 1207 1377 qui
1250 1306 1549 1359 veritatem
1583 1318 1693 1357 non
1725 1304 1892 1368 norit,
1927 1319 2051 1358 eum

477 1418 655 1469 neque
707 1401 875 1455 lleum
926 1415 1109 1453 nosse.
1147 1397 1311 1469 655
1348 1397 1755 1460 Verumtamen,
1788 1394 2051 1465 quemad-

479 1496 701 1548 modum
741 1493 905 1547 modo
938 1492 1071 1552 dixi,
1108 1502 1164 1546 et
1196 1490 1426 1544 Barbari
1462 1505 1561 1559 per
1594 1504 1682 1543 me
1728 1503 2051 1559 germanum

475 1586 569 1639 llei
620 1583 972 1650 miniszrum,
1017 1583 1191 1637 Deum
1237 1588 1650 1649 cognoverunt,
1701 1588 1757 1634 et
1804 1589 2050 1634 metuere

476 1679 813 1739 didicerunt,
862 1675 1161 1745 ipsumque
1210 1689 1296 1728 me
1335 1673 1541 1742 ubique
1576 1672 1765 1738 tutari,
1795 1683 1851 1727 et
1882 1672 2052 1727 rebus

477 1768 610 1834 ipsis
664 1765 797 1818 mihi
856 1764 1173 1834 pI’OSpiCCl'e
1236 1772 1549 1818 senserunt.
1583 1761 1764 1832 “Unde
1814 1763 2051 1816 maxime

481 1860 651 1912 Deum
702 1868 931 1921 norunt,
964 1870 1127 1926 quem
1180 1856 1256 1910 illi
1306 1854 1526 1925 quidem
1573 1864 1863 1924 propterea
1903 1853 2051 1922 quod

481 1967 580 2005 nos
617 1960 893 2017 metuunt,
928 1951 1147 2016 colunt;
1180 1964 1283 2004 nos
1312 1958 1519 2015 autem,
1550 1949 1643 2019 qui
1672 1963 1870 2003 arcana
1899 1962 2051 2003 sacra

477 2042 835 2113 benignitatis
885 2040 1010 2111 ejus
1060 2055 1408 2111 propugnare
1465 2039 1631 2109 (quid
1677 2039 1826 2093 enim
1872 2037 2051 2093 dicam

477 2150 703 2189 servare
717 2134 1049 2204 ?)vidcmur,
1077 2146 1194 2193 nos,
1220 2131 1617 2201 inquam,nihil
1644 2131 1854 2202 agimus
1878 2117 2051 2195 aliud,

476 2244 639 2297 quam
671 2228 817 2297 quod
848 2228 913 2281 ad
949 2227 1279 2282 discordiam
1316 2233 1371 2280 et
1404 2223 1591 2279 odium
1626 2224 1776 2288 facit,
1810 2232 1868 2278 et
1904 2222 2051 2293 quod

478 2330 561 2385 tut
595 2318 926 2388 simpliciter
957 2318 1159 2389 dicam)
1192 2308 1258 2374 ad
1296 2318 1519 2388 generis
1554 2308 1789 2370 humani
1822 2316 2050 2371 exitium

479 2412 742 2466 refertur.
779 2409 982 2465 Verum
1035 2419 1351 2479 properate,
1397 2408 1559 2464 sicuti
1608 2407 1814 2462 dictum
1856 2416 1966 2470 est,
1998 2414 2054 2483 et

478 2508 544 2559 ad
580 2519 680 2559 nos
723 2504 1138 2574 quamprimum
1174 2516 1366 2555 omnes
1399 2500 1592 2555 venire
1625 2505 1900 2553 maturate
1933 2514 1946 2552 :
1984 2498 2053 2551 il-

478 2600 571 2652 lud
596 2613 921 2668 persuasum
954 2596 1243 2659 habentes,
1271 2593 1532 2647 omnibus
1554 2591 1738 2646 nervis
1759 2598 2055 2649 conaturos

482 2707 580 2744 nus
619 2706 764 2753 esse,
796 2698 857 2744 ut
896 2689 964 2743 iis
996 2702 1118 2757 quae
1166 2684 1495 2755 corrigenda
1538 2692 1688 2746 sunt,
1722 2679 2051 2743 emendatis,

479 2802 530 2838 Ill
572 2785 691 2853 lege
739 2784 834 2837 Dei
883 2783 1069 2835 omnia
1124 2770 1231 2833 rite
1278 2786 1590 2839 serventur,
1626 2783 1795 2842 utque
1832 2773 1916 2828 eis
1958 2788 2056 2828 ne-

481 2893 587 2944 que
616 2877 878 2946 probrum
906 2887 1087 2943 neque
1119 2885 1283 2941 prava
1309 2869 1491 2938 aliqua
1520 2867 1707 2935 opinio
1732 2874 1789 2920 et
1811 2863 2054 2933 suspicio

474 2972 750 3024 inliterere
799 2967 1008 3038 possit;
1046 2963 1329 3033 dissipatis
1364 2960 1651 3024 nimirum,
1684 2970 2054 3028 prorsumque

478 3064 707 3130 attritis,
739 3071 904 3131 atque
936 3060 1074 3115 adeo
1109 3056 1347 3112 sublatis
1374 3053 1601 3108 omnino
1624 3052 1763 3121 legis
1792 3049 2050 3116 inimicis,
2081 3088 2124 3146 ε

478 3158 572 3226 qui
616 3153 839 3224 quidem
888 3149 993 3207 sub
1037 3155 1307 3220 pmtextu
1354 3143 1530 3199 sancti
1573 3140 1814 3197 nominis
1872 3139 2050 3195 varias

476 3259 644 3318 atque
692 3245 1015 3315 om'nigenas
1051 3238 1306 3311 praebent
1351 3234 1744 3305 blasphemias,
1776 3240 1831 3288 et
1860 3232 2049 3287 obtre-

476 3339 663 3395 ctandi
694 3337 1043 3394 occasiones.
1074 3352 1093 3386 ι
1131 3331 1284 3386 Talia
1320 3330 1620 3400 imperator
1646 3342 1771 3383 cum
1798 3325 2055 3396 scripsis-

477 3442 582 3495 set,
616 3431 707 3486 alii
739 3429 962 3501 quidem
989 3425 1236 3496 episcopi
1270 3424 1511 3480 maximo
1542 3420 1720 3477 territi
1751 3428 1922 3487 metu,
1953 3434 2053 3489 pro

476 3542 534 3579 se
570 3523 808 3595 quisque
845 3521 1071 3575 domum
1117 3515 1393 3575 redibant.
1439 3510 1741 3569 Eusebiani
1777 3520 1960 3566 autem
1991 3525 2051 3567 se

478 3617 531 3668 in
574 3614 767 3668 oculos
811 3609 1162 3681 imperatoris
1193 3607 1529 3678 ingerentes,
1562 3606 1764 3681 justam
1801 3617 1921 3659 esse
1963 3618 2052 3674 sy-

479 3703 609 3757 nodi
657 3679 988 3755 sentcntiam
1032 3704 1443 3752 asseverarunt.
1474 3693 1544 3749 Et
1573 3679 1759 3749 inuitis
1786 3693 1840 3747 in
1867 3681 2051 3747 λιιιε·

478 3800 697 3854 nasium
753 3793 1021 3851 conviciis
1074 3791 1377 3863 conjectis,
1426 3804 1538 3844 non
1585 3789 1698 3860 jam
1746 3789 1812 3843 de
1849 3786 2052 3858 poculo

475 3894 673 3955 fracto,
709 3897 807 3944 aut
837 3903 1051 3950 mensa,
1083 3893 1180 3940 aut
1217 3884 1325 3939 \ivi
1358 3883 1599 3938 hominis
1622 3868 1876 3948 brachio,
1901 3881 2050 3951 quod

478 3997 603 4035 \era
653 3996 716 4034 ca
762 3985 972 4041 essent,
1009 3975 1290 4031 instabant
1327 3991 1341 4028 :
1378 3973 1474 4029 sed
1522 3968 1589 4028 ad
1640 3979 1838 4027 noVam
1888 3971 2050 4026 aliam

475 4073 777 4143 confugere
825 4069 1183 4125 calumniam.
1215 4065 1483 4121 Minatum
1531 4064 1678 4120 enim
1723 4078 1845 4119 esse
1878 4058 2052 4118 Atha-

475 4166 691 4219 nasium
744 4163 1024 4224 dixerunt,
1057 4159 1393 4215 inhibituros
1438 4173 1535 4214 sua
1580 4158 1841 4212 suasione
1882 4155 2050 4228 Egy-

474 4259 622 4326 ptios
665 4270 809 4318 es.~e,
843 4270 911 4308 ne
955 4253 1297 4307 frumentum
1340 4265 1442 4320 pro
1475 4264 1543 4305 eo
1585 4257 1750 4319 atque
1779 4247 2051 4303 Consmn-

477 4350 628 4403 tinus
656 4348 953 4407 sanxisset,
979 4343 1277 4414 quotannis
1303 4341 1633 4397 Alexandria
1659 4340 2053 4397 Constantino-

2158 478 2329 546 ὄνομα
2360 475 2605 547 γνησίως
2646 475 3047 544 εὐλογούντων,
3078 474 3127 528 οἳ
3162 476 3327 545 μέχρι
3350 474 3447 528 νῦν
3475 478 3571 545 τὴν
3594 480 3719 549 ἀλή-

2158 568 2312 621 θειαν
2346 568 2602 638 ἠγνόουν.
2632 568 2803 638 Δῆλον
2830 568 2882 621 δὲ
2916 570 2999 621 ὅτι
3033 569 3061 621 ό
3089 569 3189 637 τὴν
3231 567 3485 635 ἀλήθειαν
3520 571 3752 641 ἀγνιίνρ

2157 662 2277 714 οὐδὲ
2317 661 2408 715 τὸν
2446 648 2580 714 Θεὸν
2617 660 3003 729 ἐπιγινώσκει.
3038 659 3187 731 Πλὴν
3220 660 3392 729 ὅμως,
3425 660 3565 713 καθά
3596 679 3718 732 προ-

2157 754 2375 824 είρηται
2397 753 2514 816 νῦν,
2548 755 2643 806 καὶ
2679 755 2729 806 οἱ
2761 752 3031 823 βάρϐαροι
3074 751 3142 806 δι’
3178 752 3301 820 ἐμὲ,
3358 753 3447 804 τον
3476 752 3569 806 τοῦ
3593 753 3722 806 Θεοῦ

2157 845 2493 915 θεράποντα,
2531 846 2755 915 γνήσιον
2786 847 3109 912 ἐπέγνωσαν
3139 844 3230 897 τὸν
3259 844 3423 897 Θεόνο
3457 848 3549 899 καὶ
3572 845 3725 898 εὐλα-

2156 937 2373 990 ϐεῖσθαι
2425 937 2780 1009 μεμάθηκαν,
2819 937 2953 990 Θεὸν
3008 937 3413 1007 ύπερασπίζειν
3458 953 3562 1005 μου
3595 953 3724 989 παν-

2154 1027 2319 1098 ταχοῦ
2352 1029 2448 1083 καὶ
2503 1028 2858 1095 προνοεῖσθαι
2884 1029 2999 1091 τοῖς
3033 1028 3221 1097 ἔργοις
3264 1028 3449 1089 αὐτοῖς
3478 1014 3721 1096 ᾔσθοντο.

2158 1119 2323 1173 Ὅθεν
2354 1120 2591 1189 μάλιστα
2643 1120 2744 1173 καὶ
2785 1120 2937 1173 ῐσασι
2984 1119 3076 1171 τὸν
3106 1116 3262 1183 Θεὸν,
3289 1116 3351 1169 ὃν
3380 1117 3578 1168 ἐκείνοι
3630 1114 3725 1183 μὲν

2153 1216 2244 1270 διὰ
2273 1215 2364 1268 τὸν
2391 1214 2528 1285 πρὸς
2565 1215 2713 1285 ἡμᾶς
2764 1198 2931 1283 φόϐον
2959 1213 3320 1267 εὐλαϐοῦνται
3339 1227 3354 1243 ⁸
3390 1210 3552 1280 ἡμεῖς
3583 1209 3639 1263 δὲ
3678 1211 3723 1261 οἳ

2154 1309 2223 1362 τὰ
2255 1310 2531 1379 μυστήρια
2582 1312 2681 1380 τῆς
2728 1307 3024 1378 εὐμενείας
3078 1305 3226 1375 αύτῷ
3266 1302 3552 1365 δοκοῦντες
3598 1301 3701 1371 προ

2154 1400 2447 1455 ϐάλλεσθαι
2480 1401 2624 1473 (οὐδὲ
2672 1402 2780 1472 γὰρ
2815 1401 2882 1455 ἂν
2912 1403 3128 1470 εἴποιμι
3163 1394 3505 1470 φυλάττειν),
3551 1394 3728 1466 ἡμεῖς.

2156 1493 2320 1562 φημὶ,
2353 1494 2507 1547 οὐδὲν
2549 1476 2962 1565 πράττομεν,ἢ
3013 1495 3083 1547 τὰ
3131 1491 3271 1564 πρὸς
3321 1491 3591 1562 διχόνοιαν
3641 1486 3731 1539 καὶ

2158 1584 2315 1653 μῖσος
2341 1586 2717 1650 συντείνοντα,
2755 1587 2852 1639 καὶ
2898 1584 3088 1650 ἁπλῶς
3118 1586 3322 1652 εἰπεῖν,
3344 1584 3416 1637 τὰ
3444 1579 3734 1659 πρδςβλε-

2157 1670 2285 1744 θρον
2315 1674 2410 1729 τοῦ
2446 1677 2793 1747 ἀνθρωπείου
2837 1678 3033 1748 γένους
3063 1676 3261 1747 ἔχοντα
3290 1675 3392 1746 τὴν
3425 1671 3731 1741 ἀναφοράν.

2085 1737 2124 1791 Β
2169 1737 2310 1820 ’Ᾰλλ’
2344 1737 2661 1839 ὲπείχθητε,
2711 1737 2863 1825 καθέ
2893 1737 3247 1841 προείρηται,
3281 1737 3378 1822 καὶ
3411 1737 3559 1841 πρὸς.
3589 1737 3735 1841 ἡμᾶς

2158 1858 2431 1911 σπεύσατε
2468 1861 2672 1921 πάντες
2711 1855 2746 1933 ᾖ
2793 1859 2981 1931 τάχος,
3020 1857 3407 1926 πεπεισμένοι,
3456 1853 3534 1917 ὡς
3576 1849 3736 1905 παντὶ

2157 1949 2335 2003 σθένει
2387 1950 2741 2021 κατορθῶσαι
2781 1953 3145 2023 πειράσομαι,
3191 1950 3340 2012 ὅπως
3374 1949 3436 2001 ὲν
3468 1946 3548 2023 τῷ
3589 1943 3735 2012 νόμῳ

2154 2041 2249 2095 τοῦ
2289 2028 2425 2096 Θεοῦ
2476 2045 2656 2098 πάντα
2688 2043 2984 2114 ἐξαιρέτως
3033 2043 3444 2112 φυλάττωνται,
3488 2037 3571 2103 οἷς
3616 2036 3738 2089 οὕτε

2152 2133 2322 2204 ψόγος
2352 2135 2474 2189 οὐδὲ
2509 2136 2800 2201 κακοδοξία
2835 2154 2919 2201 τις
2950 2117 3240 2207 δυνήσεται
3273 2120 3737 2205 προσπλακῆναι·

2154 2226 2655 2281 διασκεδασθέντων
2704 2229 2909 2301 δηλαδὴ
2953 2228 3048 2283 καὶ
3091 2226 3502 2299 συντριϐέντων
3550 2223 3739 2293 ἄρδην,

2157 2316 2254 2372 καὶ
2287 2320 2570 2384 παντελῶς
2598 2321 3014 2390 ἀφανισθέντων
3038 2308 3150 2376 τῶν
3178 2304 3403 2392 ἐχθρῶν
3432 2320 3526 2374 τοῦ
3552 2318 3738 2382 νόμον,

2154 2410 2352 2493 οἵτινες
2380 2413 2471 2464 ἐπὶ
2495 2414 2853 2484 προσχήματι
2880 2396 2973 2468 τοῦ
3001 2398 3161 2481 ἁγίου
3189 2413 3470 2481 ὀνόματος
3493 2410 3744 2470 ποικίλας

2154 2504 2252 2557 καὶ
2294 2503 2589 2575 διαφόρους
2643 2505 2996 2576 βλασφημίας
3051 2508 3377 2577 παρέχουσι.
3433 2522 3454 2560 s
3509 2503 3742 2558 Τοιαῦτα

2154 2595 2471 2667 γράψαντος
2499 2599 2594 2650 τοῦ
2626 2598 2917 2668 βασιλέως,
2964 2600 3014 2651 oi
3049 2599 3148 2669 μὲν
3181 2599 3333 2655 ἄλλοι
3370 2598 3491 2653 τῶν
3516 2596 3740 2651 ἐπισκόὸ

2155 2706 2273 2742 πων
2302 2690 2383 2769 είς
2410 2690 2531 2754 δέος
2560 2691 2825 2760 μέγιστον
2868 2676 3108 2753 ¹ἕκαστος
3142 2674 3524 2756 καταστάντες
3552 2689 3735 2744 οἴκαδε

2154 2781 2500 2853 ἀνεχώρουν·
2535 2784 2587 2837 oi
2618 2783 2676 2837 δὲ
2721 2784 2851 2854 περὶ
2884 2784 3150 2839 Εύσέόιον
3193 2785 3412 2854 βασιλεῖ
3455 2774 3733 2855 όφθέντεςδ
3778 2794 3781 2797 ‘

2152 2860 2340 2927 δίκαια
2368 2874 2715 2946 ψηφίσασθαι
2755 2875 2855 2947 τὴν
2886 2877 3104 2932 σύνοδον
3141 2877 3517 2947 ἰσχυρίζοντο.
3563 2875 3739 2930 Πολλά

2153 2964 2212 3019 δὲ
2241 2965 2712 3037 λοιδορησάμενοι,
2744 2968 2928 3023 οὐκέτι
2975 2970 3076 3039 μιν
3108 2971 3238 3040 περὶ
3269 2972 3612 3039 κατεαγότος
3640 2984 3740 3020 πο-

2154 3058 2347 3129 τηρίου
2376 3058 2408 3129 ἢ
2444 3059 2811 3143 τραπέζης,ηῆ
2843 3058 3129 3143 βραχίονος
3163 3059 3371 3125 ζῶντος
3407 3060 3611 3132 νεκροῦ
3637 3058 3739 3114 svia

2157 3168 2354 3205 σταντο
2380 3151 2456 3216 ὡς
2484 3151 2679 3224 εἴησαν
2702 3168 2717 3185 ο
2749 3151 2870 3206 ἀλλ’
2893 3153 2985 3205 ἐπὶ
3010 3153 3206 3224 ἑτέραν
3231 3154 3571 3224 καινοτέραν
3602 3149 3738 3224 ὲχώο

2157 3255 2286 3310 ρουν
2315 3239 2593 3313 διαϐολήν.
2643 3240 2971 3310 ’Δπειλῆσαι
3022 3242 3131 3315 γὰρ
3165 3242 3354 3311 ἔλεγον
3395 3244 3739 3310 Ἀθανάσιον,

2154 3330 2397 3386 κωλῦσαι
2446 3333 2539 3387 τὸν
2590 3335 2739 3388 σῖτον
2793 3335 3153 3403 Δίγυπτίους,
3200 3335 3262 3389 δν
3320 3337 3743 3399 Κωνσταντίνος

2154 3423 2446 3489 ὲθέσπιζεν
2476 3424 2536 3491 ιξ
2588 3406 2998 3497 Ἀλεξανδρείας
3050 3427 3320 3494 κατάγειν
3374 3429 3471 3485 ιπ’
3513 3429 3634 3494 Ero;
3661 3428 3742 3491 είς

2157 3517 2738 3573 Κωνσταντινούπολιν
2763 3535 2777 3550 ·
2810 3521 2906 3574 καλ¹
2930 3520 3024 3573 τὸν
3052 3519 3216 3589 λόγον
3239 3522 3553 3592 ἀκηκοέναι
3589 3521 3747 3576 Ἀδα-

2157 3611 2408 3679 μάντιον,
2445 3610 2840 3678 Ἀννουϐίωνα,
2878 3612 3222 3685 ’Δρδαθίωνα
3248 3616 3351 3671 καὶ
3380 3618 3596 3688 Πέτρον
3618 3617 3744 3680 τοὺς

2155 3701 2510 3765 ἐπισκόπους.
2549 3701 2717 3757 Ταῦτ’
2747 3704 3003 3769 εἰπόντες
3035 3707 3353 3778 ἐκράτησαν
3397 3712 3525 3772 ταῖς
3556 3708 3744 3764 διασο-

2154 3791 2309 3855 λαῐς·
2349 3792 2529 3863 ἰσχύει
2562 3795 2673 3865 γάρ
2717 3795 2982 3861 πολλάκις
3009 3797 3070 3851 τὸ
3114 3797 3334 3868 ψεῦδος,
3385 3802 3521 3856 ὃταν
3561 3804 3591 3858 δ
3626 3802 3743 3857 δια·

2155 3884 2369 3939 ϐάλλων
2401 3886 2463 3939 τδ
2510 3886 2827 3954 ἀξιόπιστον
2876 3888 2998 3961 ἔχῃ.
3033 3891 3213 3955 Εὐθὺς
3254 3891 3371 3964 γὰρ
3406 3896 3437 3949 ό
3487 3896 3745 3966 βασιλεὺς

2156 3977 2532 4047 συναρπαγεὶς
2557 3976 2634 4049 τῷ
2664 3978 2847 4050 θυμῷ,
2874 3980 3160 4051 ἐξόριστον
3191 3983 3249 4036 ἐν
3274 3983 3545 4051 Γαλλίαις
3570 3985 3746 4041 εποίει

2153 4068 2247 4120 τὸν
2278 4068 2448 4140 ἄνδρα
2472 4085 2486 4100 ’
2518 4071 2614 4123 καὶ
2641 4070 2905 4142 Τρίσεριν
2932 4074 3105 4128 οίκείν
3137 4074 3498 4143 κατεδίκαζε.
3531 4081 3745 4151 Πρᾶεαι

2152 4160 2198 4214 δ’
2220 4159 2365 4215 οὕτω
2384 4161 2545 4230 λόγος
2571 4163 2685 4231 ἔχει
2706 4164 2801 4217 τὸν
2826 4166 3266 4232 Κωνσταντίνον,
3294 4168 3361 4222 οὐ
3383 4171 3552 4225 τόσον
3570 4171 3747 4241 ἀληθῆ

2155 4254 2530 4308 πιστεύσαντα
2556 4249 2699 4309 εἶναι
2733 4257 2801 4310 τὰ
2848 4258 3140 4328 είρημὲνα,
3180 4258 3308 4314 ὅσον
3354 4262 3623 4318 ἑνοῦσθαι
3651 4265 3749 4335 τὴν

2169 4346 2501 4415 Ἐκκλησίαν
2522 4347 2618 4400 καὶ
2647 4347 2772 4410 τοὺς
2800 4348 3133 4412 ἐπισκόπους
3154 4351 3408 4419 ὁμονοεῖν
3443 4356 3745 4427 ᾑρημένον.

473 4440 641 4510 poliin
688 4438 1096 4492 subrehcretur
1126 4454 1138 4491 :
1171 4448 1348 4505 eaque
1384 4434 1549 4488 verba
1593 4432 1873 4488 audivisse
1906 4431 2049 4486 Ada-

2158 4435 2271 4488 Ούκ
2303 4435 2477 4498 ἄλλως
2510 4436 2567 4489 δὲ
2611 4438 2756 4490 τοῦτ’
2798 4440 2923 4508 ἐνῆν
2952 4439 3233 4507 γενεσθαι,
3270 4443 3320 4496 εί
3368 4421 3748 4516 μηνί-ἐκποδὼν

474 4534 767 4597 mantium,
804 4529 1219 4594 Annubioucm,
1252 4526 1671 4592 Arbathionem,
1711 4532 1766 4580 et
1797 4524 2047 4587 Petrum,

472 4626 785 4692 episcopos.
819 4622 944 4676 llmc
978 4621 1298 4691 allegantes,
1325 4634 1547 4674 causam
1581 4617 1877 4672 calumniis
1899 4616 2048 4670 obti-

474 4731 671 4768 nttcre.
721 4713 1114 4783 Schenumero
1164 4728 1402 4782 namque
1457 4709 1804 4765 mendacium
1857 4708 2046 4772 vincit,

2160 4530 2372 4592 γένοιτο
2437 4526 2773 4591 Ἀθανάσιος.
2841 4531 3193 4602 Κοινωνῆσαι
3247 4534 3380 4615 γὰρ.
3419 4540 3748 4594 παντάπασι

2154 4620 2268 4680 τοῖς
2304 4621 2433 4687 περὶ
2459 4621 2680 4689 Ἀρειον
2724 4622 3067 4693 ὲξετρέπετο.
3120 4626 3231 4679 Καὶ
3260 4630 3289 4681 ό
3335 4629 3444 4699 μὲν
3483 4631 3666 4697 οὕτως
3695 4636 3751 4686 ὲν

2155 4706 2416 4777 Τριϐέρει
2445 4709 2545 4779 τῆς
2576 4709 2810 4773 Γαλλίας
2843 4713 3093 4782 ἀπήχθη.

474 4824 597 4862 cum
630 4807 675 4860 is
737 4810 828 4877 qui
858 4807 1187 4862 calumniam
1216 4805 1403 4870 Struit,
1432 4803 1589 4860 bonae
1615 4802 1740 4856 fidei
1793 4800 2109 4871 opinionem
2153 4801 2540 4871 consequitur.
2570 4799 2874 4857 Confestim
2912 4804 3082 4873 igitur
3114 4806 3427 4875 imperator
3464 4815 3750 4868 iracundia

473 4915 800 4972 correptus,
849 4906 1028 4960 virum
1082 4903 1137 4957 in
1194 4900 1401 4957 Gallias
1459 4902 1760 4970 relegatum
1821 4897 2082 4953 Treviros
2145 4897 2306 4969 jubet
2366 4899 2630 4955 ineolere.
2690 4899 2862 4970 quue
2926 4902 3001 4957 ita
3057 4903 3253 4959 fecisse
3305 4907 3748 4963 Constantinum

476 4998 667 5067 opinio
738 5007 840 5054 est.
884 5012 994 5050 non
1040 5004 1146 5047 tam
1181 4992 1330 5063 quod
1379 5007 1503 5046 vera
1552 5007 1674 5046 esse
1709 4982 1831 5060 qua:
1876 4989 1929 5042 in
1977 5004 2105 5042 eum
2146 4987 2288 5042 dicta
2337 4988 2580 5055 fuerant,
2635 4991 2955 5058 crediderit,
2996 5009 3160 5064 quam
3210 5005 3271 5050 ut
3316 4997 3633 5056 Ecclesiam
3683 5000 3751 5056 ad

478 5093 745 5146 unitatem
785 5100 838 5143 et
908 5090 1197 5160 episcopos
1231 5087 1298 5140 ad
1333 5087 1686 5142 concordiam
1731 5085 2083 5153 perduceret.
2124 5081 2279 5146 Quod
2314 5082 2533 5154 quidem
2572 5084 2731 5139 aliter
2776 5084 2896 5140 fieri
2926 5102 3036 5140 non
3068 5088 3273 5157 potuit,
3312 5091 3425 5146 nisi
3500 5091 3753 5147 Athana-

476 5189 587 5241 sius
659 5187 1018 5256 relegaretur.
1073 5184 1239 5255 656
1288 5182 1747 5239 Connuuuiouem
1814 5180 1963 5234 enim
2029 5176 2361 5233 Arianorum
2413 5180 2639 5235 omnino
2694 5181 3073 5241 aversabatur.
3129 5186 3307 5254 Atque
3361 5186 3460 5243 ille
3505 5189 3578 5244 ad
3624 5203 3752 5243 eum

479 5280 701 5353 quidem
758 5280 978 5334 modum
1033 5280 1096 5334 ad
1154 5277 1410 5333 Treviros
1468 5277 1519 5329 in
1560 5274 1788 5331 Galliam
1834 5282 1916 5328 cst
1960 5272 2253 5327 abductus.
