3990 6456
416 320 516 388 ἓθἹ

1599 310 2029 385 mea-ruont
2070 314 2419 407 mutari

3558 325 3663 389 208

408 448 462 491 et
502 434 881 490 communioni
920 433 1133 488 videret
1167 432 1312 487 diem
1352 448 1366 487 :
1404 432 1489 488 sin
1527 448 1691 502 quam
1732 431 1849 502 ipse
1893 443 1987 485 co-

2102 448 2225 483 πιον
2254 429 2349 482 τοῦ
2381 426 2713 498 κρατοῦντος
2740 428 2829 483 τὸν
2851 428 2948 499 τῆς
2975 431 3196 485 συνόδου
3227 432 3352 505 δρον
3382 420 3665 507 ὑπέγραφε

410 529 574 590 ἰθῗὲῐ,
627 526 903 583 sententia
964 524 1200 580 maxime
1266 527 1499 580 veritate
1564 526 1860 590 niteretur,
1920 532 1980 577 ut

409 620 575 673 Arius
627 618 821 688 dignas
868 617 1047 671 lueret
1104 631 1320 686 ρωπος,
1374 615 1544 669 veluti
1596 617 1866 670 malorum
1922 612 1979 668 in

410 710 755 780 professiOne
810 707 934 762 tidei
985 709 1234 762 otnnium
1288 716 1501 763 auctor.
1553 704 1645 760 Sic
1688 705 1983 776 episcopus

407 802 716 860 Alexander
742 801 1092 871 precabatur.
1125 802 1229 855 Sed
1257 810 1316 855 et
1345 800 1645 870 imperator
1672 797 1983 871 periculum

408 897 476 950 tle
518 895 649 948 Ario
692 894 873 948 facere
914 893 1128 955 volens,
1164 893 1220 947 in
1251 891 1455 963 regiam
1490 902 1646 946 suam
1675 904 1802 944 eum
1837 888 1985 943 acci-

411 997 547 1052 tum,
584 1000 716 1039 num
764 994 820 1040 et
867 985 986 1055 ipse
1018 983 1258 1038 Nieaenis
1305 982 1546 1037 decretis
1593 980 1990 1045 assentiretur,

409 1078 645 1148 regavit.
677 1075 857 1147 Atque
891 1076 1005 1142 ille,
1030 1076 1169 1130 citra
1198 1090 1409 1129 moram
1440 1083 1496 1130 et
1527 1071 1990 1128 deliberationem

407 1181 649 1230 omnem,
704 1167 760 1221 in
814 1178 1117 1236 conspectu
1168 1165 1461 1236 principis,
1513 1164 1736 1219 decreto
1788 1158 1992 1233 synodi

408 1260 603 1313 callida
641 1258 998 1313 simulatione
1044 1256 1399 1327 subscripsit.
1440 1254 1667 1309 Factum
1710 1253 1765 1307 id
1810 1250 1992 1307 adrni-

409 1362 561 1405 ratus
606 1348 1029 1412 Constantinus,
1077 1346 1441 1419 jurejurando
1491 1360 1614 1414 quae
1664 1342 1990 1411 scripserat,

408 1444 740 1497 continuare
774 1456 902 1495 eum
947 1440 1134 1509 jussit.
1185 1439 1340 1506 Quod
1381 1449 1436 1493 et
1474 1438 1655 1508 ipsum
1695 1433 1990 1491 confestim

407 1536 598 1589 dolosa
645 1534 895 1588 adhibita
934 1532 1171 1597 fallacia,
1203 1531 1365 1585 sicuti
1411 1544 1508 1584 eos
1550 1526 1645 1598 qui
1686 1528 1753 1583 de
1786 1527 1893 1582 bac
1934 1542 1993 1582 re

410 1635 742 1689 memorant,
775 1626 964 1680 dicere
993 1624 1334 1684 audivimus,
1370 1622 1520 1676 iecit.
1558 1622 1714 1687 Quod
1753 1634 1994 1688 namque

407 1736 562 1775 suam
613 1720 683 1774 de
729 1720 919 1782 divino
967 1718 1208 1772 Numine
1260 1716 1581 1786 opinionem
1618 1716 1788 1770 Arius
1822 1715 1900 1785 (ἰ)
1938 1717 1990 1770 in

409 1815 601 1869 charta
641 1813 973 1880 descriptam
1009 1810 1113 1866 sub
1144 1809 1328 1864 axillis
1375 1810 1428 1863 in
1476 1810 1600 1863 sinu
1646 1805 1882 1871 ferebat,
1920 1808 1991 1862 ita

408 1923 468 1961 se
501 1923 633 1961 vere
681 1904 909 1968 sentire,
943 1901 1416 1973 quemadmodum
1469 1900 1811 1969 scripsisset,
1839 1900 1993 1975 jura-

410 2002 509 2056 vit.
554 1999 735 2063 Quare
787 1998 1090 2066 imperator
1144 2008 1478 2063 persuasus,
1529 1990 1886 2054 Alexandro,
1932 1999 1992 2043 nt

409 2093 600 2145 Arium
664 2088 973 2158 reciperet,
1022 2085 1277 2140 severius
1329 2083 1636 2138 mandavit.
1689 2080 1990 2135 Sabbatum

406 2192 548 2244 orat,
582 2192 638 2236 ct
684 2179 947 2250 postridie
984 2190 1044 2233 ut
1071 2177 1139 2231 ad
1174 2175 1623 2231 communionem
1668 2172 1992 2226 admittere-

410 2286 498 2330 tur
541 2275 742 2339 Arius,
794 2273 1171 2342 exspectabat.
1227 2270 1433 2325 Verum
1484 2267 1731 2321 vindicta
1784 2280 1993 2334 nequa-

407 2379 571 2433 quam
609 2372 822 2418 morata
855 2370 963 2422 est,
997 2377 1120 2430 quae
1171 2360 1401 2429 vestigia
1437 2358 1559 2429 ejus
1598 2355 1695 2426 qui
1739 2364 1850 2410 tam
1896 2354 1994 2408 ab-

408 2458 595 2511 surdis
634 2454 1090 2509 cavillationibus
1125 2467 1257 2506 usus
1292 2459 1458 2517 esset,
1494 2451 1550 2503 in
1589 2448 1827 2517 pedibus
1857 2447 1992 2516 ipsis

409 2557 495 2605 est
542 2548 815 2601 insecuta.
854 2543 931 2599 Ex
967 2544 1323 2613 imperatoris
1355 2542 1561 2612 palatio
1595 2556 1624 2595 a
1656 2541 1989 2610 quibusdam

411 2640 638 2697 Eusebii
702 2638 1034 2694 satellitibus
1086 2635 1253 2691 Arius
1316 2635 1612 2696 deductus,
1663 2648 1762 2702 per
1808 2631 1989 2686 forum

412 2735 721 2791 insolenter
776 2730 1177 2802 gradiebatnr,
1239 2737 1297 2784 et
1354 2743 1452 2798 per
1503 2728 1737 2782 mediam
1798 2727 1990 2782 urbem

412 2831 712 2886 venditans
776 2839 896 2881 sese
971 2822 1265 2879 inferebat.
1344 2822 1640 2891 Postquam
1701 2822 1768 2876 ad
1841 2821 1991 2877 Con-

410 2924 642 2980 stantini
687 2922 867 2977 lorum
928 2927 1155 2973 ventum
1207 2925 1313 2983 est,
1346 2916 1437 2971 ubi
1488 2917 1679 2986 ingens
1727 2915 1819 2970 illa
1864 2930 1994 2985 por-

409 3019 697 3093 phyretica
753 3011 1103 3070 Constantini
1184 3010 1359 3080 ipsius
1447 3009 1700 3064 columna
1778 3006 1990 3078 magni-

2093 522 2465 591 σοφιζόμενος.
2510 523 2598 574 Ἐν
2622 519 2864 591 θαύματι
2885 522 2942 576 δέ
2978 526 3037 576 τὸ
3064 522 3309 596 πραχθὲν
3337 530 3665 598 ποιούμενος

2094 613 2369 683 βασιλεὺς,
2408 614 2504 667 καὶ
2563 613 2713 683 ὅρκῳ
2749 614 3004 684 βεϐαιοῦν
3050 611 3205 686 ἔλεγε
3248 617 3316 671 τά
3362 621 3664 689 γραφέντα.

2094 707 2203 759 Καὶ
2227 705 2374 759 τοῦτ’
2407 705 2570 769 εὐθὺς
2600 706 2777 759 ἐποίει
2808 710 3167 775 σοφιστικῶς,
3193 710 3267 772 ὡς
3304 708 3667 781 ἱστορούντων

2092 798 2316 852 ἀκούειν
2352 799 2489 852 ἔστι.
2539 797 2653 870 Τὴν
2700 799 2810 870 γάρ
2852 799 3068 871 φαύλην
3116 803 3199 873 ἦν’
3239 798 3353 874 εἷχε
3401 807 3529 874 περὶ
3574 785 3667 859 τού

2094 890 2242 943 θείου
2283 890 2441 956 δόξαν
2472 891 2696 961 ’Δρειος
2742 893 2919 963 χάρτῃ
2960 894 3326 965 καταγράψας
3377 880 3470 950 int"
3498 899 3671 964 ἀοίκά-
3712 932 3717 937 -

2092 981 2191 1053 λης
2219 980 2425 1052 φέρων,
2473 980 2658 1050 ὤμνυέ
2701 999 2764 1036 τε
2796 983 3013 1055 ἀληθῶς
3060 985 3205 1040 οὕτω
3240 972 3479 1057 φρονεῗν,
3529 992 3670 1045 καθὰ

2093 1069 2314 1140 γράψας
2358 1064 2527 1140 εῖχεν.
2580 1066 2678 1133 Οἷς
2708 1069 2775 1140 δὴ
2807 1070 3059 1136 πεισθεὶς
3105 1072 3380 1144 βασιλεὺς,
3424 1077 3672 1141 Ἀλεξάν-

2093 1160 2207 1231 δρῳ
2234 1160 2487 1213 ἐκέλευεν
2513 1158 2873 1230 ἐντονώτερον
2899 1161 3236 1233 εἰσδέχεσθαι
3264 1165 3499 1233 Ἄρειον.
3534 1167 3673 1221 Σάδ-

2092 1251 2261 1304 δατον
2308 1251 2353 1304 δ’
2389 1238 2460 1321 ἦν
2485 1266 2502 1283 ο
2539 1252 2631 1304 καὶ
2674 1254 2741 1323 τῇ
2792 1251 2924 1321 ἑξῆς
2967 1256 3249 1307 κοινωνεῖν
3300 1254 3672 1326 προσδόκιμος

2091 1343 2180 1418 ἦν.
2237 1347 2380 1402 ’Δλλ’
2411 1348 2444 1418 ἡ
2478 1349 2601 1420 δίκη
2633 1347 2904 1418 μέλλουσα
2945 1345 3015 1421 ἦν
3060 1350 3303 1417 οὐδαμοῦ
3332 1366 3346 1381 ⁸
3384 1353 3574 1405 εἵπετο
3616 1353 3673 1405 δέ

2093 1437 2240 1493 κατά
2274 1439 2445 1505 πόδας
2470 1442 2583 1504 τοῖς
2609 1441 2951 1510 σοφιστικοῖς
2980 1442 3351 1513 ἁτοπήμασιν.
3398 1444 3539 1497 Ὑπὸ
3564 1447 3673 1516 γάρ

2093 1550 2203 1587 τισι
2235 1533 2559 1605 δορυφόροις
2605 1534 2721 1599 τοῖς
2750 1535 2880 1605 περὶ
2930 1536 3193 1593 Εὑσέδιον
3225 1537 3337 1592 τῶν
3382 1538 3675 1609 βασιλείων

2095 1625 2317 1696 ἀπάρας
2345 1625 2373 1678 ό
2424 1627 2664 1695 Ἀρειος,
2710 1617 2888 1680 σοϐῶν
2918 1623 2986 1698 ἦν
3031 1628 3120 1682 διὰ
3165 1629 3269 1700 τῆς
3299 1624 3531 1702 ἀγορᾶς,
3583 1635 3678 1687 καὶ

2098 1719 2480 1788 ὲμπομπεύων
2514 1718 2601 1772 διὰ
2637 1721 2813 1789 μέσης
2839 1722 2939 1791 τῆς
2984 1720 3215 1785 πόλεως.
3248 1722 3398 1776 Ἐπεὶ
3432 1723 3489 1776 δὲ
3532 1724 3675 1776 κατὰ

2095 1810 2195 1881 τὴν
2243 1811 2713 1864 Κωνσταντίνειον
2759 1812 2979 1880 ἐγένετο
3018 1814 3248 1885 ἀγοράν,
3299 1814 3433 1870 ἔνθα
3469 1816 3497 1870 ό
3542 1824 3677 1885 πορ-

2095 1903 2302 1974 φυροῦς
2330 1904 2750 1958 Κωνσταντίνου
2801 1904 2935 1958 κίων
2971 1908 3147 1975 μέγας
3182 1908 3495 1978 μεγαλωστὶ
3538 1909 3676 1962 ἀνα-

2094 1996 2305 2066 τρέχων
2354 1996 2651 2066 ἐγήγερται
2687 1996 2857 2068 (δείλη
2892 1997 2937 2049 δ’
2970 1994 3041 2068 ἦν
3069 1998 3260 2068 ὀψία),
3299 1999 3462 2069 φόϐος
3513 2001 3676 2064 εὐθὺς

2092 2089 2158 2156 τῇ
2200 2087 2381 2158 πληγῇ
2408 2086 2502 2140 τοῦ
2535 2088 2841 2153 συνειδότος
2866 2090 3138 2161 εἰστρέχει
3166 2090 3260 2146 τδν
3290 2092 3511 2164 Ἀρειον
3536 2109 3551 2124 ·
3581 2095 3679 2147 καί⁸

2095 2181 2188 2233 ἐπὶ
2233 2180 2408 2251 τούτῳ
2457 2180 2735 2251 χαύνωσις
2789 2183 2891 2251 τῆς
2935 2182 3175 2253 γαστρὸς
3218 2183 3531 2254 ἠκολούθει,
3583 2187 3677 2238 καὶ

2094 2272 2214 2335 ὅλος
2249 2272 2343 2325 τοῦ
2373 2274 2798 2339 κατεπείγοντος
2827 2270 2916 2344 ἦν,
2965 2276 3061 2328 καὶ
3088 2276 3223 2346 δῆτα
3252 2278 3387 2348 πρὸς
3415 2280 3677 2351 δημόσιον

2096 2362 2406 2432 ἀφεδρῶνα,
2442 2362 2610 2429 ἐγγύς
2646 2368 2751 2415 που
2790 2363 2945 2426 ὄντα,
2976 2365 3172 2434 εἰσῄει.
3217 2368 3675 2438 Λειποθυμήσαν-

2094 2470 2183 2516 τος
2210 2451 2524 2522 τοιγαροῦν,
2567 2451 2852 2520 αὐτόματα
2895 2452 3110 2523 ἐξέῥρει
3143 2456 3211 2507 τά
3256 2455 3676 2527 διαχωρήματα,

2093 2545 2187 2598 τοῦ
2258 2546 2357 2612 τῆς
2422 2543 2567 2613 φύας
2628 2545 2968 2614 σφιγκτῆρος
2999 2546 3383 2611 διαλυθέντος·
3416 2552 3511 2604 καὶ
3579 2551 3679 2621 τῆς

2093 2640 2258 2708 ἕδρας
2292 2637 2779 2707 παρεκπεσούσης,
2808 2633 2946 2707 αἷμα
2976 2640 3150 2709 ἐχεῖτο
3178 2641 3314 2694 πολύ
3344 2657 3357 2671 ·
3387 2642 3419 2712 ἦ
3451 2660 3509 2695 τε
3543 2644 3676 2696 πλά-

2098 2747 2179 2794 σις
2215 2730 2367 2789 ἔνδον
2421 2728 2611 2783 ἅπασα
2660 2729 2921 2799 διεχέετο,
2963 2729 3162 2801 ἔντερα
3199 2733 3309 2799 ,καὶ
3366 2710 3524 2804 ἧπαρ
3584 2710 3703 2791 καὶ,

2095 2823 2298 2893 σπλήν.
2334 2822 2443 2874 Καὶ
2479 2823 2506 2875 ὁ
2543 2822 2642 2892 μὲν
2670 2818 2861 2886 ¹οὕτως
2892 2822 3119 2877 διώλετο
3141 2838 3156 2854 ο
3186 2825 3262 2887 ὡς
3300 2824 3344 2877 δ’
3369 2827 3462 2879 ἐπὶ
3492 2826 3677 2896 πολλῷ

2094 2919 2195 2972 οὐκ
2251 2913 2421 2986 ἐξῄει,
2482 2914 2749 2975 εἰσιόντες
2803 2916 2972 2981 τινὲς,
3023 2915 3222 2986 νεκρὸν
3283 2917 3515 2988 ἐφεῦρον
3579 2922 3676 2987 τῆς

2096 3010 2333 3080 αἰσχρᾶς
2361 3006 2630 3077 καθέδρας
2663 3007 3074 3076 ὲγκεκλιμένον.
3112 3009 3172 3062 Ὀ
3194 3008 3238 3061 δ’
3266 3009 3513 3077 ἁφεδρὼν
3547 3011 3678 3078 ἄχρι

412 3118 513 3168 tice
572 3111 630 3165 in
682 3108 856 3162 altum
908 3103 1155 3159 excurrit
1205 3106 1411 3173 (serum
1457 3108 1637 3155 autem
1674 3101 1786 3155 diei
1820 3107 1990 3169 erat),

2096 3103 2159 3173 δὴ
2197 3102 2291 3155 καὶ
2326 3102 2385 3164 ἐς
2437 3099 2596 3171 δεῦρο
2645 3099 2922 3153 δείκνυται
2954 3100 3180 3155 ὄπισθεν
3226 3103 3326 3171 τῆς
3364 3098 3576 3173 ἀγορᾶς
3620 3105 3680 3157 ἐν

411 3207 575 3261 timor
633 3200 934 3268 derepente
999 3210 1066 3250 cx
1146 3193 1498 3250 conscientiae
1582 3192 1812 3247 vulnere
1858 3194 1992 3248 Ario

412 3293 661 3357 incessit,
709 3303 950 3359 cumque
997 3287 1106 3342 alvi
1156 3286 1355 3341 laxitas
1410 3285 1791 3356 consequitur.
1827 3284 1993 3355 658

415 3389 477 3442 Et
523 3386 823 3456 urgebatur
883 3395 951 3435 eo
1009 3394 1137 3434 casu
1184 3377 1467 3432 maxime:
1502 3376 1842 3446 proindeque
1903 3390 1991 3430 se-

412 3490 626 3530 cessum
683 3470 1002 3542 publicum,
1062 3468 1157 3538 qui
1229 3468 1284 3521 in
1339 3465 1652 3536 propinquo
1701 3476 1839 3530 erat,
1903 3481 1994 3535 pe-

413 3568 498 3620 tit.
533 3564 614 3618 lbi
648 3563 833 3616 animo
879 3560 930 3614 ei
966 3554 1201 3622 defecto,
1261 3569 1359 3610 sua
1418 3562 1618 3624 sponte
1674 3567 1992 3608 excremen-

415 3670 466 3711 ta
519 3656 878 3710 etiluuntzct
936 3650 986 3703 vi
1048 3657 1263 3702 natura:
1319 3645 1735 3713 constringente
1789 3642 1990 3707 soluta,

415 3750 579 3805 sedes
624 3748 740 3816 ipsa
778 3742 1040 3815 procidit,
1071 3750 1128 3796 ct
1159 3739 1370 3795 multus
1405 3737 1630 3808 sanguis
1663 3735 1991 3801 etlunditur,

415 3842 744 3897 constitutio
791 3850 1016 3907 quoque
1067 3835 1288 3889 interna
1343 3830 1600 3901 corporis
1652 3828 1835 3883 omnis
1886 3836 1994 3881 una

411 3953 538 3992 cum
577 3931 858 3990 intestinis
897 3930 1097 3998 liepate
1142 3935 1199 3982 et
1229 3926 1417 3995 splene
1455 3922 1675 3977 dillluit.
1710 3923 1888 3991 Atque
1920 3921 1993 3974 ita

415 4030 507 4085 ille
557 4026 722 4097 perit.
776 4023 914 4079 Cum
964 4028 1151 4075 autem
1189 4018 1321 4073 inde
1369 4031 1481 4072 non
1519 4014 1719 4074 exiret,
1763 4013 1992 4084 ingressi

415 4120 643 4191 quidam
691 4123 920 4187 propter
954 4109 1363 4166 diuturniorem
1408 4107 1529 4175 ejus
1578 4120 1813 4171 moram,
1851 4119 1996 4158 mor-

419 4224 573 4267 tuum
612 4211 665 4263 in
701 4207 850 4263 {mdo
896 4202 1162 4260 subsellio
1202 4200 1531 4256 reclinatum
1572 4197 1853 4251 invenere.
1896 4196 1993 4251 Se-

416 4318 608 4359 cessus
658 4303 705 4355 is
747 4300 912 4368 longo
953 4303 1078 4366 post
1126 4301 1374 4361 tempore
1418 4300 1503 4345 cat
1543 4298 1798 4343 ostensus
1846 4297 1993 4342 retro
2035 4283 2044 4290 ’

414 4400 598 4453 forum
629 4402 683 4450 et
719 4389 935 4449 macelli
962 4387 1238 4459 porticum
1275 4402 1289 4439 :
1327 4392 1702 4454 perpetuaque
1730 4381 1836 4435 loci
1874 4381 1995 4451 ejus

414 4503 471 4547 ct
499 4488 692 4545 mortis
721 4486 837 4541 Arii
873 4494 958 4538 est
990 4479 1295 4543 memoria;
1337 4476 1542 4545 quippe
1569 4489 1732 4544 quem
1766 4483 1988 4544 prmtcr-
2027 4470 2070 4526 D

414 4595 613 4641 euntes
652 4597 847 4636 omnes
886 4576 1061 4647 digito
1105 4588 1325 4642 semper
1370 4570 1659 4640 designare
1694 4569 1842 4624 soliti
1877 4570 1993 4621 fue-

416 4678 549 4731 rint.
588 4672 690 4728 Diu
722 4686 853 4726 vero
886 4676 1096 4738 postea,
1128 4663 1270 4716 fama
1295 4671 1381 4716 est
1413 4663 1691 4715 neminem
1726 4659 1989 4714 subsellio

416 4784 483 4823 eo
520 4780 682 4822 usum
721 4778 867 4818 esse.
898 4760 1108 4815 Omnes
1147 4756 1294 4811 enim
1337 4756 1515 4810 locum
1548 4770 1677 4809 eum
1713 4753 1991 4824 Iugerum,

415 4876 517 4930 pro
566 4852 892 4912 detestando
943 4850 1229 4912 habentes,
1273 4847 1326 4900 in
1370 4861 1481 4915 quo
1531 4844 1788 4900 videlicet
1833 4844 1994 4896 Arius

419 4950 727 5019 impietatis
754 4959 949 5015 poenas
983 4939 1357 5011 persolvissct.
1399 4940 1590 4994 Postea
1625 4946 1809 4991 autem
1841 4935 1994 4990 Aria-

416 5059 524 5095 nns
554 5038 801 5109 quidam,
834 5036 916 5088 vir
945 5048 1211 5104 perquam
1243 5032 1562 5102 opulentus.
1589 5029 1770 5085 locum
1816 5027 1953 5081 emit
1980 5044 1992 5079 :

415 5144 469 5187 et
507 5134 683 5185 forma
720 5130 841 5198 ejus
884 5129 1072 5197 priore
1110 5124 1334 5190 abolita,
1372 5125 1596 5177 domum
1649 5121 1993 5191 magniﬁcam

417 5227 472 5278 in
509 5238 576 5277 eo
620 5219 955 5285 construxit,
990 5230 1049 5273 ut
1083 5218 1349 5272 oblivioni
1379 5232 1470 5271 res
1499 5215 1573 5271 ibi
1610 5226 1730 5269 acta
1763 5212 1996 5267 manda-

415 5324 589 5377 retur,
622 5325 803 5380 neque
832 5310 1071 5379 amplius
1100 5322 1245 5363 mors
1271 5308 1385 5362 Arii
1418 5308 1756 5377 sempiterna
1791 5321 1996 5358 metuo-

418 5406 512 5460 rize
546 5403 920 5467 successione,
956 5403 1124 5458 veluti
1157 5417 1252 5471 per
1283 5402 1553 5455 comicum
1590 5397 1779 5454 ludum
1814 5405 1996 5466 poste-

418 5499 571 5553 ritati
598 5497 980 5553 exhiberetur.
1010 5496 1175 5551 Obitu
1204 5509 1333 5549 vero
1358 5495 1479 5564 ejus
1503 5493 1803 5562 publicato,
1833 5490 1999 5545 variae

390 5594 485 5645 "tle
513 5607 579 5646 eo
612 5590 900 5645 hominum
934 5590 1087 5647 fuere
1121 5588 1432 5658 Opiniones.
1476 5586 1817 5654 Quibusdam
1849 5584 1997 5640 enim

493 5774 569 5845 (l)
615 5772 829 5830 Socrat.
868 5771 961 5828 lib.
997 5789 1036 5842 ι,
1073 5787 1196 5843 cap.
1230 5770 1318 5825 58.

2096 3199 2161 3266 τῇ
2193 3193 2289 3248 τοῦ
2320 3192 2595 3264 μακέλλου
2627 3194 2781 3262 στοᾷ.
2825 3193 3182 3263 Ἀείμνηστος
3216 3192 3260 3246 δ’
3291 3195 3318 3247 ό
3343 3193 3543 3265 χῶρος,
3585 3194 3677 3257 ἅτε

2100 3289 2322 3343 πάντων
2368 3287 2475 3341 τῶν
2518 3286 2832 3356 παριόντων
2863 3285 3126 3339 δάκτυλον
3171 3286 3292 3340 κατ’
3328 3287 3493 3340 αὐτοῦ
3536 3290 3682 3355 ἐγει-

2098 3381 2324 3453 ρόντων.
2359 3378 2547 3450 Πολλῷ
2576 3378 2633 3432 δὲ
2663 3378 2843 3450 χρόνῳ
2866 3377 3096 3449 ὕστερον
3123 3378 3277 3446 λόγος
3305 3380 3510 3450 μηδένα
3540 3383 3680 3450 χρή-

2100 3470 2301 3523 σασθαι
2333 3472 2400 3540 τῇ
2438 3469 2681 3540 καθέδρᾳ
2712 3472 2907 3542 ταύτῃ.
2948 3469 3339 3537 Ἐφυλάττοντο
3367 3470 3476 3541 γὰρ
3505 3471 3683 3525 ἀπαν-

2094 3579 2189 3625 τες
2246 3561 2337 3614 τδν
2394 3561 2595 3615 τόπον·
2655 3562 2750 3616 καὶ
2801 3563 3173 3632 ἀποτρόπαιον
3232 3557 3402 3633 εἰχον,
3452 3565 3526 3626 ὡς
3581 3567 3678 3635 τῆς

2096 3655 2358 3719 ἀσεϐείας
2410 3655 2509 3718 τάς
2559 3655 2755 3718 ποινὰς
2811 3656 2990 3709 ἐκεῖσε
3036 3657 3251 3727 Ἀρείου
3309 3657 3679 3723 ἐκτετικότος.

2097 3748 2397 3802 Εἱσέπειτα
2421 3747 2477 3801 δέ
2510 3764 2595 3809 τις
2614 3748 2727 3801 τῶν
2748 3746 2819 3800 τά
2843 3745 3052 3801 ἐκείνου
3085 3746 3431 3818 φρονούντων
3461 3746 3681 3818 πλούτῳ

2099 3840 2304 3911 βρίθων
2338 3837 2521 3910 πολλῷ
2553 3838 2645 3892 τὸν
2682 3838 2848 3893 τόπον
2892 3841 3159 3911 ἐπρίατο·
3193 3841 3289 3893 καὶ
3318 3836 3376 3894 re
3408 3824 3681 3913 πρότερον

2097 3932 2410 4002 ἀπαλείψας
2442 3933 2651 4003 σχῆμα,
2684 3924 2864 3985 οἰκία’ν
2912 3932 3196 4003 περιφανῆ
3243 3931 3679 3998 κατεσκεύαζεν,

2096 4026 2238 4081 ὥστε
2269 4026 2404 4098 λήθῃ
2434 4025 2505 4078 τὰ
2531 4017 2629 4078 τοῦ
2655 4025 2825 4079 τόπου
2857 4022 3101 4096 δοθῆναι,
3126 4025 3221 4079 καὶ
3250 4024 3328 4095 μὴ
3362 4024 3681 4094 κωμῳδοῑτο

2097 4121 2124 4174 ό
2151 4120 2366 4173 ἐκείνου
2404 4117 2638 4180 θάνατος
2667 4119 2733 4187 τῇ
2760 4118 2859 4188 τῆς
2892 4116 3151 4187 τοιαύτης
3174 4117 3537 4187 ὑπομνήσεως
3568 4118 3682 4170 δια-

2094 4214 2246 4285 δοχῇ.
2288 4213 2374 4275 Ὠς
2405 4212 2464 4266 δέ
2498 4211 2800 4281 κατάδηλος
2824 4212 2852 4264 ό
2881 4210 3093 4265 ἐκείνου
3127 4212 3360 4274 θάνατος
3401 4210 3677 4279 ἐγεγόνει,

2095 4307 2155 4359 οὐ
2212 4306 2311 4376 μία
2339 4320 2428 4368 τις
2452 4299 2521 4374 ἦν
2560 4306 2592 4374 ἡ
2631 4303 2758 4370 δόξα
2786 4302 2889 4373 τῆς
2935 4303 3195 4373 τελευτῆς
3220 4318 3235 4334 °
3266 4305 3380 4366 τοῖς
3429 4302 3530 4373 μὲν
3568 4304 3678 4374 γὰρ

2098 4398 2292 4464 ἐδόκει,
2328 4399 2404 4460 ὡς
2442 4396 2617 4470 ἀθρόᾳ
2667 4397 2808 4466 νόσῳ
2850 4397 3083 4468 σχεθεὶς,
3131 4398 3229 4450 καὶ
3273 4395 3509 4466 πάρεσιν
3546 4396 3678 4466 περὶ

2097 4490 2198 4560 τὴν
2227 4488 2461 4559 καρδίαν
2491 4488 2755 4554 ὑποστὰς,
2789 4489 2886 4543 ἅτε
2917 4489 2984 4557 δὴ
3009 4490 3123 4549 τοῖς
3158 4488 3303 4541 κατά
3332 4487 3559 4558 γνώμην
3588 4488 3679 4539 εύ-

2099 4582 2375 4653 μοιρήσας
2431 4581 2522 4650 ὑφ’
2572 4581 2768 4652 ἡδονῆς
2817 4581 2917 4649 τὴν
2971 4581 3201 4652 καρδίαν
3261 4579 3674 4651 περιχυθείσης,

2096 4677 2293 4746 αἴφνης
2330 4673 2627 4729 ἀποθανεῖν
2655 4689 2668 4704 ⁸
2698 4677 2809 4740 τοῖς
2840 4674 2885 4727 δ’
2913 4675 2989 4737 ὡς
3025 4675 3124 4744 τῆς
3165 4673 3485 4738 δυσσεϐείας
3518 4673 3677 4738 ἀξίας

2096 4767 2242 4819 ἔτισε
2273 4765 2371 4828 τὰς
2404 4764 2599 4826 ποινάς
2623 4780 2638 4795 ’
2679 4767 2794 4829 τοῖς
2823 4764 2867 4818 δ’
2898 4765 3039 4835 ἀμφ’
3066 4766 3252 4829 αὐτὸν,
3286 4763 3364 4828 ὡς
3394 4764 3675 4834 γοητείαις

2095 4859 2128 4928 ἢ
2161 4856 2477 4927 φαρμάκοις
2515 4855 2652 4928 πρός
2684 4872 2847 4909 τινων
2890 4857 3194 4910 ἐπιϐούλων
3244 4855 3390 4909 ἐάλω
3437 4853 3676 4925 διαφθα-

2102 4947 2234 5017 ρείς.
2266 4946 2342 4998 Οὐ
2379 4945 2577 5015 μετρία
2602 4944 2661 4999 δὲ
2691 4945 2904 5014 ἀγωνία
2937 4946 3031 4998 τὸν
3062 4943 3382 5017 Νικομηδέα
3411 4946 3679 5013 κατέσχεν

2101 5036 2376 5090 Εὐσέϐιον.
2408 5037 2587 5091 Διέθει
2617 5037 2723 5109 γὰρ
2762 5039 2794 5108 ἡ
2827 5037 3030 5108 πρᾶξις
3060 5038 3121 5091 οὐ
3152 5037 3252 5109 τὴν
3298 5037 3451 5091 πόλιν
3485 5037 3675 5107 μόνην,

2097 5129 2235 5183 ἀλλά
2266 5130 2359 5183 καὶ
2388 5131 2489 5201 τὴν
2513 5130 2844 5200 οἰκουμένην
2875 5132 3057 5184 πᾶσαν
3090 5130 3277 5201 σχεδὸν
3321 5129 3676 5199 διελάμϐανε,

2099 5225 2252 5291 ταχεῖ
2277 5223 2377 5291 τῆς
2419 5225 2608 5294 φήμης
2650 5224 2728 5293 τῷ
2759 5223 2946 5295 πτερῷ
2990 5222 3364 5293 χρησαμένης.
3407 5224 3467 5275 ὐ
3496 5223 3551 5275 δὲ
3582 5220 3679 5290 βα-

2102 5317 2282 5379 σιλεὺς
2322 5316 2464 5387 ἥσθη
2505 5317 2706 5387 μᾶλλον
2742 5316 2818 5387 τῷ
2860 5317 3131 5387 γεγονότι,
3179 5319 3272 5370 καὶ
3324 5317 3401 5380 ὡς
3438 5319 3502 5370 ἐκ
3539 5314 3675 5368 Θεοῦ

2100 5408 2573 5480 ύπαγορευθεῖσαν
2602 5410 2705 5481 τὴν
2731 5413 2788 5463 ἐν
2813 5411 3021 5481 Νικαίᾳ
3054 5411 3241 5462 πίστιν
3287 5409 3488 5479 μᾶλλον
3512 5409 3679 5476 ἐκρά-

2100 5517 2249 5565 τυνε,
2286 5507 2382 5555 καὶ
2420 5501 2498 5572 τῷ
2522 5501 2939 5573 Χριστιανισμῴ
2975 5502 3276 5573 ὑπερφυῶς
3301 5502 3674 5572 προσετίθετο.

2102 5588 2269 5664 Οἶμαι
2302 5594 2347 5649 δ’
2383 5594 2484 5651 οὐκ
2514 5596 2744 5664 ἄκαιρον
2786 5596 2996 5664 γένοιτο
3044 5600 3137 5650 καὶ
3166 5597 3309 5665 ἅπερ
3335 5595 3412 5665 τῷ
3454 5589 3676 5665 μεγάλῳ
