3990 6448
422 459 519 521 ΞΗ

928 578 1091 651 660
1119 580 1345 647 CAPUT
1372 582 1484 639 LII.

421 665 499 719 De
548 668 784 755 iisJi/u‘re
840 682 1022 745 postea
1072 674 1413 755 Alexandria:
1459 680 1787 742 acciderunt.
1840 690 1888 736 et
1937 684 2000 755 de

490 747 860 815 constitutione
904 759 1065 811 quam
1101 747 1397 815 imperator
1442 758 1628 802 contra
1669 768 1845 806 omnes
1879 753 2000 806 tulit

490 809 735 868 haereses.

493 923 574 979 Eo
614 934 723 1004 tam
762 925 904 983 fceda
940 939 1115 985 morte
1141 933 1381 999 sublato,
1416 934 1579 990 finem
1615 946 1794 992 tamen
1824 951 1997 1007 nuga-

420 1024 606 1070 menta
634 1017 755 1087 ejus
781 1034 890 1074 non
933 1021 1196 1078 habuere.
1231 1025 1424 1095 Neque
1459 1028 1552 1097 qui
1587 1028 1846 1085 factionis
1876 1031 1999 1098 ejus

421 1117 579 1178 erant
629 1110 717 1165 vel
758 1113 823 1166 ad
873 1113 1042 1168 breve
1079 1124 1296 1186 tempus
1341 1117 1630 1172 desierunt
1675 1119 1905 1174 insidias
1946 1119 1996 1173 ei

417 1211 659 1269 struere,
696 1205 792 1287 qui
848 1206 900 1258 in
955 1206 1171 1287 diversa
1206 1219 1365 1264 erant
1414 1212 1710 1267 sententia.
1752 1212 1998 1281 Populus

421 1307 553 1348 sane
605 1284 1012 1373 Aleiaudrinus
1070 1299 1391 1370 frequenter
1447 1304 1513 1356 ad
1578 1305 1992 1373 imperatorem,

420 1382 514 1450 qui
546 1384 596 1437 ei
630 1372 697 1439 de
734 1377 1089 1442 restitutione
1124 1390 1409 1447 Athanasii
1442 1372 1835 1451 miserabiliter
1869 1413 1996 1468 sup-

421 1473 715 1542 plicarunt,
750 1478 920 1533 misit.
955 1479 1021 1534 Et
1055 1483 1123 1536 ad
1152 1485 1412 1539 eumdem
1440 1487 1666 1557 scripsit
1694 1489 1863 1543 multa
1889 1490 1999 1545 vir-

423 1576 537 1621 tute
571 1569 785 1648 pollens
816 1573 1110 1648 Antonius,
1140 1592 1209 1647 ne
1245 1579 1472 1649 omnino
1509 1569 1803 1639 Melitianis
1834 1584 1996 1641 fidem

421 1656 673 1741 haberet,
707 1663 799 1716 sed
833 1665 1019 1732 potius
1051 1674 1112 1720 ut
1144 1670 1558 1739 sycophantiam
1594 1675 1823 1730 omnino
1849 1691 1992 1741 esse,

421 1750 747 1837 intentatam
763 1755 1060 1814 Athanasio
1071 1762 1505 1828 accusationem,
1519 1764 1790 1830 crederet,
1810 1782 1993 1823 orans.

419 1840 723 1913 Imperator
780 1858 962 1904 autem
1003 1867 1350 1924 nequaquam
1402 1857 1725 1926 persuaderi
1770 1860 1995 1928 potuit:

1643 475 2065 538 NICEI’IlOlII
2106 480 2450 541 CALIJS’I‘I

3560 480 3659 555 212

2689 596 2935 648 KE‘I’AA.
2966 594 3087 650 NB'.

2105 685 2243 751 Περὶ
2280 687 2398 740 τῶν
2417 686 2567 755 μετὰ
2602 688 2790 741 ταῦτα
2824 688 3240 756 γεγενημένων
3298 688 3366 742 ἐν
3391 688 3660 752 Ἀλεξαν-

2175 756 2372 825 δρείᾳ·
2404 757 2503 809 καὶ
2533 758 2665 823 περὶ
2723 758 2830 810 τοῦ
2870 763 3060 821 νόμου
3092 759 3164 812 ὃν·
3188 758 3488 825 βασιλεὺς
3522 756 3659 812 κατὰ

2176 825 2393 879 πασῶν
2424 828 2593 881 ἔθετο
2628 826 2746 880 τῶν
2776 828 3085 897 αἱρέσεων.

2173 943 2282 996 Καὶ
2321 944 2513 995 τούτου
2542 942 2589 995 δ’
2620 943 2795 1007 οὕτως
2821 944 3066 1014 αἰσχρῶς
3096 947 3157 996 τὸ
3198 942 3297 1015 ζῇν
3331 942 3661 1014 ἀπορρήξαν-

2100 1051 2213 1100 τος,
2258 1034 2379 1104 οὐχὶ
2430 1035 2586 1098 τέλος
2637 1034 2796 1105 ἔσχον
2846 1038 2940 1088 καὶ
2992 1037 3048 1089 αἱ
3082 1037 3295 1089 ἐκείνου
3347 1035 3662 1105 ἐρεσχελίαι,

2099 1127 2218 1180 οὐδὲ
2249 1129 2298 1179 οἱ
2330 1127 2387 1193 ἐξ
2423 1128 2642 1180 ἐκείνου
2679 1128 2819 1199 πρὸς
2872 1129 3048 1198 βραχὺ
3084 1127 3216 1196 γοῦν
3256 1129 3497 1199 ἠρέμουν
3544 1129 3666 1198 συρ-

2103 1222 2336 1290 ῥάπτειν
2391 1221 2686 1283 ἐπιϐουλὰς
2737 1223 2853 1278 τοῖς
2902 1222 3165 1275 τάναντία
3215 1220 3554 1285 δοξάζουσιν.
3608 1221 3664 1272 '0

2103 1310 2202 1379 μὲν
2233 1306 2328 1362 οὖν
2354 1311 2464 1363 τῶν
2503 1310 2905 1380 Ἀλεξανδρέων
2936 1312 3111 1380 δῆμος
3165 1312 3376 1381 συχνῶς
3410 1314 3487 1372 είς
3516 1311 3667 1378 βασι-

2097 1403 2194 1456 λέα
2256 1404 2570 1472 πέμποντες
2629 1405 2762 1472 περὶ
2833 1404 2934 1472 τῆς
3001 1403 3335 1456 ’Δθανασίου
3403 1402 3667 1465 καθόδου,

2097 1497 2334 1567 οἰκτρῶς
2366 1496 2666 1567 ἐλιπάρουν
2694 1514 2708 1528 ·
2737 1495 2946 1566 ἔγραφε
2978 1495 3035 1549 δέ
3064 1496 3152 1548 καλ¹
3183 1497 3210 1549 ὁ
3240 1495 3410 1559 πολὺς
3432 1496 3530 1565 τὴν
3551 1496 3670 1564 ἀρε-

2097 1589 2198 1659 τὴν
2240 1586 2543 1652 Ἀντώνιος,
2603 1588 2928 1652 ἀντιϐολῶν,
2978 1589 3052 1657 μὴ
3111 1589 3346 1657 πάμπαν
3403 1580 3668 1641 πιστεύειν

2096 1682 2208 1742 τοῖς
2245 1679 2591 1741 Μελιτιανοῖς
2619 1695 2632 1709 ·
2668 1666 3037 1745 συκοφαντίας
3068 1676 3117 1730 δ’
3154 1676 3370 1747 ἀληθῶς
3417 1675 3554 1730 εἶναι
3585 1694 3668 1729 πι-

2099 1770 2311 1823 στεύειν
2339 1770 2439 1834 τὰς
2464 1772 2586 1824 κατ’
2634 1769 2962 1824 Ἀθανασίου
2993 1769 3358 1840 κατηγορίας.
3405 1768 3465 1823 ’0
3491 1770 3543 1822 δὲ
3578 1769 3671 1839 βπ-

2100 1864 2281 1926 σιλεὺς
2322 1864 2574 1934 οὐδαμῶς
2629 1864 2878 1917 ἐπείθετο
2912 1900 2926 1924 .
2967 1861 3105 1916 ἀλλὰ
3155 1862 3236 1933 τῷ
3288 1863 3389 1931 μὲν
3432 1860 3671 1926 Ἀλεξαν-

420 1936 516 1991 sed
570 1939 776 2022 pupulo
828 1941 1205 2001 Alexandrino
1256 1949 1610 2016 rescribens,
1662 1949 1995 2007 dementiam

2102 1957 2269 2025 δρέων
2297 1956 2460 2027 δήμῳ
2510 1960 2741 2027 γράφων
2771 1957 2961 2010 ἄνοιαν
2990 1957 3085 2010 καὶ
3129 1954 3363 2020 ἀταξίαν
3394 1955 3665 2007 ἐνεκάλειο

362 2052 377 2069 ο
421 2038 588 2097 atque
624 2031 993 2092 inordinatam
1036 2038 1420 2094 confusionem
1462 2043 1687 2111 objecit.
1722 2043 1997 2099 Sacerdo-

423 2122 573 2178 tibus
626 2134 836 2192 autem,
883 2135 942 2183 et
993 2130 1373 2201 virginitatem
1410 2134 1728 2191 colentibus
1760 2136 1994 2203 scilicet,

419 2225 481 2271 ut
520 2219 691 2288 quieti
736 2231 959 2288 essent,
998 2226 1299 2285 mandavit.
1335 2225 1526 2297 Neque
1556 2229 1705 2283 enim
1756 2245 1996 2300 unquam

418 2327 478 2391 se
537 2323 883 2399 mutaturum
933 2317 1001 2371 de
1052 2317 1355 2374 Athanasio
1409 2322 1769 2389 sententiam,
1814 2340 1997 2394 neque

419 2413 550 2482 eum
587 2414 975 2482 revocaturum
1023 2419 1147 2462 esse
1186 2409 1427 2463 asseruit
1462 2427 1476 2464 :
1514 2420 1772 2481 tanquam
1810 2414 1994 2468 virum

419 2481 780 2571 seditiosum,
834 2505 892 2577 et
944 2498 1217 2553 malorum
1276 2510 1633 2570 patratorem,
1685 2504 1993 2574 praesertim

419 2601 546 2670 cuin
614 2588 996 2663 ecclesiastico
1063 2592 1278 2663 judicio
1350 2596 1752 2651 condemnatus
1820 2603 1990 2651 esset.

418 2666 573 2767 Clam
605 2694 825 2763 quoque
856 2682 1097 2738 Antonio
1140 2683 1509 2755 signiﬁcavit,
1555 2702 1615 2742 se
1656 2686 1851 2758 synodi
1898 2686 1999 2742 de-

419 2782 578 2854 creta
613 2788 723 2828 non
770 2774 931 2831 facile
980 2776 1135 2833 irrita
1170 2777 1352 2836 facere
1383 2796 1564 2851 posse.
1594 2781 1730 2837 Nam
1773 2780 1995 2836 etiamsi

421 2866 602 2951 pauci,
636 2867 839 2938 inquit,
885 2868 1112 2935 fuerint,
1147 2873 1241 2944 qui
1280 2873 1467 2929 IlOSliII
1503 2876 1690 2929 animo
1717 2874 1995 2929 sententia

419 2974 520 3012 sua
568 2959 722 3015 illum
768 2964 1098 3032 jugularint,
1143 2975 1321 3020 tamen
1368 2966 1641 3036 reliquam
1686 2976 1997 3022 conventus

419 3055 540 3129 ejus
586 3054 1000 3110 multitudinem
1039 3056 1313 3112 bonorum
1356 3068 1411 3113 et
1441 3059 1798 3127 probatorum
1846 3060 1995 3114 viro-

422 3132 568 3225 rum,
600 3165 709 3204 nou
743 3151 813 3205 ita
845 3151 1170 3220 simpliciter
1192 3161 1249 3206 et
1277 3160 1482 3205 temere
1512 3166 1741 3221 prorsus
1773 3151 1991 3209 illorum

421 3244 663 3319 calculos
697 3242 868 3327 fuisse
898 3254 1233 3300 secuturam.
1264 3243 1495 3298 Addidit
1524 3244 1771 3314 insuper,
1796 3245 1994 3303 θαι-ειιί
2020 3278 2066 3343 c

421 3352 544 3405 esse
566 3335 774 3409 lingua,
807 3345 864 3416 et
900 3335 1362 3416 contumeliosum
1393 3336 1573 3409 virum
1608 3339 1994 3408 Athanasium,

424 3440 590 3500 atque
626 3431 692 3513 au
727 3410 1031 3511 seditiones
1053 3419 1111 3506 et
1140 3412 1451 3513 discordias
1485 3422 1840 3489 concitandas
1875 3433 1996 3489 ido-

426 3542 613 3613 l‘lelllll.
638 3506 715 3580 Ita
748 3506 984 3594 namque
1018 3524 1113 3595 qui
1145 3506 1335 3579 hostili
1363 3512 1570 3611 incum
1601 3516 1760 3582 erant
1789 3528 1996 3594 animo,

425 3619 570 3701 apud
610 3621 995 3703 imperatorem
1031 3617 1100 3672 de
1143 3617 1344 3699 talibus
1375 3618 1863 3700 criminibuspeum
1899 3620 1997 3675 de-

426 3717 671 3783 tulerant
695 3711 711 3767 τ’
739 3728 865 3768 cum
903 3711 1296 3781 imperatorem
1328 3712 1537 3767 scirent
1571 3713 1702 3768 vitia
1727 3714 2000 3784 ejusmodi

426 3824 592 3882 supra
622 3806 846 3861 modum
882 3805 1123 3875 graviter
1167 3805 1336 3859 ferre.
1361 3788 1555 3882 Porro
1584 3821 1709 3860 cum
1747 3808 2001 3861 multitu-

425 3880 609 3973 dinem
663 3903 717 3955 in
764 3900 906 3954 duas
949 3915 1071 3955 esse
1120 3899 1292 3957 sciret
1336 3880 1608 3955 factiones
1652 3882 1904 3964 divisam,
1947 3909 2005 3956 et

426 3972 590 4067 aliam
624 3991 950 4054 Athanasio,
975 3991 1141 4067 aliam,
1161 4000 1347 4047 autem
1376 3982 1574 4045 Joauui
1603 3980 1815 4058 favere,
1843 3994 2001 4048 valde

425 4064 491 4158 ea
539 4102 596 4140 ie
641 4073 950 4140 commotus
997 4064 1267 4140 Joannem
1313 4097 1534 4152 quoque
1579 4072 1759 4148 ipsum
1803 4085 2003 4139 exsilio

428 4181 704 4257 multavit.
752 4178 851 4232 llic
893 4187 1075 4232 autem
1121 4166 1309 4231 Melitii
1344 4176 1653 4254 successor,
1696 4178 1751 4231 in
1789 4178 2003 4249 synodo

428 4256 591 4349 Tyria
620 4256 1014 4342 communione
1040 4269 1141 4333 uti,
1174 4256 1558 4339 honoremque
1583 4286 1745 4325 suum
1774 4272 1828 4326 in
1856 4272 2005 4326 clero

428 4346 554 4435 suo,
579 4367 739 4422 sicuti
787 4346 845 4419 et
892 4348 1198 4419 sectatores
1246 4362 1387 4429 ejus,
1413 4362 1614 4417 habere
1666 4364 1853 4434 jussus
1887 4364 2005 4419 fue-

428 4472 532 4535 rat.
584 4442 656 4516 At
716 4440 971 4535 quamvis
1004 4457 1109 4512 hoc
1152 4441 1350 4533 praeter
1384 4454 1700 4523 opinionem
1756 4455 2002 4510 Athana—

428 4557 495 4622 sii
549 4551 902 4628 inimicorum
975 4547 1174 4610 accidit
1221 4565 1236 4600 :
1282 4545 1490 4628 accidit
1556 4555 1759 4602 tamen.
1814 4548 2002 4618 Neque

2101 2050 2308 2120 ἱερεῦσι
2356 2049 2416 2104 δὲ
2468 2050 2559 2103 καὶ
2605 2048 2908 2119 παρθενίαν
2960 2047 3221 2101 ἀσκοῦσιν
3256 2046 3490 2117 ἡσυχίαν
3521 2046 3670 2115 ἄγειν

2099 2143 2385 2196 ἐπέταττε.
2436 2142 2587 2213 Μηδὲ
2627 2141 2735 2213 γὰρ
2773 2141 2838 2194 ἄν
2869 2158 3000 2195 ποτε
3042 2140 3410 2213 μετατεθῆναι
3449 2138 3547 2209 τὴν
3586 2136 3669 2189 ἐπ’

2099 2235 2247 2305 αύτῷ
2274 2233 2503 2304 γνώμην
2526 2224 2817 2296 ἐνίστατο,
2837 2231 2914 2296 ὡς
2940 2231 3063 2285 ούδέ
3097 2230 3467 2302 μετακαλέσοι
3494 2228 3672 2289 αὑτὸν,

2098 2319 2187 2378 οἷα
2227 2324 2291 2395 δὴ
2329 2324 2599 2393 στασιώδη
2636 2326 2732 2375 καὶ
2783 2322 2987 2394 ῥέκτην
3017 2319 3205 2375 κακῶν
3230 2337 3246 2355 ο
3291 2320 3472 2382 ἄλλως
3497 2337 3550 2372 τε
3587 2318 3674 2371 καὶ

2098 2418 2176 2481 ώς
2211 2416 2642 2485 ἐκκλησιαστικῇ
2672 2414 2796 2485 δίκῃ
2825 2412 3331 2482 καταψηφισθέντα.
3382 2411 3590 2482 Ἦρέμα
3619 2410 3673 2462 δὲ

2100 2510 2196 2563 καὶ
2234 2508 2503 2577 Ἀντωνίῳ
2531 2508 2823 2577 ἐσήμαινε,
2863 2505 2940 2576 μὴ
2966 2500 3076 2567 οἷός
3107 2522 3167 2558 τε
3198 2501 3341 2558 εἶναι
3384 2504 3453 2557 τὰ
3482 2502 3674 2571 συνόδῳ

2100 2601 2405 2673 κεκριμένα
2428 2600 2668 2671 εὐχερῶς
2695 2598 2956 2654 διαλύειν.
2987 2599 3048 2650 Εἰ
3081 2599 3189 2668 γάρ
3221 2614 3323 2650 που
3354 2601 3453 2651 καὶ
3483 2595 3672 2659 ὀλίγοι,

2099 2695 2287 2764 φησὶν,
2326 2690 2466 2764 ἦσαν
2500 2692 2550 2745 οἱ
2602 2693 2744 2764 πρὸς
2780 2691 3080 2762 ἀπέχθειαν
3136 2689 3674 2760 καταψηφισάμενοι,

2098 2785 2159 2838 ού
2197 2785 2415 2848 πάντως
2440 2779 2581 2837 εἶναι
2618 2786 2713 2839 καὶ
2739 2785 2838 2854 τὴν
2862 2784 3033 2853 ἄλλην
3058 2784 3157 2854 τῆς
3191 2779 3415 2835 συνόδου
3444 2780 3672 2850 πληθὺν,
3732 2800 3735 2803 ι

2102 2876 2315 2946 ἀγαθὴν
2344 2874 2488 2928 οὕτω
2521 2876 2618 2927 καὶ
2653 2874 2940 2943 ἐλλόγιμον
2972 2873 3160 2936 οὖσαν,
3202 2872 3396 2935 ἁπλῶς
3424 2872 3565 2925 οὕτω
3589 2887 3678 2922 συ·

2101 2969 2360 3039 νέψεσθαι
2387 2969 2507 3031 ταῖς
2557 2965 2787 3020 ἐκείνων
2830 2968 3100 3034 γνώμαις.
3147 2965 3471 3034 Προσετίθει
3503 2964 3579 3026 δὲ,
3608 2949 3691 3022 ὅς’

2099 3061 2399 3121 ἀκόλαστος
2434 3059 2534 3128 τὴν
2579 3055 2840 3125 γλῶσσαν
2891 3058 2985 3109 καὶ
3031 3056 3298 3129 ὑϐριστὴς
3337 3057 3678 3116 Ἀθανάσιος,

2098 3151 2193 3204 καὶ
2229 3152 2447 3214 στάσεις
2473 3150 2569 3203 καὶ
2597 3149 2869 3219 διχονοίας
2910 3151 3155 3220 ἐνεργεῖν
3195 3149 3378 3214 δεξιός
3405 3165 3419 3179 ’
3459 3149 3549 3205 καὶ
3579 3147 3680 3213 γάρ

2100 3261 2219 3307 πως
2267 3246 2316 3296 οί
2351 3243 2536 3305 κακῶς
2593 3244 2729 3313 πρὸς
2766 3241 2929 3295 αὐτὸν
2982 3242 3203 3311 ἔχοντες
3248 3243 3306 3293 ἐν
3347 3241 3566 3302 τούτοις
3609 3242 3681 3299 εξς
3718 3244 3723 3249 ’

2101 3334 2328 3408 βασιλέα
2366 3333 2634 3398 διέϐαλον,
2664 3331 2869 3395 εἰδότες
2894 3332 2985 3386 τὸν
3013 3333 3241 3401 βασιλέα
3269 3335 3391 3398 τοῖς
3423 3331 3681 3389 τοιούτοις

2098 3427 2395 3500 ὑπερφυῶς
2447 3427 2772 3499 ἀχθόμενον.
2814 3426 3132 3493 Τηνικαῦτα
3168 3426 3225 3480 δέ
3265 3428 3434 3495 γνοὺς
3485 3428 3564 3488 εἰς
3589 3424 3679 3475 δύο

2098 3521 2425 3595 διαιρεῖσθαι
2475 3521 2543 3573 τὰ
2615 3521 2822 3591 πλήθη,
2885 3519 2981 3574 καὶ
3028 3520 3156 3582 τοὺς
3217 3519 3319 3587 μὲν
3378 3517 3677 3583 Ἀθανασίῳ

2101 3609 2490 3680 προσκεῖσθαι,
2543 3610 2670 3671 τοὺς
2716 3608 2771 3661 δὲ
2822 3609 3067 3676 Ἰωάννῃ,
3109 3607 3320 3676 σφόδρα
3372 3607 3678 3678 χαλεπήνας

2102 3705 2199 3755 καὶ
2250 3701 2416 3755 αὑτὸν
2458 3699 2714 3771 Ἰωάννην
2746 3699 3032 3769 ἐξώρισεν.
3066 3695 3174 3752 ἠν
3218 3698 3276 3752 δέ
3329 3694 3489 3761 οὗτος
3523 3697 3679 3753 Μελι-

2102 3794 2219 3848 τίου
2253 3793 2497 3863 διάδοχος
2525 3793 2618 3846 καὶ
2652 3792 2804 3862 παρὰ
2835 3792 2933 3860 τῆς
2965 3793 3023 3843 ἐν
3049 3792 3214 3863 Τύρῳ
3247 3795 3470 3845 συνόδου
3495 3807 3679 3845 κοινω-

2104 3870 2678 3959 νῆσαιπροσταχθεὶς
2711 3887 2804 3937 καὶ
2852 3888 2947 3947 τὰς
2996 3891 3165 3954 τιμᾶς
3210 3885 3323 3939 τῶν
3364 3885 3511 3939 ίδίων
3543 3885 3679 3953 ἔχειν

2104 3981 2345 4052 κλήρων,
2403 3980 2499 4051 καὶ
2540 3978 2590 4031 οἳ
2625 3979 2742 4049 μετ’
2772 3978 2939 4030 αὐτοῦ
2969 3974 3127 4049 ἦσαν.
3176 3979 3373 4033 Καίτοι
3426 3996 3490 4047 γε
3534 3977 3678 4047 παρὰ

2104 4075 2331 4145 γνώμην
2361 4058 2518 4126 τοῦτο
2564 4072 2627 4142 δὴ
2660 4072 2849 4140 γέγονε
2891 4073 3003 4132 τοῖς
3051 4053 3380 4127 Ἀθανασίου
3427 4072 3677 4141 ἐχθροίςο

2105 4164 2321 4235 ἐγένετο
2350 4163 2395 4220 δ’
2416 4164 2526 4219 οὖν.
2559 4165 2668 4217 Καὶ
2709 4164 2930 4234 Ἰωάννῃ
2957 4164 3161 4234 ἥκιστα
3191 4160 3337 4235 ἦσαν
3365 4166 3444 4228 είς
3470 4164 3673 4232 ὄνησιν,

2104 4262 2206 4315 ὅσα
2234 4261 2283 4314 οἱ
2312 4262 2368 4313 ἐν
2402 4259 2564 4330 Τύρῳ
2613 4256 2762 4328 αύτῷ
2813 4258 3245 4325 συνεκρότησαν.
3287 4255 3349 4310 Ὀ
3378 4257 3489 4327 γὰρ
3531 4254 3680 4324 βατι-

2106 4349 2232 4412 λεὺς
2273 4349 2544 4420 κρείττων
2577 4348 2785 4409 ἱκεσίας
2822 4338 2889 4415 ἦν
2930 4344 3025 4396 καὶ
3078 4343 3438 4412 παντοδαπῆς
3488 4356 3682 4409 παραι-

2105 4443 2337 4512 τήσεως.
2371 4440 2613 4507 ὁπηνίκα
2641 4441 2699 4490 ἐν
2731 4436 3015 4497 ὑπονοίαις
3037 4434 3163 4504 ἔςχε
3198 4434 3346 4498 τινὰ,
3378 4436 3463 4497 εἰς
3488 4435 3683 4486 στάσιν

2108 4539 2204 4591 καὶ
2235 4537 2504 4606 μερισμὸν
2530 4534 2624 4587 τὸν
2644 4532 2926 4605 Χριστώνυ
2937 4549 3035 4601 μον
3060 4530 3263 4599 κλῆρον
3290 4529 3369 4582 διε
3382 4527 3680 4599 ρεθίζοντα.

430 4616 634 4718 Ioanni
694 4642 959 4713 profuere
1006 4638 1334 4718 quidquam,
1380 4623 1500 4707 qua:
1549 4638 1742 4709 Tyria
1784 4616 2000 4711 'synodo

2121 4632 2318 4684 ἰοτέον
2361 4629 2547 4696 μέντοι
2576 4627 2651 4688 ὡς
2679 4627 2741 4679 τὸ
2781 4624 2992 4694 ’Δρείου
3028 4616 3227 4693 δόγμα,
3260 4624 3310 4685 εί
3344 4623 3440 4674 καὶ
3472 4619 3684 4710 πρλλοῖς

428 4716 547 4794 acta
597 4722 928 4805 decretaque
987 4716 1224 4789 fuerant.
1250 4731 1410 4803 661
1440 4729 1742 4801 Imperator
1765 4748 2003 4802 namque

429 4810 575 4899 nulla
616 4804 1031 4904 supplicatione
1091 4830 1186 4875 aut
1247 4804 1635 4890 deprecatione
1699 4820 1845 4877 [lecti
1902 4837 2001 4891 po-

430 4907 670 4992 tuit-(1),
704 4911 1005 4987 siquando
1036 4912 1404 4981 suspicionem
1445 4913 1496 4965 in
1543 4905 1900 4985 quemquam,
1933 4914 2001 4969 ad

430 5017 761 5083 :editioneni
786 5025 913 5063 eum
948 5017 1006 5062 et
1040 5005 1433 5061 discessionem
1466 5003 1845 5060 Christianum
1890 5007 2003 5071 cle—

433 5123 554 5162 rum
590 5080 894 5165 concitare,
936 5082 1302 5168 concepisset.
1340 5096 1493 5167 Scire
1554 5107 1739 5151 autem
1784 5106 2003 5166 oportet

430 5200 545 5254 Arii
582 5198 805 5265 dogma,
834 5192 1088 5267 quamvis
1139 5207 1169 5245 a
1222 5191 1407 5245 multis
1464 5205 1661 5260 magno
1714 5191 1899 5245 studio
1947 5190 2004 5244 in

432 5288 787 5365 sermonibus
813 5293 869 5340 et
891 5268 1361 5354 disputationibus
1386 5280 1861 5353 frequentaretur,
1885 5283 2004 5336 sine

348 5398 353 5403 ‘
434 5383 659 5451 nomine
693 5362 875 5433 tamen
907 5379 1075 5431 etiam
1112 5386 1225 5430 tum
1266 5376 1458 5441 fuisse,
1496 5390 1675 5446 neque
1712 5375 1766 5427 in
1802 5388 2006 5444 corpus

433 5473 719 5561 proprium
745 5469 1039 5525 coaluisse.
1065 5468 1201 5523 Nam
1235 5478 1433 5538 pra-ter
1455 5467 1810 5529 Novatianos,
1836 5465 2007 5537 Pliry-

432 5558 547 5635 gcs,
574 5561 1007 5625 Valentinianus,
1032 5560 1509 5633 Ma_rcionistas,et
1540 5558 1855 5622 Paulianos,
1887 5572 2003 5611 oui—

505 5713 582 5780 (l)
627 5714 687 5764 '0
721 5713 829 5784 γὰρ
884 5714 1135 5783 βασιλεὺς
1188 5714 1460 5783 κρείττων
1524 5713 1734 5775 ἱκεσίας
1804 5731 1853 5783 γν
1911 5716 2005 5767 καὶ

435 5783 1230 5855 παντοδαπῆςπαραιτὴσεως,
1297 5784 1534 5854 ὁπηνίκα
1609 5784 1666 5835 ἐν
1728 5784 2005 5855 ὑπονοίαις

435 5850 558 5923 ἔσχε
590 5855 710 5907 τινὰ
738 5850 816 5918 εἰς
846 5850 1151 5909 necuim
1190 5850 1461 5923 μερισμὸν
1492 5855 1582 5904 τὸν
1620 5854 2006 5922 χριστώνυμον

438 5922 639 5995 κλῆρον
687 5924 1074 5996 διερεθίζοντα.
1120 5922 1419 5994 Imperator
1463 5941 1638 5993 preces
1670 5934 1717 5977 et
1749 5925 1997 5977 ἄσωστο-

535 5996 541 6013 ι
776 6006 779 6009 -
1212 6004 1216 6009 ο
1471 6009 1473 6012 .

2106 4724 2249 4776 κατὰ
2278 4719 2514 4784 διάλεξιν
2552 4721 2610 4772 ἐν
2641 4717 2845 4788 σπουδῇ
2894 4712 2987 4788 ἦν,
3018 4715 3134 4769 ἀλλ’
3169 4715 3249 4770 ἔτι
3294 4716 3436 4778 τέως
3482 4713 3681 4768 ἀνώνυο

2111 4834 2211 4886 μον
2244 4811 2315 4885 ἦν
2339 4814 2475 4880 ,οκαὶ
2495 4814 2617 4883 οὐχὶ
2643 4813 2721 4874 είς
2741 4812 2872 4865 τδιον
2898 4811 3154 4879 σύστημα
3181 4806 3508 4881 διεκρίνετο.
3541 4804 3685 4872 Πλὴν

2106 4909 2218 4978 γὰρ
2271 4906 2630 4960 Ναυατιανῶν
2665 4904 2761 4958 καὶ
2815 4903 3066 4972 Φρυγῶν,
3103 4899 3577 4956 Οὐαλεντινιανῶν
3628 4912 3684 4947 τε

2107 5000 2205 5053 καὶ
2229 4998 2667 5071 Μαρκιωνιστῶν
2698 5000 2794 5052 καὶ
2837 4999 3177 5062 Παυλιανῶν,
3209 4997 3456 5060 ἅπαντες
3484 4997 3606 5064 ἅμα
3628 5009 3685 5044 τε

2108 5090 2449 5156 ἐκοινώνουν,
2511 5091 2608 5143 καὶ
2649 5076 2757 5143 ’ὑπὸ
2825 5090 2975 5157 μίαν
3004 5088 3306 5160 ἐκκλησίαν
3362 5089 3684 5157 συνήγοντο.

2109 5183 2268 5236 Κατὰ
2289 5183 2348 5236 δέ
2387 5182 2495 5235 τῶν
2528 5184 2838 5253 εἰρημένων
2872 5182 3140 5252 αἱρέσεων
3171 5183 3269 5235 ἕνα
3316 5181 3486 5249 νόμον
3527 5180 3686 5247 θέμει

2109 5293 2198 5339 νος
2227 5278 2255 5329 ὁ
2289 5274 2567 5345 βασιλεὺς,
2589 5273 2891 5343 προσέταξε
2922 5274 2991 5326 τὰ
3017 5275 3287 5343 εύκτήρια
3309 5272 3681 5340 ἀφαιρεῖσθαι,

2111 5367 2445 5435 συνάγεσθαι
2498 5368 2553 5418 δὲ
2594 5368 2717 5430 ταῖς
2763 5366 2995 5419 καθόλου
3049 5364 3410 5436 ἐκκλησίαις·
3448 5360 3685 5430 ἀλλαχοῦ

2110 5462 2165 5514 δὲ
2203 5462 2276 5533 μὴ
2310 5461 2510 5526 ἐξεῖναι
2537 5461 2674 5529 μήτε
2710 5460 2818 5529 ἰδίᾳ
2845 5459 2983 5528 μήτε
3005 5458 3240 5527 δημοσίᾳ
3269 5456 3684 5526 ἐκκλησιάζειν*

2107 5555 2226 5609 ἀλλ’
2254 5556 2315 5606 ἐν
2342 5553 2507 5624 κοινῴ
2543 5552 2749 5616 πάντας
2776 5551 3169 5605 συνεϐούλευεν
3208 5551 3459 5606 εἰσιέναι.
3508 5548 3599 5612 Ἐξ
3622 5541 3686 5617 ἧς

2108 5717 2272 5769 tiones
2298 5730 2474 5767 omnes
2496 5730 2677 5767 eorum
2708 5714 3042 5784 repudiabat,
3064 5716 3154 5783 qui
3176 5713 3402 5781 suspecti
3441 5713 3487 5765 ei
3515 5718 3685 5768 erant,

2108 5786 2245 5855 quod
2272 5786 2339 5837 ad
2367 5785 2644 5839 dissidium
2686 5792 2735 5837 et
2766 5784 3019 5853 farliones
3064 5786 3259 5839 Christi
3299 5798 3491 5855 nomen
3537 5795 3686 5855 usur-

2109 5851 2321 5925 pantem
2361 5855 2559 5909 clerum
2604 5851 2943 5908 concitarent.
2992 5855 3261 5910 Eusebius
3300 5852 3376 5905 De
3415 5854 3523 5905 rita
3558 5851 3685 5904 (Iou-

2106 5928 2328 5982 διιινιιὲηἰ
