3990 6440
417 384 525 454 219

1648 412 1700 472 Ν
1708 417 1765 474 If
1760 418 2067 482 .EPIIORI
2105 425 2447 490 CALLfSTI
3092 457 3119 493 δ

3575 450 3673 513 220

415 511 598 558 tantos
626 502 774 561 viros
806 506 1072 580 deceptus
1110 500 1306 572 exsilio
1339 519 1680 581 multaverit.
1720 529 1856 585 Nam
1890 535 1976 602 qui

416 594 466 624 ἷιΙ
500 595 548 624 ηε
583 611 910 624 nnun..---_-
991 607 1196 624 ___.!-.,-.
1218 623 1253 624 ,,
1639 619 1656 624 _

2092 535 2412 598 Ἀθανάσιον
2436 560 2450 576 ⁸
2479 544 2571 597 καὶ
2609 544 2780 600 ταῦτα
2814 550 3083 619 παρόντος
3113 552 3191 608 Εὐ
3210 556 3413 624 σεείου,
3453 561 3543 615 καὶ
3582 566 3676 617 τά-

416 594 466 646 id
498 595 549 649 ei
583 611 935 666 persuasere,
987 607 1265 663 antistites
1316 625 1599 671 sacrorum
1633 619 1810 690 fuere,
1843 624 1988 682 intra

413 701 472 739 se
495 688 719 756 quidem
746 690 993 748 fraudem
1030 697 1103 750 illi
1135 709 1190 753 et
1220 700 1405 756 dolum
1435 688 1805 782 occultantes,
1831 728 1987 774 extra

411 793 543 833 vero
595 782 948 849 splendorem
1008 794 1361 861 magnificum
1420 817 1530 868 pra:
1586 821 1645 860 se
1690 806 1985 869 ferentes:

410 876 631 942 quando
671 879 836 933 etiam
870 882 1117 939 divinum
1162 899 1219 942 et
1263 903 1521 963 ma'guum
1560 899 1718 955 illum
1753 907 1991 976 prophe-

413 980 520 1020 tam
552 970 809 1026 Davidem
838 992 961 1043 non
992 981 1237 1048 pontifex
1265 986 1490 1056 aliquis,
1526 993 1620 1046 sed
1650 994 1989 1057 domesticus

410 1059 643 1114 verbero
690 1080 884 1141 servus
926 1069 1166 1142 (ἱροί-ρει.
1214 1074 1401 1132 Sibam
1443 1082 1590 1137 enim
1637 1085 1815 1156 illum,
1854 1092 1989 1147 satis

408 1152 524 1205 scio
551 1157 699 1222 quod
727 1157 975 1216 leaeritis
1011 1165 1146 1232 z'qui
1180 1167 1435 1224 confictis
1467 1176 1771 1234 mendaciis
1801 1197 1985 1250 regem

408 1256 598 1301 contra
626 1248 979 1319 Miphlboset,
1007 1267 1061 1308 ut
1082 1273 1243 1328 agros
1274 1262 1349 1315 illi
1377 1266 1643 1333 auferret,
1666 1248 1983 1330 concitavit.

406 1336 560 1403 Quod
614 1344 840 1409 quidem
883 1361 991 1401 non
1028 1350 1190 1416 ideo,
1229 1364 1288 1408 ut
1331 1355 1661 1426 Pr0phetam
1707 1379 1983 1433 accusem,

406 1429 566 1484 dixi:
602 1433 696 1487 sed
748 1444 808 1487 ut
856 1435 1247 1507 imperatorem
1292 1445 1611 1515 defendam,
1664 1463 1721 1508 et
1771 1466 1985 1513 natura:

408 1523 664 1579 humanae
696 1528 1135 1588 imbecillitatem
1169 1536 1446 1595 declarem
1486 1559 1500 1596 :
1538 1546 1819 1617 simulque
1847 1550 1984 1607 illud

406 1618 755 1686 admoneam,
782 1637 852 1677 ne
880 1625 1065 1679 statim
1093 1642 1326 1696 prorsus
1346 1624 1790 1705 accusatoribus,
1816 1644 1982 1699 etiam

404 1708 449 1759 si
503 1708 619 1763 sint
669 1712 756 1765 vel
801 1715 1073 1784 praeclari,
1104 1720 1192 1773 vel
1228 1733 1418 1777 exacta
1464 1736 1627 1783 aetate
1672 1731 1799 1797 viri,
1846 1732 1985 1790 fides

407 1800 699 1863 habeatur.
744 1805 840 1860 sed
883 1815 942 1861 ut
974 1810 1125 1866 auris
1169 1812 1341 1869 altera
1386 1831 1608 1887 semper
1650 1822 1976 1882 adversario

408 1905 747 1950 reservetur.
785 1898 1202 1958 Testamentum
1255 1907 1400 1975 apud
1456 1883 1836 1983 presbyterum
1885 1918 1983 1973 de-
2017 1883 2059 1937 Β

407 1989 613 2055 posuit,
664 2005 828 2059 quem
876 1992 993 2048 Arii
1046 1995 1394 2055 laudatorem
1453 2002 1774 2062 Constantia
1826 2024 1988 2065 soror

405 2080 549 2148 ejus,
566 2082 873 2154 eademque
897 2086 1097 2145 Licinii
1124 2092 1353 2162 conjux,
1377 2098 1623 2154 moriens
1640 2100 1691 2155 ei
1720 2110 1779 2155 ut
1803 2102 1985 2158 virum

410 2180 615 2232 bonum
647 2184 1161 2242 commendaverat.
1198 2188 1255 2243 id
1280 2190 1602 2261 iuramento
1635 2198 1983 2269 interposito,

404 2272 750 2339 Constantio,
784 2294 911 2333 cum
943 2295 1009 2334 ex
1039 2278 1267 2339 Oriente
1298 2287 1530 2351 veniret,
1563 2288 1807 2346 dandum
1844 2309 1986 2365 prte-

406 2368 574 2437 cepit.
606 2367 686 2422 Ex
713 2368 839 2427 ﬁliis
867 2372 1018 2427 enim
1046 2373 1338 2433 decedenti
1372 2381 1559 2436 nullus
1588 2384 1769 2441 afluit.

1000 2595 1226 2657 CAPUT
1265 2601 1374 2658 LV.

406 2700 479 2755 De
506 2703 784 2773 sepultura
807 2709 931 2796 ejus.
949 2727 966 2765 :
988 2714 1111 2768 item
1136 2718 1321 2796 quibus
1350 2722 1603 2796 moribus,
1636 2739 1742 2796 qua
1771 2734 1984 2784 statura

824 2791 874 2833 et
902 2781 1075 2850 [arma
1101 2781 1335 2858 corporis
1372 2792 1553 2861 fuerit.

472 2888 541 2943 Et
572 2889 663 2946 ille
695 2893 918 2961 quidem
949 2898 1029 2953 sic
1058 2900 1124 2955 ad
1166 2908 1584 2972 praestabilioris
1617 2914 1773 2985 regni
1805 2915 1983 2975 felici-

403 2991 568 3036 tatem
604 2984 880 3056 migravit.
929 2991 1106 3049 Duces
1149 3006 1333 3053 autem
1372 3010 1428 3055 et
1467 2984 1737 3075 prazfecti,
1771 3012 1986 3066 satelli-

404 3074 653 3144 tiumque
705 3079 826 3146 ejus
880 3096 1087 3147 omne,
1147 3103 1292 3144 arca:
1353 3107 1537 3148 aureae
1591 3112 1795 3169 corpus
1861 3104 1980 3174 ejus

2092 636 2285 689 ναντία
2315 640 2732 706 σπουδάζοντος,
2766 643 3106 714 Θαυμαζέτω
3139 649 3196 702 δὲ
3230 651 3442 721 μηδεὶς,
3466 656 3514 708 εί
3563 673 3673 711 τοι-

2092 725 2283 791 ούτους
2309 729 2510 803 ἄνδρας
2535 734 2843 805 ἀπατηθεὶς
2889 740 3295 810 ἑξωστράκισεν
3327 760 3343 777 ο
3396 745 3670 818 ἀρχιερεῖς

2091 820 2200 886 γάρ
2228 816 2369 891 ἦσαν
2400 825 2450 876 οἱ
2501 826 2798 895 πείθοντες,
2852 832 3097 900 κρυπτὸν
3131 836 3228 903 μὲν
3283 816 3582 910 δόλον,
3627 843 3673 895 δ’

2091 910 2291 975 ἔξωθεν
2325 918 2688 992 περιφάνειαν
2733 923 3129 993 περικείμενοι.
3170 929 3327 982 Ἐπεί
3373 931 3458 984 τοί
3488 949 3551 997 γε
3587 935 3676 987 κοιλ⁸

2088 1005 2182 1056 τὸν
2222 1006 2529 1079 θεοπάτορα
2559 1012 2653 1064 καὶ
2701 1015 2876 1083 μέγαν
2927 1019 3219 1089 προφήτην
3250 1020 3413 1075 Δαυῒδ
3439 1024 3538 1076 οὐκ
3575 1024 3674 1093 ἀρ-

2089 1100 2310 1168 χιερεὺς
2343 1101 2712 1174 ἐξηπάτησεν,
2748 1108 2866 1162 ἀλλ’
2920 1112 3140 1181 οἰκέτης
3177 1115 3477 1182 μαστιγίας
3531 1117 3673 1170 οἰκό-

2087 1192 2240 1261 τριψ.
2277 1193 2383 1247 Τὸν
2416 1196 2583 1251 Σιϐἄν
2616 1200 2828 1255 ἐκεῖνον
2858 1196 2956 1255 οἷδ’
2988 1204 3071 1256 ὅτι
3112 1205 3406 1272 ἀνέγνωτε,
3439 1207 3498 1270 δς
3543 1210 3675 1261 κατὰ

2087 1287 2181 1338 τοῦ
2217 1287 2574 1358 Μεμφιόοσθὲ
2603 1293 2694 1345 τὸν
2724 1292 2948 1363 βασιλέα
2977 1296 3199 1366 ἠρέθισε
3230 1301 3297 1351 τὰ
3341 1299 3513 1368 ψευδῆ
3544 1317 3674 1369 συμ-

2091 1378 2327 1447 πλᾴσας,
2361 1380 2505 1436 ὥστε
2529 1385 2591 1436 τδ
2617 1385 2830 1441 ἐκείνου
2858 1391 3062 1458 χωρίον
3110 1389 3298 1443 λαόεἴν
3331 1408 3344 1422 ·
3390 1392 3454 1445 οὐ
3488 1392 3672 1459 μέντοι

2086 1470 2181 1524 τοῦ
2210 1475 2492 1546 προφήτου
2523 1480 2872 1550 κατηγορῶν,
2892 1482 3028 1536 ἀλλὰ
3051 1481 3148 1535 τοῦ
3182 1482 3448 1553 βασιλέως
3472 1485 3673 1554 ὑπερα-

2087 1562 2507 1636 πολ.ογοῦμενος,
2533 1569 2628 1624 τδν
2692 1570 2854 1640 λόγον
2903 1574 3310 1645 ἐνεστησάμην,
3358 1573 3454 1628 καὶ
3480 1573 3543 1629 τὸ
3575 1576 3673 1645 τῆς

2089 1654 2306 1725 φύσεως
2354 1657 2582 1724 ἀσθενὲς
2645 1663 2932 1734 παριστῶν
2961 1681 2979 1700 ο
3035 1666 3430 1737 είσηγούμενός
3466 1685 3543 1735 τε,
3600 1669 3671 1739 μὴ

2088 1748 2326 1818 πάμπαν
2359 1752 2474 1815 τοῖς
2501 1754 2832 1826 κατηγόροις
2864 1758 3166 1826 πιστεύειν,
3202 1760 3308 1816 κᾶν
3343 1755 3453 1816 ὦσι
3485 1763 3670 1817 διαδε-

2086 1839 2339 1910 6ηκότες,
2372 1843 2507 1897 ἀλλά
2535 1846 2637 1899 καὶ
2662 1847 2906 1920 θατέραν
2928 1852 3103 1922 ἀκοὴν
3130 1852 3209 1923 τῷ
3238 1855 3472 1925 ἐναντίῳ
3494 1871 3671 1927 παρα-

2091 1930 2387 2000 φυλάττειν
2416 1934 2526 1988 ἀεί.
2559 1935 2673 2002 Τάς
2728 1937 2787 1992 δι
2854 1939 3128 2012 διαθήκας
3176 1940 3258 2013 τῷ
3315 1943 3672 2015 πρεσϐυτέρῳ

2088 2020 2380 2089 παρέθετο,
2435 2022 2496 2078 όν
2539 2025 2836 2098 ἑπαινέτην
2863 2028 2994 2083 ὄντα
3053 2030 3286 2102 Ἀρείου,
3321 2031 3672 2087 Κωνσταντία

2086 2115 2122 2184 ἡ
2151 2115 2395 2170 Λικινίου
2433 2117 2534 2185 μὲν
2557 2119 2799 2190 γαμετὴ,
2830 2121 3034 2193 ἀδελφὴ
3072 2122 3130 2176 δι
3177 2122 3273 2176 τοῦ
3324 2124 3670 2179 Κωνσταντί-

2086 2224 2201 2274 νου,
2231 2208 2546 2267 τελευτῶσα
2569 2214 2903 2284 συνέστησεν
2932 2210 3131 2287 οἷάπερ
3156 2217 3385 2286 ἀγαθῶς
3429 2218 3665 2289 βιοῦντα.

2087 2301 2430 2370 Προσέταττε
2468 2303 2526 2358 δι
2575 2305 2741 2375 ὅρκον
2806 2308 3008 2377 μιγνὺς
3056 2309 3430 2380 Κωνσταντίῳ
3463 2310 3664 2377 δοῦναι,

2085 2392 2307 2448 ἐπειδὰν
2339 2396 2406 2448 ἐκ
2442 2396 2542 2464 τῆς
2566 2394 2685 2452 Ἕω
2710 2397 2995 2470 ἀφίκηται.
3020 2401 3209 2466 Οὐδεὶς
3232 2402 3344 2474 γὰρ
3371 2402 3479 2457 τῶν
3513 2404 3668 2456 υἱέων

2085 2485 2238 2556 αὐτῷ
2285 2490 2471 2560 παρῆν
2505 2492 2854 2549 τελευτῶντι.

2656 2625 2700 2678 Κ
2713 2624 2913 2682 ΕΦΑΛ.
2976 2626 3102 2682 NE'.

2082 2732 2226 2804 Περὶ
2254 2733 2628 2819 τῆς-κηδείας
2648 2741 2837 2819 guto?)
2861 2757 2875 2771 ·
2899 2742 2999 2819 καὶ
3030 2738 3158 2819 οζος
3188 2739 3268 2815 ἦν
3300 2744 3374 2801 τὸ
3405 2742 3552 2819 ἦθος
3572 2746 3666 2801 καὶ

2433 2807 2551 2877 τὴν
2596 2809 2832 2865 πλάσιν
2868 2812 2977 2867 τοῦ
3010 2807 3308 2883 σώμαέος.

2155 2921 2266 2977 Καὶ
2283 2924 2309 2977 ό
2330 2923 2429 2994 μὲν
2440 2922 2614 2988 οὕτως
2628 2926 2709 2989 είς
2745 2925 2847 2998 τὴν
2862 2927 3073 2999 ἀμείνω
3098 2929 3389 2998 βασιλείαν
3424 2932 3666 3004 μετέϐαι-

2083 3033 2139 3069 νε
2175 3031 2189 3047 °
2221 3019 2520 3089 στρατηγοὶ
2550 3018 2608 3072 δὲ
2640 3020 2735 3073 καὶ
2784 3018 3042 3092 ὕπαρχοι,
3075 3025 3170 3077 καὶ
3235 3026 3393 3079 πᾶσα
3452 3028 3483 3096 ἡ
3543 3026 3665 3097 περὶ

2083 3111 2245 3164 αὑτὸν
2288 3112 2606 3184 δορυφορία,
2646 3119 2826 3186 χρυσῇ
2863 3116 3005 3189 θήκῃ
3032 3120 3093 3171 τὸ
3145 3117 3307 3189 σῶμα
3362 3120 3657 3192 ἐνθέμενοι,

403 3168 741 3236 impositum,
778 3174 832 3228 in
879 3179 1262 3247 cognominem
1294 3185 1346 3238 ei
1393 3189 1584 3245 urbem
1617 3192 1822 3251 duxere
1870 3216 1884 3252 :
1920 3207 1976 3253 et

2080 3205 2161 3267 είς
2195 3204 2292 3275 την
2320 3168 2610 3275 ιὲιάξνιὶμοᾷ
2642 3168 3259 3283 ιῑιὶίιτῷηπόλινηῆγαγονἰ
3302 3215 3404 3269 καὶ
3439 3174 3531 3268 ιτὲι
3562 3213 3656 3283 βή-

402 3259 457 3319 iu
493 3272 751 3331 suggestu
800 3267 1038 3335 quodam
1089 3271 1138 3325 ei
1172 3274 1459 3344 collocato,
1498 3282 1816 3356 quicunque
1850 3289 1976 3346 vivo

403 3352 584 3415 honor
628 3359 925 3426 prtestitus,
986 3362 1153 3418 idem‘
1185 3382 1406 3438 quoque
1458 3352 1740 3432 defuncto-
1775 3389 1891 3434 tum
1944 3398 1974 3437 a

403 3446 665 3501 mmitatu
698 3450 879 3507 aulico
915 3465 1000 3509 est
1030 3458 1331 3514 exhibitus.
1367 3463 1621 3523 Uuiversi
1654 3471 1818 3526 etiam
1845 3489 1975 3543 per-

406 3538 533 3590 inde
578 3549 744 3608 atque
795 3553 970 3613 patre,
1016 3550 1174 3618 cujus
1221 3552 1614 3624 benignitatem
1649 3578 1842 3619 omnes
1882 3583 1978 3621 cx-

409 3630 548 3696 perti
584 3631 825 3701 fuerant,
858 3639 1059 3708 orbati,
1091 3658 1353 3715 perquam
1389 3664 1573 3706 amare
1613 3654 1825 3713 luxere.
1867 3659 1974 3715 Sed

406 3723 537 3787 quid
593 3725 777 3781 dicere
820 3730 1043 3797 attinet,
1089 3751 1195 3804 qua
1231 3754 1357 3793 eum
1402 3742 1513 3796 sint
1561 3745 1638 3800 illi
1696 3754 1974 3817 prosecuti

410 3812 830 3872 honorificentia
882 3830 938 3873 et
987 3823 1162 3889 cultu,
1206 3826 1382 3883 donec
1423 3832 1626 3902 aliquis
1671 3837 1973 3895 liberorum

403 3919 529 3957 etim
566 3905 896 3965 humaturus
927 3913 1258 3971 adveniret?
1286 3921 1465 3990 Atque
1499 3925 1589 3979 ubi
1620 3925 1976 3987 Cousmntius

402 4002 608 4061 certior
656 3999 724 4057 de
769 4012 945 4059 morte
995 4008 1115 4077 ejus
1170 4010 1350 4068 fat-tus
1396 4031 1464 4070 ex
1517 4016 1743 4076 Oriente
1792 4024 1971 4093 afl‘uit,

404 4092 943 4158 magnificentissime
975 4111 1187 4168 patrem
1226 4105 1682 4178 fouet-celatum,
1715 4117 1882 4190 666
1917 4123 1971 4176 in

399 4184 630 4239 ecclesia
686 4202 807 4257 qua:
860 4190 1247 4259 Apostolorqu
1303 4199 1509 4255 dicitur
1561 4184 1971 4275 sepelivitrubi

398 4287 678 4343 superstes
699 4281 879 4336 adhuc
915 4284 1006 4338 ille
1039 4289 1359 4358 sepulcrum
1395 4293 1500 4349 sibi
1538 4297 1644 4367 ipsi
1683 4313 1973 4359 exstruen-

402 4371 531 4424 dum
578 4387 887 4440 curaverat,
941 4379 1088 4448 quod
1147 4381 1462 4440 Grmcorum
1516 4404 1610 4445 ara
1656 4404 1815 4449 antea
1871 4396 1973 4453 sub

396 4464 682 4520 duodecim
741 4469 968 4524 deorum
1028 4475 1251 4530 nomine
1307 4477 1519 4544 fuerat,
1578 4485 1968 4543 admirandum

2085 3297 2255 3366 ματός
2286 3315 2430 3363 τινος
2454 3301 2771 3368 ἀναθέντες,
2799 3302 3012 3374 δσηπερ
3059 3299 3127 3376 ἦν
3174 3307 3269 3359 καὶ
3308 3306 3475 3372 ζῶντι
3524 3308 3655 3379 τιμὴ

2080 3392 2175 3442 καὶ
2206 3389 2359 3457 τάξις
2392 3393 2546 3463 παρά
2578 3394 2686 3446 τῶν
2722 3395 2783 3447 ἐν
2815 3399 2929 3461 τοῖς
2961 3395 3256 3466 βασιλείοις
3314 3400 3543 3469 ἐγίνετο,
3573 3417 3660 3452 πι-

2081 3483 2227 3550 κρῶς
2255 3484 2671 3556 ὀλοφυρομένων
2699 3487 2976 3554 ἁπάντων,
3015 3484 3101 3543 οἷα
3133 3490 3343 3562 πατρὸς
3380 3493 3652 3564 στέρησιν,

2078 3567 2138 3626 οὗ
2177 3575 2274 3646 τὴν
2304 3579 2500 3647 πεῖραν
2526 3578 2633 3632 τῶν
2661 3577 2886 3646 ἀγαθῶν
2930 3580 3252 3651 εἰλήφεισαν
3300 3583 3561 3649 ἀπτντες,
3591 3584 3653 3637 Τί

2078 3664 2135 3717 δὲ
2170 3667 2261 3719 καὶ
2292 3667 2395 3738 χρὴ
2419 3667 2620 3737 λέγειν,
2642 3671 2742 3738 ὅση
2767 3671 2905 3744 τιμὴ
2928 3674 3022 3726 καὶ
3042 3672 3172 3741 δόξα
3199 3677 3377 3749 τούτῳ
3405 3680 3653 3748 ἐπήγετο,

2078 3757 2182 3821 ἕως
2211 3757 2269 3811 οὗ
2306 3757 2390 3823 τις
2410 3760 2519 3813 τῶν
2544 3763 2749 3817 παίδων
2771 3764 3056 3836 κηδεύσων
3085 3767 3336 3837 ἀφίκοιτο
3367 3788 3382 3832 ;
3418 3772 3569 3827 Ἐπεὶ
3599 3773 3654 3827 δὲ

2077 3845 2178 3922 ἧκε
2212 3853 2614 3921 Κωνστάντιος,
2636 3856 2703 3911 bc
2738 3858 2839 3927 τῆς
2866 3858 2983 3912 Ἕω
3015 3859 3396 3933 διαμηνυθεὶς,
3429 3866 3654 3937 μεγαλο-

2076 3945 2306 4014 πρεπῶς
2340 3947 2603 4015 ἐκήδευσε
2634 3949 2726 4001 τὸν
2757 3951 2968 4023 πατέρα
3003 3953 3061 4005 ὲν
3078 3957 3144 4025 τῇ
3170 3955 3442 4030 ἐκκλησίᾳ
3470 3959 3504 4031 ἢ
3546 3958 3651 4012 τῶν

2076 4034 2422 4090 Ἀποστόλων
2439 4039 2585 4092 ἐστὶν
2614 4040 2905 4112 ἐπώνυμος
2939 4060 2953 4075 ·
2982 4043 3110 4098 ἔνθα
3144 4046 3224 4099 ἔτι
3254 4047 3330 4117 τῷ
3362 4049 3463 4120 ζῇν
3502 4067 3653 4119 περι-

2075 4128 2151 4181 ὼν
2180 4131 2791 4205 Κωνσταντῖνος,,ἠρίον
2822 4136 3002 4206 ἑαυτῷ
3028 4142 3458 4209 κατεσκεύασεν,
3497 4144 3525 4198 δ
3553 4144 3651 4213 βω-

2078 4222 2177 4291 μὸς
2214 4223 2489 4296 Ἐλλήνων
2515 4227 2784 4300 πρότερον
2808 4223 2900 4300 ἦν,
2937 4231 3272 4288 δωδεκάθεον
3296 4236 3492 4308 ὄνομα,
3529 4238 3651 4291 θέα-

2076 4330 2150 4382 μα
2179 4313 2337 4384 λόγου
2365 4317 2562 4371 πολλοῦ
2589 4318 2765 4384 ἄξιον⁶
2791 4322 2925 4375 ὅπου
2952 4324 3015 4395 δὴ
3045 4325 3105 4378 ὲν
3137 4325 3373 4395 λάρνακι
3398 4335 3650 4402 πορφυρᾷ

2074 4406 2343 4477 κατετέθη
2406 4408 2627 4479 σύναμα
2695 4411 2882 4484 Ἑλένῃ
2960 4419 3149 4487 μητρί.
3200 4418 3297 4473 Ἐκ
3339 4420 3399 4475 δὲ
3463 4422 3649 4477 τούτου

2075 4494 2228 4560 ἔθους
2256 4500 2651 4570 γεγενημένου,
2681 4503 2780 4557 καὶ
2799 4505 2850 4558 oi
2883 4506 3122 4578 καθεξῆς
3177 4512 3525 4582 Χριστιανῶν
3554 4516 3649 4585 βα-

396 4569 528 4612 ειηο
563 4562 964 4627 spectaculum.
1011 4564 1091 4619 lbi
1144 4570 1197 4620 in
1237 4585 1371 4624 urna
1408 4575 1781 4645 porphyretici
1819 4596 1967 4636 mar.

396 4649 563 4685 maria
612 4668 716 4685 mm
751 4668 874 4685 num
912 4666 1086 4685 mm-..
1120 4658 1324 4685 n-1,.--
1366 4667 1567 4685 _--_A-.
1742 4680 1752 4685 -
1811 4671 1856 4685 η
1919 4674 1930 4685 .

2080 4586 2243 4650 σιλεῖς
2268 4562 2391 4643 ius?
2420 4562 2828 4650 κατατίθενται.
2862 4598 2938 4652 Οὐ
3104 4562 3161 4655 δὲ
3190 4562 3329 4660 ἀλλὰ
3350 4608 3443 4660 καὶ
3476 4611 3525 4661 οἱ
3554 4562 3647 4685 Ιτοίὶ

395 4649 583 4713 moris,
612 4668 716 4705 una
751 4668 874 4707 cum
912 4666 1088 4710 matre
1120 4658 1327 4715 llelena
1366 4667 1643 4732 repositus
1675 4680 1779 4726 est.
1811 4671 1967 4730 Unde

395 4758 512 4801 inps
548 4753 736 4810 postea
773 4757 1021 4816 secutus,
1059 4758 1118 4805 ut
1154 4751 1413 4826 deinceps
1445 4757 1520 4813 ibi
1547 4776 1768 4832 quoque
1803 4766 1966 4823 Chri-

390 4835 554 4888 Stiani
595 4837 959 4907 imperatores
1003 4844 1395 4912 sepelirentur.
1437 4849 1578 4917 Quin
1609 4863 1665 4909 et
1698 4853 1967 4913 Constan-

392 4929 762 4997 tinopolitaui,
798 4930 1001 5002 aliique
1032 4935 1159 4990 item
1195 4938 1401 4996 virtute
1436 4943 1682 5015 insignes
1714 4949 1964 5019 episcopi

390 5019 443 5071 iu
492 5021 872 5089 apostolorum
931 5025 1164 5083 delubro
1219 5041 1348 5085 sunt
1400 5035 1676 5103 tumulati,
1733 5040 1964 5109 perinde

388 5123 552 5181 atque
584 5112 961 5182 imperatoria:
991 5120 1242 5188 dignitati
1280 5140 1379 5194 par
1411 5125 1623 5183 honore
1658 5142 1807 5187 esset
1847 5133 1963 5187 sin-

388 5223 512 5260 cere
537 5208 725 5264 obitus
745 5210 1114 5282 episcopatus.
1134 5215 1304 5286 quue
1328 5218 1555 5287 factum,
1582 5232 1640 5277 ut
1667 5241 1777 5279 non
1803 5226 1963 5294 longe

385 5300 454 5355 ab
485 5304 863 5369 apostolorum
891 5306 1140 5379 reliquiis
1164 5312 1367 5366 ahsiut.
1397 5313 1586 5385 Magna
1611 5316 1759 5371 enim
1788 5317 1962 5389 gloria

384 5404 573 5463 postea
642 5394 911 5452 bonorum
974 5404 1304 5458 conciliator
1362 5405 1507 5461 Deus
1568 5408 1748 5463 virum
1810 5426 1959 5477 eum,

383 5485 552 5538 veluti
586 5486 800 5542 fidelem
833 5492 1141 5548 ministrum
1175 5497 1566 5563 accumulavit,
1609 5500 1959 5556 sanationum

385 5588 440 5637 et
487 5578 879 5637 miraculorum
926 5589 1098 5655 gratia
1135 5598 1188 5642 et
1237 5606 1388 5644 urnae
1427 5601 1481 5644 et
1521 5599 1717 5646 statua:
1761 5593 1957 5662 ipsius,

386 5683 509 5734 quae
540 5668 593 5723 in
628 5673 1001 5744 porphyretici
1035 5681 1327 5735 marmoris
1355 5681 1611 5737 columna
1648 5685 1824 5752 posita
1850 5699 1957 5753 est,

387 5759 654 5830 immissa,
695 5776 756 5819 ιιι
787 5767 1047 5841 deinceps
1094 5772 1240 5826 nulla
1291 5774 1561 5842 :egritudo
1605 5783 1959 5836 contrectatis

383 5854 465 5907 eis
501 5869 606 5911 non
657 5857 900 5928 cederet,
937 5873 987 5916 et
1036 5862 1168 5918 fides
1218 5865 1372 5923 verbi
1413 5866 1558 5931 illius
1605 5866 1809 5925 Christi
1861 5874 1957 5926 ad-

2071 4679 2486 4736 Κωνσταντίνου
2534 4685 2630 4738 καὶ.
2660 4687 2810 4741 ἄλλοι
2857 4689 2928 4742 δι’
2982 4692 3186 4764 ἀρετὴν
3243 4697 3533 4754 ἐπίσκοποι
3566 4680 3648 4751 ¹τὸ

2069 4770 2342 4841 ἐπίσημον
2364 4773 2601 4845 ἔχοντες,
2638 4780 2733 4832 καὶ
2759 4772 2908 4834 οὗτοι
2939 4783 2998 4836 ὲν
3025 4785 3104 4856 τῷ
3126 4785 3237 4839 τῶν
3301 4790 3646 4845 Ἀποστόλων

2069 4862 2202 4935 ἱερῷ
2245 4867 2656 4933 κατατίθενται,
2703 4866 2897 4941 οἷάπερ
2926 4877 3193 4948 ὀμοτίμου
3244 4881 3341 4948 τῆς
3370 4882 3647 4951 βασιλείας

2067 4955 2233 5028 οὔσης
2264 4965 2359 5013 καὶ
2411 4963 2510 5031 τῆς
2550 4963 2843 5036 ἀκισδήλου
2882 4969 3206 5039 ἱερωσύνης,
3267 4972 3354 5026 ἵνα
3417 4973 3541 5045 μηδ’
3591 4977 3646 5028 ἑν

2066 5047 2242 5118 τούτῳ
2303 5051 2411 5103 τῶν
2473 5054 2846 5109 ἀποστολικῶν
2911 5056 3180 5126 λειψάνων
3239 5055 3341 5114 ὦσι
3404 5063 3642 5133 μακράν.

2066 5135 2201 5207 Δόξῃ
2226 5137 2282 5190 δὲ
2310 5141 2478 5212 πολλῇ
2510 5143 2537 5194 ὁ
2568 5144 2675 5197 τῶν
2728 5145 2950 5212 ἀγαθῶν
2981 5149 3249 5218 πρύτανις
3305 5155 3363 5215 ὲς
3419 5152 3644 5220 ὕστερον

2066 5230 2230 5298 ἐτίμα
2260 5230 2351 5283 τὸν
2378 5230 2567 5302 ἄνδρα,
2601 5229 2798 5306 οἷάπερ
2850 5235 3039 5291 εὔνουν
3097 5239 3428 5311 θεράποντα,
3489 5244 3645 5312 ίαμά-

2065 5341 2174 5377 των
2206 5326 2300 5378 καὶ
2330 5327 2635 5398 τεραστίων
2668 5331 2901 5400 ἐπαφεὶς
2931 5333 3108 5403 χάριν,
3148 5336 3241 5388 ὲπί
3269 5354 3327 5389 τε
3369 5339 3440 5407 τῇ
3479 5334 3641 5389 αὐτοῦ

2065 5416 2322 5486 λάρνακι,
2358 5419 2564 5490 καὶτῷ
2602 5422 2902 5493 ἀνδριάντι,
2957 5425 3017 5489 ὃς
3080 5429 3173 5478 ἐπὶ
3216 5427 3309 5481 τοῦ
3361 5426 3642 5500 ποροςυροῦ

2065 5509 2315 5579 ἀνίδρυτο
2349 5512 2547 5577 κίονος,
2580 5514 2655 5577 ὡς
2690 5517 2963 5587 μηδεμίαν
2987 5520 3140 5572 νότον
3166 5521 3498 5574 ἀντιϐαίνειν
3546 5519 3639 5573 τοῦ

2063 5597 2250 5652 λοιποῦ
2286 5601 2452 5671 ἔχειν,
2511 5607 2575 5674 τῇ
2612 5607 2956 5676 προσψαύσῃ
3011 5611 3122 5662 τῶν
3165 5613 3492 5682 είρημὲνων,
3552 5613 3644 5665 καὶ

2064 5692 2392 5748 πιστοῦσθαι
2414 5697 2504 5751 τὸν
2538 5697 2692 5766 λόγον
2724 5700 2970 5770 Χριστῷ,
3005 5704 3152 5770 Τοὺς
3183 5703 3547 5771 ὃοξάζοντάς
3566 5720 3638 5773 με

2063 5784 2326 5851 δοξάσω,
2353 5788 2700 5845 θεσπίσαντι.
2742 5794 2993 5860 Ἐγένετο
3026 5794 3083 5847 δὲ
3112 5796 3253 5865 ἀνὴρ
3282 5795 3336 5857 ἐς
3366 5797 3435 5848 τὰ
3484 5797 3636 5865 μάλι·

2066 5895 2162 5930 στα
2198 5880 2297 5945 τῆς
2334 5882 2673 5939 Χρισττανῶν
2704 5885 2994 5958 ἐπαινέτης
3028 5889 3326 5959 θρησκεὶας
3357 5903 3370 5918 ⁸
3427 5890 3499 5950 ὡς
3547 5889 3631 5940 κλῖ
