3990 6448
502 303 603 367 227

1728 297 2153 359 NICEPHORI
2196 290 2547 358 CALLISTI

3638 282 3728 356 228

504 428 700 471 nuere.
735 414 914 469 Porro
955 410 1200 469 Eusebio
1245 419 1302 469 et
1333 410 1643 482 Theognidi
1688 426 1797 475 res,
1831 427 1954 481 quae
1993 412 2078 465 in-

2201 410 2384 477 ῑὸγμα·
2415 408 2476 461 τὸ
2530 405 2589 460 δὲ
2640 405 2878 475 πρᾶγμα
2911 404 3028 467 τοῖς
3081 402 3226 479 ἀμφὶ
3266 397 3514 453 Εὑσέϐιόν
3557 417 3610 453 τε
3653 392 3732 453 και

503 516 787 566 crementa
832 522 932 563 sua
980 507 1036 562 in
1065 505 1312 562 deterius
1352 505 1684 576 capiebant,
1714 513 1772 560 et
1804 506 2075 575 quotidie,

505 602 905 671 propemodum
955 600 1130 669 magis
1190 598 1476 669 magisque
1533 598 1955 663 excitabantur,
2012 616 2083 655 ex

505 694 780 748 sententia
832 691 1228 761 procedebant.
1263 688 1370 756 Qui
1415 690 1471 745 in
1515 691 1716 759 primis
1760 690 2081 755 studebant,

508 783 559 837 id
610 784 755 853 quod
804 781 1228 838 constituissent
1271 781 1339 835 ad
1388 781 1598 836 exitum
1644 781 1976 851 perducere.
2029 781 2084 835 ld

507 890 639 929 vero
674 884 817 933 erat.
856 884 918 928 ut
951 888 1124 927 unum
1164 872 1403 942 aliquem
1441 873 1536 942 qui
1574 873 2084 942 opinionis-eorum

505 976 687 1033 esset,
731 967 1123 1022 Alexandrinae
1165 966 1419 1022 ecclesia:
1455 966 1804 1020 hierarcham
1839 966 2087 1035 praefice-

506 1070 655 1115 reut.
693 1060 802 1113 Sed
830 1060 1125 1114 consilium
1162 1074 1361 1114 eorum
1395 1057 1466 1112 ab
1495 1056 1797 1112 Occidente
1826 1072 2090 1111 reversus

508 1152 803 1221 impedivit
833 1146 1192 1216 Athanasius,
1226 1151 1392 1205 unius
1418 1149 1819 1218 Augustorum,
1847 1148 2090 1220 junioris

507 1245 768 1299 videlicet
811 1241 1210 1307 Constantini,
1268 1241 1366 1311 qui
1413 1239 1873 1295 Occidentalibus
1919 1238 2092 1294 Gallis

509 1337 837 1407 imperabat,
871 1335 1074 1391 litteris
1107 1335 1310 1389 fretus.
1333 1333 1385 1388 Is
1413 1348 1654 1403 namque
1683 1331 1776 1387 ubi
1810 1333 2090 1402 cognovit,

508 1440 717 1497 patrem
748 1427 1251 1497 cognomiuetnque
1277 1440 1465 1486 suum,
1501 1422 1792 1477 Athanasii
1828 1421 2092 1476 exsilium

511 1528 845 1572 testamento
870 1519 1170 1588 abrogasse
1199 1534 1214 1570 :
1245 1516 1429 1570 reditu
1456 1531 1743 1581 concesso,
1771 1524 1832 1569 ut
1854 1516 2095 1571 Alexanc

511 1612 689 1664 driam
723 1610 769 1665 is
790 1619 1189 1672 reverteretur,
1218 1608 1461 1663 curavit.
1483 1608 1708 1662 Littera:
1737 1624 1878 1677 quas
1901 1623 2091 1663 secum

511 1702 730 1767 attulit,
778 1701 928 1755 hisee
948 1699 1133 1754 verbis
1167 1702 1385 1769 scripta:
1403 1710 1603 1755 erant:
1641 1719 1657 1751 ι
1694 1700 2097 1756 Constantinus

510 1794 693 1848 Caesar
717 1793 921 1863 populo
953 1793 1237 1848 catholicae
1280 1793 1532 1848 ecclesia:
1563 1793 2088 1849 Alexandrinorum.

510 1890 630 1944 Non
668 1899 801 1959 puto
834 1890 1010 1944 sacris
1036 1888 1237 1942 animis
1268 1890 1470 1943 veslris
1497 1888 1791 1954 excidisse,
1823 1906 1988 1960 quam
2021 1890 2093 1945 ob

512 1996 733 2035 causam
776 1980 1114 2034 Athanasius
1157 1980 1451 2035 adoranda:
1501 1981 1638 2051 legis
1677 1981 1970 2043 sacerdos,
2023 1981 2090 2036 ad

513 2074 801 2142 tempusin
829 2074 1033 2128 Gallias
1066 2073 1270 2127 missus
1304 2072 1493 2127 fuerit.
1515 2072 1652 2127 Cum
1689 2074 2089 2145 enimsangui-

511 2164 792 2217 uariorum
848 2161 1290 2233 infestorumque
1319 2162 1670 2217 inimicorum
1699 2163 1890 2219 feritas
1929 2166 2093 2235 capiti

509 2254 633 2323 ejus
680 2255 744 2306 ad
792 2253 1102 2323 periculum
1144 2252 1454 2308 creandum
1501 2253 1847 2321 immineret,
1883 2271 1952 2309 ne
1999 2274 2097 2325 per

510 2345 893 2415 improborum
945 2346 1368 2416 perversitatem
1426 2353 1739 2400 extremum
1796 2347 2094 2401 discrimen

511 2439 712 2506 adiret,
744 2440 844 2494 sed
872 2449 930 2493 ut
965 2440 1284 2494 immanitas
1307 2455 1370 2495 ea
1407 2440 1750 2505 eluderetur,
1779 2457 1810 2495 e
1846 2440 2099 2497 faucibus

512 2531 891 2602 ingruentium
923 2531 975 2586 ei
1014 2530 1260 2585 virorum
1313 2543 1574 2600 ereptus,
1618 2532 1674 2585 in
1721 2532 1932 2586 ditiune
1976 2547 2097 2586 mea

512 2624 705 2678 vivere
750 2622 943 2694 jussus
972 2631 1086 2688 est,
1128 2621 1202 2675 ita
1252 2631 1312 2676 ιιι
1362 2621 1416 2675 in
1461 2637 1525 2677 ea
1574 2638 1685 2691 qua
1725 2630 1980 2678 versatus
2011 2633 2098 2678 est

515 2715 676 2780 urbe,
717 2729 806 2769 res
835 2714 885 2769 ei
922 2716 1253 2769 necessariae
1287 2729 1485 2770 omnes
1514 2714 1737 2769 abunde
1771 2716 2096 2784 suppedita-

514 2814 658 2860 rent.
692 2804 953 2871 Quamvis
984 2804 1245 2875 praeclara
1275 2805 1400 2874 ejus
1427 2806 1628 2870 virtus,
1661 2805 1854 2860 divino
1884 2804 2093 2860 conlisa

513 2896 741 2962 auxilio,
774 2896 1014 2951 durioris
1048 2896 1283 2949 fortuna:
1312 2910 1507 2965 graves
1537 2911 1815 2951 mrumnas
1851 2899 2091 2952 maxime

515 2989 791 3053 sublevet,
829 2997 995 3058 atque
1028 2988 1168 3043 adeo
1207 2998 1551 3044 contemnat.
1588 2989 1756 3060 6'76
1793 2988 1904 3045 Sed
1943 2991 2095 3046 enim

2191 502 2443 569 Θέογνιν,
2478 503 2570 553 ἐπὶ
2597 500 2658 551 τὸ
2689 500 2871 569 χεῖρον
2916 495 3014 567 τὴν
3059 494 3299 547 ἐπίδοσιν
3329 490 3731 570 προσλαμϐάνον,

2186 595 2282 647 καὶ
2342 592 2694 661 καθεκάστην
2768 590 2844 652 ὡς
2904 589 3077 641 εἰπεῖν
3143 584 3513 671 ἀναπτόμενον
3546 625 3559 648 ,
3608 589 3731 638 κατὰ

2187 686 2420 756 γνώμην
2473 687 2707 750 ἐκείνοις
2763 682 3105 755 προύχώρει.
3154 680 3262 733 Καί
3312 697 3374 750 γε
3409 681 3492 734 διὰ
3523 670 3734 750 σπουόἦς

2189 774 2334 849 εἶχον
2365 778 2461 830 καὶ
2494 776 2557 829 τὸ
2588 774 2748 839 δόξαν
2779 774 3012 842 ἀγαγεῖν
3042 773 3123 834 είς
3152 771 3347 839 πέρας.
3383 768 3453 823 Τὸ
3479 769 3523 823 δ’
3552 767 3615 841 ἦν
3654 773 3736 824 ἕνα

2190 869 2299 921 τῶν
2326 866 2650 938 ὁμοφρόνων
2703 865 2892 928 αὑτοῖς
2950 861 3430 935 τῇἋλεξανδρείᾳ
3484 861 3737 931 ίεραρχεῖν

2192 962 2561 1029 καταστῆσαι.
2597 958 2766 1012 ’Δλλά
2801 959 2999 1027 φθάνει
3053 958 3156 1025 τὴν
3198 953 3395 1025 βουλὴν
3428 949 3599 1005 αὑτῶν
3638 952 3740 1005 διε.-

2192 1053 2357 1116 λύσας
2416 1054 2482 1107 ἐκ
2540 1053 2642 1122 τῆς
2689 1051 2934 1119 ἑσπέρας
2975 1046 3218 1101 ἐπανιὼν
3267 1044 3601 1111 ’Δθανάσιος,
3638 1044 3742 1105 ἑνὸς

2192 1146 2303 1199 τῶν
2348 1145 2704 1211 Αύγούστων,
2734 1141 2831 1196 τοῦ
2866 1142 3132 1210 νεωτέρου
3171 1137 3374 1207 δηλαδὴ
3422 1133 3747 1189 Κωνσταντί·

2196 1256 2320 1302 νου,
2355 1239 2413 1303 ὃς
2443 1238 2553 1292 τῶν
2585 1236 2721 1307 πρὸς
2748 1235 2987 1308 ἑσπέραν
3017 1231 3277 1286 Γαλατῶν
3312 1224 3473 1301 ἦρχε,
3503 1228 3742 1297 γράμμα-

2197 1347 2282 1383 σιν
2320 1330 2693 1400 ὡπλισμένος.
2740 1326 2946 1382 Μαθὼν
2994 1325 3127 1394 γὰρ,
3186 1323 3261 1386 ὼς
3316 1322 3344 1375 ὁ
3391 1318 3568 1390 πατὴρ
3598 1316 3743 1371 αὑτοῦ

2197 1423 2291 1475 καὶ
2329 1420 2623 1491 ὁμώνυμος
2675 1418 2777 1491 τὴν
2824 1419 3045 1489 ὲξσρίαν
3090 1417 3211 1478 ταῖς
3259 1412 3540 1481 διαθήκαις
3565 1408 3744 1473 ἀνεῖλε,

2197 1514 2296 1583 τὴν
2327 1514 2556 1568 κάθοδον
2612 1512 2763 1583 αὑτῷ
2818 1510 3160 1581 ἐπιτρέψας,
3210 1508 3311 1592 την
3359 1501 3747 1570 Ἀλεξάνδρειαν

2199 1609 2526 1663 καταλαϐεῖν
2578 1605 3020 1676 παρεσκεύαζεν.
3088 1602 3157 1655 ’Δ
3225 1600 3271 1655 δ’
3328 1593 3425 1653 οὖν
3475 1594 3749 1664 ἐπεφέρετο

2201 1698 2535 1766 γράμματα.
2572 1696 2747 1759 οὕτως
2792 1696 2885 1747 ἐπὶ
2919 1692 3120 1757 λέξεως
3158 1686 3304 1759 εἶχον
3327 1702 3343 1717 ⁸
3379 1706 3397 1740 ι
3435 1684 3750 1739 Κωνσταντῖ-

2201 1807 2291 1852 νος
2346 1790 2564 1857 Καῖσαρ
2636 1788 2715 1857 τῷ
2768 1785 2882 1855 λαῷ
2932 1784 3033 1853 τῆς
3084 1780 3387 1848 καθολικῆς
3448 1771 3752 1842 Ἐκκλησίας

2201 1882 2632 1952 ’Δλεξανδρέων.
2695 1880 2832 1934 Οὐδὲ
2887 1879 2991 1947 τῆς
3053 1876 3331 1946 ὑμετέρας
3382 1872 3532 1940 ἱερᾶς
3564 1865 3753 1939 ἑννοίας

2200 1974 2652 2041 ἀποπεφευγέναι
2692 1971 2793 2042 τὴν
2835 1970 3038 2037 γνῶσιν
3073 1963 3250 2036 οἶμαι,
3289 1965 3379 2019 διά
3416 1963 3466 2016 τί
3499 1963 3586 2016 τὸν
3611 1956 3755 2011 Ἀθα-

2198 2068 2387 2121 νάσιον
2414 2068 2507 2120 τὸν
2554 2065 2650 2119 τοῦ
2687 2061 3075 2133 προσκυνητοῦ
3119 2060 3292 2130 νόμου
3330 2056 3608 2125 ὑποφήτην
3634 2049 3755 2141 πρὸς

2201 2162 2394 2230 καιρὸν
2445 2161 2524 2223 είς
2575 2159 2671 2221 τὰς
2721 2156 2956 2219 Γαλλίας
3010 2150 3355 2206 ἀπεστάλθαι
3391 2145 3645 2216 ἐγεγόνειο
3678 2142 3756 2195 ἵνα

2199 2255 2387 2325 ἐπειδὴ
2425 2255 2457 2323 ἡ
2494 2251 2760 2322 ἁγριότης
2796 2249 2906 2301 τῶν
2939 2247 3252 2318 αἱμοῦόρων
3294 2244 3462 2298 αὑτοῦ
3488 2240 3579 2295 καὶ
3615 2234 3756 2290 πολε-

2205 2350 2344 2417 ρίων
2390 2346 2603 2419 ἐχθρῶν
2636 2346 2716 2408 είς
2747 2343 2999 2397 κίνδυνον
3030 2342 3129 2411 τῆς
3158 2341 3314 2411 ἱερᾶς
3344 2337 3507 2391 αὑτοῦ
3537 2330 3756 2401 κεφαλῆς

2202 2441 2464 2509 ἐπέμενε,
2504 2438 2580 2509 μὴ
2626 2437 2737 2508 ἀρα
2791 2436 2884 2490 διὰ
2923 2436 3029 2504 τῆς
3060 2434 3169 2487 τῶν
3198 2432 3422 2501 φαύλων
3449 2421 3756 2496 διαστροφῆς
3792 2510 3795 2513 Ι

2200 2533 2482 2603 ἀνήκεστα
2513 2532 2750 2600 ὑποστῇ·
2783 2529 2918 2598 πρὸς
2945 2527 3006 2581 τὸ
3026 2524 3317 2591 διαπαῖξαι
3346 2524 3524 2577 τοὲνυν
3552 2516 3756 2583 ταύτην,

2202 2623 2467 2694 ἀφῃρέθη
2518 2622 2629 2675 τῶν
2678 2621 2991 2692 φαράγγων
3057 2619 3167 2671 τῶν
3218 2614 3584 2685 ἐπικειμένων
3628 2604 3758 2694 αὐτῷ

2201 2693 2433 2785 ἀνδρῶν,
2476 2717 2571 2769 καὶ
2602 2714 2695 2767 ὑπ’
2751 2713 2881 2784 ἐμοὶ
2935 2712 3150 2780 διάγειν
3206 2708 3562 2762 κεκέλευσται
3599 2693 3759 2760 οὗτος,

2201 2811 2278 2871 ῶς
2323 2809 2384 2862 ἐν
2415 2807 2591 2878 ταύτῃ
2636 2808 2705 2878 τῇ
2762 2805 2919 2859 πόλει
2983 2798 3106 2876 ὲνῇ
3159 2800 3425 2871 διέτρισε,
3482 2798 3614 2851 πᾶσι
3661 2792 3760 2850 τοῖς

2202 2902 2527 2970 ἀναγκαίοις
2561 2898 2966 2972 ὲμπλεονάζειν
2988 2914 3003 2929 ο
3036 2898 3087 2951 εί
3118 2897 3214 2950 καὶ
3244 2896 3316 2976 τά
3349 2893 3579 2964 μάλιστα
3613 2879 3759 2942 αὑτοῦ

2204 2992 2238 3062 η
2269 2991 2519 3060 ἀοίδιμος
2556 2988 2731 3059 ἀρετὴ
2765 2991 2887 3050 ταῖς
2921 2987 3096 3051 θείαις
3145 2983 3443 3038 πεποιθυῖα
3487 2976 3759 3050 βοηθείαις,

512 3083 730 3137 tametsi
762 3080 1029 3136 dominus
1071 3092 1265 3136 noster
1297 3082 1475 3138 beatae
1510 3084 1795 3137 memoriae
1821 3082 2095 3139 Censtan-

2204 3088 2298 3140 καὶ
2324 3086 2396 3140 τά
2433 3085 2533 3153 τῆς
2565 3084 2906 3156 τραχυτέρας
2952 3080 3123 3151 τύχης
3162 3080 3308 3150 ἄχθη
3343 3076 3628 3145 ἰξουθενεῖ.
3653 3071 3763 3124 Τοι-

514 3177 663 3230 tinus
709 3177 1023 3246 Augustus,
1077 3185 1233 3243 pater
1272 3190 1467 3241 meus,
1511 3164 1833 3247 episcopum
1865 3174 2093 3231 huncin

512 3268 696 3323 locum
742 3283 904 3322 suum
938 3269 1082 3338 apud
1133 3268 1517 3339 gravissimam
1552 3267 1818 3337 pietatem
1853 3278 2094 3324 vestram

514 3362 818 3416 restituere
843 3361 1196 3415 constituerit
1220 3378 1233 3413 :
1261 3369 1443 3416 tamen
1471 3370 1829 3431 posteaquam
1857 3360 2099 3416 humana

516 3462 670 3509 sorte
715 3462 1035 3524 praeventus
1084 3452 1242 3523 prius
1288 3452 1664 3517 obdormivit,
1697 3467 1865 3523 quam
1910 3462 2099 3506 votum

514 3562 676 3601 suum
716 3546 1033 3616 impleverit
1062 3566 1074 3600 :
1113 3546 1428 3623 convenire
1450 3545 1585 3599 mihi
1619 3544 1798 3600 visum
1827 3552 1939 3609 est,
1971 3560 2103 3599 eon-

515 3637 704 3692 silium
740 3638 942 3692 divinae
984 3636 1395 3692 recordationis
1430 3635 1805 3706 imperatoris,
1838 3650 1939 3705 per
1974 3650 2105 3690 suc—

515 3727 825 3785 cessionem
860 3730 928 3784 ad
962 3743 1050 3783 me
1084 3726 1475 3783 transmissum
1498 3767 1513 3792 ,
1551 3728 1842 3798 perlicere.
1878 3727 1982 3793 Qui
2019 3729 2105 3782 vir

424 3888 435 3899 _
516 3821 610 3877 ubi
646 3822 701 3876 in
732 3831 1094 3892 conspectum
1127 3827 1377 3876 vestrum
1410 3821 1652 3883 venerit,
1688 3836 1796 3890 qua
1830 3821 1976 3891 apud
2013 3838 2103 3876 me

514 3924 779 3984 acceptus
824 3916 992 3968 fuerit
1041 3913 1434 3979 veneratione,
1476 3911 1851 3983 cognoscetis.
1900 3911 2095 3982 Neque

516 4006 656 4060 adeo
701 4006 1019 4061 mirandum
1065 4014 1185 4071 est,
1229 4005 1276 4060 si
1309 4004 1443 4075 quid
1476 4019 1507 4058 a
1541 4020 1627 4059 me
1670 4018 1772 4074 pro
1811 4018 1878 4059 eo
1906 4014 1991 4060 est
2023 4005 2103 4060 fa-

516 4107 693 4151 ctum.
729 4097 992 4151 Animum
1038 4110 1281 4165 namque
1314 4109 1499 4150 meum
1539 4095 1607 4149 ad
1657 4094 1750 4159 id,
1796 4110 1922 4149 cum
1958 4095 2121 4151 dest--

518 4190 660 4244 derii
697 4190 866 4245 vestri
897 4188 1094 4254 facies,
1133 4198 1247 4244 tum
1280 4188 1415 4244 tanti
1458 4187 1567 4243 viri
1596 4188 1813 4257 species
1844 4189 2018 4242 movit
2047 4197 2103 4243 et

519 4282 808 4337 excitavit.
842 4281 1031 4335 Divina
1060 4280 1412 4351 providentia
1438 4294 1538 4335 vos
1563 4288 1876 4344 conservet,
1902 4281 2103 4335 fratres

519 4374 729 4429 dilecti.
771 4393 790 4425 ι
840 4372 1161 4428 Secundum
1225 4374 1391 4430 hasce
1421 4375 1669 4440 litteras,
1727 4374 1976 4429 suaviter
2033 4374 2102 4430 ab

521 4467 918 4522 Alexandrinis
947 4476 1245 4538 susceptus
1272 4467 1629 4542 Athanasius,
1654 4464 1878 4538 Egypti
1918 4468 2100 4524 eccle-
2134 4457 2176 4511 ο

522 4563 636 4615 sias
687 4556 1120 4613 administravit.
1173 4559 1444 4614 Eusebius
1488 4574 1620 4615 vero
1671 4568 1934 4629 tanquam
1992 4562 2102 4616 telo

521 4651 807 4721 quopiam,
849 4651 931 4705 sic
966 4650 1147 4706 reditu
1188 4651 1340 4707 illius
1371 4653 1552 4717 ictus,
1586 4655 1968 4725 sycophantiis
1999 4671 2103 4726 op-

524 4758 769 4812 pugnare
815 4758 942 4798 eum
979 4759 1206 4811 rursus,
1242 4755 1300 4800 et
1334 4761 1449 4801 rem
1496 4746 1563 4802 ad
1613 4746 1945 4804 seditionem
1979 4764 2106 4819 per-

521 4832 730 4887 ducere
764 4841 850 4886 est
880 4848 1176 4904 aggressus
1200 4877 1215 4899 ,
1256 4836 1652 4906 negotiumque
1682 4836 1824 4892 adeo
1855 4838 1905 4893 ei
1943 4839 2106 4895 novis

521 4921 821 4975 calumniis
870 4921 1149 4977 exhibuit.
1199 4921 1350 4978 Citra
1415 4938 1624 4979 moram
1674 4928 1822 4979 enim
1877 4942 2101 4983 omnem

468 5008 473 5015 ’
522 5013 860 5083 imperatore
905 5014 1093 5079 adito,
1132 5016 1287 5070 illum
1337 5027 1392 5071 ut
1441 5017 1623 5071 virum
1657 5019 2006 5085 seditiosum,
2047 5031 2105 5076 et

521 5108 616 5174 qui
653 5105 1064 5161 ecclesiasticas
1106 5108 1535 5163 constitutiones
1573 5110 1944 5182 ordinemque
1980 5122 2105 5166 tur-

522 5196 700 5262 barit,
746 5214 811 5252 ac
854 5199 997 5253 citra
1030 5200 1423 5272 episcoporum
1464 5206 1797 5260 sententiam
1842 5206 1947 5261 sibi
1997 5204 2103 5275 ipsi

523 5288 837 5357 ingressum
873 5291 927 5344 in
959 5293 1249 5347 ecclesiam
1289 5296 1603 5365 usurparit,
1637 5296 1857 5351 detulit.
1895 5297 2105 5353 Tanto-

522 5396 654 5450 pere
684 5391 834 5437 certe
867 5383 1257 5454 imperatorem
1294 5388 1589 5457 permovit,
1622 5399 1683 5444 ut
1712 5390 1866 5445 illum
1904 5406 2102 5446 rursus

524 5472 656 5526 sede
682 5472 984 5542 episcopali
1015 5476 1328 5533 deturbarit
1352 5519 1366 5545 ,
1399 5478 1564 5532 sicuti
1608 5491 1797 5551 postea
1831 5481 2100 5538 dicemus.

524 5560 603 5614 Eo
631 5571 877 5632 tempore
903 5565 1177 5623 Eusebius
1207 5585 1428 5639 quoque
1483 5572 1575 5643 qui
1606 5573 1871 5643 Pamphili
1900 5591 2103 5645 cogno-

526 5668 649 5707 tttcn
690 5657 920 5714 sortitus
952 5661 1151 5724 fuerat,
1192 5663 1352 5716 simul
1388 5674 1441 5715 et
1474 5665 1779 5735 episeopali
1818 5666 2101 5721 funetone

2202 3179 2411 3250 γαρθῦν
2438 3180 2488 3233 ει
2529 3179 2622 3232 καὶ
2662 3177 2731 3230 τὰ
2781 3174 3023 3247 μάλιστα
3062 3173 3203 3245 πρὸς
3232 3174 3336 3245 τὴν
3387 3164 3764 3242 προσφιλεστά-

2200 3288 2302 3342 την
2350 3269 2507 3340 ὑμῶν
2546 3267 2866 3323 θεοσέϐειαν
2916 3266 2946 3319 ὁ
2997 3265 3268 3332 δεσπότης
3303 3262 3462 3334 ἡμῶν
3498 3263 3526 3315 ὀ
3552 3259 3642 3327 τῆς
3676 3270 3766 3324 μα-

2205 3364 2404 3436 καρίας
2442 3363 2665 3435 μνήμης
2701 3362 3138 3423 Κωνσταντῖνος,
3173 3359 3269 3411 καὶ
3303 3353 3566 3417 σεϐαστδς
3595 3354 3621 3405 ὁ
3648 3347 3766 3419 ἑμῖσ

2205 3459 2413 3526 πατὴρ,
2456 3456 2548 3508 τὸν
2590 3455 2756 3509 αὑτὸν
2802 3453 3105 3507 ἐπίσκοπον
3134 3451 3213 3521 τῷ
3262 3449 3385 3521 ίδίῳ
3427 3448 3577 3517 τόπῳ
3603 3457 3767 3512 παρα·

2206 3551 2357 3619 σχεῖν
2408 3545 2729 3618 προῄρητο·
2788 3547 2937 3616 ὅμως
2993 3543 3188 3616 ἐπειδὴ
3240 3541 3570 3613 ἀνθρωπίνῳ
3597 3536 3767 3606 κλήρῳ

2207 3641 2572 3711 προληφθεὶςο
2596 3640 2721 3712 ’πρὸ
2754 3637 2851 3692 τοῦ
2893 3638 2993 3709 τὴν
3018 3636 3184 3708 εὐχὴν
3228 3635 3520 3709 πληρῶσαι
3552 3627 3769 3687 ἀνεπαύέ

2209 3748 2369 3795 σατο,
2398 3730 2700 3785 ἀκόλουθον
2748 3729 3050 3801 ἡγησάμην
3078 3728 3178 3800 τὴν
3211 3730 3537 3801 προαίρεσιν
3564 3723 3655 3778 τοῦ
3680 3720 3769 3788 τῆς

2207 3822 2360 3885 θείας
2420 3824 2643 3893 μνήμης
2692 3820 2965 3892 βασιλέως
3019 3819 3412 3891 διαδεξάμενος
3465 3816 3764 3888 πληρῶσαι.

2209 3916 2399 3980 Ὅστις
2454 3914 2678 3968 ιπειδὰν
2738 3914 2838 3983 τῆς
2899 3906 3178 3983 ὑμετέρας
3226 3913 3373 3987 τύχῃ
3423 3911 3768 3983 προσόψεωςέ

2205 4007 2338 4074 ὅσης
2364 4003 2550 4069 αίδοῦς
2577 4004 2710 4075 παρ’
2736 4003 2871 4076 ἐμοῦ
2903 4003 3173 4075 τετύχηκε
3218 4000 3521 4073 γνώσεσθεζ
3558 4002 3629 4057 οὐ
3670 3996 3768 4067 γὰρ

2207 4096 2526 4168 θαυμαστὸν
2569 4097 2622 4151 εί
2664 4114 2721 4150 τι
2770 4097 2821 4151 δ’
2873 4097 2939 4152 ἂν
2985 4097 3129 4168 ὑπὲρ
3159 4096 3330 4151 αὑτοῦ
3366 4097 3659 4164 πεποίηκα·
3688 4092 3772 4144 καὶ

2206 4189 2320 4261 γὰρ
2350 4189 2451 4260 τὴν
2489 4188 2630 4260 ἐμὴν
2664 4189 2847 4261 ψυχὴν
2899 4189 2935 4260 ἦ
2981 4207 3041 4243 τε
3082 4189 3176 4244 τοῦ
3210 4192 3484 4263 ὑμετέρου
3517 4189 3676 4244 πόθου
3703 4185 3772 4237 εί·

2208 4283 2342 4349 κὼν,
2376 4284 2472 4338 καὶ
2519 4282 2581 4337 τὸ
2638 4283 2966 4355 τηλικούτου
3018 4284 3212 4356 ἀνδρὸς
3270 4289 3483 4358 σχῆμα,
3524 4288 3602 4349 είς
3629 4281 3774 4338 τοῦτο

2208 4375 2380 4430 ἐκίνει
2425 4375 2521 4430 καὶ
2571 4376 2935 4448 προέτρεπεν.
2979 4377 3046 4432 Ἦ
3084 4378 3205 4432 θεία
3233 4382 3466 4451 πρόνοια
3497 4380 3637 4451 ὑμᾶς
3665 4376 3772 4432 διαί

2204 4467 2454 4538 φυλάξαι,
2486 4468 2709 4538 ἀδελφοὶ
2738 4470 3036 4541 ἀγαπητοί.
3070 4489 3090 4523 ι
3136 4474 3294 4525 Κατά
3333 4473 3399 4545 δὴ
3429 4473 3528 4545 τὴν
3570 4470 3773 4542 γραφὴν

2204 4563 2410 4630 ταύτην
2449 4562 2622 4631 ἡδέως
2660 4564 2814 4633 παρὰ
2864 4566 2978 4626 τοῖς
3002 4564 3459 4635 ’Δλεξανδρεῦσιν
3487 4564 3771 4633 είσδεχθεις

2207 4654 2554 4718 Ἀθανάσιος,
2595 4654 2696 4718 τὰς
2738 4654 2865 4710 κατ’
2894 4654 3176 4724 Αἴγυπτον
3215 4659 3520 4731 ἐκκλησίας
3559 4658 3771 4711 διεῖπενι

2206 4747 2270 4800 οι
2301 4745 2357 4799 δὲ
2382 4747 2514 4817 περὶ
2546 4746 2834 4813 Εὑσέὸιον,
2861 4741 2953 4803 οἷά
2981 4767 3087 4803 τινι
3117 4750 3265 4821 βέλει
3298 4756 3367 4823 τῇ
3403 4752 3615 4821 καθόδῳ
3641 4748 3775 4802 ἐκεῖ·

2206 4853 2300 4890 νου
2350 4836 2697 4907 πληγέντες,
2757 4837 3073 4895 διαϐάλλειν
3124 4842 3285 4908 αὖθις
3336 4846 3434 4899 καὶ
3477 4842 3774 4904 στασιάζειν

2206 4928 2553 4998 ἐπεχείρουν,
2593 4931 2692 4984 καὶ
2739 4932 3048 5002 πράγματα
3077 4938 3344 5006 παρεῖχον
3374 4937 3580 5008 ἑτέρων
3605 4932 3774 4987 διαὸοο

2183 5011 2336 5070 ’λῶν.
2377 5016 2546 5070 Ὅσον
2584 5019 2694 5087 γὰρ
2738 5021 2903 5090 τάχος
2957 5022 3014 5087 ὲς
3067 5021 3298 5092 βασιλέα
3345 5025 3677 5093 φοιτῶντες,
3703 5021 3771 5081 ὡς

2208 5109 2483 5182 στασιώδη
2544 5112 2835 5180 διέϐαλον,
2888 5117 2989 5169 καὶ
3037 5116 3115 5180 ὡς
3165 5119 3267 5189 τὴν
3318 5115 3771 5190 έκκλησιαστικὴν

2205 5202 2366 5265 τάξιν
2416 5204 2741 5274 συγχέοντα.
2800 5207 2937 5277 Δίχα
3015 5208 3127 5279 γὰρ
3186 5209 3416 5281 γνώμης
3472 5209 3772 5263 ἐπισκόπων

2207 5295 2387 5364 ἐαυτῷ
2414 5295 2512 5366 τὴν
2545 5298 2639 5349 ἐπὶ
2664 5300 2729 5368 τῇ
2763 5299 3035 5370 ἐκκλησίᾳ
3071 5302 3374 5373 ἐπέτρεψεν
3405 5303 3629 5356 εἴσοδον.
3661 5296 3774 5349 Ἑπὶ

2205 5391 2362 5443 τόσον
2396 5390 2454 5443 δὲ
2504 5391 2596 5444 τὸν
2657 5391 2884 5462 βασιλέα
2937 5395 3228 5465 ἠρέθισαν,
3286 5397 3361 5460 ὡς
3419 5398 3583 5451 αὑτὸν
3627 5389 3772 5452 αὖθις

2207 5483 2485 5538 ἀπελάσαι
2522 5484 2615 5538 τοῦ
2650 5487 2869 5555 θρόνου,
2901 5488 2974 5551 ὡς
3003 5491 3205 5545 αὐτίκα
3228 5491 3292 5562 δὴ
3336 5492 3484 5560 μάλα
3523 5487 3769 5560 ἐροῦμεν.

2206 5576 2529 5644 Ἱήνικαῦτα
2563 5578 2619 5631 δὲ
2657 5580 2753 5632 καὶ
2802 5579 3063 5645 Εὐσέϐιος
3096 5581 3155 5646 ὃς
3183 5584 3282 5654 τὴν
3313 5583 3601 5654 Παμφίλου
3643 5582 3773 5631 ἐπω-

2206 5669 2407 5737 νυμίαν
2439 5670 2789 5741 κεκλήρωτο,
2823 5672 2921 5744 τὴν
2970 5675 3026 5729 ὲν
3086 5676 3396 5747 Καισαρείᾳ
3446 5675 3543 5744 τῆς
3584 5670 3772 5725 [19.7.7.1-
