3990 6494
205 536 307 613 933

2402 346 2432 361 κ

1132 525 1741 599 ECCLESIASTlCzE
1782 522 2170 591 tttsrontaz
2212 520 2353 592 Lm.
2400 531 2500 592 tx.
3349 524 3455 591 235.

200 679 305 732 μης
357 659 692 721 ἐπίσκοπος,
740 651 955 715 ἰοὸλιος
1014 650 1169 714 οὗτος
1222 645 1327 722 ἦν,
1387 644 1803 715 διαδεξάμενος,

1906 653 2075 698 sceret
2112 661 2126 698 :
2161 644 2325 698 sicuti
2355 650 2539 707 antea,
2567 655 2689 697 cum
2724 640 2935 695 invitus
2968 636 3131 694 etiam
3164 636 3451 720 Athanasii

194 753 531 821 Σιλσεστρον,
559 751 628 819 τῇ
657 746 861 813 συνόδῳ
888 745 1287 815 ἐπεχωρίασεν,
1314 740 1438 795 οὔτε
1464 738 1532 794 δι’
1556 736 1772 801 ἑαυτοῦ,

195 844 319 900 οὔτε
352 843 458 915 μὴν
483 840 574 894 διὰ
600 857 742 903 τινος
769 838 863 892 τὸν
889 836 1100 890 ἐκείνου
1125 835 1293 888 τόπον
1320 835 1614 903 ἐπέχοντος
1638 846 1652 860 ⁸
1684 830 1778 883 καὶ

172 939 176 944 ’
201 938 368 992 ταῦτα
397 933 623 997 κανόνος
655 930 1003 995 θεσπίζοντος
1034 923 1521 997 ἐκκλησιαστικοῦ,
1561 920 1637 991 μὴ
1667 919 1778 972 δεῖν

205 1028 336 1085 εἶναι
362 1030 585 1098 γνώμης
615 1025 742 1080 ἄνευ
773 1023 866 1078 τοῦ
903 1020 1193 1089 Ῥωμαίων
1218 1017 1527 1089 ἡγουμένου
1556 1014 1658 1077 τὰς
1690 1015 1781 1066 ἑκ-

200 1120 426 1190 κλησὶας
460 1114 754 1177 συνοδικῶς
786 1111 1189 1175 κανονεξεσθαι.
1228 1108 1371 1162 Ἀλλ’
1394 1106 1516 1161 οὐδὲ
1542 1105 1657 1158 τῶν
1688 1104 1782 1158 ἄλ-

198 1214 309 1267 λων
342 1208 557 1264 Ἰταλῶν
585 1208 617 1277 ἢ
647 1206 757 1260 τῶν
784 1207 1039 1258 ἐπέκεινα
1072 1201 1364 1272 Ῥωμαίων
1393 1199 1568 1260 οὐδεὶς
1600 1199 1778 1250 ἐκεῖσε

201 1302 455 1371 συνῆλθε.
494 1298 742 1377 [ζέμπτον
775 1296 937 1349 τοῦτο
977 1290 1046 1365 ἦν
1080 1294 1188 1346 ἀπὸ
1222 1293 1321 1360 τῆς
1364 1289 1781 1344 Κωνσταντίνου

203 1395 458 1462 τελευτῆς
488 1391 627 1456 ἔτος,
657 1391 752 1442 καὶ
777 1389 810 1457 ἠ
844 1387 1065 1449 σύνοδος
1089 1385 1185 1438 τοῦ
1217 1383 1485 1454 βασιλέως
1513 1382 1782 1449 παρόντος

208 1488 603 1557 συνεκροτεῖτο.
639 1483 901 1554 ᾘτιῶντο
930 1480 988 1532 δὲ
1013 1479 1062 1532 οἱ
1096 1480 1227 1546 περὶ
1257 1475 1520 1529 Εὑσέὸιον
1557 1472 1786 1528 Ἀθανά-

205 1596 351 1642 σιον,
387 1577 460 1640 ὼς
502 1575 737 1645 θεσμοὺς
776 1570 1269 1641 ἐκκλησιαστικοὺς
1312 1567 1607 1638 παραλύοι.
1648 1567 1799 1636 Πρὶν,

203 1670 316 1743 γὰρ
366 1668 692 1738 ἐπιτραπείη
750 1662 1075 1727 συνοδικῶς,
1128 1662 1219 1715 τὸν
1272 1661 1465 1731 θρόνον
1517 1659 1782 1712 ἀνέλαϐε·

209 1762 420 1823 πολλοῖς
452 1760 509 1813 δέ
540 1761 635 1812 καὶ
670 1757 901 1811 θάνατον
936 1754 1272 1825 προξενῆσαι
1293 1793 1309 1821 ,
1349 1753 1591 1811 στάσεως
1627 1753 1684 1803 ἐν
1718 1753 1784 1821 τῇ

216 1856 399 1923 εἰσόδῳ
430 1850 726 1920 γενομένης
758 1849 928 1902 αὐτοῦ
953 1863 969 1879 ο
1000 1842 1076 1901 ῶν
1106 1847 1154 1899 oi
1191 1844 1291 1915 μὲν
1323 1844 1702 1919 ἀνῃρέθησαν,
1736 1841 1787 1895 οἱ

221 1947 265 2001 δ’
298 1944 655 2016 ἐζημίωνται,
710 1940 999 2009 δικαστικῇ
1059 1936 1307 2002 ἐξετάσει
1362 1934 1784 2006 παραδοθέντες.

223 2037 416 2107 Πόλλῆς
448 2036 504 2089 δὲ
539 2018 649 2090 καῖ
669 2032 837 2100 ἄλλης
875 2031 995 2084 κατ’
1039 2026 1359 2082 ’Δθανασῖου
1394 2024 1789 2094 ἐξυφανθείσης

217 2129 495 2197 διαϐολῆς,
526 2125 744 2198 πρῶτον
773 2123 874 2194 μὲν
901 2120 1193 2185 Εὐσέϐιον,
1225 2120 1283 2183 ὃς
1313 2116 1592 2187 ἐπεκλήθη
1628 2116 1792 2185 Ἐμε-

215 2223 396 2294 σηνὲς,
418 2223 494 2284 εἰς
519 2221 618 2291 τὴν
641 2215 992 2287 Ἀλεξάνδρου
1015 2213 1372 2284 ψηφίζονται,
1394 2212 1524 2281 περὶ
1549 2207 1609 2262 οῦ
1637 2206 1793 2260 ὓστε-

213 2334 309 2388 ρον
339 2313 570 2385 ὲροῦμεν
594 2326 608 2342 ⁶
645 2310 926 2371 δείσαντος
963 2307 1008 2361 δ’
1034 2307 1249 2361 ἐκείνου
1285 2305 1385 2374 τὴν
1418 2304 1497 2366 εἰς
1535 2299 1786 2364 Ἀλεξάν-

210 2408 401 2478 ερειαν
433 2404 642 2475 ἄφιξιν,
678 2402 983 2475 Γρηγόριον
1018 2399 1372 2470 ἐψηφίσαντο.
1414 2391 1547 2450 Εἶτα
1579 2393 1660 2457 εἰς
1693 2392 1792 2462 τὴν

212 2500 306 2555 τοῦ
334 2499 601 2570 δόγματος
633 2496 866 2565 ζήτησιν
898 2492 1145 2554 ἐλθόντες
1167 2529 1181 2556 ,
1213 2490 1367 2542 οὐδὲν
1397 2483 1542 2559 εἶχον
1573 2484 1796 2557 μέμψα-

214 2594 338 2648 σθαι
367 2591 479 2645 τῶν
508 2593 565 2644 ἐν
592 2587 797 2659 Νικαιᾳ
829 2586 1189 2658 πραχθέντων
1218 2601 1231 2614 ο
1260 2580 1443 2653 χώραν
1471 2597 1537 2649 γε
1571 2580 1678 2652 μὴν
1707 2578 1794 2631 δε-

216 2686 422 2741 δώκασι
463 2682 677 2744 πυκνὰς
720 2680 974 2743 συνόδους
1014 2679 1220 2740 ποιεῖν,
1264 2678 1359 2730 καὶ
1400 2673 1595 2734 ἄλλους
1635 2672 1794 2742 ὅρους

217 2780 452 2839 πίστεως
477 2773 762 2845 ἀγορεύειν
782 2789 796 2804 ⁶
825 2773 902 2837 ὡς
927 2774 993 2841 τῇ
1023 2770 1168 2823 κατὰ
1210 2771 1408 2839 μικρὸν
1447 2765 1796 2835 ὑπεξαλλαγῇ

214 2871 399 2940 ἡρέμα
444 2868 526 2931 εἰς
574 2866 666 2920 τὸν
704 2861 1045 2935 ’Δρειανικδν
1095 2858 1256 2931 βυθὸν
1305 2859 1595 2930 ἐμπεσεῖν.
1637 2857 1801 2909 Ἀλλὰ

215 2958 390 3013 ταῦτα
429 2957 527 3026 μὲν
556 2955 703 3018 ὃπως
734 2953 983 3023 ἐγένετο,
1017 2948 1354 3025 σαφέστερον
1389 2948 1421 3018 ἡ
1456 2946 1670 3017 ἱστορίᾳ
1700 2944 1798 3016 δη-

217 3049 421 3104 λώσει·
470 3048 507 3104 ἃ
556 3049 601 3102 δ’
626 3030 872 3117 ἔγραψαν
919 3047 1031 3107 τοῖς
1084 3042 1226 3097 κατὰ
1275 3038 1429 3096 πόλιν
1474 3038 1801 3099 ἐπισκόποις

222 3139 361 3215 ἦσαν
388 3140 561 3194 ταῦτα
582 3157 597 3171 ·
632 3157 652 3191 ι
694 3138 892 3208 Ἦμεῖς
921 3134 1043 3189 οὔτε
1076 3132 1364 3188 ἀκόλουθοι
1394 3131 1607 3201 Ἀρείου
1641 3128 1801 3198 γεγό-

221 3251 432 3321 ναμεν’
485 3233 602 3298 πῶς
649 3233 759 3303 γὰρ
808 3231 1096 3284 ἐπίσκοποι
1148 3227 1303 3289 ὅντες
1356 3223 1801 3321 ἀκολουθήσσμεν

220 3311 609 3399 πρεσϐυτέρως
650 3325 773 3378 οὔτε
814 3323 980 3393 ἄλλην
1015 3319 1141 3375 τινὰ
1179 3318 1366 3371 πίστιν
1409 3314 1561 3385 παρὰ
1601 3314 1701 3381 τὴν
1742 3311 1803 3375 ἐξ
1830 3344 1873 3403 c

221 3419 400 3492 ἀρχῆς
434 3421 753 3473 ἐκτεθεῖσαν
787 3413 1111 3483 ἐδεξάμεθα.
1153 3410 1318 3472 Ἀλλὰ
1354 3408 1447 3463 καὶ
1482 3406 1643 3477 ἡμεῖς
1676 3404 1798 3469 ἐξεο

221 3516 418 3569 τασταὶ
448 3514 541 3566 καὶ
566 3509 890 3582 δοκιμασταὶ
910 3509 1009 3579 τῆς
1037 3506 1277 3568 πίστεως
1302 3501 1471 3558 αὐτοῦ
1496 3499 1800 3569 γενόμενοι,

230 3606 424 3675 μᾶλλον
469 3604 630 3658 αὐτὸν
672 3599 1091 3674 προσηκάμεθα,
1134 3598 1283 3668 ἥπερ
1324 3593 1802 3666 ἡκολουθήσαμεν.

234 3700 331 3752 Καὶ
374 3686 649 3765 γνώσεσθε
695 3697 802 3749 ἀεὶ,
846 3695 951 3748 τῶν
996 3692 1347 3759 λεγομένων·
1400 3687 1805 3757 μεμαθήκαμεν

230 3794 331 3861 γάρ
361 3792 420 3854 ἐξ
451 3789 646 3860 ἀρχῆς,
673 3790 752 3852 εἰς
784 3788 879 3841 ἕνα
910 3785 1042 3839 Θεὸν
1076 3786 1167 3837 τὸν
1196 3786 1305 3838 τῶν
1334 3784 1473 3835 ὅλων
1504 3777 1802 3840 πιστεύειν,

226 3888 316 3938 τδν
349 3885 568 3951 πᾲντων
603 3879 808 3951 νοητῶν
839 3896 899 3931 τε
935 3882 1029 3932 καὶ
1066 3876 1343 3943 αἰσθητῶν
1374 3872 1709 3945 δημιουργόν
1744 3887 1805 3921 τε

226 3981 322 4032 καὶ
366 3976 670 4048 προνοητὴν
696 3989 709 4002 ’
756 3972 852 4025 καὶ
897 3973 975 4035 εἰς⁵
1018 3972 1113 4024 ἕνα
1159 3970 1288 4022 Υἱὸν
1325 3968 1422 4020 τοῦ
1467 3964 1603 4018 Θεοῦ
1655 3978 1811 4031 μονοα

186 4058 384 4138 ’γενῆ,
415 4070 520 4139 πρὸ
555 4069 768 4120 πάντων
798 4065 905 4118 τῶν
939 4064 1151 4119 αἰώνων
1184 4064 1522 4135 ὑπάρχοντα,
1555 4062 1649 4114 καὶ
1684 4075 1810 4112 συν-⁸

230 4164 358 4217 όντα
399 4161 479 4232 τῷ
527 4160 880 4231 γεγεννηκότι
929 4158 1094 4211 αύτιῦ
1145 4158 1341 4233 Πατρὶ,
1388 4156 1456 4208 δι’
1500 4150 1561 4209 οῦ
1603 4157 1700 4208 καὶ
1744 4155 1811 4208 τὰ

236 4259 406 4309 πάντα
430 4256 647 4322 ἐγένετο
671 4254 738 4306 τὰ
758 4251 932 4322 ὁρατὰ
956 4252 1049 4304 καὶ
1073 4251 1280 4322 ἀόρατα
1303 4266 1316 4280 ’
1342 4252 1434 4303 τὸν
1456 4250 1545 4302 ἐπ’
1563 4248 1808 4318 ἐσχάτων

237 4346 339 4398 τῶν
377 4344 598 4414 ἡμερῶν
636 4342 760 4396 κατ’
784 4342 1034 4394 εὐδοκίαν
1068 4342 1163 4394 τοῦ
1203 4341 1417 4409 Πατρὸς
1453 4339 1807 4403 κατελθόντα,

241 4441 328 4490 καὶ
385 4440 567 4507 σάρκα
622 4440 684 4489 ἐκ
739 4440 836 4507 τῆς
893 4435 1053 4504 ἁγίας
1107 4436 1383 4507 Παρθένου
1436 4432 1811 4502 ἀνειληφότα,

239 4534 325 4587 καὶ
358 4534 537 4586 πᾶσαν
564 4532 665 4603 τὴν
697 4531 974 4600 πατρικὴν
1002 4527 1168 4581 αὑτοῦ
1205 4527 1400 4597 βουλὴν
1430 4524 1813 4591 συνεκπεπλη-

234 4624 452 4691 ρωκότα
475 4635 492 4652 ⁸
527 4621 853 4675 πεπονθέναι
882 4637 943 4672 τε
977 4610 1073 4672 καὶ
1103 4617 1402 4688 ἐγηγέρθαι
1430 4631 1446 4647 ο
1479 4616 1575 4670 καὶ
1609 4616 1689 4677 εἰς
1722 4615 1813 4667 οὗ·

1878 738 2321 792 exauctorationi
2380 734 2725 804 subscripsit.
2755 733 2861 789 Sed
2929 749 3109 804 neque
3170 734 3455 789 Romanus

1879 828 2173 897 episcopus
2229 827 2442 890 Julius,
2510 827 2772 899 Sylvestri
2832 842 3156 890 successor,
3214 826 3301 881 vel
3358 843 3458 896 per

1881 919 2162 988 Seipsum,
2203 919 2288 975 vel
2325 935 2421 989 per
2450 919 2764 987 quempiam
2795 918 2886 986 qui
2929 919 3113 973 locum
3147 920 3270 989 ejus
3314 922 3458 973 ohti-
3522 986 3527 992 θ

1881 1018 2059 1069 neret.
2093 1010 2306 1081 synodo
2348 1011 2398 1064 ei
2433 1010 2725 1065 interfuit:
2760 1025 2884 1065 eum
2927 1012 3150 1081 quidem
3195 1011 3460 1067 ecclesia-
3518 1006 3551 1084 ‘,-_

1884 1103 2020 1158 stico
2050 1118 2259 1158 canone
2304 1105 2577 1157 sancitum
2615 1104 2722 1169 sit,
2761 1119 2871 1157 non
2903 1112 3160 1173 oportere
3191 1105 3469 1159 ecclesias“

1883 1194 2020 1251 citra
2050 1195 2287 1249 Romani
2312 1195 2555 1265 episcopi
2591 1196 2922 1249 sententiam
2958 1197 3012 1249 in
3045 1195 3271 1266 synodis
3301 1196 3462 1265 quid-

1884 1299 2048 1355 quam
2077 1293 2343 1341 statuere.
2377 1285 2456 1340 Ex
2482 1286 2637 1340 Italia
2669 1300 2889 1355 quoque
2921 1286 3038 1355 ipsa
3068 1296 3125 1340 et
3154 1287 3462 1356 provinciis

1885 1375 2249 1430 ulterioribus
2283 1390 2445 1430 nemo
2481 1376 2765 1430 Romanus
2789 1390 2856 1430 eo
2880 1375 3049 1429 venit.
3079 1376 3316 1441 Quintus
3347 1385 3459 1429 tum

1886 1484 1917 1524 a
1956 1467 2309 1524 Constantini
2345 1468 2502 1523 obitu
2536 1482 2717 1524 annus
2750 1478 2894 1534 erat,
2927 1477 2982 1523 et
3016 1470 3257 1539 synodus
3292 1469 3467 1535 impe-

1890 1566 2071 1611 ratore
2102 1568 2378 1624 praesente
2421 1557 2711 1628 agebatur.
2756 1558 3054 1613 Eusebiani
3102 1559 3465 1614 Athanasium

1890 1657 2251 1715 accusarunt,
2281 1650 2425 1719 quod
2483 1651 2800 1706 sanctiones
2842 1651 3251 1707 ecclesiasticas
3289 1664 3468 1708 trans-

1889 1758 2113 1811 gressus
2162 1755 2337 1809 esset,
2381 1745 2538 1815 prius
2575 1746 2792 1800 scilicet
2838 1747 3096 1800 thronum
3142 1762 3267 1802 eum
3322 1762 3475 1801 rece-

1864 1836 2065 1905 pisse,
2108 1851 2272 1905 quam
2305 1836 2355 1891 ei
2399 1852 2429 1891 a
2467 1838 2718 1909 synodali
2764 1840 3151 1909 episcoporum
3195 1851 3472 1894 conventu

1892 1927 1945 1979 id
1980 1929 2308 1997 permissum
2341 1938 2523 1996 esset,
2559 1938 2960 1985 asseverantes.
3002 1931 3070 1985 Et
3101 1931 3247 2001 quod
3287 1934 3476 1988 ιιιιιιιὶε

1895 2029 2165 2089 praeterea
2200 2021 2398 2076 mortis
2431 2036 2595 2077 causa
2627 2021 2959 2087 exstitisset,
2998 2024 3272 2079 seditione
3304 2024 3357 2079 in
3394 2025 3477 2079 in-

1893 2116 2090 2182 gressu
2120 2114 2242 2184 ejus
2266 2122 2455 2169 coorta
2482 2132 2494 2167 :
2524 2114 2578 2168 in
2610 2130 2715 2185 quo
2748 2115 3000 2171 nonnulli
3032 2116 3183 2181 euasi,
3216 2118 3472 2171 nonnulli

1888 2207 2136 2277 judicum
2173 2208 2465 2278 quastioni
2496 2209 2708 2271 traditi,
2740 2210 2975 2279 pecunia
3012 2210 3229 2265 multati
3263 2220 3477 2267 essent.

1897 2298 2082 2354 Multis
2110 2300 2336 2369 insuper
2355 2301 2479 2355 aliis
2507 2301 2799 2355 calumniis
2826 2300 2880 2356 in
2903 2302 3264 2357 Athanasium
3292 2304 3476 2366 textis,

1901 2391 2147 2461 primum
2195 2393 2514 2458 Eusebium,
2566 2394 2660 2464 qui
2710 2392 3012 2451 Emesenns
3057 2397 3481 2467 cognominatus

1899 2493 2016 2548 est,
2067 2483 2412 2541 Alexandria:
2460 2487 2765 2542 antistitem
2810 2486 3201 2558 designarent,
3255 2488 3323 2543 de
3367 2505 3478 2558 quo

1900 2590 2090 2649 postea
2137 2580 2408 2634 dicemus.
2456 2580 2536 2635 Eo
2578 2596 2708 2636 vero
2749 2582 3135 2637 Alexandriam
3173 2583 3325 2637 adire
3364 2599 3481 2637 Ille-

1907 2680 2118 2736 tuente,
2151 2670 2478 2742 Gregorium
2509 2674 2785 2745 sud‘ragiis
2819 2676 2935 2731 suis
2963 2676 3236 2747 delegere.
3273 2678 3483 2733 Deinde

1904 2767 2209 2836 quastione
2260 2767 2330 2821 de
2379 2767 2636 2822 doctrina
2686 2777 2833 2825 mota
2864 2810 2878 2836 ,
2914 2769 3054 2825 nihil
3111 2772 3187 2826 illi
3236 2772 3482 2842 quidem,

1908 2859 2059 2930 quod
2095 2860 2147 2914 in
2193 2861 2431 2916 Nicaenis
2461 2863 2600 2918 actis
2637 2864 3148 2934 reprehenderent,
3200 2865 3482 2920 habuere:

1903 2953 2377 3023 opportunitatem
2435 2964 2619 3010 tamen
2660 2955 2885 3010 crebras
2938 2955 3177 3026 synodos
3227 2956 3486 3027 cegendi,

1910 3046 2158 3114 aliasque
2194 3044 2324 3099 fidei
2356 3044 2625 3101 formulas
2651 3047 3038 3118 promulgandi
3082 3048 3390 3117 praebuere,
3429 3058 3490 3104 ut

1909 3136 2018 3191 alia
2063 3146 2227 3207 atque
2272 3136 2381 3192 alia
2419 3137 2657 3193 subinde
2699 3138 3006 3195 mutatione
3051 3140 3392 3211 pedetentim
3432 3143 3486 3198 in

1906 3229 2179 3301 gurgitem
2230 3229 2560 3287 Arianorum
2611 3233 2861 3288 homines
2891 3232 3308 3290 delaberentur.
3360 3236 3488 3291 Haec

1908 3320 2374 3392 quemadmodum
2405 3323 2801 3390 processerint,
2832 3325 3079 3392 apertius
3111 3324 3342 3381 historia
3373 3328 3489 3395 ipsa

1906 3414 2195 3471 indicabit.
2235 3413 2368 3480 Quae
2397 3423 2580 3467 autem
2612 3414 2677 3468 ad
2716 3416 2935 3469 urbium
2967 3418 3257 3488 episcopos
3288 3422 3492 3490 passim

1904 3510 2202 3578 scripsere,
2234 3508 2351 3563 haec
2384 3506 2542 3562 fuere
2569 3524 2585 3562 :
2627 3526 2644 3558 ι
2683 3505 2797 3563 Nos
2830 3524 3009 3578 neque
3038 3511 3153 3566 Arii
3190 3523 3498 3570 seetatores

1907 3601 2116 3656 fuimus
2163 3600 2491 3672 (quomodo
2576 3602 2724 3656 enim
2804 3602 3049 3675 episcopi
3107 3605 3494 3679 presbyterum

1907 3696 2443 3764 eonsectaremur?),
2496 3710 2673 3765 neque
2715 3696 2877 3751 aliain
2930 3700 3244 3768 quampiam
3307 3699 3494 3766 ﬁdem,

1909 3800 2274 3858 praeterquam
2305 3804 2429 3857 qua:
2458 3788 2525 3843 ab
2557 3788 2718 3842 initio
2747 3790 3090 3860 promulgata
3122 3801 3230 3856 est,
3267 3797 3493 3864 recepi-

1911 3898 2054 3935 mus.
2098 3880 2204 3936 Sed
2252 3897 2485 3936 excussa
2528 3883 2926 3954 exiilorataque
2976 3884 3096 3955 ejus
3152 3885 3288 3950 fide,
3340 3887 3497 3943 illum

1912 3978 2096 4044 potius
2136 3975 2481 4043 recepimus,
2532 3990 2698 4044 quam
2741 3977 2919 4031 secuti
2969 3991 3183 4034 sumus.
3239 3979 3297 4033 ld
3350 3985 3499 4051 quod

1910 4084 1974 4123 ex
2013 4067 2197 4122 verbis
2233 4067 2439 4122 nostris
2486 4069 2856 4136 cognoscetis.
2909 4068 3215 4125 Didicimus
3262 4088 3500 4143 namque

1912 4159 1980 4213 ab
2014 4159 2206 4222 initio,
2254 4160 2488 4213 credere
2542 4160 2595 4212 in
2654 4175 2825 4213 unum
2879 4177 3063 4214 rerum
3112 4162 3497 4217 universarum

1915 4250 2108 4314 Deum,
2136 4252 2383 4303 omnium
2413 4251 2845 4322 intelligibilium
2876 4252 3037 4307 simul
3064 4263 3115 4308 et
3149 4256 3499 4310 sensibilium

1914 4343 2258 4396 conditorem
2290 4352 2344 4397 et
2378 4343 2739 4415 provisorem.
2772 4345 2942 4415 630
2980 4345 3047 4399 Et
3099 4346 3152 4400 in
3202 4359 3370 4401 unum
3416 4348 3507 4401 Fi-

1912 4432 2048 4485 lium
2110 4432 2202 4487 Dei
2268 4434 2652 4503 unigenitum,
2719 4437 2813 4504 qui
2872 4445 3002 4490 ante
3057 4438 3243 4491 omnia
3301 4442 3501 4492 swcuin

1912 4536 2125 4593 exstat,
2162 4535 2217 4581 et
2253 4526 2419 4580 simul
2463 4527 2677 4581 exsistit
2706 4541 2830 4581 cum
2880 4540 2948 4581 eo
2994 4529 3088 4596 qui
3136 4544 3263 4583 eum
3313 4533 3507 4600 genuit

1916 4618 2076 4672 Patre
2104 4636 2117 4671 :
2155 4633 2256 4687 per
2290 4633 2453 4687 quem
2485 4620 2670 4674 omnia
2704 4617 2845 4672 facta
2879 4629 3032 4684 sunt,
3074 4620 3317 4675 visibilia
3347 4623 3503 4694 juxta

240 4718 433 4787 ρανοὺς
465 4714 852 4784 ἀνεληλυθέναι
877 4728 891 4744 ⁸
925 4711 1020 4765 καὶ
1056 4712 1114 4763 ἐν
1146 4710 1295 4779 δεξιᾷ
1328 4708 1421 4762 τοῦ
1457 4709 1571 4761 Πατ
1585 4708 1678 4777 po;
1711 4725 1803 4761 κα-

1922 4718 1975 4765 el
2012 4711 2328 4765 invisibilia.
2364 4710 2466 4777 Qui
2519 4712 2785 4765 extremis
2815 4710 3016 4765 diebus
3057 4711 3214 4779 juxta
3244 4713 3509 4783 benepla-

236 4808 491 4874 θέζεσθαι
510 4824 523 4837 ·
551 4810 645 4861 καὶ
671 4810 963 4877 ἐρχόμενον
989 4806 1174 4872 κρῖναι
1201 4803 1411 4867 ζῶντας
1436 4802 1529 4854 καὶ
1551 4800 1779 4870 νεκρούς
1799 4815 1814 4831 ·

236 4906 331 4955 καὶ
371 4901 692 4971 διαμένοντα
733 4898 959 4970 βασιλέα
1002 4896 1097 4951 καὶ
1137 4897 1270 4950 Θεὸν
1309 4897 1387 4957 εἰς
1428 4896 1554 4956 τοὺς
1594 4894 1817 4955 αἰῶνας.

241 4993 573 5064 Πιστεύομεν
602 4993 695 5046 καὶ
726 4993 803 5054 εἰς
824 4992 883 5044 τὸ
913 4990 1068 5058 ἅγιον
1100 4989 1345 5060 Πνεῦμα.
1375 4989 1436 5041 Εἰ
1458 4987 1515 5040 δὲ
1536 4987 1616 5039 δεῖ
1646 5003 1819 5057 προσ.

240 5087 448 5150 θεῖναι,
503 5085 834 5155 πιστεύομεν
884 5086 978 5137 καὶ
1030 5085 1158 5153 περὶ
1211 5080 1416 5151 σαρκὸς
1465 5080 1820 5141 ἀναστάσεως

242 5180 333 5233 καὶ
364 5179 511 5249 ζωῆς
544 5178 788 5232 αἰωνίου.
827 5193 847 5228 ι
884 5174 1071 5229 Ταῦτα
1104 5175 1324 5245 πρῶτον
1358 5171 1671 5243 γράψαντες
1708 5175 1822 5232 τοῖς

242 5273 561 5335 ἐπισκόποις
593 5270 956 5333 ἀπέστειλαν,
989 5267 1556 5341 παρασιωπήσαντες,
1594 5266 1824 5334 πότερον

241 5367 510 5429 συναῖδιός
538 5370 686 5420 ἐστιν
709 5367 742 5437 ἢ
769 5365 1059 5437 όμοούσιος
1083 5363 1159 5432 τῷ
1190 5363 1398 5435 Πατρὶ,
1427 5360 1459 5430 ἦ
1486 5361 1820 5415 τούναντίον·

235 5460 307 5528 τῇ
329 5458 375 5510 δ’
406 5457 678 5529 Ἀντιόχου
700 5455 1080 5527 ἐπιμείναντες
1103 5454 1294 5525 ῶσπερ
1311 5457 1412 5521 τῆς
1437 5452 1708 5521 προτέρας
1731 5468 1831 5505 κα-

240 5552 575 5618 τεγνωκότες
619 5549 928 5612 ἐκθέσεως,
965 5548 1159 5618 ἑτέραν
1194 5546 1380 5601 πίστιν
1416 5542 1828 5614 ύπαγορεύουσι

240 5644 385 5700 κατὰ
420 5644 600 5698 πάντα
632 5649 698 5714 τῇ
731 5644 791 5694 ἐν
823 5639 1035 5712 Νικαῑᾳ
1076 5640 1412 5710 συνᾴδουσαν
1437 5652 1452 5668 ⁶
1490 5639 1593 5691 οὐκ
1623 5631 1742 5691 οἶδα
1778 5638 1831 5690 ει

247 5738 323 5808 μὴ
351 5735 537 5789 ἔννοιά
566 5753 648 5797 τις
681 5733 902 5802 ἀφανῶς
937 5731 1184 5801 ἔγκειται
1212 5732 1326 5794 τοῖς
1360 5730 1569 5799 ῥητοῖς.
1605 5731 1741 5801 Περὶ
1771 5730 1830 5784 δὲ

242 5831 305 5881 τὸ
330 5828 482 5891 τέλος
515 5828 608 5881 καὶ
636 5825 813 5880 ταῦτα
844 5842 977 5894 φασι
1000 5839 1013 5853 ’
1053 5841 1072 5875 ι
1108 5821 1331 5891 Ταύτην
1357 5817 1450 5875 οὖν
1481 5821 1702 5891 ἔχοντες
1732 5821 1832 5892 τὴν

246 5920 430 5972 πίστιν
471 5919 703 5972 ἐνώπιον
745 5915 840 5972 τοῦ
883 5914 1021 5969 Θεοῦ
1066 5916 1164 5969 καὶ
1203 5912 1299 5967 τοῦ
1339 5913 1605 5985 Χριστοῦ,
1648 5915 1829 5968 πᾶσαν

246 6012 529 6086 αἱρετικην
572 6002 1050 6078 ἀναθεματὶζομεν
1093 6005 1417 6070 κακοδοξίαν
1445 6022 1459 6035 ⁸
1509 6006 1607 6060 καὶ
1653 6009 1704 6059 εἰ
1746 6025 1829 6073 τις

485 6115 758 6175 Ρλιτιιοι..
797 6110 914 6169 Cn.
978 6104 1200 6177 CXLVI

1925 4804 2096 4859 citum
2162 4790 2342 4859 Datris
2394 4803 2722 4869 descendit,
2775 4813 2830 4859 et
2888 4820 3109 4860 carnem
3161 4822 3227 4861 ex
3285 4807 3507 4880 Virgine

1925 4906 2114 4950 sancta
2148 4896 2354 4964 recepit
2375 4936 2390 4959 ,
2424 4904 2481 4950 et
2514 4910 2736 4951 omnem
2775 4908 3061 4966 paternam
3093 4897 3211 4967 ejus
3244 4900 3507 4955 volunta-

1928 5000 2034 5043 tem
2072 4988 2236 5042 simul
2280 4987 2543 5058 eXplevit.
2578 4988 2683 5055 Qui
2720 4997 2779 5043 et
2811 5004 3008 5058 passus
3044 5001 3150 5055 est,
3184 5000 3238 5046 et
3270 4998 3508 5051 resuscio

1926 5090 2074 5136 tatus
2102 5099 2116 5136 :
2149 5090 2203 5137 et
2237 5097 2490 5136 reversus
2518 5082 2571 5136 in
2600 5082 2792 5148 cmlos,
2829 5083 2986 5138 sedet
3009 5085 3063 5137 in
3089 5085 3283 5140 dextra
3308 5087 3508 5142 Patris.

1926 5172 2029 5239 Qui
2057 5184 2328 5230 venturus
2356 5184 2442 5229 est
2468 5174 2535 5228 ad
2561 5174 2920 5243 judicandum
2960 5176 3118 5232 vivos
3149 5188 3206 5234 et
3237 5191 3508 5251 mortuos,

1932 5276 1989 5322 et
2033 5283 2329 5323 mansurus
2379 5283 2472 5323 rex
2516 5276 2575 5323 et
2623 5267 2770 5323 Deus
2821 5269 2877 5323 in
2949 5271 3172 5327 saecula.
3219 5270 3515 5327 Credimus

1929 5360 2096 5416 etiam
2125 5363 2177 5415 in
2203 5361 2472 5430 Spiritum
2498 5371 2777 5416 sanctum.
2803 5361 2860 5417 Si
2887 5379 3019 5417 vero
3040 5348 3245 5419 addere
3272 5375 3512 5435 oportet,

1928 5453 2210 5507 credimus
2239 5468 2461 5522 quoque
2492 5453 2559 5507 de
2609 5453 2795 5508 carnis
2832 5456 3239 5511 resurrectione
3260 5496 3275 5520 ,
3318 5466 3376 5511 et
3403 5456 3512 5510 vita

1929 5554 2158 5600 aeterna.
2197 5565 2218 5596 ›
2265 5546 2391 5600 llaec
2419 5546 2661 5615 primum
2695 5547 2899 5617 scripta
2929 5549 2995 5603 ad
3027 5548 3319 5618 episcopos
3356 5549 3522 5602 mise-

1933 5645 2097 5703 runt,
2133 5637 2390 5702 silentio,
2441 5648 2628 5692 utrum
2664 5650 2981 5695 coaeternus
3011 5642 3105 5706 sit,
3144 5650 3241 5695 aut
3275 5643 3519 5694 consuli-

1935 5730 2212 5787 stantialis
2260 5729 2408 5785 Patri
2452 5730 2662 5796 Filius,
2704 5748 2774 5787 an
2819 5743 3050 5800 contra,
3100 5741 3519 5803 praetereuntes.

1936 5822 2112 5878 Porro
2158 5823 2466 5877 Antiochia:
2506 5824 2745 5891 morati,
2795 5824 3023 5884 perinde
3066 5837 3233 5895 atque
3280 5825 3525 5896 priorem

1934 5918 2235 5975 formulam
2289 5915 3137 5988 damnassent,\professionetn
3182 5919 3345 5974 aliam
3397 5919 3528 5976 fidei

1934 6012 2198 6081 edidere,
2247 6012 2303 6068 in
2352 6012 2614 6067 omnibus
2660 6011 2893 6067 Nicaeum
2938 6028 3280 6071 consonam:
3330 6022 3519 6071 twseio

3070 6114 3110 6169 8
