3990 6452
534 476 638 537 235

1767 466 2187 533 NICEPHORI
2226 471 2571 533 CALLISTI
3662 475 3749 543 ἳθῆ

539 600 720 646 tamen
753 603 824 643 an
870 601 982 643 non
1027 585 1242 641 occulta
1277 583 1458 641 verbis
1499 581 1619 655 ejus
1647 583 1921 639 sententia
1963 598 2113 653 quae-

2217 584 2366 654 παρᾶι
2404 582 2504 654 τὴν
2545 581 2674 653 ὑγιῆ
2710 581 2817 637 τῶν
2853 582 3086 653 Γραφῶν
3118 583 3287 654 ὀρθὴν
3332 583 3504 639 πίστιν
3542 587 3753 644 διδάσκει

538 681 683 751 piam
729 678 881 734 insit.
921 676 1003 732 Ad
1037 675 1202 731 linem
1234 690 1400 746 porro
1431 674 1549 731 haec
1587 675 1840 746 adjecere
1867 692 1880 729 :
1911 694 1929 726 ι
1963 672 2116 729 lianc

538 773 706 844 igitur
750 769 1064 827 obtinentes
1102 768 1230 824 ﬁdei
1277 767 1735 839 persuasionem,
1779 782 1966 824 coram
1998 766 2115 824 Deo

533 874 590 921 et
642 864 865 920 Christo
917 861 1077 932 ipso,
1127 876 1349 918 omnem
1401 861 1721 916 hzereticam
1773 875 2115 932 pravamque

535 958 883 1019 anathemate
913 956 1231 1027 jugulamus
1255 955 1595 1026 opinionem.
1636 955 1707 1009 Et
1740 954 1785 1009 si
1816 954 1945 1024 quis
1973 967 2113 1008 con-

529 1056 616 1113 tra
649 1064 839 1105 sanam
885 1058 1207 1120 rectamque
1251 1048 1668 1117 Scripturarum
1715 1045 1880 1101 (idem
1923 1044 2111 1112 docet,

532 1134 725 1197 dicens
755 1149 853 1197 aut
895 1149 1111 1210 tempus
1154 1149 1249 1195 aut
1292 1140 1557 1196 saeculum
1601 1138 1887 1205 esse,;vcl
1918 1137 2109 1203 fuisse,

530 1243 829 1302 antequam
871 1231 1047 1287 Filius
1092 1230 1191 1288 Dei
1240 1231 1439 1297 fuerit,
1489 1231 1784 1286 anathema
1827 1231 1919 1285 sit.
1959 1228 2026 1289 Et
2066 1228 2111 1283 si

530 1324 657 1394 quis
685 1323 821 1378 dicit
851 1322 1048 1377 Filium
1088 1331 1401 1377 creaturam
1423 1361 1437 1385 ,
1474 1321 1707 1391 perinde
1741 1328 1910 1388 atque
1944 1333 2109 1373 unam

531 1417 772 1487 aliquam
805 1425 1186 1471 creaturarum
1212 1433 1224 1470 :
1258 1425 1355 1470 aut
1376 1414 1655 1485 genimen,
1683 1412 1917 1483 perinde
1943 1420 2111 1481 atque

531 1524 702 1563 unum
754 1508 977 1579 aliquod
1025 1507 1403 1578 geniminum,
1438 1514 1492 1562 et
1536 1519 1647 1561 non
1694 1504 1860 1560 sicuti
1910 1502 2113 1558 divinae

534 1602 836 1673 Scripturae
867 1601 935 1657 de
964 1601 1242 1671 praedictis
1282 1601 1543 1655 omnibus
1582 1599 1875 1670 prodidere
1907 1596 2107 1652 sentit:

532 1704 630 1751 aut
656 1696 704 1752 si
730 1698 855 1765 quis
886 1693 1036 1749 aliud
1066 1694 1231 1749 docet
1262 1693 1348 1747 vel
1378 1691 1703 1757 annuntiat,
1739 1699 2108 1762 praeterquam

531 1787 680 1858 quod
715 1786 1068 1856 accepimus,
1115 1784 1409 1840 anathema
1453 1785 1545 1839 sit.
1580 1783 1691 1839 Nos
1732 1781 1882 1839 enim
1922 1780 2110 1836 omnia

531 1895 655 1951 quae
686 1894 754 1933 ex
784 1878 954 1934 sacris
973 1877 1199 1932 Litteris
1226 1893 1257 1931 a
1290 1876 1578 1947 prophetis
1608 1885 1665 1930 et
1698 1874 1964 1945 apostolis
1999 1882 2109 1927 tra-

2216 677 2389 745 λέγων
2408 716 2423 740 ,
2455 677 2488 748 ἦ
2520 677 2712 747 καιρίν
2741 676 2774 747 ἢ
2807 677 2982 732 αίῶνα
3015 673 3153 731 εῖναι
3183 677 3216 747 ἢ
3248 678 3525 747 γεγονέναι
3552 684 3648 750 πρὸ
3671 681 3752 735 τοῦ

2214 770 2306 824 τὸν
2342 770 2465 825 Υίὸν
2498 768 2592 824 τοῦ
2626 769 2765 824 Θεοῦ
2801 768 2969 837 εἶναι,
3002 771 3261 842 ἀνάθεμα
3292 772 3446 829 ἔστω.
3481 774 3586 827 Καὶ
3614 775 3659 827 εί
3683 792 3754 838 τις

2213 862 2361 930 λέγει
2408 863 2502 916 τὸν
2546 862 2675 918 Υίδν
2720 863 2929 935 κτίσμα
2972 864 3048 928 ὡς
3092 864 3152 919 ἐν
3215 865 3324 919 τῶν
3372 866 3689 935 κτισμάτων,
3725 867 3754 938 ἦ

2214 954 2466 1026 γέννημα
2516 955 2590 1018 ὡς
2617 956 2677 1011 ἓν
2700 956 2813 1010 τῶν
2834 956 3218 1026 γεννημάτων,
3242 958 3334 1011 καὶ
3363 958 3436 1029 μὴ
3461 958 3533 1022 ὡς
3557 960 3610 1012 αἱ
3635 958 3757 1011 θεῖαι

2214 1046 2431 1117 Γραφαὶ
2456 1047 2875 1118 παραδεδώκασι
2901 1050 3010 1103 τῶν
3037 1051 3455 1120 προειρημένων
3480 1050 3672 1104 ἕκαστα
3691 1064 3704 1078 ’
3728 1049 3755 1118 ἢ

2213 1134 2269 1188 εί
2293 1154 2374 1198 τις
2404 1137 2536 1190 ἄλλο
2565 1137 2810 1191 διδάσκει
2838 1138 2870 1209 ἢ
2899 1138 3313 1207 εὐαγγελίζεται
3344 1139 3471 1209 ’παρ’
3492 1138 3519 1191 ὃ
3546 1138 3760 1208 παρελά-

2214 1227 2382 1298 ϐομεν
2411 1245 2424 1259 ·
2454 1229 2702 1300 ἀνάθεμα
2730 1229 2893 1285 ἔστω.
2929 1231 3122 1301 Ἡμεῖς
3152 1233 3262 1301 γὰρ
3292 1232 3425 1286 πᾶσι
3453 1235 3558 1295 τοῖς
3585 1234 3645 1285 ἐκ
3668 1232 3758 1285 τῶν

2214 1319 2374 1375 θείων
2412 1322 2650 1393 Γραφῶν
2690 1323 3153 1393 παραδεδομένοις
3190 1326 3296 1378 ὑπό
3331 1341 3392 1377 τε
3430 1324 3535 1377 τῶν
3572 1341 3759 1394 προφη-

2211 1412 2319 1464 τῶν
2353 1413 2449 1467 καὶ
2490 1414 2805 1466 ἀποστόλων
2839 1413 3113 1489 ἀληθινῶς
3158 1432 3220 1468 τε
3261 1414 3357 1469 καὶ
3405 1416 3649 1486 ἐμφανῶς
3678 1417 3760 1468 καὶ

2212 1506 2544 1577 πιστεύομεν
2571 1507 2665 1560 καὶ
2688 1507 3120 1579 ἀκολουθιῦμεν.
3154 1527 3176 1561 ι
3217 1510 3307 1563 Ἐν
3332 1510 3503 1581 ταύτῃ
3525 1510 3578 1563 δέ
3600 1513 3662 1579 τῇ
3686 1511 3762 1561 ἐκ·

2213 1599 2382 1667 θέσει,
2411 1599 2685 1670 ἄτρεπτόν
2709 1616 2768 1653 τε
2799 1602 2892 1654 καὶ
2922 1600 3286 1655 ἀναλλοίωτον
3313 1602 3410 1672 τὴν
3439 1602 3658 1672 θεότητα
3682 1601 3760 1653 τοῦ

2215 1692 2347 1746 Υίοῦ
2390 1693 2846 1764 ἀποφηνάμενοι,
2888 1694 3079 1748 εἰκόνα
3122 1712 3182 1747 τε
3225 1696 3640 1767 ἀπαράλλακτον
3678 1693 3763 1763 τῆς

2212 1783 2402 1854 θεῖκῆς
2436 1783 2627 1846 οὐσίας
2661 1784 2755 1836 καὶ
2792 1782 2992 1854 βουλῆς
3025 1784 3121 1836 καὶ
3152 1783 3437 1855 δυνάμεως
3472 1785 3564 1837 καὶ
3592 1783 3763 1849 δόξης,

2216 1877 2310 1928 καὶ
2354 1877 2699 1945 πρωτότοκον
2734 1876 2917 1945 πάσης
2960 1876 3211 1944 κτίσεως,
3247 1877 3351 1930 οὐκ
3389 1872 3488 1930 οἷδ’
3509 1877 3648 1938 ὅπως
3683 1874 3766 1928 καὶ

531 1970 645 2026 dita
678 1978 829 2037 sunt,
864 1985 993 2024 vere
1026 1979 1196 2039 atque
1231 1978 1422 2038 aperte
1444 1974 1502 2023 et
1528 1966 1808 2023 credimus
1837 1975 1893 2021 et
1919 1965 2107 2035 sequi-

2215 1968 2500 2040 ὀμοούσιον
2516 1967 2679 2021 αὐτὸν
2698 1968 2876 2021 εἰπεῖν
2896 1969 2973 2037 τῷ
2998 1970 3177 2040 Ιιατρὶ
3202 1971 3602 2041 παρῃτήσαντο.
3628 1969 3767 2038 Ἑκή-

532 2078 678 2117 mur.
713 2080 732 2114 ι
761 2061 827 2116 ln
852 2061 956 2117 hac
983 2060 1220 2116 formula
1246 2076 1370 2116 cum
1399 2059 1801 2115 immutabilem
1832 2068 1890 2114 et
1914 2058 2112 2113 inalte—

530 2155 757 2212 rabilem
789 2152 913 2209 Filii
947 2152 1315 2218 divinitatem,
1352 2151 1759 2223 imaginemque
1804 2167 1914 2207 non
1951 2150 2112 2206 diﬂ‘e-

528 2258 744 2304 rcntem
777 2261 807 2300 a
833 2246 1022 2301 divina
1048 2245 1364 2301 substantia
1391 2253 1449 2300 et
1480 2245 1717 2300 consilio
1747 2253 1802 2300 et
1834 2252 2110 2314 potestate

530 2349 587 2396 et
639 2339 853 2411 gloria,
906 2346 1073 2409 atque
1122 2338 1553 2409 primogenitum
1601 2337 1782 2393 omnis
1840 2345 2112 2392 creatura:

530 2432 679 2488 clare
702 2430 949 2488 dixerint
975 2448 989 2485 :
1024 2419 1212 2486 nescio
1240 2431 1518 2501 quomodo
1549 2430 1715 2486 etiam
1746 2431 2113 2486 consubstan-

531 2523 721 2579 tialem
762 2524 945 2593 ipsum
994 2522 1144 2577 Patri
1193 2514 1383 2576 dicere
1423 2520 1877 2576 dctrectaverint.
1914 2520 2115 2591 Vulga-

531 2623 663 2672 runt
708 2631 840 2672 sane
885 2614 1143 2686 quidam,
1191 2612 1355 2671 iidem
1393 2614 1554 2669 talem
1606 2614 1689 2669 sic
1731 2628 1792 2669 se
1833 2614 2115 2670 invenisse

531 2712 814 2778 scriptam,
843 2716 899 2764 et
925 2722 956 2762 a
992 2707 1237 2762 Luciano
1268 2715 1614 2776 conceptam,
1651 2707 1747 2778 qui
1776 2706 2115 2763 Nicomediae

531 2800 797 2869 martyrio
817 2798 1142 2866 decertavit,
1165 2800 1287 2854 viro
1316 2799 1529 2865 divino,
1560 2798 1692 2855 etin
1720 2801 1893 2855 sacris
1911 2799 2112 2857 litteris

533 2908 703 2964 supra
746 2899 980 2948 cmteros
1023 2890 1278 2961 apprime
1321 2889 1585 2946 erudito:
1621 2890 2019 2960 amplitudine,
2051 2899 2114 2947 ut

531 2986 789 3060 equidem
815 2994 971 3058 puto,
994 2985 1280 3056 martyris,
1298 2984 1677 3040 celebritatem
1698 2983 1882 3054 potius
1900 2984 2113 3054 scripto

531 3094 636 3135 suo
667 3080 1053 3144 vendicantes,
1085 3092 1252 3148 quam
1282 3092 1413 3132 vera
1443 3075 1710 3131 dicentes.
1740 3076 1903 3147 681
1941 3066 2114 3130 inter;

531 3170 637 3227 l'uit
676 3181 861 3226 autem
908 3168 1147 3226 concilio
1189 3169 1322 3225 huic
1370 3167 1665 3234 Eusebius,
1710 3169 1806 3238 qui
1843 3183 1912 3223 ex
1950 3167 2117 3223 Nico-

532 3264 804 3323 mediensi
822 3268 891 3320 ad
908 3264 1575 3334 Constantinopolitanam
1599 3264 1786 3321 sedem
1818 3273 1902 3319 est
1933 3271 2115 3320 trans-

533 3360 715 3424 latus;
745 3357 983 3414 Aeacius
1024 3357 1245 3414 Eusebii
1292 3358 1569 3429 Pamphili
1622 3355 1808 3412 throni
1848 3356 2003 3427 juxta
2056 3365 2114 3410 et

531 3451 869 3508 eruditionis
919 3465 1238 3517 successor;
1297 3448 1654 3520 PatrOphilus
1702 3446 2113 3519 Scythopolita-

531 3557 671 3610 nus;
723 3541 1047 3597 Theodorus
1091 3539 1445 3597 Heracleotes
1492 3555 1589 3595 seu
1631 3538 1984 3602 Perinthius,
2028 3538 2113 3589 vir

530 3636 865 3709 praeclarus,
892 3635 983 3704 qui
1028 3632 1457 3705 Evangeliorum
1487 3630 1866 3702 expositiones
1898 3627 2110 3693 edidit;

533 3728 819 3785 Eudoxius
857 3724 1364 3791 Germaniciensis,
1414 3724 1511 3794 qui
1558 3729 1683 3792 post
1729 3719 2113 3775 Macedonium

530 3818 1199 3890 Constantinopolitanam
1244 3815 1547 3872 Ecclesiam
1578 3813 1946 3885 gubernavit:
1978 3810 2114 3867 Gre-

532 3915 762 3987 gorius,
818 3928 985 3985 quem
1036 3910 1297 3967 Ecclesia:
1347 3907 1736 3964 Alexandrinae
1792 3906 2113 3976 episcopum

532 4008 1003 4078 designaverant,
1033 4005 1129 4075 qui
1165 4016 1363 4057 omnes
1394 4000 1589 4056 eadem
1625 3999 1978 4054 sentiebant:
2015 3996 2113 4052 sed

531 4108 589 4156 et
619 4099 849 4156 Dianius
870 4098 1130 4154 Caesarea:
1158 4094 1571 4167 Cappadocum,
1600 4101 1651 4148 et
1677 4091 1944 4162 Georgius
1972 4090 2113 4145 Lao-

531 4192 705 4248 dicea
733 4188 998 4261 Syrorum
1031 4186 1300 4257 episcopi,
1333 4184 1539 4254 aliique
1579 4183 1768 4254 plures
1809 4181 2111 4253 insignium

535 4283 867 4338 thronorum
911 4278 1340 4349 metropolitana
1389 4275 1660 4348 dignitate
1706 4274 1923 4345 praediti
1968 4273 2116 4328 anti-

531 4376 726 4433 stites:
771 4381 971 4445 praeter
1011 4371 1220 4426 Julium
1264 4367 1455 4422 Romae
1497 4374 1554 4421 et
1603 4364 1907 4420 Maximum
1955 4361 2115 4418 Elia;

532 4470 845 4541 episcopos,
868 4464 962 4537 qui
989 4465 1060 4520 ob
1092 4478 1188 4519 eas
1216 4475 1356 4532 quas
1380 4459 1545 4530 paulo
1573 4468 1703 4513 ante
1728 4456 2114 4512 recensuimus

533 4575 730 4616 causas
763 4574 875 4613 non
903 4555 1134 4611 atlucre.
1165 4552 1250 4608 Ad
1282 4550 1406 4606 illos
1443 4552 1612 4606 etiam
1644 4547 1922 4603 Eusebius
1950 4547 2113 4601 Eme-

2217 2061 2410 2129 ρυττόν
2451 2077 2515 2131 γε
2563 2062 2672 2131 μὴν
2711 2059 2810 2132 τὴν
2852 2061 3111 2130 τοιαύτην
3153 2061 3365 2128 πίστιν,
3399 2063 3569 2125 οὕτως
3607 2062 3766 2129 εὑρεῖν

2213 2154 2612 2224 γεγραμμένην
2638 2154 2746 2207 ὐπὸ
2772 2152 3059 2225 Λουκιανῷ
3084 2157 3420 2224 γραφεῖσαν,
3445 2155 3503 2218 ὃς
3527 2155 3661 2207 κατὰ
3682 2152 3767 2223 τὴν

2214 2245 2589 2315 Νικομήδειαν
2619 2245 3009 2318 ἐμαρτύρησεν
3028 2286 3043 2313 ,
3076 2246 3237 2316 ἀνδρὶ
3270 2245 3434 2317 θείῳ,
3464 2245 3558 2299 καὶ
3585 2246 3674 2308 τὰς
3706 2245 3770 2297 ίε-

2217 2340 2317 2409 ρὰς
2346 2338 2571 2410 Γραφὰς
2598 2338 2757 2408 ειπερ
2784 2356 2868 2401 τις
2898 2338 3343 2409 ἁκριϐωσαμένῳ
3366 2355 3378 2371 ο
3412 2333 3561 2408 οἶμαι
3589 2338 3660 2408 τῷ
3688 2336 3767 2390 τοῦ

2219 2432 2499 2503 μάρτυρος
2545 2429 2820 2502 ἀξιώματι
2874 2431 3237 2500 σεμνύνοντες
3281 2434 3352 2486 τὰ
3399 2433 3590 2496 οίκεία,
3641 2430 3769 2500 ἥπερ

2214 2523 2388 2594 ἁληθῆ
2418 2522 2697 2593 λέγοντες.
2720 2526 2959 2603 ΔΜετείχε
2990 2525 3048 2580 δὲ
3079 2527 3178 2595 τῆς
3212 2526 3435 2581 συνόδου
3461 2525 3656 2595 ταύτης
3683 2523 3772 2576 Εὐ-

2218 2616 2428 2681 σέϐιος,
2458 2619 2485 2670 6
2516 2618 2579 2670 ἐκ
2607 2617 2656 2671 Ν
2665 2618 2986 2689 ικομηδείας
3015 2620 3095 2681 εἰς
3126 2621 3219 2672 τὸν
3247 2620 3351 2692 τῆς
3381 2618 3769 2676 Κωνσταντίνου

2217 2708 2409 2780 θρόνον
2457 2710 2808 2781 μετατεθείς·
2857 2714 2952 2764 καὶ
2987 2712 3245 2776 ’Δκάκιος
3292 2715 3322 2766 ὀ
3364 2713 3461 2766 τοῦ
3508 2710 3770 2780 Παμφίλου

2217 2801 2479 2855 Εὐσεϐίου
2510 2802 2604 2855 καὶ
2632 2801 2728 2856 τοῦ
2761 2802 2953 2873 θρόνου
2986 2805 3202 2873 καὶτῆς
3235 2805 3484 2868 παιδείας
3512 2804 3767 2873 διάδοχος·

2214 2891 2560 2961 Πατρόφιλός
2588 2907 2648 2945 τε
2682 2896 2709 2945 6
2743 2892 3134 2958 Σκυθοπόλεως
3156 2911 3169 2924 ο
3199 2895 3297 2947 καὶ
3329 2899 3358 2950 6
3387 2895 3485 2965 τῆς
3518 2896 3653 2947 κατὰ
3685 2890 3774 2946 Πέ-

2217 2983 2402 3055 ρινθον
2439 2983 2767 3053 Ἡρακλείας
2801 2984 3077 3056 Θεόδωρος
3104 3002 3118 3016 ⁸
3157 2987 3454 3059 ἐλλόγιμος
3485 2988 3542 3041 δέ
3571 2989 3597 3039 6
3627 2984 3768 3054 ἀνὴρ.

2215 3071 2288 3132 ὡς
2330 3072 2426 3125 καὶ
2465 3070 2563 3142 τὴν
2600 3072 2710 3124 τῶν
2753 3073 3107 3141 Εὐαγγελίων
3146 3075 3448 3145 ἑρμηνείαν
3491 3072 3775 3144 ὑπαγορεῦ-

2190 3174 2310 3218 ’σαι
2333 3179 2348 3195 ⁸
2381 3164 2476 3219 καὶ
2508 3168 2535 3218 6
2563 3165 2603 3217 Γ
2607 3165 2939 3234 ερμανικίας
2983 3166 3254 3236 Εὐδόξιος,
3300 3169 3361 3233 ὃς
3394 3170 3533 3237 μετὰ
3557 3165 3775 3222 Μακεδὸ.

2216 3275 2331 3311 νιον
2362 3258 2458 3328 τῆς
2493 3258 2910 3312 Κωνσταντίνου
2940 3259 3032 3315 τὸν
3063 3261 3253 3331 θρόνον
3283 3263 3464 3318 διεῖπε
3488 3279 3504 3296 ·
3534 3262 3625 3316 καὶ
3652 3260 3779 3329 Γρη-

2217 3352 2422 3422 γόριος,
2468 3352 2528 3415 ὃς
2577 3352 2853 3423 ἐψηφίσθη
2899 3356 2964 3425 τῇ
3004 3354 3452 3427 ’Δλεξανδρέωνο
3496 3357 3548 3410 οἶ
3589 3356 3656 3409 τὰ
3700 3354 3778 3405 ίσα

2218 3447 2417 3510 πάντες
2444 3446 2731 3517 ἐφρόνουν.
2770 3446 2934 3502 Ἀλλὰ
2963 3447 3072 3519 γὰρ
3098 3448 3193 3503 καὶ
3219 3451 3440 3514 Διάνιος
3466 3453 3495 3504 6
3520 3451 3617 3522 τῆς
3644 3450 3783 3502 Καπ-

2217 3538 2470 3591 παδοκῶν
2495 3539 2832 3610 Καισαρείας
2856 3541 3176 3605 ἐπίσκοπος,
3199 3542 3295 3594 καὶ
3320 3542 3592 3613 Γεώργιος
3612 3540 3638 3591 δ
3658 3538 3784 3591 Λαι-

2215 3629 2424 3694 δικείας
2455 3633 2551 3701 τῆς
2592 3634 2795 3702 Συρίας
2819 3646 2836 3665 ο
2862 3633 3048 3685 πολλοί
3081 3649 3142 3685 τε
3184 3636 3282 3689 καὶ
3319 3635 3497 3699 ἄλλοι,
3521 3633 3782 3702 διασήμων

2216 3722 2424 3790 θρόνων
2455 3724 2743 3778 ἐπίσκοποι
2776 3724 2875 3779 καὶ
2911 3727 3382 3797 μητροπολιτικὰς
3418 3727 3575 3792 ἀξίας
3597 3728 3782 3795 ἠμφιε-

2217 3818 2410 3887 σμένοι
2434 3834 2452 3852 ·
2486 3818 2626 3888 πλὴν
2662 3817 2883 3871 Ἰουλίου
2912 3819 3007 3872 τοῦ
3041 3818 3261 3889 Ῥώμης
3282 3862 3297 3885 ,
3328 3822 3427 3875 καὶ
3457 3820 3551 3873 τοῦ
3581 3819 3674 3890 τῆς
3701 3817 3786 3870 Δί-

2213 3909 2336 3974 λίας
2367 3909 2657 3980 Μαξίμου,
2687 3909 2840 3974 δι’ἂς
2872 3911 3057 3982 μικρῷ
3088 3912 3332 3984 πρόσθεν
3363 3914 3543 3979 αἰτίας
3574 3912 3786 3983 είρήκα-

2219 4020 2340 4075 μεν.
2371 4003 2495 4057 Ἐπὶ
2516 4003 2573 4057 δέ
2599 4005 2733 4056 πᾶσι
2756 4002 2967 4067 τούτοις
2989 4005 3082 4058 καὶ
3103 4004 3369 4070 Εὐσέϐιος
3394 4008 3423 4059 6
3445 4002 3783 4079 Ἐμεσσηνός.

2215 4098 2312 4160 Τίς
2338 4097 2394 4150 δὲ
2419 4091 2593 4163 οὗτος,
2621 4096 2723 4168 ἤδη
2751 4096 2880 4165 ἐρῶ.
2912 4091 3086 4161 Οὗτος
3111 4097 3170 4162 ἐξ
3200 4098 3466 4171 Ἐδέσσης
3491 4099 3591 4170 τῆς
3619 4097 3788 4165 Ὸσρο⁴

2214 4185 2364 4258 ηνῶν
2396 4186 2715 4256 γεννηθεὶς,
2752 4186 3089 4258 εὐπατρίδης
3122 4181 3189 4257 ἦν
3215 4204 3228 4218 ·
3263 4189 3335 4242 τὰ
3369 4189 3429 4243 δὲ
3467 4189 3589 4259 ίερὰ
3621 4186 3790 4259 γράμ.

2219 4294 2364 4347 ματα
2390 4276 2726 4343 παιδευθεὶς,
2751 4275 3065 4330 ἔπειτα-καὶ
3086 4278 3155 4332 τὰ
3186 4278 3463 4351 Ἑλλήνων
3489 4275 3784 4347 ἐξεδιδάχθη

2214 4372 2328 4431 τοῖς
2377 4369 2555 4423 ἐκεῖσε
2603 4368 2951 4433 διδασκάλοις
3000 4370 3290 4441 φοιτήσας.
3335 4373 3427 4436 Ἐς
3481 4371 3706 4441 ὕστερον
3746 4363 3789 4420 δ’

2218 4461 2464 4531 Εὐσεϐίῳ
2490 4460 2587 4515 τοῦ
2621 4462 2913 4531 Παμφίλου
2946 4465 3321 4530 συγγεγονὼς,
3350 4466 3449 4517 καὶ
3481 4461 3789 4533 Πατροφίλῳ

2216 4555 2294 4626 τῷ
2334 4555 2726 4618 Σκυθοπόλεως
2767 4555 3087 4623 ἐπισκόπῳ,
3125 4557 3193 4608 τὰ
3233 4555 3336 4625 τῆς
3382 4559 3536 4619 θείας
3575 4551 3791 4625 ἠκρίϐου

533 4667 703 4708 senus
729 4649 983 4705 accessit.
1019 4646 1097 4700 De
1122 4660 1214 4711 eo,
1245 4643 1340 4714 qui
1374 4642 1565 4709 fuerit,
1594 4656 1745 4696 nunc
1775 4639 1979 4695 dicam.
2012 4637 2113 4693 Hic

2219 4648 2466 4719 Γραφῆς.
2496 4648 2574 4718 Τῇ
2609 4648 2654 4699 δ’
2693 4646 2972 4718 Ἀντιόχου
3006 4647 3354 4718 προσϐαλὼν,
3376 4650 3541 4719 ἡνίκα
3576 4659 3797 4714 κατηγο-

531 4742 757 4800 Edessa:
784 4741 1157 4797 Osrocnorum
1194 4737 1359 4792 claris
1391 4735 1713 4806 parentibus
1744 4732 1985 4804 genitus,
2024 4745 2111 4786 sa-

534 4854 658 4894 cras
704 4838 947 4906 primum
981 4834 1194 4888 litteras
1215 4871 1229 4895 ,
1273 4840 1462 4902 postea
1491 4829 1660 4885 etiam
1696 4827 1915 4882 Graecas
1942 4825 2110 4881 disci-

535 4932 748 4999 plinas,
791 4928 862 4983 ab
893 4927 1014 4998 ejus
1043 4925 1150 4981 loci
1187 4922 1466 4995 magistris
1493 4921 1706 4977 didicit.
1748 4919 1958 4975 Deinde
1988 4933 2113 4973 cum

534 5020 780 5077 Eusebio
821 5016 1094 5087 Pamphili
1139 5014 1471 5070 familiarius
1511 5026 1709 5083 agens,
1752 5020 1919 5079 atque
1950 5009 2116 5064 etiam

533 5129 660 5169 cum
689 5111 1012 5183 Patrophilo
1042 5107 1417 5181 Scythopolita
1440 5146 1454 5170 ,
1488 5104 1809 5160 accuratius
1854 5103 1910 5157 in
1941 5102 2118 5158 sacris

531 5215 618 5261 est
658 5205 917 5261 eruditus
963 5203 1186 5257 litteris.
1236 5197 1589 5253 Antiochiam
1623 5197 1816 5260 venit,
1862 5209 1987 5251 cum
2038 5193 2117 5248 ibi

532 5296 856 5351 Eustathius
878 5290 956 5365 (ι)
984 5301 1210 5362 propter
1237 5291 1450 5345 crimen
1480 5287 1532 5342 ei
1565 5288 1895 5342 intentatum
1921 5301 1952 5340 a
1974 5284 2118 5354 Cyro

532 5388 601 5442 de
632 5387 805 5459 gradu
839 5386 1089 5455 dejectus
1119 5393 1243 5439 est:
1277 5393 1443 5452 atque
1476 5394 1605 5435 cum
1634 5393 1960 5435 successore
1991 5377 2115 5448 eius

537 5479 861 5550 Euphronio
908 5477 1119 5534 eisdem
1167 5476 1223 5530 in
1268 5475 1482 5531 aedibus
1515 5473 1648 5544 egit.
1705 5470 2117 5528 Saccrdotalem

534 5579 720 5625 autem
748 5570 1072 5643 dignitatem
1095 5568 1450 5639 deprecatus,
1475 5566 1695 5623 scholas
1718 5564 2119 5620 Alexandrinas

534 5660 931 5732 frcquentavit.
972 5660 1166 5732 Ibique
1210 5668 1485 5732 quantum
1515 5674 1655 5729 opus
1693 5667 1814 5713 erat
1846 5658 2122 5714 exercita-

607 5792 682 5863 (l)
716 5794 871 5864 Apud
923 5794 1208 5851 Socratem
1267 5805 1352 5851 est
1404 5795 1502 5850 lib.
1553 5810 1612 5859 ll,
1649 5809 1750 5864 cap
1796 5795 1861 5857 9,
1907 5794 2118 5865 Συνέϐη

537 5861 833 5938 Εὐστάθιον
872 5867 975 5919 ὑπὸ
1008 5870 1177 5936 κύρυυ
1206 5867 1661 5938 κατηγορηθέντα
1692 5861 1784 5918 τοῦ
1815 5861 2120 5936 Βερῤοιὲως

533 5936 932 6009 καθαιρεθῆναι
982 5938 1056 6001 ὡς
1097 5936 1515 6002 Σαϐελλίςοντα.
1577 5936 1759 5990 Ει·εηίι
1808 5947 1861 5989 ut
1920 5938 2122 5998 Eusta-

2222 4745 2343 4813 ρίας
2372 4740 2667 4803 Εὐστάθιος
2700 4741 2942 4803 ὑποστὰς
2972 4741 3077 4794 ὑπὸ
3113 4741 3298 4812 Κύρου
3329 4742 3666 4815 καθῄρηται,
3702 4739 3793 4791 Εὐ·

2218 4833 2423 4903 φρονίῳ
2455 4833 2534 4902 τῷ
2569 4831 2688 4902 μετ’
2712 4834 2921 4885 ἐκεῖνον
2951 4833 3265 4903 ὁμωρόφιος
3293 4830 3385 4904 ἦν.
3425 4831 3796 4902 ΙΙαραιτούμε-

2219 4942 2308 4989 νος
2327 4925 2384 4977 δέ
2409 4924 2678 4995 ἱερᾶσθαι,
2697 4926 2808 4987 τοῖς
2830 4926 2954 4979 κατ’
2979 4904 3390 4997 Ἀλεξάνδρειαν
3408 4922 3795 4983 διδασκαλείοις

2218 5017 2429 5085 ἐφοίτα.
2468 5016 2757 5087 ’Δσκηθεὶς
2784 5016 2841 5069 δὲ
2873 5016 3128 5071 κάκεῖθεν
3157 5018 3281 5070 ὅσον
3309 5019 3509 5088 ἐχρῆν,
3536 5015 3795 5079 ἐπανῆκεν

2220 5107 2377 5174 αὖθις
2428 5111 2508 5173 είς
2545 5110 2923 5181 Ἀντιόχειαν·
2975 5112 3070 5165 καὶ
3126 5110 3475 5181 συνδιέτριϐε
3536 5110 3795 5178 Πλακήτῳ

2220 5201 2660 5270 ἐπισκοπήσαντι
2721 5200 2840 5271 μετ’
2878 5201 3199 5270 Εὐφρόνιον.
3248 5201 3406 5255 Ἐπεὶ
3468 5202 3527 5255 δὲ
3590 5200 3799 5253 σύνοδ.ν

2219 5292 2401 5346 ἐκεῖσε
2445 5293 2709 5357 Εὐσέϐιος
2749 5294 2778 5346 ὁ
2822 5293 2922 5363 τῆς
2965 5293 3388 5347 Κωνσταιτίνου
3433 5294 3684 5357 συνίστα,
3724 5288 3799 5348 εἰς

2218 5382 2308 5437 τὸν
2342 5385 2438 5453 τῆς
2479 5384 2898 5455 Ἀλεξανδρείας
2943 5385 3135 5455 θρόνον
3169 5384 3363 5437 τοῦτον
3400 5385 3663 5455 ἐψήφιζε.
3701 5379 3802 5433 Καὶ

2219 5475 2329 5547 γὰρ
2356 5475 2494 5546 ᾤετο
2523 5477 2704 5543 λέγειν
2732 5477 2905 5531 δεινὸν
2932 5477 3090 5543 ὄντα,
3118 5477 3215 5531 καὶ
3239 5478 3331 5531 τὸν
3360 5477 3482 5548 βίον
3511 5475 3686 5537 καλῶς
3715 5472 3804 5524 καὶ

2221 5568 2442 5637 ἀγαθῶς
2467 5569 2815 5637 διεξάγοντα,
2840 5569 3037 5623 θᾶττον
3060 5570 3401 5639 Αἰγυπτίους
3432 5563 3805 5641 μεταρρυθμί-

2222 5679 2311 5715 σαι
2341 5664 2442 5734 τῆς
2471 5663 2603 5733 περὶ
2637 5663 2959 5718 Ἀθανάσιον
2991 5665 3249 5735 σχέσεως.
3288 5664 3381 5727 Ὠς
3411 5664 3469 5717 δὲ
3498 5664 3601 5735 τὴν
3627 5656 3805 5713 τοιαύ-

2223 5796 2358 5877 ίίιίαε
2376 5795 2566 5877 αρυνο
2587 5797 2833 5877 Ben/tceo
2858 5810 3138 5877 accusatus
3163 5809 3427 5874 tanquam
3453 5796 3802 5860 Sabelli/tam,

2223 5869 2279 5920 in
2311 5869 2547 5923 ordinem
2577 5871 2867 5925 damnatus
2903 5871 3245 5943 redigeretur.
