3990 6440
233 546 340 611 237

1191 535 1798 600 ECCLESIASTIC/E
1837 532 2232 595 HISTORUE
2273 532 2417 593 LIB.
2467 531 2570 590 IX.

3379 521 3484 585 ι238

233 671 331 725 την
362 651 653 707 ἀπεώσατο
686 647 1051 720 λειτουργίαν,
1086 649 1354 716 οίόμενοέ,
1383 649 1522 718 ὅπερ
1550 647 1646 700 καὶ
1679 647 1807 716 ἀλη-

1932 659 2040 711 .us,
2086 642 2437 699 Antiochiam
2483 640 2688 696 rediit:
2733 649 2788 696 et
2841 653 2966 695 cum
3009 637 3252 698 Placito,
3301 637 3398 708 qui
3432 636 3489 689 iu

234 747 324 810 θὲς
364 741 468 816 ἦν,
516 741 794 813 εὐπρεπὲς
840 741 1099 810 εὑρήσειν
1145 742 1303 808 μῖσος
1350 739 1504 808 παρὰ
1548 739 1656 792 τῶν
1702 739 1802 808 τῆς

246 836 682 908 Ἀλεξανδρείας,
713 835 788 904 μή
815 851 935 887 τινα
965 832 1051 885 ἐτε
1062 850 1152 901 ρον
1177 833 1302 886 ἀντὶ
1329 831 1654 885 Ἀθανασίου
1684 832 1808 884 ἀνε-

238 927 482 1001 χομένων
524 928 685 998 ὁρᾷν,
731 925 812 988 είς
845 925 1093 993 Ἔμεσαν
1135 923 1455 994 μετεχώρει.
1499 923 1807 994 Γρηγόριος

236 1020 312 1082 δέ,
356 1021 438 1082 είς
481 1018 580 1088 τὴν
617 1015 976 1086 Ἀλεξάνδρου
1021 1011 1810 1094 προεῶὄάζετοηΔιαὸληθεὶς

233 1113 278 1165 δ’
304 1115 361 1164 ἐν
392 1111 656 1181 Ἐμέσσῃ,
686 1109 761 1172 ὡς
795 1109 880 1178 εἴη
910 1107 972 1160 τὸ
1000 1108 1099 1176 τῆς
1130 1107 1523 1178 ἀστρονομίας,
1554 1105 1583 1160 ὃ
1615 1107 1807 1159 ἀποτε-

234 1203 562 1272 λεσματικὸν
590 1201 856 1268 καλεῖται,
881 1201 1086 1272 μετιὼν
1119 1201 1285 1271 μέρος
1304 1240 1321 1267 ,
1351 1199 1532 1270 φυγάς
1561 1199 1641 1261 είς
1671 1197 1810 1251 Λαο-

234 1295 442 1348 δίκειαν
474 1294 609 1364 πρὸς
650 1293 929 1364 Γεώργιον
959 1295 1053 1346 τὸν
1085 1293 1268 1346 ἐκεῖσε
1310 1291 1614 1345 ἐπίσκοπον
1647 1289 1773 1360 ἣκει
1793 1329 1808 1354 ,

237 1389 450 1457 ἑταῖρον
479 1389 541 1440 ἐκ
570 1387 803 1442 παλαιοῦ
833 1385 986 1442 ὄντα.
1025 1385 1085 1439 Ὀ
1115 1386 1159 1438 δ’
1184 1386 1264 1449 είς
1299 1383 1634 1454 Ἀντιόχειαν
1663 1381 1814 1452 αὐτῷ

238 1479 506 1532 συνελθὼν
549 1478 685 1549 πρὸς
728 1477 1018 1549 Πλάκητον
1061 1476 1158 1530 καὶ
1196 1477 1549 1549 Νάρκισσον,
1590 1475 1672 1537 είς
1713 1473 1814 1545 τὴν

247 1571 596 1642 Ἐμεσσηνῶν
622 1568 780 1635 αὖθις
808 1569 907 1641 τὴν
939 1571 1073 1624 ίδίαν
1100 1569 1451 1640 ἀποκατέστη
1481 1567 1812 1639 ἐπισκοπὴν.

237 1661 346 1719 Ἦν
369 1666 425 1717 δὲ
455 1666 597 1734 μάλα
621 1665 718 1719 καὶ
745 1663 958 1733 βασιλεῖ
981 1661 1352 1734 Κωνσταντίῳ
1376 1661 1778 1732 κεχαρισμένος
1799 1676 1815 1692 ο

240 1753 472 1822 ἐπήγετο
527 1753 634 1823 γάρ
691 1753 853 1806 αὑτὸν
911 1752 1049 1821 πρὸς
1107 1749 1326 1821 Πέρσας
1387 1749 1598 1819 μέλλων
1653 1765 1818 1819 στραο

243 1847 419 1898 στεύειν
439 1861 454 1878 ο
485 1847 747 1915 τεράστια
779 1845 887 1914 γὰρ
919 1844 1092 1896 πολλὰ
1117 1843 1180 1896 τὸ
1211 1843 1354 1895 θεῖον
1381 1842 1450 1895 δι’
1473 1841 1637 1894 αὐτοῦ
1665 1841 1818 1910 ἐνερ-

1907 737 2232 807 episcopatu
2283 734 2607 805 Euphronio
2651 733 2954 801 successit,
2989 732 3115 788 fuit.
3162 732 3278 796 llic,
3322 732 3493 786 Eusc.

1909 830 2034 886 hius
2104 827 2765 897 Constantinopolitanus
2829 841 2955 882 cum
3012 826 3283 896 synodum
3349 823 3496 878 cele-

1910 919 2131 982 braret.
2181 918 2569 975 Alexandrinae
2618 918 2735 974 sedi
2784 917 2933 972 hunc
2971 916 3290 972 destinavit.
3335 915 3493 982 Quod

1909 1009 2057 1066 enim
2084 1018 2142 1066 et
2182 1010 2498 1080 eloquentia
2530 1009 2821 1079 ’polleret.
2857 1017 2914 1065 et
2961 1007 3103 1063 bene
3150 1007 3496 1076 honesteque
3561 1075 3572 1084 ο

1910 1103 2159 1170 viveret,
2191 1099 2350 1156 brevi
2389 1101 2435 1156 is
2462 1100 2748 1171 Egyptios
2780 1100 2848 1156 ab
2881 1115 3072 1154 amore
3103 1109 3159 1154 et
3189 1099 3493 1162 desiderio.
3568 1103 3577 1117 ‘

1912 1208 2024 1264 quo
2073 1194 2130 1248 in
2180 1192 2542 1248 Athanasium
2592 1192 2951 1258 ferebantur,
2992 1191 3333 1247 abducturus
3372 1207 3495 1246 esse

1913 1285 2350 1341 existimabatur.
2403 1285 2538 1339 Eam
2595 1285 2938 1340 iunctionem
2998 1285 3094 1339 ubi
3155 1282 3492 1354 repudiavit,

1914 1376 1971 1432 id
2007 1376 2155 1446 quod
2180 1391 2270 1433 res
2306 1385 2426 1432 erat
2455 1391 2643 1432 secum
2671 1384 2959 1447 reputans,
2987 1375 3194 1444 justam
3227 1375 3495 1429 nimirum

1914 1484 2045 1539 erga
2065 1485 2124 1524 se
2148 1469 2262 1525 odii
2284 1483 2507 1526 causam
2535 1469 2696 1524 facile
2721 1468 3126 1524 Alexandrinos
3150 1477 3496 1538 reperturus,

1917 1562 2012 1632 qui
2039 1561 2209 1616 alium
2235 1564 2512 1617 neminem
2542 1576 2646 1632 pro
2673 1560 2972 1616 Athanasio
3000 1575 3228 1616 cernere
3254 1560 3498 1615 sustineo

1919 1663 2042 1710 rent
2074 1655 2398 1726 episcOpum
2423 1695 2440 1722 ,
2486 1654 2741 1710 Emesam
2785 1662 2871 1710 est
2920 1655 3162 1710 missus:
3202 1651 3502 1724 Gregorius

1919 1758 2102 1803 autem
2134 1747 2525 1803 Alexandriam
2551 1747 2846 1803 deductus.
2879 1746 2973 1801 Ille
2995 1746 3270 1802 calumnia
3295 1746 3502 1800 Emesa:

1919 1839 2219 1908 expetitus,
2252 1839 2407 1909 quasi
2453 1840 2576 1912 ejus
2606 1838 2780 1910 partis
2810 1838 3166 1893 astronomiae
3206 1853 3332 1909 quae
3361 1839 3507 1907 Apu-

250 1939 378 2000 γεῖν,
405 1935 481 1999 ὦς
510 1953 642 2006 φησι
676 1933 946 2003 Γεώργιος
976 1937 1004 1988 ὁ
1035 1933 1356 1998 Λαοδικεὺς,
1383 1932 1476 1985 τὸν
1503 1931 1622 2001 βίον
1649 1929 1818 1984 αὐτοῦ

1932 1931 2266 1987 Lelesmalica
2298 1931 2526 1998 dicitur,
2559 1933 2844 2001 responsis
2873 1931 3086 1987 scilicet
3110 1932 3308 1988 dandis
3340 1945 3509 1984 occu-

249 1997 663 2099 συνταξάμενος.
705 1997 926 2097 Καίπερ
965 2026 1025 2079 δὲ
1065 2025 1309 2087 τοιοῦτος
1348 2022 1460 2088 ὢν,
1500 1997 1600 2086 τὰς
1639 2023 1816 2088 ἄρκυς

1932 2034 2080 2094 pata,
2117 2025 2395 2080 studiosus
2428 2033 2593 2089 esset,
2627 1997 2792 2094 682
2845 2023 3173 2080 Laodiceam
3225 2025 3293 2082 ad
3337 2024 3509 2080 Geor-

242 2122 348 2173 τῶν
380 2120 654 2190 φθονερῶν
683 2119 746 2172 οὐ
777 2118 962 2189 διέδρα
982 2156 998 2182 ,
1030 2117 1302 2170 εἰωθότων
1327 2117 1439 2178 τοῖς
1472 2115 1662 2177 καλοῖς
1692 2115 1815 2168 ἐπι-

1932 2117 2069 2189 gium
2106 2116 2352 2187 episcopi
2387 2117 2550 2173 isthic
2591 2131 2820 2171 munere
2850 2117 3171 2187 fungentem
3198 2157 3214 2182 ,
3264 2126 3509 2172 veterem

242 2213 511 2282 φύεσθαι·
562 2212 768 2283 μέμψιν
809 2213 916 2280 γὰρ
965 2210 1126 2280 ἔσχεν
1167 2210 1240 2272 ὡς
1288 2207 1488 2278 ἐπίσης
1537 2207 1816 2279 Σαϐελλίῳ

1932 2209 2164 2264 amicum
2209 2209 2491 2282 profugit:
2531 2220 2588 2266 et
2631 2226 2755 2264 eum
2806 2210 3001 2266 eodem
3044 2211 3392 2267 Antiochiam
3440 2211 3511 2266 ad

240 2307 447 2374 φρονεῖ.
476 2303 610 2356 Τότε
643 2319 705 2370 γε
745 2302 872 2374 μὴν,
907 2302 982 2366 ὡς
1013 2302 1252 2372 εἴρηται,
1287 2301 1403 2362 τοῖς
1443 2301 1503 2352 ἐν
1536 2299 1815 2368 Δίτιοχείᾳ

1932 2301 2193 2356 Placitum
2222 2313 2275 2357 et
2300 2302 2622 2358 Narcissum
2663 2303 2972 2374 profectus,
3007 2303 3136 2359 inde
3169 2303 3314 2375 apud
3347 2303 3512 2358 Eme-

239 2396 533 2449 καθίστατο
553 2397 614 2449 σύ
625 2397 867 2465 μψηφος.
883 2396 1019 2465 Περὶ
1040 2395 1138 2463 μὲν
1155 2389 1248 2447 οὖν
1267 2393 1339 2445 Εὐ
1349 2391 1531 2445 σεὸίου
1549 2391 1786 2444 τοσαῦτα
1801 2409 1817 2424 ο

1932 2407 2092 2447 senos
2140 2391 2196 2446 iu
2241 2394 2626 2464 episcopatum
2682 2411 2842 2450 suum
2893 2396 3191 2451 restitutus
3235 2404 3340 2451 est.
3387 2395 3513 2451 Fuit

240 2491 274 2559 ἡ
313 2489 371 2540 δὲ
414 2491 472 2540 ἐν
505 2488 810 2558 Ἀντιοχείᾳ
851 2486 1072 2550 σύνοδος
1102 2486 1332 2540 τοιαῦτα
1374 2484 1670 2557 πράξασα,
1705 2483 1816 2537 διε-

1932 2494 2112 2539 autem
2169 2493 2226 2540 et
2279 2485 2608 2541 Constantio
2659 2487 2987 2556 imperatori
3036 2496 3364 2558 pergratus,
3417 2487 3512 2558 qui

239 2581 420 2637 λύετο.
1925 2594 2053 2635 eum
2116 2593 2302 2634 secum
2373 2579 2640 2635 adversus
2707 2580 2905 2636 Persas
2971 2579 3184 2635 bellum
3253 2590 3514 2650 gesturus

242 2675 399 2729 duxit
427 2675 527 2744 (l).
564 2673 730 2729 Multa
767 2689 1008 2743 namque
1049 2672 1300 2728 divinum
1335 2687 1537 2727 numen
1605 2671 1858 2742 prodigia
1899 2687 2000 2741 per
2067 2671 2247 2742 ipsum
2293 2672 2572 2738 edidisse,
2613 2673 2972 2731 Laodicensis
3035 2673 3204 2728 refert
3245 2673 3514 2744 Georgius

240 2770 335 2838 qui
377 2769 540 2823 \itam
580 2769 699 2840 ejus
734 2767 1091 2836 conscripsit.
1133 2767 1201 2822 Et
1231 2766 1482 2837 quamvis
1516 2775 1706 2822 tantus
1771 2766 1856 2819 vir
1893 2765 2090 2833 fuerit,
2126 2779 2238 2820 non
2279 2774 2462 2821 tamen
2537 2767 2856 2822 invidorum
2880 2808 2894 2831 ,
2925 2767 3020 2837 qui
3052 2767 3303 2824 honestis
3332 2769 3516 2824 itumi-

245 2881 376 2920 nere
407 2864 552 2918 soliti
581 2872 732 2928 sunt,
763 2863 990 2933 laqueos
1016 2861 1232 2933 effugit.
1267 2861 1560 2934 Objectutn
1589 2862 1736 2917 enim
1802 2861 1853 2917 ei
1895 2872 2002 2928 est,
2072 2860 2220 2931 quod
2261 2860 2316 2916 in
2361 2860 2556 2918 eadem
2593 2871 2744 2917 esset
2777 2875 2902 2917 cum
2937 2860 3180 2917 Sabellio
3211 2863 3511 2920 sententia.

244 2958 383 3012 Tum
428 2973 560 3014 sane
603 2957 862 3027 quidem,
909 2955 991 3011 uti
1037 2955 1175 3023 dixi,
1222 2954 1527 3011 Antiochiae
1573 2954 1814 3011 decretis
1854 2954 2124 3010 faciendis
2157 2969 2283 3010 cum
2363 2955 2489 3012 aliis
2537 2954 2867 3026 suffragator
2912 2954 3188 3010 interfuit.
3242 2955 3369 3012 Ilaec
3440 2957 3511 3014 de

245 3051 506 3107 Eusebio.
545 3051 615 3106 Et
647 3051 892 3122 synodus
930 3050 1282 3108 Antiochena
1315 3051 1484 3106 rebus
1517 3048 1591 3105 ita
1625 3049 1815 3121 gestis,
1857 3048 2038 3105 soluta
2067 3057 2175 3107 est.

838 3195 1091 3251 ΚΕΦΑΔ.
1134 3195 1223 3264 ς’.

244 3287 344 3356 Ὦς
383 3289 736 3360 Ἀθανασιόυ
796 3289 1219 3358 ἐκϐληθέντος,
1275 3293 1612 3360 Γρηγόριος
1662 3290 1816 3360 μετὰ

318 3359 744 3429 στρατιωτικῆς
773 3361 1087 3429 φάλαγγος
1117 3361 1236 3430 τὴν
1287 3359 1631 3428 ἐκκλησίαν
1667 3359 1816 3414 κατ-

316 3430 498 3486 ἐσγεο
531 3431 630 3484 καί
670 3435 802 3486 περὶ
849 3433 1110 3485 Ἰουλίου
1134 3432 1243 3484 τοῦ
1285 3431 1514 3486 Ῥὡιιηρ
1565 3431 1815 3486 ἐπισκό-

317 3449 498 3499 εσχε·
531 3449 630 3484 και
670 3449 802 3500 περι
854 3449 1110 3485 νιουαιιου
1134 3449 1243 3484 του
1300 3449 1514 3500 ratan
1565 3449 1662 3484 επι

317 3516 436 3555 που
456 3517 468 3530 ·
503 3502 602 3556 καὶ
643 3503 722 3566 ὡς
743 3502 1085 3569 ἐχαλέπηνε
1115 3501 1252 3570 περὶ
1279 3501 1662 3556 Ἀθανασίου.

319 3616 519 3680 Κακῶς
562 3616 607 3669 δ’
635 3618 692 3670 ἐν
736 3618 964 3682 ἐκείνοις
1003 3620 1121 3681 τοῖς
1161 3619 1376 3690 χρόνοις
1420 3619 1514 3672 καὶ
1551 3619 1620 3672 τὰ
1661 3619 1820 3674 κοινὰ

253 3708 475 3763 διέκειτο
515 3709 820 3778 πράγματα
845 3726 858 3740 ·
902 3711 1148 3780 Φράγγοι
1198 3712 1304 3780 γὰρ
1349 3711 1504 3776 ἔθνος
1541 3711 1820 3782 δύσμαχον

248 3801 357 3853 τῶν
396 3801 532 3871 πρὸς
573 3800 815 3870 ἑσπέραν
852 3803 1188 3877 κατέτρεχον
1223 3803 1482 3858 Γαλατῶν
1518 3804 1821 3875 ἐπιμᾶλλον

247 3892 522 3964 δῃοῦντες.
570 3894 650 3946 Τά
695 3893 752 3946 δὲ
798 3895 934 3964 πρὶς
977 3895 1052 3948 ἕω
1098 3895 1376 3968 ἀρχόμενα
1421 3895 1528 3951 ὑπὸ
1575 3897 1821 3966 σεισμῶν

248 3988 454 4056 ἀγρίων
487 3986 922 4042 άνετινάσσοντο.
963 3987 1030 4041 Ἠ
1062 3988 1107 4041 δ’
1143 3990 1420 4060 Ἀντιόχου
1457 3990 1693 4059 μάλιστα
1726 3991 1824 4046 καὶ

249 4081 328 4142 εἰς
361 4081 603 4133 ἐνιαυτὸν
634 4079 755 4133 ὅλον
787 4079 993 4134 ἐσείετο
1017 4093 1032 4110 ⁶
1065 4081 1304 4150 ὁπηνίκα
1335 4081 1432 4136 σὺν
1464 4081 1648 4152 πολλῷ
1683 4082 1822 4152 πλή-

249 4174 330 4225 θει
376 4172 725 4244 στρατιωτῶν
749 4214 764 4239 ,
799 4174 963 4225 πέντε
1006 4171 1244 4244 χιλιάδες
1284 4168 1424 4245 ἦσαν
1458 4175 1553 4227 τὸν
1587 4174 1822 4245 ἀριθμὸν

250 4256 320 4315 ὧν
352 4261 598 4330 ἐξηγεῖτο
628 4261 912 4332 Συριανὸς,
945 4265 1039 4316 καὶ
1065 4261 1370 4332 Γρηγόριος
1396 4264 1461 4316 ὲκ
1485 4265 1585 4334 τῆς
1621 4263 1824 4317 Ἀντιόο

251 4373 341 4425 χου
376 4355 472 4426 τὴν
499 4355 846 4425 Ἀλεξάνδρου
891 4355 1211 4410 κατέλαϐεν.
1242 4356 1307 4408 Ἠ
1343 4355 1401 4410 δέ
1439 4356 1675 4426 στρατιὰ
1717 4375 1824 4410 πα-

253 4450 468 4519 ρείπετό
492 4451 564 4510 οἱ,
585 4449 660 4512 ὡς
684 4448 750 4502 ἂν
774 4449 1023 4519 ἀσφαλὴς
1049 4451 1081 4520 ή
1109 4447 1312 4512 εἴσοδος
1341 4450 1434 4503 καὶ
1457 4449 1825 4514 ἀστασίαστος

2540 3195 2770 3254 CAPUT
2814 3194 2902 3250 VI.

1927 3290 1992 3347 Ut
2039 3290 2336 3346 Athanasio
2367 3291 2567 3360 ejecta,
2606 3289 2890 3359 Gregorius
2933 3288 3156 3360 militari
3215 3307 3380 3345 manu
3419 3293 3515 3344 sti-

1995 3371 2153 3431 patus
2227 3359 2505 3415 ecclesiam
2579 3360 2873 3430 occuparit.
2936 3359 3020 3431 De
3071 3359 3218 3416 Julia
3273 3361 3513 3416 Romano

1995 3429 2254 3504 episcopo,
2283 3431 2540 3503 quomodo
2585 3432 2630 3486 is
2681 3429 2967 3486 Athanasii
3012 3445 3194 3487 casum
3237 3448 3378 3504 wgre
3434 3443 3518 3487 tu-

1998 3502 2142 3555 (erit.

1996 3615 2074 3672 Ea
2123 3630 2259 3670 vero
2312 3623 2644 3687 tempestate
2693 3632 2785 3674 res
2831 3617 2999 3676 etiam
3047 3618 3286 3691 publicae
3333 3618 3518 3676 infeli-

1925 3709 2064 3765 citer
2109 3709 2532 3766 administratae.
2583 3711 2782 3766 Franci
2823 3713 3006 3780 enim,
3054 3729 3192 3784 gens
3231 3712 3516 3780 bellicosa,

1926 3799 2158 3856 Galliam
2185 3800 2585 3856 occidentalem
2614 3813 3038 3873 percurrentes,
3075 3807 3312 3861 maxime
3337 3817 3518 3861 vasta-

1929 3901 2081 3946 runt.
2116 3893 2174 3947 ln
2209 3891 2435 3950 Oriente
2463 3901 2648 3950 autem
2677 3895 2800 3951 loca
2833 3895 3098 3966 pleraque
3131 3897 3293 3953 saevis
3327 3907 3518 3954 terra:-

1929 3984 2172 4041 motihus
2213 3994 2345 4040 sunt
2377 4001 2688 4042 concussa:
2729 3988 3028 4045 Antiochia
3068 4005 3202 4044 vero
3242 3991 3512 4058 maxime;

1930 4074 2149 4147 integro
2180 4093 2418 4148 namque
2447 4094 2593 4134 anno
2624 4080 2677 4134 id
2710 4082 2942 4151 pertulit
2964 4083 3192 4138 malum.
3223 4082 3342 4149 Quo
3375 4092 3516 4138 tem-

1929 4181 2062 4236 pore
2085 4182 2211 4222 cum
2240 4184 2433 4238 magna
2467 4170 2704 4225 militum
2731 4185 2900 4227 manu
2933 4172 3201 4244 (quinque
3228 4173 3514 4227 hominum

1930 4263 2099 4316 millia
2149 4276 2353 4329 erant,
2397 4279 2537 4334 quos
2587 4263 2859 4336 Syrianus
2911 4264 3170 4334 ducebat)
3219 4265 3517 4338 Gregorius

1930 4355 2225 4411 Antiochia
2258 4356 2648 4412 Alexandriam
2683 4365 2770 4414 est
2805 4358 3109 4428 profectus.
3141 4358 3343 4414 Milites
3381 4374 3516 4429 pro-

1931 4458 2118 4519 pterea
2167 4463 2296 4504 eum
2343 4449 2556 4516 secuti,
2613 4458 2674 4505 ut
2724 4459 2843 4506 tuto
2887 4458 2945 4507 et
2995 4450 3206 4520 absque
3239 4451 3515 4506 seditione

249 4543 397 4613 αὐτῷ
425 4542 665 4610 γένοιτο,
697 4543 922 4614 ἀρρήτῳ
950 4540 1104 4613 πόθῳ
1132 4541 1228 4596 τοῦ
1259 4541 1501 4613 πλήθους
1534 4542 1821 4614 ἐντετηκό-

1932 4541 2084 4596 omui
2127 4541 2344 4614 ingredi
2374 4556 2495 4597 eam
2530 4541 2726 4596 urbem
2765 4550 2972 4612 posset.
3009 4542 3330 4599 Incredibili
3361 4547 3510 4601 enim

279 4653 336 4699 ος
376 4636 455 4696 είς
492 4634 828 4691 Ἀθχνάσιον.
866 4635 941 4688 Οὐ
988 4636 1158 4706 μικρὰ
1197 4636 1255 4688 δὲ
1295 4636 1388 4690 καὶ
1427 4637 1478 4690 οἱ
1517 4635 1577 4701 ἐξ
1611 4635 1826 4708 Ἀρείου

256 4730 430 4780 suis:
462 4727 610 4790 ὄντες
640 4728 936 4798 συνήροντο
966 4729 1108 4782 κατὰ
1139 4745 1202 4797 γε
1232 4728 1390 4782 τοῦτο
1418 4729 1481 4781 τὸ
1515 4728 1706 4800 μέρος,
1734 4730 1830 4782 καὶ

249 4823 399 4882 ὅπως
428 4818 746 4881 Ἀθανάσιος
778 4819 1058 4890 ἐξελαθείη
1089 4819 1567 4887 διασκοπούμενοι.
1607 4821 1832 4875 Ἐδεδίε-

256 4930 353 4966 σαν
390 4912 499 4982 γὰρ
542 4913 616 4982 μὴ
656 4915 958 4968 στασιάσειν
994 4913 1053 4966 rb
1091 4913 1319 4984 πλῆθος,
1355 4914 1545 4978 κακῶς
1585 4915 1829 4980 ἐκείνους

251 5004 508 5057 διὰθοιτο.
537 5006 601 5057 '0
635 5005 701 5073 δὴ
734 5005 829 5059 καὶ
862 5004 1182 5069 Ἀθανάσιος
1219 5007 1609 5076 ὑπειδόμενος,
1647 5009 1831 5080 ἡρέμα

253 5097 468 5165 φεύγει.
505 5095 776 5168 Ἐσπέρας
817 5098 926 5168 γὰρ
967 5098 1070 5168 ήδη
1115 5098 1576 5170 καταλαϐούσης,
1625 5100 1713 5152 ἐπ’
1742 5103 1834 5154 ἐκ-

252 5187 486 5260 κλησίας
523 5184 612 5261 ἦν,
655 5189 1020 5261 προσδοκίμου
1071 5189 1346 5256 συνάξεως
1388 5189 1578 5260 οὔσης.
1621 5188 1732 5262 Τῆς
1773 5191 1831 5246 δὲ

254 5281 519 5350 στρατιᾶς
551 5280 694 5334 κατὰ
728 5279 984 5349 φάλαγγα
1019 5281 1304 5351 εὐκόσμως
1337 5281 1703 5353 διαλαϐούσης
1733 5283 1834 5354 τὴν

253 5371 574 5441 ἐκκλησίαν,
619 5373 829 5436 ἐκεῖνος
871 5374 1035 5444 εὐχὴν
1080 5375 1325 5440 τελέσας,
1367 5375 1466 5444 τῆς
1509 5375 1832 5447 ψαλμῳδίας

253 5460 507 5513 ἐκέλευεν
539 5460 782 5532 ἔχεσθαι.
817 5464 878 5517 Οί
909 5463 967 5516 δὲ
1001 5464 1338 5533 στρατιῶται
1365 5467 1506 5530 τέως
1534 5466 1831 5538 ἡσύχαζον,

252 5554 326 5617 ὡς
365 5556 468 5608 οὐκ
511 5553 766 5624 εὔκαιρον
804 5554 865 5608 ὃν
908 5556 1146 5626 οἰόμενοι
1185 5557 1499 5624 ἐπιθέσθαι,
1541 5558 1835 5628 συμφώνου

259 5648 526 5715 μελῳδίας
565 5649 958 5722 ἐξηχουμένης.
1005 5651 1094 5704 Ἐν
1137 5651 1310 5721 τούτῳ
1353 5651 1396 5704 δ’
1428 5651 1610 5722 ἡρέμα
1655 5652 1835 5705 λαθὼν

269 5737 588 5804 Ἀθανάσιος
609 5779 624 5805 ,
656 5744 715 5794 ἐν
743 5741 822 5811 τῷ
853 5743 1062 5804 πάντας
1088 5740 1177 5794 διὰ
1209 5745 1338 5810 μιᾶς
1368 5742 1590 5810 ἐξάγειν
1621 5741 1798 5811 πύλης
1819 5783 1834 5808 ,

258 5828 314 5880 ἐν
343 5833 497 5902 μέσῳ
524 5831 634 5885 τῶν
659 5833 1098 5906 ψαλμῳδούντων
1127 5833 1371 5902 άὸλαὸὴς
1397 5833 1709 5899 διεσώζετο,
1740 5833 1836 5887 καὶ

1930 4649 2060 4702 erga
2103 4633 2468 4688 Athanasium
2508 4633 2791 4690 desiderio
2839 4635 3140 4690 multitudo
3168 4637 3512 4696 itencbatur.

1930 4727 2050 4782 Non
2079 4742 2274 4797 parum
2310 4736 2494 4784 tamen
2525 4729 2715 4784 Ariani
2747 4745 3004 4800 quoque.
3041 4731 3137 4799 qui
3166 4732 3513 4791 Alexandriae

1932 4829 2110 4884 erant,
2134 4817 2416 4890 quomodo
2438 4819 2776 4875 Athanasius
2797 4821 3112 4892 exigeretur
3130 4820 3512 4892 dispicientes,

1933 4912 2038 4966 hac
2070 4911 2124 4964 in
2155 4920 2312 4982 parte
2347 4910 2702 4982 profuerunt.
2746 4911 3078 4968 Metuebant
3112 4913 3261 4970 enim
3299 4914 3402 4980 illi,
3445 4931 3516 4970 ne:

1935 5005 2177 5060 tumultu
2215 5007 2266 5060 in
2299 5004 2460 5074 plebe
2493 5003 2732 5059 excitato
2753 5045 2768 5069 ,
2810 5005 2954 5060 male
2989 5005 3061 5062 ab
3098 5021 3161 5062 ea
3192 5007 3516 5078 acciperen-

1939 5108 2048 5152 tur.
2096 5099 2253 5164 Quod
2303 5107 2359 5154 et
2409 5100 2590 5169 ipsum
2636 5099 2976 5154 Athanasius
3014 5101 3261 5167 veritus,
3308 5102 3516 5156 sensim

1936 5190 2206 5262 fugiebat.
2239 5191 2436 5248 Serum
2467 5193 2580 5264 jam
2613 5192 2722 5247 diei
2751 5200 2894 5257 erat,
2925 5203 2982 5247 et
3021 5193 3137 5264 ipse
3171 5193 3225 5247 in
3255 5195 3515 5258 ecclesia,

1936 5284 2084 5354 quod
2125 5285 2349 5355 synaxis
2379 5293 2432 5339 et
2470 5293 2777 5340 conventus
2811 5286 2868 5340 in
2903 5286 3318 5357 cXSpectatione
3347 5298 3514 5349 esset,

1936 5375 2106 5430 rebus
2147 5368 2322 5430 sacris
2367 5374 2716 5430 intendebat.
2763 5374 2832 5430 Et
2876 5392 3072 5432 manus
3111 5379 3224 5449 jam
3256 5378 3515 5432 militaris

1936 5465 2226 5524 ecclesiam
2262 5483 2362 5539 per
2389 5467 2708 5539 manipulos
2742 5469 2938 5524 ordine
2966 5485 3068 5525 suo
3106 5480 3514 5539 occupaverat:

1938 5575 2063 5615 cum
2117 5561 2208 5614 ille
2262 5560 2581 5629 precatione
2630 5572 2886 5630 peracta,
2935 5559 3297 5630 psalmodiam
3345 5559 3522 5613 conti-

1937 5667 2111 5706 nuare
2136 5652 2314 5723 jubet.
2345 5651 2512 5722 683
2546 5652 2746 5707 Milites
2777 5652 2953 5722 quieti
2989 5661 3105 5706 tum
3133 5660 3294 5706 erant
3315 5694 3330 5714 ,
3366 5650 3515 5720 quod

1939 5744 2393 5812 intempestivum
2437 5745 2703 5812 impetum
2757 5743 2813 5799 in
2855 5759 2979 5799 eum
3016 5743 3196 5798 facere
3234 5743 3515 5798 existima-

1939 5846 2104 5904 rent,
2166 5851 2292 5891 cum
2355 5845 2630 5892 concentu
2696 5851 2806 5891 uno
2865 5835 3108 5892 carmina
3164 5843 3510 5892 resonaran

333 5985 412 6064 (ί)
449 5995 662 6052 Socrat.
707 5995 892 6064 habet,
927 5994 1176 6052 adversus
1206 5993 1493 6051 Barbaros.
1525 5995 1601 6052 Ex
1633 5995 1903 6066 Eutropio
1932 5994 2153 6053 videtur
2190 5993 2312 6054 esse
2344 5994 2640 6067 legendum
2682 5995 2926 6051 l’artnos.
