3990 6470
508 523 613 587 229

1727 522 2148 587 NICEPIIOBI
2193 521 2541 582 CALLISTI
3634 524 3723 587 illi

508 644 685 710 Atque
717 640 955 706 interea,
996 640 1143 710 quod
1187 653 1382 694 omnes
1412 654 1518 694 una
1553 649 1712 710 porta
1743 639 2075 710 egrederen-

2191 640 2261 700 εἰς
2300 636 2522 706 Ῥώμην
2557 634 2838 705 ἀνέτρεχε.
2872 632 3172 704 Γρηγὸριος
3210 635 3276 695 δ’.
3311 636 3543 689 ἐκποδὼν
3601 639 3727 694 ὲκεί-

509 742 619 796 tur,
650 733 981 789 Athanasius
1008 734 1061 788 in
1090 734 1270 789 media
1304 735 1546 803 psalmos
1573 733 1887 788 canentium
1921 730 2082 786 turba

512 834 711 887 tectus,
749 822 1042 876 incolumis
1072 820 1288 884 evadit,
1338 831 1502 889 atque
1548 821 1778 876 Romam
1820 816 2080 873 recurrit.

509 914 812 985 Gregorius
845 929 1034 983 porro,
1065 912 1157 989 illo
1183 913 1551 983 profugiente,
1577 911 1838 965 thronum
1868 911 2080 980 recipit.

510 1009 740 1076 Propter
800 1006 948 1075 quod
1005 1004 1205 1060 factum
1269 1002 1565 1057 multitudo
1628 1002 1771 1057 male
1821 1003 2081 1065 animata,

506 1099 796 1155 ecclesiam
843 1113 965 1167 qum
1010 1096 1154 1166 apud
1201 1094 1347 1166 ipsos
1396 1095 1498 1150 sub
1549 1095 1787 1166 Dionysii
1841 1090 2083 1163 episcopi

508 1192 729 1244 nomine
770 1199 908 1255 erat,
946 1189 1055 1258 igni
1095 1187 1420 1243 combussit.
1467 1186 1741 1242 Eusebius
1772 1200 1897 1242 cum
1946 1185 2081 1251 suis,

507 1297 571 1335 ea
624 1298 684 1337 re
738 1282 804 1335 ad
855 1281 1196 1335 voluntatem
1252 1295 1407 1334 suam
1461 1287 1721 1350 peracta,
1775 1291 2083 1348 magnoque

510 1377 698 1433 studio
744 1375 1021 1446 episcopis
1064 1375 1118 1429 in
1165 1374 1389 1430 Oriente
1423 1374 1715 1430 catholicis
1749 1372 1997 1443 rejectis,
2029 1381 2086 1428 et

508 1470 632 1523 aliis
683 1467 1030 1537 qui.eadcm
1095 1481 1279 1521 secum
1336 1465 1640 1529 sentirent,
1690 1463 2085 1533 insignioribus

509 1559 760 1621 sedibus,
783 1558 1154 1622 Alexandritc,
1183 1556 1491 1611 Antiochia:
1529 1554 1595 1610 ad
1628 1556 1912 1620 Orontem,
1941 1569 2086 1624 pra:-

509 1651 693 1715 l‘ectis,
720 1659 775 1704 et
806 1652 860 1703 in
895 1650 1010 1719 ipsa
1044 1648 1109 1702 ad
1144 1648 1556 1717 Hellespontum
1594 1648 1902 1717 imperante
1948 1647 2084 1701 urbe

512 1758 609 1810 per
639 1745 882 1811 seipsum
928 1741 1059 1795 sede
1105 1749 1366 1810 occupata
1393 1779 1408 1803 ,
1454 1738 1749 1793 admodum
1783 1739 2087 1806 morigeros
2127 1803 2130 1806 η

511 1834 755 1886 omnium
803 1848 995 1887 eorum
1032 1832 1281 1887 locorum
1325 1831 1522 1886 habuit
1557 1832 1864 1900 episcopos.
1907 1828 2087 1884 Julius

510 1932 693 1977 autem
722 1923 1004 1999 Romanus
1035 1922 1299 1992 pontifex,
1335 1930 1390 1976 et
1421 1920 1593 1975 totius
1621 1918 1937 1974 Occidentis
1968 1918 2087 1987 epi-

2188 747 2278 783 vou
2308 727 2709 798 γεγενημένου,
2738 724 2830 778 τδν
2859 725 3051 795 θρόνον
3083 726 3376 794 ἐλάμϐανε.
3407 728 3651 794 Χαλεπῶς
3681 732 3728 786 δὲ

2186 822 2247 875 τὸ
2278 819 2482 890 πλῆθος
2508 822 2621 882 τοῖς
2651 819 2967 889 γενομένοις
2998 819 3266 887 διατεθέν,
3298 821 3396 890 τὴν
3424 822 3545 893 παρ’
3568 824 3731 888 αὐτοῖς

2185 909 2467 963 Διονυσίου
2500 909 2594 963 τοῦ
2622 909 2929 962 ἐπισκόπου
2961 910 3262 979 ἐκκλησίαν
3293 913 3423 980 πυρὶ
3454 915 3733 979 παραδέδω-

2188 1017 2307 1054 κεν.
2342 1001 2500 1054 Οὓτω
2536 1001 2581 1053 δ’
2604 1002 2708 1054 ὃσα
2742 996 2813 1071 ἦν
2848 1003 2984 1071 πρὸς
3026 1001 3227 1072 βουλῆς
3266 1002 3510 1073 Εύσεϐίῳ
3546 1021 3737 1073 κατειρ-

2188 1091 2501 1160 γασμένων,
2530 1091 2733 1161 σπουδῇ
2761 1108 2819 1143 τε
2845 1092 2954 1144 τῶν
2981 1092 3083 1145 ἀνὰ
3107 1093 3205 1164 τὴν
3229 1093 3303 1146 ἕω
3328 1095 3628 1147 ὲπισκὸπων
3654 1112 3736 1147 κα.

2189 1183 2540 1255 θῃρημένων,
2569 1185 2753 1247 αὐτοῖς
2782 1183 2826 1236 δ’
2847 1186 3172 1255 ὁμοφρόνων
3200 1188 3313 1249 τοῖς
3339 1188 3621 1255 ἐπισήμοις
3646 1187 3739 1237 τῶν

2190 1276 2398 1347 θρόνων
2437 1276 2951 1331 ἀντικαταστάντων
2993 1278 3087 1331 ὲπί
3127 1295 3186 1331 τε
3226 1278 3620 1347 Ἀλεξανδρείας
3659 1280 3739 1331 καὶ

2187 1368 2286 1436 τῆς
2313 1369 2441 1438 παρ’
2473 1367 2728 1436 Ὀρόντην
2762 1370 3097 1439 Ἀντιοχείας
3118 1412 3134 1437 ,
3160 1372 3255 1424 καὶ
3278 1373 3376 1439 τῆς
3399 1372 3499 1423 ἀνὰ
3521 1372 3607 1423 τὸν
3634 1370 3743 1423 Ἐλ-
3920 1367 3921 1445 ἦ

2187 1456 2489 1526 λήσποντον
2519 1456 2809 1526 βασιλίδος,
2841 1456 2898 1511 εὖ
2932 1458 3078 1527 μάλα
3108 1459 3468 1529 πειθομένους
3494 1453 3632 1528 εἶχον
3658 1461 3740 1511 καὶ

2188 1546 2318 1607 τοὺς
2349 1545 2451 1598 ἀνὰ
2484 1545 2600 1600 τόδε
2633 1544 2857 1614 σύμπαν
2890 1547 3130 1615 ὑπήκοον
3157 1548 3510 1612 ἐπισκόπους.
3546 1548 3744 1610 Ἰούλιος

2188 1639 2235 1692 δ’
2258 1642 2284 1692 ὁ
2314 1638 2414 1708 τῆς
2449 1637 2667 1709 Ῥώμης
2696 1640 3026 1703 ἐπίσκοπος,
3060 1639 3154 1692 καὶ
3184 1641 3234 1692 oi
3268 1641 3372 1693 ἀνὰ
3402 1641 3499 1711 τὴν
3530 1640 3746 1709 ἑσπέραν

2190 1730 2413 1784 ἆπασαν
2457 1731 2646 1799 ἱερεῖς,
2688 1730 2948 1796 καθάπαξ
2993 1734 3275 1785 ἐπαινέται
3320 1733 3421 1799 τῆς
3466 1736 3521 1784 ἐν
3563 1732 3749 1799 Natat;

2192 1820 2410 1874 συνόδου
2442 1823 2828 1892 γεγενημένοι,
2861 1822 3329 1894 ὑϐριοπαθοῦντες
3357 1820 3496 1895 ἦσαν
3525 1825 3633 1887 τοῖς
3658 1826 3750 1879 ἀνὰ

2188 1914 2287 1986 τὴν
2309 1915 2386 1968 ἕω
2411 1915 2541 1985 παρ’
2561 1914 2752 1969 ἐλπίδα
2777 1916 3074 1987 συμϐᾶσιν.
3102 1917 3323 1986 Ἀμέλει
3345 1934 3428 1970 τοι
3453 1917 3542 1970 καὶ
3564 1917 3752 1987 ἥκοντα.

508 2013 701 2081 scopi,
744 1991 1060 2067 constantes
1100 2012 1331 2066 Nicanun
1372 2009 1566 2080 synodi
1610 2009 2002 2078 suifragatores
2032 2016 2080 2063 et

2192 2009 2330 2077 πρὸς
2361 2008 2562 2071 αὐτοὺς
2598 2008 2923 2063 ’Δθανάσιον
2955 2009 3211 2078 ἀσμένως
3242 2009 3529 2074 ἐδέξαντο,
3562 2010 3652 2062 καὶ
3680 2024 3752 2059 τι·

508 2103 865 2170 laudatores,
921 2105 1088 2159 rebus
1137 2119 1259 2173 quae
1311 2104 1365 2157 in
1413 2102 1638 2157 Oriente
1688 2110 1887 2170 praeter
1931 2114 2083 2170 spem

506 2194 859 2261 acciderent,
904 2195 1149 2267 graviter
1190 2194 1592 2265 allligebantur.
1634 2192 1817 2261 ipsum
1861 2204 2085 2262 quoque

506 2289 871 2345 Athanasium
915 2288 983 2342 ad
1018 2304 1078 2344 se
1111 2290 1422 2343 venientem
1455 2288 1789 2358 perbenigne
1828 2300 2089 2353 suscepe-

506 2394 676 2438 runt:
719 2362 776 2437 et
813 2382 990 2437 virum
1039 2390 1282 2446 tantum,
1328 2382 1635 2451 eademque
1674 2396 1799 2436 cum
1841 2380 1923 2434 eis
1953 2394 2083 2435 sen-

508 2476 757 2539 tientem,
807 2475 1020 2529 honore
1064 2482 1196 2529 sunt
1236 2472 1546 2543 prosecuti,
1594 2487 1928 2540 causamque
1962 2471 2081 2541 ejus

503 2566 571 2621 ad
603 2565 870 2636 judicium
915 2566 1402 2636 cognitionemque
1442 2580 1599 2620 suam
1647 2563 2079 2619 transferendam

503 2658 805 2722 duxerunt,
837 2667 895 2711 et
926 2656 1149 2728 scriptis
1180 2672 1299 2711 eam
1332 2657 1404 2712 ob
1434 2672 1548 2711 rem
1580 2655 1783 2710 litteris
1812 2655 2078 2725 synodum

2193 2098 2299 2169 μῆς
2332 2098 2520 2170 ἠξίουν
2554 2098 2794 2153 τοιοῦτόν
2827 2116 2891 2169 γε
2926 2099 3215 2165 δνταρκαὶ
3248 2102 3531 2172 ὁμόφρονα
3559 2098 3751 2160 τούτοις

2191 2192 2567 2263 καθεστηκότα
2598 2208 2613 2224 ·
2661 2195 2759 2247 καὶ
2806 2193 2907 2263 τὴν
2955 2194 3082 2248 κατ’
3119 2194 3440 2249 Ἀθανάσιον
3487 2193 3638 2263 δίκην
3680 2192 3756 2242 ἐπ’

2190 2285 2375 2349 αὐτοῖς
2416 2284 2671 2353 γενέσθαι
2711 2284 3115 2356 διῳκονόμουν·
3152 2287 3246 2337 καὶ
3289 2285 3594 2356 γράφοντες
3632 2283 3754 2352 πρὶς

2190 2378 2416 2442 ἑαυτοὺς
2441 2379 2542 2449 τὴν
2570 2377 2789 2432 σύνοδον
2833 2379 3276 2449 μετεστέλλοντο.
3321 2378 3676 2433 Χαλεπαίνων
3706 2375 3758 2427 δὲ

2185 2469 2401 2533 τούτοις
2429 2467 2709 2534 Εὐσέϐιος,
2735 2470 3155 2541 διεπρεσϐεύετο
3184 2472 3325 2543 πρὸς
3352 2470 3595 2535 Ἰούλιον,
3621 2467 3757 2537 αὐτῷ

2188 2560 2350 2631 δῆθεν
2380 2561 2696 2633 ἐπιτρέπων
2727 2563 2828 2633 τὴν
2860 2563 3048 2634 κρίσιν
3081 2564 3191 2618 τῶν
3220 2565 3281 2618 ἐν
3316 2564 3482 2637 Τύρῳ
3508 2563 3759 2631 δοξάντων

2189 2656 2334 2709 κατὰ
2368 2652 2708 2710 Ἀθανασίου.
2786 2644 2791 2648 ’

503 2752 571 2807 ad
604 2767 664 2807 se
692 2762 1018 2807 evocarunt.
1068 2750 1280 2817 Quibus
1321 2750 1525 2806 litteris
1590 2748 1864 2806 Eusebius
1932 2748 2323 2818 exacerbatus,
2365 2750 2547 2805 missis
2573 2749 2640 2805 ad
2701 2749 2913 2807 Julium
2944 2750 3167 2821 legatis,
3197 2750 3480 2821 judicium
3509 2750 3561 2807 ei
3590 2762 3759 2804 rerum

502 2850 559 2902 in
594 2846 759 2918 Tyria
790 2846 997 2919 synodo
1033 2847 1296 2903 adversus
1324 2847 1683 2901 Athanasium
1717 2845 2065 2900 decretorum
2105 2846 2380 2917 permisit.

1102 2990 1329 3047 CAPUT
1363 2990 1475 3046 Vi].

503 3081 570 3139 Ut
599 3091 712 3150 post
767 3083 1046 3138 Eusebium
1087 3082 1287 3137 Paulus
1333 3099 1549 3137 rursum
1591 3083 1764 3136 sedem
1796 3085 2075 3152 receperit,

567 3155 759 3208 Ariani
791 3165 969 3208 autem
1014 3155 1381 3208 Macedonium
1439 3162 1622 3207 contra
1650 3170 1766 3206 eum
1807 3155 2075 3223 foverint:

569 3235 634 3307 et,
668 3225 731 3306 de
765 3226 901 3307 ccede
933 3225 1274 3294 Hermogenis
1301 3224 1448 3278 ducis
1473 3239 1489 3277 :
1520 3232 1568 3276 et
1595 3231 1651 3275 ut
1675 3225 1844 3278 denuo
1875 3223 2078 3278 Paulus

568 3305 635 3348 sit
656 3305 871 3364 ejectus.

567 3468 893 3538 Priusquam
936 3477 1115 3522 autem
1154 3485 1479 3539 responsum
1515 3464 1706 3528 Roma
1753 3474 2077 3539 accepisset,

499 3561 773 3617 Eusebius
796 3559 942 3615 diem
980 3576 1139 3615 suum
1170 3562 1350 3625 obiit,
1386 3579 1498 3618 non
1528 3564 1621 3618 diu
1661 3581 1689 3618 a
1726 3567 1935 3635 synodo
1963 3567 2081 3619 An—

500 3652 756 3707 tiochena
793 3661 1095 3722 superstes.
1127 3653 1301 3707 Porro
1326 3653 1507 3708 bellua
1542 3670 1605 3708 ea
1652 3656 1890 3722 sublata,
1932 3655 2081 3710 Con-

499 3744 861 3814 stantinOpoli
897 3754 1076 3802 coetus
1116 3747 1332 3815 piorum
1384 3745 1657 3801 studioet
1703 3746 1925 3811 ardore,
1970 3764 2081 3818 quo

497 3855 628 3909 erga
650 3839 868 3894 Nicaena
897 3839 1120 3894 decreta
1158 3838 1501 3906 ferebantur,
1540 3838 1769 3893 Paulum
1806 3839 1862 3893 in
1904 3842 2081 3896 eccle-

499 3934 636 3986 siam
672 3931 966 3986 reduxere.
1003 3931 1144 3986 Tum
1175 3947 1395 4001 quoque
1426 3931 1758 3985 Arianorum
1794 3932 1981 3994 factio,
2021 3940 2078 3986 et

499 4023 841 4094 Theognidis
872 4034 1039 4093 atque
1070 4023 1348 4077 Theodori
1381 4023 1650 4077 Perinthii
1677 4023 2077 4093 (Heracleotem

497 4133 627 4172 eum
669 4113 978 4184 nominant)
1012 4122 1334 4177 sectatores,
1365 4115 1421 4168 in
1449 4129 1514 4169 ea
1539 4130 1660 4184 quae
1686 4114 1842 4171 Pauli
1876 4116 2079 4171 dicitur

496 4211 751 4274 ecclesia,
785 4218 1059 4264 conventu
1087 4218 1233 4273 acto,
1273 4209 1653 4265 Macedonium
1679 4207 2078 4266 Constantino-

499 4304 804 4374 politanum
831 4301 1114 4372 elegerunt
1134 4303 1478 4372 episcopum.
1503 4301 1562 4356 In
1594 4304 1800 4372 quibus
1834 4317 1957 4358 cum
1983 4302 2077 4357 alii

499 4397 677 4460 miilti,
714 4406 828 4450 tum
862 4396 1115 4452 Ursicius
1146 4404 1202 4449 ct
1228 4393 1446 4459 Valens,
1475 4395 1643 4467 684.
1675 4397 1816 4452 alter
1852 4397 2078 4466 quidem

497 4489 811 4559 Singidonis
831 4487 1134 4557 superioris
1167 4486 1367 4558 Mysiae,
1395 4487 1533 4541 alter
1556 4495 1740 4543 autem
1767 4487 2078 4543 Mursorum

498 4579 807 4648 superioris
869 4578 1170 4633 Pannoniae
1197 4578 1443 4648 episcopi
1495 4577 1650 4633 fuere
1692 4578 1831 4649 :qui
1887 4589 2078 4649 postea

2799 2991 3054 3047 ΚΕΦΑΛ.
3094 2993 3168 3046 Z'.

2198 3083 2294 3148 Ὠς
2321 3082 2471 3149 μετὰ
2502 3081 2805 3137 Εὐσέϐιον
2834 3081 3025 3137 πάλιν
3074 3086 3107 3137 ὀ
3141 3083 3393 3151 Παῦλος
3415 3085 3525 3138 τὸν
3558 3085 3765 3152 θρόνον

2260 3153 2639 3221 ἐλάμϐανεν·
2672 3157 2728 3207 οἱ
2762 3153 2830 3206 δὲ
2863 3154 3145 3221 Ἀρειανοί
3189 3155 3574 3209 Μακεδόνων
3594 3170 3760 3221 προε-

2261 3223 2587 3288 ϐάλλοντο,
2625 3225 2723 3276 καί
2750 3224 2882 3290 περὶ
2908 3223 3020 3290 τῆς
3046 3223 3425 3294 ἀναιρέσεως
3454 3224 3562 3278 τοῦ
3595 3240 3764 3288 orm-

2260 3295 2527 3365 τηλάτου
2574 3294 2971 3362 Ἑρμογένους
2999 3308 3013 3323 ·
3043 3295 3141 3348 καὶ
3168 3296 3249 3358 ὡς
3280 3295 3563 3365 ἐξηλάθη
3592 3295 3766 3347 πάλιν

2255 3367 2287 3418 ό
2310 3364 2577 3429 Παῦλος.

2252 3474 2431 3546 Πρινὴ
2480 3474 2672 3545 δὲτὴν
2725 3478 2791 3528 ὲκ
2852 3475 3075 3545 Ῥώμης
3132 3475 3445 3544 ἀπολογίαν
3500 3473 3770 3547 μαθεῖν,ὁ

2184 3565 2449 3628 Εὐσέϐιος
2502 3566 2698 3634 φθάνει
2748 3568 2841 3619 τὸν
2892 3567 3012 3637 βίον
3058 3567 3379 3633 ἀπολιπὼν,
3420 3569 3483 3621 ού
3518 3564 3768 3636 πάμπολυ

2185 3656 2285 3726 τῆς
2331 3658 2390 3709 ὲν
2431 3657 2742 3728 Ἀντιοχείᾳ
2793 3657 3112 3728 ὑστερήσας
3150 3660 3407 3715 συνόδου.
3460 3659 3571 3712 Τοῦ
3602 3659 3657 3712 δὲ
3686 3673 3771 3708 το-

2188 3748 2380 3801 σούτου
2414 3749 2813 3820 διαφθαρέντος
2839 3750 3027 3822 θηρὸς,
3057 3752 3085 3802 ὁ
3110 3751 3209 3818 τῆς
3241 3751 3667 3805 Κωνσταντίνου
3692 3752 3771 3800 εὑ-

2187 3840 2353 3912 σεϐής
2386 3843 2572 3911 ὅμιλος
2614 3840 2766 3912 ζήλῳ
2791 3842 2901 3897 τῶν
2947 3843 3093 3895 κατὰ
3141 3842 3393 3898 Νίκαιαν
3442 3845 3773 3915 δεδογμένων

2184 3934 2275 3986 τὸν
2328 3932 2543 3988 Παῦλον
2595 3930 2753 3995 αὖθις
2803 3935 2886 3998 είς
2950 3933 3054 4005 τὴν
3114 3934 3430 4006 ἐκκλησίαν
3478 3937 3770 4005 ἀνήγαγον.

2184 4026 2344 4080 Κατὰ
2373 4029 2575 4081 ταυτὸν
2615 4027 2674 4079 δὲ
2723 4027 2818 4080 καὶ
2853 4029 2902 4080 oi
2933 4026 3034 4096 τῆς
3076 4026 3388 4098 Ἀρειανῶν
3442 4030 3777 4099 συμμορίας,

2184 4121 2232 4171 οί
2260 4120 2406 4189 ἀμφὶ
2442 4118 2667 4186 Θέογνιν
2699 4120 2794 4173 καὶ
2826 4120 3101 4190 Θέοδωρον
3128 4119 3220 4171 τὸν
3249 4120 3579 4191 Περίνθιον,
3615 4121 3775 4188 Ἥρα-

2183 4212 2433 4282 κλεώτην
2462 4211 2519 4264 δὲ
2549 4211 2715 4266 αὐτὸν
2750 4212 3142 4280 ὀνομάζουσιν,
3170 4214 3226 4264 ὲν
3255 4216 3329 4284 τῇ
3384 4214 3536 4266 κατὰ
3573 4211 3778 4267 Παῦλον

2183 4299 2456 4369 εἰρημένῃ
2519 4297 2829 4370 Ἐκκλησία
2886 4300 3253 4365 συνελθόντες,
3301 4300 3653 4355 Μακεδόνιον
3684 4302 3779 4370 τῆς

2184 4388 2607 4443 Κωνσταντίνου
2671 4390 3081 4460 χειροτονοῦσιν
3137 4392 3483 4448 ἐπίσκοπον.
3550 4395 3643 4448 Ἐν
3703 4389 3781 4454 οἷς

2184 4481 2337 4535 ἄλλοι
2368 4498 2432 4535 τε
2479 4481 2690 4546 πολλοὶ,
2725 4484 2819 4537 καὶ
2872 4484 3193 4554 Ούρτίκιος,
3222 4486 3324 4538 καὶ
3357 4488 3590 4557 Οὐάλης
3616 4505 3630 4520 ο
3661 4480 3733 4539 ὧν
3755 4485 3781 4537 ὁ

2188 4575 2287 4643 μὲν
2325 4573 2641 4641 Σιγγιδόνος
2667 4576 2769 4645 τῆς
2814 4573 2929 4627 ἄνω
2974 4574 3217 4639 Μυσίας,
3260 4578 3521 4648 Μυρσῶν
3576 4580 3635 4633 δὲ
3684 4579 3782 4644 τῆς

499 4672 804 4740 resipuere,
855 4680 911 4725 et
954 4671 1141 4725 libello
1172 4670 1512 4740 poenitentiae
1548 4669 1697 4726 Julio
1730 4670 1917 4726 Romae
1961 4671 2080 4740 epi-

2191 4665 2302 4718 ᾶνω
2329 4665 2629 4728 Παννονίας
2665 4666 2902 4736 Οὐάλης,
2948 4661 3094 4736 ἦσαν
3129 4667 3439 4724 ἐπίσκοποι
3464 4687 3480 4701 ·
3514 4672 3567 4725 οἳ
3615 4672 3680 4741 δὴ
3728 4674 3781 4731 ἐς

499 4780 665 4834 scopo
692 4764 899 4827 oblato,
943 4764 1223 4835 δμοουσίῳ
1273 4764 1734 4819 consubstantiali
1771 4778 2078 4830 assensere,

497 4868 553 4911 ct
601 4858 667 4912 ad
702 4859 1147 4912 communionem
1176 4857 1402 4912 admissi
1448 4868 1600 4912 sunt.
1630 4856 1769 4912 Tum
1817 4858 2082 4927 temporis

497 4959 682 5005 autem
731 4965 891 5005 acres
934 4950 1149 5005 Arianae
1203 4951 1487 5020 Opinionis
1543 4950 1911 5016 aemulatores,
1967 4964 2079 5004 non

348 5056 355 5063 ·
408 5076 433 5088 ..
496 5056 697 5108 parvos
734 5040 992 5096 Ecclesia:
1032 5050 1214 5095 motus
1251 5042 1564 5095 excitarunt
1603 5056 1617 5093 :
1650 5055 1887 5110 quorum
1933 5055 2077 5096 unus

496 5134 661 5186 etiam
700 5133 1052 5190 Macedonius
1094 5134 1217 5187 fuit.
1240 5131 1402 5188 Civili
1439 5147 1676 5202 namque
1703 5146 1771 5186 ex
1817 5146 1882 5186 ea
1910 5145 2076 5186 causa

497 5224 644 5279 bello
672 5236 886 5291 exorto,
930 5227 1085 5295 plebs
1116 5224 1360 5296 quotidie
1395 5225 1510 5279 fere
1560 5223 1891 5280 seditionem
1945 5238 2080 5278 con-

498 5316 702 5369 citabat
753 5333 769 5369 :
823 5328 879 5370 et
923 5317 1278 5371 multitudine
1344 5315 1607 5384 utrinque
1660 5322 2026 5368 concurrente
2058 5348 2074 5377 ,

498 5407 719 5476 plurimi
756 5409 1137 5463 atterebantur
1161 5419 1325 5479 atque
1365 5408 1636 5477 peribant.
1672 5406 1788 5473 Qua
1822 5421 1879 5460 re
1907 5406 2078 5475 impe-

498 5510 649 5553 rator
675 5501 912 5571 cognita,
958 5516 1081 5555 cum
1130 5502 1309 5556 adhuc
1349 5499 1706 5555 Anchiochiae
1740 5506 2076 5562 moraretur,

496 5588 576 5642 ira
617 5592 894 5658 percitus,
944 5589 1275 5660 llcrmogcni
1326 5590 1490 5657 duci,
1533 5591 1626 5658 qui
1660 5598 1775 5643 tum
1808 5589 1863 5642 in
1896 5588 2076 5642 Thra-

496 5682 633 5734 ciam
661 5682 862 5736 missus
904 5680 1104 5745 fuerat,
1160 5681 1461 5746 mandavit,
1497 5689 1556 5735 ut
1605 5697 1669 5733 ex
1711 5680 1910 5734 itinere
1948 5694 2072 5733 cum

494 5776 737 5842 equestri
763 5790 923 5829 manu
958 5777 1013 5829 in
1049 5776 1239 5829 urbem
1293 5775 1699 5843 imperatricem
1742 5773 2070 5836 dit'erterct,

493 5876 546 5915 et
566 5864 794 5919 Paulum
827 5866 1067 5921 Ecclesia
1104 5868 1348 5935 ejiceret.
1382 5865 1486 5931 Qui
1521 5865 1612 5919 ubi
1647 5865 1828 5931 alluit,
1868 5874 1922 5919 et
1965 5864 2073 5918 im-

495 5967 678 6025 perata
711 5958 958 6013 facturus
992 5959 1285 6013 militarem
1326 5973 1545 6011 manum
1570 5957 1863 6029 .adliibuit,
1918 5957 2069 6025 plebs

2187 4755 2415 4828 ὕστερον
2472 4758 2770 4829 μεταμέλῳ
2805 4762 3151 4831 χρησάμενοι
3203 4759 3423 4830 βιϐλίον
3485 4766 3784 4836 μετανοίας

2182 4853 2262 4924 τῷ
2305 4853 2524 4925 Ῥώμης
2564 4854 2771 4927 Ἰουλίῳ
2794 4856 3000 4923 δόντες,
3036 4857 3113 4927 τῷ
3142 4859 3433 4933 ὁμοουσίῳ
3461 4862 3781 4922 συνέθεντο,

2183 4950 2281 5002 καὶ
2315 4950 2597 5003 κοινωνεῖν
2636 4950 2976 5019 ἠξιώθησαν.
3029 4952 3360 5021 Ἰήνικαῦτα
3412 4955 3475 5008 δὲ
3524 4956 3786 5024 διάπυροι

2183 5042 2427 5112 ζηλωταὶ
2472 5041 2574 5110 τῆς
2619 5042 2974 5111 Ἀρειανικῆς
3023 5041 3326 5115 θρησκείας
3380 5047 3574 5111 ὄντες.
3633 5046 3787 5100 πολέ-

2182 5147 2322 5197 μους
2352 5132 2495 5184 κατὰ
2524 5132 2623 5203 τῆς
2666 5131 2997 5202 Ἐκκλησίας
3018 5134 3079 5185 οὐ
3103 5135 3343 5204 μικροὺς
3370 5138 3783 5209 ἀνεστήσαντο·

2180 5216 2258 5277 ὧν
2293 5216 2374 5286 εἷς
2408 5223 2507 5276 καὶ
2534 5225 2562 5275 ὁ
2589 5225 2733 5277 κατὰ
2781 5224 3144 5279 Μακεδόνων.
3185 5226 3507 5294 Ἐμφυλίου
3541 5233 3655 5301 γὰρ
3703 5230 3789 5280 ὲν-

2179 5312 2373 5367 τεῦθεν
2416 5312 2658 5383 πολέμου
2701 5316 3098 5385 γεγενημένου,
3132 5314 3326 5369 στάσιν
3364 5320 3395 5370 ὁ
3432 5318 3619 5387 δῆμος
3667 5311 3787 5370 καθ’

2181 5406 2419 5476 ἑκάστην
2445 5405 2520 5469 ὡς
2545 5408 2725 5459 εἰπεῖν
2753 5402 2889 5476 εἷχε.
2914 5407 3021 5460 Τοῦ
3053 5408 3108 5460 δὲ
3145 5406 3404 5477 πλήθους
3437 5411 3793 5479 συμπίπτον-

2179 5517 2272 5563 τος
2321 5499 2687 5570 ἑκατέρωθεν,
2722 5498 3014 5564 πλείστους
3059 5517 3121 5553 τε
3168 5503 3580 5570 συντρίϐεσθαι
3632 5502 3790 5555 συνέ-

2178 5590 2333 5644 ϐαινε
2365 5592 2459 5646 καὶ
2490 5592 2841 5646 διόλλυσθαι’
2892 5593 2928 5648 ἃ
2975 5593 3041 5664 δὴ
3090 5596 3184 5647 καλ⁵
3218 5594 3462 5663 βασιλέα
3514 5596 3791 5665 μαθόντα,

2179 5680 2259 5733 ἔτι
2304 5681 2447 5735 κατᾶ
2481 5683 2580 5751 τὴν
2627 5682 2965 5754 Ἀντιόχειαν
2993 5683 3373 5751 διατρίϐοντα,
3403 5685 3696 5757 περιοργῆ
3734 5699 3791 5736 τε

2177 5775 2494 5843 γενόμενον,
2524 5776 2849 5846 Ἑρμογένει
2880 5776 3224 5830 ἐντείλασθαι
3253 5779 3789 5851 στρατη).άτῇ,τεξς

2177 5866 2465 5936 (immugiet;
2522 5867 2716 5938 μέρεσι
2770 5871 3073 5938 τηνικαῦτα
3125 5870 3187 5939 δὴ
3238 5870 3464 5927 στειλαμ
3502 5874 3636 5941 ἐνῳ,
3667 5868 3787 5922 ὁδοῦ

2180 5960 2459 6030 πάρεργον
2489 5961 2586 6032 τὴν
2625 5962 2874 6031 βασιλίδα
2923 5963 3255 6017 καταλαϐεῖν
3292 5962 3402 6015 σὺν
3436 5964 3655 6033 ἱππικῇ
3697 5962 3788 6013 δυ-
