3990 6444
318 313 420 383 211

1277 322 1878 384 ECL‘LESIASTICJS
1918 326 2310 393 lliSTOI’tLE
2348 335 2495 395 LIB.
2546 336 2645 398 1X.

3486 333 3594 401 Ξ*ίῖ

320 440 523 509 νᾷμει,
570 440 667 494 καὶ
712 437 806 493 τὸν
841 439 1055 494 Παῦλον
1107 442 1387 498 ἀπελάσαι
1429 446 1528 511 τῆς
1574 445 1898 517 ἐκκλησίας.

2024 454 2052 506 :i
2085 457 2304 511 restitit.
2341 460 2469 514 Eam
2500 476 2655 528 vero,
2677 461 2744 516 ad
2784 464 2892 518 vim
2924 461 3307 518 vindicandam
3347 469 3590 530 paratam

332 535 419 598 Ὠς
465 535 523 588 δὲ
571 534 789 607 παριὼν
831 535 895 590 τὸ
941 536 1237 593 κελευσθὲν
1287 540 1590 608 ἐπεχείρει,
1622 542 1717 593 καὶ
1772 540 1939 609 βίαν“

318 631 619 697 προσῆγεν,
665 629 727 682 οὺ
775 631 1078 700 συνεχώρει
1129 630 1191 683 τὸ
1243 630 1474 699 πλῆθος.
1515 631 1674 686 Ἐπεὶ⁸
1705 631 1761 685 δὲ
1804 630 1899 683 καὶ

319 720 551 792 ἀμύνειν
577 721 814 789 ἑτοίμως
847 719 1017 792 εἶχον,
1052 722 1396 794 Ἑρμογένης
1425 723 1507 777 ἔτι
1538 725 1800 778 ἐπέκειτο
1831 726 1896 796 τῇ

320 817 697 886 στρατιωτικῇ
729 815 880 885 χειρὶ
927 814 1237 886 χρώμενος.
1287 816 1361 870 Τὸ
1397 817 1453 870 δὲ
1496 816 1706 886 πλῆθος
1752 819 1899 871 κατὰ

321 910 498 978 βραχὺ
553 909 848 973 στασιάζον
896 907 1185 978 ἐξήπτετο,
1218 910 1315 963 καὶ
1353 911 1492 980 πρὸς
1541 911 1901 981 άλογωτέρας

316 1004 558 1054 ἐκινεῖτο
586 999 787 1070 ὁρμάς.
825 1002 1061 1055 Ἔπειτα
1096 1003 1377 1073 πανδημεὶ
1424 1005 1772 1074 προσιόντες,
1801 1008 1901 1074 τὴν

335 1094 701 1161 Ἑρμογένους
734 1093 1091 1162 ὲμπιπρῶσιν
1119 1094 1324 1159 οἰκίαν,
1349 1096 1443 1148 καὶ
1468 1096 1632 1149 αὐτὸν
1657 1097 1902 1150 κτείνουο

322 1206 431 1243 σιν.
469 1184 602 1239 Εἶτα
636 1189 871 1258 σχοινίον
899 1187 1205 1258 ἐξάψαντες
1232 1190 1343 1244 τῶν
1370 1191 1575 1257 ποδῶν,
1602 1188 1787 1247 εἷλκον
1813 1193 1906 1247 διὰ

323 1282 421 1349 τῆς
476 1281 752 1350 λεωφόρου
807 1281 910 1350 τῆς
952 1282 1187 1346 πόλεως.
1221 1284 1413 1338 Ταῦτα
1467 1283 1656 1354 μαθὼν
1688 1288 1715 1338 6
1746 1284 1903 1339 Κων-

326 1374 596 1437 στάντιος,
636 1375 838 1436 ἱππεὺς
896 1373 1120 1438 ἐλάσας,
1172 1376 1270 1440 τὴν
1324 1375 1576 1445 βασιλίδα
1609 1379 1902 1431 κατέλαϐε.

331 1468 528 1530 Κακῶς
555 1467 608 1520 δὲ
640 1467 771 1537 δρᾷν
795 1468 856 1519 τὸ
891 1467 1097 1537 πλῆθος
1120 1468 1537 1540 διανοούμενος,
1568 1474 1789 1541 παρῆκε
1819 1472 1909 1524 δε-

328 1560 701 1630 δακρυμένονς
759 1559 902 1629 ὀρῶν
957 1560 1317 1625 ὑπαντῶντας
1355 1562 1524 1632 αὐτῷ.
1561 1563 1811 1631 Περιετλέ
1839 1580 1907 1631 γε

333 1656 440 1721 μὴν
484 1651 628 1720 ἀμφὶ
677 1650 737 1704 τὸ
783 1650 957 1720 ἥμισυ
993 1651 1089 1705 τοῦ
1128 1654 1278 1705 σίτου
1305 1691 1322 1717 ,
1373 1653 1432 1705 ὃν
1486 1655 1907 1718 Κωνσταντίνος

330 1744 454 1797 κατ’
485 1743 600 1807 ἔτος
629 1745 693 1797 ἐκ
720 1745 816 1813 τῆς
861 1745 1286 1817 Ἀλεξανδρείας
1316 1747 1412 1800 καὶ
1441 1746 1551 1800 τῶν
1584 1748 1706 1801 κατ’
1738 1748 1905 1816 Αίγυο

333 1855 464 1888 πῖον
515 1838 699 1905 φόρων
751 1839 863 1900 τοῖς
919 1837 1072 1902 ίδίοις
1123 1839 1385 1909 ἐδωρεῖτο
1433 1840 1724 1906 πολίταις·
1776 1841 1907 1905 ἴσως

336 1928 558 1996 ἄμεινον
604 1928 966 2000 λογισάμενος
1003 1931 1282 2001 περιελεῖν
1313 1932 1413 1994 τὰς
1445 1933 1667 1997 στάσεις
1697 1933 1906 1996 αὐτοῖς,

335 2021 441 2072 ὑπὸ
476 2022 709 2090 τρυφῆς,
753 2021 829 2084 ὡς
861 2023 929 2076 τά
963 2022 1160 2089 πολλὰ,
1187 2024 1285 2078 καὶ
1333 2026 1623 2095 ῥᾳστώνης
1673 2024 1907 2092 φύεσθαι

337 2113 612 2176 εἰωθυίας.
677 2114 847 2168 Ὀκτὼ
880 2116 990 2185 γὰρ
1026 2116 1296 2182 μυριάδες
1332 2116 1585 2186 μέδιμνοι
1620 2117 1744 2171 καθ’
1772 2118 1909 2188 ήμέ‹

340 2221 439 2273 ραν
472 2203 834 2274 ἐχορηγοῦντο
866 2205 1013 2257 σίτου
1048 2206 1123 2274 τῷ
1157 2205 1355 2272 πλήθει
1384 2206 1523 2275 πρὸς
1553 2208 1911 2259 Κωνσταντί-

334 2314 428 2349 νου
453 2313 467 2327 ·
495 2289 568 2350 ὧν
597 2297 656 2348 τὸ
677 2296 850 2367 ἣμισυ
880 2298 1468 2369 τηνικαῦτα’περιεί).ε
1506 2299 1909 2363 Κωνστάντιος.

338 2384 448 2452 Τὴν
497 2385 688 2456 ὀργὴν.
712 2387 768 2440 δὲ
803 2388 987 2439 πᾶσαν
1038 2387 1270 2458 ἔτρεπεν
1305 2388 1398 2440 ἐπὶ
1435 2389 1647 2441 Παῦλον
1672 2405 1686 2420 ο
1720 2390 1815 2443 καὶ
1850 2390 1909 2443 οὐ

333 2476 432 2529 τοῦ
486 2477 675 2545 θρόνου
734 2477 915 2545 μόνον,
964 2479 1097 2531 ἀλλὰ
1134 2479 1232 2532 καὶ
1290 2479 1388 2550 τῆς
1428 2479 1636 2543 πόλεως
1688 2480 1910 2549 ἤλαυνε.

335 2567 693 2622 Χαλεπαίνων
722 2569 779 2621 δὲ
808 2571 903 2623 καὶ
926 2571 1275 2641 Μακεδονίῳ,
1308 2573 1385 2633 ὼς
1421 2573 1670 2626 στάσεων
1704 2573 1798 2625 καὶ
1825 2571 1913 2624 θο-

341 2658 521 2730 ρύϐων
550 2660 732 2724 αἰτίῳ,
758 2662 817 2713 οὗ
863 2661 970 2730 μὴν
1005 2662 1063 2715 δὲ
1099 2663 1238 2716 ἀλλὰ
1270 2663 1366 2718 καὶ
1399 2664 1500 2733 τῆς
1526 2664 1620 2717 τοῦ
1656 2664 1916 2733 Ἑρμογέ-

338 2769 461 2815 νους
491 2753 845 2822 ἀναιρέσεως.
870 2753 964 2807 καὶ¹
994 2754 1078 2807 ὅτι
1113 2755 1213 2824 τῆς
1274 2755 1486 2809 ἐκείνου
1524 2758 1654 2810 ἄνευ
1687 2758 1915 2825 ἐπιτρο-

339 2846 450 2913 πῆς
476 2845 576 2915 τὴν
603 2849 647 2898 la
659 2845 908 2916 ρωσύνην
940 2848 1231 2913 ἀνέλαϐεν,
1258 2847 1383 2903 οὔτε
1405 2852 1791 2921 συγκροτήσας
1814 2850 1913 2920 τὴν

339 2937 553 2992 ἐκείνου
600 2939 801 3010 ψῆφον,
840 2938 967 2995 οὔτε
1024 2942 1132 3013 μὴν
1166 2944 1672 3016 άποχειροτονήσας
1709 2944 1873 2999 αὐτὸν
1897 2984 1920 3011 ,

346 3031 512 3093 ὲάσας
558 3030 602 3083 δ’
651 3030 824 3096 οὕτως
873 3032 1018 3104 ἔχειν
1059 3036 1117 3088 ἐν
1226 3037 1465 3106 συνῆγεν
1504 3036 1793 3107 ἐκκλησίᾳ,
1835 3038 1916 3100 είς

1942 576 1963 599 κ
2003 548 2196 602 videns
2227 546 2616 633 Hermogenes,
2644 555 2885 624 amplius
2914 557 3083 610 etiam
3121 554 3347 608 militari
3383 553 3591 607 robore

2001 638 2223 694 institit.
2266 641 2345 696 lbi
2377 644 2673 699 multitudo
2716 647 2781 701 ad
2817 648 3156 702 seditionem
3192 654 3247 701 et
3290 645 3591 701 tumultum

1999 733 2262 802 paulatim
2292 737 2588 800 concitata,
2636 748 2837 808 praeter
2890 740 3163 794 rationem
3215 738 3283 793 ad
3320 739 3592 806 impetum

2003 826 2311 894 prosiluit:
2356 836 2413 882 et
2458 827 2659 884 deinde
2720 847 2827 886 una
2870 831 3036 887 simul
3091 847 3289 887 omnes
3342 837 3593 893 ruentes,

2006 916 2607 989 llermogenisdomnm
2632 924 2947 989 incendere,
2975 925 3268 994 ipsumque
3294 922 3549 979 occidere
3579 942 3591 979 :

2004 1007 2137 1063 fune
2159 1025 2381 1078 quoque
2415 1013 2482 1065 ad
2519 1012 2685 1081 pedes
2715 1014 2837 1086 ejus
2871 1015 3115 1083 alligato,
3144 1029 3245 1084 per
3281 1014 3434 1068 urbis
3469 1013 3590 1066 vias

2009 1111 2246 1157 traxere.
2281 1102 2406 1158 Ha-c
2451 1104 2545 1158 ubi
2586 1107 2651 1160 ad
2695 1106 3085 1163 Constantium
3117 1119 3245 1163 sunt
3276 1108 3449 1162 relata
3491 1104 3596 1176 (l).

2005 1208 2151 1262 equo
2175 1195 2384 1251 vehens
2415 1195 2951 1268 Constantinopolim
3000 1201 3171 1254 venit.
3209 1200 3278 1253 Et
3308 1214 3433 1253 cum
3472 1213 3598 1269 gra-

2005 1284 2149 1338 viter
2195 1285 2248 1338 in
2303 1285 2718 1342 multitudinem
2783 1290 3225 1345 animadvertere
3281 1288 3591 1349 statuisset.

1982 1391 2204 1433 ,noxam
2259 1379 2361 1443 eis,
2410 1381 2559 1446 quod
2618 1381 2992 1451 laerymantes
3034 1384 3085 1435 ei
3125 1381 3341 1435 obviam
3399 1381 3595 1441 ierant,
3676 1372 3683 1379 ’

2008 1468 2240 1521 remisit.
2277 1469 2568 1524 Dimidiam
2604 1480 2785 1527 tamen
2808 1473 3036 1528 circiter
3085 1473 3347 1527 frumenti
3383 1481 3597 1542 partem

2009 1558 2235 1623 ademit,
2282 1560 2435 1630 quod
2480 1562 2875 1617 Constantinus
2918 1563 3218 1632 quotannis
3249 1577 3316 1616 ex
3360 1562 3594 1615 Alexan-

2007 1653 2140 1709 dria!
2168 1664 2225 1709 et
2246 1652 2466 1722 Egypti
2495 1653 2738 1719 tributis,
2769 1654 2986 1710 civibus
3007 1654 3369 1725 suislargitus
3388 1653 3590 1719 fuerat;

2012 1746 2227 1800 melius
2245 1745 2499 1802 videlicet
2527 1746 2885 1802 Constantius
2904 1761 3026 1802 esse
3068 1746 3313 1811 rebatur,
3350 1747 3430 1801 sic
3457 1746 3601 1801 sedi-

2018 1838 2249 1898 tionum.
2286 1852 2449 1907 quam
2475 1837 2658 1903 aliter,
2689 1837 2944 1893 accidere
2973 1853 3188 1902 causas,
3219 1853 3345 1907 quae
3376 1853 3440 1891 ex
3471 1837 3602 1892 luxu

2016 1928 2315 1999 plurimum
2346 1938 2402 1984 et
2433 1930 2803 1985 secundarum
2836 1945 3021 1985 rerum
3054 1930 3276 1984 licentia
3311 1945 3600 2000 emergere

2017 2020 2217 2076 solent.
2269 2021 2440 2092 Octog
2475 2030 2570 2076 nta
2620 2024 2769 2076 enim
2816 2022 2985 2076 millia
3023 2021 3435 2077 medimnorum
3493 2023 3604 2077 fru-

2018 2112 2189 2166 menti
2228 2111 2479 2179 quotidie
2513 2127 2542 2165 a
2572 2110 2939 2166 Constantino
2995 2110 3141 2180 plebi
3179 2111 3323 2163 datae
3357 2108 3604 2173 fuerant,

2019 2204 2176 2273 cujus
2204 2204 2490 2259 dimidiam
2536 2214 2747 2273 partem
2782 2214 2897 2259 tum
2924 2204 3281 2258 Constantius
3309 2202 3565 2257 diminuit
3591 2216 3606 2255 τ

2020 2298 2101 2351 ira
2150 2296 2299 2349 omni
2352 2297 2405 2348 in
2462 2296 2688 2349 Paulum
2735 2310 3040 2360 conversa,
3076 2310 3240 2363 quem
3284 2308 3391 2348 non
3426 2290 3617 2370 solum'

2023 2391 2244 2453 throno,
2275 2390 2367 2445 sed
2416 2390 2552 2444 urbe
2604 2390 2769 2443 etiam
2803 2389 2988 2456 ejecit.
3011 2387 3333 2442 Macedonio
3384 2401 3606 2456 quoque

2020 2498 2375 2544 succensens,
2414 2493 2471 2538 ut
2502 2482 2862 2547 seditionum,
2887 2482 3247 2546 tumultuum,
3280 2488 3448 2549 atque
3473 2479 3612 2532 adeo

2021 2576 2185 2632 Caedis
2217 2575 2580 2645 Hermogenis
2605 2576 2837 2642 auctori,
2879 2576 3101 2645 etquod
3135 2575 3345 2645 injnssu
3372 2589 3470 2629 suo
3500 2573 3614 2640 epi-

2024 2678 2307 2736 sc0patum
2356 2668 2689 2737 recepisset,
2731 2667 3001 2723 electione
3054 2666 3176 2736 ejus
3227 2681 3409 2735 neque
3461 2679 3630 2719 com-.

2023 2761 2250 2831 probata
2290 2775 2469 2829 neque
2522 2759 2781 2830 abrogata
2807 2800 2822 2825 ,
2856 2759 2912 2814 in
2953 2773 3128 2828 eaque
3167 2772 3275 2828 qua
3309 2767 3619 2813 conventus

2025 2854 2223 2925 agebat
2271 2854 2526 2923 ecclesia,
2586 2868 2716 2908 eum
2767 2853 2852 2907 sic
2907 2864 3132 2906 manere
3174 2864 3394 2919 passus,
3424 2848 3618 2903 Antio-

2025 2948 2209 3004 chiam
2245 2944 2498 3001 revertit.
2550 2944 2718 3017 685
2759 2944 3005 3000 lnterera
3046 2942 3237 2996 Ariani
3283 2940 3611 3010 Gregorium

2024 3041 2261 3112 perinde
2307 3046 2471 3110 atque
2506 3038 2560 3092 in
2611 3038 2934 3107 religionem
2981 3047 3230 3103 segnem,
3272 3042 3329 3088 et
3373 3033 3616 3088 Alexan-

344 3125 444 3191 τὴν
473 3123 746 3196 Ἀντιόχου
776 3126 1149 3198 ἀπέστρεφεν.
1184 3129 1277 3182 Ἐν
1302 3128 1476 3199 τούτῳ
1501 3128 1557 3181 δὲ
1585 3130 1681 3182 καὶ
1701 3129 1918 3197 Ἀρεια-

2024 3132 2203 3188 drinis
2265 3130 2451 3185 minus
2500 3137 2739 3200 gratum,
2795 3138 2857 3182 et
2885 3136 3112 3197 propter
3158 3124 3440 3191 ecclesiae,
3492 3139 3617 3195 qua:

344 3218 429 3269 νοὶ
476 3216 551 3280 ὡς
592 3219 743 3289 νωθῆ
795 3222 924 3291 περὶ
958 3223 1061 3289 τὴν
1095 3220 1398 3293 θρησκείαν
1443 3222 1776 3294 Γρηγόριον,
1823 3221 1920 3274 καὶ

344 3304 419 3367 ὡς
463 3308 577 3370 τοῖς
643 3308 1094 3379 Ἀλεξανδρεῦσιν
1149 3310 1398 3381 ἀγλευκῆ
1454 3309 1804 3374 καθεστῶτα,
1845 3309 1925 3362 ἔτι

348 3398 404 3451 δὲ
441 3401 535 3455 καὶ
562 3401 648 3455 διὰ
683 3403 752 3455 τὰ
796 3404 1086 3474 συμϐάντα
1118 3406 1186 3475 τῇ
1220 3404 1414 3474 εἰσόδῳ
1447 3403 1618 3457 αὑτοῦ
1650 3404 1794 3457 κατὰ
1825 3405 1925 3474 τὴν

351 3489 653 3561 ἐκκλησίαν
718 3493 813 3547 τοῦ
864 3495 994 3565 παρ’
1054 3496 1237 3559 αὐτοῖς
1283 3496 1586 3548 ἐπισκόπου
1627 3495 1928 3558 Διονυσίου,

355 3582 651 3650 μεθιστῶσι
686 3584 784 3653 μὲν
816 3586 1021 3642 ἐκεῖνον
1048 3628 1064 3654 ,
1105 3588 1380 3659 Γεώργιον
1434 3590 1491 3643 δέ
1521 3607 1665 3655 τινα,
1694 3590 1930 3643 Καππαο

352 3674 517 3745 δόκην
550 3675 611 3729 τὸ
646 3677 824 3746 γένος,
871 3678 1020 3752 μάζῃ
1052 3682 1148 3734 καὶ
1178 3682 1429 3751 πιτύροις
1480 3683 1932 3753 κατατετριμμέ-

355 3784 469 3833 νον,
502 3768 577 3833 ὡς
618 3771 711 3825 καὶ
737 3773 983 3843 ταρίχων
1011 3775 1193 3846 κρεῶν
1224 3777 1389 3830 ὑείων
1416 3777 1618 3847 ταμίαν
1645 3776 1930 3846 γενέσθαι,

356 3854 445 3911 οἶα
482 3860 539 3913 δὲ
574 3865 705 3933 περὶ
744 3864 842 3934 τὴν
894 3866 1191 3937 θρησκείαν
1244 3868 1595 3939 δραστήριον,
1646 3869 1935 3926 ἀντικαθι-

359 3951 529 4007 στῶσι
564 3953 640 4025 τῷ
672 3955 769 4026 τῆς
812 3958 1165 4030 Ἀλεξάνδρου
1196 3959 1395 4034 θρόνῳ.

953 4073 1207 4128 ΚΕΦΑΛ.
1246 4076 1330 4130 Ii’.

364 4155 467 4235 Ὣς
512 4158 867 4235 Ἀθαντςὰσιος
892 4165 990 4235 καί
1023 4165 1267 4231 Παῦλος
1291 4166 1638 4235 γράμμασιν
1667 4169 1933 4226 Ἰουλίου

429 4227 853 4298 ὀχυρωθέντες,
894 4234 1039 4298 τοὺς
1064 4227 1261 4301 ίδίουέ·
1293 4227 1550 4305 ὺὲλόὶθὸυς
1598 4241 1931 4297 ἀπέλαϐον.

446 4342 759 4408 Ἀθανάσιος
788 4347 845 4400 δὲ
884 4352 997 4411 τοῖς
1046 4351 1104 4403 ὲν
1145 4350 1334 4425 Ῥώμῃ
1363 4356 1545 4425 διῆγε,
1576 4356 1931 4423 Κώνσταν-τος

360 4435 455 4489 τοῦ
485 4440 753 4509 νεωτέρου
783 4442 893 4495 τῶν
939 4444 1357 4501 Κωνσταντίνου
1393 4451 1598 4503 παίδων
1632 4451 1733 4520 τῆς
1768 4454 1934 4505 ὲσπέι

2026 3220 2373 3278 Alexandrize
2429 3220 2678 3291 Dionysii
2729 3219 2971 3289 episcopi
3024 3217 3227 3281 fuerat,
3279 3217 3333 3272 in
3371 3218 3609 3273 introitu

2027 3316 2149 3388 ejus
2179 3312 2687 3385 conﬂagrationem,
2715 3311 3038 3381 episcopatu
3067 3316 3292 3366 movent
3321 3327 3336 3366 :
3360 3318 3417 3366 et
3441 3310 3617 3366 Geor-

2028 3409 2179 3479 gium
2218 3408 2515 3479 quemdam
2574 3405 2958 3475 Cappadocem
3024 3419 3264 3475 genere,
3325 3403 3422 3475 qui
3474 3405 3621 3460 circa

2031 3516 2232 3571 panem
2263 3500 2512 3556 viliorem
2542 3506 2600 3555 et
2628 3498 2811 3554 furfur
2838 3507 3052 3554 aetatem
3080 3506 3290 3568 egeret,
3333 3498 3613 3553 succidite-

2031 3609 2139 3663 que
2172 3592 2310 3648 adeo
2337 3592 2512 3649 suillae
2566 3606 2794 3662 promus
2841 3591 3054 3646 eondus
3104 3591 3307 3654 fuerat,
3356 3589 3505 3661 quod
3561 3590 3618 3645 in

2032 3684 2297 3754 religione
2330 3682 2533 3738 tuenda
2568 3681 2878 3736 industrius
2925 3690 3094 3745 esset,
3130 3695 3233 3752 pro
3280 3694 3350 3736 eo
3399 3681 3457 3735 in
3489 3680 3619 3736 Ale-

2033 3775 2304 3833 xandrina
2333 3775 2465 3833 sede
2492 3775 2862 3832 collocarunt.

2627 4071 2856 4129 CAPUT
2885 4072 3022 4128 VIII.

2041 4166 2107 4222 Ut
2159 4168 2481 4223 Athanasius
2511 4172 2561 4219 et
2612 4165 2835 4229 Paulus,
2889 4165 3079 4248 litteris
3122 4162 3258 4219 Julii
3284 4161 3427 4232 freti,
3473 4162 3621 4216 sedes

2601 4254 2624 4291 8
2634 4253 2726 4290 uas
2758 4246 3068 4305 receperint.

2109 4349 2442 4405 Athanasius
2474 4358 2657 4404 autem
2691 4348 2879 4402 Roma:
2910 4346 3124 4413 agebat,
3146 4345 3451 4400 Constante
3479 4342 3626 4400 Con-

2037 4442 2265 4498 stantini
2291 4442 2522 4496 minimo
2553 4449 2684 4495 natu
2712 4439 2825 4494 ﬁlio
2853 4441 2949 4494 toti
2974 4439 3264 4494 Occidenti
3292 4439 3621 4507 imperante.

365 4545 461 4596 px;
484 4532 664 4601 πάσης
695 4534 1087 4604 κατάρχοντας.
1124 4538 1215 4591 Ἐν
1240 4541 1425 4609 ταυτῷ
1450 4543 1505 4594 δὲ
1537 4519 1750 4608 Παῦλος
1779 4548 1807 4599 6
1838 4547 1921 4616 τῆς

2046 4534 2207 4590 V'enit
2251 4551 2321 4591 eo
2347 4535 2996 4604 Constantinopolitanus
3029 4547 3252 4601 quoque
3298 4530 3522 4592 Paulus,
3567 4539 3626 4585 ct

363 4622 779 4678 Κωνσταντίνου
833 4629 1052 4698 ἀφῖκτο,
1082 4633 1177 4685 καὶ
1226 4634 1549 4704 Μάρκελλος
1582 4637 1610 4687 6
1655 4636 1939 4709 Ἄγκυρα-

361 4713 472 4777 νδς,
502 4712 569 4766 δι’
600 4718 777 4783 αίτίας
818 4719 1000 4793 ἅσπερ
1028 4724 1357 4795 εἰρήκαμεν,
1390 4728 1486 4780 καὶ
1538 4728 1878 4799 ’Λσκ).ηπᾶς,
1911 4733 1940 4784 6

366 4807 463 4874 τῆς
497 4806 744 4871 Γαζαίων
778 4812 1078 4877 ἐπίσκοπος
1107 4830 1121 4846 ⁶
1164 4817 1220 4880 ὃς
1255 4818 1331 4888 δὴ
1352 4821 1447 4873 καὶ
1479 4818 1637 4884 οὗτος
1671 4823 1940 4890 γενναίως

366 4900 792 4970 άντιφερόμενος
834 4907 950 4969 τοῖς
1012 4907 1333 4978 Ἀρειανοῖς,
1379 4913 1600 4983 γραφὴν
1639 4915 1779 4986 πρὸς
1831 4914 1941 4968 τῶν

365 4988 431 5040 δι’
460 4991 708 5057 ἐναντίας
752 4994 994 5060 ὑποστὰς
1046 4998 1122 5063 ὡς
1169 5001 1256 5071 εἴη
1291 5001 1683 5075 θυσιαστήριον
1712 5007 1943 5078 άνατρέ-

368 5079 494 5147 ψας,
538 5082 820 5154 ἀφῄρηται
856 5088 958 5159 τὴν
995 5090 1331 5165 ἐπισκοπὴν.
1368 5097 1674 5162 Κυντιανὸς
1708 5099 1765 5154 δὲ
1811 5102 1944 5154 ταύ-

371 5190 469 5243 την
523 5177 852 5244 ἐλάμϐανεν.
918 5183 1145 5252 Ἐπίσης
1198 5186 1253 5240 δὲ
1313 5190 1410 5242 καὶ
1465 5190 1697 5255 Λούκιος
1752 5194 1781 5246 6
1846 5194 1943 5263 τῆς

384 5265 664 5337 Ἀδριανοῦ
695 5271 1005 5343 ἐγκληθεὶς,
1035 5277 1129 5329 καὶ
1162 5277 1263 5347 τῆς
1289 5280 1448 5344 ἀξίας
1480 5283 1817 5351 γυμνωθεὶς,
1851 5285 1944 5338 καὶ

374 5359 532 5424 αὐτὸς
565 5356 702 5432 ἧκεν
736 5368 816 5429 είς
857 5367 1099 5439 Ῥώμην.
1148 5370 1305 5425 Ἐπεὶ
1349 5373 1406 5426 δὲ
1457 5375 1526 5427 τά
1577 5375 1701 5429 κατ’
1747 5377 1945 5439 αὐτοὺς

377 5451 588 5520 ἀνέγνω
616 5456 646 5509 6
687 5457 907 5530 Ῥώμης
948 5462 1192 5532 Ἰούλιος,
1228 5467 1593 5532 ὁμονοοῦντας
1632 5471 1781 5540 ὅμως
1818 5472 1948 5542 περὶ

375 5547 441 5598 τά
472 5547 530 5600 ὲν
565 5547 772 5623 Νικαίᾳ
801 5552 1100 5627 δεδογμένα
1155 5559 1353 5630 εὑρὼν,
1402 5563 1689 5627 κοινωνίας
1723 5563 1943 5633 ἠξίωσε.

446 5709 525 5780 (l)
563 5711 695 5767 Acta
721 5724 850 5768 sunt
882 5716 998 5773 haec
1024 5718 1348 5776 Constantio
1381 5738 1441 5776 ιιι
1497 5729 1553 5776 et
1575 5720 1879 5777 Constante
1909 5738 1945 5775 ιι

378 5795 544 5848 coss,
578 5798 687 5851 quo
736 5796 982 5857 tempore
1034 5791 1307 5848 Constans
1362 5793 1692 5848 Francorum
1730 5804 1944 5861 gentem

2041 4629 2330 4685 Marcellus
2366 4631 2720 4699 Ancyranus.
2755 4640 2983 4696 propter
3017 4640 3138 4679 eam
3175 4640 3340 4693 quam
3383 4622 3626 4677 diximus

2044 4736 2286 4787 causam,
2319 4721 2577 4789 Asclcpas
2607 4722 2772 4773 etiam
2823 4716 3142 4772 Gazaeornm
3176 4715 3492 4785 episcopus,
3529 4714 3624 4783 qui

2042 4823 2100 4870 et
2138 4815 2254 4886 ipse
2280 4811 2426 4883 quod
2460 4810 2677 4865 fortiter
2713 4809 2937 4863 Arianis
2977 4807 3284 4873 resisteret,
3315 4805 3626 4860 accusatio-
3686 4860 3689 4865 ν

2044 4924 2168 4964 nem
2192 4905 2595 4978 judiciumque,
2624 4903 2780 4973 quasi
2806 4901 3060 4959 sacriﬁcii
3110 4914 3261 4954 aram
3308 4896 3623 4957 evertisset,

1992 5018 2003 5028 ·
2045 4998 2353 5057 sustinuit:
2384 5007 2440 5053 et
2468 4996 2540 5051 ob
2564 4995 2619 5050 id
2657 4997 3037 5066 episcopatum
3087 4992 3365 5062 deponere
3396 4996 3624 5043 coactus

2046 5094 2171 5160 fuit,
2208 5105 2373 5161 quem
2404 5088 2782 5160 episcopatum
2808 5087 3144 5153 Quintianus
3166 5095 3251 5139 est
3271 5094 3622 5139 consecutus.

2046 5184 2252 5239 Lucius
2282 5190 2546 5252 praeterea
2580 5177 3107 5248 Adrianopolitanus
3156 5176 3351 5231 eodem
3390 5173 3625 5229 crimine

2047 5279 2284 5338 delatus.
2315 5283 2369 5329 et
2397 5273 2663 5345 dignitate
2697 5272 2885 5327 itidem
2916 5273 3207 5341 spoliatus.
3240 5269 3467 5323 Romam
3498 5280 3627 5321 con-

2050 5372 2204 5441 fugit.
2256 5369 2461 5423 [lorum
2497 5381 2662 5422 causa
2692 5365 2873 5421 Julius
2922 5365 3157 5420 antistes
3202 5362 3484 5416 Romanus
3534 5372 3627 5413 σου

2048 5465 2220 5533 gnita,
2253 5460 2400 5530 quod
2443 5459 2853 5514 consentientes
2890 5457 2998 5513 sibi
3030 5456 3097 5510 de
3124 5454 3358 5509 Nicamis
3389 5449 3629 5507 decretis

2049 5553 2282 5618 invenit,
2314 5551 2707 5606 communione
2741 5564 2839 5604 eos
2876 5556 2962 5601 est
2992 5545 3269 5614 dignatus.
3299 5542 3403 5595 Pro
3433 5539 3630 5609 ampli-

2051 5713 2435 5839 lmllnivictam
2470 5710 2674 5767 fcelcrc
2703 5705 2806 5765 sibi
2838 5704 3146 5777 conjunxit.
3187 5701 3421 5775 (Socrat.
3444 5699 3542 5756 lib.
3563 5713 3628 5764 ιι,

2052 5804 2170 5839 (λιιι).
2244 5801 2317 5839 ι).1

2052 5804 2170 5857 cap.
2213 5801 2317 5849 to.)
