3990 6504
380 359 487 423 243

1609 364 1735 423 NlC
1748 358 2031 422 EPHORI
2073 360 2158 419 CA
2172 359 2287 419 LL!
2300 359 2414 419 STI

3535 349 3636 413 244

386 476 577 531 tudine
623 483 808 532 autem
858 476 1007 533 sedis
1063 490 1197 543 suae,
1246 492 1314 534 ex
1369 479 1540 534 veteri
1588 479 1878 549 privilegio
1903 485 1959 531 et

2077 479 2153 550 Γῷ
2187 476 2243 531 δὲ
2271 478 2367 533 τοῦ
2405 477 2598 549 θρόνου
2627 476 2902 546 ἀξιώματι
2952 473 3016 528 ἐκ
3047 471 3154 527 τῶν
3206 468 3477 525 ἀνέκαθεν
3513 488 3639 539 προσ

382 569 740 639 przerogativa
756 569 856 640 (l),
890 584 1206 640 persuasum
1227 570 1457 634 habens.
1477 572 1725 627 omnium
1752 572 1958 641 ubique

382 662 768 732 episcoporum
799 677 984 716 curam
1034 673 1090 717 et
1115 661 1389 731 judicium
1439 664 1507 718 ad
1566 679 1625 720 se
1657 667 1957 734 pertinere,

384 753 528 806 datis
582 752 779 821 cuique
830 752 1109 807 liberrime
1156 754 1378 823 scriptis
1428 755 1650 823 litteris,
1706 770 1835 811 suas
1876 754 1961 809 eis

382 842 644 899 ecclesias
696 842 974 907 reddidit,
1008 858 1215 914 eosque
1269 860 1323 899 tn
1364 844 1647 901 Orientem
1696 844 1957 901 remisit:

384 950 481 990 eos
512 935 607 1005 qui
644 943 851 990 temere
880 934 1004 991 illos
1033 945 1514 1002 exauctorassent,
1562 938 1958 1007 perstringens.

388 1035 446 1082 ut
473 1026 566 1096 qui
591 1040 697 1081 non
724 1036 871 1082 recta
900 1037 1269 1096 sequerentur
1301 1028 1553 1090 consilia.
1587 1040 1881 1098 metusque
1906 1036 1964 1082 et

388 1119 579 1173 turbas
606 1118 857 1174 ecclesiis
887 1131 1165 1184 crearent,
1185 1134 1368 1189 neque
1397 1120 1566 1175 semel
1584 1119 1776 1175 Nicteae
1805 1119 1964 1174 factis

388 1211 513 1265 Iidci
548 1210 787 1265 decretis
815 1218 1051 1267 starent.
1081 1211 1164 1265 Ad
1195 1211 1313 1267 haec
1335 1212 1621 1282 praecepit,
1654 1221 1716 1267 ut
1741 1212 1962 1282 quidam

384 1322 452 1362 ex
479 1306 562 1362 eis
590 1304 660 1361 ad
691 1305 843 1360 diem
883 1305 1249 1361 constitutum
1289 1306 1475 1362 Romae
1525 1314 1725 1375 praesto
1754 1312 1962 1370 essent,

388 1399 485 1469 qui
520 1406 671 1453 recte
725 1397 1057 1453 sententiam
1108 1397 1163 1452 in
1198 1396 1594 1453 condemnatos
1630 1397 1797 1451 latam
1841 1410 1965 1452 esse

388 1489 708 1559 probarent.
746 1488 845 1545 Sin
872 1489 1079 1555 minus,
1104 1491 1284 1545 minas
1310 1489 1525 1545 addidit
1554 1505 1567 1542 :
1603 1487 1707 1544 nisi
1736 1504 1767 1543 a
1797 1487 1966 1543 rebus

391 1582 657 1639 novandis
689 1582 1044 1648 desisterent,
1086 1596 1149 1647 se
1182 1581 1252 1638 ab
1284 1582 1368 1637 eis
1415 1597 1601 1638 sacras
1640 1589 1965 1638 exacturum

388 1690 610 1747 poenas.
649 1673 982 1731 Athanasius
1005 1714 1022 1739 ,
1066 1683 1124 1729 et
1155 1674 1248 1744 qui
1289 1688 1415 1729 cum
1447 1688 1514 1730 eo
1561 1682 1743 1739 erant,
1780 1672 1968 1729 missis

391 1768 459 1822 ad
491 1765 799 1822 Orientales
824 1764 1113 1837 episcopos
1153 1765 1386 1830 litteris,
1418 1764 1683 1822 ecclesias
1724 1779 1854 1821 suas
1881 1780 1968 1821 re-

389 1864 679 1926 ceperunt.
710 1853 997 1926 68611Ιί
1043 1854 1438 1909 contumeliam
1483 1868 1609 1910 esse
1661 1855 1767 1909 rati
1831 1853 1964 1911 Julii

391 1947 855 2019 objurgationem,
884 1945 1190 2002 Antiochiae
1219 1946 1560 2017 congregati,
1592 1945 1660 2002 de
1691 1946 1967 2004 sententia

391 2039 637 2094 outnium
663 2038 955 2109 epistolam
985 2038 1050 2093 ad
1079 2052 1206 2094 eum
1241 2038 1464 2105 misere,
1498 2038 1811 2094 luculenter
1843 2038 1971 2108 qui-

392 2132 517 2188 dem
577 2124 727 2186 illam
773 2130 1056 2201 scriptam,
1105 2129 1304 2186 ironiis
1350 2138 1535 2186 autem
1593 2129 1971 2201 aculeatisqne

392 2224 576 2279 verbis
608 2223 887 2288 refertam,
915 2223 1300 2294 forensemque
1333 2233 1389 2278 et
1421 2224 1740 2296 iudicialem
1769 2226 1822 2280 in
1856 2240 1973 2279 mo-

394 2316 523 2367 dum
553 2314 914 2383 compositam
938 2351 955 2379 ,
985 2322 1042 2368 et
1069 2328 1191 2383 quae
1221 2315 1346 2384 styli
1375 2314 1427 2369 vi
1454 2324 1510 2369 et
1555 2315 1821 2385 gravitate
1866 2314 1970 2368 nti-

397 2414 589 2453 narum
623 2413 823 2470 expers
865 2413 974 2455 non
1022 2408 1190 2457 esset.
1232 2401 1591 2472 Scripser'unt
1653 2404 1826 2468 enim,
1861 2404 1974 2458 Ro-

399 2506 571 2545 manae
630 2491 856 2561 quidem
913 2491 1039 2548 urbi
1091 2493 1163 2549 ab
1224 2495 1483 2551 omnibus
1560 2496 1971 2553 observantiam

399 2582 653 2638 exhiberi
679 2594 735 2638 et
764 2585 1032 2640 honorem
1066 2601 1082 2640 :
1113 2584 1318 2656 quippe
1347 2601 1470 2656 qua:
1514 2588 1819 2658 antiquitus
1840 2604 1977 2660 apo-

399 2676 667 2730 stolorum
697 2675 1041 2735 domicilium
1082 2686 1140 2733 et
1193 2678 1402 2743 schola,
1437 2694 1692 2749 veraeque
1734 2682 1973 2751 pictatis,

402 2775 461 2820 ut
478 2767 677 2837 aliquis
699 2767 865 2833 dicat,
901 2768 1220 2839 metropolis
1247 2778 1305 2825 et
1333 2770 1593 2841 primaria
1622 2772 1755 2828 urbs
1775 2773 1975 2829 fuerit:

399 2860 654 2931 quamvis
675 2876 742 2917 ex
773 2860 997 2918 Oriente
1028 2877 1312 2933 prmeones
1352 2865 1472 2936 ejus
1505 2879 1573 2919 eo
1607 2866 1881 2929 venerint,
1917 2881 1977 2923 se

402 2963 583 3008 tamen
615 2967 725 3008 non
766 2952 893 3009 ideo
932 2953 1207 3009 secundas
1252 2953 1398 3011 ferre
1429 2953 1655 3022 debere,
1693 2961 1840 3028 quod
1872 2959 1978 3014 Ec-

402 3044 585 3103 clesia:
637 3046 1019 3117 magnitudine
1063 3048 1381 3119 superiores
1425 3064 1535 3105 non
1586 3059 1794 3119 essent,
1850 3066 1976 3107 cum

402 3139 609 3194 virtute
629 3147 686 3194 et
729 3110 897 3194 rebus
928 3138 1053 3194 aliis
1079 3110 1295 3210 priores
1339 3153 1402 3196 se
1429 3153 1552 3196 esse
1575 3140 1977 3198 existimarent.
2003 3110 2049 3172 α

404 3228 538 3285 Illud
568 3230 737 3287 etiam
783 3231 1032 3288 criminis
1086 3233 1208 3288 loco
1237 3233 1492 3309 objecere
1515 3273 1532 3298 ,
1568 3236 1981 3293 communicare

403 3337 532 3377 eum
562 3338 690 3378 cum
714 3323 1015 3379 Athanasio
1045 3324 1290 3379 animum
1340 3326 1622 3383 induxisse
1653 3345 1669 3382 :
1702 3327 1868 3399 idque
1896 3329 1983 3383 ἰησ-

406 3412 572 3483 digne
612 3413 812 3480 tulere,
847 3413 1017 3468 veluti
1047 3416 1379 3471 contumelia
1402 3417 1595 3489 synodi
1624 3432 1819 3474 eorum
1854 3432 1985 3475 sen-

408 3505 593 3560 tentiae
623 3505 860 3575 irrogata
894 3514 1058 3561 esset.
1107 3504 1175 3560 Et
1218 3505 1428 3563 factum
1469 3509 1675 3579 ipsum,
1723 3520 1786 3566 ut
1831 3510 1981 3580 quod

407 3606 602 3651 contra
643 3597 956 3653 sanctiones
990 3598 1251 3655 Ecclesiae
1293 3600 1675 3671 processisset,
1731 3602 1982 3672 iniquum

373 3703 554 3753 .esse,
615 3697 747 3743 sunt
785 3688 1124 3744 calumniati.
1166 3692 1350 3762 Atque
1397 3708 1539 3765 aegre
1585 3695 1639 3750 id
1703 3694 1784 3750 eis
1837 3709 1981 3762 esse,

413 3787 671 3845 recteque
697 3790 755 3831 se
780 3792 906 3832 eum
932 3780 1354 3849 reprehendere,
1397 3799 1522 3839 cum
1550 3784 1820 3841 dixissent
1850 3800 1865 3841 :
1893 3800 1987 3856 po-

411 3878 654 3933 stremo,
692 3870 965 3940 siquidem
1010 3886 1133 3927 cum
1181 3876 1511 3931 sententiam
1572 3877 1816 3948 ipsorum
1875 3896 1986 3950 qua

412 3959 536 4014 illos
570 3961 1048 4029 condemnassent,
1088 3975 1202 4020 tum
1241 3966 1571 4022 eleCtionem
1616 3982 1806 4024 eorum
1847 3986 1989 4041 quos

414 4068 514 4121 pro
544 4052 654 4107 illis
684 4054 932 4110 ecclesiis
962 4056 1340 4127 praefecissem
1364 4099 1379 4126 ,
1420 4060 1809 4130 comprobaret
1832 4102 1847 4125 ,
1893 4078 1987 4133 pa-

412 4153 566 4199 catos
598 4145 764 4200 etiam
798 4160 858 4202 se
884 4145 1028 4212 fore,
1054 4156 1111 4203 et
1141 4164 1267 4204 cum
1312 4151 1432 4222 ipso
1461 4154 1986 4212 communicaturos.

416 4234 515 4290 Sin
543 4235 823 4291 adversari
857 4238 938 4294 eis
967 4252 1246 4311 pergeret,
1271 4253 1328 4297 et
1359 4242 1505 4310 ipsos
1542 4244 1868 4313 conjunctos
1896 4248 1990 4303 ad—

413 4340 611 4382 versus
664 4343 792 4384 eum
845 4329 1021 4385 ituros
1062 4345 1223 4397 esse,
1278 4332 1562 4392 intulere:
1616 4350 1745 4390 cum
1806 4338 1989 4409 ne’que

2061 574 2265 642 νομίων
2304 572 2458 636 εἰδὼς
2487 571 2872 641 προσήκουσαν
2902 565 3083 635 ἑαυτῷ
3112 565 3211 639 τὴν
3236 565 3349 619 τῶν
3392 565 3638 623 ἁπαντα-

2060 664 2160 735 χοῦ
2185 666 2380 734 ἰερέων
2407 661 2736 733 κηδεμονίαν
2763 678 2821 714 τε
2849 663 2943 714 καὶ
2970 659 3289 729 ἀνάκρισιν,
3325 653 3640 727 παρρησίας

2066 756 2287 822 μεστοῖς
2331 751 2627 822 γράμμασι
2669 749 3020 812 καθοπλίσας
3049 748 3268 809 αὐτοὺς,
3294 746 3513 814 ἑκάστῳ
3545 744 3641 813 τὴν

2030 912 2033 917 η
2065 845 2203 900 ἰδίαν
2232 827 2531 916 ἐκκλησίαν
2561 842 2851 913 ἀπένειμε,
2893 840 2984 895 καὶ
3006 841 3087 903 εἰς
3108 838 3207 908 τὴν
3226 838 3305 891 Et»
3337 836 3641 904 ἐξέπεμπε,

2062 939 2476 1009 καθαπτόμενος
2526 936 2633 993 τῶν
2681 935 2973 1009 προπετῶς
3027 933 3373 989 καθελόντων
3424 929 3641 991 αὐτοὺς,

2064 1033 2163 1086 διτε
2194 1031 2259 1103 δὴ
2296 1031 2371 1103 μὴ
2422 1030 2870 1102 βεϐουλευμένων
2917 1027 2985 1081 τὰ
3031 1026 3238 1090 δέοντα,
3285 1021 3357 1076 δι’
3391 1021 3555 1093 ὄχλου
3586 1035 3644 1070 τε

2063 1125 2367 1195 γινομένων
2403 1125 2521 1188 ταῖς
2571 1119 2915 1192 ἐκκλησίαις,
2939 1117 3035 1173 καὶ
3077 1116 3153 1187 μὴ
3183 1113 3542 1185 ἐμμενόντων
3577 1112 3645 1181 τῇ

2066 1215 2325 1282 καθάπαξ
2347 1218 2406 1269 ἑν
2436 1214 2647 1286 Νικαίᾳ
2676 1211 2993 1285 κυρωθείσῃ
3019 1211 3225 1264 πίστει.
3257 1206 3406 1276 Πρὸς
3440 1205 3507 1274 δὴ
3528 1203 3647 1256 τού-

2063 1326 2180 1374 τοις
2215 1310 2455 1374 ἐκέλευε,
2485 1306 2579 1361 καί
2610 1323 2761 1370 τινας
2792 1305 2874 1368 εἰς
2913 1301 3084 1374 ῥητὴν
3117 1300 3338 1371 ἡμέραν
3364 1297 3646 1368 παρεῖναι,

2063 1402 2459 1472 διελέγξοντας,
2483 1401 2559 1465 ὡς
2588 1399 2777 1454 δικαία
2805 1400 2839 1471 ἡ
2872 1396 2966 1451 ἑπί
3002 1395 3115 1454 τοῖς
3141 1387 3646 1461 καταψηφισθεῖσιν

2065 1495 2272 1566 ἠνέχθη
2305 1492 2452 1564 δίκη.
2500 1493 2562 1547 Εἰ
2617 1491 2662 1546 δ’
2715 1489 2833 1554 οὖν,
2865 1487 3107 1559 ἠπείλει,
3134 1486 3184 1540 εἰ
3236 1484 3315 1555 μὴ
3347 1480 3647 1535 παύσοιντο

2066 1592 2310 1654 νεώτερα
2363 1590 2719 1658 πράττοντες,
2766 1585 2864 1655 τὴν
2920 1582 3076 1656 ἰεράν
3128 1575 3649 1649 εἰσπραχθήσεσθαι

2068 1683 2387 1754 καταδίκην.
2431 1682 2499 1738 Oi
2548 1682 2650 1753 μὲν
2697 1675 2790 1734 οὖν
2822 1677 2972 1750 ἀμφὶ
3015 1676 3109 1731 τὸν
3154 1670 3484 1727 Ἀθανάσιον
3527 1662 3652 1724 τοὺς

2069 1776 2306 1841 οἰκείους
2344 1775 2547 1838 τόπους
2575 1772 2875 1835 ἀπέλαϐον,
2905 1766 3351 1838 διαπεμψάμενοι
3385 1760 3489 1823 τὰς
3531 1761 3654 1810 ἑπι-

2076 1866 2270 1929 στολάς
2293 1866 2405 1928 τοῖς
2433 1864 2590 1935 ἑῴοις
2622 1861 2733 1915 τῶν
2774 1859 3096 1914 ἐπισκόπων
3118 1872 3133 1889 ·
3167 1850 3331 1922 ὕϐριν
3363 1849 3420 1903 δὲ
3456 1846 3654 1899 ἐκεῖνοι

2073 1955 2431 2025 λογισάμενοι
2458 1951 2558 2021 τὴν
2597 1948 2691 2005 τοῦ
2735 1947 2954 2005 Ἰουλίου
2998 1940 3318 2011 ἐπίπληξιν,
3363 1939 3552 2008 ἁθρόοι
3599 1935 3654 1985 ἑν

2045 2116 2057 2125 _
2085 2046 2391 2118 Ἀντιοχείᾳ
2453 2043 2762 2115 γενόμενοι,
2802 2041 2900 2112 μιᾷ
2955 2038 3153 2108 γνώμῃ
3206 2031 3361 2103 αὑτῷ
3406 2027 3656 2125 ἐπιστέλ-

2075 2140 2264 2194 λουσιν
2296 2137 2589 2207 ὲπιστολήν
2626 2152 2773 2198 τινα,
2805 2130 3048 2202 φαιδρῶς
3104 2127 3204 2198 μὲν
3256 2119 3652 2192 συγκειμένην,

2078 2228 2282 2300 μεστὴν
2304 2226 2360 2279 δὲ
2384 2226 2674 2297 εἰρωνείας
2697 2223 2918 2292 πολλῆς,
2942 2220 3037 2273 καὶ
3056 2215 3353 2278 δικανικῶς
3376 2213 3657 2300 διεσκευα-

2079 2294 2306 2391 σμένην.
2362 2294 2731 2388 Δεινότητιδὲ
2771 2311 3069 2400 χρώματος
3121 2307 3245 2362 οὐδὲ
3302 2306 3538 2400 ἄμοιρος
3587 2294 3654 2371 ἦν

2075 2415 2328 2485 ἀπειλῆς.
2358 2411 2471 2485 Τὴν
2507 2413 2607 2483 μὲν
2635 2410 2748 2480 γάρ
2790 2397 3082 2478 Ῥωμαίων
3110 2402 3271 2456 πόλιν
3302 2400 3442 2454 πᾶσι
3471 2397 3655 2467 φέρειν

2078 2505 2392 2574 φιλοτιμίαν
2417 2503 2625 2570 ἔλεγεν,
2647 2499 2733 2556 ἆτ’
2765 2499 2830 2551 ὲκ
2861 2493 3099 2551 παλαιοῦ
3134 2490 3458 2547 ἀποστόλων
3491 2500 3656 2556 φρον-

2077 2596 2379 2667 τιστήριον,
2407 2595 2505 2648 καὶ
2534 2592 2822 2654 εὐσεϐείας
2858 2589 2933 2652 ὡς
2961 2587 3026 2643 ἄν
3050 2604 3137 2650 τις
3168 2584 3319 2638 είποι
3353 2576 3655 2651 γεγενημέ-

2079 2703 2181 2758 νην
2210 2684 2571 2757 μητρόπολιν,
2605 2683 2653 2736 εί
2681 2683 2780 2736 καὶ
2808 2678 2866 2748 ἑξ
2898 2677 3040 2750 ἑῴας
3089 2677 3216 2738 τοὺς
3254 2668 3654 2758 καταγγέλλονξ-

2076 2790 2182 2843 τας
2230 2777 2570 2848 ἐπιδημῆσαι
2615 2773 2852 2844 συνέϐη·
2894 2771 2955 2824 οὐ
2994 2768 3103 2841 μὴν
3144 2765 3214 2821 τὰ
3241 2766 3478 2833 δεύτερα
3508 2757 3657 2829 παρὰ

2078 2872 2240 2926 τοῦτο
2270 2870 2413 2941 ἔχειν
2442 2868 2662 2940 ἠξίουν·
2705 2866 2786 2920 ὅτι
2818 2863 2894 2936 μὴ
2927 2862 3005 2933 τῷ
3039 2862 3139 2931 τῆς
3177 2856 3515 2926 Ἐκκλησίας
3559 2867 3654 2922 με·

2079 2965 2232 3035 γέθει
2286 2958 2933 3029 πλεονεκτοῦσιν,ηάρετῇ
2969 2956 3063 3010 καὶ
3106 2955 3223 3016 τοῖς
3254 2950 3444 3012 ἄλλοις
3473 2945 3657 3002 νικῶν·
3762 2940 3765 2945 ’

2082 3074 2194 3124 τες,
2228 3055 2303 3118 ὡς
2335 3052 2523 3125 ᾤοντο.
2569 3051 2880 3121 Προέφερον
2910 3049 2967 3101 δὲ
2997 3043 3237 3115 κάκείνῳ
3269 3044 3355 3105 εἰς
3382 3040 3655 3108 ἔγκλημα,

2078 3151 2142 3205 τὸ
2197 3147 2482 3203 κοινωνεῖν
2540 3142 2761 3197 ἑλέσθαι
2807 3142 2923 3204 τοῖς
2972 3138 3103 3207 περί
3156 3135 3518 3189 Ἀθανάσιον·
3562 3128 3654 3181 καὶ

2081 3240 2441 3311 ἐχαλέπαινον
2497 3235 2574 3290 ὡς
2609 3231 2951 3305 ὕϐρισμένης
3003 3228 3104 3297 τῆς
3136 3226 3323 3281 αὐτῶν
3376 3220 3657 3288 συνοδικῆς

2080 3332 2407 3403 ἀποφάσεως
2429 3347 2444 3362 ο
2477 3328 2573 3383 καί
2599 3325 2660 3380 τὸ
2691 3324 3006 3394 γενόμενον,
3035 3315 3124 3374 οἷα
3158 3319 3234 3391 μὴ
3270 3318 3418 3373 κατὰ
3442 3315 3532 3368 τὸν
3560 3311 3655 3379 τῆς

2092 3424 2423 3500 Ἐκκλησίας
2492 3417 2695 3489 θεσμὸν
2750 3416 2979 3488 προϐἀν,
3022 3414 3096 3475 ὡς
3148 3411 3338 3466 ἄδικον
3390 3406 3652 3463 διέϐαλον.

2082 3517 2246 3572 Δεινά
2275 3517 2333 3571 δὲ
2363 3515 2581 3582 παθεῖν,
2604 3511 2701 3566 καὶ
2725 3510 2950 3572 δικαίως
2975 3504 3303 3579 μέμψασθαι
3334 3501 3653 3562 διελθόντες,

2083 3610 2239 3673 τέλος
2269 3609 2343 3671 ὼς
2376 3606 2424 3660 εἰ
2460 3606 2561 3675 μὲν
2593 3603 2814 3673 στέργοι
2860 3600 2969 3654 τῶν
3014 3595 3533 3653 καταδικασθέντων
3564 3588 3655 3657 τὴν

2083 3704 2287 3776 ψῆφον,
2315 3701 2590 3771 ἐπέφερον
2614 3715 2629 3730 ο
2657 3699 2754 3752 καὶ
2783 3693 2894 3749 τῶν
2922 3690 3036 3748 ἀντ’
3079 3689 3258 3746 αὐτῶν
3293 3684 3656 3776 εἰσαχθέντων

2085 3773 2205 3859 ταῖς
2233 3793 2555 3863 ἐκκλησίαις
2586 3790 2731 3845 κατὰ
2760 3788 2977 3851 στάσιν,
3001 3782 3317 3853 εἰρηνεύειν
3351 3780 3446 3832 καὶ
3470 3773 3657 3863 αὐτοὺς

2086 3858 2501 3945 καὶῗκοινωνοὺς
2543 3877 2708 3934 εἶναι.
2747 3874 3165 3946 Ἀντιπράττειν
3195 3870 3239 3925 δ’
3268 3869 3531 3929 ἐθέλοντι,
3566 3858 3657 3915 καὶ

2087 3980 2285 4042 αὐτοὺς
2314 3977 2483 4048 ὁμόσε
2519 3974 2642 4028 κατ’
2665 3972 2879 4025 ἐκείνου
2910 3970 3113 4040 χωρεῖν
3138 3981 3153 3997 ⁸
3187 3965 3316 4019 ἑπεί
3338 3961 3422 4016 τοί
3541 3953 3657 4057 οὐδέ

2087 4077 2215 4135 τοὺς
2242 4071 2349 4140 πρό
2383 4070 2604 4123 ἐκείνων
2636 4065 2740 4120 ἀνά
2768 4063 2867 4135 τὴν
2900 4062 2976 4116 ἕω
3027 4060 3197 4130 ἱερεῖς
3221 4073 3235 4087 ·
3268 4052 3555 4128 Κορνηλίῳ
3581 4052 3656 4140 τῷ

2100 4138 2324 4234 Ῥώμης
2346 4161 2624 4214 ἀντειπεῖν
2652 4157 3013 4228 ἰσχυρίζοντο,
3033 4151 3274 4222 ὁπηνίκα
3302 4149 3398 4201 τὸν
3424 4138 3657 4239 πρεσϐύ-
3750 4236 3753 4239 Ι

2094 4230 2252 4325 τερον
2279 4230 2534 4307 Ναυᾶτον
2566 4251 2662 4318 τῆς
2693 4244 3021 4316 Ἐκκλησίας
3054 4241 3344 4313 ἐξήλαυνε.
3369 4236 3502 4307 Περὶ
3532 4230 3655 4325 μέν·

2089 4322 2176 4401 τοι
2204 4346 2314 4400 τῶν
2351 4345 2409 4397 ἑν
2443 4341 2651 4413 Νικαίᾳ
2699 4340 2853 4393 οὐδὲν
2885 4335 3155 4408 ἔγραψαν.
3192 4329 3450 4401 περιττὸν
3480 4322 3656 4378 εἰπόν-

417 4420 658 4491 majores
682 4435 875 4476 eorum
901 4432 1096 4479 contra
1112 4423 1429 4482 Cornelium
1466 4428 1652 4484 Romae
1667 4431 1978 4503 episcopum

2092 4454 2183 4502 τες
2216 4436 2479 4508 γράφειν,
2511 4434 2714 4503 καίπερ
2747 4431 2980 4484 πλεῖστα
3006 4428 3246 4497 ἔχοντες,
3277 4423 3314 4478 ἃ.
3341 4423 3409 4475 τὰ
3427 4418 3546 4523 τότε

415 4512 598 4567 conati
631 4512 839 4584 aliquid
874 4515 1102 4584 fuerint,
1144 4533 1268 4573 cum
1315 4519 1409 4575 ille
1446 4521 1717 4579 Novatum
1761 4527 1988 4598 presby-

421 4615 600 4659 terum
632 4603 876 4662 Ecclesia
901 4609 1289 4668 submovisset.
1306 4612 1380 4668 De
1405 4613 1572 4672 rebus
1602 4632 1730 4673 vero
1748 4618 1987 4676 Nicaenis

2094 4503 2376 4598 γενηνμένα
2411 4523 2802 4596 παραιτεῖσθαι
2858 4519 3176 4589 ἀναγκαίως
3209 4515 3419 4569 ἔπειθε.
3465 4503 3655 4561 Τοιάδε

2099 4621 2199 4690 μὲν
2228 4620 2279 4673 οἱ
2316 4620 2417 4690 τῆς
2451 4620 2528 4672 ἕω
2561 4618 2850 4671 ἑπίσκοποι
2886 4612 2964 4681 τῷ
3001 4610 3207 4680 Ἰουλίῳ
3237 4604 3510 4679 ἔγραψαν.

420 4697 560 4752 nihil
630 4699 982 4770 rescripsere,
1039 4703 1380 4773 superﬂuum
1442 4708 1497 4763 id
1564 4725 1685 4766 esse
1731 4713 2013 4781 arbitrati,
2057 4714 2273 4770 etiamsi
2340 4712 2575 4782 plurima
2623 4725 2746 4781 quae
2782 4707 3091 4764 scriberent
3123 4693 3654 4765 baberentzquibus

421 4806 520 4848 sua
547 4789 692 4847 facta
728 4793 1016 4850 commode
1045 4809 1307 4854 excusare
1355 4813 1598 4870 possent.
1665 4804 1725 4860 In
1789 4820 1910 4862 eam
1975 4807 2307 4864 sententiam
2332 4804 2640 4863 Orientales
2688 4800 2931 4873 episcopi
2959 4798 3029 4855 ad
3055 4796 3261 4853 Julium
3305 4794 3520 4850 litteras
3565 4786 3655 4841 de.

420 4890 571 4943 dere.

493 4903 571 4942 re.

459 4903 488 4944 Β
663 5044 675 5055 ,
933 4984 1098 5055 687
1133 4984 1358 5042 CAPUT
1391 4986 1479 5042 IX.

428 5072 492 5129 Ut
518 5044 809 5150 imperator
836 5044 1082 5150 Pnttjuvm-
1107 5091 1199 5150 per
1248 5076 1558 5150 Philippum
1587 5081 1892 5150 pra'fectum
1939 5082 1997 5135 in

496 5146 741 5199 exsilium
801 5146 890 5214 agi
942 5149 1205 5201 curaverit
1234 5188 1249 5212 ,
1303 5146 1672 5202 Macedoniam
1702 5146 1892 5204 'aulem
1940 5154 1996 5204 in

498 5217 683 5290 throno
731 5215 1056 5290 collocarit:
1109 5224 1159 5269 et
1215 5225 1275 5271 ut
1334 5216 1658 5274 Athanasius
1720 5221 1847 5290 fuga
1900 5223 1999 5274 sibi

494 5284 841 5338 consuluerit.

496 5396 820 5452 Constantio
868 5412 997 5453 vero
1065 5398 1382 5471 imperatori
1452 5401 1759 5459 Antiochia:
1811 5406 1994 5475 agenti

427 5490 753 5552 scribentes,
778 5488 902 5545 illos
924 5500 984 5544 ut
1011 5491 1303 5550 seditiosos
1329 5495 1580 5551 homines
1608 5511 1639 5550 a
1661 5512 1720 5551 se
1741 5497 2000 5566 expulsos

427 5598 569 5647 esse,
598 5590 729 5636 sunt
762 5583 1100 5640 calumniati.
1132 5584 1230 5641 Ille
1262 5586 1352 5642 ubi
1382 5586 1610 5643 Paulum
1643 5603 1999 5658 recuperasse

428 5671 607 5725 lucum
670 5686 830 5726 suum
863 5673 1094 5741 audivit,
1152 5676 1448 5732 admodum
1505 5677 1767 5733 ferociit:
1825 5688 1881 5735 et
1930 5680 1996 5735 ad

2703 4981 2955 5035 ΚΕΦΑΛ.
2984 4978 3041 5032 Θθ

2109 5079 2209 5143 Ὠς
2236 5080 2267 5131 ὁ
2283 5074 2586 5142 ,βασιλεὺς
2624 5074 2868 5128 Παῦλον
2886 5069 3277 5138 ἐξορισθῆναι
3310 5066 3409 5143 δεᾲ
3453 5060 3654 5143 «ﬁn/itif:

2168 5125 2323 5201 ξῖτονυΓ
2337 5125 3066 5213 ἠέᾶᾰρ-ίοῖὺίέποῖηὖζε
3090 5157 3104 5171 ο
3156 5125 3540 5213 ’Μακεδόνων
3590 5125 3653 5179 δὲ

2167 5217 2518 5284 ἐνεθρόνισε
2537 5231 2552 5247 ·
2782 5211 2851 5276 δὲ
2887 5207 3196 5282 ἐχρήσατο
3226 5207 3587 5267 Ἀθανάσιος.

2171 5403 2537 5471 Κωνσταντίῳ
2575 5400 2635 5454 δὲ
2674 5399 2755 5471 τῷ
2791 5396 3003 5470 βασιλεῖ
3032 5396 3153 5451 κατ’
3199 5395 3533 5462 Ἀντιόχειαν
3563 5379 3654 5441 τὰς

2099 5495 2388 5567 διατριϐάς
2435 5492 2751 5563 ποιουμένῳ
2804 5491 3110 5560 γράφοντες
3144 5485 3391 5543 διέϐαλον
3431 5482 3505 5539 ὡς
3535 5490 3655 5567 στα-

2102 5566 2318 5651 σιώδεις
2346 5588 2473 5652 τοὺς
2506 5586 2644 5657 πρὸς
2672 5583 2902 5638 ἐκείνων
2930 5578 3389 5651 ἐκϐεϐλημένους.
3419 5566 3653 5657 Πυθόμε-

2101 5698 2188 5745 νος
2218 5681 2273 5735 δὲ
2311 5680 2408 5736 καὶ
2439 5655 2652 5736 Παῦλον
2682 5677 2841 5745 αὖθις
2869 5675 3156 5748 εἰληφέναι
3184 5673 3276 5728 τὸν
3305 5668 3510 5743 Θρόνον,
3531 5655 3653 5724 ιοηα

500 5784 575 5851 ω)
626 5782 780 5837 Socr.
846 5784 941 5841 lib.
1007 5803 1066 5855 ll,
1125 5804 1245 5860 cap.
1315 5760 1669 5853 15;Sozom.
1739 5791 1833 5848 lib.
1897 5810 1976 5861 ιιι,
2020 5809 2138 5866 cap.
2180 5795 2234 5850 8.
