3990 6444
244 326 351 391 245

1208 332 1806 395 ECCLESIASTICE
1847 331 2234 394 HISTOBL‘E
2270 335 2414 397 LIB.
2452 334 2557 396 IX.

3415 330 3523 395 216

252 446 437 518 ριοῦτο
459 461 475 478 ο
519 445 613 500 καὶ
644 446 709 518 δὴ
740 448 945 519 γράφει
976 448 1055 519 τῷ
1086 445 1190 518 τῆς
1221 448 1435 511 πόλεως
1471 447 1700 518 ἐπάρχῳ
1735 446 1830 498 Φι-

1958 447 2252 519 >hilippum
2273 448 2428 504 urbis
2461 445 2805 518 praafectum,
2829 440 3129 500 secundam
3153 439 3221 497 ab
3240 397 3521 510 imperiali

251 537 460 608 λίππῳ,
494 538 756 609 δευτέραν
784 540 924 608 μετὰ
958 538 1184 611 βασιλέα
1213 532 1518 607 τηνικαῦτα
1548 537 1649 606 τὴν
1674 537 1830 607 ἰσχὺν

257 631 734 705 περιϐεϐλημένῳ,
773 631 987 687 Παῦλον
1030 631 1131 702 μὲν
1161 632 1417 698 ἐξελάσαι
1445 630 1548 700 τῆς
1593 630 1830 693 πόλεως,

258 724 575 795 Μακεδονίῳ
612 723 671 779 δέ
704 724 1048 796 παραδοῦναι
1094 724 1196 793 τὴν
1252 724 1610 794 Ἐκκλησίαν.
1639 722 1837 776 Φίλιπ-

260 834 359 879 πος
405 815 453 869 δ’
497 819 561 870 ἐκ
608 816 717 869 τῶν
767 816 899 887 πρὶν
950 818 1030 878 είς
1077 816 1421 886 Ἑρμογένην
1472 814 1835 887 πραχθέντων

268 908 495 979 σώφρων
525 908 840 978 γενόμενος,
876 909 976 971 τὰς
1002 907 1097 960 τοῦ
1127 908 1368 977 πλήθους
1412 909 1598 970 δείσας
1629 906 1832 978 ὁρμὰς,

264 1001 425 1073 τέχνη
457 1001 554 1070 τὴν
585 1001 787 1071 πρᾶξιν
812 1000 1165 1071 μετέρχεται.
1206 1000 1341 1071 Πρὶν
1371 1003 1481 1071 γὰρ
1515 1002 1574 1053 ἐν
1614 999 1837 1071 φανερῷ

264 1095 626 1161 καταστῆναι,
653 1093 730 1156 ὡς
778 1092 909 1164 περὶ
956 1091 1159 1146 κοινῶν
1188 1111 1351 1147 τινων
1384 1093 1837 1163 βουλευσόμενος,

265 1187 452 1241 ἐκάλει
481 1186 571 1238 τὸν
603 1184 816 1240 Παῦλον
847 1186 953 1240 ἀνὰ
982 1187 1076 1239 τὸν
1105 1186 1416 1249 Ζεύξιππον
1443 1203 1458 1218 °
1491 1186 1753 1256 δημόσιον
1781 1186 1837 1239 δὲ

264 1282 422 1334 τοῦτο
456 1280 700 1349 λουτρὸν,
750 1281 1053 1352 περιφανές
1080 1298 1140 1333 τε
1177 1280 1271 1334 καὶ
1308 1280 1566 1349 μέγιστον
1597 1320 1611 1345 ,
1636 1280 1664 1334 ὃ
1699 1280 1841 1334 Νου-

270 1374 450 1445 μέρων
469 1374 595 1444 ἔσχε
621 1373 813 1443 κλῆσιν
835 1372 1139 1427 είσέπειτα.
1159 1373 1263 1426 Τὸν
1285 1371 1362 1440 δὲ,
1394 1374 1533 1443 μετὰ
1554 1373 1722 1443 τιμῆς
1739 1374 1840 1444 τῆς

268 1466 655 1539 προσηκούσης
687 1466 913 1535 ἥκοντα,
941 1466 1010 1520 τὰ
1063 1465 1335 1536 βασιλέως
1367 1466 1680 1537 γράμματα
1706 1469 1840 1520 ἐπεο

267 1561 448 1615 δέίκνυ
483 1578 496 1591 ο
532 1561 625 1614 καὶ
655 1560 745 1615 διὰ
775 1560 885 1613 τῶν
923 1559 1213 1631 βασιλείων
1242 1559 1322 1631 τῷ
1355 1562 1637 1632 εἰρημένῳ
1666 1578 1844 1630 γειτο-

268 1653 501 1708 νούντων
543 1651 787 1726 λουτρῶν
816 1655 1074 1723 κατάγων
1100 1656 1181 1718 εἰς
1213 1653 1511 1719 θάλασσαν,
1540 1655 1844 1720 ἐπεϐίϐαζε

1939 551 2211 614 potestate
2238 542 2565 613 dignitatem
2611 548 2725 593 tum
2759 537 3133 600 obtinentem,
3177 533 3422 603 scripsit,
3459 541 3522 588 ut

1936 637 2107 692 Paulo
2138 637 2274 691 urbe
2303 636 2502 707 ejecto,
2556 631 2876 689 Macedonio
2922 628 3223 684 Ecclesiam
3258 625 3523 680 traderet.

1939 728 2228 799 Philippus
2252 743 2318 782 ex
2354 726 2719 797 Hermogenis
2748 739 2876 780 casu
2905 721 3121 777 cautior
3150 720 3352 782 factus,
3374 714 3524 786 quod

1937 820 2310 878 multitudinis
2344 820 2588 875 furorem
2631 826 2942 881 metueret,
2980 824 3098 870 arte
3133 812 3368 884 quadam
3410 824 3524 863 rem

1937 922 2023 969 est
2058 927 2369 984 aggressus.
2388 912 2718 981 Priusquam
2748 910 2895 963 enim
2930 923 2993 963 ea
3022 907 3362 975 vulgaretur,
3399 917 3527 972 per-

1942 1007 2069 1063 inde
2095 1006 2251 1077 quasi
2283 1005 2351 1060 de
2390 1004 2629 1075 publicis
2666 1000 3000 1073 quibusdam
3039 1000 3204 1055 rebus
3231 996 3526 1052 consilium

1942 1099 2256 1156 habiturus.
2283 1098 2509 1152 Paulum
2549 1095 2618 1150 ad
2654 1108 2712 1150 se
2762 1094 2817 1148 in
2848 1093 3192 1162 Zeuxippum
3227 1090 3394 1160 (quod
3423 1103 3529 1157 pu-

1941 1193 2147 1248 blicum
2179 1199 2236 1247 et
2284 1189 2503 1245 celebre
2551 1185 3066 1257 amplissimumque
3115 1191 3199 1237 est
3240 1182 3528 1240 balneum.

1942 1297 2131 1357 postea
2164 1284 2534 1340 Numerorum
2578 1279 3053 1350 cognominatum)
3090 1275 3330 1337 vocavit,
3369 1271 3532 1340 eique

1943 1378 2158 1434 decenti
2179 1391 2305 1433 cum
2335 1376 2545 1430 honore
2576 1370 2914 1432 advenienti.
2939 1365 3289 1437 imperatoris
3317 1365 3534 1429 litteras

1942 1469 2215 1527 exhibuit.
2264 1469 2345 1525 Ac
2397 1467 2680 1522 hominem
2739 1478 2838 1534 per
2893 1461 3157 1532 palatium
3219 1455 3530 1527 imperiale,

1943 1565 2145 1621 balneo
2167 1561 2590 1633 quod-diximus
2618 1558 2886 1620 vicinum,
2920 1553 2989 1608 ad
3023 1567 3176 1608 mare
3207 1549 3531 1610 deductum,

1944 1656 2271 1727 navigioque
2291 1652 2636 1724 impositum,
2670 1647 3125 1705 Thessalonicam
3155 1642 3308 1698 misit
3334 1655 3533 1710 :quam

271 1747 458 1819 πλοίῳ,
492 1750 583 1801 καὶ
619 1749 700 1812 είς
736 1747 1145 1820 Θεσσαλονίκην
1198 1748 1441 1819 κατῆγεν
1472 1764 1488 1781 ο
1546 1749 1614 1821 ἢν
1655 1749 1720 1822 δὴ
1752 1750 1845 1803 καὶ

1958 1749 2113 1806 etiam
2159 1744 2395 1819 patriam
2456 1743 2682 1805 habere,
2724 1752 2781 1797 et
2814 1755 2843 1795 a
2877 1737 3183 1810 majoribus
3236 1733 3359 1790 suis
3409 1729 3537 1785 inde

2019 1840 2031 1849 .
2134 1840 2148 1849 .
2465 1835 2502 1849 ..
2578 1834 2591 1849 .
2655 1844 2665 1849 -
2798 1827 3357 1849 ,πηωμηη-,ηη
3421 1831 3536 1849 ,ΛΜ

276 1841 509 1910 πατρίδα⁴
530 1840 696 1911 ἔχειν,
724 1841 819 1895 καὶ
841 1841 969 1904 τοὺς
990 1840 1293 1913 προγόνους
1319 1841 1533 1896 ἐκεῖθεν
1561 1843 1843 1913 ὁρμᾶσθαι

279 1933 506 2002 ἐλέγετο.
542 1935 647 1987 Καὶ
673 1933 773 2003 τὴν
814 1934 914 2001 μὲν
941 1933 1018 1987 Eoo
1048 1934 1367 1989 παντάπασι
1403 1935 1630 2004 φεύγειν
1675 1953 1844 1990 κατε-

276 2024 569 2094 ψηφίζετο·
616 2025 890 2096 Ἰλλυριῶν
916 2027 972 2081 δὲ
1008 2026 1103 2080 καὶ
1133 2027 1235 2097 τῆς
1265 2027 1456 2098 πρόσω
1483 2028 1590 2097 γῆς
1621 2028 1846 2082 ἐπιϐαίη

277 2135 405 2179 vam.
434 2121 494 2172 ἐν
542 2120 820 2191 ἐλευθερίᾳ
879 2120 1030 2192 πάσῃ
1090 2119 1392 2191 παρέσχεν.
1461 2122 1705 2176 Ἐκεῖθεν
1745 2123 1791 2175 δ’
1819 2125 1848 2177 ὀ

276 2209 513 2282 ἔπαρχος
543 2211 706 2280 ἐξιὼν
724 2213 952 2284 ¹σύναμα
973 2213 1052 2285 τῷ
1077 2214 1334 2269 δυσσεδεί
1360 2213 1702 2286 Μακεδονίῳ,
1724 2214 1850 2286 δρο-

277 2304 456 2373 μαίως
484 2307 563 2369 είς
600 2304 703 2377 tm
732 2306 1033 2376 ἐκκλησίαν
1068 2307 1411 2378 εἰσήλαυνον.
1455 2308 1529 2360 Τὸ
1556 2306 1614 2377 δὲ
1642 2305 1849 2376 πλῆθος

278 2393 583 2464 σύμμικτον
616 2395 677 2462 ἐξ
705 2397 966 2452 ἁπάντων
986 2382 1308 2465 δῖακοῦσαν,
1337 2400 1491 2470 παρὰ
1520 2400 1622 2469 τὴν
1652 2400 1851 2470 ἐκκλη-

1948 1840 2222 1897 oriundus
2268 1852 2391 1894 esse
2449 1834 2764 1890 dicebatur.
2798 1832 3105 1900 Eidemque
3132 1827 3360 1884 Oriente
3421 1831 3538 1878 toto

1946 1931 2304 1993 interdicens,
2361 1929 2417 1985 in
2446 1927 2660 1999 Illyrico
2708 1934 2766 1982 et
2823 1921 3184 1979 ulterioribus
3238 1918 3408 1977 terris
3452 1918 3537 1971 vi-

1947 2024 2113 2082 vendi
2145 2024 2378 2080 liberam
2416 2018 2669 2092 permisit
2721 2025 3077 2088 potestatem.
3124 2013 3427 2070 Praefectus
3472 2026 3540 2069 ex

1948 2135 2017 2177 eo
2048 2120 2191 2183 loco,
2220 2132 2326 2175 una
2351 2130 2479 2172 eum
2511 2113 2683 2183 impio
2712 2109 3073 2175 Macedonio,
3106 2107 3336 2163 incitato
3367 2120 3538 2160 cursu

1950 2212 2006 2271 in
2032 2210 2323 2268 ecclesiam
2376 2207 2461 2263 ire
2493 2202 2780 2262 contendit
2809 2218 2826 2256 :
2857 2209 2915 2257 et
2943 2197 3245 2255 multitudo
3274 2212 3343 2253 ex
3385 2196 3540 2252 omni

1952 2305 2239 2361 hominum
2273 2301 2470 2359 ordine
2505 2298 2690 2364 mista,
2722 2312 2786 2352 ea
2820 2310 2880 2351 re
2917 2293 3130 2359 audita,
3165 2308 3267 2363 pro
3291 2307 3352 2347 se
3383 2290 3542 2362 quis-

1951 2414 2061 2471 que
2086 2399 2267 2453 locum
2293 2404 2622 2464 antecapere
2650 2388 2945 2453 festinans,
2979 2387 3049 2442 ad
3084 2401 3207 2441 eam
3238 2385 3540 2440 ecclesiam

277 2488 401 2540 σίαν
428 2488 640 2554 ἐφοίτα,
667 2491 914 2544 σπεύδων
954 2491 1188 2556 ἕκαστος
1229 2493 1690 2564 προκαταλαϐεῖν,
1713 2496 1850 2563 ἄφα-

1958 2492 2217 2551 cucurrit.
2274 2487 2556 2546 Inuumeri
2609 2498 2858 2557 prorsus,
2907 2479 3003 2553 qui
3048 2496 3117 2536 eo
3166 2479 3540 2543 conﬂuebant,

274 2573 357 2626 τοι
404 2592 551 2640 τινες
596 2578 692 2632 καὶ
742 2578 982 2649 ἀριθμοῦ
1027 2582 1318 2652 κρείττους
1354 2584 1702 2655 συρρέοντες.
1738 2585 1852 2640 Καὶ

1958 2591 2131 2637 erant.
2193 2579 2265 2634 Et
2333 2575 2592 2632 militaris
2642 2587 2840 2629 manus
2873 2580 3087 2626 armata
3138 2570 3210 2626 ad
3268 2579 3542 2625 terrorem

276 2671 400 2741 χεὶρ
426 2669 484 2722 δὲ
518 2675 892 2744 στρατιωτικὴ
950 2674 1215 2744 ξιφήρης,
1261 2676 1380 2741 δέος
1428 2676 1741 2747 ἐμποιοῦσα
1774 2677 1852 2749 τῷ

1958 2673 2133 2745 plebis
2182 2669 2647 2741 consequebatur.
2678 2671 2860 2737 Atque
2914 2679 2978 2719 ea
3022 2663 3114 2720 ubi
3167 2663 3419 2734 proxime
3474 2665 3543 2718 ad

280 2762 475 2836 πλήθει
504 2766 828 2834 παρείπετο.
874 2768 1029 2821 Ἐπεὶ
1057 2769 1114 2825 δὲ
1147 2770 1382 2841 ἄγχιστα
1411 2771 1513 2840 τῆς
1544 2772 1853 2843 ἐκκλησίας

1958 2765 2244 2823 ecclesiam
2280 2762 2452 2827 venit,
2484 2774 2589 2816 nec
2621 2758 2673 2814 ei
2722 2754 3243 2826 accessus'propter
3293 2753 3546 2825 undique

270 2861 514 2939 ἐγένετο,
545 2861 776 2932 πάροδος
807 2861 863 2914 δὲ
892 2862 993 2915 οὐκ
1020 2859 1110 2931 ἦν,
1143 2863 1235 2917 τοῦ
1268 2864 1465 2918 πολλοῦ
1491 2865 1651 2937 ὄχλου
1678 2866 1855 2920 ἀπιν-

1958 2867 2383 2917 concurrentem
2425 2855 2642 2909 turbam
2668 2859 2885 2923 pateret
2915 2891 2930 2915 ,
2965 2848 3172 2905 milites
3200 2851 3252 2903 vi
3285 2848 3544 2903 homines

210 2970 222 2981 ·
278 2954 444 3023 ταχοῦ
482 2954 848 3024 περιθέοντος.
880 2955 1128 3025 ὠθισμὸς
1161 2960 1276 3021 τοῖς
1306 2960 1677 3029 στρατιώταις
1703 2960 1855 3016 ἐτολ-

1958 2953 2189 3022 rejicere
2236 2964 2333 3018 per
2383 2944 2668 3001 audaciam
2719 2948 3034 3013 coeperunt.
3069 2939 3210 2998 Cum
3269 2954 3404 2994 vero
3465 2939 3546 2994 illi

280 3048 420 3116 μᾶτο
453 3048 550 3101 σὺν
591 3045 700 3119 βίᾳ.
754 3047 844 3118 Μὴ
896 3048 1009 3101 οἵου
1070 3049 1125 3104 δὲ
1183 3051 1340 3115 ὄντος
1378 3028 1714 3116 συνιζάνειν
1758 3036 1852 3106 τοῦ

1958 3053 2183 3115 propter
2232 3038 2641 3096 multitudinem
2695 3033 2900 3104 Oppido
2947 3032 3003 3087 in
3038 3040 3334 3099 augustum
3386 3028 3551 3085 reda-

280 3137 523 3209 πλήθους
559 3139 636 3211 τῷ
674 3141 753 3203 είς
786 3140 1043 3193 πλεῖστον
1073 3144 1555 3214 στενοχωρεῖσθαι,
1591 3143 1855 3213 νομίσαν-

1960 3146 2129 3198 ctam.
2155 3134 2355 3192 cedere
2388 3139 2448 3186 et
2475 3128 2767 3185 considere
2817 3140 2928 3182 non
2973 3132 3223 3193 possent,
3283 3120 3547 3176 resistere

283 3251 368 3297 τες
399 3234 447 3286 οἱ
480 3233 811 3304 στρατιῶται
861 3234 924 3288 τὸ
972 3234 1180 3306 πλῆθος
1228 3236 1613 3304 ἀνθίστασθαι,
1641 3240 1737 3292 καὶ
1779 3238 1857 3308 μὴ

283 3326 570 3396 βούλεσθαι
592 3328 773 3382 ἑκοντὶ
793 3326 993 3382 διδόναι
1014 3327 1113 3399 τὴν
1141 3329 1332 3392 δίοδον,
1356 3333 1587 3399 γυμνοῖς
1615 3329 1858 3400 ἐχρῶντο

278 3424 391 3484 τοῖς
426 3420 639 3489 ξίφεσι,
686 3421 783 3473 καὶ
834 3423 913 3485 ὡς
968 3421 1331 3486 ἁντεπιόντας
1380 3421 1692 3490 ἠμύνοντο·
1761 3425 1858 3477 καὶ

283 3512 513 3577 πολλοὺς
545 3513 772 3578 τούτους
803 3514 878 3577 ὡς
910 3514 1058 3577 εἰκὸς
1081 3514 1465 3584 διεχρήσαντο.
1494 3514 1610 3568 Οὐκ
1639 3513 1861 3582 ὀλίγους

287 3608 472 3677 μέντοι
507 3606 605 3661 καὶ
631 3605 724 3659 ὑπ’
754 3606 1001 3675 ἀλλήλων
1027 3606 1520 3677 συμπατουμένους
1558 3606 1716 3674 λόγος
1741 3608 1862 3661 δια-

287 3698 605 3768 φθαρῆναι*
654 3697 731 3761 ὡς
783 3693 926 3752 εἶναι
982 3697 1043 3751 τὸ
1094 3697 1301 3768 πλῆθος
1355 3697 1465 3751 τῶν
1498 3698 1863 3769 ἀνῃρημένων

181 3839 185 3843 .
291 3791 432 3862 ὑπὲρ
468 3790 800 3861 τρισχιλίους
833 3791 1030 3844 ἐκατξν
1083 3792 1177 3842 καὶ
1206 3790 1576 3860 πεντήκοντα.
1608 3788 1863 3844 Μακεδὸ-

286 3902 397 3949 νεος
431 3883 489 3937 δὲ
531 3884 609 3946 ὡς
655 3884 865 3948 οὐδενὸς
913 3883 1110 3955 καιροῦ
1143 3883 1455 3953 γεγονότος,
1481 3882 1673 3954 ὥσπερ
1701 3900 1787 3946 τις
1817 3883 1864 3936 δ’

285 3976 460 4040 ἁθῶος
488 3976 587 4029 καὶ
620 3973 859 4046 καθαρὸς
891 3977 960 4027 τὰ
990 3974 1348 4043 ὲπιδατήρια,
1376 3972 1454 4037 ὼς
1481 3976 1545 4027 ἐκ
1577 3975 1863 4042 μαγγάνου

286 4071 451 4134 τινὸς,
485 4068 518 4140 ἦ
560 4066 680 4128 θεὸς
714 4068 775 4120 τὸ
807 4065 1109 4136 λεγόμενον
1141 4066 1250 4121 ἀπὸ
1285 4067 1565 4136 μηχανῆς,
1601 4067 1867 4137 ίεράρχης

285 4163 606 4228 ἀναφανεὶς,
639 4160 745 4214 ὑπὸ
776 4159 872 4213 τοῦ
906 4160 1153 4225 ἐπάρχου
1188 4157 1394 4228 μᾶλλον
1427 4158 1459 4226 ἢ
1496 4159 1641 4213 κατὰ
1673 4159 1742 4213 τὰ
1765 4160 1866 4229 τῆς

298 4253 635 4325 Ἐκκλησίας-
702 4251 869 4324 ἔθιμα
915 4251 1334 4324 ἐνθρονίζεται·
1385 4252 1482 4306 καὶ
1526 4250 1719 4307 τοῦτον
1774 4253 1867 4308 τὸν

1960 3245 2079 3296 eos,
2123 3227 2359 3292 milites,
2414 3236 2596 3293 neque
2645 3227 2842 3291 sponte
2890 3214 3185 3274 transitum
3220 3214 3354 3271 dare
3402 3212 3547 3269 velle

1962 3320 2197 3394 opinati,
2242 3316 2454 3375 strictis
2488 3313 2572 3369 usi
2623 3310 2847 3382 gladiis.
2873 3308 3048 3364 veluti
3082 3306 3425 3362 reluctantes
3453 3318 3546 3360 ce-

1963 3416 2169 3478 cidere,
2201 3411 2513 3480 multosque
2544 3407 2629 3479 (ut
2667 3403 2783 3460 [leri
2809 3400 2971 3473 solet)
2999 3401 3124 3456 neci
3163 3398 3391 3455 dedere.
3426 3397 3548 3453 Non
3595 3462 3605 3471 ,

1964 3508 2126 3580 pauci
2160 3504 2328 3561 etiam
2366 3502 2511 3558 inter
2535 3513 2595 3556 se
2626 3494 2940 3554 conculcati
2970 3502 3136 3564 atque
3168 3491 3344 3547 attriti
3377 3492 3552 3546 inter-

1965 3603 2096 3661 iisse
2124 3600 2406 3664 dicuntur,
2448 3596 2525 3651 ita
2566 3603 2627 3650 ut
2660 3591 2971 3650 occisorum
3012 3589 3175 3644 turba
3225 3589 3393 3643 trium
3424 3585 3549 3640 mil-

1964 3696 2101 3750 lium
2124 3702 2348 3749 centum
2369 3697 2425 3747 et
2452 3684 2853 3759 quinquaginta
2869 3696 3162 3738 numerum
3182 3679 3549 3751 superaverit.

1965 3788 2136 3861 688
2162 3785 2334 3841 Porro
2362 3779 2716 3840 Macedonius
2738 3819 2754 3845 ,
2787 3774 3019 3849 perinde
3049 3785 3215 3849 atque
3242 3772 3373 3827 novi
3407 3770 3552 3827 nihil

1967 3881 2173 3937 factum
2197 3885 2368 3940 esset.
2417 3884 2676 3944 tanquam
2710 3871 2978 3926 innocens
3006 3876 3072 3922 et-
3109 3880 3301 3935 purus,
3326 3864 3381 3918 in
3433 3863 3555 3932 epi-

1967 3973 2309 4033 bateriorum
2360 3968 2437 4041 (l)
2485 3963 2864 4032 introitusque
2912 3951 3551 4020 arcanioribus~sacri's,

1968 4067 2125 4139 quasi
2174 4081 2244 4122 ex
2288 4063 2472 4133 aliqua
2526 4056 2930 4128 praestigiarum
2982 4068 3148 4112 scena
3179 4050 3403 4123 aliquis,
3457 4060 3555 4105 aut

1970 4164 2106 4219 deus
2153 4156 2325 4231 (quod
2388 4153 2614 4224 dicitur)
2665 4167 2734 4207 ex
2781 4147 3062 4214 machina,
3124 4144 3195 4202 de
3250 4142 3556 4215 improviso

1969 4250 2266 4311 hierarcha
2314 4260 2608 4318 apparens,
2661 4259 2693 4300 a
2723 4241 2983 4313 prafecto
3032 4237 3244 4307 magis,
3291 4251 3456 4306 quam
3485 4248 3556 4289 ex

284 4323 510 4422 τρόπον,
547 4349 642 4402 καὶ
690 4323 1098 4401 διὰίτοσούτων
1150 4347 1351 4416 φόνων,
1378 4346 1407 4402 ὅ
1438 4363 1498 4399 τε
1530 4345 1855 4410 Μακεδόνιος

1973 4343 2232 4403 Ecclesiae
2263 4323 2689 4401 consuetudine,
2724 4333 2798 4390 ab
2825 4331 3215 4403 episcoporum
3245 4326 3447 4383 ordine
3500 4326 3557 4380 in

288 4417 383 4497 καὶ
419 4442 476 4496 Ἀ
489 4441 698 4511 ρειανοὶ
727 4439 823 4509 τὴν
854 4439 1156 4510 ἐκκλησίαν
1176 4439 1467 4509 κατέσχον.
1494 4438 1654 4494 Οὕτω
1681 4439 1739 4492 δὲ
1770 4440 1855 4493 καλ

1974 4438 2234 4492 thrOnum
2258 4438 2344 4487 est
2370 4427 2661 4484 deductus.
2685 4423 2767 4480 Ad
2797 4423 2946 4478 hunc
2970 4419 3216 4484 modum,
3250 4427 3308 4474 et
3338 4433 3436 4486 per
3459 4417 3560 4472 has

287 4535 317 4588 δ
351 4534 565 4597 Παῦλος
585 4533 688 4604 τὴν
717 4531 906 4587 ἄδικον
936 4531 1157 4601 ἐξορίαν
1182 4531 1498 4600 ὑφίσταται.
1539 4531 1855 4594 Ἀθανάσιος

1970 4526 2152 4584 caedes
2171 4521 2528 4581 Macedonius
2549 4529 2608 4575 et
2638 4517 2826 4576 Ariani
2853 4514 3159 4571 Ecclesiam
3191 4524 3555 4582 occupavere.

287 4627 343 4681 δέ
383 4628 485 4689 τὰς
518 4624 752 4687 ἀπειλὰς
797 4623 1192 4679 Κωνσταντίου
1225 4624 1438 4687 δείσας.
1472 4625 1621 4694 φυγῇ
1657 4622 1871 4694 χρησά-

292 4735 453 4788 μενος
485 4718 700 4787 ἀφανὴς
732 4711 824 4787 ἦν.
889 4714 1138 4771 ’Ππείλει
1169 4714 1280 4785 γὰρ
1336 4714 1490 4788 αὐτῷ
1546 4713 1740 4784 κόψειν
1769 4714 1871 4786 τὴν

292 4811 557 4884 κεφαλὴν,
584 4810 695 4864 τῶν
725 4806 1037 4863 ἐπιϐούλων
1066 4808 1142 4871 ὡς
1174 4807 1450 4874 στασιώδη
1483 4806 1832 4877 αἰτιωμένων
1855 4821 1868 4835 ·

295 4907 382 4958 καὶ
397 4904 471 4967 ὡς
492 4905 560 4973 τῇ
579 4900 748 4955 αὑτοῦ
770 4900 851 4965 είς
872 4900 973 4970 τὴν
996 4898 1299 4969 ἐκκλησίαν
1317 4899 1383 4952 ἐκ
1414 4896 1636 4968 Ῥώμης
1658 4897 1871 4967 εἰσόδῳ,

292 4996 428 5050 πολὺ
486 4992 848 5066 ωμπατηθέν
899 4990 1185 5062 ἐτεθνήκει
1239 4989 1468 5060 πλῆθος.
1523 4989 1782 5044 Μάλιστα
1826 4987 1874 5043 δ’

294 5088 588 5162 ἀνηρέθισε
619 5087 810 5142 τοῦτον
834 5085 1179 5155 συκοφαντία
1203 5085 1271 5156 ἢν
1289 5086 1341 5137 οἱ
1366 5085 1424 5149 ἐξ
1461 5084 1681 5153 Ἀρείου
1707 5082 1876 5151 ἐγρά-

292 5183 468 5252 ψαντο
488 5197 502 5212 ⁸
550 5181 628 5243 ὡς
665 5180 752 5250 εῐη
783 5179 845 5233 τὸ
875 5178 987 5233 τῶν
1022 5179 1259 5249 πτωχῶν
1293 5176 1629 5247 σιτηρέσιον,
1659 5173 1688 5229 δ
1719 5176 1876 5228 Κων-

298 5278 575 5340 σταντῑνος
600 5277 628 5328 ὁ
662 5272 845 5346 πατὴρ
874 5272 973 5327 τοῦ
1003 5270 1342 5343 κρατοῦντος
1373 5272 1489 5331 τοῖς
1516 5273 1575 5325 ἐν
1618 5268 1734 5322 Ἀλε
1747 5268 1875 5333 ξαν-

294 5369 454 5441 δρείᾳ
503 5369 742 5439 πτωχοῖς
791 5363 887 5432 εἰς’
929 5366 1234 5437 διατροφὴν
1286 5362 1549 5417 ἐθέσπισε
1602 5361 1872 5425 δίδοσθαι,

296 5464 516 5530 πωλῶν,
568 5463 665 5516 καὶ
717 5458 1221 5531 ἐξαργυριζόμενος
1280 5457 1628 5521 Ἀθανὰσιος.
1660 5455 1876 5509 Εἰδέναι

302 5555 485 5624 μέντοι
519 5552 718 5626 χρεὼν,
767 5553 842 5616 ὡς
890 5550 1017 5607 καθ’
1070 5551 1130 5605 δν
1179 5553 1374 5622 καιρὸν
1410 5550 1512 5622 τὴν
1569 5544 1876 5619 ἱερωσύνην

301 5647 565 5719 κατέσχεν
595 5648 625 5700 δ
673 5646 1031 5712 Μακεδόνιος,
1063 5645 1456 5711 Κωνστάντιος
1490 5647 1589 5716 τὴν
1626 5640 1874 5715 μεγάλην

382 5823 455 5891 tl)
490 5821 874 5881 lnvestituram
910 5839 1057 5881 nunc
1084 5833 1300 5881 vocant.

1975 4620 2056 4677 lta
2080 4617 2245 4674 etiam
2277 4611 2481 4670 Paulus
2507 4610 2685 4665 solum
2716 4606 2891 4677 iniqui
2919 4603 3101 4661 exsilii
3131 4601 3307 4674 gratia
3338 4608 3559 4657 vertere

1974 4719 2058 4767 est
2106 4714 2352 4766 coactus.
2398 4700 2735 4758 Athanasius
2788 4706 2971 4753 autem
3003 4694 3313 4752 Constantii
3377 4692 3561 4748 minas

1974 4803 2208 4867 veritus,
2240 4800 2364 4869 fuga
2393 4795 2496 4853 sibi
2523 4793 2817 4850 consulens
2848 4788 3143 4861 disparuit.
3172 4787 3309 4844 Nam
3338 4786 3433 4843 ille
3472 4800 3564 4840 ca-
3616 4836 3617 4839 η

1976 4895 2093 4967 pile
2148 4894 2204 4948 in
2254 4904 2384 4948 eum
2436 4902 2496 4943 se
2552 4884 3074 4942 animadversurum
3108 4878 3559 4943 denuntiaverat,
3609 4942 3616 4954 Δ

1976 4964 2126 5062 quod
2150 4988 2556 5045 obtrectatores
2583 4982 2704 5054 ejus
2750 4987 2807 5036 et
2842 4976 3197 5035 insidiatores
3223 4989 3352 5030 eum
3383 4983 3446 5029 ut
3473 4986 3564 5028 se-
3608 4964 3611 4971 ’

1977 5084 2241 5141 ditiosum
2293 5078 2632 5142 detulerant,
2678 5073 2860 5130 reditu
2892 5072 3014 5142 eius
3042 5084 3111 5124 ex
3134 5067 3274 5124 urbe
3309 5068 3559 5123 Romana

1978 5178 2034 5233 in
2061 5174 2376 5239 ecclesiam,
2410 5166 2821 5225 multitudinem
2854 5164 3135 5234 ingentem
3179 5158 3559 5216 conculcatam

1978 5267 2256 5323 interiisse
2281 5263 2600 5332 allegantes.
2635 5255 2872 5313 Maxime
2920 5268 3055 5309 vero
3082 5248 3472 5309 Constantium
3502 5246 3559 5301 in

1975 5375 2104 5419 eum
2140 5359 2466 5414 incitaverat
2510 5350 2787 5407 calumnia
2817 5347 2886 5402 ab
2913 5346 3131 5403 Arianis
3158 5344 3210 5399 ei
3265 5343 3558 5401 intentata,

1976 5452 2147 5508 veluti
2170 5460 2444 5505 annonam
2480 5455 2809 5515 pauperum,
2831 5453 2996 5509 quam
3027 5432 3376 5506 imperatoris
3401 5439 3558 5501 pater

1976 5541 2373 5602 Constantinus
2428 5523 2796 5599 Alexandriae,
2835 5532 2889 5586 in
2936 5542 3240 5601 egenorum
3297 5525 3557 5579 alimenta

1978 5628 2439 5701 distribuendam
2473 5632 2751 5693 sanxerat,
2809 5619 3144 5678 Athanasius
3191 5613 3556 5680 vendidisset,
