3990 6478
448 310 555 374 ΞΠ

1666 319 1711 378 Ν
1726 322 2087 383 lCEPHORl
2146 323 2488 385 CALLIS’I‘I

3596 324 3690 388 2'8

451 439 616 500 atque
641 428 694 483 in
729 429 1020 499 pecuniam
1055 423 1374 499 redegisset.
1408 429 1823 485 Observandum
1863 432 2024 500 illud,

2154 435 2436 505 μκλλησίαν
2473 437 2775 507 οἰκοδομῶν
2805 433 2896 509 ἦν,
2948 439 2982 510 ἢ
3038 440 3209 508 Σοφία
3260 439 3688 512 προσηγορεύθη,

449 536 517 575 ea
550 529 797 590 tempore
843 537 953 591 quo
980 521 1331 576 Macedonius
1368 523 1745 591 episcopatum
1800 525 2024 595 recepit,

451 613 833 668 Constantium
882 629 1130 685 magnam
1185 614 1474 669 ecclesiam
1526 615 1851 682 absolvisse,
1907 633 2029 687 quae

455 705 644 772 Σοφία,
681 703 983 775 Sapientia,
1042 707 1326 761 nominata
1387 721 1510 761 est:
1545 711 1789 778 proxime
1830 710 1897 764 ad
1931 725 2033 765 σοι

454 796 768 862 gnominem
805 797 929 853 Paci
976 798 1268 854 ecelesiain
1312 800 1411 868 (1),
1437 815 1599 868 quam
1633 800 2028 857 Constantinus

454 888 761 944 Constantii
794 899 970 959 pater,
998 906 1122 945 cum
1155 889 1310 961 prius
1336 896 1531 960 exigua
1558 892 1774 958 fuisset,
1806 894 1871 948 ad
1906 909 2029 949 eam

2136 528 2375 597 ἄγχιστα
2401 530 2496 580 τοῦ
2528 530 2630 596 τῆς
2659 531 2899 601 Εἰρήνης
2942 530 3239 601 ἐπωνύμου
3272 531 3434 586 ναοῦ·
3462 534 3526 604 ἢν
3551 533 3579 585 δ
3603 532 3689 585 τοῦ

2137 619 2402 689 βασιλέως
2448 620 2635 691 πατὴρ
2688 624 3126 688 Κωνσταντῖνος,
3160 622 3426 695 βραχεῖαν
3452 619 3611 678 οὖσαν
3636 624 3692 676 τὸ

2138 698 2430 783 πρότερον,
2462 713 2556 765 ἐπὶ.
2586 714 2648 766 τὸ
2704 713 2800 767 νῦν
2848 715 3130 786 ὁρώμενον
3167 716 3399 786 μέγεθος
3427 716 3654 787 ηὔξησεν
3677 732 3692 747 ο

2136 804 2212 867 ώς
2252 805 2573 876 συμϐαίνειν
2607 808 2677 861 τὰ
2714 808 2999 880 κράσπεδα
3043 808 3155 863 τῶν
3185 810 3280 863 δύο
3322 808 3528 862 τούτοιν
3568 809 3694 863 νεῶν

2141 899 2554 967 προσεγγίζειν,
2588 903 2685 955 καὶ
2712 904 2793 965 εἰς
2820 902 2917 956 ἕνα
2943 903 3122 956 δοκεῖν
3151 899 3290 955 εἶναι
3327 920 3395 955 πε
3408 902 3629 973 ρίόολον.

453 988 616 1043 etiam
648 1002 772 1057 quae
798 1003 947 1042 nunc
984 990 1229 1043 cernitur
1258 988 1678 1059 amplitudinem
1710 989 1967 1058 perduxit
2004 1006 2017 1042 :
2061 989 2134 1044 ita
2182 1000 2241 1047 ut
2306 993 2544 1049 duorum
2580 996 2810 1052 istorum
2886 999 3215 1068 templorum
3263 1014 3375 1053 ora:
3419 1000 3696 1068 eontiguae,

455 1100 705 1156 unusque
738 1084 977 1140 ambitus
1006 1092 1060 1139 et
1090 1086 1232 1140 muri
1249 1101 1373 1142 esse
1401 1086 1712 1141 videantur.

1081 1201 1311 1257 CAPUT
1343 1202 1410 1257 X.

456 1292 727 1365 Quomodo
759 1292 935 1365 Julius
964 1292 1235 1347 Romanus
1284 1296 1520 1364 pontifex
1555 1295 1814 1365 episcopis
1848 1294 2038 1349 Orien-

526 1364 717 1436 talibus
743 1364 1037 1436 scripserit,
1065 1375 1121 1415 ut
1145 1368 1497 1426 mitterentur,
1513 1367 1603 1435 qui
1625 1383 1721 1436 pro
1736 1364 2036 1436 Athanasio

526 1442 573 1504 et
624 1431 796 1486 Paulo
842 1435 1105 1504 rationein
1156 1437 1475 1500 redderent;
1526 1431 1575 1487 et
1611 1431 1725 1504 ()th
1769 1435 2040 1503 scripserit

528 1503 839 1556 Constantio
870 1502 1030 1572 fratri
1056 1503 1351 1557 Occidentis
1392 1502 1681 1571 imperator
1729 1504 1987 1559 Constans
2018 1521 2035 1557 :

530 1583 580 1624 et
618 1574 895 1641 quomodo,
938 1575 1028 1638 qui
1067 1590 1135 1626 ea:
1168 1574 1380 1628 Oriente
1413 1576 1469 1626 in
1497 1576 1715 1628 Italiam
1759 1584 2032 1639 venerant,

526 1644 697 1697 aliam
725 1642 850 1711 ﬁdei
875 1647 1197 1715 vulgaverint
1226 1647 1624 1713 expositionem.

531 1755 708 1811 Jniius
758 1756 1015 1810 Romana:
1070 1756 1221 1810 urbis
1267 1758 1558 1826 episcoims
1605 1757 1829 1822 litteris,
1897 1771 2036 1825 quas

463 1846 731 1901 Eusebius
778 1855 906 1901 ante
959 1847 1172 1900 obitum
1224 1862 1383 1901 suum
1433 1857 1626 1901 contra
1675 1848 2037 1902 Athanasium

465 1941 783 2005 scripserat,
833 1938 1064 2004 aliisque
1090 1954 1228 2007 quas
1261 1939 1296 1991 ii
1346 1941 1438 2008 qui
1479 1939 1787 1994 Antiochiae
1841 1954 2040 1995 conve-

466 2040 656 2083 nerant
715 2030 955 2093 dedere,
1015 2039 1179 2100 atque
1228 2032 1351 2086 aliis
1413 2048 1607 2087 rursus
1671 2033 2041 2103 quorumdam

462 2121 838 2191 {Egyptiorum
875 2123 1283 2191 episcoporum,
1311 2124 1571 2177 ementita
1602 2138 1728 2179 esse
1774 2125 2042 2179 adversus

462 2214 820 2266 Athanasium
854 2214 1040 2267 omnia
1073 2213 1507 2273 declarantibus.
1549 2215 1744 2284 eisque
1786 2215 1867 2270 sic
1902 2216 2042 2270 inter

464 2319 522 2354 se
560 2302 965 2370 pugnantibus,
1001 2303 1238 2371 acceptis
1260 2340 1275 2365 ,
1312 2302 1672 2358 Antioclienis
1703 2305 1815 2359 illis
1841 2305 2041 2359 rescri-

467 2396 620 2456 bens,
658 2395 908 2462 epistula:
962 2410 1155 2448 eorum
1202 2406 1545 2464 arrogantem
1592 2408 1646 2451 et
1696 2398 2042 2468 praefractam

464 2484 794 2539 sententiam
831 2486 1078 2555 coarguit
1112 2496 1209 2541 :et
1236 2488 1382 2555 quod
1425 2489 1661 2544 latenter
1694 2494 1933 2561 aggressi
1956 2507 2045 2545 es-

463 2585 606 2639 sent,
637 2586 827 2632 contra
859 2578 1082 2632 decreta
1106 2577 1348 2642 Nicena,
1383 2579 1543 2634 (idem
1569 2596 1775 2635 novare
1801 2591 1857 2635 et
1889 2581 2045 2636 adul-

467 2679 667 2724 terare.
703 2669 995 2734 Praeterea,
1029 2670 1177 2741 quod
1228 2684 1428 2739 praeter
1454 2672 1883 2729 ecclesiasticam
1911 2690 2045 2731 con-

466 2763 843 2828 suetudinem,
897 2779 955 2818 se
983 2779 1204 2835 quoque
1229 2766 1283 2820 in
1315 2765 1587 2836 synodum
1620 2781 1815 2823 vocare
1867 2768 2043 2823 inter-

469 2858 767 2911 misissent.
824 2858 1054 2912 Exstare
1100 2858 1251 2912 enim
1299 2857 1734 2913 ecclesiasticum
1775 2875 2043 2916 canonem

464 2948 635 3019 689
675 2950 1063 3005 auctoritatem
1112 2964 1334 3005 omnem
1399 2953 1482 3004 eis
1541 2952 1855 3019 abrogans,
1893 2957 2046 3023 [quat

467 3052 668 3111 praeter
708 3041 940 3096 Romani
986 3042 1251 3096 antistitis
1296 3042 1628 3097 sententiam
1685 3054 1903 3112 peracta
1951 3060 2043 3100 es-

2741 1207 2786 1260 K
2798 1208 2990 1262 ΕΦᾹΛ.
3043 1206 3090 1265 l'.

2153 1297 2248 1362 Ὠς
2276 1299 2309 1350 d
2354 1296 2582 1366 Ῥώμης
2652 1297 2906 1364 Ἰούλιος
2957 1299 3083 1364 τοῖς
3112 1299 3279 1366 ἑῴοις
3307 1297 3429 1354 τῶν
3473 1297 3706 1352 ἐπισκό-

2213 1382 2342 1421 πων
2399 1368 2649 1436 ἔγραψε,
2711 1368 3064 1435 πεμφθῆναί
3115 1387 3286 1433 τινας
3335 1371 3522 1436 λόγον
3563 1367 3706 1436 ὑπὲρ

2227 1439 2588 1491 Ἀθανασίου
2630 1437 2730 1489 καὶ
2794 1440 3041 1492 Παύλου
3077 1440 3426 1504 δώσοντας·
3474 1438 3569 1493 καὶ
3599 1440 3704 1491 ὅσα

2214 1508 2441 1576 ἔγραψε
2479 1510 2878 1573 Κωνστίιγτίῳ
2925 1510 3003 1573 τῷ
3051 1508 3292 1577 ἀδελφῷ
3323 1513 3354 1562 ό
3389 1507 3505 1562 τῶν
3539 1510 3708 1561 ἑσπε-

2211 1580 2363 1641 ρίων
2394 1579 2696 1641 ,βασιλεὺς
2724 1579 3013 1643 Κώνστας
3038 1596 3051 1611 ο
3088 1582 3187 1633 καὶ
3219 1580 3310 1632 ὅτι
3349 1584 3401 1632 οἱ
3434 1579 3706 1643 ἐλθόντες

2215 1647 2426 1735 ἑτέραν
2452 1648 2702 1701 ἔκδοσιν
2720 1649 2981 1715 πίστεως
3005 1651 3460 1719 ὑπηγόρευσαν.

2231 1762 2448 1827 Ἰούλιος
2478 1762 2534 1815 δέ
2563 1765 2591 1816 ὁ
2629 1763 2850 1833 Ῥώμης
2875 1764 3196 1828 ἐπίσκοπος,
3230 1763 3311 1837 τὰν
3336 1763 3459 1817 κατ’
3494 1762 3709 1815 Ἀθανα-

2147 1856 2264 1906 σίου
2314 1854 2614 1924 δεξάμενος
2647 1857 2977 1925 γράμματα,
3026 1855 3062 1909 ἃ
3115 1854 3411 1926 προλαϐὼν
3460 1854 3707 1917 Εὐσέῦιος

2146 1948 2385 2016 ἔγραψεν
2413 1988 2428 2010 ,
2464 1946 2544 2001 ἔτι
2573 1948 2629 1999 δὲ
2665 1950 2758 2000 καὶ
2786 1947 2820 2001 ἃ
2851 1949 2898 2000 οἱ
2932 1951 2989 2001 ἐν
3030 1948 3338 2018 Ἀντιοχείᾳ
3372 1948 3708 2010 συνελθόντες

2143 2040 2472 2093 ἀπέστειλαν
2498 2082 2514 2106 ,
2564 2041 2730 2110 ἕτερα
2759 2042 2804 2094 δ’
2837 2037 2996 2105 αὖθις
3026 2043 3178 2109 παρά
3211 2059 3377 2095 τινων
3405 2041 3709 2110 Αἰγυπτίων

2146 2134 2482 2196 ἐπισκόπων,
2518 2132 2690 2202 ψευδῆ
2724 2134 2791 2186 τὰ
2824 2136 2965 2187 κατὰ
3011 2133 3338 2187 Ἀθανασίου
3372 2130 3512 2186 εἶναι
3542 2134 3709 2185 πάντα

2146 2226 2469 2280 διδάσκοντα
2497 2243 2511 2259 ’
2545 2228 2640 2280 καὶ
2688 2226 2952 2280 ἐναντίων
3005 2226 3148 2280 οὕτω
3207 2228 3710 2297 καταπεμπομένων

2145 2320 2517 2388 γραμμάτων,
2559 2318 2779 2382 Ἰούλιος
2814 2320 3170 2389 ἀντιγράφων
3203 2320 3307 2390 μὲν
3335 2322 3471 2392 πρὸς
3508 2323 3632 2385 τοὺς
3657 2319 3712 2385 ἐξ

2159 2408 2496 2478 Ἀντιοχείας
2527 2409 2966 2474 ἐπιστείλαντος,
2992 2408 3250 2479 διήλεγχε
3286 2411 3349 2464 τὸ
3383 2412 3481 2479 τῆς
3512 2413 3712 2463 ἐπιστο-

2146 2502 2245 2571 λῆς
2269 2502 2446 2555 αὐτῶν
2470 2502 2707 2572 ἐπαχθές
2729 2519 2787 2555 τε
2812 2503 2908 2556 καὶ
2930 2498 3167 2566 αὔθαδες
3186 2521 3199 2533 ·
3226 2504 3322 2557 καὶ
3347 2506 3422 2566 ὡς
3446 2503 3708 2575 λαθραίως

2147 2594 2298 2664 παρὰ
2327 2595 2395 2647 τά
2427 2596 2487 2647 ἐν
2535 2595 2745 2665 Νικαίᾳ
2789 2595 3093 2664 δεδογμένα
3134 2596 3485 2666 νεωτερίζειν
3517 2597 3711 2665 ἐπιχει-

2150 2686 2308 2760 ροῦσι
2337 2687 2434 2740 καὶ
2463 2687 2915 2758 παραχαράττειν
2939 2687 3037 2756 τὴν
3069 2686 3255 2740 πίστιν
3278 2704 3295 2719 ο
3328 2688 3410 2742 ἔτι
3439 2688 3495 2742 δὲ
3528 2687 3615 2742 καὶ
3641 2685 3712 2753 ὥς

2147 2781 2300 2850 παρὰ
2331 2780 2393 2832 τὸ
2423 2779 2875 2848 ἐκκλησιαστικὸν
2903 2779 3023 2839 ἔθος
3049 2779 3372 2849 πράττουσι,
3400 2779 3474 2850 μὴ
3504 2780 3597 2833 καὶ
3615 2776 3707 2830 αύ-

2146 2875 2237 2928 τὸν
2261 2876 2340 2940 είς
2364 2873 2462 2945 τὴν
2484 2873 2703 2928 σύνοδον
2739 2873 3094 2943 κεκληκότες.
3114 2867 3270 2926 Εἶναι
3288 2872 3400 2945 γὰρ
3438 2870 3715 2943 ἐκκλησια-

2150 2968 2332 3022 στικὸν
2348 2964 2596 3039 [κανόνα]
2615 2965 2797 3036 ἄκυρα
2820 2966 3190 3037 διοριζόμενον
3208 2961 3370 3030 εἶναι,
3391 2967 3488 3021 ὅσα
3507 2964 3571 3036 δὴ
3591 2980 3717 3033 πρα-

2148 3057 2305 3127 χθείη
2358 3058 2514 3126 παρὰ
2562 3054 2793 3125 γνώμην
2826 3056 2919 3108 τοῦ
2962 3055 3252 3127 Ῥωμαίων
3284 3056 3609 3110 ἐπισκόπου.
3640 3052 3715 3107 τὰ

466 3142 589 3185 sent
609 3133 708 3202 (ﬂ).
729 3133 990 3197 Rursum,
1014 3133 1164 3204 quod
1201 3134 1255 3187 in
1287 3134 1452 3189 rebus
1472 3150 1609 3204 quas
1644 3135 1699 3190 in
1734 3135 1878 3207 Tyro
1910 3137 2046 3191 urbe

2154 3145 2199 3199 δ’
2224 3147 2283 3198 ἐν
2308 3144 2473 3215 Τύρῳ
2499 3145 2595 3197 καὶ
2621 3143 2700 3213 τῷ
2720 3144 3001 3216 Μαρεώτῃ
3027 3145 3402 3215 πεπραγμένα
3423 3144 3498 3215 μὴ
3524 3147 3579 3198 ἐν
3601 3141 3718 3213 δίκῃ

466 3237 524 3280 et
562 3226 802 3280 Mat-eote
860 3227 1255 3294 decrevissent,
1299 3242 1407 3282 non
1458 3227 1702 3297 legitime
1728 3232 2051 3301 [processis-

468 3329 616 3383 scut,
669 3320 1032 3390 inquisitione
1088 3321 1348 3378 videlicet
1381 3339 1488 3377 una
1514 3332 1726 3379 tantum
1773 3335 2049 3394 praesente

467 3422 626 3481 parte
655 3413 817 3467 facta.
866 3413 1085 3469 Arsenii
1130 3424 1309 3470 autem
1350 3431 1572 3470 manum
1604 3414 1819 3485 liquido
1873 3431 2048 3485 appa-

475 3515 713 3572 rentem,
745 3514 987 3575 apertam
1040 3507 1451 3576 sycotihantiam
1497 3523 1640 3573 esse,
1674 3508 1759 3562 eis
1819 3507 2048 3578 objecit.

479 3600 544 3652 Et
577 3598 877 3651 secundum
905 3613 967 3652 ea
999 3599 1203 3664 omnia,
1236 3614 1454 3667 atquum
1501 3614 1625 3655 esse
1662 3612 1721 3654 ut
1749 3598 2052 3654 Athanasio

475 3703 532 3745 et
559 3691 728 3748 Paulo
758 3691 1170 3757 subveniretur,
1197 3690 1601 3747 intulit.'Brevi
1646 3705 1884 3757 namque
1905 3702 2049 3763 post,

481 3784 679 3838 Paulus
737 3799 957 3854 quoque
991 3784 1315 3841 Corinthum
1364 3801 1425 3841 se
1483 3786 1566 3840 ire
1616 3785 1968 3853 assimulans,
1997 3788 2053 3842 in

478 3877 688 3931 Italiam
714 3878 884 3941 venit,
916 3887 971 3932 et
1005 3892 1193 3934 casum
1236 3893 1398 3933 suum
1445 3878 1821 3934 miserandum
1847 3881 1900 3934 in
1934 3894 2056 3935 mo-

478 3976 610 4022 dum
636 3969 963 4039 deploravit.
986 3971 1476 4026 Verumeniinvero
1506 3971 1597 4027 ubi
1629 3971 1811 4027 Julius
1832 3973 2055 4043 scriptis

478 4064 594 4116 suis
629 4062 770 4131 apud
802 4061 1111 4117 Orientales
1163 4065 1451 4133 episcopos
1484 4064 1620 4119 nihil
1656 4064 1860 4133 eﬂ‘ecit,
1891 4065 2089 4124 Occi-.

480 4154 665 4207 «lentis
714 4154 1103 4224 imperatorem
1160 4154 1636 4220 Constantem,de
1666 4157 1835 4213 rebus
1884 4158 2055 4212 Atha-

478 4244 619 4297 nasii
648 4253 702 4299 et
730 4243 884 4298 Pauli
932 4243 1226 4298 certiorem
1274 4243 1427 4298 fecit.
1457 4244 1558 4309 Qui
1605 4244 1658 4300 ei
1680 4247 1846 4301 etiam
1879 4246 2053 4309 adito,

478 4339 699 4394 Arianae
726 4336 979 4392 factionis
1001 4336 1258 4391 subdolas
1284 4335 1508 4390 fraudes
1523 4352 1864 4407 exposuere:
1884 4339 2057 4409 patris

482 4432 762 4487 mentione
796 4432 965 4494 illata,
1014 4438 1073 4483 ut
1108 4430 1201 4483 ille
1242 4429 1641 4483 oecumenicam
1674 4439 1732 4485 et
1768 4432 2055 4488 universa-

480 4525 587 4577 lem
640 4520 910 4592 synodum
966 4519 1227 4587 coegerit,
1261 4517 1774 4588 constitutioneque
1826 4519 2052 4574 decreta

483 4616 635 4670 illius
667 4614 977 4678 stabilierit,
1020 4611 1326 4667 referentes
1349 4648 1362 4669 .
1394 4618 1450 4664 et
1488 4625 1615 4664 eum
1646 4610 1717 4665 ad
1765 4620 2054 4681 paternam

466 4708 885 4763 'icmulationem
915 4700 1340 4760 consectandum
1378 4706 1751 4760 cohortantes.
1778 4703 2059 4761 Constans

408 4842 425 4867 ,γ
482 4801 650 4856 rebus
684 4800 766 4855 eis
808 4797 1063 4868 cognitis,
1109 4810 1293 4849 casum
1319 4812 1511 4850 eorum
1553 4799 1799 4852 virorum
1830 4796 2058 4851 calami—

411 4892 421 4920 ί
485 4903 652 4946 tatem
677 4906 830 4947 suam
875 4902 1099 4960 prorsus
1124 4903 1245 4944 esse
1286 4891 1542 4960 putavit:
1596 4901 1653 4944 et
1701 4889 1770 4944 ad
1829 4888 2055 4943 fratrem

414 4978 419 4983 ’
484 4985 754 5049 scribens,
774 4998 899 5038 eum
931 4982 1216 5037 admonuit
1243 5024 1257 5049 ,
1296 4992 1352 5037 ut
1382 4992 1623 5052 paterna:
1656 4982 1938 5053 religionis
1969 4983 2058 5037 in-

484 5085 803 5143 corruptam
823 5074 1198 5143 integramque
1217 5082 1460 5128 servaret
1483 5088 1751 5129 normam.
1768 5074 1864 5129 ille
1887 5072 2057 5140 enim,

487 5169 687 5237 inquit,
711 5182 841 5221 vera
869 5167 1072 5236 pietate
1102 5166 1335 5235 imperio
1357 5167 1627 5233 stabilito,
1651 5176 1764 5221 tum
1799 5177 2058 5236 tyrannos

484 5258 767 5313 Romanos
802 5259 1027 5314 omnino
1080 5260 1326 5319 sustulit.
1383 5269 1498 5313 tum
1550 5260 1819 5313 barbaros
1871 5258 2060 5313 hostes

488 5352 847 5407 circumcirca
883 5351 1103 5406 devicit.
1143 5350 1481 5421 Signiﬁcavit
1536 5351 1714 5405 eidem
1761 5351 1927 5405 etiam
1953 5391 1967 5413 ,
2003 5358 2062 5403 ut

490 5454 603 5497 tres
628 5457 696 5497 ex
720 5441 944 5498 Oriente
968 5442 1022 5497 in
1038 5440 1390 5521 Occidentem
1423 5443 1778 5497 mitterentur
1794 5440 2059 5511 episcopi,

569 5622 644 5692 (ι)
679 5608 972 5690 Sapientiae
1017 5622 1107 5676 Dei
1157 5621 1446 5690 templum,
1476 5618 1623 5692 quod
1670 5618 2063 5675 Constantinus

494 5690 603 5753 non
628 5690 893 5759 perfecit.
922 5695 1107 5761 (Supr.
1138 5693 1235 5746 lib.
1270 5706 1368 5750 vit.
1402 5705 1523 5755 cap.
1562 5690 1674 5759 49.)

566 5764 644 5831 ξε)
673 5766 982 5819 Auctoritas
1039 5763 1268 5817 Romani
1322 5761 1563 5829 episcopi
1606 5777 1618 5811 :
1655 5761 1726 5831 μὴ
1768 5761 1879 5813 δεῖν
1917 5764 2063 5827 παρὰ

2151 3237 2509 3307 γεγενῆσθαι,
2564 3236 2909 3306 μονομεροῦς
2959 3239 3200 3308 τυχόντα
3247 3237 3354 3307 τῆς
3407 3236 3715 3304 ἐξετάσεως.

2153 3330 2266 3399 Τὴν
2291 3329 2349 3382 δέ
2391 3327 2675 3399 ’Λρσενίου
2700 3330 2860 3399 χεῖρα
2889 3329 3265 3398 συκοφαντίαν
3295 3327 3552 3400 προφανῆ
3575 3328 3718 3394 ἐλεγ-

2153 3420 2373 3489 χθῆναι.
2420 3420 2538 3487 Ἐφ’
2568 3418 2743 3473 ἅπασι
2775 3418 2832 3471 δέ
2865 3420 3068 3488 συνῆγε
3094 3419 3307 3473 δίκαιον
3332 3417 3473 3474 εἶναι
3505 3417 3719 3471 Ἀθανα-

2157 3509 2257 3578 σίῳ
2286 3510 2383 3561 καὶ⁸
2413 3508 2616 3579 Παύλῳ
2649 3511 2717 3562 τὰ
2753 3509 2998 3578 μάλιστα
3039 3508 3276 3579 βοηθεῖν.
3331 3509 3466 3563 Μετ’
3495 3509 3553 3561 ού
3589 3504 3715 3559 πολῦ

2155 3600 2265 3667 γὰρ
2298 3599 2395 3651 καὶ
2430 3598 2642 3662 Παῦλος
2678 3601 2759 3662 είς
2794 3600 3066 3670 Κόρινθον
3095 3601 3314 3665 ἀπᾶραι
3353 3598 3716 3670 σκηψάμενος,

2156 3690 2237 3752 εἰς
2277 3689 2514 3743 Ἰταλίαν
2568 3689 2809 3758 ἐγένετο,
2857 3692 2953 3744 καὶ
2997 3689 3069 3743 τὰ
3100 3691 3393 3760 συμϐάντα
3422 3692 3469 3743 ot
3499 3685 3716 3757 οἰκτρῶς

2156 3780 2505 3852 ἁπωδύρατο.
2544 3781 2634 3843 Ὦς
2660 3781 2717 3834 δέ
2753 3782 2923 3853 μηδὲν
2948 3782 3080 3852 ἦνυε
3107 3783 3342 3851 γράφων
3376 3780 3592 3841 Ἰούλιος
3612 3777 3717 3836 τοῖς

2156 3870 2315 3942 ἑῴοις
2364 3873 2474 3926 τῶν
2533 3873 2872 3937 ἐπισκόπων,
2920 3872 3002 3942 τῷ
3053 3873 3166 3925 τῶν
3202 3873 3481 3942 ἐσπερίων
3520 3866 3719 3939 βασιλεῖ

2157 3965 2479 4019 Κώνσταντι
2531 3963 2669 4034 δῆλα
2704 3964 2878 4017 ἐποίει
2938 3965 3008 4017 τά
3066 3963 3211 4017 κατὰ
3245 3964 3460 4017 Παῦλον
3488 3959 3717 4031 δηλονότι

2158 4059 2257 4113 καὶ
2309 4057 2632 4113 Ἀθανάσιον
2654 4072 2669 4088 ·
2700 4058 2750 4110 οἳ
2783 4057 2880 4109 καὶ
2917 4056 3212 4118 συστάντες
3240 4056 3438 4125 ἐκείνῳ
3460 4093 3476 4119 ,
3506 4053 3600 4114 τὰς
3625 4049 3716 4118 τῆς

2171 4154 2521 4222 Ἀρειανικῆς
2569 4154 2851 4219 φάλαγγος
2898 4150 3357 4221 δραματουργίας
3398 4149 3714 4213 κατέλεγον’

2158 4244 2253 4298 τοῦ
2295 4244 2504 4315 πατρός
2532 4261 2589 4297 τε
2620 4244 2954 4314 ἐμέμνηντο,
2994 4243 3091 4295 καὶ
3138 4242 3204 4313 ἢν
3235 4243 3446 4303 ἐκεῖνος
3478 4240 3718 4304 οἱκουμε-

2160 4335 2319 4405 νικὴν
2360 4334 2684 4405 συνήθροισε
2740 4331 2982 4394 σύνοδον,
3012 4335 3071 4384 ἐν
3118 4332 3267 4401 μέσῳ
3319 4331 3601 4400 παρῆγον·
3634 4323 3718 4377 καὶ

2160 4431 2238 4493 ὡς
2285 4426 2436 4497 νόμῳ
2478 4426 2548 4479 τὰ
2585 4426 2815 4479 ἐκείνων
2866 4422 3136 4496 ἐκράτυνε
3160 4440 3175 4455 ·
3204 4424 3302 4475 καὶ
3357 4424 3448 4476 τὸν
3479 4416 3718 4486 πατρῷον

2160 4519 2319 4589 ζῆλον
2348 4517 2646 4573 ἀναλαϐεῖν
2675 4518 2929 4586 ἤπειγον.
2986 4516 3045 4568 '0
3080 4515 3137 4567 δέ
3170 4512 3334 4581 γνοὺς
3362 4513 3437 4576 ὡς
3467 4513 3631 4565 οἰκεῖα
3660 4505 3718 4558 τὰ

2160 4613 2304 4666 κατὰ
2332 4613 2459 4676 τοὺς
2510 4611 2715 4674 ἄνδρας
2769 4609 3037 4679 ἄντικρυς
3089 4608 3325 4677 ἔπασχε,
3357 4608 3455 4659 καὶ
3487 4594 3719 4665 τάδε).φῷ

2161 4702 2393 4772 γράφων
2418 4697 2655 4770 παρῄνει
2687 4700 2785 4767 τῆς
2822 4696 3086 4766 πατρῴας
3117 4695 3426 4765 θρησκείας
3456 4692 3719 4759 ἀκήρατον

2164 4793 2461 4864 φυλάττειν
2490 4794 2588 4844 τὸν
2634 4791 2789 4860 ὅρον.
2829 4792 3072 4852 Ἐκεῖνος
3106 4789 3217 4858 γὰρ
3272 4786 3546 4855 εὐσεδείᾳ,
3574 4779 3716 4850 φησὶ.

2160 4887 2262 4956 τὴν
2290 4886 2468 4955 ἀρχὴν
2503 4885 2803 4953 κρατύνας,
2852 4881 2980 4945 τούς
3012 4898 3073 4934 τε
3118 4880 3406 4950 Ῥωμαίων
3441 4875 3717 4945 τυράννους

2164 4982 2230 5049 τῇ
2262 4976 2503 5048 ἀφανείᾳ
2536 4975 2845 5045 παρέδωκε,
2897 4975 2992 5029 καὶ
3027 4973 3135 5027 τῶν
3187 4972 3376 5043 κύκλῳ
3441 4966 3717 5041 βαρϐάρων

2162 5069 2534 5139 περιεγένετο.
2579 5067 2803 5137 Ἐδήλου
2831 5067 2887 5120 δὲ
2911 5072 3009 5119 καὶ⁵
3036 5067 3186 5135 τρεῖς
3211 5064 3545 5122 ἐπισκόπους
3570 5057 3626 5121 ἐξ
3651 5054 3717 5106 ἓω

2165 5162 2489 5234 πεμφθῆναι
2520 5162 2683 5229 λόγον
2732 5161 3009 5222 δώσοντας
3058 5160 3190 5228 περὶ
3230 5159 3329 5228 τῆς
3360 5152 3717 5223 καθαιρέσεως

2179 5256 2505 5311 Ἀθανασίου
2540 5256 2635 5310 καὶ
2668 5253 2911 5308 Παύλου.
2942 5255 3051 5307 Καὶ
3076 5252 3390 5320 ἐκλέγονται
3417 5249 3463 5302 Ν
3480 5255 3716 5316 ἀρκισσος

2166 5352 2194 5403 ὀ
2234 5348 2649 5420 Εἰρηνοπόλεως
2691 5346 2793 5414 τῆς
2839 5345 3097 5408 Κιλικίας
3131 5346 3449 5408 ἐπίσκοπος,
3482 5339 3572 5392 καὶ
3600 5333 3712 5387 Θεό-

2166 5440 2340 5510 δωρος
2371 5440 2398 5491 ὁ
2444 5436 2750 5507 Περίνθιος,
2782 5438 2880 5489 καὶ
2924 5437 2955 5489 ὁ
3008 5436 3107 5506 τὴν
3145 5434 3467 5506 Ἀρέθουσαν
3497 5429 3591 5498 τῆς
3619 5425 3716 5477 Eoo

2166 5616 2395 5688 γνώμην
2431 5616 2526 5671 τοῦ
2566 5615 2868 5688 ἐπισκοπου
2910 5608 3467 5688 Ῥώμης-κανονίζειν
3512 5602 3609 5673 τὰς
3631 5600 3715 5653 ὲκε-

2169 5683 2414 5758 metu.
2448 5687 2677 5756 (Socrat.
2712 5686 2807 5741 lib.
2849 5700 2909 5748 ll,
2940 5699 3058 5755 cap.
3093 5683 3207 5749 i7.)
