3990 6448
265 272 375 384 σιξ)

1231 335 1842 400 ECCLESIASTIC/E
1883 336 2280 403 HISTORIA!
2318 345 2472 407 LIB.
2507 343 2613 408 IX.

3438 342 3547 404 25-0

270 438 397 504 ρίας
433 437 751 493 ἐπισκοπῶν
795 440 1019 514 Μάρκος
1044 458 1061 475 ⁸
1097 444 1149 497 οἳ
1182 449 1277 501 καὶ
1306 450 1388 515 είς
1426 450 1660 505 Ἰταλίαν
1685 453 1855 521 ἀφιγ-

1986 455 2053 523 ιυί
2091 457 2365 512 rationem
2416 456 2486 513 de
2513 434 2800 511 Athanasii
2825 465 2882 511 el
2911 456 3063 511 Pauli
3088 457 3548 512 exauctoratione

273 528 451 597 μένοι,
480 530 700 584 ἔπειθον
736 532 959 603 βασιλέα
988 537 1206 591 δικαίαν
1238 537 1379 597 εἶναι
1405 542 1514 596 τῶν
1547 545 1633 597 ἐπ’
1665 545 1855 608 αὐτοῖς

273 624 694 693 πεπραγμένων
720 626 820 699 τὴν
843 629 1023 699 ψῆφον
1049 647 1064 662 ο
1095 635 1190 686 καὶ
1216 636 1333 699 τοῖς
1358 638 1492 708 περὶ
1527 636 1858 694 Ἀθανάσιον

271 718 353 779 εἰς
382 714 576 783 λόγους
607 716 784 773 ὲλθεῖν
813 721 875 773 οὐ
905 723 1279 793 προσήκαντο.
1316 726 1471 780 Ἐπεὶ
1500 728 1559 781 δὲ
1586 729 1683 783 καὶ
1705 731 1858 794 ὅπως

277 808 627 864 πιστεύουσιν
657 809 1013 881 ὲξητάζοντο,
1041 816 1237 888 ἑτέραν
1262 819 1414 890 παρὰ
1439 821 1537 891 τὴν
1559 824 1617 877 ἐν
1652 822 1864 877 Ἀντιο-

280 902 401 974 χείᾳ
446 903 805 975 συνθέμενοι,
852 906 1155 962 ἐπιδιδοῦσι
1190 909 1269 981 τῷ
1314 912 1664 982 Κώνσταντι,
1715 916 1860 972 οὕτω

279 997 415 1050 κατὰ
451 996 602 1068 ῥῆμα
635 998 943 1065 διεξιοῦσαν
967 1017 981 1031 ·
1009 1021 1027 1054 t
1064 1002 1411 1073 Πιστεύομεν
1441 1010 1523 1070 είς
1567 1008 1665 1062 ἕνα
1698 1009 1859 1078 Θεὸν,

280 1089 500 1161 Πατέρα
551 1095 995 1164 παντοκράτορσι,
1051 1096 1279 1169 κτίστην
1316 1100 1414 1153 καὶ
1462 1105 1698 1173 ποιητὴν
1751 1104 1863 1158 τῶν

281 1183 500 1236 πάντων
518 1199 532 1215 '-
556 1183 617 1250 ἐξ
645 1177 707 1237 οὗ
740 1188 896 1240 πᾶσα
925 1191 1134 1261 πατριὰ
1156 1191 1214 1244 ὲν
1238 1193 1458 1265 οὐρανῷ
1486 1197 1582 1248 καὶ
1620 1195 1717 1250 ἐπὶ
1753 1199 1861 1268 γῆς

278 1275 643 1345 ὀνομάζεται·
682 1280 779 1332 καὶ
829 1281 910 1342 είς
950 1282 1043 1333 τὸν
1090 1285 1356 1355 μονογενῆ
1404 1286 1575 1341 αὐτοῦ
1612 1288 1744 1342 Υίὸν
1770 1289 1864 1344 τδν

280 1365 487 1436 Κύριον
517 1367 673 1437 ἡμῶν
715 1368 922 1440 Ἰησοῦν
944 1372 1202 1444 Χριστὸν,
1231 1375 1323 1430 τὸν
1354 1378 1462 1448 πρὸ
1493 1379 1712 1434 πάντων
1749 1381 1859 1436 τῶν

283 1458 499 1513 αἰώνων
546 1462 611 1514 ὲκ
657 1461 752 1515 τοῦ
789 1464 1006 1532 Πατρὸς
1032 1455 1392 1538 γεννηθέντα,
1432 1470 1571 1526 Θεὸν
1602 1472 1669 1525 ἑκ
1698 1472 1860 1542 Θεοῦ,

284 1553 401 1620 φῶς
429 1554 493 1604 ὲκ
524 1553 725 1618 φωτός,
754 1554 822 1608 δι’
849 1546 912 1609 οὗ
942 1557 1161 1625 ἐγένετο
1195 1559 1264 1613 τὰ
1295 1560 1478 1616 πάντα
1514 1563 1573 1617 ὲν
1621 1566 1738 1628 τοῖς
1767 1566 1864 1618 οὐ-

284 1644 462 1707 ρανοῖς
489 1646 582 1695 καὶ
615 1645 708 1698 ἐπὶ
734 1648 829 1716 τῆς
855 1648 983 1716 γῆς,
1013 1650 1083 1702 τά
1116 1668 1173 1704 τε
1206 1654 1378 1723 ὁρατὰ
1412 1656 1504 1707 καὶ
1533 1655 1603 1708 τὰ
1625 1657 1864 1728 ἀόρατα*

286 1736 460 1804 Λόγον
505 1737 632 1791 ὅντα
683 1740 779 1792 καὶ
810 1742 1002 1809 σοφίαν
1045 1745 1139 1797 καὶ
1169 1746 1404 1813 δύναμιν
1440 1750 1536 1802 καὶ
1572 1749 1744 1819 ζωὴν,
1773 1753 1866 1806 καὶ

288 1827 400 1895 φῶς
421 1829 675 1897 ἀληθινόν
696 1845 711 1860 ·
743 1833 836 1884 τὸν
861 1833 947 1886 ἐπ’
982 1834 1219 1903 ἐσχάτου
1243 1838 1353 1891 τῶν
1378 1842 1600 1911 ἡμερῶν
1620 1843 1691 1894 δι’
1713 1845 1864 1912 ἡμᾶς

296 1920 790 1993 ὲνανθρωπήσαντα
820 1925 915 1977 καὶ
941 1928 1276 1995 γεννηθέντα
1307 1932 1372 1983 ἐκ
1397 1933 1497 2001 τῆς
1522 1935 1684 2001 ἁγίας
1718 1937 1867 2005 Παρ-

293 2013 440 2068 θένου
462 2028 476 2044 ⁸
507 2014 598 2067 τὸν
649 2016 1038 2086 σταυρωθέντα
1075 2021 1168 2073 καὶ
1199 2023 1547 2077 ἀποθανόντα
1572 2042 1585 2056 ·
1622 2029 1719 2080 καὶ
1766 2046 1867 2080 τα-

290 2105 453 2174 φέντα
488 2108 582 2159 καὶ
614 2108 928 2163 ἀναστάντα
963 2114 1033 2165 ἐκ
1081 2115 1295 2184 νεκρῶν
1326 2120 1393 2187 τῇ
1425 2119 1588 2191 τρίτῃ
1640 2121 1864 2191 ἡμέρᾳ·

289 2199 379 2249 καὶ
409 2198 770 2269 ἀνεληλυθότα
802 2201 881 2263 εἰς
913 2201 1043 2265 τοὺς
1072 2203 1360 2272 οὐρανοὺς,
1405 2207 1500 2259 καὶ
1533 2207 1869 2279 καθεσθέντα

288 2291 345 2348 ὲν
377 2291 526 2361 δεξιᾷ
556 2292 648 2345 τοῦ
690 2293 927 2363 Πατρὸς,
963 2299 1057 2347 καὶ
1093 2297 1397 2366 ἐρχόμενον
1449 2301 1543 2352 ἐπὶ
1577 2302 1871 2373 συντελείᾳ

286 2382 396 2435 τῶν
448 2386 657 2437 αἰώνων
709 2387 893 2453 κρῖναι
927 2387 1137 2451 ζῶντας
1188 2390 1283 2441 καὶ
1317 2392 1573 2460 νεκροὺς,
1604 2394 1696 2447 καὶ
1728 2395 1869 2446 ἀπο-

282 2474 469 2528 szwat
502 2477 714 2544 ἑκάστῳ
750 2479 895 2532 κατὰ
926 2479 996 2531 τὰ
1031 2479 1171 2550 ἔργα
1205 2482 1371 2535 αὐτοῦ
1400 2499 1414 2512 ·
1458 2484 1518 2537 οὖ
1552 2486 1582 2555 ἡ
1618 2485 1872 2556 βκσιλεία

286 2570 716 2634 ἁκατάπαυστος
778 2569 913 2624 οὖσα
970 2571 1221 2641 διαμένει
1269 2577 1350 2638 είς
1409 2577 1538 2640 τοὺς
1602 2579 1870 2646 ἀπείρους

285 2660 494 2722 αἰῶνας
516 2674 531 2691 ο
584 2661 735 2716 ἔσται
765 2662 877 2732 γὰρ
914 2663 1292 2731 καθεζόμενος
1324 2668 1382 2720 ὲν
1413 2667 1566 2741 δεξιᾷ
1612 2672 1706 2724 τοῦ
1759 2673 1872 2726 Πα-

286 2752 418 2818 τρῦς
446 2750 506 2802 οὐ
541 2750 700 2820 μόνον
726 2753 786 2804 ὲν
837 2752 917 2823 τῷ
960 2756 1124 2808 αἰῶνι
1172 2757 1372 2829 τούτῳ,
1416 2759 1550 2814 ἀλλὰ
1580 2760 1676 2813 καὶ
1701 2762 1761 2813 ὲν
1790 2761 1871 2832 τῷ

292 2843 562 2912 μέλλοντι’
603 2847 701 2898 καὶ
724 2847 806 2911 είς
841 2846 905 2900 τὸ
934 2847 1163 2919 Πνεῦμα
1192 2849 1254 2902 τὸ
1285 2849 1465 2920 ἅγιον,
1495 2854 1744 2910 τουτέστι
1779 2857 1873 2909 τὸν

292 2935 648 3007 Παράκλητον
673 2954 689 2969 ο
716 2938 855 3008 ὅπερ
881 2940 1357 3013 ἐπαγγειλάμενος
1380 2949 1498 3008 τοῖς
1526 2949 1870 3015 ἀποστόλοις,

294 3029 433 3097 μετᾶ
465 3030 564 3099 τὴν
596 3031 680 3095 είς
708 3032 979 3104 οὐρανοὺς
1015 3035 1183 3089 αὐτοῦ
1232 3035 1420 3091 ἄνοδον
1466 3040 1759 3095 ἀπέστειλε
1789 3042 1872 3095 διες

1958 556 2317 614 exponerent.
2366 549 2449 604 Ad
2498 548 2551 602 id
2595 548 2797 603 delecti
2845 558 2975 603 sunt
3030 548 3323 604 Narcissus
3360 549 3550 603 lreno-

1960 640 2101 709 polis
2133 641 2371 707 Ciliciae,
2408 642 2739 698 Theodorus
2764 642 3037 707 Perinthi,
3067 650 3126 696 et
3162 642 3376 696 Marcus
3408 639 3553 695 Arc-

1963 731 2138 788 thusae
2162 731 2335 805 Syria:
2362 733 2631 804 episcopi.
2661 733 2765 799 Qui
2823 733 2880 787 in
2922 734 3136 788 Italiam
3184 749 3312 788 cum
3358 732 3550 787 venis-

1961 835 2105 888 sent,
2128 825 2449 895 imperatori
2479 826 2766 882 Constanti
2794 827 2999 895 justam
3048 841 3191 892 esse,
3214 841 3338 896 qua:
3356 833 3550 881 contra

1962 917 2090 973 illos
2117 918 2225 973 lata
2253 917 2464 985 fuerat,
2492 918 2824 973 sententiam
2856 919 3195 988 persuadere
3230 918 3551 972 voluerunt.

1963 1010 2023 1065 ln
2052 1010 2336 1066 Athanasii
2371 1027 2501 1066 vero
2525 1012 2860 1081 colloquium
2886 1012 3077 1067 venire
3110 1026 3224 1067 non
3268 1010 3554 1065 sustinue-

1964 1114 2118 1161 runt.
2149 1104 2321 1159 Porro
2347 1102 2441 1159 ubi
2485 1104 2555 1159 de
2587 1104 2713 1159 fidei
2753 1119 2946 1159 eorum
2996 1105 3214 1159 ratione
3260 1103 3551 1173 quasitum

1964 1203 2069 1261 est,
2112 1195 2277 1249 aliam
2328 1195 2469 1265 ejus,
2506 1210 2672 1264 quam
2725 1210 2848 1265 qua:
2885 1193 3195 1249 Antiochiae
3246 1192 3552 1262 composita

1965 1300 2084 1344 erat
2136 1288 2425 1344 Constanti
2478 1287 2774 1342 formulam
2827 1285 3118 1349 obtulere,
3171 1284 3324 1339 hisce
3367 1283 3557 1339 verbis

1966 1396 2330 1452 expressam:
2386 1400 2404 1433 t
2433 1380 2729 1437 Credimus
2779 1380 2832 1433 in
2870 1393 3042 1432 unum
3078 1378 3249 1431 Deum
3276 1414 3293 1440 ,
3338 1376 3555 1430 Patrem

1967 1475 2429 1546 omnipotentem,
2484 1482 2791 1531 creatorem
2849 1480 2907 1526 et
2958 1469 3225 1525 factorem
3268 1469 3559 1523 universo-

1968 1583 2092 1623 rum
2123 1586 2137 1622 :
2178 1584 2245 1623 ex
2278 1583 2390 1638 quo
2420 1567 2606 1622 omnis
2630 1564 2934 1636 paternitas
2967 1563 3021 1617 in
3062 1561 3205 1618 coelo
3232 1569 3289 1617 et
3322 1561 3376 1614 in
3410 1568 3562 1615 terra

1969 1661 2309 1715 nominatur.
2339 1660 2407 1715 Et
2432 1663 2485 1714 in
2506 1658 2853 1727 unigenitum
2885 1656 3006 1727 ejus
3033 1655 3233 1709 Filium
3265 1652 3560 1708 Dominum

1971 1762 2223 1808 nostrum
2271 1753 2460 1809 Jesum
2516 1752 2819 1812 Christum,
2852 1759 2980 1804 ante
3027 1747 3213 1802 omnia
3254 1745 3451 1800 sarcula
3494 1758 3564 1798 ex

1974 1847 2130 1900 Patre
2181 1846 2451 1913 genitum,
2489 1845 2662 1898 Deum
2696 1843 2763 1897 de
2797 1842 2933 1905 Deo,
2985 1839 3171 1893 lumen
3201 1836 3270 1889 de
3329 1835 3561 1897 lumine,

1970 1938 2139 2007 690
2177 1950 2273 2004 per
2301 1951 2466 2005 quem
2518 1936 2661 1988 facta
2705 1944 2835 1988 sunt
2874 1930 3062 1988 omnia
3115 1930 3169 1983 in
3206 1928 3364 1983 caelis
3403 1937 3463 1982 et
3510 1929 3565 1979 in

1973 2041 2143 2091 terra,
2172 2027 2409 2082 visibilis
2442 2027 2604 2083 simul
2641 2037 2698 2082 et
2741 2023 3045 2081 invisibilia
3075 2039 3090 2076 :
3146 2020 3391 2077 Verbum
3422 2019 3571 2072 exsi-

1972 2132 2230 2186 stentem,
2262 2132 2318 2175 et
2347 2122 2698 2191 sapientiam,
2731 2129 2786 2173 et
2820 2118 3081 2173 virtutem
3109 2158 3124 2183 ,
3154 2124 3213 2173 et
3248 2113 3418 2167 vitam
3440 2152 3454 2175 ,
3506 2121 3565 2165 et

1972 2214 2160 2270 lumen
2198 2229 2411 2267 verum.
2445 2214 2550 2280 Qui
2588 2213 2641 2265 in
2666 2222 2919 2266 extremo
2954 2211 3171 2265 dierum
3204 2213 3435 2280 propter
3472 2217 3571 2256 nos

1973 2306 2139 2360 hom'e
2184 2307 2384 2373 factus,
2416 2316 2471 2360 et
2502 2317 2683 2359 'natus
2712 2315 2794 2360 est
2825 2322 2893 2360 ex
2935 2304 3159 2374 Virgine
3210 2311 3423 2358 sancta.
3456 2295 3564 2370 Qui

1973 2400 2292 2460 crucifixus.
2318 2409 2374 2453 ct
2407 2410 2680 2464 mortuus,
2720 2408 2776 2453 et
2829 2398 3083 2467 sepultus
3114 2406 3200 2451 cst
3236 2411 3251 2450 :
3281 2404 3339 2450 et
3382 2411 3573 2451 resur-

1976 2493 2118 2547 rexit
2147 2509 2213 2547 ex
2239 2493 2475 2546 mortuis
2532 2493 2693 2546 tertia
2749 2491 2859 2557 die,
2888 2502 2942 2545 et
2997 2490 3243 2544 ascendit
3277 2489 3333 2543 in
3372 2490 3568 2552 caelos,

1974 2595 2030 2640 et
2053 2585 2303 2639 consedit
2337 2584 2390 2637 in
2428 2583 2621 2636 dextra
2654 2584 2837 2637 Patris
2860 2625 2876 2648 ,
2912 2591 3188 2637 venturus
3222 2582 3277 2636 in
3308 2596 3572 2636 consum-

1976 2676 2220 2730 matione
2249 2674 2586 2729 saeculorum
2613 2673 2679 2727 ad
2704 2673 3073 2744 judicandum
3115 2674 3272 2728 vivos
3317 2680 3374 2727 et
3419 2687 3570 2725 mor-

1976 2778 2122 2833 tuos,
2154 2778 2211 2823 et
2267 2749 2612 2822 reddendum
2663 2767 2968 2837 unicuique
3028 2766 3334 2822 secundum
3400 2778 3574 2834 opera

1974 2878 2095 2917 sua.
2125 2861 2296 2933 Cujus
2329 2877 2560 2929 regnum
2616 2859 3036 2914 interminatum
3088 2859 3147 2913 in
3185 2857 3400 2913 infinita
3448 2872 3576 2927 per-

1977 2963 2163 3010 manet
2209 2954 2431 3009 saacula.
2462 2952 2686 3008 Sed-:bit
2732 2965 2971 3021 namque
3027 2951 3082 3005 in
3119 2950 3317 3006 dextra
3365 2950 3568 3014 Patris,

1979 3064 2086 3103 non
2107 3048 2286 3101 solum
2313 3046 2367 3099 in
2401 3045 2605 3099 saeculo
2626 3044 2905 3113 praesenti,
2939 3042 3033 3098 sed
3057 3043 3225 3098 etiam
3260 3042 3317 3097 in
3349 3042 3564 3097 futuro.

289 3121 447 3186 δὰξαι
472 3124 565 3176 καὶ
590 3124 906 3196 ὑπομνῆσαι
929 3130 1109 3181 πάντα
1136 3145 1148 3159 ·
1180 3129 1247 3181 δι’
1271 3128 1335 3183 οὗ
1369 3133 1464 3185 καὶ
1496 3133 1866 3206 άγιασθήεονι-

1986 3142 2042 3196 Et
2066 3142 2117 3194 in
2154 3138 2419 3208 Spiritum
2460 3146 2735 3201 sanetum,
2772 3137 2879 3191 hoc
2901 3145 2985 3191 est
3004 3136 3347 3190 Paracletum
3373 3150 3575 3205 :quem

290 3233 383 3269 ται
411 3219 466 3271 at
494 3218 607 3272 τῶν
634 3219 947 3292 εἰλικρινῶς
981 3224 1062 3286 είς
1098 3223 1262 3278 αὐτὸν
1290 3229 1747 3281 πεπιστευκότων
1773 3229 1876 3297 ψυ-

293 3308 409 3379 χαί.
446 3309 587 3375 Τοὺς
619 3312 676 3364 δὲ
705 3311 966 3382 λέγοντας
1002 3313 1063 3380 ἐξ
1112 3318 1214 3370 οὐκ
1258 3317 1430 3371 ὄντων
1457 3318 1549 3372 τὸν
1578 3319 1783 3391 Υίδν,ῆ
1815 3322 1876 3387 ἐξ

296 3402 487 3473 ἑτέρας
520 3405 891 3472 ὑποστάσεως,
918 3407 1013 3460 καὶ
1051 3407 1129 3478 μὴ
1194 3409 1260 3463 ἐκ
1317 3409 1479 3475 Θεοῦ,
1525 3413 1641 3478 καὶ,
1671 3413 1754 3467 ὅτι
1804 3409 1874 3485 ἦν

298 3498 430 3549 ποτὲ
450 3497 640 3567 χρόνος
671 3499 759 3552 ὅτε
790 3499 891 3552 οὐκ
921 3495 1011 3572 ἧν,
1031 3501 1352 3571 ἀλλοτρίους
1380 3497 1576 3574 οῐδενή
1609 3505 1874 3577 καθολικὴ

308 3589 623 3658 Ἐκκλησία.
671 3611 690 3642 ι
728 3592 949 3663 Ταύτην
1004 3595 1264 3650 δεδωκόσι
1315 3595 1415 3666 τὴν
1448 3595 1692 3662 ἔκθεσιν,
1728 3615 1878 3652 συνιο

299 3679 407 3730 δὼν
437 3680 467 3731 ὁ
500 3680 762 3743 Κώνστας
797 3681 872 3744 ὡς
906 3683 1108 3746 ἀδίκως
1141 3685 1235 3736 ἐπὶ
1284 3689 1397 3750 τοῖς
1450 3686 1615 3751 θείοις
1645 3688 1879 3750 ἐκείνοις

302 3772 531 3839 ἀνδράσι
581 3774 923 3844 συνέστησαν
952 3794 965 3809 ·
1002 3778 1066 3831 οὐ
1100 3778 1213 3848 γὰρ
1267 3778 1636 3850 ἐγκλημάτων
1692 3782 1876 3852 χάριν,

302 3859 423 3914 οὐδὲ
478 3859 595 3929 βίου
648 3862 952 3934 φαυλότητι
1006 3866 1106 3935 τὴν
1165 3867 1393 3919 ἐκείνων
1441 3868 1880 3939 ἀπεστράφησαν

303 3957 612 4021 κοινωνίαν,
643 3955 717 4019 ὡς
757 3958 983 4028 ἐδήλουν
1012 3961 1085 4012 τὰ
1118 3948 1514 4031 ὑπομνῆματα,
1549 3963 1673 4030 an:
1695 3965 1818 4018 ὅλον
1848 3967 1881 4034 ἡ

244 4040 257 4051 ’
303 4048 433 4114 περὶ
456 4050 516 4100 τὺ
547 4048 728 4118 δόγμα
757 4036 1038 4119 διαφωνία
1070 4046 1139 4123 ἦν
1162 4068 1177 4084 ⁶
1208 4053 1379 4123 μηδὲν
1413 4054 1725 4122 ἀνύσαντας
1754 4061 1882 4128 περὶ

302 4135 379 4194 ὧν
421 4142 798 4213 ἐληλύθεισαν,
837 4145 1013 4198 ὀπίσω
1041 4145 1354 4216 ἀνέπεμπε.
1398 4147 1508 4202 Καὶ
1544 4150 1735 4221 χάσμα
1768 4155 1885 4216 τοῖς

303 4234 462 4306 ἑῴοις
516 4238 610 4290 καὶ
662 4238 941 4308 ἑσπερίοις
998 4235 1068 4311 ἦν
1107 4241 1141 4310 ἡ
1197 4240 1361 4309 μέσον
1411 4243 1680 4314 διαφορά·
1733 4245 1792 4298 ὲν
1840 4240 1886 4314 ᾧ

303 4327 483 4395 χρόνῳ
528 4328 624 4378 καὶ
653 4326 799 4381 κατὰ
828 4328 1079 4398 Σίρμιον,
1118 4328 1391 4400 Ἰλλυρικὴ
1433 4330 1491 4384 δὲ
1526 4329 1666 4405 αὕτη
1703 4334 1883 4400 πόλις,

303 4421 338 4486 ή
368 4420 509 4474 κατὰ
536 4422 802 4476 Φωτεινὸν
848 4423 1063 4493 αἵρεσις
1097 4425 1393 4492 ἐπεγένετο
1413 4441 1428 4457 ·
1456 4426 1516 4489 ὃς
1543 4427 1641 4496 τῆς
1680 4432 1886 4499 μικρᾶς

1981 3248 2105 3288 cum
2140 3230 2405 3301 apostolis
2434 3228 2798 3300 promisisset,
2834 3222 3379 3297 post‘aseensionem
3413 3243 3572 3282 suam

1983 3328 2038 3381 in
2058 3325 2250 3389 cmlos,
2273 3323 2443 3390 misit,
2472 3332 2530 3376 ut
2559 3322 2785 3376 doceret
2818 3329 2874 3375 et
2899 3327 3220 3390 suggereret
3247 3318 3330 3374 eis
3360 3319 3571 3373 omnia.

1983 3418 2088 3473 Per
2118 3430 2282 3487 quem
2317 3417 2487 3471 etiam
2530 3413 3031 3469 sanctilicabuntur
3072 3426 3269 3466 eorum
3321 3411 3416 3480 qui
3453 3411 3574 3465 sin-

1983 3526 2110 3567 cere
2143 3511 2197 3564 iu
2226 3524 2351 3564 eum
2385 3507 2706 3573 credidere,
2750 3506 2967 3560 animat.
3018 3503 3129 3559 Eos
3161 3514 3347 3559 autem
3377 3504 3474 3574 qui
3505 3519 3573 3558 ex

1984 3619 2096 3659 non
2127 3601 2543 3658 exsistentibus'
2568 3600 2764 3653 dicunt
2795 3613 2917 3653 esse
2963 3596 3199 3659 Filium.
3228 3605 3324 3650 aut
3354 3612 3421 3650 ex
3471 3596 3579 3650 alia

1985 3694 2368 3760 subsietentia,
2400 3704 2456 3749 et
2486 3709 2596 3746 non
2626 3707 2695 3747 ex
2735 3692 2869 3756 Deo,
2922 3699 2980 3746 et
3029 3689 3202 3745 fuisse
3242 3687 3579 3759 quandoque

1987 3796 2208 3857 tempus
2236 3800 2360 3841 cum
2393 3800 2503 3839 non
2530 3783 2715 3847 fuerit,
2752 3784 2968 3838 alienos
2994 3795 3116 3838 esse
3148 3780 3304 3835 novit
3328 3780 3574 3835 Ecclesia

1989 3868 2279 3935 Catholica.
2325 3899 2342 3931 ι
2401 3879 2552 3933 lianc
2586 3878 2891 3933 exhibuere
2943 3874 3258 3929 formulam.
3312 3872 3582 3926 Constans

1991 3982 2176 4026 autem
2213 3978 2562 4039 perspectum
2607 3969 2839 4029 habens.
2890 3982 2989 4022 eos
3022 3965 3212 4035 inique
3245 3973 3440 4019 contra
3496 3964 3583 4016 di—

1990 4064 2150 4117 vinos
2197 4064 2344 4118 viros
2373 4062 2747 4132 conspirasse,
2799 4074 2985 4129 neque
3022 4059 3320 4113 criminum
3368 4054 3585 4124 aliquo-

1994 4170 2114 4209 rum
2143 4155 2343 4224 gratia,
2366 4169 2547 4224 neque
2580 4163 2805 4224 propter
2841 4153 2968 4207 vitae
3000 4151 3330 4222 pravitatem
3361 4190 3375 4215 ,
3409 4149 3575 4203 sicuti

1991 4248 2374 4303 attestationcs
2429 4246 2813 4311 declarabant,
2848 4244 3300 4299 communionem
3357 4242 3581 4295 illorum

1994 4328 2297 4404 aversatus,
2333 4340 2430 4395 sed
2460 4339 2737 4409 dogmatis
2768 4337 3163 4394 dissonantiam
3195 4349 3423 4405 prorsus
3454 4349 3584 4387 eau-

1995 4448 2109 4488 sam
2141 4433 2356 4488 dissidii
2392 4446 2515 4486 esse
2555 4432 2796 4486 :infecta
2819 4431 2980 4500 cujus
3017 4442 3177 4484 causa
3209 4433 3476 4480 venerant
3498 4440 3578 4488 re,

302 4510 580 4575 Γαλατίας
609 4511 707 4577 ὢν,
755 4515 852 4567 καὶ
883 4514 958 4584 τῷ
1006 4516 1399 4588 προειρημένῳ
1444 4517 1755 4588 Μαρκέλλῳ
1786 4521 1874 4590 τῆἑ

1996 4541 2094 4581 eos
2127 4526 2357 4581 dimisit.
2392 4525 2463 4579 Et
2512 4523 2884 4577 Orientalibus
2927 4531 3094 4590 atque
3129 4517 3583 4573 Occidentalibus

304 4603 564 4672 πατρίδος
593 4606 884 4677 ὲπισκόπῳ
918 4607 1315 4678 μαθητευθεὶς,
1343 4610 1454 4664 τῶν
1484 4612 1668 4664 ἐκεῖσε
1700 4614 1892 4683 ἡγεῖτο

305 4698 635 4767 ἐκκλησιῶν,
659 4699 813 4768 ψιλὸν
836 4700 1127 4771 ἄνθρωπον
1144 4702 1500 4774 δογματίζων
1519 4703 1610 4758 τὸν
1634 4704 1891 4776 Χριστόν.

308 4790 441 4859 Περὶ
470 4785 544 4843 ὧν
571 4792 715 4846 κατὰ
743 4792 931 4863 χώραν
960 4792 1228 4863 ἐροῦμεν.

1998 4619 2169 4675 veluti
2188 4618 2411 4673 chasma
2439 4631 2537 4672 seu
2559 4615 2748 4669 hiatus
2769 4614 2893 4679 fuit,
2916 4627 3038 4682 quae
3066 4611 3148 4665 eis
3175 4611 3582 4669 intercesserat,

1998 4709 2297 4765 dissensio.
2332 4708 2449 4773 Qua
2488 4712 2813 4774 tempestate
2844 4712 2900 4757 et
2933 4703 2989 4756 in
3030 4701 3258 4764 Sirmio,
3304 4714 3427 4770 qua:
3458 4699 3585 4768 Illy-

1997 4802 2100 4856 rici
2125 4801 2260 4855 urbs
2287 4809 2393 4864 est,
2427 4797 2650 4852 l’hotini
2692 4795 2921 4850 haeresis
2959 4794 3230 4847 emersit:
3267 4793 3361 4862 qui
3396 4794 3449 4844 in
3483 4790 3582 4843 mi.

308 4898 438 4939 nere
474 4883 648 4940 Gallia
683 4897 862 4949 ortus.
894 4896 950 4942 et
1002 4906 1033 4943 a
1068 4888 1346 4955 Marcello,
1377 4890 1447 4946 de
1498 4906 1610 4963 quo
1648 4889 1910 4959 diximus,
1951 4893 2061 4950 loci
2095 4895 2218 4966 ejus
2250 4894 2542 4962 episcopo,
2577 4888 2860 4956 eruditus,
2903 4886 3154 4942 ecclesiis
3226 4885 3302 4940 ibi
3344 4885 3583 4956 praefuit,

309 4996 517 5036 merum
550 4998 676 5038 esse
720 4982 1001 5059 hominem
1054 4985 1350 5043 Dominum
1382 4985 1611 5044 docens.
1646 4988 1723 5043 De
1749 5005 1861 5060 quo
1895 5006 1998 5046 suo
2024 4998 2273 5062 tempore
2307 4990 2578 5046 dicemus.

895 5103 1150 5160 ΚΕΦΑΛ.
1199 5104 1303 5161 IA'.

324 5200 416 5267 Ὠς
441 5197 568 5277 τῆς.
581 5197 843 5277 ἑσπέρης
870 5199 969 5253 καὶ
992 5200 1088 5277 Δἕῳ
1121 5198 1470 5277 διαστάσης
1493 5202 1627 5269 περὶ
1661 5202 1727 5256 τὸ
1755 5203 1894 5277 ad}?

375 5287 460 5339 μα
494 5272 611 5340 τῇς
671 5272 934 5337 πίστεως
980 5272 1081 5324 ἐπὶ
1139 5273 1345 5340 τρισὶν
1395 5272 1622 5337 ἐτεσιν,
1673 5277 1728 5327 οἱ
1777 5272 1896 5329 cli-ti

383 5342 497 5413 τὴν
529 5339 606 5392 ἕω
626 5340 952 5413 ἐπίσκοποι
982 5342 1098 5411 τὴν
1123 5339 1464 5411 λεγομένην
1478 5346 1898 5413 μακρόστιχον

382 5410 628 5535 gemeam
659 5410 1078 5482 ποιησάμενοι,
1099 5414 1225 5480 τοῖς
1255 5410 1566 5484 ἑσπερίοις
1602 5410 1898 5475 *ἀπέστει-

425 5497 520 5535 αν.

425 5497 520 5535 αν.

397 5596 490 5661 Ἐξ
523 5595 736 5651 ἐκείνου
787 5597 844 5651 δὲ
871 5597 1039 5669 τριῶν
1072 5598 1212 5652 ἐτων
1248 5598 1670 5669 διαγεγονότων,
1706 5605 1757 5657 ci
1793 5604 1896 5672 τῆς

318 5688 390 5742 ἕω
423 5690 721 5743 ἐπίσκοποι
751 5691 947 5760 ἑτέραν
973 5697 1216 5763 ,γραφὴν
1250 5694 1594 5765 συνθέμενοι,
1646 5699 1761 5760 τοῖς
1791 5697 1897 5750 ἀνὰ

319 5783 414 5853 τὴν
449 5783 693 5853 ἑσπέραν
726 5783 973 5853 ἔπεμπον
1029 5785 1304 5856 ἱερεῦσιν,
1371 5788 1437 5857 ἣν
1482 5792 1896 5859 μακρόστιχον

2498 5103 2659 5175 691
2725 5101 2950 5158 CAPUT
2989 5099 3085 5155 xu.

2005 5198 2069 5259 Ut
2133 5198 2562 5256 Occidentalibus
2611 5207 2657 5251 et
2706 5196 3062 5271 Orientalibus
3093 5193 3334 5271 partibus
3386 5189 3449 5271 de
3502 5187 3591 5269 do:

2073 5275 2250 5327 ctrina
2323 5272 2447 5338 ﬁdei
2523 5270 2842 5338 lrienniunr
2888 5267 3295 5338 dissidentibus,
3360 5267 3589 5330 episcopi

2077 5335 2376 5397 Orientales
2403 5340 2777 5411 expositionem
2810 5337 2932 5405 ﬁdei
2960 5335 3383 5411 compcsuerint,
3428 5344 3589 5409 quam

2077 5415 2368 5484 longiorem
2423 5402 2819 5477 nominarunt,
2870 5402 2933 5462 ἐι
3010 5402 3428 5461 Occidentalibus
3484 5402 3590 5451 mi-

2076 5502 2129 5539 se
2140 5485 2263 5538 rint.

2080 5600 2350 5657 Triennio
2399 5598 2605 5654 deinde
2668 5598 2890 5667 elapso,
2947 5591 3258 5648 Orientaies
3340 5584 3587 5657 episcopi

2007 5696 2216 5764 scripto
2239 5693 2349 5747 alio
2374 5692 2708 5763 composito,
2741 5689 2807 5743 ad
2840 5684 3227 5744 Occidentales
3259 5681 3314 5737 id
3335 5679 3536 5734 misere
3568 5692 3585 5731 :

2006 5789 2151 5861 quod
2215 5785 2601 5859 μακρόστιχον,
2665 5784 2769 5838 hoc
2824 5791 2930 5843 est,
2972 5778 3281 5847 longiorem
3314 5778 3587 5833 vocarunt
