3990 6458
376 2036 381 2043 -
460 2010 747 2081 complexa
803 2028 820 2066 :

458 333 562 396 251

1696 330 2042 395 ΝΙΟῈΡΙΙΟ]

2171 329 2516 395 CALLISTI
3595 347 3684 414 2⁸ιῖ

465 446 782 516 formulam,
826 463 922 507 seu
966 454 1391 525 expositionem,
1436 449 1586 523 quod
1637 451 1851 508 scilicet
1881 451 2042 506 verba

2148 441 2444 511 ὠνόμασαν
2476 443 2714 515 ἔκθεσιν,
2773 448 2870 504 ἅτε
2902 448 2994 522 ἵδὴ
3042 453 3260 520 πολλοῖς
3288 458 3489 527 ῥήμασί
3527 477 3579 513 τε
3608 465 3688 515 καὶ

464 549 521 594 et
552 544 857 599 sententias
891 544 1078 613 plures
1109 546 1590 616 complecteretur.
1642 543 1847 599 Verum
1883 559 1954 599 ne
1987 546 2041 599 in

464 647 531 684 eo
560 632 782 700 quidem
823 635 1147 692 substantiae
1178 638 1272 692 Dei
1324 638 1652 693 nominatim
1706 638 2042 693 mentionem

469 724 670 780 fecere.
696 725 802 780 Eos
858 742 989 781 vero
1027 727 1181 797 quiF
1188 730 1341 785 ilium
1374 746 1439 785 ex
1457 745 1570 785 non
1613 729 2040 797 exsistentibus,

464 824 561 869 aut
621 832 690 872 ex
731 817 835 872 alia
887 819 1242 877 subsistentia
1295 837 1461 892 quam
1501 838 1567 878 ex
1621 822 1732 877 Deo
1783 836 1936 885 esse,
1986 832 2045 876 et

463 906 635 962 fuisse
689 910 1021 981 quandoque
1059 920 1277 984 tempus
1305 922 1402 969 aut
1455 914 1745 977 seculum,
1795 931 1921 969 cum
1951 914 2043 969 ille

461 1014 571 1052 non
629 1001 816 1069 fuerit,
867 1002 1143 1073 dicerent,
1206 1006 1610 1077 proscripsere.
1669 1007 1950 1078 Scriptum
1986 1006 2040 1061 id

466 1092 698 1159 pertulit
728 1093 1013 1151 Eudoxius
1070 1096 1431 1154 Germaniciaa
1466 1100 1725 1165 antistes,
1750 1101 1842 1171 qui
1877 1102 2040 1156 etiam

461 1190 584 1249 post
610 1181 991 1241 Macedonium
1024 1187 1651 1259 Constantinopolitanae
1698 1192 1916 1262 pra'l'uit
1945 1193 2046 1247 Ec-

461 1272 641 1332 clesia:
678 1291 693 1329 :
742 1284 800 1329 et
840 1276 1157 1349 Martyrius,
1199 1290 1255 1336 et
1298 1281 1648 1340 Macedonius
1697 1283 2043 1354 Mopsuestia:

461 1364 673 1420 Ciliciae
728 1367 1044 1437 cpiscopus.
1100 1368 1485 1428 Occidentales
1507 1374 1750 1443 episcopi
1772 1377 2039 1445 scriptum

465 1469 574 1507 non
602 1466 937 1525 receperunt
979 1478 993 1514 :
1032 1460 1282 1515 suﬁicere
1329 1462 1432 1517 sibi
1457 1463 1733 1519 Nicamam
1764 1465 1887 1521 ﬁdei
1912 1483 2042 1537 pro-

462 1546 784 1613 fessionem,
852 1565 1032 1619 neque
1083 1567 1144 1607 se
1203 1554 1437 1609 ulterius
1481 1558 1639 1612 anxie
1670 1558 1835 1614 nimis
1859 1569 1915 1613 et
1943 1576 2043 1615 cu.

465 1637 613 1694 riosc
662 1638 943 1709 inquirere
995 1640 1065 1697 de
1101 1656 1165 1697 ea
1206 1644 1365 1708 velle,
1401 1645 1682 1701 dicentes:
1711 1659 1877 1717 atque
1908 1650 2040 1706 illud

463 1732 625 1784 etiarn
653 1741 1041 1802 praetexentes,
1062 1735 1240 1790 aliena
1268 1736 1455 1808 lingua
1501 1738 1743 1793 libellum
1770 1741 2035 1810 scriptum

463 1838 610 1889 esse,
665 1834 722 1880 et
778 1840 837 1882 se
882 1828 1175 1883 verborum
1207 1831 1538 1885 sententiam
1564 1847 1674 1887 non
1705 1834 2033 1903 intelligere.

462 1915 701 1989 Longior
734 1928 918 1974 autem
956 1920 1048 1975 illa
1108 1923 1381 1991 expositio
1432 1924 1499 1977 ad
1538 1924 1767 1980 verbum
1810 1926 2037 1983 luec'est

886 2011 1238 2069 «Credimus
1292 2015 1346 2068 in
1397 2030 1569 2081 unum
1599 2017 1790 2083 Deum,
1819 2018 2036 2073 Patrem

459 2102 919 2173 omnipotentem,
936 2115 1243 2161 creatorem
1257 2116 1312 2162 et
1329 2107 1590 2165 factorem
1610 2110 1992 2167 universorum
2021 2130 2036 2167 :

459 2211 524 2250 ex
575 2210 686 2266 quo
734 2197 917 2252 omnis
973 2198 1273 2269 paternitas
1327 2200 1382 2254 in
1417 2202 1572 2257 cmlis
1601 2209 1657 2258 et
1685 2202 1911 2258 interra
1942 2220 2042 2259 no-

458 2286 721 2343 minatur.
750 2288 815 2343 Et
841 2290 897 2344 in
934 2291 1277 2361 unigenitum
1313 2292 1513 2348 Filium
1538 2296 1658 2365 ejus
1676 2296 1858 2352 Jesum
1876 2295 2040 2352 Chri-

461 2388 632 2442 stum,
663 2379 955 2436 Dominum
1010 2390 1289 2447 nostrum,
1323 2392 1451 2439 ante
1482 2385 1664 2439 omnia
1700 2388 1944 2457 genitum
1971 2402 2039 2441 ex

464 2472 862 2537 Patre,_Deum
889 2473 959 2529 de
990 2474 1123 2540 Deo,
1150 2475 1339 2531 lumen
1389 2477 1458 2532 de
1497 2477 1727 2545 lumine,
1761 2496 1858 2549 per
1876 2495 2040 2550 quem

462 2561 608 2616 facta
656 2571 786 2619 sunt
837 2565 1023 2619 omnia
1054 2566 1112 2621 in
1137 2567 1293 2623 caelis
1319 2577 1376 2623 et
1418 2570 1470 2622 in
1497 2578 1675 2640 terra,
1710 2571 1951 2626 visibilia
1984 2580 2042 2626 et

462 2649 764 2706 invisibilia
826 2668 841 2706 :
889 2653 1130 2709 Verbum
1173 2655 1555 2722 exsistentem,
1602 2668 1659 2714 et
1688 2660 2039 2729 sapientiam,

458 2754 518 2796 et
547 2744 832 2809 virtutem,
864 2753 920 2801 et
955 2747 1148 2812 vitam,
1169 2758 1225 2804 et
1276 2749 1466 2806 lumen
1491 2766 1702 2806 verum.
1729 2752 1833 2819 Qui
1859 2762 2042 2810 extre-

460 2834 567 2889 mis
591 2834 790 2891 diebus
824 2849 1050 2906 propter
1081 2854 1181 2894 nos
1215 2841 1378 2896 homo
1420 2841 1616 2907 factus,
1639 2855 1695 2900 et
1720 2862 1787 2900 ex
1820 2847 2041 2918 Virgine

459 2934 652 2982 sancta
697 2936 882 2995 natus,
939 2930 1237 2988 cruciﬁxus
1296 2943 1351 2988 et
1403 2943 1655 2993 mortuus
1685 2946 1742 2992 et
1768 2939 2038 3007 sepultus,

459 3018 620 3073 tertia
644 3019 736 3074 die
762 3022 1065 3077 resurrexit
1095 3040 1108 3077 :
1138 3031 1194 3078 et
1246 3035 1506 3094 receptus
1553 3027 1610 3082 in
1661 3029 1851 3094 caelos,
1885 3031 2042 3086 sedet

2147 538 2382 606 νοήμασι
2433 541 2827 612 συγκειμένην.
2896 545 3041 598 Ἀλλ’
3093 547 3187 600 οὑδ
3234 550 3292 600 ὲν
3334 550 3500 622 ταύτῃ
3524 553 3686 617 οὐσίας

2146 628 2283 681 Θεοῦ
2336 629 2461 682 κατ’
2511 629 2684 701 ὄνομα
2722 633 2915 701 μνείαν
2947 637 3300 707 πεποίηνται.
3351 639 3487 704 Τοὺς
3513 660 3572 710 γε
3597 644 3689 714 μὴν

2145 721 2428 789 λέγοντας,
2486 720 2547 788 ἐξ
2600 725 2799 795 ἑτέρας
2853 727 3231 797 ὑποστάσεως,
3274 731 3394 803 ἢὲξ
3421 735 3517 788 οὑκ
3538 735 3689 790 όντων

2143 815 2235 866 τὸν
2272 814 2422 877 Υίὸν,
2480 816 2575 868 καὶ
2606 816 2707 869 οὑκ
2739 818 2806 870 ὲκ
2858 818 3017 885 Θεοῦ,
3052 822 3134 875 ὅτι
3188 819 3257 894 ἦν
3290 826 3420 877 ποτὲ
3460 828 3689 899 χρόνοςῆ

2143 908 2279 959 αἰὼν
2309 909 2396 961 ὅτε
2424 908 2525 962 οὑκ
2547 904 2636 979 ἦν,
2662 910 3077 982 ἀπεκήρυττον.
3129 915 3416 982 Διεκόμιζε
3453 918 3546 988 τὴν
3567 936 3690 989 γρα-

2146 997 2253 1067 φὴν
2285 997 2536 1063 Εὑδόξιος
2565 1001 2594 1052 ὁ
2620 1001 2995 1072 Γερμανικίας
3025 1002 3348 1071 ἐπίσκοπος,
3374 1006 3432 1071 ὃς
3452 1012 3542 1064 καὶ
3566 1012 3696 1080 μετὰ

2143 1091 2484 1146 Μακεδόνων
2511 1092 2614 1162 τῆς
2650 1092 3063 1149 Κωνσταντίνου
3087 1099 3366 1168 προέστη·
3397 1101 3449 1152 Μ
3460 1102 3696 1170 αρτύριός

2142 1201 2203 1237 τε
2234 1185 2331 1237 καί⁵
2360 1185 2699 1249 Μακεδόνιος
2738 1185 3125 1256 Μοψουεστίας
3156 1191 3254 1258 τῆς
3284 1192 3340 1243 ὲν
3362 1192 3581 1263 Κιλικία
3605 1196 3696 1264 τὴν

2144 1276 2452 1347 ἐπισκοπὴν
2478 1277 2637 1346 ἔχων.
2657 1279 2721 1331 Οἱ
2749 1279 2796 1332 δ’
2825 1279 3073 1350 ἑσπέριοι
3093 1283 3259 1352 ἱερεῖς
3279 1283 3338 1335 οὑ
3364 1286 3697 1354 προσήκαντο

2142 1366 2243 1435 τὴν
2277 1369 2516 1436 γραφήν.
2549 1365 2911 1437 ’Δποχρῶσαν
2931 1369 3041 1438 γὰρ
3080 1371 3265 1433 αὐτοῖς
3302 1372 3401 1442 τὴν
3433 1374 3487 1424 ἐν
3506 1373 3699 1445 Νικαίᾳ

2145 1456 2382 1526 ἔφασκον
2406 1455 2549 1512 εἶναι
2578 1460 2789 1526 πίστιν,
2817 1464 2914 1512 καὶ
2943 1463 3257 1532 περαιτέρω
3285 1465 3358 1533 μὴ
3392 1464 3696 1534 πολυπραγο

2146 1547 2330 1616 μονεῖν
2389 1546 2596 1600 ὲθέλειν
2661 1545 2832 1618 ᾣοντο
2860 1548 2972 1600 δεῖν
2992 1562 3009 1577 ⁶
3066 1549 3124 1600 ἐν
3153 1550 3397 1619 σχήματι
3428 1550 3484 1602 δὲ
3508 1553 3598 1603 καὶ
3647 1552 3701 1605 τὸ

2143 1636 2520 1705 ἁλλόγλωσσον
2550 1639 2646 1691 καὶ
2682 1637 2743 1689 τὸ
2773 1634 2849 1708 μὴ
2886 1639 3130 1692 συνιέναι
3161 1640 3229 1692 τὰ
3259 1643 3524 1710 εἰρημένα
3547 1642 3701 1710 προὺ-

2146 1730 2426 1786 6ἀλλοντο.
2475 1730 2540 1782 Ἦ
2591 1729 2650 1783 δὲ
2684 1729 2775 1784 διὰ
2832 1732 3061 1800 μακρῶν
3097 1730 3313 1793 ἑκθεσις
3336 1731 3507 1784 ταῦτα
3537 1735 3702 1802 ῥήμα-

2150 1838 2233 1874 σιν
2261 1821 2443 1883 αὑτοῖς
2478 1820 2842 1889 διελάμϐανε·
2888 1840 2907 1874 ι
2946 1822 3291 1891 ΙΙιστεὺομεν
3321 1824 3402 1886 εἰς
3436 1822 3531 1875 ἕνα
3558 1824 3702 1891 Θεὸν,

2147 1915 2366 1985 Πατέρα
2421 1915 2863 1985 παντςκράτορα,
2919 1916 3146 1985 κτίστην
3207 1915 3305 1968 καὶ
3333 1917 3563 1986 ποιητὴν
3603 1915 3703 1968 τῶν

2146 2009 2366 2059 πάντων
2383 2022 2394 2037 ·
2426 2008 2485 2072 ἐξ
2513 1998 2575 2059 οὗ
2603 2007 2756 2060 πᾶσα
2780 2007 2990 2076 πατριὰ
3008 2008 3067 2058 ἐν
3090 2007 3347 2077 οὐρανοῖς
3369 2007 3461 2059 καὶ
3493 2007 3581 2059 ἐπὶ
3605 2006 3706 2074 γῆς

2145 2097 2509 2166 ὀνομάζεται*
2570 2099 2669 2151 καὶ
2683 2098 2783 2176 ,είς
2807 2097 2899 2150 τὸν
2939 2098 3210 2168 μονογενῆ
3256 2096 3423 2151 αὑτοῦ
3456 2097 3578 2152 Υἰὺν
3606 2096 3705 2173 Ἰη-

2147 2188 2273 2242 σοῦν
2300 2189 2538 2256 Χριστ>ιν
2569 2187 2777 2258 Κύριον
2813 2188 2991 2257 ἡμῶν,
3020 2188 3113 2239 τὸν
3138 2188 3246 2259 πρὸ
3278 2188 3503 2242 πάντων
3528 2203 3710 2256 γεννη-

2147 2278 2313 2332 θέντα
2338 2278 2399 2331 ἐκ
2425 2278 2521 2332 τοῦ
2549 2277 2762 2349 Πατρός
2790 2295 2806 2311 ο
2839 2278 2973 2333 Θεὸν
2998 2280 3070 2331 ἐκ
3091 2279 3248 2346 Θεοῦ,
3285 2280 3404 2350 φῶς
3432 2281 3495 2333 ἐκ
3518 2279 3705 2349 φωτὸς,

2145 2370 2212 2423 δι’
2238 2366 2299 2425 οὗ
2327 2371 2544 2439 ἐγένετο
2569 2372 2639 2424 τὲ
2685 2371 2863 2425 πάντα
2903 2372 2972 2426 τὰ
3006 2374 3065 2425 ὲν
3109 2374 3366 2444 οὐρανοῖς
3397 2374 3492 2426 καὶ
3528 2371 3595 2426 τὰ
3626 2369 3709 2423 ἐπὶ

2146 2464 2246 2533 τῆς
2276 2444 2400 2534 γῆς,
2424 2463 2494 2516 τὰ
2526 2463 2700 2533 ὁρατὰ
2740 2464 2836 2515 καὶ
2866 2462 2939 2516 τὰ
2968 2464 3177 2533 ἀόρατα
3201 2479 3216 2495 ο
3253 2464 3428 2531 Λόγον
3471 2462 3596 2515 ὄντα
3621 2459 3711 2513 καὶ

2149 2554 2345 2624 σοφίαν
2378 2555 2472 2607 καὶ
2521 2552 2755 2623 δύναμιν
2810 2556 2907 2606 καὶ
2958 2552 3107 2625 ζωὴν
3141 2552 3236 2605 καὶ
3270 2552 3391 2622 φῶς
3422 2549 3671 2619 ἀληθινόν
3692 2564 3707 2582 ο

2146 2645 2243 2699 τὸν
2276 2645 2366 2698 ἐπ’
2388 2645 2638 2716 ἐσχάτων
2667 2645 2778 2701 τῶν
2809 2646 3031 2718 ἡμερῶν
3062 2643 3133 2699 δι’
3178 2647 3334 2716 ἡμᾶς
3364 2642 3711 2714 ἐνανθρωπή-

2150 2756 2340 2805 σαντα,
2364 2739 2457 2791 καὶ
2483 2738 2816 2810 γεννηθέντα
2846 2740 2910 2791 ὲκ
2941 2737 3044 2807 τῆς
3094 2737 3257 2805 ἁγίας
3288 2735 3565 2807 Παρθένου
3590 2752 3602 2764 ·
3626 2733 3712 2785 τὸν

2151 2827 2535 2897 σταυρωθέντα
2565 2827 2663 2881 καὶ
2689 2827 3053 2893 ἀποθανόντα,
3076 2826 3172 2880 καὶ
3197 2825 3444 2895 ταφέντα
3472 2825 3565 2878 καὶ
3591 2824 3711 2876 ἀνα-

2152 2919 2353 2973 στάντα
2376 2921 2440 2989 τῇ
2466 2919 2626 2990 τρίτῃ
2644 2919 2827 2990 ἡμέρα
2848 2934 2863 2950 ·
2898 2922 2994 2972 καὶ
3022 2918 3416 2988 ἀναληφθέντα
3446 2919 3528 2981 είς
3559 2918 3717 2987 οὑρα·

2150 3012 2297 3076 νοῦς,
2334 3010 2430 3064 καὶ
2455 3010 2797 3065 καθεσθέντα
2832 3013 2895 3064 ὲκ
2924 3010 3118 3075 δεξιῶν
3148 3010 3245 3065 τοῦ
3278 3010 3496 3082 Πατρός
3521 3026 3536 3042 ο
3569 3007 3713 3080 ἐρχό-

458 3107 526 3161 ad
548 3109 796 3163 dextram
815 3109 1014 3177 Patris,
1032 3121 1299 3169 venturus
1320 3114 1375 3170 in
1394 3118 1864 3177 consummatione
1877 3136 2042 3177 δαισα-

2153 3123 2319 3174 μενον
2340 3106 2433 3158 ὲπί
2457 3105 2745 3178 συντελείᾳ
2768 3107 2878 3161 τῶν
2903 3108 3141 3174 αἰώνων,
3172 3108 3362 3178 κρῖναι
3387 3108 3599 3172 ζῶντας
3628 3105 3716 3158 καὶ

458 3201 642 3256 lorum
685 3203 754 3258 ad
803 3204 1160 3275 iudicandum
1221 3196 1454 3266 vivoset
1485 3220 1756 3278 mortuos,
1800 3223 1857 3269 ct
1912 3215 2043 3270 red-

458 3295 701 3350 dendum
769 3298 973 3367 cuique
1017 3299 1323 3358 secundum
1364 3318 1528 3372 opera
1561 3307 1702 3376 ejus.
1748 3307 1922 3377 Cujus
1958 3322 2047 3363 re-

461 3402 628 3456 gnum
661 3389 1094 3455 interminatum,
1115 3402 1171 3449 et
1199 3395 1254 3449 in
1286 3393 1493 3450 inﬁnita
1513 3400 1713 3453 saecula
1743 3408 2049 3468 permanet.

466 3479 700 3535 Sedebit
763 3481 908 3537 enim
944 3482 999 3537 in
1051 3484 1244 3539 dextra
1291 3479 1471 3543 Patris
1492 3502 1601 3543 non
1630 3498 1839 3544 tantum
1866 3491 1923 3545 in
1948 3506 2051 3547 sa:-

463 3572 592 3626 cnlo
643 3573 770 3637 isto,
821 3572 916 3628 sed
978 3582 1033 3630 et
1080 3576 1135 3631 in
1178 3575 1388 3633 futuro.
1427 3577 1719 3635 Credimus
1749 3594 1883 3635 vero
1913 3582 2048 3637 etin

467 3664 734 3733 Spiritum
798 3679 1075 3734 sanctum,
1133 3668 1237 3724 hoc
1279 3679 1385 3735 est,
1424 3672 1477 3725 in
1508 3671 1853 3728 Paracletum
1882 3688 2046 3741 quem

466 3756 733 3823 apostolis
790 3758 1145 3826 promissum,
1207 3770 1332 3830 post
1388 3762 1771 3818 ascensionem
1796 3779 1951 3819 suam
1989 3766 2046 3821 in

468 3846 657 3909 ratius,
688 3848 857 3917 misit,
910 3851 1217 3908 utdoceret
1254 3861 1311 3908 et
1340 3863 1662 3924 suggereret
1698 3855 1780 3909 eis
1802 3855 1986 3910 omnia
2025 3871 2041 3910 :

470 3953 567 4005 per
593 3954 755 4008 quem
786 3942 953 3997 etiam
997 3943 1413 4007 sanctiﬁcantur
1454 3959 1669 4012 eorum,
1695 3946 1790 4015 qui
1830 3946 2046 4004 sincere

469 4030 523 4083 in
553 4031 731 4099 ipsum
758 4033 1012 4098 credunt,
1069 4037 1284 4090 animm.
1347 4036 1511 4106 692
1538 4036 1640 4102 Qui
1674 4052 1804 4092 vero
1833 4039 2043 4104 dicunt,

465 4137 536 4176 ex
575 4137 682 4177 non
716 4126 1112 4182 exsistentibus
1138 4142 1260 4183 esse
1316 4126 1353 4182 F
1361 4128 1535 4189 ilium,
1567 4136 1664 4183 aut
1686 4144 1755 4185 ex
1781 4131 1886 4186 alia
1910 4132 2045 4187 sub-

463 4212 737 4278 sistentia,
769 4223 827 4268 et
855 4229 967 4270 non
991 4231 1059 4270 ex
1095 4215 1207 4271 Deo
1228 4256 1243 4280 ,
1281 4216 1508 4287 etquod
1545 4217 1714 4273 fuerit
1746 4219 2043 4290 aliquando

466 4312 686 4372 tempus
732 4320 857 4359 cum
911 4322 1021 4362 non
1076 4306 1290 4363 fuerit:
1327 4322 1422 4363 eos
1477 4308 1687 4366 alienos
1720 4312 1874 4368 novit
1920 4327 2042 4370 esse

466 4403 663 4449 sancta
719 4397 989 4453 catholica
1049 4398 1318 4456 Ecclesia.
1352 4398 1473 4454 Non
1505 4402 1687 4457 minus
1712 4411 1770 4458 et
1794 4419 1913 4471 eos,
1943 4406 2039 4476 qui

2152 3197 2382 3267 νεκρούς
2401 3214 2415 3228 ·
2448 3197 2543 3252 καὶ
2576 3199 2877 3254 ἀποδοῦναι
2931 3199 3148 3271 ἑκάστῳ
3179 3201 3328 3253 κατὰ
3357 3202 3431 3255 τὰ
3459 3199 3597 3270 ἔργα
3621 3197 3715 3252 αὑ-

2150 3288 2275 3343 τοῦ·
2310 3288 2371 3343 οὗ
2406 3290 2439 3359 ἡ
2491 3289 2743 3359 βασιλεία
2768 3293 3196 3355 ἀκατάπαυστος
3260 3290 3427 3356 οὖσα,
3476 3292 3717 3361 διαμένει

2150 3382 2232 3443 εἰς
2261 3381 2527 3451 ἀπείρους
2582 3383 2810 3446 αἰῶνας.
2866 3383 3179 3449 Καθέζεται
3206 3384 3320 3456 γὰρ
3349 3386 3409 3440 ὲν
3451 3385 3601 3455 δεξιᾷ
3629 3379 3743 3435 τοῦ.
3822 3420 3829 3433 ,

2150 3475 2363 3544 Πατρὸς
2409 3476 2468 3527 οὑ
2501 3475 2663 3544 μόνον
2703 3477 2759 3529 ὲν
2792 3477 2875 3546 τῷ
2924 3478 3081 3532 αἰῶνι
3113 3480 3318 3550 τούτῳ,
3372 3478 3513 3533 ἀλλὰ
3544 3478 3634 3530 καὶ
3664 3476 3718 3527 ὲν

2148 3565 2226 3635 τῷ
2256 3567 2528 3634 μέλλοντι.
2587 3568 2927 3638 Πιστεύομεν
2972 3570 3030 3624 δὲ
3062 3572 3153 3625 καὶ
3194 3572 3279 3635 εἰς
3309 3572 3372 3626 τὸ
3395 3570 3618 3640 Πνεῦμα
3660 3568 3720 3619 τδ

2148 3657 2308 3724 ἅγιον
2332 3697 2348 3722 ,
2405 3659 2684 3712 τουτέστιν
2711 3661 2792 3723 εἰς
2820 3659 2914 3712 τὸν
2958 3662 3347 3734 Παράκλητον,
3376 3664 3519 3735 ὅπερ
3550 3666 3719 3729 ἑπαγ-

2148 3748 2471 3819 γειλάμενος
2522 3754 2636 3815 τοῖς
2675 3752 3002 3815 ἀποστόλοις
3030 3755 3173 3824 μετὰ
3208 3754 3309 3825 τὴν
3346 3759 3430 3820 εἰς
3459 3755 3721 3826 οὐρανοὺς

2149 3839 2357 3907 ἄνοδον,
2390 3843 2679 3898 ἀπέστειλε
2731 3845 2944 3911 διδάξαι
3000 3847 3098 3900 καὶ
3146 3847 3472 3918 ὑπομνῆσαι
3529 3847 3721 3909 αὐτοὺς

2149 3932 2357 3985 πάνταο
2384 3933 2453 3988 δι’
2495 3928 2556 3990 οὗ
2585 3937 2682 3991 καὶ⁵
2711 3936 3035 4004 ἁγιάζονται
3067 3939 3123 3993 αί
3152 3940 3259 3994 τῶν
3297 3941 3614 4012 εἰλικρινῶς
3644 3940 3717 4001 εἰς

2147 4024 2312 4077 αὑτὸν
2342 4027 2710 4082 πιστευόντων
2738 4029 2932 4100 ψυχαί.
2968 4030 3108 4094 Τοὺς
3133 4032 3191 4086 δὲ
3216 4033 3507 4103 λέγοντας,
3538 4034 3596 4099 ἐξ
3626 4034 3721 4087 οὐκ

2145 4114 2317 4170 ὄντων
2349 4118 2442 4171 τὸν
2466 4117 2615 4184 Υίὺν,
2650 4120 2682 4190 ἢ
2713 4121 2771 4187 ἐξ
2802 4121 2998 4192 ἑτέρας
3032 4124 3392 4189 ὑποστάσεως
3423 4127 3520 4179 καὶ
3561 4125 3635 4195 μὴ
3658 4126 3720 4176 ἐκ

2144 4209 2239 4262 τοῦ
2266 4210 2427 4275 Θεοῦ,
2464 4213 2561 4266 καὶ
2588 4212 2671 4265 ὅτι
2697 4209 2767 4282 ἦν
2789 4231 2920 4267 ποτε
2966 4216 3159 4286 χρόνος
3193 4218 3282 4270 ὅτε
3338 4219 3418 4288 μὴ
3442 4214 3533 4288 ἦν,
3568 4216 3722 4271 ἀλλο·

2144 4300 2334 4371 τρίους
2362 4297 2503 4356 οἶδεν
2535 4304 2570 4372 ή
2618 4302 2748 4372 ἁγία
2798 4306 3064 4377 καθολικὴ
3128 4306 3473 4377 Ἐκκλησία·
3524 4307 3722 4379 ὁμοίως

2146 4393 2242 4445 καὶ
2267 4394 2393 4456 τοὺς
2419 4392 2687 4463 λέγοντας
2705 4399 2859 4465 τρεῖς
2886 4393 3030 4453 εἶναι
3048 4397 3216 4462 Θεοὺς
3238 4414 3253 4430 ο
3300 4400 3335 4470 ἢ
3372 4401 3468 4455 τὸν
3491 4397 3722 4469 Χριστὸν

467 4485 664 4542 dicunt
717 4498 829 4545 tres
886 4505 1011 4546 esse
1067 4492 1223 4555 deos,
1284 4500 1380 4546 aut
1431 4492 1709 4548 Christum
1760 4510 1870 4549 non
1920 4511 2042 4553 esse

2150 4487 2226 4556 μὴ
2258 4483 2401 4542 εἶναι
2430 4487 2564 4542 Θεὸν
2588 4489 2696 4560 πρὸ
2716 4489 2823 4542 τῶν
2847 4489 3061 4545 αἰώνων
3081 4505 3097 4521 ο
3130 4492 3270 4563 μήτε
3294 4494 3567 4564 Χριστὸν,
3590 4493 3723 4562 μήτε

469 4576 642 4637 Deum
696 4587 823 4634 ante
880 4580 1078 4636 saecula
1134 4596 1150 4634 :
1190 4596 1371 4651 neque
1408 4580 1921 4654 Cbristum,neque
1949 4585 2043 4640 Fi-

470 4668 606 4726 lium
632 4670 728 4725 Dei
761 4671 938 4740 ipsum
968 4685 1091 4727 esse
1119 4688 1135 4738 ;
1166 4680 1263 4726 aut
1290 4672 1545 4728 eumdem
1575 4688 1697 4730 esse
1734 4684 1791 4729 et
1825 4676 2043 4731 Patrem

467 4774 526 4816 et
549 4763 744 4819 Filium
781 4771 835 4818 et
865 4761 1129 4833 Spiritum
1183 4773 1451 4830 sanctum,
1512 4765 2046 4836 autingenitumFi-

470 4855 764 4913 iiumzaut
825 4854 972 4924 quod
1031 4870 1140 4909 non
1199 4871 1267 4911 ex
1322 4857 1603 4927 proposito
1642 4874 1822 4928 neque
1846 4859 2046 4913 volun-

471 4952 585 4997 tate
650 4943 811 4997 Patcr
871 4942 1070 4996 Filium
1136 4944 1397 5013 genuerit
1441 4961 1455 4999 :
1503 4945 1855 5001 anathemate
1915 4945 2045 5001 ferit

471 5039 663 5087 sancta
709 5040 765 5086 et
825 5032 1095 5087 catholica
1141 5033 1411 5090 Ecclesia.
1463 5035 1583 5090 Non
1625 5037 1797 5100 enim,
1839 5052 1908 5091 ex
1934 5052 2043 5093 non

472 5124 863 5179 exsistentibus
906 5140 1027 5181 esse
1105 5127 1341 5196 Filium,
1391 5126 1576 5183 dicere
1639 5137 1816 5185 tutum
1890 5139 1976 5185 est
2024 5146 2042 5186 :

472 5215 924 5286 quandoquidem
992 5219 1188 5273 nullibi
1238 5220 1343 5274 hoc
1374 5220 1427 5275 in
1464 5220 1729 5277 divinitus
1762 5221 2046 5293 inspiratis

476 5306 776 5375 Scripturis
828 5309 895 5363 de
938 5324 1006 5364 eo
1038 5310 1233 5365 fertur.
1261 5310 1449 5382 Neque
1470 5328 1604 5368 sane
1635 5329 1704 5369 ex
1728 5313 1835 5369 alia
1862 5312 2047 5368 subsi-

474 5398 696 5463 stentia,
726 5408 925 5468 praeter
952 5399 1190 5466 Patrem,
1223 5409 1350 5456 ante
1401 5401 1671 5471 subjecta,
1699 5401 1797 5457 sed
1831 5416 1899 5457 ex
1927 5401 2044 5457 solo

474 5488 587 5543 Deo
613 5506 871 5560 germane
890 5508 985 5549 seu
1020 5497 1202 5551 native
1269 5498 1446 5567 ipsum
1495 5496 1740 5567 genitum
1764 5511 1911 5562 esse,
1947 5497 2046 5553 do-

476 5594 688 5637 cemur.
739 5582 919 5639 Unum
963 5601 1198 5657 namque
1255 5589 1555 5657 ingenitum
1589 5600 1646 5644 et
1667 5590 1921 5661 principii
1951 5605 2044 5645 cx-

474 5678 685 5741 pertem
736 5673 938 5732 Christi
1007 5678 1227 5734 Patrem
1284 5680 1533 5734 divinum
1585 5681 1746 5737 docet
1789 5683 2041 5739 verbum.

482 5763 587 5818 Sed
617 5779 796 5839 neque
826 5767 980 5835 illud,
1019 5769 1143 5826 Fuit
1166 5770 1462 5841 aliquando
1517 5780 1731 5843 tempus
1767 5788 1890 5828 cum
1935 5789 2043 5828 non

2147 4577 2276 4631 Υἰὸν
2298 4578 2436 4632 Θεοῦ
2453 4574 2599 4633 εἶναι
2620 4579 2785 4635 αὑτόν
2803 4597 2820 4615 ο
2848 4582 2881 4653 ἢ
2910 4582 3006 4636 τὸν
3027 4581 3192 4638 αὑτὸν
3214 4577 3358 4638 εἶναι
3383 4586 3483 4638 καὶ
3510 4584 3725 4653 Πατέρα

2146 4671 2241 4725 καὶ
2265 4671 2416 4735 Υίδν,
2450 4673 2548 4728 καὶ
2577 4671 2737 4741 ἅγιον
2762 4674 2992 4744 Πνεῦμα
3013 4690 3026 4703 ·
3058 4675 3092 4745 ἦ
3117 4674 3424 4747 ἀγέννητον
3447 4676 3543 4729 τὸν
3580 4674 3721 4727 Υἰόνο

2145 4762 2177 4833 ἢ
2214 4762 2295 4817 ὅτι
2328 4763 2389 4817 οὑ
2416 4763 2671 4834 βουλήσει
2723 4764 2847 4818 οὑδὲ
2879 4765 3098 4833 θελήσει
3141 4767 3443 4835 ἐγέννησεν
3473 4769 3503 4821 ό
3538 4764 3726 4835 Πατὴρ

2145 4854 2236 4909 τὸν
2254 4854 2402 4920 Υἰὸν,
2430 4855 2825 4922 ἀναθεματίζει
2848 4859 2880 4928 ἡ
2907 4858 3043 4925 ἁγία
3073 4859 3170 4912 καὶ
3191 4857 3464 4926 καθολικὴ
3496 4858 3719 4929 Ἐκκλι-

2150 4945 2260 5001 σία.
2284 4948 2420 5003 Οὔτε
2448 4950 2552 5020 γὰρ
2582 4950 2642 5014 ἐξ
2674 4951 2777 5003 οὐκ
2820 4949 2991 5004 ὄντων
3037 4950 3219 5019 λέγειν
3252 4952 3348 5005 τὸν
3384 4952 3521 5005 Υίὺν
3550 4952 3703 5017 ἁσφα

2144 5038 2257 5103 λὲς,
2282 5040 2408 5093 ἐπεὶ
2461 5041 2713 5110 μηδαμοῦ
2738 5041 2899 5095 τοῦτο
2924 5043 3034 5096 τῶν
3072 5042 3461 5097 θεοπνεύστων
3497 5045 3537 5096 Γ
3546 5040 3728 5112 ραφῶν

2146 5129 2444 5201 ἐμφέρεται
2477 5131 2607 5203 περὶ
2628 5132 2792 5185 αὑτοῦ
2817 5148 2831 5163 ⁸
2872 5130 2998 5186 οὑτε
3033 5132 3141 5204 μὴν
3171 5133 3231 5198 ἐξ
3255 5133 3458 5203 ἐτέρας
3489 5131 3729 5188 ὑποστά-

2149 5238 2290 5286 σεως
2320 5222 2474 5294 παρὰ
2525 5217 2615 5277 τὸν
2661 5224 2880 5296 Πατέρα
2939 5227 3455 5295 προϋποκειμένης,
3515 5224 3634 5278 ἀλλ’
3666 5224 3729 5274 ἐκ

2149 5317 2315 5385 μόνου
2341 5315 2439 5369 τοῦ
2459 5314 2599 5369 Θεοῦ
2629 5317 2870 5386 γνησίως
2892 5315 3056 5371 αὑτὸν
3082 5316 3459 5386 γεγεννῆσθαι
3485 5312 3731 5370 διδασκό-

2149 5407 2311 5475 μεθα.
2376 5407 2513 5461 Ἕνα
2573 5409 2682 5479 γὰρ
2729 5408 2822 5462 τὸν
2878 5408 3177 5485 ἀγέννητον
3224 5407 3321 5461 καί¹
3355 5408 3605 5478 ἄναρχον
3639 5405 3730 5456 τὸν

2146 5496 2387 5568 Χριστοῦ
2425 5499 2645 5567 Πατέρα
2667 5501 2694 5552 ό
2726 5499 2868 5563 θεῖος
2899 5499 3143 5554 διδάσκει
3195 5498 3376 5568 λόγος.
3422 5498 3572 5554 Ἀλλ’
3607 5495 3729 5550 οὑδὲ

2145 5588 2227 5654 τὸ,
2244 5585 2354 5643 Ἦν
2376 5606 2505 5643 ποτε
2529 5590 2617 5643 ὅτε
2639 5590 2738 5643 οὑκ
2767 5585 2858 5661 ἦν,
2877 5594 2990 5654 τοῖς
3018 5591 3077 5659 ἐξ
3098 5591 3373 5661 ἀγράφων
3401 5589 3730 5659 ἐπισφαλῶς

2145 5681 2398 5749 λέγουσιν
2424 5679 2500 5744 ὡς
2522 5681 2780 5752 χρονικὺν
2805 5682 3085 5751 διάστημα
3141 5681 3384 5753 προενθυ
3395 5682 3609 5752 μητέον
3636 5680 3733 5733 αὖ·

2147 5772 2271 5827 τοῦ⁸
2305 5773 2419 5829 ἀλλ’
2452 5773 2486 5843 ἥ
2545 5774 2704 5841 μόνον
2751 5774 2842 5828 τὸν
2867 5775 3111 5844 ἀχρόνως
3158 5773 3322 5829 αὑτὸν
3349 5772 3730 5840 γεγεννηκότα
