3990 6452
222 350 323 415 253
1180 351 1792 414 ECCLESIASTICE
1822 351 2233 415 .HISTORUE
2275 355 2425 416 LIB.
2478 356 2581 417 IX.
3397 358 3506 425 254

218 468 374 524 Θεόν.
399 448 513 522 Καὶ
534 467 717 540 χρόνοι
751 466 861 536 γὰρ
893 465 989 520 καὶ
1014 465 1211 531 αἰῶνες
1231 470 1490 539 γεγόνασι
1521 469 1593 522 δι’
1609 469 1766 524 αὐτοῦ

1866 499 1876 529 ,
1909 468 2034 534 fuit,
2094 472 2244 541 quod
2304 480 2508 542 praeter
2538 470 2927 527 auctoritatem
2959 471 3259 543 scripturas
3280 460 3505 543 pericu-

217 559 354 616 Οῦτε
384 560 489 633 μὴν
506 558 848 628 συνάναρχον
875 556 999 612 οὔτε
1026 561 1434 630 συναγέννητον
1458 564 1551 616 τὸν
1568 564 1699 617 Υἰδν
1715 565 1766 632 τί

1897 559 2018 616 lose
2073 563 2291 628 dicunt,
2358 572 2616 635 tanquam
2673 566 2976 634 temporale
3029 565 3378 621 intervallum
3406 582 3505 621 an-

218 655 391 725 [Ῑατρὶ
416 647 556 707 εῖναι
578 651 887 722 νομιστέον·
910 654 1259 723 συνανάρχου
1278 657 1388 725 γὰρ
1411 657 1509 710 καὶ
1532 674 1766 726 σύναγεν

1896 660 1950 707 te
2008 652 2188 724 ipsum
2247 655 2775 711 considerandum:
2835 658 2929 711 sed
2992 658 3165 722 solus,
3218 658 3314 727 qui
3371 673 3500 713 eum

214 749 378 821 νήτου
396 746 574 808 οὗδελς
602 744 813 815 κυρίως
836 744 1027 815 Πατὴρ
1056 745 1089 818 ἢ
1117 745 1249 809 Υίὸς
1275 745 1628 817 λεχθήσεταιο
1655 748 1766 803 ἀλλ‹

1893 742 2014 799 sine
2078 754 2322 816 tempore
2385 746 2598 817 genuit,
2658 747 2803 801 Dens
2837 748 3317 815 contemplandos.
3362 748 3498 802 Nam

216 844 307 895 τὸν
338 839 434 912 μὲν
465 837 691 907 Πατέρα
721 836 886 908 μόνον
922 836 1164 910 ἄναρχον
1187 838 1317 894 ὄντα
1349 843 1445 893 καὶ
1473 841 1789 909 ἀνέφικτον,

218 930 606 1000 γεγεννηκέναι
640 929 954 1000 ἀνεφίκτως
1009 930 1105 984 καὶ
1164 932 1334 985 πᾶσιν
1386 933 1794 1004 ἀκαταλήπτως

209 1024 468 1094 οῖδαμεν⁶
492 1022 583 1077 τὸν
605 1023 662 1077 δὲ
690 1023 819 1077 Υίὸν
852 1023 1218 1095 γεγεννῆσθαι
1245 1026 1353 1096 πρὸ
1381 1025 1490 1080 τῶν
1528 1025 1750 1083 αἰώνων
1772 1043 1788 1060 ο

206 1118 304 1169 καὶ
339 1118 536 1187 μηκέτι
566 1116 756 1186 ὅμοιον
788 1113 867 1186 τῷ
930 1115 1109 1189 Πατρὶ
1148 1116 1449 1188 ἀγέννητον
1515 1113 1656 1175 εἶναι
1695 1120 1791 1174 καὶ.

205 1211 372 1265 αὑτὸν
392 1251 406 1274 ,
469 1208 585 1263 ἀλλ’
638 1206 820 1280 ἀρχὴν
848 1207 998 1279 ἔχειν
1053 1207 1148 1263 τὸν
1173 1209 1517 1281 γεννήσαντα
1542 1211 1786 1283 Πατέραυ

206 1300 418 1371 κεῳαλὴ
444 1300 550 1371 γάρ
576 1297 819 1370 Χριστοῦ
854 1300 882 1353 ὁ
915 1299 1071 1364 Θεός.
1102 1298 1242 1354 Οὕτε
1276 1304 1384 1371 μὴν
1418 1303 1543 1373 τρία
1588 1305 1787 1373 ὁμολοο

205 1395 429 1462 γοῦντες
454 1390 757 1463 πράγματα
806 1393 905 1449 καὶ
952 1393 1084 1463 τρία
1130 1399 1405 1466 πρόσωπα
1439 1394 1534 1450 τοῦ
1572 1398 1788 1469 Πατρδς

200 1485 421 1540 καὶτοῦ
462 1483 595 1538 Υἱοῦ
627 1484 724 1539 καὶ
772 1485 869 1539 τοῦ
918 1485 1078 1555 ἀγίου
1128 1487 1453 1553 Πνεύματος
1512 1490 1655 1544 κατά
1685 1492 1787 1556 τὰς

200 1580 446 1651 Γραφᾶας,
463 1579 613 1649 τρεῖς
641 1577 728 1632 διά
747 1576 909 1633 τοῦτο
925 1578 1054 1642 τοὺς
1085 1578 1244 1643 θεοὺς
1271 1580 1535 1650 ποιοῦμεν
1555 1597 1569 1613 ·
1590 1583 1783 1656 ἐπειδὴ

202 1674 294 1726 τὸν
321 1670 588 1742 αὐτοτελῆ
630 1669 727 1725 καὶ
757 1669 1080 1740 ἀγέννητον,
1116 1669 1357 1742 ἄναρχόν
1392 1690 1453 1725 τε
1484 1674 1580 1728 καὶ
1613 1676 1784 1746 ἀόρα-

1893 850 1947 894 et
1982 848 2232 906 tempora
2253 846 2310 892 et
2336 838 2535 893 saecula
2561 853 2660 907 per
2704 839 2884 907 ipsum
2948 839 3088 894 facta
3121 849 3270 895 sunt.
3307 840 3498 909 Neque

1897 945 2029 999 vero
2074 922 2250 984 simul
2292 929 2554 999 principii
2619 944 2836 999 expers,
2870 946 3052 1000 neque
3085 932 3249 986 simul
3283 932 3500 1002 ingeni-

1892 1027 1981 1075 tus
2047 1033 2171 1074 cum
2227 1028 2384 1089 patre
2439 1018 2582 1074 illius
2631 1035 2750 1075 esse
2806 1021 3085 1090 putandus
3122 1031 3230 1077 est.
3273 1023 3492 1077 Etenim

1888 1110 2056 1166 simul
2115 1110 2376 1180 principii
2428 1112 2676 1179 expertis
2729 1122 2785 1165 et
2811 1113 2979 1168 simul
3014 1114 3266 1184 ingeniti,
3310 1116 3495 1170 nullus

1887 1203 2112 1275 proprie
2132 1203 2295 1257 Pater
2329 1211 2427 1258 aut
2454 1202 2630 1258 Filius
2700 1204 2940 1260 dicetur.
2974 1204 3082 1259 Sed
3115 1205 3333 1260 Patrem
3363 1206 3493 1276 qui-

1888 1296 2013 1352 dem
2064 1297 2242 1351 solum
2275 1296 2533 1368 principii
2583 1305 2870 1366 expertem
2922 1299 3279 1354 cxsistentem
3311 1310 3367 1353 et
3408 1301 3494 1353 in‘

1887 1389 2452 1459 comprehcnsibilem
2513 1391 2775 1460 genuisse
2835 1389 3390 1460 incomprehensibili
3434 1401 3492 1446 et

1886 1496 2051 1550 quem
2113 1496 2309 1538 omnes
2354 1481 2619 1551 consequi
2658 1496 2771 1537 non
2807 1483 3044 1552 possint,
3071 1482 3236 1537 modo
3259 1484 3485 1549 scimus,

1886 1574 2087 1630 ῈιΙῘωΙΙ
2109 1584 2295 1629 autem
2323 1573 2573 1645 genitum
2601 1590 2722 1631 esse
2780 1586 2910 1631 ante
2952 1576 3173 1630 saecula.
3210 1577 3279 1631 Et
3310 1592 3490 1647 neque

1884 1665 2074 1722 itidem
2113 1677 2175 1722 ut
2222 1667 2467 1735 Patrem,
2507 1667 2688 1736 ipsum
2714 1681 2935 1737 quoque
2969 1667 3278 1738 ingenitum
3309 1682 3431 1723 esse
3468 1683 3485 1722 :
3518 1722 3529 1741 I

203 1780 294 1815 τον
316 1761 470 1829 Θεὸν,
502 1760 600 1815 ἕνα
654 1761 819 1832 μόνον
866 1760 1098 1831 οίδαμεν
1132 1760 1227 1815 τὸν
1255 1761 1389 1815 Θεὸν
1416 1764 1514 1818 καὶ
1557 1764 1766 1837 Πατέρο

1883 1760 1981 1816 sed
2041 1758 2373 1833 principium
2427 1758 2654 1825 habere,
2710 1760 2804 1831 qui
2858 1775 2986 1814 eum
3015 1760 3227 1831 genuit,
3257 1759 3476 1815 Patrem

210 1856 304 1907 τοῦ
330 1830 689 1923 Μονογενοῦς,
719 1851 813 1908 τδν
845 1830 1006 1925 μόνον
1043 1854 1147 1925 μὲν
1183 1854 1243 1922 ἐξ
1293 1856 1493 1912 ἑαυτοῦ
1539 1859 1600 1914 τὸ
1633 1830 1766 1915 εἶναι

1886 1830 2101 1925 ipsum;
2141 1830 2307 1924 caput
2339 1830 2578 1924 namque
2610 1830 2811 1909 Christi
2844 1830 3343 1910 Deus.iEnimvero
3373 1863 3485 1907 tres

215 1946 415 2017 ἔχοντα,
447 1946 609 2018 μόνον
644 1945 702 2000 δὲ
732 1947 845 2010 τοῖς
879 1946 1064 2011 ἄλλοις
1091 1950 1262 2004 πᾶσιν
1287 1946 1540 2019 ἀφθόνως
1558 1952 1766 2024 χαριζό-

1884 1946 2216 2002 conﬁtentes
2272 1960 2386 2013 res,
2442 1956 2501 2001 et
2537 1955 2651 2001 tres
2682 1959 2947 2015 personas
2972 1945 3155 2000 Patris
3179 1952 3237 1999 et
3272 1943 3394 1998 Filii
3426 1952 3484 1999 et

209 2035 365 2108 μενον
395 2037 452 2092 τὸ
485 2034 645 2094 εἰναι.
677 2035 817 2093 Οὔτε
865 2039 975 2111 μὴν
1004 2038 1103 2095 ἕνα
1135 2041 1273 2096 Θεὸν
1305 2042 1470 2113 μόνον
1521 2043 1766 2114 λέγοντες

1879 2037 2121 2110 Spiritus
2173 2038 2374 2105 sancti,
2417 2037 2723 2093 secundum
2803 2036 3143 2107 Scripturas,
3206 2052 3319 2090 non
3369 2048 3484 2092 tres

1877 2141 2175 2202 propterea
2210 2129 2444 2187 facimus
2492 2132 2646 2186 deos.
2701 2129 3163 2199 Quandoquidem
3197 2144 3297 2197 per
3327 2129 3480 2198 seip-

1877 2235 2000 2275 sum
2037 2220 2345 2290 perfectum
2395 2228 2451 2275 et
2481 2220 2810 2291 ingenitum,
2866 2218 3252 2290 principioque
3283 2234 3480 2274 caren-

1876 2318 2011 2380 tem,
2040 2321 2095 2367 et
2127 2312 2465 2368 invisibilem
2510 2313 2708 2377 Deum,
2745 2327 2915 2367 unum
2945 2320 3159 2367 tantum
3187 2312 3473 2377 novimus,

1875 2405 2049 2460 Deum
2098 2412 2153 2458 et
2207 2403 2427 2459 Patrem
2480 2402 2787 2474 Unigeniti,
2839 2403 3014 2459 solum
3060 2419 3129 2459 ex
3180 2406 3362 2474 seipso
3386 2420 3478 2461 cs-

1874 2493 2112 2548 sentiam
2171 2493 2490 2560 habentem,
2543 2495 2724 2549 solum
2784 2494 2911 2551 aliis
2961 2495 3222 2551 omnibus
3253 2495 3473 2552 abunde

1873 2585 2257 2641 exsistentiam
2311 2585 2664 2657 largientem.
2726 2585 2917 2657 Neque
2975 2602 3108 2642 sane
3142 2588 3271 2643 dum
3298 2603 3470 2643 unum

1872 2675 2048 2731 Deum
2103 2691 2224 2732 esse
2274 2677 2534 2743 dicimus,
2582 2677 2803 2733 Domini
2853 2679 2984 2735 Jesu
3017 2680 3225 2736 Christi
3251 2681 3469 2736 Patrem

1872 2769 2053 2826 solum
2117 2769 2451 2842 ingenitum,
2514 2781 2809 2841 propterea
2831 2771 3116 2829 Christum
3150 2775 3321 2829 Deum
3344 2791 3469 2831 esse

1874 2863 2328 2918 antesaecularem
2403 2879 2670 2934 negamus
2727 2866 2976 2935 :quales
3033 2877 3161 2921 sunt
3188 2869 3342 2924 Pauli
3369 2869 3469 2925 Sa-

1869 2958 2140 3012 mosateni
2162 2965 2486 3023 seetatores,
2530 2967 2655 3027 post
2696 2957 3210 3015 inhumanationem
3239 2977 3366 3016 eum
3393 2977 3461 3018 ex

1868 3045 2116 3115 profectu
2144 3045 2461 3102 deiﬁcatum
2510 3063 2630 3103 esse
2659 3048 2928 3114 dicentes,
2950 3064 3017 3103 co
3054 3051 3203 3120 quod
3261 3061 3460 3108 natura

1869 3151 2057 3192 merus
2095 3136 2261 3194 homo
2281 3136 2463 3193 factus
2493 3138 2584 3192 sit.
2620 3139 2807 3209 693.
2842 3138 3060 3197 Scimus
3078 3145 3224 3196 enim
3249 3141 3459 3214 ipsum,

1867 3227 2080 3283 etiamsi
2141 3228 2427 3300 subjectus
2463 3237 2548 3284 est
2586 3228 2737 3284 Patri
2786 3239 2840 3285 et
2889 3231 3025 3298 Deo,
3089 3241 3269 3289 tamen
3303 3236 3464 3305 geni-

1868 3330 1997 3399 tum.
2028 3335 2095 3377 ex
2151 3321 2286 3387 Deo,
2338 3320 2513 3377 Deum
2567 3334 2763 3378 natura
2795 3339 2917 3379 esse
2946 3325 3252 3395 perfectum
3277 3337 3332 3383 et
3364 3344 3462 3383 ve-

1865 3428 2012 3480 rum,
2074 3422 2131 3469 et
2186 3429 2296 3469 non
2350 3429 2420 3469 ex
2466 3415 2787 3471 hominibus
2814 3429 3006 3486 postea
3040 3417 3235 3485 Deum,
3263 3419 3359 3474 sed
3394 3436 3460 3475 ex

1863 3507 1998 3573 Deo,
2052 3506 2334 3564 hominem
2377 3506 2583 3562 factum
2616 3490 2881 3578 °pr0pter
2948 3523 3050 3565 nos
3100 3523 3247 3573 esse.
3277 3528 3463 3582 neque

1864 3612 2106 3667 unquam
2159 3597 2393 3653 desiisse
2420 3613 2542 3653 esse
2572 3599 2743 3654 Deum
2779 3599 3181 3654 .Exsecramur
3204 3618 3336 3656 vero
3368 3603 3460 3657 in-

204 2124 366 2193 εἷναι,
394 2128 487 2181 τὸν
519 2127 614 2182 τοῦ
647 2128 859 2200 Κυρίου
911 2128 1094 2200 Ἰησοῦ
1148 2133 1394 2203 Χριστοῦ
1429 2133 1653 2209 Πατέρα
1682 2139 1774 2194 τὸν

200 2221 363 2291 μόνον
394 2219 708 2292 ἀγέννητον,
739 2210 829 2276 διὰ
855 2222 1017 2277 τοῦτο
1060 2224 1381 2298 ἀρνούμεθα
1415 2229 1506 2284 τὸν
1533 2230 1775 2302 Χριστὸν

195 2313 331 2367 Θεὸν
361 2311 502 2368 εἶναι
526 2315 853 2385 προαιώνιον
875 2330 891 2346 ⁸
925 2315 1105 2371 ὁποῖοί
1156 2319 1297 2372 εἰσιν
1326 2321 1379 2374 οἰ
1414 2322 1524 2376 ἀπὸ
1556 2324 1772 2380 Παύλου

197 2405 292 2460 τοῦ
323 2406 715 2477 Σαμοσατὲως,
741 2407 971 2479 ὕστερον
994 2409 1163 2464 αὐτὸν
1187 2412 1329 2480 μετά
1358 2412 1459 2483 τὴν
1496 2415 1773 2489 ὲνανθρώ-

198 2517 363 2570 πησιν
415 2502 479 2553 ὲκ
530 2503 821 2573 προκοπῆς
877 2519 936 2556 τε
970 2500 1347 2559 θεοποιεῖσθαι
1381 2505 1661 2576 λέγοντες,
1693 2510 1773 2581 τῷ

197 2593 293 2663 τὴν
315 2591 478 2663 φύσιν
499 2592 658 2662 ψιλὸν
693 2593 858 2648 αὐτὸν
890 2592 1180 2665 ἄνθρωπον
1197 2597 1503 2664 γεγονέναι.
1534 2600 1772 2672 Οἴδαμεν

195 2686 305 2755 γάρ
332 2684 516 2752 αὐτὸν,
540 2686 587 2737 εἰ
620 2686 715 2739 καὶ
742 2686 1114 2742 ὑποτέτακται
1162 2684 1239 2758 τῷ
1272 2692 1449 2763 [ἰατρὶ
1483 2694 1578 2747 καὶ
1625 2694 1767 2767 Θεῷ,

194 2777 312 2830 ἀλλ’
338 2775 489 2846 ὅμως
516 2778 849 2848 γεννηθέντα
883 2779 950 2833 ὲκ
971 2778 1068 2833 τοῦ
1093 2779 1253 2848 Θεοῦ,
1282 2782 1415 2839 Θεὸν
1436 2787 1580 2840 κατά
1604 2788 1769 2859 φύσιν

199 2869 397 2923 τέλειον
425 2867 565 2924 εἶναι
593 2870 685 2924 καὶ
711 2871 912 2945 ἀληθῆ,
938 2872 1034 2926 καὶ
1064 2873 1141 2946 μὴ
1194 2876 1253 2941 ἐξ
1286 2876 1592 2949 ἀνθρώπων
1626 2883 1768 2950 μετά

191 2957 365 3013 ταῦτα
395 2959 549 3026 Θεὸν,
592 2960 710 3013 ἀλλ’
736 2963 798 3015 ἐκ
828 2960 965 3016 Θεοῦ
1012 2965 1440 3036 ἐνανθρωπῆσαι
1471 2967 1540 3022 δι’
1567 2970 1721 3042 ἡμᾶς
1747 2987 1765 3007 υ

192 3054 289 3104 καὶ
321 3052 545 3121 μηδέπω
571 3051 704 3107 ποτὲ
754 3053 1147 3110 ἀπολωλεκότα
1173 3057 1235 3111 τὸ
1267 3053 1412 3112 εἶναι
1456 3061 1612 3117 Θεόν.
1641 3062 1767 3118 Βδε-

189 3142 500 3212 λυσσόμεθα
521 3142 577 3198 δὲ
606 3142 743 3217 πρὸς
781 3145 995 3210 τούτοις
1021 3147 1114 3201 καὶ
1153 3147 1636 3223 ἀναθεματίζομεν
1669 3153 1763 3209 καὶ
1792 3179 1837 3240 c

188 3238 320 3299 ὀὓς
345 3235 523 3304 Λόγον
575 3236 676 3307 μὲν
731 3237 894 3307 μόνον
926 3238 1090 3292 αὑτὸν
1132 3240 1228 3293 τοῦ
1273 3241 1432 3309 Θεοῦ,
1485 3243 1643 3314 ψιλὸν
1667 3248 1765 3302 καὶ

191 3326 538 3399 ἀνύπαρκτον
597 3330 958 3395 ἐπιτιλάστως
1004 3332 1329 3399 καλοῦντας,
1389 3337 1449 3390 ὲν
1499 3337 1674 3410 ἑτέρῳ
1701 3338 1764 3393 τὸ

190 3415 330 3474 εἶναι
356 3419 548 3491 ἔχοντα
566 3461 582 3488 ,
610 3421 707 3475 νῦν
739 3421 841 3492 μὲν
870 3423 947 3488 ὡς
981 3422 1074 3478 τὸν
1097 3418 1438 3497 προφορικὸν
1468 3426 1763 3500 λεγόμενον

193 3514 293 3566 ὑπό
326 3529 509 3578 τινων,
564 3513 660 3567 νῦν
692 3514 748 3568 δὲ
797 3514 873 3579 ὡς
915 3516 1003 3569 τὸν
1043 3516 1387 3572 ἐνδιάθετον·
1428 3517 1666 3591 Χριστὸν
1704 3521 1761 3576 δὲ

197 3607 348 3659 αὑτὸν
377 3609 470 3659 καὶ
499 3604 704 3677 Κύριον
736 3607 830 3662 καὶ
880 3607 1016 3663 Θεὸν
1045 3617 1141 3664 καὶ
1169 3611 1403 3683 μεσίτην
1434 3614 1529 3666 καί
1575 3615 1761 3669 εἰκόνα

194 3696 279 3751 τοῦ
329 3696 464 3751 Θεοῦ
492 3690 574 3769 μὴ’
591 3694 731 3753 εἶναι
757 3697 866 3770 πρὸ
894 3700 1108 3756 αἰώνων
1125 3703 1413 3768 θέλοντας·
1437 3705 1555 3760 ἀλλ’
1571 3705 1760 3762 ἔκτοτε

190 3791 422 3861 Χριστὸν
454 3792 618 3846 αὐτὸν
667 3794 951 3860 γεγονέναι
979 3795 1080 3851 καὶ
1110 3796 1239 3851 Υἰὸν
1272 3797 1369 3851 τοῦ
1400 3798 1560 3866 Θεοῦ,
1601 3800 1661 3866 ἐξ
1693 3795 1757 3854 οῦ

186 3881 282 3948 τὴν
304 3881 579 3950 ἡμετέραν
613 3883 677 3936 ὲκ
705 3884 804 3953 τῆς
835 3885 1116 3956 Παρθένου
1139 3886 1322 3956 σάρκα
1348 3889 1631 3960 ἀνείληφε,
1651 3891 1760 3962 πρὸ

186 3970 548 4039 τετρακοσίων
587 3971 725 4026 ὅλων
778 3974 937 4030 ἐτῶν.
981 3975 1215 4029 Ἔκτοτε
1248 3976 1356 4047 γὰρ
1395 3978 1573 4049 ἀρχὴν
1600 3978 1758 4049 βασι-

188 4061 337 4125 λείας
390 4062 483 4116 τὸν
524 4062 764 4136 Χριστὸν
808 4066 1109 4136 ἐσχηκέναι
1161 4066 1412 4122 θέλουσιο
1461 4071 1557 4123 καὶ
1601 4072 1757 4136 τέλος

186 4152 327 4217 ἕξειν
348 4155 521 4225 αὑτὴν
558 4155 697 4225 μετά
722 4158 823 4228 τὴν
861 4158 1178 4214 συντέλειαν
1208 4159 1304 4215 καὶ
1336 4161 1546 4230 κρίσιν.
1567 4162 1757 4218 Τοιοῦ-

188 4260 261 4297 τοι
290 4245 351 4298 δέ
403 4247 544 4301 εἰσιν
582 4248 632 4302 οἰ
672 4249 782 4304 ἀπὸ
838 4251 1164 4323 Μαρκέλλου
1209 4254 1305 4306 καὶ
1336 4254 1611 4310 Φωτεινοῦ
1645 4257 1755 4310 τῶν

201 4336 683 4408 ’Δγκυρογαλατῶν
703 4356 717 4373 θ
743 4339 794 4394 οἳ
825 4343 924 4412 τὴν
961 4343 1293 4415 προαιώνιον
1315 4344 1552 4418 ὕπαρξίν
1577 4364 1635 4401 τε
1658 4347 1756 4402 καὶ

189 4427 415 4499 θεότητα
470 4429 563 4484 τοῦ
609 4432 870 4504 Χριστοῦ,
936 4435 1033 4489 καὶ
1078 4437 1178 4507 τὴν
1203 4437 1561 4509 ἀτελεύτητον
1588 4439 1754 4493 αὐτοῦ

1823 3681 1828 3687 ’
1863 3703 2056 3758 super,
2090 3696 2148 3743 et
2203 3690 2540 3744 anathemati
2567 3691 2915 3762 subjicimus,
2951 3707 3049 3747 eos
3080 3693 3175 3763 qui
3216 3693 3456 3750 Verbum

1862 3779 2086 3850 quidem
2114 3778 2295 3849 ipsum
2321 3779 2439 3843 Dei,
2467 3780 2565 3835 sed
2604 3789 2815 3836 tantum
2845 3783 3057 3837 nudum
3091 3794 3149 3838 et
3180 3786 3301 3840 sine
3321 3788 3456 3842 sub-

1860 3876 2118 3932 sistentia
2178 3876 2374 3932 ﬁctitie
2423 3886 2623 3932 vocant
2677 3894 2692 3933 :
2749 3880 2805 3934 in
2856 3879 2965 3935 alio
2991 3895 3122 3934 vero
3155 3883 3454 3937 essentiam

1859 3968 2090 4033 habens,
2119 3968 2418 4038 aliquando
2446 3984 2578 4024 sane
2604 3979 2665 4025 ut
2687 3971 2874 4026 vocale
2899 3987 2993 4026 seu
3014 3974 3453 4041 enuntiativum,

1858 4060 2157 4130 aliquando
2210 4076 2342 4117 vero
2396 4072 2458 4115 ut
2510 4060 2787 4116 internum
2833 4078 2931 4118 seu
2990 4064 3228 4116 mentale
3273 4080 3300 4117 a
3334 4067 3459 4134 qui-

1858 4152 2088 4208 busdam
2152 4152 2361 4207 dictum
2396 4168 2413 4218 ;
2443 4153 2723 4223 Christum
2770 4163 2952 4209 autem
2980 4153 3158 4223 ipsum
3183 4164 3240 4209 et
3273 4157 3462 4211 Domi-

1857 4258 2014 4310 num,
2066 4254 2123 4298 et
2175 4243 2368 4309 Deum,
2407 4252 2464 4299 et
2489 4243 2875 4311 mediatorem,
2925 4254 2984 4300 et
3013 4246 3309 4318 imaginem
3350 4248 3449 4303 Dei

1856 4352 1979 4393 esse
2043 4348 2173 4393 ante
2224 4336 2424 4392 szecula
2456 4336 2656 4390 nolunt
2691 4352 2704 4390 :
2738 4336 2834 4390 sed
2858 4351 2986 4390 eum
3016 4354 3082 4393 ex
3108 4354 3173 4393 eo
3202 4349 3449 4410 tempore

1856 4428 2140 4485 Christum
2194 4442 2319 4485 esse
2377 4428 2581 4484 factum
2636 4439 2694 4484 et
2748 4428 2949 4485 Filium
3006 4429 3102 4484 Dei
3134 4431 3349 4495 dicunt,
3381 4449 3449 4488 et

185 4515 461 4584 βασιλείαν
485 4520 686 4591 ὁμοίως
714 4521 973 4579 ἀθετοῦσι
1028 4524 1105 4597 τῷ
1139 4526 1397 4581 ἵστασθαι
1445 4528 1625 4583 δοκεῖν
1657 4529 1753 4583 αὐ-

1866 4537 1968 4592 quo
2024 4530 2270 4577 nostram
2298 4537 2386 4585 ,εχ
2433 4521 2659 4592 Virgine
2688 4536 2914 4576 carnem
2950 4524 3280 4590 assumpsit,
3315 4534 3458 4581 ante

181 4611 290 4671 τοῖς
320 4608 463 4662 οὕτω
508 4610 606 4680 τὴν
639 4613 964 4684 μοναρχίαν.
1016 4616 1209 4686 Ἴσμεν
1250 4617 1358 4688 γὰρ
1392 4619 1554 4689 ἡμεῖς
1579 4619 1750 4673 αὐτὸν

180 4697 277 4764 οὐχ
306 4697 493 4761 ἁπλῶς
516 4699 673 4768 λόγον
701 4694 1039 4774 προφορικδν
1066 4703 1099 4774 ἢ
1129 4705 1441 4760 ἐνδιάθετον
1462 4707 1558 4760 τοῦ
1587 4708 1748 4762 Θεοῦ·

180 4785 314 4840 ἀλλὰ
342 4788 516 4851 ζῶντα
544 4788 680 4844 Θεὸν
709 4791 904 4860 Λόγον,
934 4793 1060 4846 καθ’
1085 4796 1285 4849 ἑαυτόν
1307 4814 1367 4851 τε
1400 4797 1748 4870 ὑπάρχοντα,

184 4880 272 4932 καὶ
307 4880 433 4932 Υίὺν
457 4881 593 4934 Θεοῦ
618 4884 711 4936 καὶ
731 4885 968 4955 Χριστόν
988 4900 1003 4915 ⁸
1031 4888 1125 4941 καὶ
1147 4885 1294 4942 οὕτω
1312 4891 1753 4962 προγνωστικῶς

182 4976 429 5040 συνόντα,
461 4978 554 5030 καὶ
585 4977 1035 5050 συνδιατρίϐοντα
1068 4981 1175 5053 πρὸ
1204 4983 1418 5038 αἰώνων
1448 4985 1527 5056 τῷ
1554 4984 1750 5040 ἑαυτοῦ

184 5066 374 5136 Πατρὶ,
410 5068 507 5121 καί.
542 5070 680 5140 πρὸς
719 5071 904 5126 πᾶσαν
947 5071 1421 5147 διακονησάμενον
1450 5077 1619 5132 αὐτοῦ
1651 5078 1752 5149 τὴν

179 5155 563 5229 δημιουργίαν,
594 5160 707 5214 είτε
736 5163 846 5217 τῶν
876 5164 1150 5233 ἀοράτων,
1182 5168 1292 5222 εἴτε
1323 5169 1436 5224 τῶν
1492 5170 1709 5240 ὁρατῶν
1735 5185 1751 5201 ⁶

181 5248 291 5302 ἀλλ’
327 5252 694 5308 ὲνυπόστατον
732 5255 908 5325 Λόγον
935 5257 1066 5312 ὅντα
1089 5258 1184 5314 τοῦ
1224 5262 1461 5333 Πατρὸς,
1496 5262 1592 5316 καί¹
1618 5262 1754 5318 Θεὸν

177 5340 241 5392 ὲκ
266 5339 431 5397 Θεοῦ.
486 5342 659 5409 Οὗτος
702 5347 813 5419 γάρ
842 5351 961 5404 ἐστι
1011 5352 1151 5423 πρὸς
1180 5352 1240 5407 ὃν
1274 5347 1430 5407 εἶπεν
1461 5355 1489 5408 ὁ
1521 5355 1712 5426 Πατήρ
1734 5369 1750 5384 '

177 5431 529 5502 Ποιήσωμεν
554 5435 870 5506 ἄνθρωπον
913 5442 1042 5497 κατ’
1068 5444 1280 5499 εἰκόνα
1321 5445 1624 5516 ἡμετέραν
1652 5446 1752 5501 καί

176 5526 304 5580 καθ’
331 5527 660 5596 ὀμοίὼσιν’
693 5530 752 5594 δς
778 5534 876 5587 καὶ
909 5537 1026 5595 τοῖς
1068 5536 1351 5608 Πατράσιν
1375 5536 1558 5610 ὤφθη,
1588 5538 1751 5592 δεδω-

180 5612 285 5677 κὼς
312 5617 401 5671 τὸν
427 5620 618 5690 νόμον,
646 5625 743 5675 καὶ
778 5622 1022 5696 λαλήσας
1048 5627 1136 5681 διὰ
1167 5628 1277 5681 τῶν
1309 5630 1630 5701 προφητῶν,
1657 5629 1752 5684 καὶ

179 5707 243 5760 τὰ
271 5709 562 5767 τελευταῖα
590 5714 1050 5786 ὲνανθρωπήσας,
1075 5721 1170 5775 καὶ
1192 5720 1285 5777 τὸν
1310 5723 1508 5777 ἑαυτοῦ
1536 5724 1752 5795 Πατέρα

182 5801 337 5863 πᾶσιν
362 5805 678 5879 ἀνθρώποις
698 5812 1042 5884 φανερώσας,
1071 5815 1166 5869 καὶ
1195 5815 1496 5887 βασιλεύων
1521 5820 1601 5881 εἰς
1621 5818 1747 5881 τοὺς

1854 4612 2290 4685 quadringentos
2324 4611 2568 4684 integros
2590 4628 2787 4668 annos.
2821 4614 2899 4669 Ex
2924 4627 2993 4669 eo
3022 4615 3170 4669 enim
3203 4625 3461 4686 tempan

1855 4706 2077 4762 initium
2127 4707 2280 4777 regni
2335 4704 2616 4761 Christum
2666 4705 2947 4773 habuisse,
2979 4717 3035 4762 et
3075 4706 3240 4761 ﬁnem
3269 4707 3322 4762 id
3357 4709 3458 4763 has
3498 4692 3510 4703 “

1854 4799 2099 4855 biturum
2133 4813 2257 4854 esse
2302 4807 2425 4869 post
2446 4799 2977 4853 consummationem
3043 4809 3102 4855 et
3147 4800 3448 4868 judicium,

1855 4889 2067 4945 volunt.
2101 4889 2266 4944 Tales
2289 4897 2470 4943 autem
2499 4897 2630 4943 sunt
2654 4888 2990 4944 Marcelliani
3043 4900 3099 4945 et
3126 4891 3450 4952 Photiniani

1856 4982 2131 5054 Ancyrani
2187 4985 2241 5037 in
2292 4979 2547 5049 Galatia,
2604 4984 2699 5050 qui
2755 4983 3203 5039 antesmcularem
3262 4986 3454 5041 subsin

1856 5076 2109 5131 stentiam
2165 5083 2223 5130 et
2248 5073 2596 5129 divinitatem
2618 5072 2856 5139 Christi,
2887 5084 2945 5130 et
2973 5076 3234 5132 similiter
3264 5079 3449 5134 inter‘

1856 5166 2127 5221 minatum
2154 5165 2275 5235 ejus
2298 5179 2532 5234 regnum
2577 5163 2823 5230 abolent,
2877 5181 2944 5221 eo
2996 5169 3181 5235 modo,
3216 5177 3277 5223 ut
3311 5170 3452 5238 ipsis

1854 5259 2096 5327 videtur,
2140 5257 2523 5313 monarchiam
2563 5271 2665 5311 seu
2700 5256 2867 5312 unius
2910 5258 3204 5329 imperium
3236 5259 3449 5316 consti-

1856 5359 2100 5407 tuentes.
2155 5349 2269 5405 Nos
2312 5349 2468 5404 enim
2525 5348 2752 5415 scimus,
2804 5363 2927 5405 esse
2966 5366 3076 5407 non
3111 5352 3445 5421 simpliciter

1853 5446 2085 5501 verbum
2133 5441 2564 5502 enuntiativum.
2633 5451 2728 5497 aut
2753 5442 3032 5499 internum
3070 5443 3210 5498 τεοά
3245 5446 3442 5499 viven-

1856 5548 1966 5592 tem
2024 5536 2197 5593 Deum
2248 5533 2514 5598 Verbum,
2547 5548 2646 5605 per
2665 5534 2908 5612 seipsum
2941 5536 3357 5601 subsistentem,
3384 5543 3443 5590 et

1854 5630 2056 5687 Filium
2119 5626 2217 5683 Dei
2263 5636 2319 5682 et
2348 5625 2656 5693 Christum,
2695 5637 2753 5681 et
2784 5625 2855 5680 ita
2880 5627 3241 5696 prmscienter
3272 5628 3442 5689 simul

1854 5724 2211 5777 exsistentem
2241 5728 2296 5775 et
2319 5720 2485 5776 simul
2510 5730 2759 5792 agentem
2790 5729 2917 5775 ante
2950 5721 3148 5776 saecula
3181 5738 3305 5778 cum
3337 5737 3440 5778 suo

1855 5816 2039 5880 Patro,
2083 5825 2139 5869 et
2186 5813 2254 5870 ad
2316 5828 2537 5869 omnem
2589 5813 2709 5883 ejus
2743 5811 3227 5870 administrantem
3279 5828 3434 5871 crea-
