3990 6452
515 320 620 383 255

1696 318 2116 381 ΝΙΟΕΡΠΟῘΠ
2159 318 2509 379 CALLISTI

3644 323 3738 386 2.86

524 433 752 490 tionem,
804 426 919 483 sive
966 427 1325 482 invisibilium
1395 442 1494 482 seu
1555 428 1884 492 visibilium,
1915 429 2098 498 utqui

2221 428 2408 495 ιίὦνας
2443 430 2556 484 τῶν
2600 428 2841 485 αἰώνων.
2878 427 3050 482 Οὐδὲν
3105 431 3213 502 γὰρ
3244 434 3551 504 πρόσφατον
3630 440 3744 510 Χρι-

523 518 835 575 subsistens
869 519 1109 574 Verbum
1146 519 1219 573 sit
1249 520 1451 586 Patris,
1476 530 1532 575 et
1558 521 1703 576 Deus
1735 538 1803 576 ex
1832 523 1963 577 Deo.
2002 521 2101 576 llic

523 614 670 665 ruim
701 621 785 665 est
814 611 880 663 ad
905 626 1067 680 quem
1102 611 1262 665 Pater
1292 610 1429 665 dixit
1462 627 1476 663 :
1517 611 1807 666 Faciamus
1838 615 2100 668 hominem

522 704 804 758 secundum
876 703 1157 768 imaginem
1242 711 1484 758 nostram
1574 714 1621 757 et
1676 705 2100 773 similitudinem,

526 796 618 863 qui
672 806 727 848 et
783 810 812 845 a
867 793 1117 862 patribus
1158 795 1313 849 visus
1334 805 1417 851 est
1446 810 1575 850 cum
1605 797 1781 867 legem
1815 799 2005 865 ferret,
2048 809 2103 854 et

528 886 745 938 locutus
773 894 857 937 est
896 900 994 953 per
1028 885 1364 955 prophetas;
1409 896 1466 941 et
1494 888 1589 957 qui
1623 899 1903 958 postremo
1940 893 2103 947 homo

527 977 703 1029 factus
765 983 871 1038 est,
923 985 979 1029 et
1023 975 1240 1030 Patrem
1283 992 1445 1032 suum
1482 980 1743 1034 omnibus
1778 982 2099 1038 hominibus

530 1065 919 1129 manifestivit,
952 1066 1159 1135 quique
1193 1078 1387 1138 regnat
1436 1071 1488 1122 in
1526 1071 1723 1125 saecula
1755 1073 2101 1129 saeculorum.

530 1157 813 1227 Siquidem
872 1159 1009 1212 nihil
1069 1177 1222 1215 nova:
1264 1161 1548 1231 dignitatis
1574 1164 1827 1220 Christus
1856 1182 2091 1235 assump-

530 1249 620 1311 sit,
643 1248 737 1303 sed
769 1264 896 1304 eum
940 1260 1099 1304 antea
1128 1252 1454 1321 perfectum,
1491 1262 1548 1309 et
1606 1255 1750 1311 Patri
1783 1274 1883 1327 per
1920 1259 2105 1313 omnia

530 1341 767 1397 similem
795 1357 917 1395 esse
940 1343 1241 1397 credimus.
1276 1346 1455 1414 Atque
1506 1345 1721 1414 itidem,
1760 1366 1857 1405 eos
1891 1352 1984 1420 qui
2022 1352 2106 1405 di-

531 1443 667 1488 cunt
720 1434 973 1489 eumdem
1018 1451 1139 1490 esse
1197 1436 1410 1493 Patrem
1443 1440 1714 1494 etFilium
1753 1452 1809 1496 ct
1838 1444 2105 1512 Spiritum

534 1537 811 1589 sanctum,
855 1536 912 1582 et
967 1528 1135 1583 unius
1162 1529 1523 1600 ejusdemque
1546 1532 1620 1588 rei
1646 1544 1700 1587 et
1730 1549 1978 1602 persona:
2004 1537 2108 1591 tria

536 1621 653 1674 inec
700 1619 921 1675 nomina
974 1620 1141 1691 impie
1196 1623 1493 1692 accipiunt,
1537 1628 1734 1680 merito
1765 1627 1833 1682 ab
1868 1629 2108 1685 Ecclesia

536 1713 930 1781 proscrihimus
961 1728 975 1763 :
1004 1714 1267 1783 quoniam
1327 1716 1544 1771 Patrem
1596 1720 2108 1792 quicomprehendi

537 1813 795 1873 nequeat,
847 1813 1012 1874 atque
1059 1807 1403 1877 perpessioni
1455 1809 1730 1866 obnoxius
1780 1829 1890 1867 non
1934 1813 2027 1880 sit,
2056 1824 2111 1870 et
2140 1786 2185 1843 Β

538 1898 1111 1965 comprehensibilem,
1169 1909 1226 1953 et
1295 1904 1634 1971 perpessioui
1663 1904 1983 1959 obstrictum
2015 1921 2115 1975 per

540 1989 1042 2045 inhumanationem
1069 1993 1428 2049 constituunt.
1462 1995 1628 2065 63.5.
1672 1997 1829 2051 Tales
1851 2007 1998 2060 sunt,
2021 1998 2113 2068 qui

539 2084 945 2150 l’atropassiani
1014 2085 1157 2153 apud
1230 2087 1530 2153 Romanos,
1619 2088 1912 2144 Sahclliani
1971 2094 2113 2161 apud

537 2191 638 2229 nos
687 2175 972 2229 dicuntur.
1025 2175 1309 2244 Siquidem
1333 2180 1589 2231 novimus
1631 2181 1842 2235 Patrem
1868 2183 2113 2251 quidem,

538 2266 631 2333 qui
677 2266 903 2330 miserit,
963 2266 1015 2318 iu
1081 2282 1182 2320 suo
1242 2268 1603 2323 immutabilis
1632 2270 1936 2325 divinitatis
1970 2283 2113 2326 statu

540 2360 907 2427 permansisse
941 2359 1073 2428 :qui
1106 2376 1235 2413 vero
1257 2361 1458 2415 missus
1507 2372 1592 2415 est
1617 2362 1919 2425 Christum,
1953 2365 2116 2418 inhu-

540 2449 869 2504 manationis
893 2450 1258 2504 meonomiam
1291 2460 1346 2505 et
1376 2467 1575 2506 munus
1603 2453 1826 2508 obiisse.
1851 2456 2117 2510 Consimi-

539 2540 668 2593 liter
719 2551 903 2595 autem
968 2556 1063 2595 eos
1120 2543 1211 2613 qui
1259 2543 1448 2612 impie,
1509 2560 1617 2598 non
1654 2547 1909 2601 consulto
1937 2563 2113 2617 neque

540 2630 824 2684 voluntate
869 2631 1112 2699 genitum
1141 2647 1261 2685 esse
1290 2631 1574 2686 Christum
1609 2635 1822 2699 dicunt,
1872 2635 2116 2688 necessi-

544 2733 711 2778 tatem
742 2724 999 2778 videlicet
1030 2726 1323 2793 quamdam
1379 2725 1748 2795 imponentes,
1771 2735 1826 2781 et
1864 2727 2120 2781 substan-

547 2816 678 2871 tiam
735 2816 1021 2871 voluntate
1068 2826 1125 2872 et
1172 2817 1389 2873 delectu
1424 2830 1701 2873 carentem
1730 2818 1841 2874 Deo
1868 2818 2118 2875 tribuen-

546 2917 651 2973 tes,
719 2907 817 2972 ita,
884 2916 947 2961 ut
973 2909 1180 2964 invitus
1207 2909 1404 2964 Filium
1441 2911 1720 2981 genuerit,
1761 2910 2119 2980 impiissimos

542 3012 602 3053 et
652 3014 681 3053 a
725 3000 959 3055 veritate
1011 3000 1383 3056 alienissimos
1409 3003 1814 3072 cognoscimus.
1845 3002 2115 3069 Quoniam

2206 520 2327 582 στὸς
2367 520 2736 590 προσείληφεν
2762 518 2980 589 ἀξίωμα
2998 536 3013 550 ⁸
3038 520 3177 576 ἀλλὰ
3213 523 3417 578 ἄνωθεν
3448 528 3640 583 τέλειον
3660 532 3743 584 αὑ-

2204 612 2318 675 τδν,
2358 613 2453 665 καὶ
2485 611 2563 681 τῷ
2593 613 2766 681 Πατρὶ
2799 612 2940 665 κατὰ
2976 612 3155 665 πάντα
3192 614 3383 683 ὅμοιον
3409 621 3745 674 πεπιστεύκα-

2207 724 2330 775 μεν.
2359 705 2471 759 Καὶ
2500 706 2627 763 τοὺς
2658 704 2919 769 λέγοντας
2950 705 3039 759 τὸν
3074 706 3240 759 αὑτὸν
3271 703 3411 761 εἶναι
3440 711 3646 781 Πατέρα
3668 714 3748 767 καὶ

2205 797 2332 850 Υίὸν
2367 796 2462 849 καὶ
2513 794 2668 862 ἅγιον
2726 796 2976 864 Πνεῦμα,
3032 795 3161 849 καθ’
3215 796 3332 860 ἐνὸς
3369 799 3575 852 καὶτοῦ
3603 800 3749 853 αὑτοῦ

2208 887 2539 956 πράγματός
2563 904 2620 938 τε
2655 888 2750 941 καὶ
2780 886 3079 957 προσώπου
3111 887 3179 939 τὰ
3209 888 3337 957 τρία
3381 888 3608 957 ὀνόματα
3646 892 3755 943 ἀσε-

2205 979 2317 1042 ϐῶς
2367 979 2838 1048 ἐκλαμϐάνοντας,
2893 978 3127 1043 εἰκότως
3190 980 3643 1049 ἀποκηρύσσομεν
3670 983 3754 1051 τῆς

2217 1071 2548 1142 Ἐκκλησίας
2570 1088 2586 1105 ο
2626 1074 2705 1125 ὅτι
2741 1072 2832 1125 τὸν
2866 1071 3154 1142 ἀχώρητον
3194 1073 3291 1127 καὶ
3340 1073 3521 1144 ἅπαθῆ
3557 1074 3753 1140 Πατέρα
3910 1071 3916 1181 ι

2206 1166 2457 1235 χωρητδν
2494 1166 2589 1217 καὶ
2623 1164 2871 1232 παθητὸν
2905 1164 2993 1216 διὰ
3024 1164 3123 1233 τῆς
3155 1165 3615 1234 ἑνανθρωπήσεως
3641 1166 3757 1218 ὑπο-

2206 1256 2467 1311 τίθενται.
2500 1256 2745 1310 ’τοιοῦτοι
2775 1257 2882 1326 γάρ
2912 1260 3054 1310 εἰσιν
3102 1258 3154 1311 οἱ
3190 1258 3597 1329 Πατροπασανοί
3623 1257 3756 1326 παρὰ

2221 1343 2537 1412 Ῥωμαίοις,
2600 1344 2960 1397 Σαϐελλιανοὶ
3012 1344 3068 1397 δὲ
3135 1344 3267 1415 παρ’
3316 1347 3445 1416 ἡμῖν
3478 1344 3756 1411 λεγόμενοι.

2209 1435 2449 1504 Οἴδαμεν
2479 1436 2586 1505 γὰρ
2620 1437 2803 1506 ἡμεῖς,
2838 1435 2930 1489 τὸν
2956 1436 3056 1505 μὲν
3086 1436 3494 1491 ἀποστείλαντα
3542 1437 3758 1505 Πατέρα,

2208 1530 2267 1582 ἂν
2291 1528 2369 1600 τῷ
2398 1528 2586 1597 οίκείῳ
2614 1529 2713 1597 τῆς
2743 1525 3114 1580 ἁναλλοιὼτου
3157 1527 3413 1599 θεότητος
3461 1527 3579 1598 ἤθει
3612 1541 3761 1595 μεμε-

2210 1622 2462 1691 νηκέναι,
2492 1620 2584 1672 τὸν
2606 1619 2663 1673 δὲ
2698 1619 3087 1674 ἀποσταλέντα
3110 1618 3353 1690 Χριστὸν
3381 1619 3482 1689 τὴν
3514 1617 3608 1686 τῆς
3633 1619 3763 1669 ίναν·

2216 1713 2560 1784 θρωπήσεως
2588 1712 2905 1782 οἰκονομίαν
2927 1700 3383 1782 πεπληρωκέναι.
3430 1710 3657 1780 Ὁμοίως
3686 1709 3764 1761 καὶ

2215 1806 2340 1870 τοὺς
2365 1804 2427 1859 οὑ
2462 1804 2718 1875 βουλήσει
2749 1804 2870 1858 οὑδὲ
2894 1803 3118 1875 θελήσει
3142 1802 3509 1875 γεγεννῆσθαι
3538 1803 3625 1856 τὸν
3651 1803 3766 1870 Χρι-

2217 1899 2341 1952 στὸν
2397 1896 2692 1967 εἰρηκότας
2752 1895 3089 1960 ἁνευλαὸὦς,
3139 1896 3395 1966 ἀνάγκην
3444 1895 3498 1949 δὲ
3543 1894 3765 1964 δηλονότι

2213 1990 2515 2060 ἀϐούλητον
2538 1990 2727 2043 οὐσίαν
2785 1990 2881 2043 καὶ
2917 1988 3287 2057 ἀπροαίρετον
3338 1987 3766 2058 περιτεθεικότας

2214 2084 2290 2154 τῷ
2312 2083 2448 2154 Θεῷ,
2487 2084 2577 2136 ἵνα
2600 2083 2749 2138 ἄκων
2772 2082 3011 2152 γεννήσῃ
3034 2082 3126 2133 τον
3156 2081 3309 2147 Υίὸν,
3335 2080 3767 2139 δασσεϐεστάτους

2216 2179 2309 2230 καὶ
2341 2177 2440 2246 τῆς
2470 2176 2731 2245 ἀληθείας
2756 2175 2941 2241 ξένους
2961 2172 3438 2243 ὲπιγινὼσκομεν·
3460 2174 3611 2226 ὄτιτε
3637 2167 3769 2235 παρὰ

2216 2270 2312 2332 τὰς
2337 2269 2523 2332 κοινὰς
2556 2268 2767 2329 ἐννοίας
2803 2267 2934 2336 περὶ
2967 2266 3128 2329 Θεοῦ,
3161 2266 3256 2319 καὶ
3290 2266 3356 2335 δὴ
3387 2265 3540 2331 παρὰ
3584 2264 3641 2316 τὸ
3667 2258 3771 2330 βλύ-

2217 2362 2369 2431 λημα
2395 2362 2491 2431 τῆς
2528 2359 2891 2414 θεοπνεύστου
2947 2359 3195 2430 Γραφῆς,
3260 2358 3493 2412 τοιαῦτα
3530 2352 3771 2422 τετολμή-

2219 2471 2347 2508 κασι
2389 2452 2519 2522 περὶ
2571 2450 2738 2504 αὑτοῦ
2797 2449 3185 2520 διορίσασθαι·
3246 2449 3628 2518 αὐτοκράτορι
3679 2443 3773 2511 γὰρ

2220 2544 2380 2612 ἡμεῖς
2432 2540 2528 2593 τὸν
2582 2540 2713 2592 Θεὸν
2766 2538 2862 2591 καὶ
2917 2538 3126 2607 Κύριον
3172 2537 3339 2591 αὑτὸν
3373 2534 3564 2590 ἑαυτοῦ
3596 2532 3774 2591 eum;

2220 2634 2488 2695 ἑκουσίως
2517 2631 2681 2685 αὑτὸν
2710 2632 2804 2684 καὶ
2839 2629 3063 2684 θέλοντα
3099 2629 3195 2683 τὸν
3243 2629 3378 2683 Υίὸν
3406 2622 3773 2697 γεγεννηκέναι

2219 2724 2462 2789 εὑσεεῶς
2495 2723 2909 2792 ὑπειλήφαμεν.
2935 2720 3302 2783 Πιστεύοντες
3334 2719 3392 2772 δὲ
3427 2714 3677 2787 enectam;
3698 2713 3776 2764 καί

2219 2820 2281 2875 rb
2306 2820 2437 2890 περὶ
2464 2816 2633 2873 αὑτοῦ
2660 2815 2984 2885 λεγόμενον,
3017 2815 3237 2880 Κύριος
3267 2812 3570 2880 ἕκτισέμε
3604 2803 3777 2875 ἀρχὴν

2222 2912 2380 2968 ὁδῶν
2401 2909 2613 2972 αὐτοῦ,
2640 2912 2728 2975 εις
2749 2909 2895 2978 ἔργα
2917 2906 3128 2970 αὐτοῦ,
3151 2909 3252 2976 οὑχ
3277 2903 3483 2976 ὁμοίως
3509 2900 3664 2956 αὑτὸν
3680 2896 3779 2956 τοῖς

2221 3004 2291 3058 δι’
2328 3003 2495 3059 αὑτοῦ
2532 3002 2856 3073 γενομένοις
2913 2999 3217 3068 κτίσμασιν
3246 2997 3280 3069 ἢ
3310 2998 3587 3068 ποιήμασι
3616 3004 3780 3060 γεγεν·

543 3090 809 3148 adversns
863 3107 1186 3148 communes
1226 3093 1293 3147 de
1328 3093 1437 3148 Deo
1469 3094 1720 3162 notitias,
1748 3103 1915 3167 atque
1946 3096 2113 3152 etiam

2226 3096 2423 3168 νῆσθαι
2460 3094 2717 3165 νοοῦμεν.
2749 3090 2976 3153 Ἀσεϐὲς
3008 3089 3117 3160 γὰρ
3150 3088 3246 3142 καὶ
3275 3088 3379 3158 τῆς
3424 3084 3780 3190 iniunctam:

545 3183 810 3237 adversus
828 3183 1096 3238 divinitus
1138 3183 1416 3254 inspirata:
1440 3185 1738 3255 Scriptura:
1768 3189 2120 3256 sententiam,

546 3275 675 3330 talia
723 3276 789 3329 de
844 3290 911 3330 eo
955 3283 1200 3330 statuere
1245 3276 1478 3332 audent.
1522 3278 1632 3335 Nos
1661 3280 1865 3335 etenim
1905 3279 2127 3336 absolu-

549 3366 775 3421 tissimze
844 3367 1157 3435 potestatis,
1210 3382 1338 3421 eum
1428 3383 1573 3434 esse,
1625 3369 2125 3440 perfectissimique

545 3458 688 3528 juris
741 3458 824 3513 sui
886 3460 1054 3513 Deum
1089 3459 1351 3524 scientes,
1378 3469 1589 3530 'sponte
1621 3470 1677 3514 et
1715 3461 1997 3516 voluntate
2027 3477 2126 3516 sua

551 3551 753 3608 Filium
807 3551 1086 3620 genuisse,
1109 3553 1195 3621 pie
1226 3552 1628 3606 existimamus.
1668 3554 1885 3608 Etcum
1925 3554 2126 3612 timore

551 3644 686 3698 illud
711 3644 779 3698 de
807 3660 873 3697 eo
898 3644 1102 3699 dictum
1155 3659 1276 3698 esse
1312 3643 1624 3709 credentes,
1665 3644 1931 3699 Dominus
1971 3662 2127 3701 crea-

551 3737 624 3787 uit
670 3750 749 3788 me
804 3735 1020 3787 initium
1072 3737 1283 3788 viarum
1339 3752 1565 3789 suarum
1631 3737 1702 3790 ad
1741 3753 1901 3807 opera
1935 3740 2124 3795 sua‘:

554 3843 663 3881 non
721 3826 909 3881 itidem
952 3842 1079 3882 eum
1112 3836 1171 3881 ut
1194 3835 1479 3883 creaturas
1511 3828 1867 3899 facturasque
1892 3828 2013 3899 ejus
2041 3846 2128 3902 ge-

555 3920 733 3973 nitum
777 3934 897 3973 esse
926 3920 1284 3976 arbitramur.
1336 3919 1569 3989 lmpium
1604 3921 1751 3975 enim
1790 3929 1895 3988 est,
1933 3933 1989 3979 et
2059 3925 2127 3979 ab

549 4010 922 4065 ecclesiastica
953 4009 1058 4065 ﬁde
1081 4011 1344 4073 alienum,
1376 4010 1729 4066 Conditorem
1754 4018 1879 4067 cum
1912 4024 2127 4070 creatu-

551 4104 624 4155 ris
660 4117 759 4171 per
792 4117 917 4156 eum
952 4101 1191 4156 conditis
1208 4102 1936 4174 comparare,eumdemque
1956 4107 2124 4160 etiam

552 4207 679 4246 eum
716 4194 1092 4261 generationis
1118 4191 1341 4247 modum
1377 4208 1499 4245 cum
1547 4191 1626 4246 eis
1651 4208 1773 4261 quae
1807 4194 1876 4249 ab
1907 4212 1973 4251 eo
1995 4209 2128 4252 sunt

551 4286 729 4338 aliena
774 4284 980 4338 habere
1035 4294 1247 4351 putare.
1290 4283 1476 4338 Solum
1506 4300 1766 4355 namque,
1796 4296 1850 4342 et
1876 4288 1994 4344 solo
2028 4305 2124 4344 seu

555 4376 718 4430 unico
777 4375 939 4430 modo
973 4377 1314 4445 unigenitum
1360 4375 1555 4430 Filium
1580 4392 1840 4446 germane
1882 4394 1979 4433 seu
2028 4396 2127 4435 na-

2225 3192 2328 3260 κῆς
2355 3190 2593 3252 πίστεως
2626 3186 2910 3257 ἀλλότριον
2942 3183 3002 3236 τδ
3024 3184 3116 3237 τὸν
3149 3183 3381 3251 κτίστην
3411 3182 3526 3244 τοῖς
3545 3178 3613 3233 δι’
3635 3169 3781 3230 αὑτοῦ

2227 3280 2575 3350 ὲκτισμένοις
2634 3276 3095 3348 δημιουργήμασι
3158 3274 3564 3345 παραϐάλλειν,
3593 3267 3785 3325 καὶτὸν

2225 3373 2388 3428 αὑτὸν
2418 3372 2522 3443 τῆς
2550 3371 2818 3437 γενέσεως
2842 3371 2955 3433 τοῖς
2978 3367 3283 3438 ἀλλοτρίοις
3308 3367 3513 3440 τρόπον
3539 3364 3677 3434 ἔχειν
3705 3358 3787 3414 καὶ

2226 3466 2389 3519 αὑτὸν
2421 3464 2690 3535 νομίζειν.
2730 3461 2911 3516 Μόνον
2944 3461 3053 3531 γὰρ
3086 3462 3181 3514 καὶ
3211 3459 3398 3529 μόνως
3427 3458 3518 3511 τὸν
3550 3448 3787 3525 μονογενῆ

2228 3557 2359 3611 Υίὸν
2397 3556 2638 3624 γνησίως
2670 3573 2727 3607 τε
2786 3554 2882 3607 καὶ
2911 3551 3132 3624 ἀληθῶς
3188 3550 3546 3605 διδάσκουσιν
3570 3545 3708 3618 ἡμᾶς
3740 3539 3788 3595 αἱ

2230 3648 2372 3703 θεῖαι
2394 3648 2612 3717 Γραφαὶ
2636 3626 3008 3715 γεγεννῆσθαι
3029 3661 3044 3677 ·
3098 3644 3218 3697 ἀλλ’
3248 3644 3378 3699 οὑδὲ
3412 3645 3506 3698 τὸν
3532 3641 3656 3695 Υίὸν
3684 3632 3790 3689 καθ’

2229 3740 2424 3794 ἑαυτὸν
2448 3734 2611 3803 εἶναι,
2647 3738 2747 3809 ζῇν
2775 3755 2834 3791 τε
2872 3738 2968 3790 καὶ
3002 3737 3274 3806 ὑπάρχειν
3300 3734 3505 3806 ὁμοίως
3528 3731 3606 3801 τῷ
3636 3723 3791 3795 Πατρὶ

2227 3832 2500 3901 λέγοντες,
2528 3832 2617 3885 διὰ
2653 3830 2812 3883 τοῦτο
2858 3828 3169 3899 χωρίζομεν
3220 3827 3391 3881 αὑτὸν
3422 3825 3516 3881 τοῦ
3557 3819 3753 3889 Harpe;
3777 3852 3790 3876 ι

2226 3927 2427 3988 τόπους
2447 3924 2501 3976 δὲ
2523 3923 2618 3976 καὶ
2642 3920 2993 3989 διαστήματα
3017 3937 3139 3972 τινα
3164 3918 3376 3990 μεταξὺ
3397 3918 3496 3987 τῆς
3520 3909 3792 3979 συναφείας

2229 4015 2409 4071 αὑτῶν
2436 4012 2767 4084 σωματικῶς
2795 4009 3139 4073 ἐπινοοῦντες
3160 4025 3177 4041 ο
3214 4006 3673 4074 πεπιστεύκαμεν
3700 3998 3794 4067 γὰρ

2228 4107 2602 4179 ἀμεσιτεύτως
2658 4105 2857 4166 αὑτοὺς
2909 4106 3004 4158 καὶ
3037 4099 3386 4165 ἁδιαστάτως
3419 4093 3791 4165 ὲπισυνῆφθαι,

2230 4201 2323 4253 καὶ
2352 4198 2673 4270 ἁχωρίστως
2716 4195 2992 4265 ὑπάρχειν
3019 4193 3233 4247 ἑαυτῶν
3254 4232 3269 4258 ,
3296 4193 3422 4247 ὅλον
3458 4189 3561 4262 μὲν
3585 4186 3674 4242 τοῦ
3701 4185 3796 4237 Ila.-

2227 4292 2356 4363 τρὺς
2404 4288 2862 4359 ὲνστερνισμένου
2916 4286 3007 4340 τὸν
3072 4287 3236 4350 Υίὺν,
3296 4286 3426 4340 ὅλου
3466 4284 3525 4338 δὲ
3558 4281 3649 4336 τοῦ
3681 4276 3794 4331 Υἱοῦ

2229 4384 2607 4456 ἑξηρτημένου
2668 4381 2762 4433 καὶ
2821 4379 3280 4452 προσπεφυκότος
3331 4378 3414 4448 τῷ
3468 4375 3679 4446 Πατρὶ,
3717 4369 3799 4423 καὶ

552 4471 660 4524 live
712 4480 875 4539 atque
926 4484 1055 4525 vere
1101 4470 1345 4538 genitum
1394 4485 1534 4532 esse,
1566 4487 1663 4525 nos
1690 4470 2118 4530 divinaeLitterae

2233 4478 2398 4547 μόνου
2428 4476 2538 4538 τοῖς
2570 4471 2849 4543 πατρῴοις
2895 4472 3120 4533 κόλποις
3172 4469 3608 4542 ἀναπαυομένου
3638 4466 3800 4534 διηνε-

551 4562 773 4617 doceut.
803 4559 946 4626 Quin
987 4576 1167 4628 neque
1202 4558 1332 4613 dum
1366 4560 1562 4613 Filium
1590 4578 1687 4631 per
1710 4563 1952 4633 seipsum
1983 4579 2127 4631 esse,

554 4655 760 4714 \ivcre,
820 4665 878 4707 et
941 4653 1213 4707 exsistere
1276 4653 1642 4709 consimiliter
1679 4654 1829 4709 Patri
1866 4655 2126 4724 dicimus,

553 4755 846 4815 prOpterea
894 4759 1019 4798 cum
1066 4758 1095 4797 a
1141 4744 1302 4798 Patre
1332 4760 1704 4816 segregamus,
1725 4747 1845 4802 loca
1871 4758 1930 4803 et
1957 4749 2127 4806 inter~

552 4839 691 4891 valla
747 4836 994 4905 quaedam
1048 4836 1193 4891 inter
1227 4850 1418 4891 eorum
1451 4839 1898 4909 conjunctionem
1926 4857 2127 4914 corpo-

552 4932 744 4984 raliter
791 4922 1172 4997 imaginantes.
1219 4927 1507 4984 Credimus
1564 4931 1711 4985 enim
1761 4932 1883 4988 sine
1915 4935 2120 5001 medio,

556 5031 611 5072 ct
644 5021 763 5073 sine
793 5021 972 5088 spatio
1029 5019 1159 5083 ullo,
1196 5020 1341 5089 ipsos
1365 5022 1692 5093 coujunctos
1716 5039 1861 5089 esse,
1892 5035 1949 5081 et
1975 5026 2128 5104 inse-

557 5112 877 5179 parabiliter
925 5129 953 5167 a
980 5113 1177 5183 scipsis
1193 5114 1461 5168 exsistere
1494 5130 1508 5168 :
1538 5113 1702 5171 Patre
1731 5117 1954 5186 quidem
1977 5134 2127 5173 com-

555 5204 851 5272 plectente,
911 5214 968 5260 et
1034 5208 1245 5276 pectori
1311 5208 1620 5276 applicante
1665 5209 1865 5265 Filium
1902 5221 2123 5267 totum:

558 5292 695 5347 Filio
718 5309 845 5348 vero
871 5306 986 5349 toto
1010 5310 1236 5365 prorsus
1273 5296 1531 5352 devincto
1559 5311 1614 5353 et
1646 5302 1920 5370 applicato
1949 5301 2127 5365 Patri,

552 5401 730 5455 cuque
755 5388 872 5441 solo
907 5399 1170 5458 perpetuo
1202 5389 1255 5443 in
1274 5392 1397 5443 sinu
1419 5399 1647 5457 paterno
1665 5396 2089 5463 conquiescente
2111 5436 2125 5449 .

555 5476 745 5545 Itaque
781 5518 796 5542 ,
826 5479 881 5533 in
947 5481 1124 5535 modis
1176 5482 1435 5536 omnibus
1470 5482 1769 5551 perfectam
1800 5495 1857 5539 et
1889 5490 2123 5543 sanctis-

557 5570 751 5623 simam
816 5571 1139 5628 Trinitatem
1202 5574 1492 5629 credcntes
1553 5573 1880 5646 Patremque
1952 5579 2123 5636 Deum

642 5758 656 5789 ¹
694 5758 835 5815 Prov
884 5762 1111 5828 \Iu,‘12.

2232 4571 2365 4634 κῶς.
2400 4566 2755 4629 Πιστεύοντες
2786 4561 2878 4621 οὖν
2900 4566 2980 4626 είς
2999 4564 3099 4634 τὴν
3131 4563 3459 4617 παντέλειον
3489 4559 3695 4633 Τριάδα
3715 4553 3801 4625 τὴν

2229 4661 2566 4733 ἁγιωτάτην,
2590 4660 2683 4712 τὸν
2714 4657 2939 4729 Πατέρα
2963 4657 3216 4724 λέγοντες
3244 4655 3388 4708 Θεδν
3418 4652 3626 4708 καὶτὸν
3659 4646 3799 4707 Υίδν,

2229 4756 2289 4809 ού
2324 4753 2417 4807 δύο
2446 4752 2674 4815 τούτους
2705 4750 2883 4813 θεοὺς,
2909 4749 3028 4803 ἀλλ’
3052 4748 3149 4801 ἕνα
3182 4746 3563 4817 ὁμολογοῦμεν
3592 4738 3729 4796 κατὰ
3748 4734 3802 4788 τὸ

2231 4848 2327 4917 τῆς
2358 4846 2614 4916 θεότητος
2671 4843 2917 4912 ἀξίωμα,
2973 4841 3069 4896 καὶ
3101 4841 3233 4912 μίαν
3287 4839 3502 4911 ἀκρισῆ
3532 4837 3633 4907 τῆς
3666 4833 3802 4904 βασι·

2233 4935 2384 4998 λείας
2441 4935 2539 5004 τὴν
2575 4933 2909 5002 συνάφειανε
2965 4928 3418 5000 πακιταρχοῦντος
3452 4928 3553 4998 μὲν
3587 4921 3799 4980 καθόλου

2234 5026 2325 5079 τοῦ
2382 5026 2597 5096 Πατρὸς
2668 5027 2887 5078 πάντων
2922 5022 3016 5076 καὶ
3068 5020 3237 5075 αὑτοῦ
3298 5021 3398 5073 τοῦ
3439 5017 3594 5082 Υίοῦ,
3624 5011 3715 5068 τοῦ
3750 5008 3802 5063 δὲ

2230 5119 2365 5174 Υίοῦ
2420 5119 2873 5187 ὑποτεταγμένον
2934 5116 3014 5186 τῷ
3068 5112 3280 5184 Πατρίο
3349 5111 3512 5173 ἐκτὸς
3564 5109 3621 5161 δὲ
3651 5096 3799 5160 αὑτοῦ

2232 5215 2452 5268 πάντων
2495 5210 2605 5265 τῶν
2656 5209 2776 5281 μετ’
2801 5206 2964 5263 αὑτὸν
2998 5204 3384 5277 βασιλεύοντος
3408 5202 3521 5257 τῶν
3547 5201 3616 5255 δι’
3647 5192 3800 5251 αὑτοῦ

2231 5304 2563 5373 γενομένων,
2624 5304 2721 5357 καὶ
2752 5301 2852 5373 τὴν
2891 5299 2984 5354 τοῦ
3051 5297 3211 5368 ἁγίου
3265 5295 3595 5366 Πνεύματος
3651 5288 3802 5361 χάριν

2233 5397 2481 5464 ἁφθῧνως
2503 5397 2614 5458 τοῖς
2639 5395 2814 5463 ἁγίοις
2834 5392 3183 5463 δωρουμένου
3207 5388 3464 5459 πατρικῷ
3486 5387 3648 5459 βουλή
3656 5396 3801 5455 ματι.

2236 5487 2394 5541 Οὕτω
2417 5488 2524 5556 γὰρ
2566 5487 2658 5539 τὸν
2709 5486 2839 5555 περὶ
2865 5484 2963 5555 τῆς
2987 5485 3046 5547 ὲν
3087 5481 3311 5552 Χριστῷ
3348 5479 3658 5551 μοναρχίας
3691 5487 3806 5526 συν·

2238 5581 2489 5637 ίσταοθαι
2550 5579 2709 5650 λόγον
2739 5577 3192 5650 παρλδεδώκασιν
3220 5577 3353 5649 ἡμῖν
3382 5575 3433 5629 oi
3471 5576 3609 5646 ἱεροὶ
3640 5568 3801 5637 λόγοι.
