3990 6454
260 465 359 530 εεπ

1203 454 1812 516 ECCLESIASTlC/E
1850 452 2247 514 HISTORle
2289 453 2442 513 LIB.
2494 455 2591 513 1X.

3421 455 3531 517 2T8

258 584 445 638 Ταῦτα
470 577 905 651 ἠναγκάσθησαν
948 575 1084 646 μετὰ
1115 574 1215 644 τὴν
1247 575 1305 626 ἑν
1334 573 1571 642 ἐπιτομῇ
1606 568 1842 623 ἐκτεθεῖ-

1954 567 2220 632 ᾱὶςσῖιιιθε,
2284 577 2342 621 et
2401 567 2622 628 Filium,
2678 579 2787 619 non
2847 564 2997 634 ipsos
3052 566 3195 622 duos
3234 569 3392 636 deos,
3431 573 3527 628 sed

262 693 360 729 σαν
390 674 578 725 πίστιν
626 668 963 738 πλατύτερον
1014 664 1525 735 ἑπεξεργάσασθαι,
1586 661 1648 714 οὐ
1700 660 1841 713 κατά

264 764 525 836 περιττὴν
556 760 902 831 φιλοτιμίαν,
930 758 1048 814 ἀλλ’
1084 760 1173 811 ⁴ἱνα.
1205 758 1387 810 πᾶσαν
1434 754 1535 824 τὴν
1566 753 1707 806 κατὰ
1742 753 1843 821 τῆς

267 856 538 927 ἡμετέρας
618 851 943 919 ὑπολήψεως
1021 846 1313 916 ἀλλοτρίαν
1393 845 1842 913 ἀποκαθάρωμεν

269 950 503 1016 ὑποψίαν
558 946 709 1012 παρὰ
765 945 877 1005 τοῖς
919 940 989 994 τὰ
1023 940 1148 993 καθ’
1203 937 1361 1010 ἡμῶν
1418 934 1714 1005 ἀγνοοῦσι-
1746 934 1841 986 καὶ

264 1041 467 1110 γνῶσιν
491 1040 539 1092 οἱ
575 1038 716 1090 κατὰ
741 1036 840 1106 τὴν
872 1036 1019 1087 δόσιν
1060 1033 1264 1096 πάντες
1292 1030 1433 1099 ὁμοῦ
1483 1030 1583 1099 μὲν
1622 1031 1718 1098 τῆς
1752 1045 1845 1081 συ-

262 1129 563 1198 κοφαντίας
592 1127 699 1179 τῶν
756 1123 1085 1195 ἑτεροδόξων
1141 1123 1239 1189 τὴν
1269 1121 1569 1183 ἀναίδειαν,
1602 1116 1742 1188 ὁμοῦ
1784 1117 1841 1171 δὲ

265 1221 365 1275 καὶ
404 1220 510 1274 τῶν
564 1218 902 1273 ἀνατολικῶν
943 1217 1004 1270 τὸ
1052 1214 1518 1283 ἐκκλησιαστικὸν
1554 1213 1840 1283 φρόνημα,

267 1309 715 1382 μαρτυρούμενον
787 1308 1067 1370 ἀϐιάστως
1116 1306 1224 1360 ὑπὸ
1285 1304 1394 1358 τῶν
1461 1303 1844 1357 θεοπνεύστων

265 1403 500 1473 Γραιξῶν
562 1402 692 1470 παρ’
730 1400 918 1464 αὐτοῖς
954 1399 1353 1468 ἀδιαστρόφως.
1421 1415 1441 1447 ι
1500 1396 1588 1448 Ἐν
1633 1393 1845 1457 τούτοις

262 1495 366 1565 μὲν
395 1498 427 1564 ἠ
465 1496 825 1564 μακρόστξχος
866 1490 1049 1561 ἑκείνη
1085 1490 1302 1552 ἑκθεσις
1331 1487 1718 1558 περιείληπτο.

1948 674 2120 711 unum
2184 657 2540 721 confitemur,
2568 658 2722 727 juxta
2750 656 3056 713 divinitatis
3088 660 3528 729 amplitudinem,

1947 761 2005 805 et
2062 766 2229 805 unam
2292 761 2499 805 certam
2544 751 2968 820 absolutamque
2999 754 3152 824 regni
3182 757 3531 826 conjunctio-

1949 857 2076 895 nem
2110 860 2122 894 :
2158 840 2543 893 universarum
2587 842 2808 910 quidem
2835 858 3017 895 rerum
3050 860 3151 919 per
3180 848 3364 899 omnia
3402 863 3527 901 cum

1947 948 2163 986 summa
2220 942 2494 999 potestate
2552 935 2841 1001 imperium
2890 937 3177 992 obtinente
3230 939 3389 993 Patre
3409 955 3530 994 om-

1948 1024 2127 1088 nium,
2179 1035 2234 1079 ct
2282 1025 2458 1093 ipsius
2518 1026 2640 1079 Filii
2680 1026 2792 1096 tl);
2832 1026 2969 1082 Filio
3003 1040 3187 1083 autem
3222 1032 3366 1085 Patri
3405 1033 3532 1099 qui-

1945 1120 2069 1172 dem
2129 1118 2401 1188 subjecto,
2433 1128 2589 1172 extra
2631 1135 2761 1173 \cro
2812 1136 2937 1174 cum
2972 1122 3227 1177 universa
3256 1134 3377 1192 post
3402 1141 3528 1179 cum

1945 1224 2067 1278 qua:
2123 1224 2223 1278 per
2286 1210 2465 1279 ipsum
2520 1210 2663 1266 facta
2714 1221 2846 1267 sum
2910 1223 3157 1283 regente,
3208 1227 3265 1270 et
3291 1216 3531 1285 Spiritus

1946 1302 2123 1355 sancti
2162 1302 2368 1372 prolixe
2411 1318 2477 1357 ex
2522 1304 2807 1359 voluntate
2865 1306 3045 1361 Patris
3077 1308 3303 1375 gratiam
3326 1312 3533 1363 sanctis

1947 1395 2209 1451 donante.
2279 1398 2443 1468 695
2489 1398 2568 1452 Ad
2626 1400 2774 1453 hunc
2830 1402 2979 1454 enim
3008 1402 3255 1468 modum,
3281 1402 3529 1456 ordinem

1947 1500 2003 1544 et
2036 1491 2304 1545 rationem
2334 1493 2667 1547 monarcbite
2726 1493 2999 1563 uniusque
3048 1496 3262 1564 imperii
3286 1495 3341 1548 iu
3374 1495 3535 1550 Chri-

260 1602 346 1645 sto
393 1602 644 1646 constare
700 1590 864 1644 nobis
896 1603 1049 1644 sacra
1104 1586 1399 1658 prodidere
1428 1585 1677 1643 oracula.
1748 1583 1876 1641 Haec
1918 1597 1979 1641 ut
2049 1596 2176 1656 post
2197 1589 2509 1643 breviorem
2552 1589 2678 1644 fidei
2707 1588 3005 1644 formulam
3069 1590 3247 1644 fusius
3292 1606 3534 1660 expone-

262 1702 470 1751 remus,
534 1687 835 1741 necessitas
893 1683 1052 1740 nobis
1110 1682 1368 1752 imposita
1430 1690 1538 1745 est,
1597 1695 1710 1734 non
1780 1696 1879 1749 per
1919 1682 2254 1750 superﬂuam
2298 1683 2683 1751 ambitionem,
2740 1684 2854 1739 sive
2892 1684 3373 1752 venditationem,
3436 1686 3531 1739 sed

270 1793 329 1837 ut
354 1798 570 1837 omnem
595 1783 830 1836 alienam
858 1780 1238 1851 suspicionem
1300 1786 1501 1834 contra
1579 1778 1913 1832 sententiam
1957 1787 2205 1832 nostram
2263 1788 2608 1849 conceptam,
2667 1781 2812 1850 apud
2858 1796 2955 1834 eos
3023 1781 3250 1850 quires
3317 1792 3534 1837 nostras

276 1878 540 1946 ignorant,
571 1877 1062 1947 abstergeremus:
1101 1884 1157 1929 et
1208 1884 1267 1929 ut
1332 1873 1720 1931 Occidentales
1792 1889 1984 1930 omnes
2049 1890 2174 1929 cum
2253 1875 2544 1931 calumnize
2594 1876 3044 1931 adversariorum
3110 1878 3531 1948 impudentiam,

276 1982 383 2027 tum
439 1972 871 2028 ecclesiasticam
935 1971 1301 2027 Orientalium
1359 1970 1676 2042 Opinionem
1753 1977 2110 2039 cognoscant,
2158 1969 2247 2023 cui
2302 1970 2548 2040 opinioni
2601 1970 2869 2026 divinitus
2898 1973 3175 2040 inspirata:
3213 1972 3536 2043 Scripturzr,

266 2082 386 2137 qua:
415 2068 555 2138 apud
604 2084 701 2124 eos
741 2069 1012 2123 inviolata:
1039 2076 1460 2130 conservantur,
1504 2082 1599 2136 per
1639 2066 1844 2120 nullam
1884 2077 2127 2121 coactam
2181 2077 2277 2122 aut
2306 2067 2600 2123 violentam
2658 2068 3192 2138 interpretationem,
3242 2070 3533 2141 perhibent

266 2161 658 2217 testimonium.
690 2182 709 2215 ι
748 2163 861 2218 Hoc
916 2163 1138 2240 quidem
1173 2162 1337 2217 modo
1368 2160 1634 2232 prolixior
1666 2160 1758 2214 illa
1782 2160 2056 2230 expositio
2082 2162 2261 2216 fuerat
2291 2161 2564 2219 instituta.

851 2304 1100 2359 ΚΕΦΑΛ.
1137 2302 1238 2357 ΙΒ’.

567 2400 699 2470 Περὶ
723 2398 836 2467 τῆς
861 2397 931 2451 ἑν
957 2393 1223 2466 Σαρδικυῆ
1252 2395 1546 2469 συνόδρυ.

345 2518 435 2583 Ὠς
464 2517 512 2570 δ’
537 2515 818 2585 ἀπηξίωτο
851 2515 963 2577 τοῖς
999 2513 1057 2566 ἑν
1085 2510 1319 2581 ἑσπέρᾳ.
1357 2508 1625 2573 Κώνστας
1652 2510 1680 2563 ὁ
1710 2509 1849 2563 καῖ.

265 2631 370 2685 σαρ
416 2612 545 2681 μίαν
572 2609 691 2680 ᾔτει
711 2606 874 2678 χάριν
912 2604 1002 2657 τὸν
1035 2603 1287 2672 ἀδελφὸν,
1323 2600 1520 2672 Παύλῳ
1561 2601 1654 2655 καὶ
1682 2599 1848 2653 Ἀθα-

265 2705 441 2775 νασίῳ
474 2703 599 2766 τοὺς
624 2700 860 2762 οἰκείους
892 2696 1123 2768 θρόνους
1147 2694 1463 2749 ἀναλαϐεῖν.
1511 2693 1600 2757 Ὠς
1624 2692 1681 2746 δὲ
1710 2692 1849 2764 γρά-

265 2816 383 2870 φων
412 2796 566 2851 οὐδὲν
602 2793 803 2866 μᾶλλον
834 2793 989 2862 ῆνυε,
1016 2788 1125 2843 τῶν
1152 2788 1219 2842 δι’
1249 2787 1504 2849 ἐναντίας
1545 2785 1848 2855 ἀντιπρατ-

261 2893 491 2958 τόντων,
545 2891 642 2942 καὶ
687 2887 797 2941 τῶν
854 2884 1005 2939 λαῶν
1051 2883 1142 2938 διὰ
1193 2880 1369 2936 ταῦτα
1418 2877 1845 2943 στασιαζόντων,

267 2984 593 3055 προσιόντες
618 2979 936 3033 Κώνσταντι
963 2977 1013 3029 oi.
1036 2974 1165 3043 περὶ
1191 2971 1426 3037 Παῦλον,
1449 2968 1849 3040 σύνοδονῇτουν

263 3072 655 3144 οἱκουμενικὴν
685 3068 966 3139 γενέσθαι,
1000 3066 1143 3121 ὥστε
1171 3064 1238 3138 δὴ
1269 3064 1366 3119 καὶ
1387 3063 1458 3117 τὰ
1480 3063 1580 3132 τῆς
1612 3062 1850 3125 πίστεως

264 3170 366 3224 καὶ
397 3168 466 3219 τὰ
502 3164 622 3219 κατ’
678 3163 879 3225 αὐτοὺς
937 3159 1184 3233 ἀκριϐῶς
1233 3157 1566 3225 ἑτασθῆναι.
1598 3154 1709 3227 Τὴν
1740 3154 1849 3226 γὰρ

266 3260 594 3332 καθαίρεσιν
626 3257 888 3327 ὑποσχεῖν
914 3252 1242 3309 διετείνοντο
1277 3252 1368 3306 διὰ
1396 3250 1458 3304 τὸ
1479 3251 1579 3320 τῆς
1611 3250 1851 3312 πίστεως

266 3351 597 3424 ἀκραιφνές.
634 3349 834 3419 Γνώμη
867 3348 1053 3401 τοίνυν
1088 3347 1203 3399 τοῖν
1232 3345 1381 3398 δυοῖν
1412 3342 1691 3414 βασιλέοιν
1741 3341 1852 3410 ὲγί-

267 3465 411 3512 νετο,
441 3447 567 3508 τοὺς
595 3442 687 3514 ἀφ’
715 3443 991 3512 ἑκατέρας
1043 3437 1363 3511 ἀρχομένης
1404 3440 1741 3498 ἐπισκόπους
1770 3439 1851 3499 εἰς

267 3540 445 3611 ῥητὴν
469 3537 682 3609 ἡμέραν
711 3531 1042 3587 καταλαϐεῖν
1070 3533 1170 3602 τὴν
1197 3529 1493 3603 Σαρδικὴν,
1536 3529 1764 3598 Ἰλλυρὶς
1794 3530 1851 3581 δὲ

272 3631 429 3693 πόλις
481 3627 642 3697 αὕτη,
702 3627 797 3679 τοῦ
860 3626 961 3698 μὲν
1014 3625 1320 3687 αἰτοῦντος,
1368 3622 1758 3677 Κωνσταντίου
1793 3622 1849 3674 δὲ

270 3720 668 3785 ὑπακούοντος,
709 3717 850 3771 ὥστε
880 3721 982 3788 τὴν
1012 3719 1203 3771 στάσιν
1228 3716 1572 3784 διαλυθῆναι.
1611 3717 1720 3768 Καὶ
1740 3717 1849 3768 ἀπὸ

274 3817 372 3889 μὲν
397 3813 506 3867 τῶν
540 3815 677 3884 πρὸς
714 3811 957 3883 ἑσπέραν
986 3812 1172 3881 μερῶν
1212 3810 1357 3879 ἀμφὶ
1386 3809 1694 3878 τριακόσιοι
1725 3827 1851 3861 συν-

270 3914 434 3987 ἦλθον
472 3910 791 3984 ἑπίσκοποι,
820 3910 895 3972 ῶς
921 3905 1024 3961 πού
1069 3924 1236 3976 φησιν
1256 3908 1285 3960 ὁ
1324 3906 1469 3976 ἱερὸς
1501 3903 1846 3969 Ἀθανὰσιος,

269 4012 336 4064 ὲκ
361 4008 418 4061 δὲ
439 4008 535 4077 τῆς
569 4006 646 4059 ἕω
672 4005 731 4071 ἓξ
760 4021 820 4057 τε
847 4004 942 4057 καὶ
969 4002 1345 4072 ἑϐδομήκοντα
1366 4016 1381 4032 ·
1423 3998 1652 4061 Σαὸἰνος
1676 3999 1704 4049 ὁ
1730 3999 1850 4050 Ma-

268 4102 509 4165 κεδόνιος
537 4097 698 4153 τοῦτό
729 4114 895 4168 φησιν
920 4112 937 4128 θ
975 4090 1056 4153 οἷς
1096 4092 1525 4162 συγκατείλεκτο
1548 4092 1644 4144 καὶ
1674 4088 1850 4159 ’ἰσχύ-

274 4213 371 4269 ρας
411 4194 639 4255 ἐκεῖνος,
665 4193 693 4245 ὁ
717 4190 777 4257 ἑξ
825 4187 1022 4244 ἑαυτοῦ
1057 4188 1159 4256 τὴν
1196 4184 1506 4255 ἱερωσύνην
1535 4182 1845 4238 ἀναλαῦών.

271 4288 381 4342 Καὶ
408 4284 552 4339 κατὰ
576 4282 736 4336 τοῦτο
768 4282 1026 4350 διάφορος
1056 4278 1340 4340 καταστὰς
1378 4276 1708 4344 Ἀθανασίῳ,
1736 4275 1849 4338 τοῖς

269 4380 326 4434 δὲ
358 4379 424 4433 δι’
454 4375 707 4438 ἐναντίας
734 4373 1004 4444 προσιὼν,
1037 4372 1132 4426 καὶ
1174 4372 1241 4424 τὰ
1267 4368 1440 4441 ψεύδη
1497 4368 1848 4438 συμπλάσας,

270 4472 569 4534 ἐπίσκοπος
623 4469 929 4540 Μαρεώτου
980 4464 1112 4536 παρ’
1176 4464 1407 4518 ἐκείνων
1466 4459 1847 4532 ἁνεκηρύχθη.

269 4564 395 4620 Οἱδ’
424 4563 575 4618 ἄλλοι
612 4562 673 4613 τὸ
709 4560 896 4614 στενὸν
928 4557 1026 4612 τοῦ
1070 4557 1385 4628 ὁρισθέντος
1439 4554 1637 4625 καιροῦ
1667 4555 1726 4608 ἑν
1758 4555 1849 4607 at.

269 4660 415 4720 τίαις
460 4657 705 4726 θέμενοι,
768 4654 1208 4725 ἀπελείφθησαν,
1262 4651 1424 4714 ἄλλος
1447 4650 1576 4704 ἄλλο
1613 4667 1665 4702 τι
1717 4666 1851 4720 προ-

271 4748 612 4816 ϐαλλόμενοι,
631 4743 839 4812 Ἰουλίῳ
856 4760 925 4819 χγε
961 4742 1068 4814 μὴν
1101 4741 1199 4812 τὴν
1238 4738 1449 4811 μέμψιν
1474 4738 1848 4804 ἀνατιθέντες,

271 4842 360 4893 καὶ
400 4838 576 4892 ταῦτα
613 4838 717 4906 πρὸ
739 4838 914 4890 εἴκοσι
954 4832 1144 4905 μηνῶν
1177 4832 1275 4902 τῆς
1311 4830 1549 4900 ἀφίξεως
1585 4830 1692 4883 τῶν
1728 4831 1850 4882 ἑπι-

272 4936 490 4987 σκόπων
519 4930 966 5000 κεκηρυγμένης.
1018 4921 1127 4981 Ἦν
1153 4924 1210 4978 δὲ
1240 4923 1401 4978 τοῦτο
1439 4923 1670 4977 δέκατον
1703 4924 1846 4985 ἑτος,

1875 2306 1922 2365 Β

2539 2305 2771 2362 CAPUT
2810 2307 2928 2362 XII.

2411 2397 2487 2453 De
2523 2397 2828 2455 Sardicensi
2851 2403 3072 2471 synodo.

2023 2515 2091 2571 Ut
2123 2524 2306 2571 autem
2338 2516 2407 2569 ab
2436 2515 2890 2575 Occidentalibus
2927 2531 3012 2577 est
3050 2524 3363 2593 repudiata,
3394 2526 3539 2583 Con-

1950 2619 2104 2663 stans
2134 2608 2318 2663 Czesar
2354 2625 2524 2663 unum
2562 2610 2697 2665 illud
2732 2628 2761 2665 a
2794 2612 2964 2670 fratre
2995 2614 3099 2670 sibi
3135 2615 3253 2671 dari
3288 2622 3500 2687 postula
3524 2651 3536 2663 -

1954 2700 2053 2764 vit,
2088 2712 2147 2756 ut
2177 2702 2384 2757 Paulus
2411 2712 2469 2757 et
2491 2702 2829 2761 Athanasius
2857 2707 3018 2762 sedes
3045 2725 3175 2764 suas
3203 2711 3536 2782 reciperent.

1950 2793 2021 2849 At
2074 2809 2201 2848 cum
2259 2795 2464 2851 litteris
2512 2796 2631 2852 suis
2686 2797 2827 2852 nihil
2877 2798 3191 2866 effecisset,
3244 2814 3536 2873 propterea

1950 2886 2099 2955 quod
2141 2887 2445 2942 adversarii
2478 2898 2674 2943 contra
2718 2890 3075 2947 niterentur:
3109 2904 3164 2948 et
3193 2910 3319 2950 eum
3356 2913 3539 2968 popu-

1949 2979 2037 3035 lus
2087 2996 2152 3035 ea
2205 2980 2275 3036 de
2322 2996 2487 3037 causa
2535 2981 2869 3038 seditionem
2918 2998 3184 3053 moveret,
3238 2987 3442 3044 Paulus
3479 3000 3537 3046 et

1952 3073 2287 3130 Athanasius
2326 3080 2546 3129 rursum
2582 3071 2939 3130 Constantem
2983 3077 3195 3142 adiere,
3225 3088 3284 3134 et
3321 3089 3380 3134 ut
3414 3084 3537 3136 uni-

1952 3165 2183 3222 versalis
2227 3166 2469 3235 synodus
2509 3176 2802 3236 cogeretur
2843 3168 3076 3239 petiere,
3116 3180 3177 3226 ut
3212 3172 3284 3228 de
3325 3176 3540 3244 profes-

1953 3260 2108 3315 sione
2145 3257 2295 3324 lidei,
2327 3268 2385 3313 et
2429 3258 2498 3313 de
2530 3274 2722 3314 eorum
2755 3262 2939 3317 causis
2976 3265 3297 3320 accuratius
3326 3283 3412 3322 res
3439 3284 3539 3324 ea-

1953 3354 2159 3424 plorari
2206 3362 2411 3422 posset.
2459 3353 2941 3411 Exauctoratioois
2981 3358 3128 3412 enim
3179 3358 3540 3429 ignominiam

1952 3462 2012 3501 se
2041 3455 2265 3515 propter
2296 3444 2422 3500 fidei
2454 3447 2831 3502 sinceritatem
2861 3447 3141 3505 sustinere
3170 3451 3537 3509 aﬂirmaruut.

1954 3540 2303 3607 Quapropter
2333 3539 2400 3593 de.
2436 3538 2673 3593 duorum
2713 3540 3109 3611 imperatorum
3144 3545 3378 3600 istorum
3416 3563 3541 3601 sen-

1878 3662 1920 3719 C
1956 3633 2127 3686 tentia
2170 3639 2458 3694 statutum,
2490 3640 2550 3684 ut
2584 3632 2879 3701 utriusque
2925 3633 3144 3702 imperii
3177 3635 3424 3705 episcopi
3469 3638 3538 3691 ad

1956 3728 2106 3781 diem
2160 3740 2373 3781 certum
2415 3727 2727 3793 Sardicam,
2760 3743 2882 3800 qum
2934 3728 3145 3799 Illyrica
3194 3731 3390 3785 civitas
3432 3741 3537 3794 est,

1956 3820 2343 3875 convenirent.
2387 3820 2443 3873 ιιι
2487 3821 2633 3889 quod
2675 3819 2947 3876 Constans
2984 3820 3063 3877 sic
3097 3822 3358 3891 petierat,
3390 3823 3541 3878 Con-

1956 3911 2194 3966 stantius
2230 3920 2415 3966 autem
2456 3921 2786 3974 asscuscrat,
2822 3925 2882 3967 ut
2910 3913 3173 3968 videlicet
3203 3916 3401 3969 seditio
3432 3919 3543 3971 sol-

1956 4009 2201 4054 veretur.
2240 4001 2419 4069 Atque
2451 4016 2514 4053 ex
2545 4001 2861 4055 Occidentis
2893 4003 3146 4071 partibus
3177 4006 3397 4059 circiter
3434 4016 3544 4060 irc-

1955 4093 2105 4148 centi
2145 4107 2458 4147 convenere
2492 4093 2763 4162 episcopi,
2801 4094 2965 4149 sicuti
3015 4095 3216 4150 alicubi
3264 4113 3420 4153 sacer
3458 4101 3542 4154 di-

1955 4187 2034 4243 cit
2063 4185 2399 4240 Athanasius
2441 4203 2455 4251 ;
2492 4202 2558 4241 ex
2593 4185 2819 4241 Oriente
2848 4203 3006 4253 vero,
3040 4189 3249 4244 Sabino
3288 4191 3542 4247 Macedo-

1956 4281 2125 4334 uiano
2156 4278 2457 4343 referente,
2485 4293 2580 4333 sex
2613 4287 2668 4335 et
2699 4281 3066 4351 septuaginta.
3095 4281 3310 4348 Quibus
3338 4300 3541 4339 arcen-

1955 4387 2051 4429 sus
2097 4381 2185 4428 est
2225 4381 2280 4428 et
2326 4371 2580 4442 lsehyras
2618 4372 2734 4437 ille,
2765 4388 2832 4427 ex
2870 4387 2992 4429 sese
3035 4384 3194 4430 ortus
3230 4379 3539 4449 presbyter.

1954 4462 2039 4518 Ob
2069 4477 2235 4533 quam
2265 4476 2514 4528 causam,
2538 4477 2663 4517 cum
2695 4462 2971 4533 negotium
2998 4464 3048 4519 ei
3080 4480 3205 4519 cum
3237 4465 3545 4522 Athanasio

1954 4564 2143 4623 esset,
2189 4556 2247 4610 in
2298 4555 2749 4611 adversariorum
2799 4567 2987 4625 partes
3037 4559 3349 4624 concessit,
3394 4562 3541 4629 apud

1956 4664 2099 4719 quos
2141 4658 2369 4720 propter
2426 4649 2713 4703 mendacia
2768 4649 3007 4704 conficta
3049 4651 3347 4721 episcOpus
3397 4657 3542 4721 apud

1956 4743 2238 4799 Mareoten
2289 4751 2375 4798 est
2420 4744 2669 4797 creatus.
2703 4742 2873 4814 696
2925 4743 3145 4813 Reliqui
3200 4756 3385 4801 autem
3442 4763 3544 4801 au—

1957 4839 2170 4910 gustias
2229 4837 2520 4893 constituti
2581 4838 2849 4906 temporis
2909 4848 3318 4907 praetexentes,
3378 4850 3547 4909 atque

1958 4931 2099 4987 alius
2143 4932 2309 4986 aliam
2357 4944 2582 4984 causam
2631 4930 2954 5000 allegantes,
2995 4946 3104 4985 non
3156 4946 3541 5002 comparuere.

270 5026 365 5095 ἀφ’
404 5019 466 5079 οὗ
507 5024 922 5082 Κωνσταντῖνος
978 5022 1007 5072 ὁ
1034 5020 1220 5088 πατὴρ
1264 5019 1380 5071 τοῖν
1407 5015 1682 5087 βασιλέοιν
1710 5015 1848 5085 πρὸς

1955 5024 2310 5081 Potissimum
2354 5037 2492 5077 vero
2536 5022 2590 5077 in
2633 5021 2840 5077 Julium
2876 5025 3093 5094 culpam
3134 5027 3255 5095 ejus
3287 5025 3364 5080 rei
3407 5041 3543 5079 cou-

271 5120 369 5191 τὴν
397 5117 614 5187 ἀμείνω
641 5116 795 5184 λῆξιν
819 5116 1045 5185 ἐχώρει.
1077 5111 1222 5165 Ἀλλ’
1251 5112 1301 5179 oi
1330 5110 1427 5182 μὲν
1451 5109 1602 5179 ἑῷοι,
1645 5111 1726 5172 είς
1749 5109 1851 5173 τὴν

269 5211 541 5264 Φιλίππου
597 5208 756 5262 πόλιν
801 5206 902 5276 τῆς
944 5206 1171 5276 Θρᾴκης
1204 5205 1519 5272 γενόμενοι,
1542 5205 1655 5263 τοῖς
1692 5205 1854 5256 ἑσπε-

275 5306 412 5374 ρίοις
442 5301 714 5372 ἔγραψαν,
745 5298 1230 5370 προκαταλαϐοῦσι
1254 5296 1352 5367 τὴν
1400 5295 1690 5366 Σαρδικὴν,
1724 5295 1849 5348 διώ-

276 5397 473 5450 σασθαι
497 5397 626 5457 τοὺς
678 5396 807 5465 περὶ
834 5392 1158 5447 Ἀθανάσιον
1189 5397 1286 5445 τοῦ
1324 5391 1608 5458 συλλόγου,
1639 5391 1713 5450 ὠς
1741 5390 1850 5444 ἄπο

275 5491 364 5543 τοῦ
414 5488 663 5560 ἱερᾶσθαι
703 5486 1131 5557 γεγενημένοις·
1197 5485 1333 5554 μηδὲ
1386 5485 1496 5552 γὰρ
1552 5482 1619 5536 ἂν
1670 5484 1848 5547 ἄλλως

277 5580 408 5636 εἶναι
459 5582 578 5646 ἐξὸν
636 5583 718 5641 εἰς
780 5579 838 5633 ἓν
872 5581 1114 5632 συνιέναι
1138 5591 1152 5608 ·
1207 5578 1398 5630 ἔπειτα
1421 5576 1476 5629 δὲ
1506 5575 1600 5630 καὶ
1636 5577 1717 5638 είς
1746 5576 1847 5647 τὴν

278 5675 546 5745 Σαρὸικην
594 5673 905 5743 γενόμενοι,
964 5672 1031 5723 τὰ
1086 5670 1180 5723 ῖσα
1231 5669 1670 5739 διισχυρίζοντο’
1707 5670 1756 5722 οἱ
1801 5667 1846 5721 δ’
1884 5690 1898 5711 κ

344 5856 417 5923 (ι)
454 5857 631 5911 Etiam
665 5861 847 5923 aliter,
877 5868 930 5913 et
966 5861 1199 5914 fortasse
1228 5860 1434 5914 rectius
1465 5859 1536 5914 ita
1570 5862 1707 5913 verti
1748 5875 1844 5926 po-

284 5940 377 5983 test
410 5950 423 5984 :
463 5927 623 5981 Putre
668 5934 875 5999 quidem
924 5948 1097 5984 rerum
1131 5932 1492 5981 irvirrrsurmu
1547 5949 1637 5999 per
1670 5934 1847 5985 omnia

1959 5115 2234 5181 ferebant,
2270 5128 2394 5168 cum
2433 5114 2661 5183 quidem
2705 5114 2988 5169 mensibus
3023 5115 3215 5188 viginti
3257 5125 3385 5170 ante
3422 5117 3544 5185 epi-

1959 5222 2256 5278 scoparum
2287 5206 2585 5261 adventrum
2612 5206 2730 5261 dies
2756 5218 2902 5261 esset
2931 5209 3253 5263 constituta.
3289 5208 3545 5263 Decimus

1959 5303 2007 5357 is
2043 5312 2165 5356 erat
2209 5316 2410 5364 annus,
2458 5316 2525 5353 ex
2570 5316 2681 5369 quo
2726 5302 3148 5363 Constantinus,
3193 5301 3545 5369 imperatoris

1960 5398 2252 5465 utriusque
2298 5404 2478 5462 pater,
2516 5395 2584 5447 ad
2638 5395 2926 5449 meliorem
2976 5395 3307 5460 migraverat
3346 5393 3543 5447 vitam.

1957 5484 2024 5537 Et
2056 5482 2390 5546 Orientales,
2425 5482 2519 5550 qui
2560 5482 2984 5555 PliilippOpolim
3021 5487 3073 5538 in
3108 5483 3341 5537 Thracia
3377 5498 3540 5537 vene-

1956 5588 2104 5643 rant,
2127 5575 2602 5641 Occidentalibus,
2625 5581 2719 5646 qui
2746 5577 2986 5631 Sardiea:
3005 5578 3117 5647 jam
3143 5587 3339 5645 pra'sto
3357 5584 3541 5641 erant,

1953 5671 2361 5740 scripsere,‘ut
2413 5670 2798 5736 Athanasium,
2852 5674 3083 5743 ejusque
3132 5670 3433 5736 studiosos,
3482 5678 3542 5725 ut

1951 5873 2071 5913 cum
2121 5873 2330 5910 summa
2368 5864 2626 5926 potestate
2682 5859 2960 5929 imperium
3011 5857 3172 5909 etiam
3224 5856 3280 5909 in
3334 5852 3543 5911 Fifium

1960 5932 2243 5990 obtinente,
2276 5939 2383 5982 etc.
