3990 6504
490 506 601 572 259
1673 503 2095 565 NICEPHORI
2136 496 2484 566 CALLISTI
3655 501 3752 567 213i)

494 619 702 691 quibus
733 616 908 674 sacris
938 614 1263 672 ministeriis
1294 612 1653 670 interdictum
1685 624 1852 683 esset,
1884 632 1914 670 a
1945 631 2075 672 con-

2181 618 2446 687 ὲσπέριοι,
2498 615 2596 670 καὶ
2628 614 2865 684 μάλιστα
2895 614 3088 678 "Octo;
3124 614 3153 667 ό
3195 609 3583 682 Κουδρούϐης,
3608 615 3752 676 πόλις

496 717 626 771 cilio
672 720 1024 770 removerent
1059 729 1075 766 :
1111 711 1270 766 aliter
1298 710 1447 766 enim
1481 710 1602 766 ﬁeri
1640 726 1751 766 non
1796 725 1979 780 posse,
2011 720 2071 765 ut

2181 707 2228 761 Βὲ
2253 706 2391 778 αὕτη
2421 708 2530 760 τῶν
2563 705 2854 771 Ἰσπανῶν,
2887 704 2984 758 καὶ
3009 703 3383 775 Πρωτογένης
3408 702 3439 754 ό
3462 702 3752 792 Σαρδικῆς,

495 809 551 864 in
588 821 760 863 unum
803 806 1186 861 convenirent.
1232 803 1393 871 Quod
1437 803 1658 874 quidem
1700 812 1890 874 postea
1929 818 2071 873 quo-

2181 794 2352 864 ιῒπον,
2384 798 2461 862 ὡς
2493 798 2753 852 οὐδέποτε
2791 798 3112 867 ἀπέστησαν
3148 796 3251 865 τῆς
3302 792 3541 847 ἐκείνων
3573 810 3756 846 κοινω-

495 916 625 970 que,
658 916 784 956 cum
820 899 1062 956 Sardicze
1103 907 1312 963 essent,
1344 897 1598 953 obtinere
1635 896 2068 953 contendebant.

2181 891 2318 955 νίας,
2340 890 2463 944 οὐδὲ
2483 890 2580 944 νῦν
2605 892 3040 961 ἀποστήσονται,
3069 887 3166 942 καὶ
3201 887 3387 941 ταῦτα
3408 884 3635 939 Ἰουλίου
3666 886 3753 939 τοῦ

493 991 877 1048 Occidentales
923 1000 1131 1056 autem,
1166 1001 1333 1061 atque
1371 992 1427 1046 in
1475 991 1672 1061 primis
1707 990 1909 1045 Hosius
1937 987 2073 1044 Cor-

2181 983 2473 1054 Ῥωμαίων
2523 983 2835 1037 ἑπισκόπου
2890 982 2962 1036 τὰ
2995 982 3124 1036 κατ’
3158 980 3365 1042 αὐτοὺς
3386 978 3756 1048 διασκεψαμέ-

493 1082 653 1137 duhat
685 1084 795 1141 (est
826 1092 1012 1138 autem
1062 1082 1180 1138 haec
1215 1082 1416 1138 civitas
1450 1079 1749 1151 Hispaniae)
1794 1092 1849 1135 et
1880 1080 2076 1135 Proto-

2181 1092 2289 1141 νου,
2317 1078 2412 1129 καὶ
2438 1076 2718 1146 κρίνοντος
2744 1074 2947 1138 ἀδίκως
2970 1072 3443 1127 ἐπιϐουλεύεσθαι
3463 1090 3478 1104 ο
3506 1074 3753 1142 παρεῖναι

494 1188 662 1243 genes
701 1173 944 1229 Sardicae
985 1171 1230 1243 episcopi
1287 1172 1644 1242 respondere,
1690 1185 1970 1240 nunquam
2010 1184 2072 1226 se

2181 1168 2227 1222 Βὲ
2261 1170 2352 1221 καὶ
2377 1169 2598 1233 αὐτοὺς,
2632 1168 2726 1222 καὶ
2749 1167 3062 1237 ἐξελέγχειν
3095 1165 3491 1237 πειρωμένους
3514 1164 3613 1237 τὴν
3649 1165 3754 1218 ἀδι-

492 1265 939 1319 communionem
969 1264 1186 1317 illorum
1207 1263 1505 1325 devitasse.
1527 1277 1705 1332 neque
1723 1278 1888 1332 porro
1905 1262 2068 1316 etiam

2181 1280 2268 1317 κον
2308 1263 2528 1332 ἐκείνην
2578 1262 2758 1333 δίκην.
2827 1262 2941 1316 Καὶ
2970 1260 3089 1315 ἀλλ’
3121 1260 3259 1314 ἄττα
3318 1260 3466 1331 πρὸς
3496 1259 3755 1330 ἀλλήλους

491 1355 766 1411 vitaturos
808 1370 933 1412 esse
969 1372 984 1409 :
1030 1368 1156 1407 cum
1203 1353 1385 1410 Julius
1432 1352 1724 1424 episcopus
1766 1352 2070 1414 Romanus,

2181 1352 2407 1423 ἔγραφόν
2442 1370 2501 1406 τε
2526 1353 2621 1406 καὶ
2645 1354 2988 1422 ἀντεμήνυον
3010 1369 3026 1385 ο
3065 1351 3132 1406 δι’
3154 1340 3229 1405 ὧν
3268 1351 3371 1405 καὶ
3407 1350 3618 1421 μείζων
3643 1350 3755 1402 κατ’

493 1463 659 1503 causa
690 1462 885 1502 eorum
917 1454 1225 1517 perspecta,
1250 1446 1438 1516 inique
1469 1460 1564 1500 eos
1590 1444 1809 1500 insidiis
1835 1444 2073 1499 cireum-

2181 1443 2419 1514 ἀλλήλων
2451 1444 2662 1514 ἐξήφθη
2714 1444 3014 1514 δυσμένεια
3038 1461 3052 1475 ο
3089 1442 3458 1515 ὑπερήμερος
3513 1441 3573 1495 δὲ
3604 1441 3696 1494 καὶ
3724 1442 3753 1511 ἡ

497 1549 696 1599 ventos
725 1555 848 1596 esse
875 1539 1160 1611 judicarit.
1192 1538 1401 1594 Adesse
1439 1538 1588 1609 ipsos
1616 1551 1860 1607 quoque,
1889 1545 1945 1592 et
1987 1551 2072 1592 re-

2181 1538 2344 1605 κυρία
2389 1538 2624 1605 ἐγίνετο.
2664 1536 2843 1600 Εὐθὺς
2897 1532 2990 1590 οὖν
3020 1534 3116 1590 ἀπ’
3147 1534 3408 1604 ἀλλήλων
3442 1532 3753 1602 διέστησαν·

494 1634 763 1704 darguere
799 1633 1052 1702 iniquum
1086 1631 1221 1686 illud
1256 1631 1523 1701 judicium
1559 1630 1724 1686 velle.
1753 1631 1915 1686 Plura
1935 1647 2076 1701 quo-

2181 1631 2270 1685 καὶ
2333 1630 2686 1693 συνελθόντες
2751 1628 3009 1700 ἑκάτεροι
3061 1628 3214 1698 παρὰ
3274 1628 3478 1698 μέρος,
3511 1625 3754 1687 ἐναντίας

495 1738 604 1793 que
639 1722 746 1777 alia
780 1723 926 1777 ultro
961 1723 1216 1792 citroque
1258 1732 1315 1777 et
1342 1721 1638 1789 scripsere,
1673 1732 1730 1777 et
1769 1737 1869 1792 per
1898 1722 2076 1777 inter-

2181 1720 2298 1776 κατ’
2332 1721 2583 1791 ἀλλήλων
2635 1721 2877 1791 ἤνεγκαν
2929 1720 3169 1790 ψήφους.
3230 1720 3295 1773 Οἱ
3354 1717 3597 1789 μὲνγὰρ
3634 1716 3752 1786 ἑῷοι

499 1815 727 1869 nuntios
778 1814 942 1869 alteri
997 1814 1190 1870 alteris
1236 1813 1649 1885 signiﬁcavere,
1696 1814 1845 1869 unde
1896 1814 2076 1884 major

2181 1813 2282 1868 ἀνά
2316 1813 2415 1883 τὴν
2453 1813 2724 1867 Φιλίππου
2771 1813 2833 1867 τὸ
2886 1814 3168 1884 συνέδριον
3223 1811 3516 1877 ἐκάθιζον,
3574 1811 3670 1864 καὶ
3691 1810 3755 1862 τὰ

496 1910 660 1964 etiam
702 1909 846 1964 inter
867 1923 963 1964 eos
987 1918 1073 1964 est
1093 1909 1328 1963 excitata
1358 1906 1628 1969 simultas,
1655 1905 1835 1977 majus
1860 1906 2072 1970 odium,

2176 1909 2298 1961 κατ’
2336 1906 2680 1973 Ἀθανάσιον,
2747 1906 2963 1961 Παῦλόν
3023 1922 3084 1958 τε
3129 1905 3225 1959 καὶ
3274 1903 3610 1972 Ἀσκληπᾶν
3664 1902 3752 1955 καὶ

498 2001 617 2054 dies
671 2015 893 2069 quoque
954 2000 1250 2055 constituta
1312 1998 1600 2068 praeteriit.
1655 1998 1725 2053 Et
1777 1996 2066 2054 confestim

2181 2000 2502 2071 Μάρκελλον
2543 1999 2623 2053 ἔτι
2662 1998 3036 2069 κυρώσαντες,
3085 1997 3182 2050 καὶ
3229 1995 3463 2049 Ἰούλιον
3491 1995 3584 2048 τὸν
3623 1990 3753 2046 Ῥω-

497 2090 838 2147 discessione
892 2090 1077 2156 laeta,
1135 2091 1483 2160 seorsimque
1533 2090 1788 2156 utrisque
1838 2089 2071 2145 consilia

495 2182 854 2253 agitantibus,
886 2182 1196 2236 contrarias
1225 2182 1384 2235 alteri
1414 2180 1680 2237 adversus
1708 2182 1910 2237 alteros
1940 2196 2067 2236 sen-

497 2268 697 2322 tentias
762 2269 959 2324 tulere.
1016 2268 1327 2324 Orientales
1394 2284 1635 2340 namque
1696 2270 2068 2341 Pliilippopoli

496 2366 831 2412 cum-cntum
862 2372 1048 2427 egere,
1088 2371 1255 2427 atque
1288 2358 1362 2413 ibi
1395 2358 1635 2415 decretis
1663 2361 1780 2418 suis
1813 2360 1867 2414 in
1903 2361 2070 2415 Atha-

496 2449 736 2513 nasium,
787 2449 1042 2515 Paulum,
1087 2450 1392 2521 Asclepam,
1438 2461 1495 2507 et
1538 2451 1855 2508 Marcellum
1899 2453 2072 2523 magis

495 2539 658 2593 etiam
683 2538 1203 2601 eonlirmatis,Julio
1231 2540 1457 2611 insuper
1482 2542 1670 2597 Romae
1697 2541 1929 2597 antistiti
1953 2557 2070 2595 ma-

494 2630 787 2700 gistratum
820 2630 1256 2685 ecclesiasticum
1286 2632 1648 2701 ahrogavere,
1678 2633 1824 2703 quod
1858 2632 2072 2703 primus

496 2722 615 2790 ipse
654 2737 777 2777 cum
813 2721 925 2777 illis
956 2723 1444 2778 communicasset.
1475 2723 1869 2780 Confessorem
1903 2724 2070 2779 etiam

496 2814 727 2868 Hosium
781 2829 847 2870 ea
896 2814 965 2869 de
1012 2829 1201 2881 causa,
1243 2826 1300 2870 et
1353 2825 1619 2885 praaterea
1669 2815 1817 2885 quod
1862 2817 2072 2872 amicus

501 2907 773 2963 Eustathii
822 2917 880 2962 et
922 2907 1138 2962 Paulini
1179 2908 1540 2963 Antiochenae
1578 2908 1824 2964 ecclesiae
1856 2908 2073 2977 episco-

500 3016 696 3070 purum
744 3000 932 3065 fuerit,
971 3009 1429 3056 exauctorarunt.
1476 2999 1688 3055 Deinde
1729 3010 1785 3056 et
1827 2999 2072 3055 Maximi-

497 3109 630 3148 num
667 3093 1025 3148 Trevirorum
1068 3091 1398 3157 antistitem,
1433 3091 1526 3162 qui
1565 3089 1776 3162 primus
1813 3092 1879 3147 ad
1919 3107 2074 3148 com~

496 3187 819 3241 munionem
848 3186 1082 3240 Paulum
1112 3183 1446 3252 admiserat,
1474 3186 1821 3254 reditumque
1867 3185 1987 3256 ejus
2016 3185 2072 3240 in

496 3280 689 3332 urbem
727 3275 1399 3346 Constantinopolitanam
1433 3284 1830 3346 procuraverat
1869 3294 1883 3330 :
1919 3277 2073 3331 insu-

497 3386 599 3442 per
633 3370 778 3440 quod
812 3368 1125 3425 Orientales
1161 3370 1453 3439 episcopos
1480 3369 1535 3423 in
1573 3368 1928 3425 Occidentem
1982 3384 2079 3424 ve-

508 3465 728 3518 nientes
756 3462 1178 3533 proscripserat.
1202 3462 1315 3517 Nec
1349 3462 1417 3517 iis
1447 3469 1656 3517 tantum
1685 3478 1896 3518 sacram
1948 3462 2082 3518 ade-

501 3571 652 3609 mere
672 3554 1128 3624 dignitatem,sed
1155 3563 1211 3610 et
1238 3555 1528 3625 Protogeni
1565 3554 1912 3611 Sardieensi:
1937 3571 2079 3621 quo-

499 3648 648 3703 niam
676 3647 987 3701 Marcellum
1010 3647 1355 3716 Ancyranum
1383 3660 1543 3716 quem
1572 3654 1733 3699 antea
1751 3646 1961 3700 calculo
1980 3661 2080 3701 suo

503 3738 880 3802 damnaverat,
902 3754 1005 3808 ope
1048 3753 1147 3792 sua
1173 3737 1525 3803 sublevaret;
1568 3746 1733 3804 atque
1762 3738 1888 3791 item
1927 3736 2081 3792 Gau-

500 3830 772 3894 dentium,
802 3830 931 3899 quia
960 3828 1193 3899 quosllli
1225 3843 1323 3898 per
1377 3828 1789 3898 abrogationem
1844 3827 2081 3896 ignomi-

500 3924 591 3977 nia
616 3922 937 3988 aﬂ‘ccerant,
969 3920 1142 3975 multo
1165 3929 1595 3989 prosequeretur
1630 3920 1835 3974 honore
1867 3937 1880 3974 :
1911 3919 2075 3990 697

499 4024 556 4069 ct
582 4014 731 4084 quod
760 4013 916 4068 aliter
947 4012 1016 4067 de
1040 4015 1207 4067 rebus
1227 4011 1430 4067 divinis
1456 4027 1620 4081 quam
1660 4010 1922 4082 Cyriacus
1951 4028 2079 4066 scn-

501 4112 652 4173 tiret,
686 4108 845 4178 cujus
866 4108 983 4178 ipse
1005 4121 1294 4162 successor
1311 4114 1449 4160 erat.
1472 4106 1642 4160 Porro
1670 4107 1722 4159 in
1759 4120 1920 4159 causa
1955 4105 2078 4164 lidei

502 4200 788 4271 ὀμοούσιον
810 4198 1282 4255 consubstantiale
1314 4196 1536 4267 quidem
1567 4196 1944 4266 repudiarunt,
1983 4199 2079 4251 τοῦ

502 4293 762 4361 ἀνομοίου
794 4291 1079 4347 dissimilis
1107 4305 1238 4345 vero
1273 4290 1590 4359 opinionem
1624 4290 1826 4345 litteris
1860 4291 1913 4344 in
1954 4305 2078 4360 par-

499 4393 584 4438 tes
612 4398 804 4439 omnes
827 4382 1049 4452 scriptis
1070 4381 1428 4451 divulgarunt
1456 4396 1470 4433 :
1506 4380 1557 4434 in
1588 4382 1789 4449 quibus
1826 4382 2077 4437 locorum

497 4477 893 4544 plerarumque
919 4473 1197 4543 episcopis
1213 4487 1435 4542 quoque
1462 4471 1867 4543 signiﬁcarunt,
1900 4490 1969 4529 ne
1986 4491 2082 4531 eos

492 4584 641 4638 quos
663 4565 909 4629 proxime
925 4565 1197 4620 sententia
1213 4579 1310 4619 sua
1334 4573 1636 4629 notassent,
1652 4566 1736 4620 vel
1766 4566 1820 4620 in
1837 4582 2083 4622 commu-

501 4661 728 4712 nionem
772 4657 1110 4725 reciperent,
1143 4655 1229 4710 vel
1262 4654 1465 4710 litteris
1496 4656 1663 4712 etiam
1699 4657 2079 4725 dignarentur.

499 4750 605 4804 Alii
653 4760 836 4803 autem
884 4748 1099 4811 dicunt,
1133 4759 1230 4801 eos
1263 4747 1332 4803 de
1367 4746 1493 4812 lide,
1520 4748 1677 4821 juxta
1724 4751 2077 4818 prolixiorem

494 4855 666 4911 quam
699 4839 1071 4908 praemisimus
1104 4838 1418 4905 formulam,
1450 4839 1682 4895 credere
1710 4841 1941 4911 jussisse
1976 4857 1991 4897 :
2025 4845 2078 4897 in

497 4948 610 5001 qna
660 4931 756 4983 τοῦ
808 4931 1100 5000 ὀμοουσίου
1150 4932 1640 4988 consubstantialis
1695 4933 1868 4988 verbo
1928 4936 2080 4990 nullo

505 5024 844 5084 meminere;
880 5020 978 5075 sed
1014 5035 1204 5076 eorum
1239 5032 1451 5077 tantum
1485 5024 1583 5093 qui
1627 5035 1739 5079 tres
1775 5026 1905 5081 deos
1934 5040 2078 5091 esse,

501 5122 603 5168 aut
646 5113 929 5167 Christum
979 5128 1087 5168 non
1136 5128 1257 5169 esse
1288 5115 1482 5177 Deum,
1516 5126 1609 5169 aut
1658 5117 1914 5172 eumdem
1957 5133 2081 5174 esse

502 5207 724 5262 Patrem
755 5217 807 5260 et
842 5204 1045 5260 Filium
1090 5207 1416 5275 ingenitum,
1455 5220 1550 5262 aut
1585 5209 1755 5265 fuisse
1786 5211 2083 5282 aliquando

503 5308 727 5366 tempus
758 5306 851 5351 aut
884 5299 1143 5353 Stecultun
1180 5314 1306 5353 cum
1348 5301 1464 5369 ipse
1500 5317 1608 5355 non
1645 5301 1832 5367 fuerit,
1867 5304 2081 5359 dicunt.

506 5390 635 5445 llaec
682 5391 905 5461 quidem
950 5391 1195 5461 episcopi
1240 5393 1550 5448 Orientales
1601 5396 1969 5465 Pliilippupoli
2025 5399 2080 5452 in

504 5480 741 5535 Thracia
791 5481 1047 5550 agebant.
1101 5466 1300 5538 llosius
1347 5494 1557 5550 autem,
1591 5497 1648 5539 et
1696 5489 1793 5557 qui
1844 5504 1969 5542 cum
2014 5504 2081 5543 eo

506 5571 747 5625 Sardiea:
797 5582 980 5636 erant,
1020 5574 1260 5643 primum
1320 5576 1544 5645 quidem
1602 5579 1723 5632 ilics
1775 5580 1980 5633 indicta
2029 5590 2082 5635 et

505 5662 721 5715 deserta
762 5678 926 5718 causa
982 5675 1205 5735 preptcr
1251 5671 1654 5722 contumaciam
1700 5671 2081 5727 danimirunt:

502 5753 867 5809 Athanasium
922 5767 1296 5827 receperunt,
1353 5771 1410 5813 ct
1460 5777 1582 5829 qua:
1637 5765 1900 5819 adversus
1954 5781 2079 5819 eum

502 5843 632 5916 Tyri
689 5858 810 5903 acta
865 5848 1129 5916 fuerant,
1186 5854 1542 5907 anathemate
1594 5863 1727 5909 sunt
1781 5860 2079 5925 persecuti.

492 5934 759 5996 Marcello
802 5942 1184 6013 episcopatum
1215 5959 1376 6000 suum
1419 5944 1800 6014 reddiderunt,
1834 5950 1983 6019 quod
2022 5969 2078 6007 se

2182 2093 2358 2163 μαίων
2388 2090 2685 2163 καθῄρουν,
2722 2091 2797 2154 ὡς
2830 2089 3185 2160 κατάρξαντα
3217 2087 3323 2158 τῆς
3349 2084 3646 2149 κοινωνίας
3665 2084 3751 2138 αὖ·

2175 2189 2307 2250 τοῖς.
2345 2186 2445 2238 Διά
2479 2183 2656 2239 ταῦτα
2683 2184 2741 2238 δὲ
2776 2186 2871 2237 καὶ
2898 2183 2991 2236 τὸν
3019 2181 3375 2253 ὁμολογητὴν
3397 2182 3593 2235 Ὀσιον
3627 2177 3752 2233 καθ·

2177 2279 2342 2340 εἶλον,
2378 2281 2477 2334 καλ⁸
2502 2279 2696 2348 ὅτιπερ
2722 2277 3122 2346 φίλοςὲγένετο
3143 2275 3460 2330 Εὐσταθίου
3492 2274 3589 2326 καὶ
3616 2272 3750 2325 Παυ-

2177 2369 2347 2435 λίνου,
2378 2371 2427 2424 οἳ
2448 2371 2543 2438 τῆς
2573 2370 2912 2441 Ἀντιοχείας
2940 2370 3225 2441 ἡγήσαντο
3244 2387 3258 2400 ο
3292 2368 3392 2423 ἐπὶ
3421 2367 3635 2429 τούτοις
3662 2363 3750 2417 καὶ

2177 2461 2508 2532 Μαξιμῖνον,
2550 2463 2630 2527 ’ὃς
2692 2462 3009 2534 Τριόἐρεως
3062 2458 3132 2534 ἦν
3186 2462 3534 2525 ἐπίσκοποςο
3569 2462 3750 2527 ὅτιπερ

2180 2555 2400 2624 πρῶτος
2432 2554 2633 2626 Παύλῳ
2668 2555 2957 2619 κοινωνίας
2985 2554 3262 2624 μετέδωκε
3281 2556 3382 2610 καὶ
3422 2555 3523 2626 τὴν
3552 2554 3631 2618 είς
3660 2551 3749 2621 τὴν

2179 2646 2767 2701 Κωνσταντινόύπολιν
2851 2647 3081 2702 κάθοδον
3145 2648 3316 2711 αὐτὸς
3371 2647 3745 2718 προεξένησεν.

2183 2739 2305 2792 Ἔτι
2325 2741 2379 2792 δὲ
2402 2740 2495 2794 καὶ
2511 2739 2586 2804 ὡς
2610 2742 2736 2801 τοὺς
2766 2742 2823 2806 ἐξ
2843 2739 2983 2812 ἑῴας
3007 2740 3088 2805 είς
3109 2739 3354 2809 ἑσπέραν
3383 2741 3618 2810 ἥκοντας
3642 2740 3751 2792 επι-

2182 2832 2422 2895 σκόπους
2473 2832 2857 2902 ἀπεκήρυξεν·
2909 2833 2971 2885 ού
3002 2831 3233 2895 τούτους
3268 2833 3329 2886 δὲ
3365 2832 3592 2903 μόνους,
3618 2831 3747 2884 ἀλλά

2178 2927 2276 2979 καὶ
2298 2925 2624 2995 Πρωτογὲνη
2651 2926 2743 2980 τὸν
2773 2925 3063 2995 Σαρδικῆς,
3090 2926 3185 2979 καὶ
3217 2926 3576 2989 Γαυδέντιον,
3606 2927 3746 2994 Πρω-

2180 3016 2414 3088 τογένην
2442 3018 2563 3088 μὲν,
2589 3018 2662 3081 ὡς
2688 3017 3083 3088 συναιρόμενον
3108 3018 3429 3089 Μαρκέλλῳ
3456 3017 3535 3088 τῷ
3567 3014 3748 3084 Ἀγκύο

2186 3125 2307 3178 ρας,
2340 3107 2400 3161 οὗ
2462 3108 2885 3178 κατεψηφίσατο
2943 3109 3246 3184 πρότερον·
3296 3111 3391 3163 τὸν
3420 3110 3499 3174 δὲ,
3540 3111 3614 3172 ὡς
3634 3107 3746 3169 τοὺς

2182 3201 2319 3271 πρὸς
2350 3201 2536 3256 αὐτῶν
2559 3202 3002 3273 καθαιρεθέντας
3028 3202 3233 3273 πολλῆς
3278 3203 3540 3270 ἀξιοῦντα
3573 3204 3744 3273 τιμῆς,

2183 3297 2279 3351 καλ¹
2308 3297 2502 3367 ὅτιπερ
2536 3296 2802 3351 τάναντία
2833 3296 3055 3367 ἐφρόνει
3092 3297 3391 3371 Κυριακῷ,
3428 3289 3491 3351 οὗ
3523 3297 3747 3365 διάδοχος

2182 3384 2269 3458 ἦν.
2306 3389 2443 3460 Περὶ
2463 3387 2520 3441 δὲ
2545 3388 2784 3453 πίστεως
2813 3389 2874 3442 τὸ
2907 3389 3007 3460 μὲν
3037 3390 3332 3460 ὁμοούσιον
3368 3389 3747 3444 ἀπελαύνουσι·

2181 3487 2281 3551 τὴν
2311 3480 2369 3533 δὲ
2407 3480 2501 3534 τοῦ
2537 3480 2798 3551 ἀνομοίου
2820 3480 2980 3548 δόξαν
3007 3482 3296 3554 πανταχοῦ
3318 3484 3623 3555 γράφοντες
3646 3481 3749 3534 δια-

2182 3573 2494 3640 πέμπουσιν
2515 3587 2530 3602 ο
2573 3573 2631 3625 ὲν
2742 3575 2838 3627 καὶ
2869 3575 2983 3638 τοῖς
3013 3573 3155 3627 κατὰ
3187 3576 3379 3648 χώραν
3410 3575 3648 3646 ἔγραφον
3676 3569 3746 3641 μὴ

2182 3662 2263 3724 είς
2289 3662 2577 3716 κοινωνίαν
2604 3664 2861 3732 δέχεσθαι
2885 3668 2981 3718 καὶ
3000 3664 3095 3729 οὒς
3118 3665 3329 3735 ἀρτίως
3350 3663 3747 3736 κατεψηφίσαν-

2182 3763 2244 3799 το
2264 3762 2278 3777 ·
2315 3746 2453 3800 ἀλλὰ
2500 3747 2640 3819 μηδὲ
2687 3748 3041 3818 γραμμάτων
3071 3750 3269 3811 αὐτοὺς
3301 3749 3512 3817 ἀξιοῦν.
3543 3748 3746 3814 Ἐτεροι

2183 3838 2238 3891 δέ
2279 3857 2466 3909 φασιν,
2504 3841 2587 3893 ὅτι
2627 3843 2762 3912 περὶ
2788 3840 3029 3903 πίστεως
3081 3840 3225 3894 κατὰ
3258 3842 3358 3912 τὴν
3381 3834 3745 3904 ὑποτεταγμέ-

2182 3946 2281 3999 νην
2310 3932 2527 4002 μακρὰν
2549 3930 2766 3985 ἔκθεσιν
2793 3931 3076 3986 πιστεύειν
3098 3932 3358 3987 ἐκέλευον
3383 3949 3398 3965 ο
3421 3934 3480 3986 ὲν
3507 3925 3539 4006 ᾖ
3564 3932 3745 4000 ὁμοθυ-

2183 4023 2300 4075 σίου
2331 4023 2429 4093 μὲν
2458 4023 2712 4093 οὐδαμῶς
2750 4023 2944 4094 μνείαν
2974 4023 3298 4095 πεποίηντο,
3332 4026 3445 4079 τῶν
3471 4025 3528 4078 δὲ
3567 4020 3741 4089 λεγόν-

2181 4130 2289 4166 των
2318 4113 2471 4180 τρεῖς
2496 4110 2642 4169 εἷναι
2668 4116 2859 4181 Θεοὺς,
2887 4116 2921 4185 ἢ
2952 4117 3043 4171 τὸν
3062 4117 3303 4189 Χριστὸν
3328 4118 3404 4191 μὴ
3435 4112 3575 4171 εἶναι
3600 4112 3738 4170 Θεὸν.

2181 4205 2214 4276 ἢ
2248 4207 2341 4258 τὸν
2376 4207 2541 4260 αὑτὸν
2569 4203 2714 4262 εῖναι
2753 4208 2974 4280 Πατέρα
3004 4211 3102 4263 καὶ
3130 4211 3257 4264 Υἰὸν
3294 4212 3390 4264 καὶ
3422 4202 3740 4278 ἆγιονῐῐιεῦ·

2184 4298 2338 4371 μα,ῆ
2375 4300 2677 4369 ἀγέννητον
2719 4301 2812 4353 τδλν
2841 4301 2993 4365 Υίὶν.
3052 4302 3085 4372 ἧ
3118 4303 3199 4356 ὅτι
3230 4297 3300 4372 ἦν
3334 4319 3466 4355 ποτε
3504 4298 3683 4371 χρόνος
3708 4293 3737 4362 ἢ

2182 4390 2317 4444 αἰὼν
2346 4394 2435 4445 ὅτε
2468 4392 2569 4444 οὐκ
2592 4388 2681 4464 ἦν.
2717 4393 2958 4447 Τοιαῦτα
2995 4395 3094 4464 μὲν
3123 4394 3174 4446 οἱ
3202 4394 3303 4464 τῆς
3343 4395 3419 4447 ἕω
3454 4393 3614 4462 ἱερεῖς
3645 4384 3738 4440 ἀνά

2182 4485 2281 4553 τὴν
2313 4484 2586 4538 Φιλίππου
2627 4486 2727 4553 τῆς
2765 4486 2991 4556 Θρᾴκης
3046 4487 3336 4557 γενόμενοι
3366 4487 3537 4556 ἔδρων
3560 4499 3574 4513 ·
3629 4482 3673 4532 oi
3699 4474 3739 4529 δ’

2184 4578 2328 4647 ἀμφὶ
2365 4576 2456 4630 τὸν
2492 4578 2681 4630 ’Ὀσιον
2714 4580 2847 4648 περὶ
2874 4578 3147 4649 Σαρδικὴν
3178 4578 3375 4647 πρῶτα
3410 4579 3507 4648 μὲν
3541 4574 3739 4641 ἐρήμην

2119 4693 2157 4745 υ
2183 4670 2392 4723 τούτων
2424 4671 2906 4740 κατειζκηφίσαντο⁹
2935 4672 3191 4737 ἐδέξαντο
3243 4674 3344 4742 μὲν
3395 4672 3505 4741 γὰρ
3528 4662 3740 4720 Ἀθανά-

2184 4780 2321 4827 σιον,
2355 4768 2452 4817 καὶ
2489 4764 2560 4815 τὰ
2596 4765 2653 4816 ἐν
2682 4764 2846 4835 Τύρῳ
2876 4764 3000 4819 κατ’
3030 4764 3198 4820 αὑτοῦ
3232 4765 3549 4836 πραχθέντα
3573 4754 3739 4812 ἀνεθε-

2187 4853 2446 4923 μάτισαν.
2488 4855 2579 4923 Τῷ
2636 4855 2948 4926 Μαρκέλλῳ
3001 4857 3095 4909 τὸν
3141 4856 3313 4909 τόπον
3341 4856 3641 4915 ἀπέδωκαν,
3670 4842 3739 4904 ὡς

2187 4943 2261 5013 μὴ
2292 4945 2421 4997 τάδε
2475 4945 2695 5014 φρονεῖν
2726 4945 3168 5016 ὁμολογήσαντα,
3218 4946 3255 4999 ἃ
3281 4944 3609 5000 διεϐάλλετο.
3641 4933 3738 4988 Καὶ

2194 5035 2485 5106 Ἀσκληπᾷ
2512 5037 2566 5088 δὲ
2594 5039 2693 5107 τὴν
2722 5037 2824 5105 τῆς
2867 5038 3051 5108 Γάζης
3098 5039 3407 5107 ἐπισκοπὴν
3452 5033 3735 5102 ἐκύρωσαν,

2182 5126 2258 5190 ὡς
2293 5131 2390 5182 κοιλ¹
2425 5130 2692 5198 πρότερον
2722 5131 2893 5199 ψήφῳ
2927 5130 3137 5182 πολλῶν
3164 5131 3499 5194 ἐπισκόπων,
3529 5123 3615 5177 καὶ
3645 5117 3736 5186 μά·

2182 5216 2342 5270 λιστα
2396 5219 2661 5271 Εὑσεὸίου
2718 5222 2817 5271 τοῦ
2874 5221 3186 5290 Παμφίλου,
3235 5223 3336 5290 τὴν
3395 5208 3735 5276 ὲπισκοπικὴν

2184 5311 2468 5380 εἰληφότος
2501 5311 2682 5374 ἀξίαν.
2744 5312 2850 5364 Καὶ
2888 5312 3161 5380 τάσφαλὲς
3191 5313 3247 5366 δὲ
3280 5309 3519 5381 παριστᾷ
3562 5305 3620 5358 τὸ
3644 5298 3734 5366 τῆς

2184 5402 2340 5472 δίκης
2370 5403 2681 5471 ὑπόμνημα
2701 5420 2717 5436 ο
2747 5404 3084 5476 ἀνώρθωσαν
3119 5424 3179 5460 τε
3218 5408 3314 5461 καὶ
3366 5404 3611 5461 Λούκιον,
3636 5395 3733 5445 τῶν

2187 5495 2353 5546 αὑτοῦ
2380 5496 2706 5566 κατηγόρων
2767 5499 3137 5568 χρησαμένων
3185 5498 3451 5570 δρασμῷ⁶
3481 5493 3573 5546 καὶ
3626 5484 3733 5543 ταῖς

2186 5585 2411 5639 ἐκείνων
2442 5587 2760 5657 παροικίαις
2790 5589 3056 5656 ἔγραφον,
3089 5590 3165 5661 μὴ
3194 5591 3390 5652 ἄλλους
3416 5583 3527 5640 ἀλλ’
3549 5574 3731 5633 αὐτοὺς

2184 5674 2330 5747 ἔχειν
2355 5680 2714 5744 ἐπισκόπους,
2746 5682 2844 5734 καὶ
2872 5682 2996 5735 ὅσον
3018 5683 3176 5737 οὔπω
3202 5686 3299 5738 καὶ
3315 5682 3413 5752 τὴν
3439 5674 3610 5732 αὐτῶν
3639 5681 3731 5719 κα⁴

2187 5768 2436 5838 ραδοκεῖν
2468 5769 2675 5837 ἄφιξιν.
2731 5773 3075 5844 Καθαιροῦσι
3125 5776 3185 5829 δὲ
3238 5778 3334 5832 καὶ
3389 5767 3529 5826 οὗτοι
3570 5762 3653 5815 τὸν
3680 5758 3729 5807 ὲν

2200 5859 2584 5932 Ἀλεξανδρείᾳ
2611 5863 2933 5935 Ιτρηγόριον,
2956 5866 3243 5922 Βασίλειόν
3265 5885 3323 5922 τε
3347 5865 3438 5918 τὸν
3457 5855 3727 5928 Ἀγκύραίο

2188 5955 2492 6011 Revrtava
2525 5958 2615 6010 τὸν
2654 5961 2711 6011 ὲν
2746 5960 2893 6030 Γάζῃ
2924 5976 2936 5989 ·
2965 5962 3058 6015 καὶ
3093 5964 3252 6035 μήτοι
3301 5978 3364 6032 γε
3400 5951 3724 6012 ὲπισνὴπηιις.
