3990 6446
245 477 341 543 251

1203 471 1812 538 ECCI.ESIASTIC:‘E
1855 470 2248 532 lIISTORl/E
2289 471 2439 535 LIB.
2485 474 2596 533 IX.

3416 486 3520 552 2’3

250 593 363 647 ἀλλ’
417 591 541 647 οὐδὲ
590 590 936 663 Χρτστιανῶν
985 591 1336 662 προσηγορίᾳ
1385 590 1612 653 τούτους
1658 589 1826 658 τιμᾷν

1933 583 2146 639 diceret
2192 599 2480 655 nunquam
2529 600 2594 641 ea
2647 588 2913 654 sensisse,
2943 588 3011 646 de
3058 574 3262 663 quibus
3298 611 3394 664 per
3426 615 3518 654 ca-

251 686 563 750 ὲθέσπιζον.
622 684 890 738 Καθεῐλον
950 683 1090 755 πρδς
1125 683 1341 749 τούτοις
1391 682 1674 751 Θεόδωρον
1728 682 1826 734 τὸν

253 777 561 847 Περίνθιον,
590 775 907 847 Νάρκισσόν
943 793 1003 829 τε
1028 776 1120 829 τὸν
1152 774 1643 848 Εἰρηνουπολίτην,
1662 773 1829 827 Ἀκά-

253 887 369 925 κιον
393 870 488 925 τὸν
520 870 863 939 Καισαρείας
884 869 984 939 τῆς
1012 869 1402 938 Παλαιστίνης,
1421 868 1514 921 τὸν
1532 866 1823 935 Παμφίλου

255 964 496 1034 διάδοχον
535 962 824 1030 Εὐσεϐίου,
882 963 979 1016 καὶ
1009 961 1374 1031 Μηνὸφαντον
1425 960 1519 1013 τὸν
1552 958 1822 1028 Ἐφέσιον,

257 1053 566 1124 Οὖρσάκιόν
628 1071 689 1106 τε
748 1053 842 1107 τὸν
887 1052 1222 1122 Σιγγιδὸνος.
1270 1053 1366 1106 καὶ
1393 1052 1677 1106 Οὐάλεντα
1714 1050 1826 1103 τῶν

253 1146 521 1217 Μουροῶν
545 1147 643 1217 τῆς
671 1147 995 1212 Παννονίας,
1023 1150 1118 1201 καὶ
1155 1145 1248 1200 τὸν
1281 1146 1602 1209 Λαοδικείας
1640 1143 1826 1216 Γεώρ·

253 1259 396 1311 γιον,
428 1242 476 1295 εί
540 1241 636 1296 καὶ
684 1240 824 1303 τέως
855 1243 922 1312 τῇ
957 1239 1161 1310 συνόδῳ
1190 1238 1303 1292 τῶν
1351 1237 1506 1310 ἑῴων
1534 1238 1595 1291 οὐ
1619 1238 1824 1306 παρῆν.

254 1335 517 1390 Καθεῖλον
546 1334 602 1389 δὲ
632 1334 856 1397 τούτους
886 1336 981 1388 καὶ
1005 1334 1104 1404 τῆς
1134 1331 1423 1396 κοινωνίας
1462 1331 1726 1397 ἐξέωσαν,
1752 1330 1828 1394 ὡς

254 1429 345 1482 τὸν
375 1428 502 1482 Υίὸν
525 1428 617 1481 τοῦ
650 1427 789 1481 Θεοῦ
814 1430 916 1498 τῆς
950 1426 1225 1498 πατρικῆς
1247 1425 1439 1487 οὐσίας
1466 1424 1826 1496 χωρίζοντας,

251 1521 347 1573 καὶ
380 1521 462 1574 ὅτι
515 1520 642 1585 τοὺς
675 1521 849 1576 πάλαι
884 1521 974 1574 διὰ
1043 1520 1144 1591 τὴν
1218 1518 1569 1589 Ἀρειανικὴν
1606 1516 1827 1587 αἵρεσιν

249 1612 735 1681 ἀποϐεϐλημένους
792 1612 1141 1678 ἀνεδέξαντο,
1198 1613 1295 1667 καὶ
1327 1614 1409 1675 εἰς
1460 1610 1686 1679 μείζονα
1715 1610 1828 1663 λει-

248 1706 510 1775 τουργίας
536 1705 670 1759 Θεοῦ
700 1707 1024 1777 προήγαγον
1075 1703 1393 1773 ἀξιώματα.
1434 1705 1547 1758 Καὶ
1576 1703 1825 1772 καταψη-

256 1801 545 1869 φισάμενοι
569 1797 799 1866 τούτων,
821 1801 936 1861 τοῖς
971 1797 1291 1869 ἁπανταχοῦ
1323 1796 1577 1868 ἔπεμπον
1604 1795 1830 1848 ἐπισκό-

263 1908 375 1954 ποις
398 1892 465 1944 τὰ
486 1890 784 1961 δεδογμένα
812 1890 1041 1962 κυροῦν,
1071 1892 1167 1945 καὶ
1194 1891 1325 1961 περὶ
1354 1892 1423 1944 τὰ
1449 1889 1681 1955 δόξαντα
1712 1890 1829 1950 τοῖς

261 1983 314 2036 ιν
341 1982 545 2051 Νικαίᾳ
575 1985 901 2053 ὁμοφρονεῖν
920 1998 936 2013 ⁸
968 1985 1153 2037 ἐκεῖνα
1186 1982 1298 2054 γὰρ
1339 1983 1739 2052 κρατύναντες,
1765 1981 1827 2033 τὸ

255 2072 502 2144 ἀνόμοιον
548 2071 890 2138 ἀπεώσαντο,
947 2073 1046 2127 καὶ
1096 2074 1159 2126 τὸ
1196 2074 1490 2144 ὁμοούσιον
1522 2073 1827 2145 διαρρήδην

253 2163 547 2234 ἐκήρυξαν.
573 2161 681 2215 Καί
709 2178 832 2215 τινα
860 2162 917 2216 δὲ
944 2164 1168 2233 γραφὴν
1218 2163 1530 2228 ἐκθέμενοι,
1555 2163 1828 2217 πλατυτέ-

254 2274 353 2328 ραν
393 2258 492 2327 μὲν
525 2257 624 2327 τῆς
657 2258 747 2341 ἐξ
788 2256 1021 2327 Νικαίᾳ,
1078 2256 1451 2327 διατηροῦσαν
1482 2256 1539 2310 δὲ
1566 2256 1661 2309 τὸν
1699 2255 1828 2324 ὅρον

249 2325 486 2423 ἐκείνης,
517 2325 612 2406 καὶ
635 2325 886 2421 egit-rapa
937 2325 1075 2404 σιτολὺ
1125 2325 1554 2406 διαλλάττουσαν
1588 2351 1683 2404 καὶ
1714 2351 1829 2412 τοῖς

249 2444 518 2516 ῥήμασιν,
579 2443 897 2513 ἅπανταχοῦ
941 2442 1338 2513 διεξέπεμψαν.
1398 2443 1516 2495 Ἵνα
1566 2442 1623 2496 δὲ
1664 2445 1745 2515 μή
1774 2460 1827 2496 τι

248 2537 598 2606 καινοτομεῖν
646 2536 798 2604 παρὰ
829 2537 898 2591 τὰ
928 2538 988 2590 ὲν
1011 2536 1058 2590 Ν
1067 2535 1218 2601 ικαίᾳ
1247 2535 1496 2602 δόξωσιν,
1515 2536 1702 2599 Ὀσιος
1731 2536 1828 2589 καὶ

250 2628 634 2699 Πρωτογένης,
687 2626 736 2679 οἳ
772 2627 1076 2699 τηνικαῦτα
1134 2630 1234 2696 τῆς
1297 2628 1520 2683 συνόδου
1555 2629 1823 2698 προῆγον,

249 2718 494 2788 ἔγραψαν
523 2718 729 2789 Ἰουλίῳ
786 2721 905 2790 μετ’
938 2722 1220 2791 ἀσφαλοῦς
1271 2722 1604 2792 μαρτυρίας,
1656 2724 1826 2793 κύρια

251 2813 349 2885 μὲν
375 2813 446 2866 τά
465 2814 524 2865 ὲν
556 2813 759 2884 Νικαίᾳ⁵
791 2814 1063 2883 νομίζειν,
1123 2816 1426 2887 σαφηνείας
1455 2815 1514 2869 δὲ
1543 2816 1728 2887 χάριν,
1756 2816 1826 2869 τὰ

249 2905 435 2978 ἐκείνῃ
463 2906 748 2977 ὁρισθέντα
815 2907 1111 2962 πλατύνειν
1146 2908 1321 2980 βραχύ
1343 2925 1358 2942 ο
1392 2908 1479 2962 ἵνα
1536 2910 1635 2979 μὴ,
1668 2912 1823 2977 φασὶ,

247 2998 328 3071 τῷ
358 3001 789 3071 συντετμημένῳ
844 2998 945 3069 τῆς
991 3000 1229 3063 πίστεως
1288 3002 1338 3054 οἱ
1387 3002 1446 3068 ἐξ
1500 3000 1714 3072 Ἀρείου
1742 3004 1836 3073 είς

248 3090 451 3146 ἄτοπον
488 3083 622 3145 ὦσιν
652 3089 987 3159 ἀπάγοντες,
1017 3089 1132 3142 ὅσοι
1166 3090 1243 3161 μὴ
1268 3089 1417 3143 ίσασι
1442 3089 1822 3157 διαλέγεσθαι.

249 3182 437 3239 Ταῦτα
490 3184 690 3238 ἐκεῖνοι
748 3183 1212 3255 διαπραξάμενοι,
1264 3182 1456 3237 οἴκαδε
1521 3183 1818 3248 διελύοντο,

248 3276 505 3345 ἑκάτεροι
539 3274 767 3347 γνώμης
801 3276 978 3343 ὄντες,
1004 3277 1080 3338 ὡς
1103 3275 1199 3329 καὶ
1228 3276 1396 3345 ἄμφω
1422 3274 1647 3337 δικαίως
1676 3273 1823 3345 πρά-
1851 3303 1895 3362 c

249 3364 425 3432 ξιιαν,
454 3367 504 3418 οἱ
544 3367 643 3436 μὲν
673 3365 771 3437 τὴν
804 3365 880 3418 ἔω
915 3363 1371 3430 ἐπισκοποῦντες,
1425 3365 1622 3433 ὅτιπερ
1644 3367 1692 3418 οἱ
1720 3363 1827 3418 ἀνὰ

246 3462 348 3528 τὴν
396 3458 642 3529 ἑσπέραν
694 3458 824 3522 τοὺς
882 3458 976 3510 ὑπ’
1009 3457 1193 3512 αὐτῶν
1237 3456 1677 3527 καθαιρεθέντας
1729 3457 1828 3511 καὶ

248 3551 609 3621 ἀπωσμένους
640 3550 893 3615 ἐδέξαντο
913 3566 929 3582 ⁶
957 3553 1008 3606 οἱ
1041 3550 1089 3604 δ’
1112 3552 1218 3605 ἀνὰ
1243 3552 1344 3622 τὴν
1373 3551 1552 3616 δύσιν,
1600 3551 1684 3604 ὅτι
1717 3550 1826 3621 πρὸ

248 3645 347 3711 τῆς
375 3643 564 3712 κοινῆς
588 3643 938 3712 διαγνώσεως
968 3644 1021 3697 oi
1045 3643 1374 3709 καθελόντες
1399 3644 1709 3713 ἀπέφυγον,
1730 3644 1826 3697 καὶ

247 3729 331 3784 δτι
353 3731 407 3784 οι
439 3731 538 3800 μὲν
588 3732 656 3785 τὰ
705 3733 763 3785 ὲν
789 3732 996 3803 Νικαίᾳ
1045 3732 1350 3804 δεδογμένα
1377 3735 1663 3803 ἔστεργον,
1689 3735 1739 3787 ol
1768 3735 1828 3788 δὲ

246 3826 347 3895 τῆς
412 3824 487 3877 ἒω
538 3824 883 3894 κιδδηλεύειν
943 3825 1153 3896 ταύτην
1210 3827 1308 3880 καὶ
1369 3828 1824 3897 παραχαράττειν

247 3917 510 3987 ἐτόλμων.
543 3914 607 3970 Οἱ
632 3917 677 3970 δ’
703 3919 762 3970 ὲν
795 3918 1035 3989 Σαρδικῇ
1079 3920 1173 3972 καὶ
1200 3918 1512 3990 Μαρκέλλῳ
1540 3918 1620 3989 τῷ
1652 3918 1826 3990 πρόσ-

247 4009 343 4066 θεν
375 4010 650 4082 εἰρημένῳ
701 4012 799 4082 τῆς
829 4011 887 4065 ὲν
922 4011 1175 4082 Ἀγκύρᾳ
1226 4011 1506 4074 Γαλατίας
1533 4012 1827 4082 ὲπισκὸπῳ

243 4103 349 4172 τὴν
390 4100 693 4172 ἱερωσύνην
733 4101 1046 4172 ἐπέτρεψαν
1073 4118 1088 4133 ’
1126 4102 1310 4168 ἐξεῖπε
1342 4102 1451 4170 γὰρ
1496 4105 1563 4170 τῇ
1597 4101 1825 4170 συνόῗῳ,

247 4194 319 4260 ὡς
354 4195 417 4248 ού
449 4193 672 4266 νοηθείη
724 4196 838 4258 τοῖς
871 4196 1091 4259 πολλοῖς
1121 4197 1154 4266 ἠ
1186 4195 1281 4248 ὑπ’
1310 4196 1477 4250 αὑτοῦ
1526 4196 1606 4264 τῷ
1634 4195 1829 4265 βιϐλίῳ

250 4287 694 4359 ὖπαγορευθεϊσα
750 4288 993 4360 φράσιςο
1045 4288 1141 4343 καὶ
1202 4287 1292 4341 διὰ
1342 4288 1504 4342 τοῦτο
1565 4289 1826 4343 ὑπόνοιαν

250 4382 422 4451 σχεῖν,
458 4381 528 4435 τά
572 4380 667 4436 τοῦ
709 4383 1078 4455 Σαμοσατέως
1121 4383 1339 4438 Παύλου
1386 4382 1482 4435 καὶ
1529 4380 1826 4434 Σαϐελλίου

246 4474 489 4545 φρονεῖν.

1934 677 2204 732 lumniam
2260 686 2555 743 accusatus
2609 690 2783 736 esset.
2840 684 3086 755 Aselepa:
3132 688 3509 759 episcopatum

1931 768 2253 825 Gazaeorum
2287 774 2621 829 auctoritate
2665 792 2765 830 sua
2804 778 3230 844 confirmarunt,
3272 784 3365 852 qui
3414 800 3518 839 an-

1934 869 2021 915 tea
2052 863 2217 918 etiam
2254 864 2554 920 multorum
2594 868 2929 937 antistitum,
2967 879 3025 925 et
3060 873 3297 929 maxime
3345 875 3518 930 Ense-

1930 955 2007 1010 bii
2045 955 2321 1026 Pamphili
2363 959 2629 1030 sufl‘ragio
2661 960 3033 1030 epise0palem
3071 974 3391 1033 susceperat
3433 968 3517 1021 di-

1930 1048 2222 1117 gnitatem,
2257 1052 2416 1121 cujus
2453 1053 2533 1107 rei
2566 1053 2963 1108 certitudinem
3010 1065 3133 1111 aeta
3176 1058 3373 1128 judieii
3420 1058 3517 1113 de-

1931 1140 2236 1196 clarabant.
2296 1141 2529 1197 Lucium
2560 1146 2747 1207 ,etiam
2802 1145 3318 1217 AdrianOpolitam,
3365 1150 3515 1220 quod

1930 1242 2283 1289 accusatores
2307 1235 2430 1304 ejus
2456 1235 2839 1307 profugerant,
2864 1240 3249 1296 restituerunt.
3283 1242 3518 1297 Horum-

1930 1341 2043 1395 que
2093 1328 2351 1396 pareeeiis
2401 1339 2457 1384 et
2508 1331 2765 1386 ecclesiis
2819 1333 3200 1400 scripserunt,
3252 1349 3324 1389 ne
3376 1336 3519 1390 alios

1928 1434 2095 1489 quam
2147 1421 2248 1475 hos
2301 1421 2451 1491 ipsos
2500 1421 2775 1478 haberent
2830 1425 3158 1495 episcopos,
3204 1440 3517 1497 eorumque

1929 1512 2339 1581 quamprimum
2374 1522 2763 1584 exspectarent
2798 1517 3126 1575 adventuum.
3163 1519 3519 1590 Abrogaruut

1931 1617 2154 1672 quoque
2213 1604 2602 1673 episcopatum
2658 1605 2926 1677 Gregorio
2977 1609 3056 1680 (1)
3108 1609 3519 1678 Alexandrino,

1932 1694 2138 1750 Basilio
2174 1694 2489 1767 Aneyrano,
2518 1710 2576 1753 et
2606 1698 2911 1765 Quintiano
2942 1701 3137 1757 Gazaeo
3166 1720 3181 1757 :
3212 1714 3269 1758 et
3312 1715 3373 1758 ut
3405 1721 3517 1759 non

1933 1788 2100 1843 modo
2132 1790 2543 1859 episcoporum,
2576 1791 2672 1846 sed
2706 1807 2776 1847 ne
2809 1791 3256 1849 Christianorum
3290 1795 3518 1866 quidem

1933 1881 2303 1950 appellatione
2332 1882 2746 1938 honorarentur
2779 1893 3044 1940 statuere.
3074 1886 3224 1941 Idem
3267 1887 3521 1943 fecerunt

1858 1945 1903 2004 Β
1933 1945 2229 2027 Theodoro
2271 1972 2582 2038 Perinthia,
2619 1974 2883 2029 Narcisso
2920 1976 3280 2047 lrenopolita,
3318 1978 3519 2033 A‘cacio

1931 2063 2259 2127 Caesariensi
2317 2065 2541 2121 Eusebii
2600 2066 2873 2137 Pamphili
2925 2069 3277 2134 successori,
3333 2070 3519 2126 Meno-

1934 2157 2147 2227 phanto
2173 2158 2439 2228 Ephesio,
2464 2158 2694 2215 Ursaeio
2730 2157 3049 2230 Singidonis
3081 2161 3183 2234 (2),
3218 2172 3274 2217 et
3303 2163 3517 2219 Valenti

1932 2248 2154 2304 Mursiae
2215 2249 2629 2304 Pannoniorum
2691 2250 3007 2320 episcopis,
3070 2261 3126 2307 et
3184 2251 3519 2310 Laodicensi

1930 2341 2190 2412 Georgio,
2230 2344 2485 2412 quamvis
2529 2342 2754 2415 Synodo
2799 2344 3166 2401 Orientalium
3202 2347 3251 2405 is
3282 2364 3391 2402 non
3434 2349 3519 2404 in-

1937 2443 2190 2490 teresset.
2233 2435 2331 2490 llis
2361 2437 2625 2492 omnibus
2654 2438 2929 2508 dignitate
2958 2439 3238 2509 adempta,
3269 2456 3519 2497 commu-

1933 2527 2100 2581 nione
2140 2528 2578 2596 interdixerunt,
2612 2530 2760 2601 quod
2808 2529 3009 2586 Filium
3062 2533 3161 2588 Dei
3212 2549 3241 2589 a
3284 2543 3516 2604 paterna

1928 2621 2241 2675 substantia
2283 2631 2612 2690 separarent
2642 2639 2656 2676 :
2689 2622 2863 2694 698
2896 2633 2953 2679 et
2980 2626 3150 2696 quod,
3184 2628 3278 2698 qui
3308 2629 3519 2685 dudum

1933 2721 2163 2783 propter
2197 2712 2460 2768 Arianam
2497 2714 2755 2770 haeresim
2800 2718 2992 2788 rejeeti
3026 2718 3265 2785 fuerant,
3302 2737 3398 2778 eos
3431 2738 3512 2778 re-

1930 2805 2230 2875 cepissent,
2253 2817 2309 2861 et
2329 2806 2397 2860 ad
2420 2808 2743 2877 ampliorem
2772 2811 3067 2866 ministerii
3088 2812 3183 2867 Dei
3204 2816 3518 2872 evexissent

1931 2901 2279 2972 dignitatem.
2313 2900 2407 2955 Eis
2431 2901 2732 2967 damnatis,
2764 2903 2831 2959 ad
2860 2921 3050 2960 omnes
3075 2908 3282 2977 ubique
3305 2911 3517 2982 episco-

1896 2990 1899 2993 ’
1928 3011 2031 3066 pos
2064 2996 2358 3061 miserunt,
2394 3004 2458 3050 ut
2493 2995 2718 3051 decreta
2752 3012 2817 3053 ea
2849 3007 2967 3052 rata
3003 2999 3271 3057 haberent
3300 3013 3355 3057 et
3385 3020 3517 3061 eon-

1929 3090 2237 3151 ﬁrmarent,
2277 3104 2381 3143 nec
2417 3104 2529 3144 non
2573 3089 2810 3145 Nieaenis
2853 3092 3071 3162 placitis
3112 3096 3517 3153 consentirent.

1927 3182 2141 3248 Quibus
2191 3180 2489 3245 roboratis,
2529 3181 2592 3235 τὸ
2625 3183 2903 3254 ἀνόμοιον,
2944 3185 3236 3254 dissimile,
3257 3191 3517 3258 repudia-

1928 3283 2081 3340 runt,
2112 3273 2174 3326 τὸ
2206 3272 3034 3345 ὁμοούσιον,οοηευδειοηιῐειθ,
3055 3290 3241 3349 aperte
3280 3282 3515 3350 promul-

1928 3374 2152 3437 garunt.
2187 3367 2255 3419 Et
2288 3365 2497 3437 scripto
2529 3367 2767 3438 quodam
2802 3373 3133 3441 composito,
3174 3374 3319 3444 quod
3357 3375 3492 3431 diﬂu

1930 3459 2048 3511 sius
2078 3455 2302 3526 quidem
2337 3471 2503 3527 quam
2543 3456 2826 3513 Nicznum
2870 3469 3037 3528 esset,
3074 3461 3379 3520 finitionem
3421 3482 3492 3522 au

1931 3560 2041 3605 tem
2100 3550 2224 3619 ejus
2281 3558 2549 3615 servaret,
2592 3551 2901 3623 verbisque
2940 3570 3050 3610 non
3105 3556 3403 3613 admodum
3454 3560 3516 3617 ab

1928 3641 2025 3696 illo
2054 3641 2329 3704 differret.
2370 3642 2426 3696 id
2472 3642 2677 3711 passim
2724 3643 2793 3698 ad
2840 3645 2961 3701 loca
2996 3648 3187 3702 omnia
3223 3649 3499 3706 miserunt

1927 3732 2005 3789 Ne
2039 3747 2172 3788 vero
2212 3748 2417 3789 novare
2455 3732 2761 3804 quidquam
2800 3746 2992 3791 contra
3036 3737 3257 3793 Niczena
3295 3740 3520 3796 decreta

1929 3825 2282 3889 viderentur,
2316 3823 2522 3879 Hosius
2547 3832 2601 3880 et
2633 3825 3000 3897 Protogenes,
3032 3828 3126 3897 qui
3162 3838 3275 3883 tum
3308 3832 3520 3901 synodo

1931 3917 2251 3989 pmierant,
2292 3933 2419 3973 eum
2454 3927 2602 3974 certa
2637 3920 2995 3977 attestatione
3035 3922 3103 3977 ad
3143 3922 3343 3979 Iulium
3374 3925 3509 3980 litte

1932 4025 2025 4065 ras
2070 4010 2367 4073 dederunt,
2399 4011 2788 4066 auctoritatem
2836 4026 2993 4068 suam
3028 4027 3087 4069 se
3121 4013 3357 4071 Nicmna:
3392 4015 3521 4071 fidei

1930 4102 2264 4172 professioni
2330 4103 2600 4177 integram
2658 4104 2982 4175 relinquere
3033 4122 3049 4162 :
3103 4110 3521 4180 perspicuitatis

1930 4202 2113 4248 autem
2163 4193 2361 4262 gratia,
2394 4209 2516 4264 qua!
2564 4193 2759 4251 Nicaea:
2804 4196 3109 4253 constituta
3156 4211 3364 4267 essent,
3405 4217 3523 4256 non

1930 4284 2005 4339 ita
2033 4284 2219 4338 multis
2245 4284 2415 4339 latius
2439 4284 2779 4351 extendisse,
2805 4302 2876 4341 ne
2906 4288 3125 4344 scilicet
3146 4290 3334 4344 Ariani
3365 4307 3506 4345 eom-

1929 4376 2133 4446 pendio
2180 4376 2543 4447 professionis
2598 4377 2725 4433 ﬁdei
2776 4378 2845 4433 ad
2894 4379 3172 4436 absurdas
3224 4384 3521 4453 opiniones

1929 4484 2029 4525 eos
2057 4468 2423 4533 abducerent,
2456 4469 2553 4538 qui
2603 4470 2910 4527 dialecticae
2949 4482 3080 4527 sunt
3118 4474 3380 4545 imperiti.
3419 4475 3523 4535 llis

242 4569 321 4626 ita
366 4570 631 4639 peractis,
659 4569 884 4625 domum
937 4580 1244 4627 revertere.
1293 4571 1364 4627 Et
1405 4570 1630 4640 utrique
1705 4570 1762 4624 iu
1835 4582 1900 4624 ea
1940 4574 2101 4622 erant
2142 4566 2427 4638 opinione,
2459 4577 2611 4624 recte
2658 4568 2727 4623 ab
2768 4568 2853 4625 eis
2887 4585 3011 4638 qua:
3055 4575 3345 4629 sententiis
3384 4591 3511 4646 pro-

243 4663 569 4735 scriptionis
598 4663 846 4721 ferendis
872 4664 1139 4734 egissent,
1170 4680 1291 4722 esse
1325 4664 1488 4721 facta.
1517 4663 1828 4719 Orientales
1865 4662 2114 4733 quidem,
2156 4661 2307 4731 quod
2372 4659 2781 4727 Occidentales,
2817 4678 2960 4733 quos
2994 4666 3096 4736 ipsi
3131 4682 3291 4722 sacro
3320 4670 3512 4727 ordine

243 4764 550 4817 movissent
597 4769 656 4818 et
713 4761 1073 4832 reiecissent,
1122 4776 1222 4817 eos
1276 4760 1347 4816 ad
1394 4760 1846 4817 communionem
1907 4759 2261 4814 admisissent
2297 4777 2312 4825 ;
2342 4755 2722 4816 Occidentales
2782 4773 3006 4830 autem,

3093 4770 3239 4836 quod
3289 4770 3367 4826 illi
3421 4774 3521 4844 qui

242 4855 610 4912 Athanasium
645 4864 704 4911 et
733 4856 876 4911 alios
906 4854 1282 4911 damnationis
1349 4855 1627 4911 sententia
1703 4861 2014 4917 notassent,
2090 4865 2216 4908 ante
2252 4852 2529 4923 publicam
2571 4856 2943 4926 cognitionem
3000 4861 3418 4936 profugissem;
3462 4881 3521 4926 et

242 4951 388 5021 quod
422 4950 461 5005 ii
495 4949 722 5004 Nicaena
755 4951 977 5006 decreta
1009 4950 1552 5020 complectebantur,
1620 4948 1700 5004 illi
1774 4963 1906 5003 vero
1941 4962 2006 5002 ea
2049 4946 2358 5016 depravare
2408 4956 2467 5003 et
2511 4948 2827 5006 adulterare
2875 4953 3173 5011 audebant.
3223 4956 3284 5012 lu
3330 4958 3497 5018 Sardi

243 5043 391 5099 censi
422 5042 658 5097 consilio
686 5040 946 5099 Marcello
971 5057 1218 5114 quoque,
1246 5043 1315 5099 de
1345 5059 1460 5113 quo
1489 5058 1657 5114 supra
1728 5042 1995 5109 diximus,
2064 5041 2296 5110 Ancyrae
2327 5038 2556 5097 Galatia:
2626 5044 3033 5116 episcopatum,
3077 5049 3240 5107 sicuti
3277 5069 3517 5112 comme-

240 5138 618 5199 moravimus,
668 5151 890 5191 rursum
937 5137 1301 5192 mandarunt.
1349 5136 1486 5192 Nam
1533 5136 1581 5192 is
1656 5137 1865 5209 synodo
1905 5136 2181 5204 exposuit,
2259 5149 2289 5197 a
2334 5134 2526 5189 multis
2567 5135 2698 5190 libri
2732 5138 2816 5191 sui
2854 5141 3056 5210 scripta
3091 5141 3370 5202 intellecta
3405 5164 3523 5205 non

241 5246 364 5286 esse
397 5250 411 5285 ς
443 5232 589 5285 unde
621 5229 700 5285 illi
730 5230 1104 5300 suspicionem
1133 5232 1512 5302 conceperint,
1539 5231 1733 5287 eadem
1765 5245 1826 5288 se

1937 5244 1992 5283 tn
2023 5226 2383 5282 Samosateno
2416 5226 2587 5283 Paulo
2619 5239 2677 5285 et
2709 5231 2952 5288 Sabellio
2982 5236 3212 5292 sentire.

823 5350 1084 5406 ΚΕΦᾹΛ.
1133 5348 1236 5407 ﬂ".

246 5433 355 5513 οιιέ
376 5443 409 5494 ό
438 5440 951 5509 ἐκκλησιαστικὸς
996 5441 1316 5510 Σωκράτης
1345 5441 1447 5496 ἐπὶ
1489 5442 1601 5513 τῆς
1627 5439 1817 5513 δόξης

306 5510 605 5583 ξὺσεὸίρρ
665 5514 772 5568 τοῦ
804 5514 1125 5583 Παμφίλου
1156 5515 1446 5582 ἱστόρησε
1466 5531 1479 5547 ·
1522 5510 1621 5568 καὶ
1654 5510 1820 5581 ὅπως

308 5580 498 5653 δόξης
528 5578 669 5652 ἐἶχε
720 5585 853 5650 περὶ
893 5578 1023 5652 ’τῗῆς
1082 5584 1153 5638 ἐν
1210 5578 1431 5653 Νιᾶιάίςι
1461 5587 1727 5653 πίστεως

308 5651 537 5720 ἑσπέρα
566 5651 629 5708 τε
666 5656 765 5708 καὶ
798 5656 833 5723 ὴ
867 5651 1002 5721 ἕως.

313 5742 536 5797 Είδὲναι
569 5744 755 5814 μέντοι
785 5746 966 5816 χρεὼν
986 5744 1063 5810 ὡς
1110 5747 1139 5800 ὀ
1174 5744 1270 5800 τοῦ
1308 5746 1604 5819 Παμφίλου
1641 5747 1816 5821 Εύσέτ

246 5829 357 5898 διος
376 5834 529 5905 τρισὶ
560 5834 786 5906 βιϐλίοις
816 5837 879 5889 τὸ
914 5837 1213 5909 εἰρημένον
1244 5836 1489 5894 ὕποπτον
1524 5840 1618 5894 τοῦ
1656 5841 1812 5913 Μαρ-

315 5950 389 6022 (l)
422 5950 733 6023 Legendum
762 5954 903 6012 forte
956 5954 1199 6025 Georgio,
1248 5970 1412 6028 supra
1458 5972 1578 6030 cap.
1615 5959 1648 6013 7
1679 5960 1807 6016 eod.

2413 5349 2582 5422 699
2619 5350 2845 5409 CAPUT
2888 5352 3030 5409 xm.

1930 5445 2062 5522 Quae
2108 5447 2351 5522 Socrates
2419 5447 2648 5522 scriptor
2706 5447 3092 5522 ecclesiasticus
3161 5452 3228 5504 de
3275 5453 3515 5522 opinione

1997 5519 2207 5593 Eusebii
2251 5518 2540 5593 ΔΙδιεηι-ρίιίίὶ
2591 5521 2863 5593 memorie;
2907 5521 3234 5593 prodiderit,
3290 5518 3341 5576 et
3397 5541 3510 5593 qua

1990 5589 2291 5670 Occidentis
2322 5588 2659 5657 Orientisque
2687 5594 2752 5641 de
2788 5590 2892 5657 ﬁde
2922 5589 3148 5644 Nicwna
3198 5592 3357 5660 fuerit
3396 5588 3513 5649 sen-

1994 5670 2185 5713 tentia.

1995 5751 2297 5806 Sciendum
2328 5765 2486 5818 sane,
2511 5749 2815 5805 Eusebium
2844 5751 3115 5821 Pamphili
3148 5754 3328 5811 tribus
3350 5757 3518 5813 libris

1920 5852 2245 5914 suspectum
2312 5843 2468 5897 illum
2529 5842 2770 5897 Marcelli
2823 5848 3287 5903 commentarium
3355 5852 3506 5908 refel—

1996 5961 2073 6029 (2)
2102 5938 2368 6030 Singidon
2401 5957 2570 6014 hodie
2599 5957 2938 6028 Segediuum
2972 5962 3201 6019 dicitur.
