3990 6500
425 482 533 549 263

1665 468 2097 532 NICEPHORI
2135 458 2479 525 C.\l.LlST[

3623 457 3725 522 2‘t

426 602 561 657 lisse
593 600 692 671 (l).
734 598 953 667 Scripto
990 608 1231 665 namque
1258 606 1326 649 eo
1356 590 1410 646 in
1441 599 1630 662 partes
1659 604 1788 646 suas
1814 586 2017 649 diviso,

2152 582 2318 634 ιέλλου
2353 576 2622 647 ἀνέτρεψε
2669 576 3018 647 σύγγραμμα.
3041 616 3057 641 ,
3089 575 3167 640 ὡς
3213 574 3315 630 καὶ
3349 574 3552 647 πρώην
3579 580 3730 651 εἱρη-

431 693 635 749 deinde
671 689 1108 746 confutationem
1144 688 1313 741 infert
1349 702 1364 739 :
1402 684 1572 754 idque
1603 682 1659 737 in
1698 689 1813 736 toto
1851 691 2020 749 opere

432 784 581 841 facit.
644 784 721 839 Ex
770 781 975 850 quibus
1030 778 1191 833 libris
1239 776 1500 832 Socrates
1543 774 1783 844 scriptor
1838 770 2019 827 eccle-

434 876 691 931 siasticus
749 872 993 944 plurima
1050 869 1288 939 allegat,
1349 874 1690 936 quapropter
1740 860 2019 917 Eusebius

433 967 588 1038 quasi
623 966 865 1019 Arianus
904 970 1123 1019 taxatus
1150 961 1240 1015 sit.
1277 962 1355 1013 Ac
1385 958 1648 1024 deinCeps
1679 953 1875 1017 refert,
1910 951 2024 1021 pri-

433 1076 535 1115 ma:
590 1058 806 1129 synodo
869 1071 996 1110 eum
1050 1052 1411 1116 interfuisse,
1464 1050 1696 1115 aliisque
1749 1044 2027 1114 episcopis

433 1153 680 1208 decretis
738 1147 1011 1205 faciendis
1063 1145 1416 1201 consensisse
1469 1160 1482 1194 :
1531 1140 1695 1194 sicuti
1749 1134 2027 1192 Eusebius

434 1247 552 1315 ipse
609 1244 663 1297 in
717 1241 883 1297 tertio
939 1238 1006 1293 ad
1060 1236 1484 1294 Constantinum
1538 1233 1683 1287 libro
1734 1235 2024 1285 memoret.

434 1336 655 1393 Profert
690 1349 826 1388 vero
862 1333 1006 1387 idem
1042 1339 1100 1385 et.
1133 1330 1276 1398 piam
1321 1328 1440 1397 ejus
1480 1325 1533 1379 in
1578 1324 1736 1387 illud,
1775 1322 2028 1374 Dominus

436 1428 633 1483 creavit
663 1442 745 1481 me
774 1426 990 1479 initium
1033 1423 1245 1475 viarum
1279 1435 1499 1473 suarum
1529 1418 1571 1481 ¹,
1606 1415 2029 1485 interpretatio-

438 1537 589 1585 nem,
635 1520 691 1573 in
744 1534 854 1587 qua
910 1517 1029 1569 lucc
1078 1517 1159 1568 sic
1210 1513 1453 1568 scribit:
1494 1529 1511 1561 ι
1554 1509 1711 1577 Quod
1760 1507 2028 1561 Dominus

440 1611 686 1681 seipsum
735 1616 983 1663 creatum
1016 1620 1141 1661 esse
1177 1604 1278 1668 ait,
1315 1619 1422 1657 non
1461 1602 1564 1657 hoc
1596 1616 1729 1656 sane
1765 1600 1836 1654 ita
1869 1598 2029 1662 dicit,

442 1712 707 1771 tanquam
760 1701 855 1770 qui
908 1709 1069 1753 antea
1121 1713 1233 1751 non
1281 1696 1476 1761 fuerit,
1513 1709 1578 1749 ac
1627 1702 1742 1747 tum
1789 1692 2030 1761 primum

441 1812 563 1853 esse
596 1795 831 1863 cmperit
863 1809 877 1846 :
913 1803 974 1847 ut
1024 1788 1491 1861 quemadmodum
1535 1785 1767 1854 reliquie
1811 1792 2033 1839 creatuo

444 1905 541 1955 rae,
582 1888 773 1942 itidem
827 1896 883 1940 et
936 1886 1055 1955 ipsc
1106 1899 1174 1937 ex
1221 1897 1334 1936 non
1379 1880 1682 1935 exsislcntc
1732 1875 2029 1937 exStiterit,

2129 689 2330 744 καμεν,
2384 669 2453 723 τὰ
2509 669 2647 737 πρὸς
2689 667 3016 738 Μάρκελλον
3069 667 3407 738 ἐπιγράψας
3457 667 3523 721 τὺ
3568 672 3732 723 σπού-

2128 768 2337 836 δασμα.
2367 764 2669 835 Διαιρήσας
2709 762 2816 831 γὰρ
2853 763 2933 825 εἰς
2966 760 3132 831 μέρη,
3162 760 3367 819 ἔπειτα
3410 760 3516 832 τὴν
3550 762 3730 836 ante.

2134 862 2303 930 ρησιν
2330 856 2550 925 ἐπάγει·
2570 858 2664 908 καὶ
2702 854 2866 909 τοῦτο
2885 854 2950 908 δι’
2974 855 3096 908 ὅλου
3140 857 3304 908 ποιεῖ.
3354 855 3449 922 Ἐξ
3476 848 3539 908 οὗ
3574 874 3733 909 σπου-

2130 954 2412 1022 δάσματος
2446 949 2623 1002 πολλὰ
2666 948 2993 1020 παρατιθεὶς
3028 948 3338 1020 Σωκράτης
3372 950 3402 1002 ό
3442 950 3514 1003 τὰ
3540 951 3735 1019 ἐκκλη..

2133 1044 2394 1099 σιαστικᾶι
2413 1042 2902 1111 συγγραψάμενος,
2929 1043 3214 1095 ἐνίσταται
3242 1043 3509 1107 πλεῖστα,
3531 1043 3606 1106 ὡς
3625 1044 3736 1095 δια-

2136 1139 2390 1192 ϐάλλοιτο
2438 1136 2701 1199 Εὐσέϐιος
2730 1136 2798 1188 τὰ
2837 1135 3050 1204 Ἀρείου
3086 1135 3311 1205 φρονῶν
3341 1152 3356 1166 ·
3400 1138 3734 1204 παρεισάγει

2133 1231 2243 1299 γὰρ
2264 1230 2341 1301 τῷ
2359 1247 2417 1282 τε
2442 1231 2508 1299 τῇ
2533 1228 2726 1297 πρώτῃ
2762 1227 2968 1297 συνόδῳ
2995 1227 3160 1279 αὑτὸν
3191 1229 3489 1295 παρεῖναι,
3507 1230 3606 1282 καὶ
3627 1232 3735 1292 τοῖς

2132 1323 2340 1384 λοιποῖς
2361 1321 2644 1391 ὁμόφρονα
2666 1318 3008 1388 καταστῆναι
3030 1335 3043 1348 ·
3065 1318 3139 1380 ὡς
3166 1318 3223 1370 ἐν
3249 1318 3335 1386 τῷ
3354 1319 3532 1388 τρίτῳ
3550 1318 3732 1390 βιϐλίῳ

2135 1414 2275 1481 πρὸς
2307 1414 2726 1465 Κωνσταντῖνον
2752 1411 2916 1473 αὐτὸς
2945 1411 3157 1473 ἐκεῖνός
3205 1427 3405 1479 φησιν.
3458 1411 3735 1481 Ἐκτίθησι

2134 1506 2191 1559 δὲ
2217 1505 2312 1559 καὶ
2335 1505 2435 1574 τὴν
2478 1508 2559 1567 εἰς
2604 1505 2685 1568 τὸ,
2728 1505 2949 1569 Κύριος
2981 1503 3188 1557 ἐκτισέ
3212 1521 3293 1573 με
3326 1502 3539 1573 ἀρχὴν
3585 1504 3737 1558 ὁδῶν

2133 1596 2343 1660 αὐτοῦ,
2381 1596 2583 1664 εὐσεϐῆ
2619 1597 2903 1664 ἐξήγησιν·
2926 1595 2985 1646 ὲν
3085 1595 3181 1647 καὶ
3201 1594 3387 1650 ταῦτὰ
3407 1612 3609 1665 φησιν·
3637 1614 3655 1646 ι
3676 1583 3735 1648 Et

2137 1684 2194 1737 δὲ
2221 1683 2370 1750 λέγει
2388 1685 2415 1736 ὁ
2435 1684 2638 1753 Κύριος
2664 1683 2914 1737 ἐκτίσθαι
2952 1683 3169 1749 ἑαυτὸν,
3200 1683 3305 1753 οὐχ
3333 1683 3415 1746 ὼς
3449 1686 3517 1736 ὲκ
3544 1683 3641 1736 τοῦ
3663 1684 3734 1753 μὴ

2137 1776 2291 1839 δντος
2314 1778 2395 1839 είς
2422 1776 2482 1829 τὸ
2506 1774 2648 1853 εἶναι
2677 1777 2993 1847 παρελθὼν,
3016 1775 3191 1831 ταῦτα
3211 1777 3282 1831 ἂν
3312 1780 3465 1832 εἷποι
3490 1781 3604 1843 τοίς
3635 1779 3736 1832 λοι-

2142 1872 2261 1933 ποῖς
2284 1870 2554 1939 κτίσμασι
2580 1871 2676 1924 καὶ
2707 1871 2872 1934 αὐτὸς
2901 1872 3108 1939 ὁμοίως
3134 1873 3325 1927 sic-196
3361 1876 3439 1945 μὴ
3472 1875 3624 1940 ὄντος
3647 1893 3735 1942 γε-

444 1980 695 2035 nonnulli
745 1994 853 2032 non
899 1984 1051 2032 recte
1101 1984 1469 2044 acceperunt;
1520 1974 1614 2027 sed
1660 1980 1721 2025 ut
1769 1978 2029 2025 constans

2152 1961 2329 2033 γονὼς,
2356 1963 2548 2027 ὅτινες
2576 1964 2676 2017 οὐκ
2705 1963 2888 2035 ὀρθῶς
2925 1965 3469 2035 ὑπειλήφασιν,ἀλλ’
3504 1970 3579 2033 ὡς
3612 1969 3734 2036 ὕφει

444 2074 669 2144 quidem
700 2081 755 2126 et
788 2072 979 2125 vivens
1008 2077 1063 2123 et
1094 2067 1486 2138 praeexsistens
1518 2074 1684 2134 atque
1719 2062 2036 2141 subsistens

445 2174 575 2220 ante
628 2165 800 2218 totius
846 2162 1039 2216 mundi
1087 2160 1575 2225 constitutionem,
1615 2157 1685 2212 ad
1735 2156 2034 2226 regendum

445 2265 632 2311 autem
667 2264 724 2310 et
766 2253 1272 2309 administrandum
1308 2252 1569 2306 universa
1599 2266 1628 2304 a
1661 2251 1895 2304 Domino
1935 2263 2038 2303 suo

446 2348 623 2419 ipsius
678 2339 842 2400 Patre
881 2345 1211 2409 ordinatus;
1265 2353 1325 2397 ut
1375 2358 1443 2398 eo
1487 2342 1609 2397 loco
1651 2341 1756 2395 hoc
1805 2340 2035 2395 verbum

448 2438 668 2499 creavit,
708 2452 807 2506 pro
852 2435 1022 2490 verbo
1055 2435 1320 2488 ordinavit
1371 2447 1469 2487 seu
1530 2433 1823 2496 constituit,
1854 2432 1927 2485 sit
1958 2430 2041 2484 di-

452 2537 625 2583 ctum.
657 2526 861 2595 Aperte
892 2535 1045 2579 certe
1078 2523 1307 2593 quidem
1344 2522 1632 2576 hominum
1672 2520 1951 2589 principes
1987 2530 2043 2573 ct

452 2618 627 2676 duces
688 2627 998 2674 creaturam
1064 2616 1378 2671 nominavit
1438 2615 1725 2685 apostolus
1780 2613 1972 2667 dicens
2024 2629 2040 2666 :

454 2707 689 2781 Subjecti
736 2711 899 2781 igitur
941 2717 1108 2763 estote
1143 2707 1291 2762 omni
1323 2709 1574 2761 humanm
1608 2717 1872 2760 creatura:
1916 2720 2044 2774 pro-

454 2814 574 2882 pter
625 2803 947 2867 Dominum,
995 2801 1104 2856 sive
1158 2801 1270 2871 regi
1314 2799 1469 2869 quasi
1521 2798 1882 2869 prwcellenti,
1940 2798 2048 2852 sive

452 2896 671 2952 ducibus
727 2908 984 2966 tanquam
1028 2893 1094 2949 ab
1142 2909 1202 2948 eo
1242 2893 1415 2948 missis
1450 2893 1494 2948 '.
1554 2892 1619 2945 Et
1656 2891 1926 2963 propheta
1979 2905 2049 2945 ex

456 3006 693 3060 persona
739 2991 831 3043 Dei
864 2988 1057 3043 dicens
1085 3005 1099 3042 :
1131 2986 1268 3041 Ecce
1319 3002 1414 3057 ego
1464 2985 1690 3053 ﬁrmans
1730 2987 2046 3047 tonitruum,

457 3092 508 3135 et
543 3098 731 3136 creans
768 3081 1057 3152 Spiritum,
1088 3089 1137 3134 et
1167 3079 1500 3134 annuntians
1531 3078 1600 3133 ad
1629 3080 1865 3133 homines
1900 3077 2052 3134 Chri—

453 3180 596 3228 stum
624 3174 736 3243 ejus
769 3174 789 3206 ²
824 3192 839 3228 :
875 3174 976 3229 hoc
1004 3173 1236 3228 verbum
1272 3188 1485 3237 creans,
1514 3187 1625 3227 non
1652 3187 1715 3227 ea
1746 3172 2051 3235 sententia.

458 3266 606 3333 quod
665 3272 827 3319 antea
880 3279 991 3318 non
1044 3263 1235 3331 fuerit,
1286 3264 1531 3334 accepit;
1582 3279 1691 3319 non
1736 3263 1888 3319 enim
1932 3271 2047 3317 tum

460 3358 606 3412 Dens
655 3355 866 3411 creavit
909 3355 1202 3426 Spiritum,
1248 3372 1376 3411 cum
1421 3356 1698 3413 Christum
1742 3372 1905 3412 suum
1955 3373 2052 3427 per

461 3460 591 3498 cum
648 3444 975 3501 horninibus
1033 3445 1421 3509 annuntiavit;
1473 3458 1654 3514 neque
1704 3460 1900 3501 recens
1948 3445 2052 3498 sub

460 3539 578 3593 sole
608 3537 732 3596 fuit,
770 3537 878 3592 Sed
908 3536 1093 3592 fuerat
1125 3537 1351 3606 quidem
1381 3537 1494 3605 ille,
1524 3547 1581 3592 et
1607 3539 2009 3608 prmexstiterat
2037 3557 2051 3593 :

464 3631 668 3684 missus
705 3638 890 3683 autem
928 3638 1043 3682 tum
1080 3639 1186 3692 est,
1219 3643 1331 3698 quo
1366 3637 1616 3698 tempore
1656 3630 1891 3697 apostoli
1927 3645 2054 3682 con-

466 3720 675 3793 gregati
731 3733 889 3776 erant
932 3738 1061 3778 cum
1098 3722 1269 3777 instar
1301 3722 1540 3778 tonitrus
1586 3738 1617 3777 e
1665 3723 1806 3777 coelo
1838 3723 2054 3777 sonitus

469 3818 748 3885 provenit,
788 3823 1049 3885 tanquam
1083 3816 1436 3872 advenientis
1470 3816 1634 3871 flatus
1667 3816 2011 3870 vehementis
2039 3834 2053 3869 :

469 3910 574 3961 hoc
617 3910 787 3962 verbo
819 3924 1030 3972 creans,
1066 3924 1167 3976 pro
1200 3923 1267 3963 eo
1306 3907 1456 3978 quod
1504 3920 1590 3963 est
1628 3908 1927 3969 demittens,
1960 3916 2057 3962 aut

464 3998 723 4051 ordinans
775 4014 870 4051 seu
918 4008 1182 4063 statuens,
1221 4001 1438 4069 posito;
1484 3999 1690 4053 tunitru
1736 4015 1866 4053 vero
1913 4000 2052 4067 ipso,

465 4090 577 4144 alio
638 4093 877 4159 quodam
955 4094 1119 4147 modo
1174 4093 1551 4163 evangelicam
1608 4091 2055 4161 prmdicationem

468 4183 842 4253 significante.
875 4184 1008 4240 Tale
1046 4193 1132 4240 est
1176 4196 1232 4240 et
1277 4184 1412 4239 illud
1447 4202 1460 4238 :
1496 4184 1604 4240 Cor
1641 4177 1896 4240 mundum
1935 4201 2056 4239 crea

468 4276 526 4328 in
560 4291 661 4339 me,
695 4275 831 4329 Deus
860 4277 900 4328 ⁸.
924 4277 1087 4347 700
1129 4278 1221 4333 ubi
1267 4294 1379 4333 non
1411 4278 1503 4333 ille
1536 4278 1761 4348 quidem
1796 4289 2055 4349 tanquam

465 4383 568 4422 cor
600 4383 709 4445 non
740 4369 973 4435 habens,
1000 4371 1095 4425 sed
1131 4380 1190 4425 ut
1215 4372 1436 4426 tandem
1468 4372 1690 4427 habenti
1720 4380 1777 4428 et
1803 4372 2060 4441 puriﬁca-

470 4469 630 4514 retur
677 4468 734 4514 et
787 4462 1173 4530 perﬁceretur,
1219 4475 1477 4533 precatus
1517 4471 1622 4519 est.
1661 4464 1728 4518 Et
1764 4465 1898 4521 illud
1938 4483 1952 4519 :
1995 4464 2058 4520 Ut

447 4561 677 4620 .crearet
722 4552 853 4606 duos
904 4555 959 4607 in
1014 4570 1178 4608 unum
1222 4571 1411 4609 novum
1451 4556 1715 4612 hominem
1743 4558 1802 4625 ³,
1841 4574 1940 4627 pro
1975 4575 2061 4612 co-

470 4653 615 4712 geret
663 4661 760 4700 scu
810 4658 1179 4717 congregaret.
1228 4646 1367 4701 Vide
1399 4661 1568 4717 porro
1596 4662 1665 4702 an
1701 4663 1813 4703 non
1853 4648 1958 4704 tale
1991 4650 2064 4703 sit

471 4746 528 4790 et
564 4736 696 4789 illud
734 4759 743 4791 :
778 4736 992 4792 Induite
1033 4756 1225 4793 novum
1261 4740 1547 4803 hominem,
1579 4741 1866 4795 secundum
1903 4741 2068 4795 Deum

470 4840 715 4882 creatum
739 4831 780 4883 ⁸.
815 4830 949 4884 Item
987 4830 1120 4884 illud
1157 4848 1171 4886 ί
1204 4830 1264 4885 Si
1290 4831 1409 4902 quis
1441 4833 1495 4885 in
1520 4831 1732 4886 Christo
1758 4850 1892 4887 nova
1915 4850 2065 4888 crea-

474 4932 601 4977 tura
630 4925 675 4990 ";
708 4934 766 4977 et
801 4940 1148 4994 quaecunque
1183 4935 1315 4980 sunt
1358 4926 1654 4996 ejusmodi.
1691 4927 1760 4983 Ut
1799 4942 1866 4982 ne
1900 4930 2068 4981 mire-

477 5020 577 5077 ris,
608 5016 652 5070 si
700 5016 1083 5086 metapboriee
1110 5025 1166 5072 et
1196 5034 1296 5088 per
1328 5019 1750 5074 translationem
1790 5019 1846 5073 in
1882 5021 2067 5074 verbis

481 5110 641 5165 Istis:
677 5110 934 5165 Dominus
966 5113 1161 5166 creavit
1198 5129 1279 5166 me
1307 5113 1360 5165 in
1392 5114 1545 5166 initio
1572 5114 1780 5166 uiarum
1808 5129 2063 5178 suarum;

475 5205 692 5269 crearit,
729 5220 829 5273 pro
873 5205 1170 5266 constituit,
1223 5213 1317 5260 aut
1366 5206 1632 5259 ordinavit
1665 5205 1875 5260 dictum
1906 5208 2000 5261 sit.
2040 5226 2058 5259 ι

479 5293 604 5350 llaec
639 5297 693 5351 in
729 5299 897 5352 tertio
940 5299 1213 5353 adversus
1246 5298 1566 5353 Marcellum
1600 5299 1740 5354 libro
1768 5300 2064 5355 Eusebius.

478 5388 742 5443 Socrates
775 5399 958 5444 autem
996 5390 1113 5445 lucc
1159 5406 1380 5461 quoque
1413 5392 1566 5447 hisce
1592 5391 1779 5445 verbis
1823 5408 1922 5461 pro
1959 5392 2067 5445 Eu.

478 5485 634 5538 sebio
667 5485 837 5539 refert
871 5502 885 5538 :
919 5503 936 5535 ι
973 5484 1111 5540 Cum
1140 5486 1325 5555 itaque
1360 5486 1634 5541 Eusebius
1679 5485 1909 5540 Nicaeus:
1939 5501 2068 5554 syn-

486 5576 570 5631 )ᾱί
627 5576 969 5632 mentionem
1016 5579 1247 5645 faciens,
1291 5579 1470 5635 soluts
1502 5594 1626 5633 esse
1654 5589 1710 5634 et
1743 5579 2068 5647 constituta,

578 5694 595 5725 ¹
621 5692 786 5749 Prov.
823 5708 940 5759 vm,
968 5675 1057 5747 ΕΞ.
1138 5696 1158 5726 ¹
1193 5694 1211 5749 l
1245 5695 1392 5750 l’etr.
1430 5695 1729 5763 ll,15,H.

480 5765 572 5818 ﬁt.
650 5764 669 5794 "
697 5763 742 5816 ll
773 5764 903 5818 Cor.
932 5780 987 5832 ν,
1024 5766 1113 5821 l7.

553 5929 632 6002 (l)
674 5932 829 5987 Socr.
868 5931 965 5988 lii).
1007 5948 1062 6003 ιι,
1098 5949 1219 6001 (ap.
1255 5932 1343 5987 ΞΟ.

2141 2051 2283 2118 στὼς
2325 2053 2426 2124 μὲν
2471 2056 2568 2109 καὶ
2599 2054 2711 2117 ζῶν
2733 2094 2749 2119 ,
2779 2057 2968 2129 προών
2996 2074 3056 2112 τε
3092 2061 3186 2112 καὶ
3224 2064 3373 2131 προῢ
3386 2063 3613 2131 πὰρχων
3642 2063 3733 2130 τῆς

2140 2144 2237 2198 τοῦ
2271 2144 2475 2208 παντὸς
2499 2144 2714 2215 κόσμου
2749 2147 3340 2220 συστάσεως.¹Ἀρχειν
3366 2149 3424 2203 δὲ
3470 2153 3579 2203 τῶν
3605 2152 3733 2203 ὅλων

2141 2238 2245 2292 ὑπὸ
2265 2237 2359 2292 τοῦ
2390 2239 2599 2316 Κυρίου
2622 2240 2716 2292 τοῦ
2737 2239 2933 2293 ἑαυτοῦ
2966 2242 3181 2313 Πατρὸς
3213 2246 3697 2314 κατατεταγμένος
3718 2278 3732 2306 ,

2139 2331 2236 2385 τοῦ
2264 2331 2551 2399 ἔκτισεν,
2581 2331 2824 2387 ἐνταῦθα
2863 2332 2988 2388 ἀντὶ
3030 2334 3124 2387 τοῦ
3161 2335 3506 2401 κατέταξεν
3538 2335 3571 2400 ἦ
3604 2351 3731 2388 κατι·

2141 2423 2505 2489 εσκεύασεν,
2530 2424 2850 2494 εἰρημένου.
2888 2426 3204 2496 Διαρῤήδην
3232 2426 3332 2479 οΣν
3362 2428 3495 2490 τοὺς
3541 2429 3600 2479 ὲν
3652 2428 3737 2478 ἁν-

2144 2516 2390 2588 Θρὼποις
2408 2517 2679 2588 ἄρχοντας
2706 2518 2802 2571 καὶ
2832 2519 3110 2589 ἡγεμόνας
3135 2517 3322 2572 κτίσιν
3353 2520 3645 2589 ὠνόμασεν
3662 2521 3733 2570 εἰ·

2146 2610 2266 2666 πὼν
2297 2610 2325 2663 ό
2362 2609 2664 2672 ἀπόστολος
2689 2626 2703 2639 ·
2745 2611 3119 2680 ’Υποτάγητε
3145 2607 3265 2667 οὖν
3308 2613 3491 2686 πάσῃ
3522 2614 3735 2682 ἀνθρωο

2146 2704 2293 2770 πίνῃ
2312 2702 2510 2757 κτίσει
2536 2702 2635 2757 διὰ
2655 2704 2763 2757 τόν
2785 2704 3007 2773 Κύριον
3023 2720 3037 2735 ·
3053 2706 3111 2757 εἴ
3113 2721 3177 2758 τε
3189 2704 3459 2770 ,ϐασιΑεῖ
3475 2709 3555 2773 ὡς
3570 2711 3738 2773 ὑπερ

2146 2795 2374 2865 ἐχοντι,
2398 2796 2519 2849 εἴτε
2550 2796 2848 2866 ἡγεμόσιν
2870 2796 2951 2861 ὠς
2973 2796 3047 2848 δι’
3080 2797 3272 2852 αὐτοῦ
3311 2798 3732 2868 πεμπομένοιςι

2150 2890 2260 2943 Καὶ
2288 2891 2316 2942 ὁ
2348 2888 2520 2943 εἰπὼν
2550 2889 2607 2942 δὲ
2635 2888 2928 2959 προφήτης
2973 2890 3082 2944 ἀπὸ
3109 2891 3203 2944 τοῦ
3231 2891 3399 2959 Θεοῦ,
3442 2892 3599 2948 Ἰδοὺ
3630 2891 3733 2960 ἐγὼ

2151 2981 2419 3051 στερεῶν
2463 2983 2747 3052 ,ϐροντὴν
2779 2981 2883 3035 καὶ
2922 2982 3139 3047 κτίζων
3165 2984 3437 3056 Πνεῦμα,
3473 2986 3570 3039 καί
3599 2987 3733 3039 dao-

2149 3078 2427 3131 στέλλων
2455 3078 2544 3143 εις
2583 3075 2947 3144 ἀνθρώπους
2972 3060 3101 3129 ’τὸν
3154 3079 3422 3145 Χριστὸν
3449 3077 3653 3141 αὑτοῦ,
3679 3076 3732 3129 τὸ

2151 3169 2386 3237 κτίζων,
2422 3170 2523 3224 οὐκ
2574 3171 2640 3223 ἐκ
2689 3169 2785 3222 τοῦ
2813 3170 3105 3238 γεγονότος
3139 3171 3223 3233 είς
3257 3172 3609 3243 ὰνυπαρξίαν
3634 3187 3729 3223 πα-

2163 3263 2427 3334 ρείληφεν
2450 3277 2466 3293 ⁶
2494 3263 2556 3315 οὐ
2589 3262 2698 3334 γὰρ
2733 3264 2852 3316 τότε
2890 3264 3111 3318 ἔκτισεν
3160 3267 3186 3319 ὁ
3216 3265 3357 3330 Θεὸς
3393 3268 3455 3319 τὸ
3492 3265 3730 3333 Πνεῦμα,

2159 3357 2247 3409 ὅτε
2283 3356 2377 3409 τὸν
2411 3353 2650 3427 Χριστὸν
2680 3354 2849 3409 αὐτοῦ
2899 3356 2978 3410 δι’.
3002 3356 3174 3410 αὐτοῦ
3215 3361 3390 3413 πᾶσιν
3426 3358 3733 3429 ἀνθρώποις

2157 3448 2551 3517 κατήγγειλεν·
2583 3447 2704 3501 οὐδὲ
2752 3449 2860 3519 γὰρ
2908 3451 3227 3522 πρόσφατον
3264 3452 3377 3504 ὑπὸ
3423 3450 3518 3503 τὸν
3564 3449 3731 3520 ﬂiam”

2160 3540 2279 3592 ἀλλ’
2309 3537 2376 3610 ἦν
2414 3540 2517 3610 μὲν
2548 3541 2645 3594 καὶ
2674 3541 3037 3611 προῦπῆρχεν
3060 3559 3071 3571 ·
3110 3542 3482 3596 ἀπεστέλλετο
3513 3543 3592 3605 δὲ,
3620 3535 3733 3591 χεῦ’

2158 3631 2218 3683 ὃν
2247 3633 2439 3701 καιρὸν
2490 3628 2633 3704 ἦσαν
2679 3634 2728 3685 οἱ
2773 3633 3062 3687 ἀπόστολοι
3093 3639 3450 3706 συνηγμένοι,
3484 3637 3572 3688 ὅτε
3592 3634 3733 3697 δίκην

2163 3722 2399 3791 βροντῆς
2432 3725 2654 3791 ἐγένετο
2690 3720 2824 3795 ἦχος
2854 3727 2919 3778 ἐκ
2950 3725 3044 3778 τοῦ
3084 3729 3323 3798 οὐρανοῦ
3356 3733 3550 3798 ὥσπερ
3581 3741 3731 3794 espo-

2165 3814 2334 3884 μένης
2373 3817 2541 3886 πνοῆς
2572 3816 2756 3887 βιαίας
2778 3833 2793 3850 ·
2831 3818 2924 3872 τοῦ
2957 3818 3168 3880 κτίζων
3198 3823 3322 3875 ἀντὶ
3340 3822 3434 3875 τοῦ
3454 3820 3734 3886 καταπέμ-

2161 3923 2291 3961 πων
2316 3909 2348 3979 ἢ
2378 3912 2789 3965 κατατάσσων
2816 3915 3135 3983 εἰρημένου·
3163 3916 3259 3983 τῆς
3281 3917 3339 3969 δὲ
3373 3916 3598 3986 βροντῆς
3623 3905 3734 3964 καθ’

2162 4002 2350 4071 ἕτερον
2395 4008 2599 4073 τρόπον
2644 4004 2706 4056 τὺ
2754 4006 3115 4073 εὐαγγελικὸν
3142 4011 3416 4077 κήρυγμα.
3457 4006 3730 4076 δηλούσῃ⁸

2163 4094 2419 4148 Τοιοῦτόν
2452 4097 2571 4149 ἐστι
2595 4098 2692 4150 καὶ
2720 4099 2801 4162 τὸ,
2832 4097 3102 4167 Καρδίαν
3136 4103 3409 4170 καθαρὰν
3438 4101 3647 4155 κτίσον
3672 4097 3732 4147 ἐν

2161 4189 2314 4258 ἐμοὶ,
2350 4193 2383 4243 ό
2420 4191 2559 4255 Θεό(
2592 4206 2607 4221 ⁸
2649 4192 2749 4261 οὐχ
2799 4193 2876 4256 ὡς
2931 4194 3005 4265 μὴ
3064 4194 3224 4264 ἔχων,
3262 4195 3380 4249 ἀλλ’
3418 4198 3500 4250 ὅτι
3549 4195 3730 4261 δήποτε

2161 4282 2491 4349 τελεσθῆναι
2529 4284 2793 4354 τοιαύτην
2851 4284 3072 4355 ηὔχετο·
3122 4290 3219 4341 καὶ
3255 4289 3340 4356 τὸ,
3385 4291 3517 4343 Ἵνα
3565 4284 3729 4347 κτίτδέι

2163 4375 2308 4442 τοὺς
2352 4375 2465 4428 δύο
2528 4379 2616 4442 εἰς
2665 4375 2776 4431 ἕνα
2838 4379 3056 4432 καινὸν
3106 4380 3460 4448 ἄνθρωπον,
3494 4378 3608 4431 ἀντὶ
3646 4374 3731 4426 τοῦ

2164 4471 2508 4536 συναγάγῃ.
2555 4468 2704 4534 Ὅρα
2752 4469 2964 4537 μήποτε
3024 4469 3272 4524 τοιοῦτόν
3323 4474 3443 4525 ἐστι
3499 4469 3589 4523 καὶ
3638 4468 3730 4524 τὸν

2179 4555 2559 4610 Ἐνδύσασθε
2612 4557 2723 4608 τὸν
2776 4558 2995 4610 καινὸν
3044 4557 3366 4627 ἄνθρωπον
3423 4559 3530 4613 τὸν
3595 4552 3730 4609 κατὰ

2175 4648 2325 4702 Θεὸν
2355 4646 2700 4702 κτισθέντα·
2742 4651 2837 4702 καὶ
2865 4651 2946 4716 τὸ,
2981 4651 3053 4704 Et
3089 4669 3178 4718 τις
3217 4653 3287 4705 ἐν
3310 4649 3540 4722 Χριστῷ
3569 4664 3679 4702 και)
3703 4641 3729 4708 ii

2171 4742 2372 4805 κτίσις
2397 4753 2411 4766 ·
2444 4740 2540 4793 καὶ
2570 4739 2673 4791 ὅσα.
2723 4741 2863 4796 ἄλλα
2916 4743 3167 4797 τοιαῦτα.
3228 4747 3320 4815 Μὴ
3378 4736 3658 4813 θαυμάσῃς
3686 4740 3730 4789 εὶ

2174 4839 2565 4909 μεταᾳορικῶς
2614 4842 2712 4895 καὶ
2758 4844 2815 4894 ἐν
2845 4841 2946 4910 τῷ,
2981 4844 3201 4912 Κύριος
3230 4842 3439 4898 ἐκτισέ
3457 4858 3533 4913 με
3554 4835 3733 4905 ἀρχὴν

2171 4926 2327 4982 ὁδῶν
2359 4928 2578 5009 αὑτοῦ,
2616 4931 2675 4983 τὺ
2722 4930 2969 4986 ἔκτισεν
3015 4936 3134 4987 ἀντὶ
3166 4935 3262 4987 τοῦ
3302 4935 3666 4995 κατέστησεν
3703 4919 3730 4987 ἦ

2176 5021 2510 5086 κατέταξεν
2535 5021 2780 5092 εἴρηται.
2818 5024 3007 5078 Ταῦτα
3038 5028 3097 5079 ὲν
3121 5025 3199 5096 τῷ
3226 5028 3398 5098 τρίτῳ
3435 5022 3566 5091 πρὸς
3594 5018 3733 5084 λιπάρ’

2173 5116 2364 5171 κελλον
2407 5119 2435 5170 ό
2476 5118 2760 5184 Εὐσέϐιος.
2819 5120 2930 5173 Καὶ
2973 5121 3147 5176 ταῦτα
3197 5122 3254 5175 δὲ
3312 5115 3517 5186 λξξεσιν
3557 5113 3734 5168 αὐτοῖς

2173 5213 2472 5283 Σωκράτης
2508 5213 2653 5287 ὑπὲρ
2683 5215 2852 5269 αὑτοῦ
2892 5233 3084 5287 φησιν·
3122 5236 3142 5269 ι
3182 5217 3244 5271 El
3284 5217 3465 5270 τοίνυν
3496 5205 3730 5265 Εὐσέὅιος

2133 5330 2138 5335 ~
2169 5305 2269 5374 τῆς
2302 5307 2358 5359 ἐν
2413 5305 2627 5375 Νικαίᾳ.
2682 5307 2903 5361 συνόδου
2941 5309 3168 5378 μνήμην
3217 5309 3557 5379 ποιούμενος,
3587 5293 3729 5349 λελύ-

2172 5399 2299 5450 σθαι
2349 5398 2453 5469 μὲν
2495 5398 2565 5452 τὰ
2610 5399 2738 5452 τότε
2776 5400 3277 5473 ἁμφισῦητούμενα
3331 5401 3507 5468 λέγει,
3541 5391 3729 5445 πάντας

2168 5488 2227 5542 δὲ
2259 5489 2618 5558 ὁμοφωνῆσαι
2666 5490 2759 5542 καὶ
2806 5492 3169 5559 ὀμοδοξῆσαι·
3234 5495 3350 5557 πῶς
3393 5481 3727 5561 Ἀρειανίξειν

2174 5580 2319 5643 τινὲς
2364 5579 2530 5633 αὐτὸν
2562 5579 3047 5649 ὑπολαμϐάνουσις
3088 5583 3403 5638 Πλανῶνται
3437 5579 3493 5632 δὲ
3535 5573 3727 5640 ’Δρεια-

1830 5696 1851 5728 ³
1892 5695 2046 5752 Amos

2154 5695 2287 5764 ,15.
2366 5698 2388 5730 ⁸
2412 5697 2555 5755 Psal.
2585 5714 2638 5765 ι,
2678 5697 2771 5755 12.
2846 5702 2866 5734 ⁸
2896 5700 3101 5772 Ephes.
3132 5715 3197 5769 ιι,
3232 5703 3320 5758 t5.
3396 5692 3623 5766 ‘Ephes.
3653 5695 3717 5744 ir,
