3990 6460
251 417 337 478 265

1159 401 1758 466 ECCLESIASTICEE
1802 399 2182 459 HISTORH‘I
2225 401 2372 459 LlB.
2417 399 2517 460 ῘΧ.

3361 395 3463 457 ἓζϐ

251 529 336 586 νοί,
366 527 566 596 φρονεῖν
596 523 758 576 αὖτδν
804 521 1122 588 νομίζοντες
1148 521 1215 571 τὰ
1242 519 1444 572 αὐτῶν.
1482 515 1624 567 Ἀλλ’
1661 515 1781 580 ἑρΞῖ

1898 525 2004 578 tua:
2037 519 2150 564 tum
2195 511 2247 565 in
2282 508 2724 564 controversiam
2758 509 2998 561 deducta
3032 507 3270 565 fuerant.
3301 514 3464 574 atque

253 635 320 680 τις
347 616 414 678 ὼς
452 617 505 666 ὲν
534 616 641 675 τοῖς
674 612 855 679 λόγοις
890 610 1057 663 αὑτοῦ
1104 610 1463 680 Ἀρειανίζειν
1505 608 1673 668 δοκεῖ,
1703 604 1779 674 τῷ

254 706 458 776 συνεχῶς
489 709 680 772 λέγειν,
728 705 827 757 Δια
869 702 1138 772 Χριστόν·
1175 701 1313 771 πρὸς
1363 701 1421 752 ὃν
1454 699 1782 768 ἀποκρινού-

257 801 406 869 μεθα,
447 797 624 865 ὅτιτῇ
685 797 827 862 λέξει
881 795 1058 867 ταύτῃ
1115 793 1378 856 πολλάκις
1438 810 1526 845 κα’
1564 794 1615 844 oi
1677 791 1776 857 τῆς

263 889 556 958 Ἐκκλησίας
579 889 905 959 ἐχρήσαντο.
926 890 1022 940 καὶ
1044 889 1166 949 ταῖς
1187 869 1383 948 ’ἄλλαις
1400 887 1516 947 ταῖς
1545 880 1782 952 μηνυού-

260 999 351 1043 aut;
389 979 477 1050 τὴν
533 979 842 1048 οἰκονομίαν
873 977 976 1047 τῆς
1009 977 1432 1047 άνθρωπότητος
1464 976 1557 1028 τοῦ
1597 975 1782 1044 Σωτῆ-

258 1091 331 1144 ρος
350 1073 512 1142 ἡμῶν.
538 1073 640 1124 Καὶ
664 1072 768 1142 πρό
787 1088 850 1138 γε
879 1071 1135 1124 ἁπάντων
1159 1068 1370 1122 τούτων
1393 1071 1419 1121 ό
1457 1067 1782 1129 Ἀπόστολος

255 1168 354 1228 ταῖς
404 1165 576 1231 λέξεσι
645 1163 873 1224 ταύταις
933 1163 1244 1234 ἐχρήσατο,
1296 1164 1392 1216 καὶ
1420 1162 1675 1215 οὐδέποτε
1708 1159 1784 1222 ὡς

256 1251 538 1317 κακοδοξίας
579 1250 903 1313 διδάσκαλος
939 1250 1230 1319 ἐνομίσθη.
1282 1269 1301 1302 ι
1336 1249 1442 1301 Καὶ
1475 1249 1631 1309 αὖθις
1660 1251 1783 1300 ἐπι-

257 1342 384 1409 φέρει
414 1341 608 1406 λέγων·
644 1357 662 1390 ι
691 1337 828 1391 Οθτε
857 1341 963 1408 γὰρ
993 1340 1176 1409 ἔχουσι
1211 1339 1384 1403 δεῖξαι
1415 1339 1496 1392 ὅτι
1521 1339 1783 1401 Εὐσέϐιος

255 1432 396 1502 ἀρχὴν
426 1431 516 1500 τῆς
549 1429 837 1500 ὑπάρξεως
889 1431 1073 1483 δίδωσι
1111 1429 1188 1499 τῷ
1228 1430 1344 1500 Υίῷ
1379 1429 1470 1482 τοῦ
1499 1430 1654 1491 Θεοῦ,
1683 1428 1786 1480 κᾶν

253 1525 350 1584 ταῖς
390 1523 482 1590 τῆς
527 1522 844 1589 οἰκονομίας
895 1521 1109 1586 λέξεσιν
1144 1524 1202 1574 ὲν
1233 1527 1346 1584 τοῖς
1379 1521 1608 1590 βιϐλίοις
1638 1520 1788 1591 εὑρί-

254 1630 425 1668 σκωσιν
464 1615 627 1666 αὑτὸν
676 1614 1108 1686 καταχρώμενον
1133 1633 1148 1647 ·
1195 1617 1438 1685 μάλιστα
1493 1615 1550 1666 δὲ
1583 1619 1678 1667 καὶ
1705 1615 1786 1666 ὅτι

253 1708 326 1758 καὶ
365 1707 677 1776 θαυμαστὴς
728 1710 824 1759 καὶ
873 1706 1123 1778 ζηλωτὴς
1163 1710 1382 1775 ἐγένετο
1422 1708 1531 1760 τῶν
1574 1708 1788 1778 Ὤριγέ-

256 1815 349 1860 νονς
395 1798 652 1867 βιϐλίων,
693 1799 750 1850 ἐν
795 1792 876 1861 οἷς
924 1798 1208 1868 πανταχοῦ
1247 1799 1336 1850 τὸν
1386 1798 1517 1852 Υίὸν
1571 1801 1637 1852 ἐκ
1685 1799 1782 1852 τοῦ

262 1889 434 1958 Πατρός
459 1889 794 1958 γεννηθέντα
840 1889 1188 1960 εὑρίσκουσιν
1225 1891 1274 1943 οἱ
1313 1889 1422 1944 τῶν
1475 1892 1784 1962 Ὠριγένους

264 1979 438 2048 βιϐλίων
466 1981 526 2033 τὸ
568 1979 727 2050 βαθος
763 1985 1098 2053 κατανοῆσαι
1128 1982 1441 2052 δυνάμενοι.
1487 1999 1507 2033 ι
1544 1981 1787 2035 Τοιαῦτα

259 2080 330 2134 καὶ
373 2080 528 2150 ἕτερα
606 2080 908 2150 Σωκράτης
958 2078 1329 2152 παρατιθεὶς,
1388 2077 1789 2150 διισχυρίζεται

255 2171 490 2238 τάσφαλὲς
516 2169 616 2222 τοῦ
651 2171 924 2238 δόγματος
965 2169 1211 2238 Εὐσεϐίῳ
1243 2171 1606 2238 περιτιθέναι.
1648 2167 1791 2235 Ἐγὼ

253 2263 294 2316 δὲ
326 2264 609 2334 βουλοίμην
645 2263 712 2317 ἂν
759 2263 962 2332 μᾶλλον
1003 2259 1146 2315 εἶναι
1193 2264 1288 2314 ’τὸν
1317 2263 1486 2332 ἄνδρα
1520 2261 1788 2315 τοιοῦτον·

250 2356 275 2421 η
311 2355 358 2407 δὲ
389 2355 620 2408 καθόλου
663 2355 968 2426 Ἐκκλησία
1001 2356 1061 2407 ού
1113 2354 1361 2408 τοιοῦτον
1394 2355 1536 2424 τάχα
1565 2355 1792 2426 ὑπείλη·

249 2460 355 2510 φενο
461 2445 666 2514 μᾶλλον
717 2444 950 2498 ἕπεσθαι
1005 2444 1235 2497 δίκαιον.
1292 2444 1350 2496 El
1400 2444 1445 2495 δ’
1482 2446 1689 2512 ἐκεῖνος
1733 2448 1790 2498 ὲν

246 2537 308 2604 τῷ
337 2537 571 2606 ἀσφαλεῖ
616 2537 716 2604 τῆς
765 2536 1052 2598 εὐσεϐείας
1101 2536 1275 2602 ἐστὶν,
1326 2537 1403 2601 ὡς
1444 2537 1602 2601 οὗτός
1635 2554 1790 2608 φησι,

248 2622 323 2672 καὶ
367 2623 536 2675 ταῦτα
593 2622 848 2683 Ναυᾶτος
905 2621 1006 2685 ὢν,
1046 2623 1125 2693 τῷ
1179 2623 1250 2674 τά
1293 2622 1485 2693 κρύφι’
1541 2625 1791 2695 ἀκριϐῶς

246 2715 436 2766 διειδότι
484 2715 612 2782 θεῷ
661 2707 867 2767 ἐατέον.
917 2713 1109 2767 Ταῦτα
1169 2716 1270 2784 μὲν
1325 2714 1534 2780 οὕτως’
1568 2719 1618 2768 ot
1652 2716 1697 2768 δ’
1735 2719 1794 2771 ὲν

249 2807 454 2878 Σαρδικῇ
513 2807 868 2870 συνελθόντες
943 2807 1088 2860 οὕτω
1143 2808 1618 2877 διαπραξάμενοι,
1665 2811 1793 2861 ἑποο

247 2899 438 2964 ρξύοντο
467 2902 701 2962 ἕκαστος
737 2901 824 2951 ἐπ’
853 2901 1025 2954 οἴκου.
1074 2901 1345 2954 Διεσπᾶτο
1378 2900 1435 2953 δὲ
1469 2899 1564 2954 τοῦ
1602 2902 1793 2955 λοιποῦ

245 2991 326 3058 τῆς
349 2991 480 3058 ἑῴας
513 2995 549 3061 ἡ
575 2990 749 3053 δύσις.
779 2992 979 3045 Οὐκέτι
1011 2992 1120 3060 γαρ
1154 2991 1228 3054 ῶς
1255 2993 1556 3062 όμόφροσιν
1600 2994 1798 3063 ἐπεμί-

251 3098 440 3148 γνυντο.
470 3082 589 3136 Καὶ
620 3082 744 3152 ὄρος
778 3082 876 3152 τῆς
905 3083 1218 3148 κοινωνίας,
1249 3087 1368 3147 ταῖς
1395 3085 1496 3154 μὲν
1519 3086 1794 3156 ἑσπερίοις

1882 616 2073 655 omnes
2100 616 2373 656 consensu
2413 617 2521 655 uno
2549 602 2742 655 eadem
2779 599 3027 655 sensisse
3060 609 3225 669 atque
3259 597 3464 652 dixisse

1885 694 2104 757 referat,
2146 695 2424 763 quomodo
2462 694 2689 764 quidam
2729 694 2887 747 illum
2941 693 3260 747 Arianisare
3289 691 3469 758 suspi-

1883 783 2117 839 cantur?
2171 785 2461 839 Falluntur
2507 801 2640 840 vero
2689 786 2876 839 Ariani
2937 785 3124 848 etiam,
3169 785 3262 853 qui
3311 784 3464 836 illum

1884 891 2008 930 cum
2051 877 2132 931 eis
2178 879 2428 932 sensisse
2463 877 2805 931 existimant.
2849 875 2955 930 Sed
2985 876 3132 929 dicet
3161 875 3378 942 aliquis,
3415 875 3465 926 in

1885 969 2106 1039 scriptis
2135 970 2253 1041 ejus
2285 970 2552 1024 Arianum
2593 985 2717 1022 esse
2750 984 2878 1021 cum
2921 968 3118 1031 videri,
3151 978 3465 1036 prcpteren.

1885 1060 2031 1129 quod
2074 1059 2391 1128 frequenter
2427 1059 2597 1124 dicat,
2633 1058 2737 1113 Per
2774 1059 3054 1113 Christum
3097 1058 3202 1128 (1).
3251 1057 3350 1112 Cui
3386 1071 3471 1109 re-

1887 1154 2246 1221 spondemus,
2281 1153 2386 1207 hac
2420 1153 2701 1206 locutione
2730 1167 3112 1222 saepenumero
3134 1150 3469 1205 ecclesiasti-

1887 1259 1982 1299 cos
2012 1245 2158 1299 viros
2190 1259 2317 1299 usos
2337 1260 2484 1330 esse,
2509 1243 2763 1312 aliisque,
2795 1243 3002 1311 quibus
3033 1241 3339 1296 oeconomia
3370 1255 3467 1294 seu

1889 1352 2092 1392 munus
2126 1338 2490 1391 humanitatis
2526 1336 2843 1391 Servatoris
2886 1339 3063 1388 nostri
3105 1333 3467 1402 significatur.

1892 1433 1958 1488 Et
2006 1440 2132 1486 ante
2183 1445 2376 1484 omnes
2430 1430 2566 1485 istos
2614 1429 2916 1498 Apostolus
2966 1428 3084 1493 ipse
3135 1425 3300 1480 verba
3354 1425 3469 1478 haec

1891 1523 2178 1593 usurpavit
2208 1539 2220 1572 :
2254 1530 2310 1576 et
2354 1536 2634 1590 nunquam
2683 1530 2870 1572 tamen
2929 1516 3099 1570 veluti
3133 1531 3314 1585 pravae
3349 1516 3469 1582 opi-

1892 1617 2072 1671 nionis
2103 1615 2323 1669 habitus
2350 1624 2434 1668 est
2461 1615 2670 1668 doctor.
2705 1631 2722 1662 ι
2761 1613 2836 1665 Ac
2865 1625 3086 1664 rursum
3119 1609 3234 1662 haec
3265 1607 3466 1659 infert:

1897 1727 1914 1760 ι
1947 1709 2065 1762 Non
2097 1708 2244 1762 enim
2281 1707 2575 1762 ostendere
2608 1714 2894 1772 poterunt,
2927 1703 3236 1767 Eusebium
3263 1700 3470 1769 princi-

1893 1799 2044 1868 pium
2093 1799 2429 1854 exsistentize
2478 1798 2724 1852 tribuere
2775 1797 2913 1851 Filio
2963 1795 3083 1857 Dei,
3112 1794 3364 1863 quamvis
3412 1791 3466 1843 in

1893 1893 2048 1947 libris
2077 1892 2198 1961 ejus
2230 1891 2552 1946 (nconomiae
2592 1890 2708 1944 sive
2747 1886 3178 1958 dispensationis
3216 1885 3470 1938 humana:

1890 1983 2082 2038 verbis
2119 1983 2271 2036 abuti
2320 1997 2446 2036 eum
2494 1980 2802 2034 inveniant.
2848 1978 3080 2032 Maxime
3128 1990 3276 2038 vero,
3319 1972 3465 2040 quod

1892 2074 2194 2129 admirator
2226 2082 2281 2128 et
2328 2073 2616 2128 aemulator
2645 2070 2902 2140 Origenis
2943 2069 3214 2122 librorum
3261 2066 3384 2125 fuit.
3414 2066 3465 2116 in

1892 2167 2098 2236 quibus
2128 2165 2335 2234 ubique
2367 2164 2566 2218 Filium
2598 2177 2664 2216 ex
2694 2163 2856 2217 Patre
2881 2161 3124 2230 genitum
3153 2173 3289 2213 csse-
3311 2173 3467 2225 repe-

1895 2257 2070 2320 riunt,
2098 2255 2192 2325 qui
2237 2255 2492 2324 Origenis
2525 2255 2792 2310 librorum
2827 2267 3060 2308 acumen
3095 2250 3313 2320 assequi
3348 2265 3470 2317 pos-

1894 2358 2044 2402 sunt.
2085 2365 2105 2399 ι
2141 2345 2267 2402 Haec
2295 2356 2350 2401 et
2377 2346 2481 2400 alia
2513 2345 2773 2400 Socrates
2802 2343 3059 2408 aﬂ‘erens,
3087 2342 3466 2398 sinceritatem

1897 2441 2164 2496 doctrinae
2188 2440 2433 2496 Eusebio
2461 2440 2738 2493 ascribere
2767 2437 3073 2492 contendit.
3109 2437 3220 2506 Ego
3244 2434 3466 2503 quidem

1899 2535 2060 2589 talem
2117 2535 2302 2602 potius
2352 2534 2531 2586 virum
2581 2547 2712 2586 eum
2761 2531 2934 2584 fuisse
2984 2531 3143 2582 velim
3179 2545 3193 2581 :
3227 2525 3469 2581 Ecclesia

1895 2637 2077 2681 autem
2113 2625 2394 2680 Catholica
2427 2640 2534 2678 non
2570 2626 2731 2676 talem
2768 2621 3004 2676 fortasse
3039 2620 3272 2691 judicat,
3305 2633 3470 2687 quam

1900 2721 2082 2788 potius
2120 2718 2274 2785 sequi
2323 2733 2420 2785 par
2465 2725 2572 2769 est.
2605 2717 2685 2767 An
2720 2729 2852 2768 vero
2884 2713 2976 2767 ille
3014 2723 3169 2767 certo
3204 2712 3258 2765 in
3293 2711 3472 2780 pieta—
3511 2766 3521 2779 α

1903 2812 1970 2865 tis
2000 2811 2322 2864 sinceritate
2349 2808 2441 2870 sit,
2476 2807 2638 2861 sicuti
2691 2806 2792 2859 iste
2820 2805 2914 2875 qui
2954 2804 3179 2874 quidem
3218 2804 3474 2857 Novatia-

1901 2918 2004 2954 nus
2033 2911 2136 2964 est,
2169 2901 2327 2964 dicit,
2356 2900 2410 2952 id
2452 2907 2708 2953 accurate
2743 2910 3006 2969 certoque
3038 2897 3251 2952 occulta
3287 2897 3472 2951 omnia

1900 2993 2252 3062 perspicicnti
2301 2992 2408 3046 Deo
2455 2991 2898 3059 relinquendum.
2936 2991 2999 3043 lit
3025 2992 3092 3044 de
3123 2990 3208 3043 his
3247 2989 3470 3058 quidem

1900 3093 2056 3139 satis.
2100 3085 2410 3138 Sardicensi
2451 3098 2582 3138 vero
2628 3094 2907 3137 conventu
2951 3081 3023 3134 ita
3073 3091 3327 3150 peracto,
3375 3082 3474 3135 do-

250 3175 428 3238 μεταξὺ
474 3175 756 3242 Ἱλλυριῶν
781 3175 874 3228 καὶ
905 3175 1136 3245 Θρᾳκῶν
1168 3173 1256 3247 ἦν,
1291 3183 1420 3247 περὶ
1441 3179 1568 3244 ὄρος
1596 3178 1625 3231 ὃ
1654 3179 1788 3233 Σού-

1899 3193 2050 3231 mum
2097 3191 2154 3230 se
2188 3176 2423 3243 quisque
2463 3175 2692 3242 recepit.
2725 3174 2880 3243 701
2915 3176 2993 3228 Ac
3026 3173 3288 3242 deinceps
3315 3173 3475 3228 Occi-

248 3281 383 3328 σακις
432 3268 739 3336 κέκληταιο
788 3270 1104 3337 περαιτέρω
1157 3269 1214 3322 δὲ
1267 3273 1548 3323 κοινωνεῖν
1594 3271 1797 3340 ἣκιστα

249 3357 438 3424 ἤθελον,
491 3359 760 3428 διαφόρου
814 3360 1194 3428 τυγχανούσης
1243 3362 1346 3428 τῆς
1398 3362 1663 3425 πίστεως.
1696 3359 1799 3417 Οἷα

246 3445 291 3496 δὲ
331 3449 488 3514 φιλεῖ,
526 3450 601 3502 τά
635 3450 746 3500 τῶν
800 3449 1110 3518 ἐκκλησιῶν
1159 3451 1218 3501 ἑν
1271 3450 1549 3514 διαῦολαῖς
1599 3454 1692 3507 καὶ
1723 3454 1800 3507 δι-

248 3541 456 3604 χονοίαις
483 3537 654 3614 ἦσαν.
692 3543 796 3594 Καὶ
831 3543 1045 3611 μεγάλη
1082 3544 1295 3613 ταραχή
1330 3561 1414 3608 τις
1448 3547 1546 3598 καὶ
1586 3546 1794 3616 σύγχυ-

251 3645 317 3691 σις
366 3635 432 3702 τῇ
489 3632 737 3685 καθόλου
782 3634 1081 3703 Ἐκκλησία
1131 3636 1499 3705 ἐπεχωρίαζε.
1537 3639 1646 3690 Καὶ
1690 3640 1800 3706 γὰρ

251 3723 492 3792 πρότερον
551 3726 606 3777 εί
673 3732 769 3777 καὶ
822 3727 1070 3795 διάφοροι
1127 3728 1628 3795 καθειστήκεισαν,
1681 3730 1797 3782 ἀλλ’

251 3815 595 3883 ἐπεμίγνυντο
625 3816 784 3880 τέως,
832 3818 929 3871 καὶ
971 3821 1033 3871 οὐ
1083 3820 1228 3888 μέγα
1259 3820 1320 3872 τδ
1351 3821 1526 3874 δεινὸν
1559 3822 1798 3874 ἐποίουνο

253 3909 595 3977 παραπλήσια
647 3907 751 3977 γὰρ
800 3909 879 3979 τῷ
935 3911 1327 3983 ἐπιμίγνυσθαι
1385 3915 1607 3983 φρονεῖν
1658 3915 1800 3968 κατὰ

251 3994 461 4065 Χριστὸν
491 3999 834 4066 ἐκομίζοντο.
887 3979 973 4053 Ἐν
1015 4004 1269 4072 συντόμῳ
1299 4003 1356 4056 δὲ
1402 3979 1652 4075 eam»;
1698 4009 1799 4075 μὲν

251 4091 372 4143 κατὰ
411 4092 568 4145 δύσιν
627 4092 820 4145 ἅπασα
875 4091 1217 4163 Ἐκκλησία,
1267 4095 1355 4150 διὰ
1415 4099 1515 4168 τῆς
1567 4100 1797 4172 πατρίου

251 4175 468 4251 ἀγομένη
505 4180 832 4249 θρησκείας,
861 4179 1068 4250 ἔρημος
1100 4182 1276 4252 ἔριδος
1305 4181 1376 4255 ἦν
1405 4189 1497 4238 καὶ
1535 4187 1634 4254 τῆς
1668 4188 1800 4256 περὶ

250 4264 472 4335 δόγματα
525 4267 820 4337 τερθρείας
876 4269 1304 4342 ἀπηλλαγμένη,
1335 4274 1656 4345 άκραιφνῶς
1700 4279 1799 4346 τὴν

251 4355 517 4430 ἑνΝικαίᾳ
551 4363 743 4411 πίστιν
777 4360 1169 4431 διατρανοῦσαο
1215 4361 1319 4414 κᾶν
1363 4366 1459 4418 καὶ
1487 4366 1623 4428 τέως
1657 4367 1800 4436 Θυρ-

252 4448 416 4513 adacto;
460 4452 490 4502 ό
541 4452 866 4518 Παννονίας,
916 4454 1010 4506 καὶ
1057 4454 1346 4520 Δύξέντιος
1377 4458 1405 4510 ό
1447 4458 1799 4514 Μεδιολάνων

1900 3269 2038 3321 dens
2067 3266 2135 3319 ab
2172 3264 2396 3320 Oriente
2426 3280 2523 3333 per
2563 3266 2934 3317 secessionem
2966 3261 3178 3317 divisus
3203 3273 3306 3318 est.
3353 3265 3470 3318 Non

1901 3360 2138 3430 amplius
2165 3359 2312 3412 enim
2338 3355 2722 3412 Occidentales
2746 3371 2871 3410 cum
2900 3357 3295 3424 Orientalibus,
3328 3358 3472 3411 haud

1901 3453 2093 3506 eadem
2135 3467 2322 3506 secum
2365 3451 2758 3515 sentientibus,
2790 3450 2994 3520 negotii
3025 3452 3129 3505 sibi
3171 3450 3472 3520 quidquam

1900 3556 1957 3599 et
2006 3543 2414 3614 coniunctionis
2474 3557 2597 3596 esse
2649 3544 2896 3599 voluere.
2945 3541 3011 3595 Et
3065 3545 3474 3600 communionis

1909 3637 2031 3691 finis
2063 3635 2510 3693 Occidentalibus
2552 3635 2657 3688 fuit
2705 3625 2849 3691 inter
2881 3636 3157 3706 Illyricum
3203 3647 3258 3692 et
3299 3637 3476 3691 Thra‘

1902 3728 2065 3790 ciam,
2097 3727 2241 3781 circa
2286 3736 2526 3779 montem
2564 3725 2657 3794 qui
2697 3725 2918 3779 Susacis
2962 3725 3146 3778 dictus
3179 3735 3282 3779 est.
3323 3727 3474 3782 Ultra

1901 3835 2026 3875 eum
2076 3828 2258 3872 autem
2305 3819 2486 3871 locum
2535 3825 2761 3886 propter
2808 3818 3116 3870 variantem
3157 3815 3320 3870 fidem
3376 3820 3476 3870 mi-

1904 3915 2049 3966 nime
2090 3914 2235 3966 inter
2261 3928 2318 3966 se
2347 3912 2582 3965 invicem
2619 3909 3030 3963 communicare
3061 3909 3376 3963 voluerunt.
3406 3909 3476 3964 Ut

1903 4019 2037 4058 vero
2079 4003 2198 4058 fieri
2236 4005 2400 4066 solet,
2438 4002 2492 4055 in
2523 4001 2776 4055 ccclesiis
2835 3999 3123 4054 calumniae
3169 4009 3224 4053 et
3265 4001 3477 4054 dissen-

1902 4099 2087 4152 siones
2119 4105 2298 4150 erant.
2333 4095 2398 4148 Et
2446 4093 2642 4161 ingens
2688 4092 2849 4146 turba
2892 4102 2946 4147 et
2985 4092 3236 4146 confusio
3285 4093 3477 4146 Eccle—

1902 4185 2040 4237 siam
2075 4183 2396 4236 catholicam
2441 4183 2665 4236 invasit.
2700 4183 2873 4235 Antea
2923 4184 3225 4252 siquidem,
3259 4184 3476 4236 etiamsi

1902 4275 2262 4337 dissiderent,
2301 4272 2708 4326 consuetudine
2762 4282 2952 4326 tamen
2994 4273 3138 4327 inter
3181 4288 3239 4327 se
3278 4273 3476 4342 junge-

1904 4365 2128 4421 bautur.
2163 4378 2266 4418 nec
2294 4363 2436 4417 adeo
2475 4379 2697 4432 gravem
2738 4379 2857 4416 eam
2907 4379 3019 4417 rem
3071 4365 3343 4434 putabant
3377 4382 3389 4414 :
3425 4376 3478 4418 et

1903 4456 2360 4509 consuetudinem
2393 4454 2668 4522 ejusmodi
2724 4454 2982 4509 eumdem
3014 4457 3082 4508 de
3109 4455 3329 4510 Christo
3353 4472 3477 4508 St‘ll-

249 4544 426 4612 πείραν
479 4546 763 4615 προσῆγον
812 4545 1048 4616 διασπᾷν
1087 4548 1183 4600 καὶ
1228 4549 1366 4618 πρὸς
1393 4551 1493 4620 την
1529 4552 1793 4621 Ἀρειανί-

1903 4561 2024 4600 sum
2054 4562 2175 4602 esse
2204 4547 2614 4602 existimabant.
2648 4548 2715 4602 Et
2745 4558 2805 4600 ut
2834 4549 3026 4615 paucis
3055 4547 3254 4610 dicam,
3290 4549 3478 4603 Eccle-

248 4634 423 4694 ζουσαν
460 4639 731 4708 μεθιστᾷν
764 4639 946 4704 δόξαν,
975 4640 1070 4693 τοῦ
1111 4639 1403 4710 Ῥωμαίων
1452 4643 1649 4713 θρόνου
1699 4648 1794 4698 καὶ

248 4725 337 4778 τῶν
367 4730 645 4800 ἑσπερίων
678 4729 856 4784 ἄλλων
905 4731 1098 4800 ίερέων
1143 4731 1550 4801 ἐγρηγορότων,
1579 4737 1674 4788 καὶ⁵
1700 4737 1800 4799 τὰς

247 4815 331 4880 τῆς
365 4819 635 4887 αἱρέσεως
675 4820 884 4891 ταύτης
917 4821 1160 4890 βλάστας
1207 4823 1404 4878 θᾶττον
1446 4826 1797 4891 ὲξανασπὼν-

249 4920 372 4958 των·
419 4912 454 4981 ἡ
506 4911 567 4964 δὲ
604 4911 716 4983 ἑῴα
773 4914 913 4976 μετὰ
969 4914 1070 4985 τὴν
1116 4916 1174 4968 ἒν
1225 4916 1530 4987 Ἀντιοχείᾳ
1577 4920 1800 4974 σύνοδον

249 4995 542 5066 ἐστασίαζε,
573 5005 668 5056 καὶ
700 5007 1024 5073 περιφανῶς
1057 5006 1195 5076 πρὸς
1235 5010 1336 5074 τὴν
1380 5010 1438 5060 ἐν
1462 5009 1674 5079 Νικαίᾳ¹
1699 5011 1807 5063 διε-

249 5088 450 5154 κρίνετο
489 5093 695 5146 πίστιν.
745 5094 820 5176 Τ)
867 5095 912 5147 δ’
950 5095 1176 5164 ἀληθὲς,
1222 5098 1362 5168 πλὴν
1413 5099 1489 5161 ὡς
1547 5102 1807 5170 συνάγειν

247 5178 408 5232 ἔνεστι
431 5223 445 5244 ,
482 5183 596 5235 τῶν
636 5184 738 5253 μὲν
789 5187 1057 5239 πλειόνων
1107 5189 1140 5258 ἡ
1193 5189 1388 5260 γνώμη
1415 5253 1418 5256 ,
1445 5191 1582 5259 πρὸς
1613 5193 1715 5260 τὴν
1749 5197 1807 5247 ὲν

249 5266 437 5342 Νικαίᾳ
480 5274 643 5338 δόξαν
689 5279 1050 5348 συνέτρεχεν,
1097 5282 1160 5332 ἐκ
1211 5285 1309 5351 τῆς
1340 5283 1432 5336 τοῦ
1471 5285 1683 5352 Πατρδς
1719 5287 1809 5337 ού-

250 5360 355 5421 σίας
391 5367 483 5417 τὸν
531 5366 656 5418 Υἱδν
696 5365 831 5421 εἷναι
882 5357 1289 5440 ὁμολογούντων
1313 5389 1331 5405 ο
1365 5376 1429 5442 τῇ
1468 5373 1514 5426 δ’
1547 5377 1610 5426 ἐκ
1655 5377 1807 5443 φιλο-

250 5455 440 5517 νεικίας
467 5457 606 5525 ἔριδι
638 5462 1022 5531 κατεχόμενοι,
1051 5464 1187 5533 πρὸς
1217 5465 1314 5534 τὴν
1340 5465 1631 5534 όμοούσιον
1656 5467 1804 5533 λέξιν

249 5542 488 5612 ἀκρατῶς
549 5549 860 5621 διεφέροντο
892 5567 908 5585 ⁶
935 5556 987 5606 et
1051 5556 1180 5625 μὲν,
1234 5557 1309 5620 ῶς
1345 5575 1489 5620 τινες
1539 5556 1711 5625 εἶπον,
1746 5561 1803 5626 ἐξ

1903 4639 1982 4691 sia
2017 4636 2386 4692 Occidentalis
2426 4639 2607 4693 omnis
2647 4640 2838 4707 patria:
2891 4639 3154 4693 insistens
3199 4639 3474 4712 religioni,

1903 4732 2278 4787 contentionis
2328 4745 2551 4800 expers,
2589 4740 2645 4784 et
2699 4747 2727 4784 a
2785 4731 2971 4786 studio
3015 4733 3085 4787 de
3130 4733 3479 4802 dogmatibus

1907 4821 2147 4890 uagandi
2200 4821 2379 4876 aliena
2429 4821 2568 4886 fuit,
2621 4822 2838 4876 sincere
2893 4823 3295 4890 professionem
3353 4826 3477 4880 fidei

1902 4911 2180 4967 Nicamam
2223 4929 2430 4967 sonans
2474 4922 2639 4982 atque
2681 4914 2963 4982 profitens.
3014 4914 3275 4980 Quamvis
3312 4919 3476 4972 etiam

1913 5015 2025 5060 tum
2061 5005 2312 5060 Ursieius
2340 5006 2655 5059 Pannonius
2684 5017 2742 5060 et
2767 5005 3078 5062 Auxentius
3106 5008 3480 5064 lllediolancn-

1909 5098 1982 5152 sis
2012 5099 2196 5152 conati
2227 5109 2354 5153 sunt
2384 5097 2656 5152 Eeclesias
2679 5098 3014 5165 distrahere,
3041 5110 3099 5154 et
3126 5100 3192 5154 ad
3222 5102 3476 5156 Arianam

1909 5191 2226 5260 opinionem
2289 5189 2615 5254 traducere,
2671 5189 2888 5244 eflicere
2947 5200 3131 5246 tamen
3182 5193 3234 5247 id
3287 5194 3479 5262 nequi-

1912 5298 2062 5345 vere,
2087 5281 2220 5337 sede
2257 5281 2503 5335 Romana
2539 5291 2593 5336 et
2634 5282 2760 5336 aliis
2792 5281 3238 5340 Occidentalibus
3265 5289 3480 5355 episco-

1910 5377 1995 5444 pis
2040 5376 2430 5445 vigilantibus.
2479 5385 2537 5430 et
2586 5376 2816 5431 haeresis
2865 5379 2985 5448 ejus
3032 5379 3284 5432 surculos
3333 5379 3480 5432 illico

1907 5469 2364 5538 exstirpantibus.
2406 5469 2602 5523 Oriens
2659 5479 2844 5524 autem
2902 5478 3028 5538 post
3075 5469 3479 5525 Antiochenum

1910 5561 2206 5616 concilium
2250 5561 2553 5616 seditiones
2596 5561 2918 5624 concitavit,
2954 5571 3010 5615 et
3053 5562 3339 5631 prapatam
3386 5562 3480 5614 ad-

414 5749 834 5830 Διὰ-Χριστοῦ.
905 5752 1250 5830 Οθξεηόίοιιιο
1291 5759 1420 5812 olim
1473 5760 1576 5814 fuit
1624 5761 1748 5830 piis,
1816 5761 1859 5815 si
1901 5761 2155 5817 Christus
2210 5761 2538 5830 simpliciter
2597 5764 2714 5815 sine
2767 5761 3086 5830 prarfatione
3135 5763 3384 5828 honoris,
3428 5773 3479 5816 et

255 5810 479 5872 illatione
515 5810 818 5878 divinitatis
855 5810 1254 5882 nominaretur.

488 5913 757 5975 Ρειταοι..
790 5923 902 5976 (ιιι.
938 5915 1176 5978 CXLVI

3057 5926 3093 5982 9
