3990 6456
278 431 387 496 εον

1242 430 1859 495 ECCLESIASTICJE
1897 432 2294 496 IllS’l‘ORI/E
2334 437 2481 501 LIB.
2528 437 2634 499 IX.

3453 438 3571 503 i770

281 540 385 610 τῆς
417 536 601 593 αὐτῶν
630 537 882 602 παιδείας
914 537 1080 605 λόγου
1112 540 1312 593 πολλοῦ
1348 542 1475 607 ἄξια
1508 544 1631 605 ταῖς
1659 542 1857 613 ἐκκλη-

1973 552 2080 599 tem
2109 546 2441 602 omneshac
2481 546 2534 601 in
2588 553 2743 617 parte
2772 545 2947 615 gloria
2997 547 3345 617 praecellere,
3393 559 3562 622 atque

284 631 430 698 σίαις
450 631 942 688 καταλελοίπασιν.
988 631 1188 704 Ἐῴκει
1221 633 1282 686 δὲ
1315 635 1528 696 πάντας
1562 633 1744 703 τούτῳ
1784 632 1863 702 τῷ

290 726 449 796 μέρει
479 727 932 798 παρευδοκιμεῖν,
968 726 1069 779 καὶ
1103 726 1202 798 τὴν
1238 726 1479 781 καθόλου
1524 727 1865 796 Ἐκκλησίαν

288 818 603 890 σεμνύνειν,
644 821 886 890 Ἐφραὶμ
913 822 942 874 ὁ
974 819 1168 892 Σύρος.
1215 820 1536 890 Τηνικαῦτα
1566 823 1608 875 δ’
1645 822 1866 894 ἤκμαζε

291 914 386 966 καὶ
423 912 704 982 Λουκίφερ
755 912 851 965 καὶ
906 912 1136 982 Δίδυμος
1169 914 1267 965 καὶ
1306 914 1538 977 Ἀἐτιος,
1586 915 1864 984 ἐλλόγιμοι

291 1009 388 1076 μὲν
431 1005 837 1076 διαφερόντως,
878 1006 947 1075 τῇ
982 1005 1039 1058 δὲ
1082 1004 1318 1076 ἀληθείᾳ
1355 1004 1502 1073 μάλα
1535 1005 1863 1076 μαχόμενοι.

297 1098 389 1161 Ὦς
422 1097 625 1150 ἐπίπαν
675 1094 733 1149 δὲ
781 1096 971 1165 φάναι,
1020 1096 1069 1149 οί
1100 1097 1361 1167 τηνικάδε
1402 1098 1512 1149 τῶν
1554 1098 1866 1168 ἐκκλησιῶν

283 1191 558 1261 ἡγεμόνες
601 1187 863 1258 πλείστης
901 1189 1188 1261 ἀκριϐείας
1225 1189 1370 1243 κατὰ
1408 1189 1524 1260 βίον
1562 1189 1864 1261 ἐξείχοντο·

287 1286 381 1354 ὑφ’
412 1279 487 1338 ὧν
528 1283 600 1335 τὰ
649 1282 830 1354 πλήθη
884 1283 1069 1345 καλῶς
1127 1285 1561 1354 ποιμαινόμενα,
1591 1285 1685 1339 τοῦ
1722 1286 1867 1342 κατὰ

287 1374 528 1449 Χριστὸν
587 1376 937 1446 σεϐάσματος
1002 1375 1237 1446 είχοντο,
1289 1377 1386 1432 καὶ
1443 1377 1572 1431 καθ’
1624 1379 1866 1449 ἑκάστην

292 1468 468 1539 αὔξην
502 1470 537 1539 ἡ
568 1468 751 1529 πίστις
801 1467 1137 1536 ἐλάμϐανεν.
1174 1469 1390 1541 Ἦρέμα
1418 1470 1527 1541 γὰρ
1558 1472 1592 1543 ἠ
1634 1470 1868 1541 Ἐκκλη-

286 1561 379 1615 σία
405 1564 474 1632 τῇ
513 1561 710 1635 ἐνούσῃ
742 1562 915 1633 ἀρετῇ
970 1562 1069 1616 καὶ
1120 1565 1188 1635 τῇ
1239 1563 1558 1636 λαμπηδόνι
1584 1564 1694 1619 τῶν
1724 1566 1867 1635 ἀγα-

282 1653 397 1706 θῶν
451 1652 700 1722 πράξεων
729 1692 746 1716 ,
793 1651 885 1724 ὑφ’
940 1649 1018 1707 ὧν
1063 1655 1336 1726 τεράστια
1386 1655 1484 1709 καὶ
1537 1654 1864 1726 θεοσημεῖαι

282 1740 548 1811 ἐγίνοντο,
581 1743 735 1816 παρά
790 1761 851 1798 τε
908 1745 1079 1815 ίερῶν
1115 1745 1353 1816 ἀνδρῶν,
1399 1745 1497 1800 καὶ
1548 1745 1724 1811 ἄλλως
1766 1748 1864 1800 ὲκ-

286 1835 716 1903 κλησιαστικών,
767 1837 861 1890 ἐπὶ
918 1837 1066 1908 μέγα
1112 1836 1274 1908 δόξης
1330 1840 1648 1909 προήγετοο
1681 1842 1780 1895 καὶ
1825 1842 1859 1913 ἡ

293 1930 392 1983 τῶν
429 1929 790 2001 Ἑλληνιστῶν
851 1930 1123 2002 θρησκεία
1196 1931 1527 1997 διεσυλᾶτο,
1593 1933 1704 1987 κάκ
1760 1933 1860 2005 τῆς

250 2008 566 2092 ’μοχθηρᾶς
618 2024 913 2093 τερθρείας
977 2026 1115 2095 πρὸς
1173 2023 1275 2096 τὴν
1348 2025 1616 2098 ἀληθινὴν
1676 2026 1865 2079 πίστιν

286 2116 649 2186 μετὲρῤεπεν.
700 2115 854 2169 Ἐπεὶ
882 2117 941 2170 δὲ
972 2117 1082 2170 τῶν
1107 2116 1274 2171 ὁσίων
1324 2117 1534 2172 τούτων
1576 2118 1864 2191 ἐμνήσθην

279 2209 511 2279 ἀνδρῶν,
538 2209 649 2263 δεῖν
672 2205 828 2280 οἶμαι
854 2211 993 2274 τέως
1024 2210 1200 2280 τούτῳ
1228 2203 1305 2283 τῷ
1331 2211 1477 2280 λόγῳ
1506 2211 1862 2282 ἐπιδραμεῖν,

279 2303 379 2356 καὶ
430 2303 544 2355 ὅσοι
599 2302 665 2373 δὴ
717 2300 871 2358 ἄλλοι
935 2305 1266 2374 περιφανεῖς
1323 2303 1516 2376 ἄνδρες
1570 2305 1863 2375 τηνικαῦτ’

278 2397 632 2466 ἀκμάσαντες
663 2397 818 2460 κλέος
840 2396 1017 2468 ἔσχον.
1056 2399 1168 2452 Καὶ
1200 2397 1616 2467 προκείσθωσαν
1648 2399 1699 2453 οἳ
1744 2399 1865 2453 ἀοί-

275 2491 428 2562 διμοι
460 2491 560 2560 τῆς
603 2491 858 2559 Σκήτεως
889 2493 1163 2560 ἡγεμόνες
1196 2494 1291 2544 καὶ
1320 2493 1433 2544 τῶν
1473 2493 1657 2545 ἐκεῖσε
1686 2493 1863 2564 ὀρέων

278 2588 646 2658 κατέστησαν.
682 2586 966 2653 Μακάριοι
1021 2586 1079 2639 δὲ
1131 2586 1471 2657 ἀμφοτέροις
1519 2582 1587 2654 ἦν
1645 2586 1860 2657 ὄνομα’

266 2674 356 2734 -ὦν
385 2682 415 2733 ὁ
445 2680 545 2748 μὲν
568 2678 849 2746 Αἰγύπτου
891 2677 1140 2747 ὡρμᾶτο’
1176 2679 1372 2748 ἅτερος
1400 2678 1444 2730 δ’
1498 2677 1691 2742 ’Δστὸς
1724 2677 1863 2732 ὠνο-

287 2772 523 2841 μάζετο·
550 2770 649 2841 τὴν
695 2771 806 2839 γὰρ
847 2769 1208 2839 Ἀλεξάνδρου
1248 2764 1365 2839 εἶχε
1406 2770 1671 2841 πατρίδα.
1706 2772 1861 2824 Θεϊοι

277 2866 338 2919 δὲ
366 2865 561 2935 ἄνδρες
602 2863 698 2916 καὶ
729 2863 899 2932 ἄμφω
920 2861 1199 2928 ἐγένοντο.
1231 2860 1550 2932 θαυμάσιοι
1581 2862 1638 2914 δὲ
1670 2862 1768 2917 καὶ
1800 2861 1863 2915 τὸ

280 2960 594 3030 φιλοσοφεῖν
624 2953 800 3031 ἦσαν,
850 2956 948 3009 καὶ
995 2956 1096 3008 οὐκ
1142 2954 1506 3027 ἁμοιροῦντες
1544 2954 1698 3020 θείας
1726 2973 1864 3026 προ-

278 3055 558 3123 γνώσεως·
584 3051 751 3118 δεξιοὶ
775 3052 833 3105 δὲ
865 3049 963 3102 καὶ
991 3048 1260 3120 δαίμονας
1291 3049 1526 3120 ἀπελᾷν·
1552 3066 1607 3102 τε
1619 3049 1860 3120 ραστίων

275 3149 337 3201 δὲ
368 3149 464 3201 καὶ
506 3144 755 3215 ἰαμάτων
811 3145 1098 3214 πρόχειροι
1149 3142 1469 3212 αὐτουργοί.
1522 3135 1623 3196 Ὧν
1662 3142 1861 3213 ἅτερος

1971 636 2275 693 Ecclesiam
2328 638 2698 694 universalem
2731 654 3006 694 exornare
3049 639 3311 711 Ephraim
3368 641 3560 714 Syrus.

1970 728 2109 785 Tum
2140 746 2361 801 quoque
2395 732 2662 787 exstitere
2728 731 2992 800 Lucifer,
3030 731 3313 805 Didymus,
3346 735 3560 802 Aetius,

1968 823 2267 878 admodum
2333 825 2554 895 quidem
2609 825 2691 880 illi
2739 827 2926 881 eximii
2966 828 3093 888 viri,
3148 827 3245 882 sed
3294 827 3564 885 adversus

1968 915 2260 970 veritatem
2317 917 2616 984 plurimum
2653 919 2820 974 etiam
2878 930 3219 991 pugnarunt.
3273 921 3449 992 Atque
3499 930 3560 977 ut

1968 1009 2282 1065 summatim
2310 1009 2510 1076 dicam,
2544 1013 2783 1082 praefecti
2814 1028 2876 1067 ea
2922 1022 3251 1084 tempestate
3298 1015 3559 1072 ecclesia-

1970 1115 2093 1154 rum
2151 1103 2522 1159 exactissimis
2582 1105 2708 1159 vitae
2763 1106 3032 1160 institutis
3067 1107 3237 1179 dediti
3289 1116 3471 1171 erant,
3527 1124 3557 1162 a

1966 1194 2173 1265 quibus
2207 1196 2395 1265 plebes
2444 1196 2550 1252 rite
2579 1197 2914 1268 gnbernata,
2971 1198 3175 1256 Christi
3234 1201 3560 1272 religionem

1968 1296 2286 1343 constanter
2318 1289 2513 1355 coluit,
2541 1300 2601 1345 et
2628 1290 2811 1345 indies
2841 1291 2975 1347 ﬁdes
3000 1293 3360 1363 estadaueta,
3390 1302 3561 1363 atque

1971 1378 2221 1434 Ecclesia
2244 1381 2449 1435 sensim
2477 1396 2578 1451 pro
2601 1381 2764 1437 insita
2793 1386 2843 1436 ei
2870 1383 3074 1438 virtute
3088 1392 3255 1452 atque
3289 1386 3559 1438 honorum

1968 1485 2200 1542 operum
2236 1472 2554 1542 splendore,
2588 1475 2815 1544 etquod
2842 1491 2872 1529 a
2906 1475 3079 1529 sacris
3105 1475 3341 1546 aliisque
3376 1477 3559 1531 eccle-

1969 1563 2206 1620 siasticis
2242 1566 2372 1620 viris
2397 1566 2647 1638 prodigia
2676 1566 2979 1637 divinaque
3028 1567 3294 1622 miracula
3330 1565 3557 1632 ﬁebant,

1968 1654 2034 1710 ad
2083 1652 2364 1724 ingentem
2420 1655 2654 1725 gloriam
2699 1658 2988 1726 pervenit:
3022 1656 3343 1712 Grrrcorum
3376 1667 3562 1713 autem

1971 1747 2296 1818 superstitio
2348 1738 2570 1819 pessum
2630 1748 2720 1809 iit.
2777 1751 2932 1805 etab
2987 1750 3259 1819 improbis
3284 1751 3447 1820 nugis
3492 1752 3560 1806 ad

1972 1855 2158 1894 veram
2200 1839 2361 1896 tidem
2395 1839 2634 1895 transiit.
2669 1840 2735 1894 Et
2769 1840 3032 1909 quoniam
3073 1851 3391 1897 sanctorum
3428 1843 3562 1897 isto-

1970 1950 2091 1987 rum
2149 1934 2396 1987 virorum
2453 1933 2593 1991 facta
2648 1942 2733 1989 est
2784 1936 3011 2001 mentio,
3068 1934 3380 1991 faciendum
3437 1949 3561 1991 esse

1969 2023 2124 2089 duxi,
2158 2034 2218 2078 ut
2254 2024 2499 2080 breviter
2532 2039 2650 2088 eos,
2668 2035 2724 2079 et
2746 2024 2792 2079 si
2824 2025 2918 2095 qui
2948 2026 3179 2095 insuper
3202 2041 3272 2081 eo
3305 2036 3559 2096 tempore

1969 2117 2215 2172 illustres
2264 2117 2519 2172 homines
2566 2131 2691 2172 eum
2752 2118 2914 2173 laude
2976 2117 3239 2181 ﬂoruere,
3303 2120 3560 2174 oratione

1967 2225 2291 2280 persequar.
2327 2211 2406 2265 Ae
2430 2210 2608 2280 primo
2650 2210 2771 2265 loco
2802 2211 3153 2281 percelebres
3191 2212 3270 2267 illi
3314 2227 3559 2268 comme-

1967 2312 2257 2359 morentur
2291 2302 2417 2369 viri,
2451 2302 2543 2372 qui
2577 2301 2758 2359 Sectis
2802 2306 3183 2375 montiumque
3229 2305 3348 2377 ejus
3385 2312 3558 2361 duces

1966 2395 2143 2451 fuere.
2174 2395 2408 2466 Utrique
2440 2411 2643 2451 nomen
2678 2408 2799 2452 erat
2833 2396 3112 2454 Macario:
3145 2414 3381 2469 quorum
3413 2400 3558 2454 alter

1968 2490 2024 2544 in
2060 2488 2297 2562 [Egypto
2326 2498 2484 2547 ortus
2505 2501 2647 2555 erat,
2687 2494 2828 2547 alter
2871 2493 3261 2548 Alexandriam
3321 2495 3555 2562 patriam

1968 2582 2182 2647 habuit,
2223 2592 2280 2638 et
2334 2598 2640 2655 cognomen
2679 2584 2931 2641 Urbani:
2984 2585 3149 2641 ambo
3193 2597 3345 2642 certe
3381 2587 3557 2642 divini

1964 2690 2196 2745 prorsus
2225 2677 2350 2744 viri,
2385 2687 2550 2749 atque
2599 2679 2654 2734 in
2698 2680 3000 2736 monastica
3049 2681 3398 2751 philosophia
3458 2680 3558 2735 ad-

1965 2771 2228 2836 mirandi,
2275 2773 2591 2827 divinarum
2644 2772 3071 2843 prmdietionum
3120 2790 3228 2829 non
3279 2784 3555 2845 expertes.

1963 2866 2275 2920 dzemonum
2297 2865 2560 2922 industrii
2590 2869 2938 2936 expulsores,
2965 2879 3024 2924 et
3057 2869 3434 2940 prodigiorum
3466 2886 3558 2925 sa-

1963 2957 2362 3027 nationumque
2390 2960 2625 3028 prompti
2654 2970 2711 3015 et
2737 2960 2984 3029 expediti
3015 2970 3297 3018 auctores.
3341 2962 3552 3019 llorum

1963 3049 2125 3113 alter,
2150 3048 2436 3120 zEgyptins
2456 3050 2689 3114 scilicet,
2709 3060 2986 3106 mortuum
3011 3068 3232 3124 quoque
3252 3055 3552 3111 excitavit:

1964 3150 2024 3194 ut
2073 3141 2365 3209 quemdam
2398 3142 2560 3197 alieni
2593 3142 2867 3212 dogmatis
2915 3154 3272 3209 sectatorem,
3324 3146 3393 3201 ad
3424 3163 3555 3203 creo

278 3244 308 3292 ό
360 3239 664 3306 Αἰγύπτιος
723 3241 820 3290 καὶ
877 3236 1073 3305 νεκρὸν
1136 3235 1357 3298 ἀνίστα,
1411 3234 1490 3298 ὡς
1529 3235 1597 3289 ἄν
1640 3236 1705 3303 γὲ
1739 3252 1857 3289 τινα

1965 3231 2208 3285 dendum
2243 3242 2492 3287 mortuos
2525 3249 2836 3304 resurgere,
2887 3237 3248 3306 persuasione
3277 3254 3340 3294 ea
3370 3240 3553 3297 addu-

277 3329 552 3403 δόγματος
596 3331 883 3402 ἀλλοτρίου
913 3331 1099 3383 πείσοι
1148 3329 1456 3383 πιστεύεινι
1484 3331 1716 3401 νεκροὶς
1765 3330 1858 3382 άν-

282 3424 554 3477 ῖστασθαι.
609 3423 758 3490 Πέρα
798 3421 855 3474 δὲ
884 3414 1079 3487 τῶνἹί
1111 3420 1423 3490 παρελάσαι
1456 3420 1616 3488 λόγος
1649 3422 1860 3472 ἐκεῖνον

277 3516 340 3566 τὸ
376 3514 497 3583 ζῇν.
537 3512 626 3566 Ὠν
674 3511 743 3565 τὰ
777 3512 918 3581 ὑπὲρ
967 3511 1147 3582 ἥμισυ
1198 3514 1267 3582 τῇ
1318 3513 1376 3564 ἐν
1427 3513 1622 3582 ἐρήμῳ
1669 3511 1857 3564 ἐπόνει

277 3592 554 3671 διατρϐῇ·
594 3600 740 3670 μάλα
778 3599 834 3653 δὲ
877 3600 976 3654 καὶ
1021 3599 1103 3652 ἐτι
1149 3598 1268 3663 νέος
1318 3599 1395 3653 ὢν
1462 3603 1531 3671 τῇ
1564 3597 1857 3669 φιλοσοφίᾳ

277 3693 593 3762 διέπρεπεν,
653 3689 775 3744 ὅθεν
820 3690 916 3743 καὶ
966 3689 1415 3761 Παιδαριογὲρων
1459 3690 1521 3742 τὸ
1564 3688 1856 3758 ἐπώνυμον

274 3787 427 3855 ἑσχε,
466 3785 561 3836 καὶ
600 3783 694 3836 τὸν
735 3780 830 3834 τοῦ
875 3780 1255 3853 πρεςϐυτέρου
1302 3781 1360 3835 δέ
1396 3779 1609 3851 βαθμὸν
1644 3779 1855 3845 ἔϐαινε,

282 3875 833 3949 τεσσαρακοντούτης
886 3875 1205 3944 γενόμενος.
1272 3874 1331 3927 '0
1376 3873 1435 3926 δὲ
1467 3872 1750 3936 Πολιτικὸς
1798 3874 1857 3926 ἐν

275 3973 522 4025 ἐλάττονι
550 3970 729 4040 χρόνῳ
773 3968 835 4021 τὸ
866 3969 984 4021 ἴσον
1023 3967 1126 4036 τῆς
1158 3966 1318 4032 ἀξίας
1365 3965 1591 4033 εὕρατο*
1627 3966 1855 4036 ἁπάσης

274 4065 319 4118 δ’
351 4063 644 4133 ἀσκήσεως
681 4062 781 4132 τὴν
812 4062 1013 4132 πεῖραν
1045 4063 1125 4122 είς
1170 4060 1347 4129 ἄκρον
1377 4059 1594 4129 εἴληφε.
1633 4058 1717 4111 Τὰ
1753 4059 1854 4128 μὲν

275 4160 385 4226 γὰρ
418 4156 582 4217 αὐτὸς
637 4147 890 4224 εὕρισκε,
923 4152 995 4205 τά
1051 4151 1096 4203 δ’
1155 4152 1401 4215 ἁκούων,
1438 4153 1607 4205 παντὶ
1662 4152 1854 4222 τρόπῳ

273 4243 591 4316 κατορθοῦν
620 4244 905 4314 ἐπειρᾶτο.
956 4243 1046 4305 Ἐς
1084 4242 1344 4297 τοσοῦτον
1373 4243 1418 4296 δ’
1448 4238 1518 4314 ᾖν
1554 4260 1854 4313 συντετηγ-

280 4337 438 4405 μένος
469 4353 530 4389 τε
571 4337 669 4389 καὶ
693 4334 1114 4406 κατεσκληκὼς,
1144 4335 1220 4398 ὡς
1257 4336 1382 4406 μηδ’
1411 4338 1617 4390 ἐνεῖναι
1651 4338 1851 4409 τρίχας

184 4432 189 4435 ’
276 4429 433 4498 φύειν
463 4430 556 4481 τὸν
590 4428 851 4497 πώγωνα.
885 4424 995 4481 Ἦν
1047 4427 1093 4480 δ’
1125 4429 1154 4482 ό
1194 4427 1297 4498 μὲν
1343 4427 1648 4496 Αίγύπτιος
1712 4431 1851 4497 μετᾶ

272 4524 368 4576 τοῦ
414 4522 676 4586 εὐλαϐοὖς
705 4521 1001 4593 αὐστηρός·
1039 4523 1239 4593 ἅτερος
1280 4523 1338 4576 δὲ
1384 4525 1412 4575 ό
1460 4506 1851 4596 ⁹ιλιλεξανδρεὺς

1966 3333 2140 3377 ceret.
2168 3322 2266 3377 llic
2297 3324 2436 3376 ultra
2485 3327 2783 3394 nonaginta
2819 3343 2994 3383 annos
3024 3330 3230 3385 vixisse
3285 3334 3552 3403 perbibe-

1966 3423 2075 3474 tur,
2105 3429 2336 3484 quorum
2370 3416 2495 3484 plus
2537 3432 2701 3486 quam
2734 3417 3018 3474 dimidiam
3061 3432 3273 3491 partem
3327 3426 3385 3481 in
3438 3427 3551 3481 vita

1963 3505 2203 3560 solitaria
2235 3508 2517 3578 transegit.
2544 3509 2612 3563 Et
2646 3510 2969 3567 adolescens
2993 3513 3294 3571 admodum
3322 3520 3515 3587 sapien
3538 3551 3551 3562 -

1949 3601 2050 3655 ‘tiac
2072 3601 2269 3656 studiis
2296 3602 2589 3657 excelluit:
2619 3612 2677 3657 et
2705 3604 2777 3659 ob
2803 3605 2855 3659 id
2888 3607 3366 3682 Πκιδαριογέρων,
3389 3615 3551 3683 quasi

1959 3708 2193 3764 puerum
2253 3695 2481 3750 senilem
2528 3697 2702 3761 dicas,
2750 3715 3054 3770 cognomen
3079 3704 3343 3761 obtinuit.
3378 3706 3545 3765 Pres-

1960 3786 2141 3857 byteri
2166 3786 2484 3858 dignitatem
2511 3790 2984 3862 quadragenarius
3001 3799 3266 3868 suscepit.
3287 3801 3543 3859 Urbanus

1958 3895 2093 3935 vero
2123 3880 2379 3937 breviore
2438 3892 2688 3954 tempore
2724 3887 2792 3941 ad
2821 3891 3072 3945 eamdem
3107 3896 3359 3963 pervenit
3386 3897 3550 3971 704

1958 3971 2303 4043 dignitatem.
2360 3974 2632 4032 Exercitia
2662 3979 2884 4049 pietatis
2931 3986 3117 4040 ouniia
3162 3989 3230 4042 ad
3262 4006 3544 4048 summum

1957 4066 2220 4132 excoluit,
2253 4082 2376 4136 qua:
2408 4069 2605 4137 partim
2656 4071 2772 4141 ipse
2810 4074 3042 4144 invenit,
3074 4081 3272 4149 partim
3303 4098 3370 4138 ex
3422 4084 3550 4142 aliis

1906 4201 1919 4207 -
1957 4156 2142 4210 audita
2181 4157 2361 4212 modis
2391 4159 2650 4214 omnibus
2678 4162 2968 4238 absolvere
3000 4178 3086 4222 est
3115 4180 3367 4226 conatus.
3390 4174 3548 4229 Adeo

1956 4256 2141 4301 autem
2172 4260 2501 4305 extenuatus
2534 4259 2592 4305 et
2631 4256 2805 4308 maele
2836 4256 3125 4314 confectus
3151 4260 3275 4324 fuit,
3333 4277 3394 4319 ut
3435 4283 3545 4324 non

1955 4348 2102 4393 esset
2129 4340 2275 4394 unde
2318 4342 2412 4410 pili
2456 4342 2641 4398 barbae
2675 4361 3090 4406 excrescerent.
3132 4352 3197 4407 Et
3228 4354 3544 4428 1Egyptius,

1954 4447 2080 4486 cum
2134 4435 2446 4489 reverentia
2494 4437 2730 4506 quadam
2786 4452 3091 4500 austerus:
3132 4448 3545 4510 Alexandrinus

1955 4534 2138 4580 autem
2181 4542 2309 4581 eum
2353 4528 2406 4581 in
2439 4530 2561 4585 aliis
2617 4532 2880 4590 omnibus
2931 4550 3032 4606 par
3067 4537 3327 4610 Aigyptio
3373 4554 3543 4609 esset,

271 4611 660 4682 παραπλήσιος
697 4612 781 4682 ἐφ’
814 4612 991 4666 ἅπασι
1023 4612 1102 4683 τῷ
1136 4613 1426 4684 Αἰγυπτίῳ
1455 4612 1555 4678 ὣν,
1593 4616 1651 4667 ἐν
1672 4615 1851 4685 τούτῳ

1959 4617 2013 4671 in
2045 4618 2152 4673 hoc
2184 4627 2395 4673 tantum
2425 4620 2495 4674 ab
2534 4622 2628 4677 illo
2659 4624 2917 4689 variavit,
2952 4630 3102 4698 quod
3155 4631 3209 4685 in
3247 4634 3546 4707 colloquiis

272 4701 681 4773 παρήλλαττεν,
714 4704 908 4773 ὅτιπερ
935 4704 1122 4772 ἱλαρὸς
1155 4707 1271 4766 τοῖς
1298 4705 1726 4775 ἐντυγχάνουσιν
1752 4702 1850 4779 ἦν.

271 4796 369 4849 καὶ
390 4797 469 4863 τῷ
503 4793 946 4863 χαριεντίζεσοαι
990 4796 1120 4859 τοὺς
1157 4798 1317 4859 νέους
1363 4793 1466 4867 ἦγε
1497 4798 1634 4869 πρὸς
1674 4800 1850 4870 ἄσκη.

274 4906 382 4943 σ;ν.
436 4889 655 4943 Τούτων
706 4890 979 4961 Εὐάγριος
1020 4893 1239 4959 ἐγένετο
1290 4892 1543 4962 μαθητής
1569 4906 1584 4923 ⁶
1625 4893 1720 4946 καὶ
1751 4894 1853 4962 τὴν

272 4982 341 5035 δι’
386 4981 567 5053 ἔργων
629 4968 954 5053 φιλοσοφίαν
1001 4986 1312 5053 ἐκτήσατο,
1373 4988 1648 5055 πρότερον
1698 4985 1848 5057 λόγῳ

274 5077 421 5146 μόνῳ
450 5076 777 5145 φιλοσοφῶν,
811 5079 991 5148 χρόνῳ
1027 5076 1073 5129 δ’
1110 5079 1308 5149 ἐκείνῳ
1348 5079 1494 5133 κατὰ
1544 5080 1638 5132 τὸν
1680 5079 1850 5134 αὐτὸν

269 5167 446 5235 χῶρον
485 5168 946 5234 συνεφιλοσόφουν
994 5169 1181 5232 αὐτοῖς
1224 5169 1437 5238 Παμϐὠ
1466 5186 1528 5222 τε
1560 5171 1590 5222 ό
1620 5172 1848 5242 διαϐόη-

266 5276 380 5323 τος,
418 5260 513 5313 καὶ
542 5261 572 5312 ό
613 5258 904 5328 ίσάγγελον
945 5262 1108 5332 είπερ
1142 5278 1229 5327 τις
1267 5263 1553 5316 πολιτείαν
1590 5263 1848 5333 ἀσκήσας

267 5353 544 5421 Παήσιος,
595 5351 956 5423 Ἡρακλείδης
988 5369 1045 5405 τε
1092 5354 1190 5406 καὶ
1222 5355 1471 5424 Κρόνιος,
1507 5356 1845 5426 Ιιαφνούτιός

338 5480 414 5546 (Ι)
449 5479 658 5534 Pambo
691 5496 814 5535 cum
849 5481 1164 5538 illitteratus
1191 5493 1358 5546 esset,
1386 5484 1668 5540 doctorem
1697 5487 1847 5541 Psal-

267 5564 385 5624 τηοσε
426 5561 790 5624 exponentem
836 5554 1012 5624 adiit:
1043 5563 1111 5624 et
1148 5570 1273 5607 cum
1322 5558 1559 5624 primum
1623 5573 1842 5611 versum

268 5619 406 5673 l’sal.
457 5636 660 5674 xxxvm
706 5623 875 5690 (Dixi,
918 5623 1224 5680 Custodiam
1272 5619 1385 5679 eius
1431 5642 1596 5692 nicas,
1632 5637 1688 5680 ut
1740 5644 1846 5681 non

268 5691 575 5764 delinquant
610 5692 665 5745 iu
696 5693 877 5764 lingua
911 5698 1052 5764 mea)
1097 5696 1365 5758 audisset,
1396 5691 1673 5764 discessit,
1699 5697 1847 5752 sulti-

270 5774 388 5814 tere
427 5761 534 5815 sibi
566 5761 820 5831 inquiens
862 5761 1081 5822 versum
1138 5765 1325 5831 istum,
1360 5774 1421 5820 ut
1474 5766 1629 5822 illum
1660 5761 1845 5825 laetis

270 5832 574 5909 exprimere
626 5832 969 5909 addisceret.‘
997 5835 1199 5889 Doctor
1233 5850 1369 5909 cum
1411 5851 1480 5891 eo
1514 5845 1845 5909 expostula-

273 5912 361 5969 ut,
393 5902 541 5972 quod
579 5916 704 5956 eum
760 5906 827 5960 ab
875 5920 940 5960 eo
972 5914 1220 5976 tempore
1275 5907 1404 5964 totis
1434 5923 1528 5963 sex
1562 5902 1847 5968 mensibus

1960 4709 2155 4765 hilaris
2177 4720 2233 4765 et
2260 4712 2560 4781 iucundus,
2603 4716 2832 4773 urbanis
2870 4719 3082 4776 salibus
3107 4734 3287 4791 utens,
3309 4727 3546 4799 juvenes

1918 4820 1926 4827 ·
1956 4802 2026 4855 ad
2081 4803 2327 4858 studium
2364 4813 2420 4858 et
2449 4808 2904 4868 exercitationem
2956 4813 3180 4885 pietatis
3214 4819 3542 4878 adduceret.

1956 4894 2165 4951 Horum
2196 4898 2504 4968 discipulus
2535 4900 2638 4956 fuit
2691 4903 2983 4976 Evagrius,
3018 4910 3165 4982 apud
3191 4929 3333 4983 quos
3362 4918 3545 4987 philo-

1955 4989 2164 5059 sophia:
2197 4993 2492 5048 sanctioris
2538 5006 2812 5066 praecepta
2847 4998 3008 5056 factis
3037 5006 3353 5074 exprimere
3393 5008 3544 5065 didi-

1955 5082 2051 5149 cit,
2078 5096 2202 5136 cum
2241 5093 2396 5138 antea
2428 5086 2611 5141 verbis
2646 5090 2776 5145 solis
2801 5094 3087 5162 sapientiae
3139 5100 3387 5155 studium
3416 5120 3544 5174 pro-

1953 5171 2133 5227 fessus
2164 5173 2379 5231 fuisset.
2420 5175 2628 5232 Eodem
2668 5195 2797 5235 vero
2831 5191 3075 5254 tempore
3100 5229 3117 5253 ,
3151 5199 3208 5245 et
3237 5171 3447 5248 eisdem
3486 5196 3539 5251 in

1954 5264 2109 5330 locis,
2135 5283 2259 5322 cum
2306 5268 2420 5323 illis
2474 5272 2846 5344 philosorvhati
2878 5288 3032 5344 sunt,
3069 5280 3400 5341 decantatus
3449 5287 3542 5343 ille

1954 5356 2161 5412 Pantho
2203 5358 2277 5431 (l)
2312 5376 2327 5413 :
2372 5369 2537 5431 atque
2568 5364 2662 5432 qui
2713 5368 3016 5438 angelicam
3049 5388 3303 5441 prorsus,
3331 5376 3377 5431 si
3416 5381 3542 5447 quis

1951 5505 2060 5568 non
2112 5488 2359 5568 vidisset.
2398 5492 2465 5545 At
2500 5491 3099 5568 Pambogrespondens
3136 5519 3152 5556 :
3189 5503 3348 5568 Quod
3397 5521 3541 5558 non-

1949 5561 2081 5613 dum
2132 5562 2348 5640 re_.ipsa
2380 5576 2600 5640 versum
2654 5561 2892 5635 primum
2942 5561 3233 5626 assecutus
3278 5585 3449 5640 esset,
3479 5590 3541 5630 se

1948 5632 2253 5685 excusavit.
2294 5631 2450 5686 Multi
2490 5631 2859 5694 intercessere
2905 5642 3035 5694 anni
3072 5660 3086 5692 :
3119 5651 3174 5695 et
3209 5646 3386 5697 amico
3411 5631 3506 5700 cui

1949 5700 2077 5772 dam
2126 5701 2362 5772 roganti,
2399 5717 2531 5756 num
2569 5718 2790 5761 versum
2841 5724 2967 5763 eum
3003 5711 3402 5770 addidicisset?
3435 5715 3537 5769 Vix

1951 5771 2580 5855 tandern_,°_ait,.decem
2627 5785 2685 5828 et
2741 5792 2939 5855 novem
3002 5781 3183 5845 annis,
3213 5782 3539 5855 lacttsipsts

1948 5854 2075 5925 eum
2116 5841 2387 5924 addidici.
2421 5843 2614 5925 Eidem
2658 5846 2783 5900 auri
2819 5859 3035 5925 certum
3084 5841 3384 5925 numerum
3411 5841 3537 5925 qui-7

1949 5911 2075 5966 dam
2116 5913 2169 5967 in
2192 5928 2497 5984 pauperum
2532 5914 2792 5971 alimenta
2819 5918 2993 5991 dedit,
3016 5930 3092 5990 et,
3119 5923 3359 5980 Numera
3384 5911 3534 5997 quod
