3990 6452
278 400 367 462 2'3

1180 404 1787 466 ECCLESIASTICIE
1819 407 2208 469 HISTORL’E
2249 411 2393 475 LIB.
2441 412 2541 472 IX.

3413 409 3527 473 275

277 523 404 595 πλὴν
424 525 532 595 τῆς
557 520 836 595 τραπέζης
875 525 968 576 καὶ
1001 524 1107 576 τῶν
1135 523 1618 593 παρατιθεμένων.
1651 522 1836 577 Ἀλλό-

1950 527 2261 583 exercitium
2317 530 2661 584 incitatiorcs
2725 534 2917 582 essent
2970 525 3102 594 (Ι),
3160 525 3313 580 leves
3369 536 3543 593 atque

279 635 470 690 σχημον
513 617 573 670 δὲ
615 616 689 688 μὴ
735 616 840 683 τῆς
892 615 1066 684 αὐτῆς
1107 616 1389 668 κοινωνεῖν
1429 614 1755 685 τραπέζης,
1783 617 1836 667 εί

283 714 345 781 μή
386 708 492 762 πού
537 725 624 781 τις
677 707 999 778 παροδεύων
1028 706 1412 777 ἐπιξενωθείη.
1442 707 1744 776 Συμϐόλοις
1778 707 1837 760 δὲ

281 819 375 855 τισι
402 799 806 868 κτυπουμένοις
863 799 923 851 τὸ
984 799 1123 866 πρὸς
1174 799 1366 869 χρείαν
1416 797 1835 870 διασημαίνειν·

280 894 307 964 ή
336 891 569 960 νεύμασι
597 893 721 955 ταῖς
748 890 1070 959 τραπέζαις,
1127 891 1260 961 παρ’
1291 883 1335 958 ᾧ
1374 889 1567 960 λάχοι,
1613 891 1841 944 ἐπιστα-

278 986 396 1037 τεῖν.
428 984 492 1037 Εἰ
525 983 580 1036 δέ
609 999 694 1046 τις
731 981 960 1047 ἐκείνοις
988 982 1164 1036 ἐλοιτο
1196 980 1492 1045 συνοικεῖν,
1539 982 1633 1035 ἐπὶ
1658 982 1839 1053 τρισὶν

276 1076 526 1138 ἐνιαυτοῖς
570 1074 866 1144 πρότερον,
909 1075 1102 1144 μικρὸν
1135 1074 1502 1145 ἠλλοιωμένος
1536 1074 1594 1127 τὸ
1627 1074 1838 1144 σχῆμα,

278 1170 337 1222 τὰ
360 1167 470 1221 τῶν
502 1167 678 1237 ἔργων
729 1166 947 1236 ἐργώδη
1008 1166 1308 1221 διαπονεῖν·
1360 1168 1458 1221 καὶ
1501 1165 1678 1230 οὕτως
1730 1166 1841 1219 τῶν

278 1261 396 1312 ίσων
421 1260 670 1328 μετέχειν
723 1259 1291 1327 μυσταγωγοῦμενος.
1340 1257 1582 1325 ’ἱμάτιον
1628 1252 1840 1312 δἐἶναι

280 1351 422 1419 αὺτῷ
475 1350 737 1419 διφθέραν
766 1371 778 1381 ·
836 1353 929 1404 καὶ
987 1353 1042 1419 ἐξ
1107 1355 1257 1424 ἐρίνυ
1288 1355 1485 1425 τιάραν
1523 1356 1589 1424 τῇ
1625 1353 1838 1424 κεφαλῇ

278 1445 595 1511 σκέπασμα·
632 1442 698 1506 ἂς
750 1443 815 1515 δὴ
859 1444 1057 1512 τιάρας
1092 1446 1494 1506 καταστίκτους
1533 1440 1675 1498 εἶναι
1708 1463 1843 1514 πορ-

277 1537 457 1603 φυροῖς
486 1550 596 1587 τισι
646 1537 981 1605 προσέταττε
1016 1537 1248 1606 νήμασι,
1276 1537 1480 1605 κέντρα
1508 1537 1629 1590 τινὰ
1670 1553 1839 1590 σταυ-

286 1626 375 1692 ροῦ
434 1625 621 1695 σχῆμα
679 1627 1079 1682 διατυποῦντα.
1128 1629 1269 1690 Τοὶς
1310 1628 1369 1681 δὲ
1423 1628 1656 1699 χιτῶνας
1701 1624 1843 1682 εἶναι

281 1716 476 1781 λινοῦς.
525 1719 621 1771 καὶ
671 1719 770 1781 τὰς
816 1719 993 1783 ζώνας
1051 1721 1284 1789 ἐπίσης*
1339 1721 1459 1787 μεθ’
1489 1715 1564 1775 ὧν
1596 1723 1694 1775 σὺν
1721 1723 1844 1785 ταῖς

283 1809 556 1879 διφθέραις
616 1808 965 1877 καθημένους
1022 1811 1403 1880 οίκοδομητοῖς
1466 1813 1525 1866 ἐν
1581 1811 1838 1881 θρόνοις,

290 1896 423 1964 ὕπνῳ
451 1895 659 1967 μετρίῳ
707 1897 943 1966 χρῆσθαι
969 1912 985 1927 ‘
1014 1896 1198 1968 κύκλῳ
1231 1898 1287 1952 δὲ
1321 1900 1639 1972 πεφράχθαι
1668 1902 1728 1954 τὺ
1761 1902 1840 1955 οί-

287 1984 579 2053 κοδόμημα,
612 1984 741 2038 ὥσθ’
762 1986 979 2054 ἑκάστῳ
1008 1987 1107 2059 τὴν
1138 1988 1428 2061 στρωμνὴν
1460 1990 1730 2061 συνέχειν.
1757 1993 1836 2061 Τῇ

283 2073 331 2125 δὲ
376 2075 567 2147 πρώτῃ
619 2078 715 2131 καὶ
747 2076 1085 2148 κυριωνύμῳ
1129 2078 1236 2133 τῶν
1273 2081 1516 2150 ἡμερῶν,
1551 2082 1688 2153 πρὸς
1722 2100 1839 2136 κοι-

286 2168 474 2219 ιωνίαν
502 2168 608 2220 τῶν
642 2167 803 2222 θείων
842 2172 1157 2240 μυστηρίων
1193 2174 1392 2236 ίοντας,
1426 2172 1576 2227 λύειν
1615 2175 1714 2241 μὲν
1739 2176 1839 2238 τὰς

284 2258 453 2322 ζώνας
497 2261 593 2312 καὶ
626 2260 727 2322 τὰς
778 2262 1046 2333 διφθέρας
1094 2265 1494 2319 ἀποτίθεσθαιο
1538 2266 1840 2331 δωδεκάκις

278 2354 331 2405 δὲ
359 2355 454 2424 τῆς
490 2356 701 2428 ἡμέρας
740 2357 972 2412 ἕκαστον
1003 2360 1168 2430 εὐχὰς
1202 2363 1401 2413 ποιεῖν·
1429 2360 1631 2428 ὁμοίως
1660 2362 1716 2414 δέ
1744 2364 1840 2414 καὶ

277 2447 410 2515 πρὸς
444 2447 716 2518 ἐσπέρκν⁶
761 2450 959 2520 ἐπίσης
986 2450 1044 2505 δέ
1090 2456 1187 2505 καὶ
1235 2450 1451 2515 νυκτός·
1481 2455 1547 2522 τῇ
1582 2452 1629 2505 δ’
1677 2453 1839 2525 ἐνάτῃ

279 2536 397 2608 ὥρα
420 2538 634 2608 τρίτονο
692 2541 805 2594 καὶ.Δ
844 2543 1083 2613 ὁπηνίκα
1119 2544 1232 2597 δέοι
1286 2546 1492 2615 τροφῆς
1526 2550 1840 2619 μετασχεῖν,

279 2630 365 2696 ἐφ’
396 2631 624 2699 ἑκάστης
665 2633 833 2705 εὐχῆς
876 2637 970 2689 τὸν
997 2636 1216 2707 ψαλμὸν
1251 2637 1642 2706 προηγεῖσθαι.
1685 2639 1843 2691 Κατὰ

277 2722 332 2774 δὲ
371 2723 600 2794 μίμησιν
632 2726 741 2780 τῶν
781 2727 1117 2796 Ἑλληνικῶν
1148 2731 1454 2801 στοιχείων,
1487 2730 1571 2794 είς
1605 2731 1683 2785 κδ’
1712 2732 1846 2800 τάγ-

281 2832 425 2883 ματα
470 2817 687 2873 ἆπασαν
747 2819 944 2875 διελεῖν
1002 2822 1102 2893 τὴν
1160 2824 1455 2877 συνοικίαν.
1499 2823 1844 2896 Ἐφαρμόσαι

278 2908 327 2959 δ’
359 2908 574 2981 ἑκάστῳ
614 2913 931 2982 ἀνήκουσαν
976 2915 1077 2985 τὴν
1111 2916 1511 2986 προσηγορίαν,
1541 2916 1618 2980 ὡς
1646 2916 1842 2990 γνώμη

280 3002 375 3055 καὶ
409 3001 522 3072 βίος
551 3008 645 3057 καὶ
667 3003 800 3075 ἦθος
826 3001 917 3078 ἦν’
949 3002 1064 3063 οἷον
1108 3011 1237 3073 τοὺς
1286 3010 1390 3079 μὲν
1436 3009 1847 3082 ἁπλουστέρους

283 3094 417 3148 ἰῶτα
445 3095 652 3164 ἐκάλει,
707 3097 739 3161 ζ
786 3086 861 3152 δὲ’
895 3101 990 3153 καὶ
1025 3099 1074 3165 ξ,
1135 3101 1252 3155 ὅσοι
1310 3102 1519 3159 σκολιοὶ
1569 3098 1712 3174 ἦσαν
1750 3101 1848 3156 καὶ

1940 616 2130 672 faciles
2178 633 2358 688 operae
2411 616 2824 673 mandarentur.
2868 614 3153 671 Domicilia
3184 625 3368 669 autem
3402 615 3532 669 reli'

1940 709 2089 774 giusa
2113 707 2467 764 circumcirca
2494 710 2578 764 eis
2605 707 2810 763 exstrui
2832 707 3019 777 jussit,
3041 707 3096 761 in
3128 721 3362 776 quorum
3395 721 3533 760 una).

1943 815 2167 868 quoque
2207 809 2320 856 tres
2372 809 2682 856 manerent.
2723 799 2919 855 Cibum
2951 815 3116 868 porro
3160 798 3214 854 in
3249 798 3373 853 unis
3408 812 3531 851 am-

1944 894 2212 963 plioribus
2242 895 2456 964 aedibus
2481 902 2541 949 ut
2566 904 2827 963 caperem
2857 892 3167 953 constituit,
3202 891 3368 958 idque
3401 904 3527 942 cum

1941 985 2052 1039 alto
2083 984 2306 1039 silentio
2334 986 2720 1040 considentes:
2750 983 2888 1037 facie
2917 984 2989 1036 ita
3016 991 3228 1051 operta,
3265 990 3326 1035 ιιι
3348 995 3531 1048 neque

1940 1075 2084 1131 alius
2113 1062 2303 1141 alium,
2340 1091 2519 1143 neque
2546 1086 2809 1145 prteterea
2829 1075 2981 1129 aliud
3017 1074 3341 1142 quidquam,
3362 1088 3528 1141 quam

1942 1182 2185 1222 mensam
2214 1178 2271 1223 et
2305 1168 2490 1223 cibum
2521 1169 2861 1238 propositum
2890 1182 3119 1222 cernere
3152 1177 3363 1236 posset.
3388 1164 3528 1219 Cum

1942 1259 2013 1315 iis
2052 1276 2121 1314 ne
2146 1260 2289 1315 alius
2318 1259 2614 1330 quisquam
2652 1258 2841 1313 habitu
2871 1258 2980 1312 alio
3010 1260 3062 1310 in
3099 1257 3293 1312 eadem
3338 1269 3530 1309 mensa

1941 1354 2127 1408 cibum
2156 1359 2421 1417 sumeret,
2460 1364 2822 1421 praeterquam
2853 1349 2898 1405 si
2927 1350 3126 1419 hospes
3151 1364 3218 1404 eo
3248 1348 3542 1402 diverteris.

1942 1445 2308 1513 acciperetur.
2338 1443 2520 1513 Signis
2546 1454 2728 1498 autem
2751 1441 3102 1512 quihusdam.
3139 1455 3401 1499 manuum
3426 1439 3532 1490 im-

1942 1535 2314 1607 pulsione,vel
2342 1536 2572 1590 nutibus
2602 1549 2718 1590 rem
2741 1533 3108 1589 necessariam
3132 1532 3201 1586 ab
3221 1531 3303 1585 eis
3326 1529 3537 1600 quibus

1943 1632 2131 1697 sorte,"
2148 1638 2209 1684 ut
2234 1644 2437 1684 mensae
2463 1637 2787 1699 praeessent,
2812 1626 3152 1686 obvenisset.
3187 1621 3531 1677 insinuando

1946 1727 2215 1789 peterent.
2254 1716 2411 1783 Quod
2442 1719 2489 1772 si
2528 1717 2653 1786 quis
2694 1731 2820 1770 eum
2858 1714 2965 1769 illis
3012 1715 3202 1768 vivere
3238 1711 3425 1770 vellet.
3471 1718 3531 1763 ut

1951 1809 2124 1864 tribus
2142 1808 2294 1877 prius
2320 1807 2500 1873 annis,
2548 1813 2760 1860 mutato
2785 1804 3005 1874 paulum
3039 1802 3255 1867 habitu,
3277 1800 3529 1855 duriores

1945 1903 2214 1973 perferret
2243 1900 2462 1956 labores
2497 1916 2512 1953 :
2545 1907 2711 1968 atque
2736 1898 2808 1953 ita
2848 1897 3065 1950 tandem
3096 1894 3315 1949 arcanis
3335 1908 3532 1948 eorum

1941 1992 2114 2048 sacris
2145 1992 2453 2055 institutus,
2486 1989 2683 2045 eodem
2709 2003 2835 2043 cum
2874 1986 2981 2042 illis
3010 1987 3132 2041 loco
3154 1994 3317 2043 esset.
3346 1985 3528 2040 Vesti-

1943 2092 2188 2138 mentum
2224 2092 2406 2137 autem
2437 2091 2494 2136 ut
2515 2089 2661 2137 esset
2684 2095 2873 2150 sagum
2907 2079 3222 2150 pelliceum,
3249 2084 3307 2132 et
3330 2077 3535 2143 capitis.

1943 2186 2155 2245 tegmen
2186 2175 2347 2229 mitra
2379 2151 2577 2229 lahea:
2611 2187 2732 2242 quae
2761 2171 2922 2226 mitra
2950 2170 3278 2241 quibusdam
3312 2183 3529 2238 purpu-

1943 2270 2051 2322 reis
2069 2268 2330 2322 distincta
2348 2265 2472 2331 ﬁlis,
2491 2274 2694 2336 puncta
2711 2279 2808 2319 sua
2826 2262 3076 2326 haberet,
3096 2260 3278 2315 crucis
3298 2259 3535 2313 formam

1942 2360 2259 2414 referentia.
2296 2358 2520 2413 Tunica:
2562 2363 2745 2411 autem
2785 2363 2841 2410 et
2866 2370 3017 2410 zonae
3048 2353 3237 2408 itidem
3280 2363 3336 2405 ut
3368 2351 3531 2406 linem

1941 2463 2128 2508 essent
2160 2452 2255 2505 :iu
2294 2451 2496 2522 quibus
2531 2449 2697 2506 simul
2737 2456 2794 2503 et
2841 2448 2897 2503 in
2960 2448 3104 2518 sagis
3156 2444 3529 2506 considentcs,

1942 2542 2416 2612 super-exstructis
2445 2540 2581 2597 toris
2606 2538 2941 2595 mediocrem
2960 2545 3222 2606 caperent
3247 2548 3531 2589 somnum.

1945 2637 2109 2707 706
2148 2634 2495 2690 Domicilium
2548 2646 2715 2703 porro
2746 2640 2803 2685 ut
2847 2631 2924 2685 ita
2956 2631 3266 2700 sepimento
3292 2629 3535 2683 circum-

1943 2730 2244 2783 vallaretur
2278 2766 2294 2793 ,
2365 2734 2428 2781 ut
2473 2725 2527 2780 id
2582 2724 2786 2779 lectum
2832 2723 3099 2792 cujusque
3153 2719 3535 2774 concluderet.

1945 2820 2215 2876 Primaria
2245 2828 2427 2875 autem
2459 2825 2516 2873 et
2545 2815 2832 2872 Dominica
2857 2813 2947 2869 die
2994 2821 3052 2868 ut
3090 2812 3159 2868 ad
3184 2811 3530 2867 communio-

1944 2928 2072 2969 nem
2101 2919 2158 2967 et
2192 2910 2606 2982 perceptionem
2662 2902 2977 2962 divinarum
3024 2905 3413 2976 mysteriorum
3449 2918 3535 2957 ac-

1945 3009 2229 3070 cedentes,
2251 3006 2463 3061 solutas
2497 3016 2666 3058 zonas
2690 3010 2746 3057 et
2778 3000 2970 3070 sagula
2996 2999 3225 3068 pellicea
3278 2996 3527 3065 deponc-

1949 3109 2093 3155 rent.
2130 3099 2310 3168 Atque
2331 3094 2710 3152 utduodecies
2742 3091 2984 3147 interdiu
3019 3104 3238 3159 semper
3263 3100 3487 3143 orarent
3517 3105 3533 3143 :

286 3184 360 3253 μὴ
389 3186 589 3249 εὑθεῖςο
620 3191 717 3241 καὶ
764 3190 892 3252 τοὺς
925 3188 1121 3253 ἄλλους
1172 3191 1353 3255 ἄλλως
1372 3231 1388 3258 ,
1426 3192 1570 3247 κατὰ
1594 3192 1696 3263 τὴν
1728 3193 1847 3247 ἑκά·

1955 3192 2148 3247 itidem
2177 3204 2311 3245 vero
2354 3187 2424 3242 ad
2454 3199 2758 3254 vesperam,
2804 3191 2971 3238 noctu
3012 3181 3290 3245 similiter,
3313 3188 3370 3235 et
3402 3180 3539 3235 item

283 3291 408 3328 στου
444 3277 765 3347 προαίρεσιν
819 3282 917 3334 καὶ
972 3281 1033 3334 τὸ
1092 3282 1279 3352 σχῆμα
1331 3281 1425 3335 τοῦ
1485 3284 1847 3354 γράμματος,

280 3365 533 3439 εὔστοχον
558 3371 655 3441 τὴν
710 3372 1009 3441 ὀνομασίαν
1055 3374 1251 3436 τιθείς.
1300 3377 1584 3440 Τοιούτοις
1629 3377 1695 3446 δή
1736 3393 1849 3432 τισι

284 3455 466 3524 νόμοις
526 3456 816 3530 Παχώμιος
848 3463 978 3525 τοὺς
1024 3462 1121 3517 ὑπ’
1154 3465 1318 3519 αὐτὸν
1358 3461 1495 3535 ἦγε,
1529 3465 1850 3537 φιλάνθρωο

280 3564 383 3611 ne;
416 3549 649 3618 μάλιστα
686 3551 785 3606 καὶ
806 3552 1065 3626 θεοφιλὴς
1097 3559 1415 3628 γενόμενος·
1448 3561 1544 3613 καὶ
1574 3557 1671 3612 ἐπὶ
1693 3558 1851 3613 τόσον

277 3638 508 3705 ἐλάσαι,
557 3641 634 3706 ὡς
689 3643 823 3714 μηδέ
884 3645 984 3718 τὴν
1034 3647 1143 3702 τῶν
1209 3650 1489 3717 ἐσομένων
1540 3650 1851 3722 πρόγνωσιν

279 3734 521 3800 ἀγνοεῖν·
554 3735 762 3806 ταύτην
806 3738 851 3793 δ’
878 3739 1082 3809 εἰδέναι
1138 3740 1506 3814 διαφερόντως
1556 3744 1646 3798 ἀεὶ
1680 3744 1851 3813 ἀγγέ-

278 3824 395 3890 λοις
428 3827 862 3899 διομιλούμενον.
905 3832 994 3887 Ἐν
1036 3833 1267 3903 Θηϐαΐδι
1298 3834 1357 3889 δέ
1392 3836 1454 3888 τὸ
1486 3839 1585 3907 τῆς
1634 3837 1854 3904 φιλοσο-

274 3917 410 3985 φίας
451 3920 816 3992 ἐργαστήριον
853 3918 1000 3995 εἶχεν
1053 3924 1112 3978 ιν
1163 3941 1273 3981 τινι
1316 3928 1464 3998 νήσῳ
1488 3969 1504 3995 ,
1536 3928 1572 4000 ἢ
1602 3929 1849 4000 Ταϐέννη

276 4007 586 4082 ὠνόμαστοσ
619 4012 681 4079 ἐξ
702 4008 772 4088 ἦς
799 4015 1246 4087 Ταϐιννησιῶται
1271 4019 1331 4083 ἐς
1359 4018 1522 4089 δεῦρο
1558 4020 1624 4092 δὴ
1652 4020 1854 4092 ὀνομά-

274 4102 490 4167 ζονταιο
525 4102 575 4157 οἱ
608 4104 674 4173 δὴ
722 4104 801 4176 τῷ
845 4107 1025 4185 χρόνῳ
1051 4110 1150 4161 καὶ
1184 4108 1265 4172 είς
1313 4108 1520 4181 πολλήν
1560 4127 1682 4165 τινα
1718 4128 1854 4182 προ-

273 4194 451 4263 ῆλθον
501 4197 780 4265 ἐπίδοσιν,
819 4199 897 4263 ὡς
944 4200 1042 4255 καὶ
1087 4201 1167 4265 είς
1222 4202 1715 4274 ἑπτακισχιλίους,
1755 4205 1853 4260 καὶ

274 4287 596 4358 περιδόξους
624 4289 771 4359 μάλα
799 4291 1059 4361 γενέσθαι
1089 4295 1156 4365 τῇ
1191 4293 1298 4348 τῶν
1328 4295 1640 4366 είρημένων
1669 4296 1852 4367 νόμων

271 4378 499 4449 ἀκριϐεῖ
555 4384 825 4454 πολιτείᾳ.
875 4384 1068 4438 Ἔνδον
1120 4384 1227 4457 γὰρ
1280 4386 1584 4457 Τασὲννης,
1627 4389 1745 4458 μεθ’
1776 4383 1853 4443 ὧν

270 4465 348 4539 ἦν
379 4470 479 4523 καὶ
510 4472 823 4543 Παχὼμιος,
860 4475 1022 4541 λόγος
1072 4478 1216 4548 ἀμφὶ
1271 4479 1479 4548 χιλίους
1507 4481 1603 4533 καὶ
1629 4497 1856 4551 sputato-

273 4562 433 4625 σίους
488 4558 652 4620 εἶναι.
710 4567 774 4619 Ol
822 4567 869 4621 δ’
915 4570 1070 4622 ἄλλοι
1125 4571 1267 4625 κατὰ
1301 4571 1547 4641 Θηϐαίδα
1606 4575 1701 4626 καὶ
1750 4574 1853 4643 τὴν
1883 4551 1929 4609 C

271 4655 452 4725 ἄλλην
497 4658 774 4726 Αἴγυπτον
829 4661 1047 4732 ᾧκουν·
1097 4659 1176 4716 ὦν
1228 4664 1489 4718 ἁπάντων
1541 4667 1641 4735 μία
1695 4662 1763 4738 ἦν
1817 4670 1851 4738 ή

270 4747 475 4818 ἀγωγὴ
506 4751 602 4805 καὶ
639 4752 675 4820 ἡ
706 4751 909 4822 δίαιτα,
950 4755 1048 4807 καὶ
1098 4756 1254 4809 κοινὰ
1284 4758 1463 4810 πάντα
1498 4759 1663 4811 πᾶσιν
1701 4758 1859 4828 ἐτύγ-

272 4857 470 4910 χανον,
506 4837 596 4895 οἷὰ
636 4860 759 4897 τινα
809 4847 1147 4916 μητρόπολιν
1175 4848 1279 4918 τὴν
1320 4848 1485 4918 νῆσον
1531 4851 1855 4921 ἡγούμενοι,

274 4936 377 4987 καὶ
421 4935 664 5006 πατέρας
719 4937 847 5002 τοὺς
895 4940 1076 4993 ἐκεῖσε
1138 4941 1575 5011 ἡγεμονεύοντας
1601 4958 1617 4974 °
1651 4945 1745 5015 ἀφ’
1783 4938 1859 4999 ὧν

273 5028 379 5081 καὶ
432 5026 693 5098 ἄρχοντες
741 5031 828 5099 ἐφ’
877 5033 1084 5104 ἑκάστῃ
1139 5034 1388 5105 συνοικίᾳ
1446 5035 1498 5090 οἳ
1547 5036 1657 5090 τῶν
1715 5038 1858 5093 ἐθῶν

275 5118 750 5189 καθειστήκεισαν
770 5122 1008 5194 ζηλωταὶ
1032 5126 1418 5197 διεπέμποντο.
1454 5129 1563 5203 Καὶ
1591 5147 1658 5183 πε
1668 5131 1723 5200 pi.
1759 5132 1859 5202 μὲν

280 5210 592 5282 Παχωμίου
641 5215 903 5271 τοσαῦτα.
936 5217 1026 5287 Τῷ
1059 5219 1103 5271 δ’
1125 5218 1277 5290 αὑτῷ
1315 5220 1493 5291 χρόνῳ
1535 5225 1631 5277 καὶ
1665 5225 1863 5277 Ἀπολ-

280 5300 484 5365 λώνιος
526 5305 619 5358 ἐπὶ
666 5308 734 5377 τῇ
785 5308 931 5361 κατᾶ
997 5308 1133 5364 Θεὸν
1191 5311 1488 5384 φιλοσοφίᾳ
1547 5315 1720 5368 πολὺν
1772 5316 1866 5369 τὸν

279 5392 470 5462 ἔρωτα
505 5394 671 5466 σχὼν,
710 5396 1030 5469 διαπρέπων
1083 5395 1173 5470 ἦν.
1216 5401 1317 5465 '0;
1351 5386 1462 5457 ἔτει
1507 5404 1865 5458 πεντεκαιδε-

281 5498 447 5555 κατῳ
471 5485 572 5556 τῆς
600 5487 826 5558 ήλικίας
875 5490 1259 5563 ἐπαρξάμενος
1305 5494 1365 5547 ἐν
1401 5495 1610 5567 ἐρημίᾳ
1648 5496 1865 5564 φιλοσο-

281 5580 452 5645 φεῖν,
506 5581 633 5634 ἐπεὶ
672 5583 1122 5652 τεσσαρακοστοῦ
1182 5586 1354 5657 ἐπέϐη
1412 5587 1664 5641 ἐνιαυτοῦ
1695 5628 1710 5654 ,
1741 5587 1864 5660 θείᾳ

1953 3284 2088 3338 hora
2132 3296 2280 3336 nona
2306 3280 2495 3335 tertio.
2529 3278 2740 3332 Etcum
2763 3274 2920 3330 cibus
2946 3283 3095 3329 esset
3121 3270 3447 3343 capiendus,
3475 3281 3537 3326 ut

1952 3376 2197 3445 singulas
2240 3373 2521 3430 orationes
2558 3371 2806 3441 psalmus
2853 3364 3203 3437 praecederet.
3262 3366 3535 3420 Praeterea

1953 3483 2014 3528 ut
2046 3470 2114 3525 ad
2143 3482 2435 3524 numerum
2458 3464 2770 3521 Graecarum
2811 3462 3120 3517 litterarum
3170 3469 3374 3515 C(Blllm
3418 3473 3534 3511 mo-

1952 3562 2253 3619 nachorum
2287 3557 2724 3614 cohabitantium
2771 3554 2825 3609 in
2856 3553 3049 3624 viginti
3090 3561 3330 3622 quatuor
3370 3549 3527 3604 ordi-

1951 3668 2051 3708 nes
2081 3650 2374 3717 divideret,
2405 3657 2462 3705 et
2485 3648 2687 3718 cuique
2704 3645 2884 3700 ordini
2919 3655 3336 3714 congruentem.
3360 3642 3527 3696 sicuti

1953 3744 2192 3806 animus,
2225 3741 2336 3795 vita
2359 3750 2417 3795 et
2449 3754 2629 3795 mores
2658 3737 2927 3808 cujusque
2964 3735 3191 3801 terrent,
3223 3735 3531 3804 imponeret

1952 3837 2372 3908 appellationem
2414 3852 2428 3889 :
2464 3834 2674 3890 scilicet
2718 3842 2779 3887 ut
2814 3830 3181 3901 simpliciores
3207 3848 3244 3892 ι,
3275 3827 3371 3898 qui
3406 3843 3547 3881 vero

1953 3930 2108 4000 pravi
2142 3939 2350 3993 essent,
2396 3937 2457 3982 et
2491 3926 2675 3981 minus
2720 3924 2877 3988 recti,
2913 3923 2945 3987 ζ
2993 3934 3050 3977 et
3096 3920 3125 3987 ξ
3164 3928 3537 3976 vocarentur:

1952 4031 2117 4091 atque
2144 4021 2304 4076 aliter
2341 4019 2458 4083 alii,
2482 4018 2642 4089 juxta
2698 4017 2968 4089 cujusque
3000 4014 3340 4079 institutum,
3369 4022 3426 4068 et
3448 4013 3540 4067 lit-

1955 4126 2088 4171 terte
2118 4114 2293 4184 ipsius
2315 4113 2589 4180 habitum,
2620 4118 2808 4183 aptum
2845 4108 3314 4166 accommodando
3333 4123 3542 4179 cogno-

1953 4222 2102 4264 men.
2127 4204 2407 4279 Ejusmodi
2436 4219 2571 4260 sane
2615 4202 2831 4273 legibus
2877 4201 3208 4258 Pachomius
3236 4199 3543 4254 ruonachos

1953 4314 2085 4355 suos
2109 4300 2272 4353 rexit.
2324 4295 2428 4363 Qui
2465 4293 2686 4366 quidem
2722 4292 3000 4348 humanus
3057 4291 3296 4346 maxime
3329 4297 3385 4344 et
3442 4287 3542 4343 Dei

1955 4404 2147 4445 amans
2210 4387 2333 4452 fuit,
2389 4401 2457 4442 eo
2505 4385 2887 4455 amplitudinis
2937 4397 3282 4456 progressus,
3335 4388 3394 4434 ut
3448 4395 3542 4434 res

1956 4497 2178 4555 quoque
2208 4480 2422 4535 futuras
2452 4481 2562 4534 nun
2600 4478 2877 4548 ignoraret
2910 4493 2925 4531 :
2983 4476 3182 4545 quippe
3211 4489 3350 4544 quas
3396 4489 3541 4544 prae-

1959 4578 2121 4646 cipue
2161 4588 2226 4630 ex
2254 4574 2522 4629 continuo
2568 4571 2888 4642 angelorum
2937 4569 3211 4639 colloquio
3248 4582 3543 4638 cognosce-

1962 4668 2075 4722 bat.
2106 4666 2165 4721 In
2198 4664 2479 4720 Thebaide
2511 4672 2696 4718 autem
2740 4660 3095 4734 philo'sopltize
3126 4676 3241 4717 sua:
3266 4661 3542 4715 olliciuam

1963 4757 2178 4823 habuit,
2213 4757 2267 4811 in
2304 4756 2539 4826 quadam
2569 4754 2748 4810 insula
2778 4769 2900 4825 quae
2951 4752 3211 4808 'l‘abenua
3260 4752 3545 4809 nominata

1967 4859 2052 4907 est
2088 4867 2157 4905 :a
2188 4864 2294 4919 qua
2332 4849 2620 4919 hucusque
2661 4847 3083 4903 Tahennesiota:
3116 4847 3399 4903 dicuntur.
3436 4846 3557 4914 Qui.

1968 4958 2096 4998 cum
2129 4953 2374 5012 tempore
2413 4956 2609 5011 magna
2644 4955 2840 5011 cepere
2894 4941 3256 5005 incrementa,
3286 4942 3426 4994 adeo
3485 4950 3547 5008 ut

1966 5033 2171 5102 septies
2205 5033 2375 5098 mille,
2401 5042 2457 5089 et
2485 5034 2707 5103 quidem
2738 5032 3031 5087 admodum
3072 5032 3342 5097 celebres,
3377 5032 3544 5087 vitam

1968 5123 2052 5177 eis
2077 5138 2214 5193 quas
2245 5122 2483 5178 diximus
2527 5122 2741 5194 legibus
2792 5122 2859 5177 ad
2900 5131 3147 5177 exactam
3191 5136 3423 5191 prorsus
3455 5136 3548 5176 ra-

1969 5216 2175 5271 tionem
2204 5222 2432 5286 agentes
2471 5214 2806 5270 exstiterint.
2846 5216 2993 5270 Intra
3032 5213 3350 5270 Tabcnnam
3391 5230 3547 5268 nam-

1967 5324 2099 5379 que,
2154 5323 2280 5365 cum
2309 5307 2512 5378 quibus
2554 5308 2722 5363 etiam
2756 5307 3087 5364 Pachumius
3129 5317 3269 5373 erat,
3322 5306 3547 5361 circiter

1968 5403 2119 5458 mille
2156 5410 2215 5458 et
2258 5400 2492 5457 trecenti
2544 5400 2715 5456 fuisse
2748 5400 3012 5456 dicuntur
3043 5419 3057 5454 :
3106 5400 3198 5455 alii
3233 5408 3416 5453 autem
3446 5412 3546 5467 per

1967 5494 2330 5560 Thebaidem,
2358 5502 2415 5549 et
2442 5493 2708 5565 reliquam
2738 5492 3036 5565 Egyptum
3061 5493 3306 5547 coluere.
3338 5488 3559 5544 Eorum.

1965 5589 2213 5644 omnium
2252 5602 2423 5643 unum
2457 5597 2577 5645 erat
2615 5588 2949 5651 institutum,
2996 5601 3138 5640 unus
3169 5582 3390 5638 vivendi
3429 5597 3548 5639 mu-

357 5765 435 5841 ιι)
466 5765 677 5823 Ascetac
728 5765 1012 5837 cujusdam
1074 5767 1209 5826 scite
1267 5767 1473 5825 dictum
1534 5776 1647 5837 est,
1712 5766 2063 5840 Monachum,
2135 5770 2239 5828 nisi
2292 5785 2432 5841 opus
2485 5769 2672 5839 iaciat,
2744 5785 2912 5825 avaro
2956 5764 3170 5822 homini
3206 5779 3329 5823 esse
3368 5763 3549 5837 persi-

280 5835 490 5891 milcm.
