3990 6448
470 406 685 469 275ς

1702 407 1753 469 Ν
1763 402 2129 470 [CEPHORI
2167 408 2525 470 CALLISTI

3613 408 3709 478 975

470 521 579 575 dus
605 518 922 575 communia
953 518 1135 573 omnia
1163 516 1311 573 inter
1351 533 1411 574 se
1439 518 1788 575 habentium.
1817 520 2057 577 insulam

2182 521 2282 590 ἱψει
2329 518 2656 593 πειθόμενος
2680 561 2696 588 ,
2740 521 2843 593 τήν
2877 520 3211 592 οἰκουμένην
3240 520 3399 587 αὖθις
3429 524 3712 580 κατέλαϐε·

474 614 646 682 ipsam
674 610 830 681 quasi
864 609 1212 680 metropolim
1265 610 1562 680 quamdam
1593 627 1716 668 esse
1743 613 2013 683 putabant
2040 632 2054 667 :

471 712 530 757 ct
557 704 650 774 qui
686 702 758 756 ibi
791 702 956 756 rebus
995 712 1284 771 prteerant,
1331 711 1536 772 patres.
1572 704 1650 758 Ex
1691 705 1892 774 quibus
1924 720 2062 774 quo-

472 810 602 865 que,
659 796 753 863 qui
802 794 1042 848 instituti
1095 794 1217 864 ejus
1266 795 1621 851 amulatores
1673 805 1856 861 erant,
1886 797 2058 852 cmtui

469 886 674 957 cuique
729 896 786 941 et
837 885 1119 941 domiciiio
1178 886 1464 955 praetectos
1525 903 1658 944 suos
1710 900 2062 946 accersentes

471 979 840 1050 accipiebant.
872 979 999 1035 Bato
1021 979 1090 1035 de
1134 980 1451 1038 Pachomio.
1496 982 1703 1037 Eadem
1734 998 1869 1038 vero
1899 992 2061 1040 aetate

470 1083 525 1128 et
551 1073 874 1143 Apollonius
933 1073 1146 1145 ingenti
1175 1089 1305 1145 erga
1353 1074 1599 1129 divinam
1650 1076 2059 1146 philosophiam

472 1179 662 1219 amore
705 1164 941 1235 ﬂagrans
1001 1164 1286 1235 pollebat:
1342 1167 1437 1235 qui
1471 1166 1829 1237 quindecimo
1883 1173 2062 1225 anatis

472 1273 620 1312 anno
643 1257 904 1313 solitaria:
927 1256 1295 1329 philosOphize
1322 1258 1577 1314 initiatus
1605 1260 1794 1323 sacris,
1823 1261 2061 1332 quadra-

472 1349 733 1419 genarius
771 1349 975 1404 divina:
1000 1351 1311 1421 obsequens
1341 1351 1537 1407 visioni
1579 1352 1635 1406 in
1674 1352 1958 1421 publicum
1992 1353 2060 1408 ad

473 1441 595 1496 ioca
655 1440 976 1497 hominibus
1015 1442 1257 1497 habitata
1308 1458 1501 1499 rursus
1550 1444 1777 1514 prodiit,
1807 1447 2059 1516 atquein

474 1531 760 1589 Thebaide
791 1526 1128 1605 tu'guriolum
1179 1534 1283 1590 sibi
1339 1535 1610 1590 condidit.
1645 1537 1809 1607 707
1841 1535 1903 1590 Et
1935 1552 2060 1592 cum

476 1627 532 1681 in
583 1625 782 1695 primis
805 1626 901 1680 Dei
938 1635 1087 1682 esset
1113 1628 1551 1690 amantissimus.
1590 1628 1914 1685 admiranda
1945 1630 2058 1685 edi-

476 1716 556 1770 dit
583 1730 752 1786 opera
787 1731 802 1770 :
857 1716 1113 1786 nihilque
1160 1733 1342 1771 rerum
1377 1718 1564 1772 omisit
1597 1720 1869 1784 omnium,
1928 1721 2062 1790 quin

476 1807 533 1861 in
561 1806 641 1861 eis
671 1806 949 1877 praecipue
981 1806 1297 1871 excelleret,
1327 1823 1670 1878 quaecunque
1703 1808 1770 1863 ad
1802 1810 1855 1864 id
1890 1824 2064 1880 genus

2166 616 2262 668 καὶ
2299 615 2441 670 κατὰ
2478 614 2724 686 Θηϐαΐδα
2760 615 2863 684 τήν
2899 614 3148 684 μάνδραν
3179 616 3442 686 ἐπήξατο.
3473 616 3718 689 Θεοφιλὴς

2166 708 2224 760 δὲ
2274 708 2343 761 τὰ
2390 707 2632 778 μάλιστα
2664 707 2906 777 γεγονὼς
2955 707 3283 777 παραδόξων
3325 710 3613 778 αὐτουργὸς

2168 800 2428 871 Πράξεως
2476 801 2534 855 δὲ
2586 800 2744 854 οὐδὲν
2783 800 3053 854 ἐλλείπων
3076 839 3092 864 ,
3144 802 3246 853 ὅσα
3286 802 3367 864 εἰς
3404 801 3501 871 τὴν
3531 802 3722 855 τοιάνδε

2166 894 2488 963 φιλοσοφίαν
2523 895 2741 963 ἀνήκει,
2797 893 3168 964 διαφερόντως
3210 888 3359 963 εἶχεν
3386 907 3403 924 ο
3455 892 3645 960 ἀγαθὸς
3668 893 3720 946 εὖ

2170 987 2319 1054 μάλα
2355 986 2415 1040 τὸ
2455 982 2588 1058 ἦθος
2620 985 2719 1052 ὢν,
2764 991 2859 1040 καὶ
2912 987 3013 1040 σὺν
3059 987 3243 1057 χάριτι
3291 986 3524 1054 ἄφθονον
3554 985 3612 1038 τὸ
3634 985 3722 1052 τῆς

2165 1076 2525 1141 διδασκαλίας
2578 1079 2732 1147 νᾶμα
2786 1079 3071 1148 προχέων·
3113 1076 3445 1138 καταπειθὲς
3497 1075 3726 1138 δὀῦτως

2166 1168 2313 1239 ἔχειν
2343 1171 2461 1234 τοῖς
2506 1171 2860 1240 αἰτουμένοις
2906 1172 2968 1225 τὸ
3018 1174 3195 1236 Θεῖον,
3243 1172 3319 1236 ὡς
3376 1170 3539 1241 μηδὲν
3565 1171 3728 1225 αἰτου-

2170 1262 2319 1332 μένῳ
2346 1264 2619 1335 ἀνήνυτον
2642 1260 2804 1318 εἶναι.
2852 1267 3075 1329 Πάντως
3115 1264 3162 1318 δ’
3193 1267 3378 1317 ἐκεῖνα
3398 1248 3543 1335 ᾔτει,
3581 1262 3729 1329 σοφὸς

2165 1351 2264 1418 ὣν,
2314 1348 2399 1419 οἷς
2462 1356 2681 1427 χαίρειν
2724 1356 2926 1410 διδόναι
2977 1359 3042 1410 ἐκ
3092 1354 3188 1409 τοῦ
3235 1355 3438 1428 ῥᾴστου
3491 1354 3552 1407 τὸ
3586 1353 3730 1406 Θεῖον

2166 1447 2281 1519 ἔχει
2303 1448 2442 1518 πρὸς
2478 1449 2719 1518 φύσεως.
2760 1450 3022 1520 Ἤκμαζε
3071 1449 3128 1504 δὲ
3179 1450 3277 1503 καὶ
3318 1447 3510 1501 Ἀνοὺδ
3540 1448 3730 1508 ἐκεῖνος

2167 1542 2291 1596 κατ’
2313 1544 2491 1601 ἐκεῖνο
2526 1544 2724 1614 καιροῦ
2750 1561 2765 1576 ·
2808 1543 2868 1599 δι
2892 1545 3053 1614 λόγος
3093 1544 3235 1611 μετὰ
3264 1544 3364 1614 τὴν
3392 1545 3449 1596 ὲν
3476 1542 3727 1611 διωγμοῖς

2166 1629 2463 1700 ὁμολογίαν
2518 1632 2662 1703 ὑπὲρ
2704 1632 2943 1702 Χριστοῦ
2967 1671 2983 1693 .
3020 1635 3233 1704 μήποτε
3265 1630 3594 1702 ψεύσασθαιο
3625 1626 3732 1682 ἀλλ’

2165 1724 2290 1779 οὕδέ
2334 1741 2482 1788 τινος
2534 1728 2645 1779 τῶν
2697 1726 3014 1794 προσγείων
3068 1728 3150 1789 είς
3200 1725 3504 1796 ἐπιθυμίαν
3547 1721 3730 1775 ἐλθεῖν.

2167 1809 2270 1870 Ὧν
2306 1817 2363 1870 δὲ
2421 1816 2558 1888 πρὸς
2613 1816 2754 1872 Θεοῦ
2814 1818 3038 1889 δεηθείη
3068 1859 3083 1884 ,
3155 1816 3387 1889 μηδενὸς
3427 1812 3734 1883 ἀστοχῆσαν

477 1899 844 1969 philosophia:
875 1900 1176 1970 pertinent.
1208 1900 1455 1956 Moribus
1501 1900 1607 1957 fuit
1630 1902 1879 1972 Optimis,
1908 1913 1964 1959 ct
2003 1904 2058 1958 in

2182 1909 2294 1980 θείῳ
2337 1909 2383 1963 δ’
2416 1911 2637 1982 ἀγγέλῳ
2703 1911 2991 1983 καθηγητῇ
3056 1913 3450 1983 χρησάμενον,
3506 1908 3627 1961 ὅσον
3674 1899 3736 1973 ἦν

476 1992 681 2061 pietate
703 1993 915 2063 prolixe
946 1992 1193 2047 docenda
1244 2009 1436 2063 magna
1464 1994 1659 2065 gratia.
1694 1996 1753 2050 ln
1784 1997 2061 2066 precatio—

475 2082 641 2137 nibus
684 2085 821 2139 adeo
879 2084 1073 2140 habuit
1103 2085 1406 2158 benignum
1437 2099 1493 2142 et
1532 2088 1833 2159 propitium
1868 2090 2060 2155 Deum,

2171 2002 2379 2072 ἀρετῆς
2414 2005 2496 2067 είς
2532 2004 2707 2076 ἄκρον
2748 2005 3015 2075 ἀσκῆσαι.
3069 2005 3233 2058 Ἀλλά
3263 2003 3394 2074 περὶ
3433 2003 3531 2071 μὲν
3554 1997 3656 2052 τῶν
3686 1994 3738 2047 ὲν

2171 2093 2435 2165 Αἰγύπτῳ
2474 2097 2732 2167 μοναχῶν
2766 2097 2987 2168 ἀπόχρη
3019 2095 3264 2151 τοσαῦτα
3316 2099 3514 2150 εἰπεῖν.

475 2193 536 2238 ut
562 2184 631 2239 ab
655 2200 723 2240 eo
740 2200 904 2240 orans
937 2185 1069 2239 nihil
1096 2200 1205 2239 non
1240 2196 1518 2243 exoraret.
1596 2189 1661 2242 Et
1694 2204 1792 2258 pro
1866 2191 2138 2260 sapientia
2179 2207 2276 2247 sua
2320 2209 2384 2247 ea
2433 2208 2660 2262 prorsus
2688 2197 2935 2264 petebat,
2965 2210 3089 2265 quas
3125 2195 3287 2251 facile
3335 2197 3479 2251 Deus
3517 2196 3738 2251 tribuere

474 2278 634 2331 solet.
694 2276 906 2332 Floruit
944 2287 1055 2332 tum
1089 2294 1309 2350 quoque
1348 2281 1512 2334 Anub
1551 2280 1679 2345 ille,
1712 2297 1873 2350 quem
1932 2293 2057 2353 post
2093 2283 2498 2341 confessionem
2525 2301 2630 2357 pro
2675 2286 2900 2343 Christo
2944 2289 2998 2343 in
3069 2289 3462 2357 persecutione
3527 2288 3736 2350 obitam,

475 2381 961 2442 muntnunrtuim
996 2383 1185 2444 postea
1212 2374 1563 2430 mendacium
1597 2375 1841 2441 dixisse,
1914 2392 2093 2449 neque
2133 2379 2438 2450 quidquam
2491 2390 2727 2437 terrenae
2777 2382 2855 2436 rei
2904 2381 3335 2451 concupivisse:
3400 2397 3522 2452 quae
3566 2392 3740 2434 veroa

481 2463 591 2520 Deo
624 2475 861 2530 orasset,
895 2466 1079 2521 omnia
1116 2466 1427 2557 obtinuisse
1460 2483 1474 2521 :
1506 2469 1810 2541 angeloque
1833 2469 2024 2525 divino
2070 2473 2206 2528 adeo
2247 2474 2565 2529 institutore
2623 2490 2807 2539 usum,
2864 2476 3084 2545 pietatis
3108 2475 3311 2528 virtute
3341 2472 3639 2529 exercenda
3679 2469 3739 2526 ad

478 2571 759 2613 summum
788 2572 965 2628 usque
999 2558 1334 2628 pervenisse.
1373 2558 1480 2615 Sed
1520 2561 1666 2614 enim
1697 2559 1766 2615 de
1804 2559 2068 2633 (Egyptiis
2118 2565 2402 2620 monachis
2449 2566 2564 2620 bzec
2595 2567 2729 2622 satis
2779 2574 2865 2621 est
2897 2566 3122 2621 dixisse.

1085 2673 1311 2732 CAPUT
1352 2674 1467 2729 XV.

770 2768 849 2823 De
879 2768 1181 2824 Pala’sanw
1206 2777 1255 2822 et
1295 2767 1466 2841 Syria
1497 2768 1785 2823 monachis.

554 2886 689 2943 lude
747 2899 881 2941 vero
949 2884 1114 2939 ctiam
1179 2885 1466 2940 Palaestina
1536 2884 1766 2950 edocta,
1821 2886 2072 2940 eamdem

481 2979 914 3051 philosophandi
963 2985 1235 3033 rationem
1281 2978 1579 3049 complecti
1608 2978 1800 3049 capit.
1854 2978 1909 3033 In
1965 2995 2071 3048 qua

2854 2679 3055 2734 ΕΦΑΛ.
3085 2678 3192 2735 IE’.

2854 2682 3055 2734 ΕΦΛΛ.
3085 2682 3192 2735 IE'.

2254 2774 2393 2842 Περὶ
2424 2773 2540 2828 τῶν⁴
2572 2773 2641 2827 ἐν
2669 2682 3046 2841 [Militaris-r1
3081 2770 3180 2825 καί
3200 2771 3392 2839 Συρίᾳ
3405 2769 3696 2841 μοναχῶγ.

2267 2891 2509 2945 Ἐκεῖθεν
2555 2891 2615 2944 δὲ
2664 2890 2757 2942 καὶ
2800 2886 3134 2958 Παλαιστίνη
3180 2887 3539 2959 όδηγηθεῖσα,
3572 2885 3637 2940 τά
3668 2881 3745 2937 ἴσα

2183 2984 2499 3054 φιλοσοφεῖν
2525 2981 2734 3054 ἦρξατο
2760 2996 2774 3011 ·
2811 2982 2871 3034 ὲν
2960 2980 3179 3050 πρῶτος
3207 2980 3449 3051 ήνθησεν
3487 2978 3739 3048 Ἱλαρίωνο

480 3072 701 3144 primus
731 3072 918 3126 ﬂoruit
944 3069 1192 3125 llilariou
1228 3086 1242 3124 :
1281 3070 1374 3126 cui
1423 3073 1601 3141 patria
1648 3069 1753 3125 fuit
1789 3070 1942 3125 vicus
1971 3086 2073 3126 no—

2182 3071 2227 3145 ᾧ
2264 3078 2465 3147 πατρὶς
2495 3076 2595 3145 μὲν
2622 3069 2693 3146 ἦν
2721 3072 2882 3143 κώμη
2921 3072 3151 3142 Θηὸασᾶ
3194 3071 3332 3142 δνομ
3344 3091 3396 3139 α,
3416 3072 3516 3124 οὐκ
3543 3070 3744 3123 ἔλαττον

481 3168 635 3223 mine
669 3165 915 3222 Thebasa
945 3164 1046 3237 (l),
1077 3162 1169 3234 qui
1201 3178 1310 3219 non
1335 3163 1538 3234 ,minus
1569 3178 1732 3234 quam
1758 3163 2073 3235 quindecim

2182 3169 2215 3239 ἢ
2254 3167 2314 3221 ιε’
2347 3166 2596 3230 σταδίους
2621 3166 2901 3236 ἀπέχουσα
2934 3164 3137 3233 Γάζης,
3179 3167 3322 3232 πρὸς
3349 3164 3501 3218 νότον
3532 3159 3743 3227 κειμένη

485 3261 682 3317 stadiis
710 3259 853 3316 Gaza
888 3259 1083 3324 abest,
1117 3267 1367 3313 austrum
1405 3274 1599 3314 versus
1648 3258 1716 3313 ad
1767 3267 2075 3315 torrentem

487 3354 631 3411 s'itus
658 3394 673 3416 ,
705 3355 799 3424 qui
829 3368 978 3407 mare
1003 3351 1241 3409 inﬂuens
1258 3353 1615 3409 vernaculum
1642 3367 1671 3405 a
1698 3353 1824 3407 vico
1847 3353 1967 3422 ipso
1990 3367 2081 3407 ac-

488 3452 636 3520 cepit
664 3464 885 3504 nomen.
918 3449 1057 3504 Cum
1097 3458 1278 3501 autem
1317 3448 1720 3502 Alexandrinas
1749 3446 2076 3515 frequenta-

488 3555 578 3600 ret
633 3543 871 3608 scholas,
924 3541 1151 3596 Antonii
1198 3540 1339 3595 i‘ama
1388 3556 1512 3610 quae
1559 3551 1674 3594 tum
1729 3539 2083 3593 increbuerat

491 3637 703 3702 audita,
738 3637 962 3693 videndi
996 3636 1117 3707 eius
1173 3634 1349 3706 gratia
1375 3632 1737 3688 solitudinem
1774 3632 1978 3701 petiit:
2026 3638 2082 3683 et

492 3730 897 3802 aliquantulum
934 3744 1058 3784 cum
1094 3744 1163 3784 eo
1194 3736 1463 3790 moratus,
1517 3725 1660 3779 idem
1696 3723 1821 3778 vitae
1852 3721 2081 3778 institu-

492 3834 612 3879 tum
648 3822 802 3893 sequi
827 3821 1136 3877 constituit.
1164 3819 1320 3885 Quod
1346 3834 1476 3873 vero
1515 3817 1584 3872 ad
1615 3816 1917 3871 Antonium
1947 3828 2087 3885 quov

494 3916 633 3972 tidie
688 3915 846 3971 multi
878 3916 1236 3978 ventitarent,
1278 3911 1389 3965 voti
1424 3925 1654 3980 compos
1692 3908 1812 3964 ﬂeri
1842 3924 1955 3964 non
1991 3923 2087 3978 po-

2183 3262 2337 3333 παρά
2385 3260 2478 3314 τὸν
2530 3259 2856 3331 χείμαρρον,
2886 3261 2944 3323 ὃς
2987 3261 3082 3312 ἐπὶ
3128 3258 3415 3313 θάλασσαν
3456 3258 3614 3328 ῥέων,
3638 3255 3745 3305 επι-

2184 3356 2388 3428 χώριον
2435 3354 2545 3409 ἀπὸ
2587 3357 2688 3425 τῆς
2728 3354 2925 3424 κώμης
2958 3353 3182 3424 εἴληφεν
3212 3352 3390 3416 ὄνομα
3416 3368 3431 3382 ο
3468 3352 3578 3412 τοῖς
3617 3345 3661 3398 δ’
3696 3345 3747 3396 ὲν

2198 3443 2585 3515 Ἀλεξανδρεία
2630 3444 2896 3513 φοιτήσας
2947 3441 3373 3507 διδασκαλείοις,
3424 3441 3523 3509 τῆς
3573 3437 3753 3490 ’Δντιιι⁸

2184 3538 2297 3591 νίου
2331 3537 2503 3606 ἀκοῆς
2533 3538 2933 3607 διαϐοωμένης,
2971 3539 3111 3590 κατά
3150 3534 3283 3589 θέαν
3330 3534 3536 3611 ἐκείνου
3566 3531 3642 3592 είς
3666 3526 3751 3597 τήν

2187 3632 2399 3702 ἔρημον
2430 3626 2576 3704 ἧκε·
2626 3632 2721 3684 καὶ
2757 3630 2845 3683 ἐπ’
2891 3629 3075 3698 ὀλίγον
3120 3629 3418 3700 διατρίψας
3463 3621 3752 3695 ἐκείνφμῑὰ

2189 3724 2280 3779 ῐσα
2329 3723 2645 3794 φιλοσοφεῖν
2704 3724 2966 3793 αἱρεῖται.
3019 3720 3239 3776 Πολλῶν
3286 3721 3332 3774 δ’
3381 3723 3441 3785 ἐς
3491 3715 3752 3773 ’Λντώνιον

2190 3819 2316 3872 καθ’
2365 3816 2607 3889 ἑκάστην
2648 3816 2859 3881 ίόντων,
2893 3817 3127 3888 ἠρεμεῖν
3154 3815 3256 3869 οὐκ
3303 3810 3421 3885 εἶχε
3470 3810 3609 3866 κατὰ
3644 3820 3754 3860 σκο-

2191 3911 2315 3976 πόν.
2339 3910 2452 3982 Τὴν
2483 3910 2726 3975 πατρίδα
2766 3909 2825 3963 δὲ
2858 3906 3212 3972 καταλαϐὼν,
3243 3908 3375 3961 ἐπεὶ
3404 3905 3500 3960 καὶ
3520 3905 3569 3958 οῖ
3594 3897 3754 3970 γονεῖς

495 4012 622 4068 tuit.
650 4012 840 4081 itaque
902 4009 957 4064 in
1007 4007 1243 4077 patriam
1295 4019 1580 4067 reversus,
1639 4016 1769 4057 cum
1823 4007 2073 4072 parentes

2191 4001 2361 4056 αὑτοῦ
2414 3999 2508 4053 τόν
2555 4000 2684 4071 τῇδε
2741 3998 2858 4069 βίον
2903 3996 3197 4062 ἀπέλιπον,
3231 3996 3350 4059 τοῖς
3383 3993 3628 4063 ἀδελφοῖς
3671 3984 3756 4042 καὶ

493 4108 671 4180 ejuse
715 4105 823 4160 vita
862 4103 964 4157 hac
1002 4103 1330 4172 migrassent
1356 4137 1372 4158 .
1412 4098 1583 4151 multa
1634 4093 1947 4150 substantia
1987 4107 2073 4149 snt

2189 4099 2303 4153 τοῖς
2329 4096 2535 4149 ὲνδεέσι
2565 4095 2667 4166 τὴν
2714 4092 2916 4163 πολλὴν
2962 4090 3290 4163 περιουσίαν
3322 4089 3637 4160 ὲσκόρπισε,
3663 4097 3756 4180 μὶ]-

496 4170 647 4255 οιιιιιί
704 4197 970 4252 fratribus
992 4207 1048 4250 ct
1085 4170 1274 4264 egenis
1295 4190 1589 4247 distributa
1615 4229 1631 4253 ,
1699 4188 1838 4243 nihil
1881 4188 1988 4244 sibi
2021 4202 2073 4243 ex

2193 4188 2285 4243 δέν
2314 4207 2369 4243 τι
2410 4188 2472 4244 τό
2502 4187 2727 4242 σύνολον
2761 4185 3083 4240 καταλιπὼν
3111 4185 3318 4256 ἑαυτῷ.
3354 4181 3468 4237 Καὶ
3503 4177 3677 4235 λοιπὸν
3706 4170 3757 4225 ἐν

497 4307 565 4346 ea
629 4291 904 4360 reliquum
955 4286 1106 4340 fecit.
1140 4283 1308 4354 708
1344 4281 1411 4336 Et
1450 4294 1577 4335 mox
1615 4278 1815 4334 deinde
1855 4277 1909 4332 in
1967 4277 2073 4332 loc:

2192 4298 2301 4334 τινι
2329 4282 2481 4351 τόπῳ
2505 4280 2642 4351 πρὸς
2670 4277 2947 4333 θάλασσαν
2975 4280 3148 4331 εἰκοσι
3180 4276 3430 4341 σταδίους
3460 4276 3556 4346 τῆς
3581 4269 3755 4360 κώμηξ

502 4357 1075 4453 quodam'maritimo,
1117 4376 1311 4447 viginti
1348 4373 1542 4429 stadiis
1574 4386 1605 4426 a
1650 4372 1775 4426 vico
1821 4370 2073 4426 distante

2194 4375 2427 4445 διέχοντι
2480 4373 2729 4444 καλύΰην
2786 4373 2852 4425 ὲκ
2908 4370 3151 4426 πλίνθων
3196 4372 3497 4441 ἐπήγνυτο,
3558 4357 3757 4453 φορυτῷ

501 4449 785 4548 tugurium
813 4490 844 4529 e
881 4472 1051 4526 latere
1083 4469 1191 4523 sibi
1230 4467 1526 4529 exstruxit,
1574 4463 1835 4536 congerie
1890 4463 2073 4517 fracta

2201 4470 2465 4540 κεράμων
2513 4467 2867 4535 κατεαγότων
2916 4465 3373 4536 κεκαλυμμένην.
3412 4463 3581 4518 Τόσον
3616 4458 3659 4510 δ’
3696 4449 3776 4523 ἦν’

503 4583 628 4623 rum
667 4575 931 4623 testarum
987 4571 1212 4643 tectum.
1253 4558 1424 4630 Cujus
1477 4566 1626 4612 tanta
1677 4557 1782 4611 fuit
1827 4554 2073 4610 latitudo

2198 4563 2386 4634 ἐκείνη
2439 4560 2634 4630 εὔρους
2672 4561 2768 4613 καὶ
2829 4562 3040 4631 μήκους
3093 4559 3187 4610 καὶ
3242 4557 3435 4627 ὕψους,
3465 4554 3540 4615 ὡς
3579 4550 3760 4618 δεῆσαν

498 4660 791 4733 longitudo
814 4668 869 4713 et
904 4655 1168 4723 altitudo,
1212 4663 1272 4708 ut
1298 4665 1533 4709 Stantem
1567 4668 1694 4708 eum
1727 4658 1894 4721 caput
1926 4648 2073 4704 incli'

2201 4657 2449 4721 ἑστάναι,
2468 4657 2699 4708 κύπτειν
2724 4652 2825 4725 τὴν
2859 4651 3106 4722 κεφαλήν
3125 4668 3139 4681 ο
3176 4652 3368 4704 πεσεῖν
3392 4648 3437 4703 δ’
3470 4646 3760 4708 ἐπάναγκες

501 4770 658 4818 nare,
692 4750 1017 4808 recumbere
1042 4758 1226 4804 autem
1247 4749 1521 4803 volentem
1547 4746 1713 4817 pedes
1746 4744 1812 4799 ad
1845 4744 2073 4813 seipsuu

2200 4751 2280 4817 ὃν,
2322 4750 2451 4813 τοὺς
2504 4749 2670 4811 πόδας
2713 4746 3024 4811 συνιζάνειν
3072 4744 3209 4815 πρὸς
3243 4742 3459 4795 ἑαυτόν.
3493 4738 3626 4791 Πᾶσι
3662 4729 3760 4799 γὰρ

506 4840 835 4896 contrahere
867 4839 1181 4893 necessario
1209 4844 1511 4908 oporteret.
1567 4836 1667 4890 Hic
1701 4834 1872 4888 rebus
1903 4831 2073 4887 omni-

2200 4845 2426 4917 τρόποις
2472 4840 2664 4912 ἔθιμον
2714 4841 2890 4894 ἐποίει
2918 4839 3068 4908 αὐτῷ
3092 4839 3195 4909 τὴν
3238 4831 3638 4903 ταλαιπωρίαν.
3671 4824 3762 4917 [Io-

506 4936 611 4989 bus
646 4950 745 5005 per
791 4932 1208 4989 assuetudinem
1233 4971 1247 4995 ,
1277 4941 1585 5002 promptam
1629 4928 1737 4983 sibi
1783 4938 1839 4983 ct
1874 4926 2071 4981 facilen

2203 4916 2311 4992 νῶν
2368 4955 2428 4992 τε
2484 4939 2550 5008 τῇ
2607 4934 2912 5007 ἐγκρατείᾳ
2956 4932 3222 5002 δοκίμως,
3257 4931 3465 4997 ἄτυφον
3518 4919 3627 4992 εἶχε
3675 4916 3761 4983 τὴν

506 5028 745 5082 iacieb..t
773 5041 1093 5080 aerumnam.
1143 5026 1324 5094 Atque
1364 5024 1419 5077 in
1452 5021 1837 5077 moderatione
1868 5028 1925 5075 et
1953 5030 2062 5074 tem

2206 5032 2429 5103 πρᾶξιν,
2461 5033 2556 5086 καὶ
2586 5026 2764 5084 ταῦτα
2803 5027 2997 5099 μηδενὶ
3021 5026 3099 5095 τῷ
3135 5024 3284 5096 ἔργῳ
3323 5025 3501 5091 τούτῳ
3531 5008 3765 5103 καταλείέ

506 5118 756 5189 perantia
801 5118 1023 5189 egregie
1084 5118 1417 5181 elaborans,
1469 5115 1681 5169 nullum
1734 5127 1964 5183 prorsus
2025 5128 2073 5166 cx

2206 5101 2325 5182 πων
2376 5126 2711 5199 ὑπερϐολήν,
2756 5123 2994 5193 Κρατῶν
3039 5119 3086 5174 δ’
3133 5121 3259 5173 ὅσαι
3312 5117 3566 5187 σώματος
3596 5101 3763 5199 ἡδοναί

506 5214 668 5270 factis
704 5213 820 5269 suis
864 5213 1123 5282 concepit
1155 5211 1353 5266 fastum
1382 5252 1396 5275 ,
1432 5225 1558 5265 cum
1593 5209 1820 5279 quidem
1852 5223 1917 5263 ca
1946 5208 2000 5262 in
2036 5223 2095 5264 te

508 5309 854 5380 superiorem
920 5309 1153 5363 haberet
1212 5306 1516 5361 neminem.
1583 5304 1845 5376 Corporis
1908 5312 2093 5359 autem

508 5406 818 5476 voluptates
876 5411 933 5460 et
991 5402 1188 5456 anima:
1255 5400 1549 5455 blanditias
1611 5398 1914 5462 edomans,
1970 5413 2095 5452 cum

509 5498 719 5563 inedia,
752 5498 866 5562 siti,
898 5496 1120 5566 frigore,
1144 5505 1201 5549 et
1224 5505 1358 5548 testu
1397 5502 1622 5547 strenue
1647 5489 2095 5547 conﬂictabatur.

511 5592 755 5645 Moribus
783 5589 1017 5659 integris
1043 5590 1308 5658 praeditus
1354 5587 1479 5651 fuit,
1524 5601 1782 5641 sermone
1824 5585 2100 5640 humanus

509 5691 565 5738 et
601 5681 890 5752 placidus:
935 5689 993 5737 et
1020 5695 1364 5752 quzecunque
1404 5693 1687 5735 sacrorum
1745 5676 2098 5732 oraculorum

512 5774 818 5840 didicisset,
863 5785 1121 5832 accurate
1169 5775 1439 5830 tumnoria
1476 5772 1717 5831 tenebat.
1776 5769 2098 5842 Tantopere

587 5887 666 5961 υ)
705 5889 994 5959 TItobat/m,
1021 5889 1237 5949 Sozam.

2204 5218 2299 5271 καὶ
2347 5192 2528 5287 ψυχῆς
2586 5192 2843 5277 θωπείαι,
2901 5212 3040 5281 πρὸς
3079 5207 3299 5265 ἀσιτίαν
3352 5207 3447 5260 καὶ
3496 5203 3640 5269 δῖψος
3682 5192 3763 5287 κξῖ

2210 5279 2373 5382 ῥῖγοέ
2551 5309 2747 5374 πνῖγος
2798 5279 3045 5376 στεῤῥῶς
3085 5300 3411 5372 ἠγωνίζετο,
3440 5295 3513 5348 Τὸ
3557 5289 3651 5361 μὲν
3682 5279 3764 5382 οὖν

2205 5379 2339 5473 ἦθος
2393 5401 2679 5463 σπουδαῖός
2734 5416 2819 5462 τις
2870 5394 2963 5469 ἦν,
2996 5398 3095 5451 καὶ
3141 5393 3236 5448 τὸν
3290 5392 3450 5459 λόγον
3501 5379 3762 5473 summa?

2208 5467 2439 5566 ἀκριϐὲς
2472 5493 2520 5547 δ’
2552 5488 2668 5564 εἶχε
2717 5467 3033 5562 μεμνῆσθαι
3078 5487 3180 5543 ὅσα
3234 5485 3345 5538 τῶν
3400 5478 3560 5550 ἱερῶν
3587 5467 3764 5568 λογίων

2209 5565 2509 5658 ὲξήσκησε.
2544 5587 2716 5640 Τόπον
2767 5584 2824 5637 δὲ
2872 5582 2940 5636 δι’
2990 5581 3211 5653 ἀρετῆς·
3240 5576 3485 5650 ᾠκείωτο
3529 5567 3604 5637 τῷ
3636 5565 3763 5627 Θεῷ.

2209 5681 2286 5743 ὡς
2331 5679 2503 5732 είσὲτι
2543 5682 2638 5732 καὶ
2689 5677 2783 5731 νῦν
2828 5674 3058 5737 πολλοὺς
3087 5673 3200 5727 τῶν
3246 5670 3441 5724 ἀνίατα
3482 5659 3764 5717 νοσούντων

2211 5774 2419 5837 ἰᾶσθαι,
2481 5771 2579 5826 καὶ
2625 5769 2891 5842 δαίμονας
2960 5768 3207 5823 ἐλαύνειν
3275 5756 3556 5833 εἰληφέναι
3616 5747 3761 5820 χάριν
