  <div class='ocr_page' id='page_1' title='image "/cluster/home/n/w/nwhite01/storage/ocr_20150623/146:no.2/coo.31924054870518/148.png"; bbox 0 0 3990 6444; ppageno 0'>
   <div class='ocr_carea' id='block_1_1' title="bbox 271 366 372 422">
    <p class='ocr_par' dir='ltr' id='par_1_1' title="bbox 271 366 372 422">
     <span class='ocr_line' id='line_1_1' title="bbox 271 366 372 422; baseline -0.02 1"><span class='ocrx_word' id='word_1_1' title='bbox 271 366 372 422; x_wconf 73' lang='lat'><strong>281</strong></span> 
     </span>
    </p>
   </div>
   <div class='ocr_carea' id='block_1_2' title="bbox 1228 362 2621 434">
    <p class='ocr_par' dir='ltr' id='par_1_2' title="bbox 1228 362 2621 434">
     <span class='ocr_line' id='line_1_2' title="bbox 1228 362 2621 434; baseline 0.004 -9"><span class='ocrx_word' id='word_1_2' title='bbox 1228 363 1838 434; x_wconf 65' lang='lat' dir='ltr'><strong>ECCLESIASTICAE</strong></span> <span class='ocrx_word' id='word_1_3' title='bbox 1880 362 2275 427; x_wconf 53' lang='lat' dir='ltr'><strong>HISTORIA;</strong></span> <span class='ocrx_word' id='word_1_4' title='bbox 2319 367 2449 428; x_wconf 89' lang='lat' dir='ltr'><strong>LIB</strong></span> <span class='ocrx_word' id='word_1_5' title='bbox 2515 368 2621 431; x_wconf 82' lang='lat' dir='ltr'><strong>IX.</strong></span> 
     </span>
    </p>
   </div>
   <div class='ocr_carea' id='block_1_3' title="bbox 3437 358 3547 424">
    <p class='ocr_par' dir='ltr' id='par_1_3' title="bbox 3437 358 3547 424">
     <span class='ocr_line' id='line_1_3' title="bbox 3437 358 3547 424; baseline 0.018 -2"><span class='ocrx_word' id='word_1_6' title='bbox 3437 358 3547 424; x_wconf 75' lang='lat'><strong>282</strong></span> 
     </span>
    </p>
   </div>
   <div class='ocr_carea' id='block_1_4' title="bbox 273 475 1876 552">
    <p class='ocr_par' dir='ltr' id='par_1_4' title="bbox 273 475 1852 552">
     <span class='ocr_line' id='line_1_4' title="bbox 273 475 1852 552; baseline 0 -20"><span class='ocrx_word' id='word_1_7' title='bbox 273 475 527 547; x_wconf 73' lang='grc' dir='ltr'>ληφθεὶς,</span> <span class='ocrx_word' id='word_1_8' title='bbox 557 476 655 548; x_wconf 76' lang='grc' dir='ltr'>τῆς</span> <span class='ocrx_word' id='word_1_9' title='bbox 685 478 743 532; x_wconf 84' lang='grc' dir='ltr'><strong>ἐν</strong></span> <span class='ocrx_word' id='word_1_10' title='bbox 774 480 1129 551; x_wconf 80' lang='grc' dir='ltr'>Ταρακηναίς</span> <span class='ocrx_word' id='word_1_11' title='bbox 1157 480 1461 552; x_wconf 75' lang='grc' dir='ltr'><strong>ἐκκλησίας</strong></span> <span class='ocrx_word' id='word_1_12' title='bbox 1492 481 1591 552; x_wconf 78' lang='grc' dir='ltr'>τὴν</span> <span class='ocrx_word' id='word_1_13' title='bbox 1628 484 1852 552; x_wconf 74' lang='grc' dir='ltr'>ἐπιτρο-</span> 
     </span>
    </p>
   </div>
   <div class='ocr_carea' id='block_1_5' title="bbox 1977 475 3545 552">
    <p class='ocr_par' dir='ltr' id='par_1_5' title="bbox 1977 476 3545 543">
     <span class='ocr_line' id='line_1_5' title="bbox 1977 476 3545 543; baseline -0.004 -7"><span class='ocrx_word' id='word_1_14' title='bbox 1977 490 2110 538; x_wconf 81' lang='lat' dir='ltr'><strong>-ecte</strong></span> <span class='ocrx_word' id='word_1_15' title='bbox 2145 481 2214 538; x_wconf 89' lang='lat' dir='ltr'><strong>de</strong></span> <span class='ocrx_word' id='word_1_16' title='bbox 2244 482 2484 538; x_wconf 77' lang='lat' dir='ltr'><strong>Nicaenis</strong></span> <span class='ocrx_word' id='word_1_17' title='bbox 2514 480 2757 538; x_wconf 75' lang='lat' dir='ltr'><strong>decretis</strong></span> <span class='ocrx_word' id='word_1_18' title='bbox 2788 478 3104 543; x_wconf 86' lang='lat' dir='ltr'><strong>sentientis,</strong></span> <span class='ocrx_word' id='word_1_19' title='bbox 3137 476 3366 532; x_wconf 80' lang='lat' dir='ltr'><strong>insidias</strong></span> <span class='ocrx_word' id='word_1_20' title='bbox 3398 476 3545 530; x_wconf 78' lang='lat' dir='ltr'><strong>reri-</strong></span> 
     </span>
    </p>
   </div>
   <div class='ocr_carea' id='block_1_6' title="bbox 276 568 1849 643">
    <p class='ocr_par' dir='ltr' id='par_1_6' title="bbox 276 568 1849 643">
     <span class='ocr_line' id='line_1_6' title="bbox 276 568 1849 643; baseline 0.004 -23"><span class='ocrx_word' id='word_1_21' title='bbox 276 568 385 638; x_wconf 81' lang='grc' dir='ltr'>πὴν</span> <span class='ocrx_word' id='word_1_22' title='bbox 413 568 593 640; x_wconf 80' lang='grc' dir='ltr'>ἔσχεν.</span> <span class='ocrx_word' id='word_1_23' title='bbox 640 571 763 624; x_wconf 80' lang='grc' dir='ltr'><strong>Ἐπὶ</strong></span> <span class='ocrx_word' id='word_1_24' title='bbox 793 572 947 627; x_wconf 85' lang='grc' dir='ltr'>τόσον</span> <span class='ocrx_word' id='word_1_25' title='bbox 977 572 1034 626; x_wconf 75' lang='grc' dir='ltr'><strong>δὲ</strong></span> <span class='ocrx_word' id='word_1_26' title='bbox 1065 575 1180 636; x_wconf 84' lang='grc' dir='ltr'>τοῖς</span> <span class='ocrx_word' id='word_1_27' title='bbox 1221 573 1389 638; x_wconf 87' lang='grc' dir='ltr'>θείοις</span> <span class='ocrx_word' id='word_1_28' title='bbox 1422 572 1849 643; x_wconf 77' lang='grc' dir='ltr'>ἐναγλαῖσθῆναι</span> 
     </span>
    </p>
   </div>
   <div class='ocr_carea' id='block_1_7' title="bbox 274 658 1853 738">
    <p class='ocr_par' dir='ltr' id='par_1_7' title="bbox 274 658 1853 738">
     <span class='ocr_line' id='line_1_7' title="bbox 274 658 1853 738; baseline 0.003 -25"><span class='ocrx_word' id='word_1_29' title='bbox 274 658 492 732; x_wconf 76' lang='grc' dir='ltr'>δώροις,</span> <span class='ocrx_word' id='word_1_30' title='bbox 525 662 602 726; x_wconf 87' lang='grc' dir='ltr'>ὡς</span> <span class='ocrx_word' id='word_1_31' title='bbox 628 663 725 717; x_wconf 77' lang='grc' dir='ltr'>καὶ</span> <span class='ocrx_word' id='word_1_32' title='bbox 750 664 964 735; x_wconf 77' lang='grc' dir='ltr'><strong>νεκροῖς</strong></span> <span class='ocrx_word' id='word_1_33' title='bbox 1010 663 1277 735; x_wconf 78' lang='grc' dir='ltr'>παρέχειν</span> <span class='ocrx_word' id='word_1_34' title='bbox 1305 667 1366 719; x_wconf 82' lang='grc' dir='ltr'><strong>τὸ</strong></span> <span class='ocrx_word' id='word_1_35' title='bbox 1390 666 1514 738; x_wconf 75' lang='grc' dir='ltr'><strong>ζῇν.</strong></span> <span class='ocrx_word' id='word_1_36' title='bbox 1547 662 1765 735; x_wconf 77' lang='grc' dir='ltr'>Τέρατα</span> <span class='ocrx_word' id='word_1_37' title='bbox 1794 665 1853 718; x_wconf 68' lang='grc' dir='ltr'><strong>δὲ</strong></span> 
     </span>
    </p>
   </div>
   <div class='ocr_carea' id='block_1_8' title="bbox 278 754 1855 828">
    <p class='ocr_par' dir='ltr' id='par_1_8' title="bbox 278 754 1855 828">
     <span class='ocr_line' id='line_1_8' title="bbox 278 754 1855 828; baseline 0.003 -23"><span class='ocrx_word' id='word_1_38' title='bbox 278 756 378 807; x_wconf 77' lang='grc' dir='ltr'><strong>καὶ</strong></span> <span class='ocrx_word' id='word_1_39' title='bbox 409 756 613 823; x_wconf 84' lang='grc' dir='ltr'>σημεῖα</span> <span class='ocrx_word' id='word_1_40' title='bbox 647 755 878 810; x_wconf 82' lang='grc' dir='ltr'>πλεῖστα</span> <span class='ocrx_word' id='word_1_41' title='bbox 925 756 1262 822; x_wconf 75' lang='grc' dir='ltr'><strong>ἐπιτελέσαι,</strong></span> <span class='ocrx_word' id='word_1_42' title='bbox 1294 759 1355 813; x_wconf 85' lang='grc' dir='ltr'><strong>ού</strong></span> <span class='ocrx_word' id='word_1_43' title='bbox 1390 757 1547 828; x_wconf 82' lang='grc' dir='ltr'><strong>παρὰ</strong></span> <span class='ocrx_word' id='word_1_44' title='bbox 1581 756 1715 813; x_wconf 76' lang='grc' dir='ltr'>πολὺ</span> <span class='ocrx_word' id='word_1_45' title='bbox 1742 754 1855 809; x_wconf 84' lang='grc' dir='ltr'><strong>τῶν</strong></span> 
     </span>
    </p>
   </div>
   <div class='ocr_carea' id='block_1_9' title="bbox 281 845 1856 920">
    <p class='ocr_par' dir='ltr' id='par_1_9' title="bbox 281 845 1856 920">
     <span class='ocr_line' id='line_1_9' title="bbox 281 845 1856 920; baseline 0.003 -23"><span class='ocrx_word' id='word_1_46' title='bbox 281 845 655 899; x_wconf 69' lang='grc' dir='ltr'>ἀποπολικῶν</span> <span class='ocrx_word' id='word_1_47' title='bbox 701 848 1021 903; x_wconf 83' lang='grc' dir='ltr'>ἀποδέοντα.</span> <span class='ocrx_word' id='word_1_48' title='bbox 1066 850 1223 905; x_wconf 82' lang='grc' dir='ltr'>Κατὰ</span> <span class='ocrx_word' id='word_1_49' title='bbox 1273 850 1338 920; x_wconf 79' lang='grc' dir='ltr'><strong>δὴ</strong></span> <span class='ocrx_word' id='word_1_50' title='bbox 1395 850 1485 903; x_wconf 83' lang='grc' dir='ltr'><strong>τὸν</strong></span> <span class='ocrx_word' id='word_1_51' title='bbox 1542 848 1708 905; x_wconf 74' lang='grc' dir='ltr'>αὐτὸν</span> <span class='ocrx_word' id='word_1_52' title='bbox 1756 848 1856 902; x_wconf 77' lang='grc' dir='ltr'>καὶ</span> 
     </span>
    </p>
   </div>
   <div class='ocr_carea' id='block_1_10' title="bbox 282 937 1856 1012">
    <p class='ocr_par' dir='ltr' id='par_1_10' title="bbox 282 937 1856 1012">
     <span class='ocr_line' id='line_1_10' title="bbox 282 937 1856 1012; baseline 0.003 -25"><span class='ocrx_word' id='word_1_53' title='bbox 282 937 471 1005; x_wconf 64' lang='grc' dir='ltr'>χρόνον</span> <span class='ocrx_word' id='word_1_54' title='bbox 497 937 594 992; x_wconf 75' lang='grc' dir='ltr'>καὶ</span> <span class='ocrx_word' id='word_1_55' title='bbox 642 939 807 994; x_wconf 86' lang='grc' dir='ltr'><strong>τόπον</strong></span> <span class='ocrx_word' id='word_1_56' title='bbox 854 942 1210 1012; x_wconf 89' lang='grc' dir='ltr'>συνακμάσαι</span> <span class='ocrx_word' id='word_1_57' title='bbox 1262 943 1356 996; x_wconf 78' lang='grc' dir='ltr'>καὶ</span> <span class='ocrx_word' id='word_1_58' title='bbox 1419 942 1653 1012; x_wconf 80' lang='grc' dir='ltr'>Ἱλάριον</span> <span class='ocrx_word' id='word_1_59' title='bbox 1695 941 1856 1008; x_wconf 80' lang='grc' dir='ltr'><strong>λόγος</strong></span> 
     </span>
    </p>
   </div>
   <div class='ocr_carea' id='block_1_11' title="bbox 282 1031 1858 1105">
    <p class='ocr_par' dir='ltr' id='par_1_11' title="bbox 282 1031 1858 1105">
     <span class='ocr_line' id='line_1_11' title="bbox 282 1031 1858 1105; baseline 0.004 -25"><span class='ocrx_word' id='word_1_60' title='bbox 282 1031 508 1097; x_wconf 80' lang='grc' dir='ltr'>ἐκεῖνον,</span> <span class='ocrx_word' id='word_1_61' title='bbox 540 1031 685 1085; x_wconf 82' lang='grc' dir='ltr'>θεῖόν</span> <span class='ocrx_word' id='word_1_62' title='bbox 723 1051 844 1088; x_wconf 72' lang='grc' dir='ltr'>τινα</span> <span class='ocrx_word' id='word_1_63' title='bbox 877 1035 1068 1105; x_wconf 69' lang='grc' dir='ltr'>ἄνδρα,</span> <span class='ocrx_word' id='word_1_64' title='bbox 1100 1035 1158 1098; x_wconf 82' lang='grc' dir='ltr'>ὃς</span> <span class='ocrx_word' id='word_1_65' title='bbox 1187 1035 1428 1105; x_wconf 81' lang='grc' dir='ltr'>ὁπηνίκα</span> <span class='ocrx_word' id='word_1_66' title='bbox 1470 1038 1662 1105; x_wconf 82' lang='grc' dir='ltr'>φεύγοι</span> <span class='ocrx_word' id='word_1_67' title='bbox 1699 1036 1858 1104; x_wconf 82' lang='grc' dir='ltr'>Μαρ-</span> 
     </span>
    </p>
   </div>
   <div class='ocr_carea' id='block_1_12' title="bbox 282 1123 1859 1196">
    <p class='ocr_par' dir='ltr' id='par_1_12' title="bbox 282 1123 1859 1196">
     <span class='ocr_line' id='line_1_12' title="bbox 282 1123 1859 1196; baseline 0.003 -22"><span class='ocrx_word' id='word_1_68' title='bbox 282 1124 454 1188; x_wconf 85' lang='grc' dir='ltr'>τῖνος,</span> <span class='ocrx_word' id='word_1_69' title='bbox 478 1123 584 1176; x_wconf 84' lang='grc' dir='ltr'><strong>τῶν</strong></span> <span class='ocrx_word' id='word_1_70' title='bbox 614 1125 747 1178; x_wconf 85' lang='grc' dir='ltr'>ίσων</span> <span class='ocrx_word' id='word_1_71' title='bbox 778 1127 872 1180; x_wconf 73' lang='grc' dir='ltr'><strong>καὶ</strong></span> <span class='ocrx_word' id='word_1_72' title='bbox 903 1128 1065 1190; x_wconf 75' lang='grc' dir='ltr'>αὐτὸς</span> <span class='ocrx_word' id='word_1_73' title='bbox 1097 1128 1380 1181; x_wconf 73' lang='grc' dir='ltr'><strong>ἐκοινώνει</strong></span> <span class='ocrx_word' id='word_1_74' title='bbox 1412 1127 1621 1191; x_wconf 81' lang='grc' dir='ltr'><strong>κακῶν,</strong></span> <span class='ocrx_word' id='word_1_75' title='bbox 1657 1127 1754 1181; x_wconf 73' lang='grc' dir='ltr'><strong>ἅτε</strong></span> <span class='ocrx_word' id='word_1_76' title='bbox 1791 1125 1859 1196; x_wconf 82' lang='grc' dir='ltr'><strong>δὴ</strong></span> 
     </span>
    </p>
   </div>
   <div class='ocr_carea' id='block_1_13' title="bbox 283 1213 1859 1289">
    <p class='ocr_par' dir='ltr' id='par_1_13' title="bbox 283 1213 1859 1289">
     <span class='ocr_line' id='line_1_13' title="bbox 283 1213 1859 1289; baseline 0.004 -24"><span class='ocrx_word' id='word_1_77' title='bbox 283 1213 431 1283; x_wconf 77' lang='grc' dir='ltr'>ὑπὲρ</span> <span class='ocrx_word' id='word_1_78' title='bbox 475 1214 574 1283; x_wconf 78' lang='grc' dir='ltr'>τῆς</span> <span class='ocrx_word' id='word_1_79' title='bbox 622 1217 862 1281; x_wconf 80' lang='grc' dir='ltr'>πίστεως</span> <span class='ocrx_word' id='word_1_80' title='bbox 908 1218 1004 1270; x_wconf 87' lang='grc' dir='ltr'>τοῦ</span> <span class='ocrx_word' id='word_1_81' title='bbox 1054 1220 1169 1273; x_wconf 87' lang='grc' dir='ltr'>ίσου</span> <span class='ocrx_word' id='word_1_82' title='bbox 1218 1218 1387 1289; x_wconf 81' lang='grc' dir='ltr'><strong>ζήλου</strong></span> <span class='ocrx_word' id='word_1_83' title='bbox 1445 1218 1708 1289; x_wconf 78' lang='grc' dir='ltr'><strong>μετέχων.</strong></span> <span class='ocrx_word' id='word_1_84' title='bbox 1745 1217 1859 1286; x_wconf 79' lang='grc' dir='ltr'>Τῆς</span> 
     </span>
    </p>
   </div>
   <div class='ocr_carea' id='block_1_14' title="bbox 287 1304 1858 1380">
    <p class='ocr_par' dir='ltr' id='par_1_14' title="bbox 287 1304 1858 1380">
     <span class='ocr_line' id='line_1_14' title="bbox 287 1304 1858 1380; baseline 0.005 -25"><span class='ocrx_word' id='word_1_85' title='bbox 287 1304 608 1359; x_wconf 76' lang='grc' dir='ltr'>Ποικτάϐων</span> <span class='ocrx_word' id='word_1_86' title='bbox 652 1305 698 1359; x_wconf 86' lang='grc' dir='ltr'><strong>δ’</strong></span> <span class='ocrx_word' id='word_1_87' title='bbox 739 1308 1040 1379; x_wconf 75' lang='grc' dir='ltr'><strong>ἐκκλησίας</strong></span> <span class='ocrx_word' id='word_1_88' title='bbox 1085 1309 1181 1364; x_wconf 73' lang='grc' dir='ltr'>καὶ</span> <span class='ocrx_word' id='word_1_89' title='bbox 1228 1308 1384 1374; x_wconf 77' lang='grc' dir='ltr'>οὗτος</span> <span class='ocrx_word' id='word_1_90' title='bbox 1415 1310 1686 1380; x_wconf 78' lang='grc' dir='ltr'>ἡγήσατο.</span> <span class='ocrx_word' id='word_1_91' title='bbox 1719 1306 1858 1378; x_wconf 79' lang='grc' dir='ltr'>Παρ’</span> 
     </span>
    </p>
   </div>
   <div class='ocr_carea' id='block_1_15' title="bbox 300 1396 1861 1467">
    <p class='ocr_par' dir='ltr' id='par_1_15' title="bbox 300 1396 1861 1467">
     <span class='ocr_line' id='line_1_15' title="bbox 300 1396 1861 1467; baseline 0.003 -19"><span class='ocrx_word' id='word_1_92' title='bbox 300 1396 523 1460; x_wconf 63' lang='grc' dir='ltr'>Ἰταλοῖς</span> <span class='ocrx_word' id='word_1_93' title='bbox 572 1399 627 1450; x_wconf 84' lang='grc' dir='ltr'>δὲ</span> <span class='ocrx_word' id='word_1_94' title='bbox 677 1402 913 1464; x_wconf 74' lang='grc' dir='ltr'>καὶτοῖς</span> <span class='ocrx_word' id='word_1_95' title='bbox 963 1402 1220 1457; x_wconf 79' lang='grc' dir='ltr'><strong>ἐπέκεινα</strong></span> <span class='ocrx_word' id='word_1_96' title='bbox 1254 1402 1445 1467; x_wconf 85' lang='grc' dir='ltr'><strong>τόποις</strong></span> <span class='ocrx_word' id='word_1_97' title='bbox 1475 1401 1734 1463; x_wconf 77' lang='grc' dir='ltr'>Εὐσέϐιος</span> <span class='ocrx_word' id='word_1_98' title='bbox 1765 1400 1861 1455; x_wconf 75' lang='grc' dir='ltr'><strong>καὶ</strong></span> 
     </span>
    </p>
   </div>
   <div class='ocr_carea' id='block_1_16' title="bbox 286 1486 1859 1566">
    <p class='ocr_par' dir='ltr' id='par_1_16' title="bbox 286 1486 1859 1566">
     <span class='ocr_line' id='line_1_16' title="bbox 286 1486 1859 1566; baseline 0.004 -29"><span class='ocrx_word' id='word_1_99' title='bbox 286 1486 567 1559; x_wconf 82' lang='grc' dir='ltr'>Λουκίφερ</span> <span class='ocrx_word' id='word_1_100' title='bbox 624 1489 924 1559; x_wconf 80' lang='grc' dir='ltr'>διέπρεπον</span> <span class='ocrx_word' id='word_1_101' title='bbox 985 1493 1073 1546; x_wconf 79' lang='grc' dir='ltr'>ἐπ’</span> <span class='ocrx_word' id='word_1_102' title='bbox 1126 1495 1296 1566; x_wconf 84' lang='grc' dir='ltr'>ἀρετῇ</span> <span class='ocrx_word' id='word_1_103' title='bbox 1359 1493 1608 1563; x_wconf 88' lang='grc' dir='ltr'>πατρίων</span> <span class='ocrx_word' id='word_1_104' title='bbox 1659 1491 1859 1560; x_wconf 87' lang='grc' dir='ltr'>λόγων,</span> 
     </span>
    </p>
   </div>
   <div class='ocr_carea' id='block_1_17' title="bbox 290 1577 1864 1656">
    <p class='ocr_par' dir='ltr' id='par_1_17' title="bbox 290 1577 1864 1656">
     <span class='ocr_line' id='line_1_17' title="bbox 290 1577 1864 1656; baseline 0.004 -26"><span class='ocrx_word' id='word_1_105' title='bbox 290 1577 488 1647; x_wconf 76' lang='grc' dir='ltr'>μηδενὶ</span> <span class='ocrx_word' id='word_1_106' title='bbox 518 1580 608 1633; x_wconf 80' lang='grc' dir='ltr'><strong>τὸν</strong></span> <span class='ocrx_word' id='word_1_107' title='bbox 637 1582 751 1635; x_wconf 70' lang='lat' dir='ltr'><strong>[Iov</strong></span> <span class='ocrx_word' id='word_1_108' title='bbox 781 1583 949 1637; x_wconf 83' lang='grc' dir='ltr'>τόπον</span> <span class='ocrx_word' id='word_1_109' title='bbox 984 1585 1202 1651; x_wconf 82' lang='grc' dir='ltr'>ἐῶντες.</span> <span class='ocrx_word' id='word_1_110' title='bbox 1252 1587 1483 1656; x_wconf 80' lang='grc' dir='ltr'>ἰλάριος</span> <span class='ocrx_word' id='word_1_111' title='bbox 1514 1585 1571 1640; x_wconf 78' lang='grc' dir='ltr'>δὲ</span> <span class='ocrx_word' id='word_1_112' title='bbox 1606 1586 1700 1638; x_wconf 69' lang='grc' dir='ltr'><strong>καὶ</strong></span> <span class='ocrx_word' id='word_1_113' title='bbox 1735 1585 1864 1655; x_wconf 78' lang='grc' dir='ltr'>περὶ</span> 
     </span>
    </p>
   </div>
   <div class='ocr_carea' id='block_1_18' title="bbox 288 1671 1868 1750">
    <p class='ocr_par' dir='ltr' id='par_1_18' title="bbox 288 1671 1868 1750">
     <span class='ocr_line' id='line_1_18' title="bbox 288 1671 1868 1750; baseline 0.01 -30"><span class='ocrx_word' id='word_1_114' title='bbox 288 1671 526 1736; x_wconf 73' lang='grc' dir='ltr'>πίστεως</span> <span class='ocrx_word' id='word_1_115' title='bbox 557 1674 651 1727; x_wconf 61' lang='grc' dir='ltr'><strong>καὶ⁸</strong></span> <span class='ocrx_word' id='word_1_116' title='bbox 696 1677 842 1731; x_wconf 87' lang='grc' dir='ltr'>κατά</span> <span class='ocrx_word' id='word_1_117' title='bbox 875 1695 1027 1742; x_wconf 88' lang='grc' dir='ltr'>τινας</span> <span class='ocrx_word' id='word_1_118' title='bbox 1055 1678 1313 1750; x_wconf 83' lang='grc' dir='ltr'>ἀλλότρια</span> <span class='ocrx_word' id='word_1_119' title='bbox 1344 1678 1439 1734; x_wconf 84' lang='grc' dir='ltr'>τοῦ</span> <span class='ocrx_word' id='word_1_120' title='bbox 1488 1679 1675 1747; x_wconf 81' lang='grc' dir='ltr'><strong>ὑγιοῦς</strong></span> <span class='ocrx_word' id='word_1_121' title='bbox 1713 1677 1868 1742; x_wconf 76' lang='grc' dir='ltr'>δοξά-</span> 
     </span>
    </p>
   </div>
   <div class='ocr_carea' id='block_1_19' title="bbox 292 1759 1865 1837">
    <p class='ocr_par' dir='ltr' id='par_1_19' title="bbox 292 1759 1865 1837">
     <span class='ocr_line' id='line_1_19' title="bbox 292 1759 1865 1837; baseline -0.002 -16"><span class='ocrx_word' id='word_1_122' title='bbox 292 1759 485 1825; x_wconf 67' lang='grc' dir='ltr'><strong>ζοντας</strong></span> <span class='ocrx_word' id='word_1_123' title='bbox 528 1763 796 1837; x_wconf 58' lang='grc' dir='ltr'>δόγματος</span> <span class='ocrx_word' id='word_1_124' title='bbox 845 1766 1037 1834; x_wconf 84' lang='grc' dir='ltr'>λόγους</span> <span class='ocrx_word' id='word_1_125' title='bbox 1068 1769 1206 1823; x_wconf 78' lang='grc' dir='ltr'>πολὺ</span> <span class='ocrx_word' id='word_1_126' title='bbox 1238 1769 1300 1822; x_wconf 80' lang='grc' dir='ltr'>τὸ</span> <span class='ocrx_word' id='word_1_127' title='bbox 1338 1768 1632 1837; x_wconf 79' lang='grc' dir='ltr'>ἐπαγωγὸν</span> <span class='ocrx_word' id='word_1_128' title='bbox 1663 1768 1865 1837; x_wconf 85' lang='grc' dir='ltr'>προϐε-</span> 
     </span>
    </p>
   </div>
   <div class='ocr_carea' id='block_1_20' title="bbox 1957 569 3540 640">
    <p class='ocr_par' dir='ltr' id='par_1_20' title="bbox 1957 569 3540 640">
     <span class='ocr_line' id='line_1_20' title="bbox 1957 569 3540 640; baseline -0.001 -13"><span class='ocrx_word' id='word_1_129' title='bbox 1957 582 2083 640; x_wconf 89' lang='lat' dir='ltr'><strong>tus,</strong></span> <span class='ocrx_word' id='word_1_130' title='bbox 2134 574 2387 629; x_wconf 79' lang='lat' dir='ltr'><strong>discessit</strong></span> <span class='ocrx_word' id='word_1_131' title='bbox 2419 590 2434 628; x_wconf 88' lang='lat'><strong>:</strong></span> <span class='ocrx_word' id='word_1_132' title='bbox 2467 583 2523 629; x_wconf 86' lang='lat' dir='ltr'><strong>et</strong></span> <span class='ocrx_word' id='word_1_133' title='bbox 2553 588 2611 628; x_wconf 91' lang='lat' dir='ltr'><strong>se</strong></span> <span class='ocrx_word' id='word_1_134' title='bbox 2648 573 2704 628; x_wconf 89' lang='lat' dir='ltr'><strong>in</strong></span> <span class='ocrx_word' id='word_1_135' title='bbox 2742 573 2979 628; x_wconf 79' lang='lat' dir='ltr'><strong>insulam</strong></span> <span class='ocrx_word' id='word_1_136' title='bbox 3024 569 3316 640; x_wconf 77' lang='lat' dir='ltr'><strong>quamdam</strong></span> <span class='ocrx_word' id='word_1_137' title='bbox 3337 607 3352 633; x_wconf 91' lang='lat'><strong>,</strong></span> <span class='ocrx_word' id='word_1_138' title='bbox 3379 569 3540 639; x_wconf 75' lang='lat'><strong>71],</strong></span> 
     </span>
    </p>
   </div>
   <div class='ocr_carea' id='block_1_21' title="bbox 1955 661 3542 735">
    <p class='ocr_par' dir='ltr' id='par_1_21' title="bbox 1955 661 3542 735">
     <span class='ocr_line' id='line_1_21' title="bbox 1955 661 3542 735; baseline -0.006 -14"><span class='ocrx_word' id='word_1_139' title='bbox 1955 680 2077 735; x_wconf 69' lang='lat' dir='ltr'><strong>qua:</strong></span> <span class='ocrx_word' id='word_1_140' title='bbox 2130 667 2426 723; x_wconf 85' lang='lat' dir='ltr'><strong>vernaculo</strong></span> <span class='ocrx_word' id='word_1_141' title='bbox 2478 669 2703 722; x_wconf 79' lang='lat' dir='ltr'><strong>nomine</strong></span> <span class='ocrx_word' id='word_1_142' title='bbox 2753 665 3039 721; x_wconf 84' lang='lat' dir='ltr'><strong>Galinaria</strong></span> <span class='ocrx_word' id='word_1_143' title='bbox 3095 664 3171 732; x_wconf 85' lang='lat' dir='ltr'><strong>(l)</strong></span> <span class='ocrx_word' id='word_1_144' title='bbox 3230 661 3542 724; x_wconf 76' lang='lat' dir='ltr'><strong>dicebatur,</strong></span> 
     </span>
    </p>
   </div>
   <div class='ocr_carea' id='block_1_22' title="bbox 1956 752 3542 815">
    <p class='ocr_par' dir='ltr' id='par_1_22' title="bbox 1956 752 3542 815">
     <span class='ocr_line' id='line_1_22' title="bbox 1956 752 3542 815; baseline -0.004 -3"><span class='ocrx_word' id='word_1_145' title='bbox 1956 757 2188 813; x_wconf 92' lang='lat' dir='ltr'><strong>abdidit.</strong></span> <span class='ocrx_word' id='word_1_146' title='bbox 2223 759 2284 814; x_wconf 86' lang='lat' dir='ltr'><strong>In</strong></span> <span class='ocrx_word' id='word_1_147' title='bbox 2318 759 2421 815; x_wconf 88' lang='lat' dir='ltr'><strong>hac</strong></span> <span class='ocrx_word' id='word_1_148' title='bbox 2458 760 2721 814; x_wconf 90' lang='lat' dir='ltr'><strong>alimento</strong></span> <span class='ocrx_word' id='word_1_149' title='bbox 2762 757 3010 813; x_wconf 82' lang='lat' dir='ltr'><strong>radicum</strong></span> <span class='ocrx_word' id='word_1_150' title='bbox 3048 754 3346 810; x_wconf 83' lang='lat' dir='ltr'><strong>herbarum</strong></span> <span class='ocrx_word' id='word_1_151' title='bbox 3384 752 3542 806; x_wconf 70' lang='lat' dir='ltr'><strong>vixit.</strong></span> 
     </span>
    </p>
   </div>
   <div class='ocr_carea' id='block_1_23' title="bbox 1958 846 3545 923">
    <p class='ocr_par' dir='ltr' id='par_1_23' title="bbox 1958 846 3545 923">
     <span class='ocr_line' id='line_1_23' title="bbox 1958 846 3545 923; baseline -0.004 -18"><span class='ocrx_word' id='word_1_152' title='bbox 1958 850 2141 907; x_wconf 84' lang='lat' dir='ltr'><strong>Insula</strong></span> <span class='ocrx_word' id='word_1_153' title='bbox 2169 860 2356 909; x_wconf 86' lang='lat' dir='ltr'><strong>autem</strong></span> <span class='ocrx_word' id='word_1_154' title='bbox 2383 853 2503 923; x_wconf 89' lang='lat' dir='ltr'><strong>ipsa</strong></span> <span class='ocrx_word' id='word_1_155' title='bbox 2527 853 2724 923; x_wconf 75' lang='lat' dir='ltr'><strong>exigua</strong></span> <span class='ocrx_word' id='word_1_156' title='bbox 2751 850 3052 906; x_wconf 82' lang='lat' dir='ltr'><strong>admodum</strong></span> <span class='ocrx_word' id='word_1_157' title='bbox 3079 856 3187 912; x_wconf 90' lang='lat' dir='ltr'><strong>est,</strong></span> <span class='ocrx_word' id='word_1_158' title='bbox 3216 855 3273 902; x_wconf 90' lang='lat' dir='ltr'><strong>et</strong></span> <span class='ocrx_word' id='word_1_159' title='bbox 3296 846 3545 902; x_wconf 66' lang='lat' dir='ltr'><strong>aediliciis</strong></span> 
     </span>
    </p>
   </div>
   <div class='ocr_carea' id='block_1_24' title="bbox 1957 936 3545 1015">
    <p class='ocr_par' dir='ltr' id='par_1_24' title="bbox 1957 936 3545 1015">
     <span class='ocr_line' id='line_1_24' title="bbox 1957 936 3545 1015; baseline -0.006 -16"><span class='ocrx_word' id='word_1_160' title='bbox 1957 958 2175 1007; x_wconf 88' lang='lat' dir='ltr'><strong>carens,</strong></span> <span class='ocrx_word' id='word_1_161' title='bbox 2213 943 2565 1015; x_wconf 86' lang='lat' dir='ltr'><strong>Tyrrhenum</strong></span> <span class='ocrx_word' id='word_1_162' title='bbox 2609 942 2921 1012; x_wconf 89' lang='lat' dir='ltr'><strong>respiciens</strong></span> <span class='ocrx_word' id='word_1_163' title='bbox 2972 956 3143 995; x_wconf 90' lang='lat' dir='ltr'><strong>mare.</strong></span> <span class='ocrx_word' id='word_1_164' title='bbox 3187 938 3370 1007; x_wconf 82' lang='lat' dir='ltr'><strong>Atque</strong></span> <span class='ocrx_word' id='word_1_165' title='bbox 3414 936 3545 990; x_wconf 87' lang='lat' dir='ltr'><strong>inde</strong></span> 
     </span>
    </p>
   </div>
   <div class='ocr_carea' id='block_1_25' title="bbox 1959 1026 3546 1099">
    <p class='ocr_par' dir='ltr' id='par_1_25' title="bbox 1959 1026 3546 1099">
     <span class='ocr_line' id='line_1_25' title="bbox 1959 1026 3546 1099; baseline -0.006 -10"><span class='ocrx_word' id='word_1_166' title='bbox 1959 1035 2254 1099; x_wconf 84' lang='lat' dir='ltr'><strong>abductus,</strong></span> <span class='ocrx_word' id='word_1_167' title='bbox 2283 1033 2824 1089; x_wconf 80' lang='lat' dir='ltr'><strong>administrationem</strong></span> <span class='ocrx_word' id='word_1_168' title='bbox 2856 1031 3107 1087; x_wconf 75' lang='lat' dir='ltr'><strong>eccleSiae</strong></span> <span class='ocrx_word' id='word_1_169' title='bbox 3146 1026 3546 1085; x_wconf 87' lang='lat' dir='ltr'><strong>Taracenensis</strong></span> 
     </span>
    </p>
   </div>
   <div class='ocr_carea' id='block_1_26' title="bbox 1958 1124 3546 1197">
    <p class='ocr_par' dir='ltr' id='par_1_26' title="bbox 1958 1124 3546 1197">
     <span class='ocr_line' id='line_1_26' title="bbox 1958 1124 3546 1197; baseline -0.004 -18"><span class='ocrx_word' id='word_1_170' title='bbox 1958 1128 2047 1182; x_wconf 87' lang='lat' dir='ltr'><strong>vel</strong></span> <span class='ocrx_word' id='word_1_171' title='bbox 2092 1127 2281 1197; x_wconf 87' lang='lat' dir='ltr'><strong>potius</strong></span> <span class='ocrx_word' id='word_1_172' title='bbox 2326 1126 2669 1181; x_wconf 86' lang='lat' dir='ltr'><strong>Turonensis</strong></span> <span class='ocrx_word' id='word_1_173' title='bbox 2715 1124 2981 1193; x_wconf 79' lang='lat' dir='ltr'><strong>suscepit.</strong></span> <span class='ocrx_word' id='word_1_174' title='bbox 3039 1125 3099 1177; x_wconf 87' lang='lat' dir='ltr'><strong>lu</strong></span> <span class='ocrx_word' id='word_1_175' title='bbox 3155 1130 3369 1176; x_wconf 89' lang='lat' dir='ltr'><strong>tantum</strong></span> <span class='ocrx_word' id='word_1_176' title='bbox 3415 1134 3546 1173; x_wconf 89' lang='lat' dir='ltr'><strong>vero</strong></span> 
     </span>
    </p>
   </div>
   <div class='ocr_carea' id='block_1_27' title="bbox 1962 1211 3547 1288">
    <p class='ocr_par' dir='ltr' id='par_1_27' title="bbox 1962 1211 3547 1288">
     <span class='ocr_line' id='line_1_27' title="bbox 1962 1211 3547 1288; baseline -0.008 -14"><span class='ocrx_word' id='word_1_177' title='bbox 1962 1218 2163 1274; x_wconf 80' lang='lat' dir='ltr'><strong>divinis</strong></span> <span class='ocrx_word' id='word_1_178' title='bbox 2195 1217 2542 1288; x_wconf 86' lang='lat' dir='ltr'><strong>resplenduit</strong></span> <span class='ocrx_word' id='word_1_179' title='bbox 2572 1216 2769 1281; x_wconf 92' lang='lat' dir='ltr'><strong>donis,</strong></span> <span class='ocrx_word' id='word_1_180' title='bbox 2807 1223 2868 1269; x_wconf 90' lang='lat' dir='ltr'><strong>ut</strong></span> <span class='ocrx_word' id='word_1_181' title='bbox 2896 1223 2953 1268; x_wconf 88' lang='lat' dir='ltr'><strong>et</strong></span> <span class='ocrx_word' id='word_1_182' title='bbox 2992 1225 3244 1267; x_wconf 89' lang='lat' dir='ltr'><strong>mortuos</strong></span> <span class='ocrx_word' id='word_1_183' title='bbox 3288 1213 3343 1264; x_wconf 92' lang='lat' dir='ltr'><strong>in</strong></span> <span class='ocrx_word' id='word_1_184' title='bbox 3376 1211 3547 1264; x_wconf 88' lang='lat' dir='ltr'><strong>vitam</strong></span> 
     </span>
    </p>
   </div>
   <div class='ocr_carea' id='block_1_28' title="bbox 1962 1303 3549 1380">
    <p class='ocr_par' dir='ltr' id='par_1_28' title="bbox 1962 1303 3549 1380">
     <span class='ocr_line' id='line_1_28' title="bbox 1962 1303 3549 1380; baseline -0.008 -14"><span class='ocrx_word' id='word_1_185' title='bbox 1962 1310 2296 1372; x_wconf 87' lang='lat' dir='ltr'><strong>restituerit,</strong></span> <span class='ocrx_word' id='word_1_186' title='bbox 2335 1308 2703 1380; x_wconf 82' lang='lat' dir='ltr'><strong>prodigiaque</strong></span> <span class='ocrx_word' id='word_1_187' title='bbox 2736 1318 2793 1362; x_wconf 89' lang='lat' dir='ltr'><strong>et</strong></span> <span class='ocrx_word' id='word_1_188' title='bbox 2829 1305 3091 1361; x_wconf 88' lang='lat' dir='ltr'><strong>miracula</strong></span> <span class='ocrx_word' id='word_1_189' title='bbox 3128 1303 3388 1374; x_wconf 89' lang='lat' dir='ltr'><strong>plurima,</strong></span> <span class='ocrx_word' id='word_1_190' title='bbox 3424 1315 3549 1369; x_wconf 79' lang='lat' dir='ltr'><strong>qua:</strong></span> 
     </span>
    </p>
   </div>
   <div class='ocr_carea' id='block_1_29' title="bbox 1962 1393 3550 1469">
    <p class='ocr_par' dir='ltr' id='par_1_29' title="bbox 1962 1393 3550 1469">
     <span class='ocr_line' id='line_1_29' title="bbox 1962 1393 3550 1469; baseline -0.007 -13"><span class='ocrx_word' id='word_1_191' title='bbox 1962 1417 2073 1456; x_wconf 90' lang='lat' dir='ltr'><strong>non</strong></span> <span class='ocrx_word' id='word_1_192' title='bbox 2107 1401 2338 1457; x_wconf 90' lang='lat' dir='ltr'><strong>multum</strong></span> <span class='ocrx_word' id='word_1_193' title='bbox 2369 1402 2438 1456; x_wconf 92' lang='lat' dir='ltr'><strong>ab</strong></span> <span class='ocrx_word' id='word_1_194' title='bbox 2468 1400 2788 1469; x_wconf 85' lang='lat' dir='ltr'><strong>apostolicis</strong></span> <span class='ocrx_word' id='word_1_195' title='bbox 2815 1400 3080 1453; x_wconf 83' lang='lat' dir='ltr'><strong>abessent</strong></span> <span class='ocrx_word' id='word_1_196' title='bbox 3131 1395 3327 1462; x_wconf 72' lang='lat' dir='ltr'><strong>signis,</strong></span> <span class='ocrx_word' id='word_1_197' title='bbox 3361 1393 3550 1446; x_wconf 84' lang='lat' dir='ltr'><strong>edide-</strong></span> 
     </span>
    </p>
   </div>
   <div class='ocr_carea' id='block_1_30' title="bbox 1964 1484 3552 1564">
    <p class='ocr_par' dir='ltr' id='par_1_30' title="bbox 1964 1484 3552 1564">
     <span class='ocr_line' id='line_1_30' title="bbox 1964 1484 3552 1564; baseline -0.009 -13"><span class='ocrx_word' id='word_1_198' title='bbox 1964 1496 2059 1552; x_wconf 89' lang='lat' dir='ltr'><strong>rit.</strong></span> <span class='ocrx_word' id='word_1_199' title='bbox 2093 1496 2301 1551; x_wconf 85' lang='lat' dir='ltr'><strong>Eodem</strong></span> <span class='ocrx_word' id='word_1_200' title='bbox 2335 1502 2392 1549; x_wconf 88' lang='lat' dir='ltr'><strong>et</strong></span> <span class='ocrx_word' id='word_1_201' title='bbox 2419 1502 2669 1564; x_wconf 87' lang='lat' dir='ltr'><strong>tempore</strong></span> <span class='ocrx_word' id='word_1_202' title='bbox 2699 1501 2756 1546; x_wconf 91' lang='lat' dir='ltr'><strong>et</strong></span> <span class='ocrx_word' id='word_1_203' title='bbox 2785 1491 2908 1546; x_wconf 91' lang='lat' dir='ltr'><strong>loco</strong></span> <span class='ocrx_word' id='word_1_204' title='bbox 2942 1487 3104 1544; x_wconf 88' lang='lat' dir='ltr'><strong>simul</strong></span> <span class='ocrx_word' id='word_1_205' title='bbox 3142 1501 3363 1556; x_wconf 86' lang='lat' dir='ltr'><strong>quoque</strong></span> <span class='ocrx_word' id='word_1_206' title='bbox 3398 1484 3552 1537; x_wconf 81' lang='lat' dir='ltr'><strong>Hila-</strong></span> 
     </span>
    </p>
   </div>
   <div class='ocr_carea' id='block_1_31' title="bbox 1965 1577 3552 1658">
    <p class='ocr_par' dir='ltr' id='par_1_31' title="bbox 1965 1577 3552 1658">
     <span class='ocr_line' id='line_1_31' title="bbox 1965 1577 3552 1658; baseline -0.008 -16"><span class='ocrx_word' id='word_1_207' title='bbox 1965 1590 2083 1644; x_wconf 87' lang='lat' dir='ltr'><strong>rius</strong></span> <span class='ocrx_word' id='word_1_208' title='bbox 2126 1588 2216 1643; x_wconf 88' lang='lat' dir='ltr'><strong>ille</strong></span> <span class='ocrx_word' id='word_1_209' title='bbox 2280 1587 2492 1658; x_wconf 86' lang='lat' dir='ltr'><strong>viguit,</strong></span> <span class='ocrx_word' id='word_1_210' title='bbox 2540 1585 2627 1639; x_wconf 87' lang='lat' dir='ltr'><strong>vir</strong></span> <span class='ocrx_word' id='word_1_211' title='bbox 2656 1584 2913 1647; x_wconf 73' lang='lat' dir='ltr'><strong>divinus,</strong></span> <span class='ocrx_word' id='word_1_212' title='bbox 2959 1582 3052 1651; x_wconf 86' lang='lat' dir='ltr'><strong>qui</strong></span> <span class='ocrx_word' id='word_1_213' title='bbox 3103 1595 3230 1635; x_wconf 90' lang='lat' dir='ltr'><strong>eum</strong></span> <span class='ocrx_word' id='word_1_214' title='bbox 3282 1577 3552 1631; x_wconf 83' lang='lat' dir='ltr'><strong>Martinus</strong></span> 
     </span>
    </p>
   </div>
   <div class='ocr_carea' id='block_1_32' title="bbox 1967 1669 3553 1752">
    <p class='ocr_par' dir='ltr' id='par_1_32' title="bbox 1967 1669 3553 1752">
     <span class='ocr_line' id='line_1_32' title="bbox 1967 1669 3553 1752; baseline -0.009 -17"><span class='ocrx_word' id='word_1_215' title='bbox 1967 1677 2322 1752; x_wconf 79' lang='lat' dir='ltr'><strong>profugeret,</strong></span> <span class='ocrx_word' id='word_1_216' title='bbox 2374 1677 2628 1733; x_wconf 86' lang='lat' dir='ltr'><strong>eamdem</strong></span> <span class='ocrx_word' id='word_1_217' title='bbox 2679 1675 2947 1731; x_wconf 76' lang='lat' dir='ltr'><strong>suatinuit</strong></span> <span class='ocrx_word' id='word_1_218' title='bbox 2984 1673 3262 1727; x_wconf 82' lang='lat' dir='ltr'><strong>fortunam</strong></span> <span class='ocrx_word' id='word_1_219' title='bbox 3297 1686 3311 1720; x_wconf 88' lang='lat'><strong>:</strong></span> <span class='ocrx_word' id='word_1_220' title='bbox 3350 1669 3553 1738; x_wconf 85' lang='lat' dir='ltr'><strong>quippe</strong></span> 
     </span>
    </p>
   </div>
   <div class='ocr_carea' id='block_1_33' title="bbox 1969 1758 3557 1840">
    <p class='ocr_par' dir='ltr' id='par_1_33' title="bbox 1969 1758 3557 1840">
     <span class='ocr_line' id='line_1_33' title="bbox 1969 1758 3557 1840; baseline -0.006 -16"><span class='ocrx_word' id='word_1_221' title='bbox 1969 1771 2063 1840; x_wconf 87' lang='lat' dir='ltr'><strong>qui</strong></span> <span class='ocrx_word' id='word_1_222' title='bbox 2094 1770 2290 1825; x_wconf 86' lang='lat' dir='ltr'><strong>eodem</strong></span> <span class='ocrx_word' id='word_1_223' title='bbox 2328 1784 2456 1823; x_wconf 90' lang='lat' dir='ltr'><strong>cum</strong></span> <span class='ocrx_word' id='word_1_224' title='bbox 2492 1768 2587 1822; x_wconf 92' lang='lat' dir='ltr'><strong>illo</strong></span> <span class='ocrx_word' id='word_1_225' title='bbox 2624 1766 2821 1823; x_wconf 87' lang='lat' dir='ltr'><strong>ardore</strong></span> <span class='ocrx_word' id='word_1_226' title='bbox 2860 1766 2913 1819; x_wconf 91' lang='lat' dir='ltr'><strong>in</strong></span> <span class='ocrx_word' id='word_1_227' title='bbox 2954 1764 3115 1819; x_wconf 84' lang='lat' dir='ltr'><strong>fidem</strong></span> <span class='ocrx_word' id='word_1_228' title='bbox 3149 1762 3413 1817; x_wconf 85' lang='lat' dir='ltr'><strong>ferretur.</strong></span> <span class='ocrx_word' id='word_1_229' title='bbox 3455 1758 3557 1814; x_wconf 76' lang='lat' dir='ltr'><strong>llic</strong></span> 
     </span>
    </p>
   </div>
   <div class='ocr_carea' id='block_1_34' title="bbox 296 1833 1876 1930">
    <p class='ocr_par' dir='ltr' id='par_1_34' title="bbox 296 1833 1868 1930">
     <span class='ocr_line' id='line_1_34' title="bbox 296 1833 1868 1930; baseline 0.006 -28"><span class='ocrx_word' id='word_1_230' title='bbox 296 1851 597 1922; x_wconf 77' lang='grc' dir='ltr'>ϐλημένους</span> <span class='ocrx_word' id='word_1_231' title='bbox 645 1833 873 1920; x_wconf 71' lang='grc' dir='ltr'>ἐξέδοτο.</span> <span class='ocrx_word' id='word_1_232' title='bbox 915 1833 973 1914; x_wconf 83' lang='grc' dir='ltr'><strong>Ὅ</strong></span> <span class='ocrx_word' id='word_1_233' title='bbox 1014 1861 1060 1915; x_wconf 81' lang='grc' dir='ltr'>δ’</span> <span class='ocrx_word' id='word_1_234' title='bbox 1106 1861 1368 1927; x_wconf 82' lang='grc' dir='ltr'>Εὐσέϐιος</span> <span class='ocrx_word' id='word_1_235' title='bbox 1400 1833 1626 1930; x_wconf 77' lang='grc' dir='ltr'>καὶτῆς</span> <span class='ocrx_word' id='word_1_236' title='bbox 1667 1833 1868 1927; x_wconf 78' lang='grc' dir='ltr'>ἐκκλη-</span> 
     </span>
    </p>
   </div>
   <div class='ocr_carea' id='block_1_35' title="bbox 1977 1833 3557 1930">
    <p class='ocr_par' dir='ltr' id='par_1_35' title="bbox 1977 1833 3557 1929">
     <span class='ocr_line' id='line_1_35' title="bbox 1977 1833 3557 1929; baseline -0.008 -14"><span class='ocrx_word' id='word_1_237' title='bbox 1977 1833 2375 1915; x_wconf 62' lang='grc' dir='ltr'>ῥὶοισνίεηεοηι</span> <span class='ocrx_word' id='word_1_238' title='bbox 2422 1857 2754 1929; x_wconf 76' lang='lat' dir='ltr'><strong>gubernavit</strong></span> <span class='ocrx_word' id='word_1_239' title='bbox 2790 1855 3096 1910; x_wconf 85' lang='lat' dir='ltr'><strong>Ecclesiam</strong></span> <span class='ocrx_word' id='word_1_240' title='bbox 3127 1852 3229 1924; x_wconf 68' lang='grc'><strong>(2),</strong></span> <span class='ocrx_word' id='word_1_241' title='bbox 3282 1861 3446 1921; x_wconf 88' lang='lat' dir='ltr'><strong>atque</strong></span> <span class='ocrx_word' id='word_1_242' title='bbox 3487 1850 3557 1903; x_wconf 90' lang='lat' dir='ltr'><strong>de</strong></span> 
     </span>
    </p>
   </div>
   <div class='ocr_carea' id='block_1_36' title="bbox 306 1941 1868 2025">
    <p class='ocr_par' dir='ltr' id='par_1_36' title="bbox 306 1941 1868 2025">
     <span class='ocr_line' id='line_1_36' title="bbox 306 1941 1868 2025; baseline 0.014 -31"><span class='ocrx_word' id='word_1_243' title='bbox 306 1941 418 2007; x_wconf 86' lang='grc' dir='ltr'>σίας</span> <span class='ocrx_word' id='word_1_244' title='bbox 461 1945 774 2016; x_wconf 80' lang='grc' dir='ltr'>Βρεκέλλων</span> <span class='ocrx_word' id='word_1_245' title='bbox 810 1952 1077 2021; x_wconf 73' lang='grc' dir='ltr'>προέστη.</span> <span class='ocrx_word' id='word_1_246' title='bbox 1112 1953 1392 2025; x_wconf 85' lang='grc' dir='ltr'>Λουκίφερ</span> <span class='ocrx_word' id='word_1_247' title='bbox 1442 1953 1520 2020; x_wconf 75' lang='grc' dir='ltr'><strong>δὲ,</strong></span> <span class='ocrx_word' id='word_1_248' title='bbox 1550 1952 1626 2016; x_wconf 81' lang='grc' dir='ltr'>ὡς</span> <span class='ocrx_word' id='word_1_249' title='bbox 1672 1951 1868 2020; x_wconf 77' lang='grc' dir='ltr'>μικρὸν</span> 
     </span>
    </p>
   </div>
   <div class='ocr_carea' id='block_1_37' title="bbox 298 2033 1866 2116">
    <p class='ocr_par' dir='ltr' id='par_1_37' title="bbox 298 2033 1866 2116">
     <span class='ocr_line' id='line_1_37' title="bbox 298 2033 1866 2116; baseline 0.006 -28"><span class='ocrx_word' id='word_1_250' title='bbox 298 2033 604 2105; x_wconf 76' lang='grc' dir='ltr'>ἔμπροσθεν</span> <span class='ocrx_word' id='word_1_251' title='bbox 647 2038 903 2110; x_wconf 77' lang='grc' dir='ltr'>ἐροῦμεν,</span> <span class='ocrx_word' id='word_1_252' title='bbox 935 2043 1032 2095; x_wconf 80' lang='grc' dir='ltr'>καὶ</span> <span class='ocrx_word' id='word_1_253' title='bbox 1082 2043 1373 2113; x_wconf 78' lang='grc' dir='ltr'>ἐπωνύμου</span> <span class='ocrx_word' id='word_1_254' title='bbox 1429 2043 1580 2116; x_wconf 78' lang='grc' dir='ltr'>αὐτῷ</span> <span class='ocrx_word' id='word_1_255' title='bbox 1626 2043 1866 2114; x_wconf 79' lang='grc' dir='ltr'>προέστη</span> 
     </span>
    </p>
   </div>
   <div class='ocr_carea' id='block_1_38' title="bbox 295 2115 1873 2199">
    <p class='ocr_par' dir='ltr' id='par_1_38' title="bbox 295 2115 1873 2199">
     <span class='ocr_line' id='line_1_38' title="bbox 295 2115 1873 2199; baseline 0.006 -23"><span class='ocrx_word' id='word_1_256' title='bbox 295 2126 576 2197; x_wconf 73' lang='grc' dir='ltr'>αἱρέσεως.</span> <span class='ocrx_word' id='word_1_257' title='bbox 624 2129 745 2181; x_wconf 56' lang='grc' dir='ltr'><strong>Ἐπὶ⁸</strong></span> <span class='ocrx_word' id='word_1_258' title='bbox 775 2129 839 2199; x_wconf 85' lang='grc' dir='ltr'><strong>δὴ</strong></span> <span class='ocrx_word' id='word_1_259' title='bbox 888 2131 1101 2195; x_wconf 82' lang='grc' dir='ltr'>τούτοις</span> <span class='ocrx_word' id='word_1_260' title='bbox 1129 2115 1226 2186; x_wconf 56' lang='grc' dir='ltr'><strong>καί</strong></span> <span class='ocrx_word' id='word_1_261' title='bbox 1251 2133 1552 2197; x_wconf 75' lang='grc' dir='ltr'>Φλαυῖανὸς</span> <span class='ocrx_word' id='word_1_262' title='bbox 1598 2134 1695 2186; x_wconf 77' lang='grc' dir='ltr'>καὶ</span> <span class='ocrx_word' id='word_1_263' title='bbox 1728 2135 1873 2187; x_wconf 78' lang='lat' dir='ltr'><strong>[latu-</strong></span> 
     </span>
    </p>
   </div>
   <div class='ocr_carea' id='block_1_39' title="bbox 294 2219 1871 2297">
    <p class='ocr_par' dir='ltr' id='par_1_39' title="bbox 294 2219 1871 2297">
     <span class='ocr_line' id='line_1_39' title="bbox 294 2219 1871 2297; baseline 0.007 -28"><span class='ocrx_word' id='word_1_264' title='bbox 294 2219 462 2284; x_wconf 70' lang='grc' dir='ltr'>λῖνος,</span> <span class='ocrx_word' id='word_1_265' title='bbox 492 2222 542 2274; x_wconf 79' lang='grc' dir='ltr'>οἳ</span> <span class='ocrx_word' id='word_1_266' title='bbox 588 2226 727 2292; x_wconf 79' lang='grc' dir='ltr'>μετὰ</span> <span class='ocrx_word' id='word_1_267' title='bbox 775 2226 947 2280; x_wconf 76' lang='grc' dir='ltr'>ταῦτα</span> <span class='ocrx_word' id='word_1_268' title='bbox 997 2225 1090 2279; x_wconf 80' lang='grc' dir='ltr'>τὸν</span> <span class='ocrx_word' id='word_1_269' title='bbox 1139 2228 1238 2297; x_wconf 77' lang='grc' dir='ltr'>τῆς</span> <span class='ocrx_word' id='word_1_270' title='bbox 1297 2228 1631 2297; x_wconf 73' lang='grc' dir='ltr'>Ἀντιοχείας</span> <span class='ocrx_word' id='word_1_271' title='bbox 1682 2227 1871 2296; x_wconf 87' lang='grc' dir='ltr'>θρόνον</span> 
     </span>
    </p>
   </div>
   <div class='ocr_carea' id='block_1_40' title="bbox 291 2311 1870 2390">
    <p class='ocr_par' dir='ltr' id='par_1_40' title="bbox 291 2311 1870 2390">
     <span class='ocr_line' id='line_1_40' title="bbox 291 2311 1870 2390; baseline 0.003 -24"><span class='ocrx_word' id='word_1_272' title='bbox 291 2311 439 2385; x_wconf 78' lang='grc' dir='ltr'>ἦσαν</span> <span class='ocrx_word' id='word_1_273' title='bbox 486 2316 935 2387; x_wconf 67' lang='grc' dir='ltr'>διανειμάμενοι*</span> <span class='ocrx_word' id='word_1_274' title='bbox 973 2318 1071 2383; x_wconf 79' lang='grc' dir='ltr'>οὓς</span> <span class='ocrx_word' id='word_1_275' title='bbox 1116 2318 1309 2390; x_wconf 75' lang='grc' dir='ltr'>δήκαὶ</span> <span class='ocrx_word' id='word_1_276' title='bbox 1352 2319 1632 2383; x_wconf 87' lang='grc' dir='ltr'>Λεόντιος,</span> <span class='ocrx_word' id='word_1_277' title='bbox 1678 2318 1755 2381; x_wconf 77' lang='grc' dir='ltr'>ὡς</span> <span class='ocrx_word' id='word_1_278' title='bbox 1795 2318 1870 2389; x_wconf 83' lang='grc' dir='ltr'>μὴ</span> 
     </span>
    </p>
   </div>
   <div class='ocr_carea' id='block_1_41' title="bbox 293 2406 1872 2485">
    <p class='ocr_par' dir='ltr' id='par_1_41' title="bbox 293 2406 1872 2485">
     <span class='ocr_line' id='line_1_41' title="bbox 293 2406 1872 2485; baseline 0.003 -23"><span class='ocrx_word' id='word_1_279' title='bbox 293 2410 682 2477; x_wconf 75' lang='grc' dir='ltr'>ὀμοδοξοῦντας</span> <span class='ocrx_word' id='word_1_280' title='bbox 728 2414 947 2485; x_wconf 81' lang='grc' dir='ltr'>ἐκείνῳ,</span> <span class='ocrx_word' id='word_1_281' title='bbox 992 2414 1263 2469; x_wconf 64' lang='grc' dir='ltr'>καθεῖλεν.</span> <span class='ocrx_word' id='word_1_282' title='bbox 1321 2408 1482 2467; x_wconf 76' lang='grc' dir='ltr'>Οὗτοι</span> <span class='ocrx_word' id='word_1_283' title='bbox 1537 2412 1583 2465; x_wconf 88' lang='grc' dir='ltr'><strong>δ’</strong></span> <span class='ocrx_word' id='word_1_284' title='bbox 1634 2406 1774 2485; x_wconf 78' lang='grc' dir='ltr'>ἦσαν</span> <span class='ocrx_word' id='word_1_285' title='bbox 1819 2413 1872 2466; x_wconf 76' lang='grc' dir='ltr'>οἳ</span> 
     </span>
    </p>
   </div>
   <div class='ocr_carea' id='block_1_42' title="bbox 295 2502 1871 2576">
    <p class='ocr_par' dir='ltr' id='par_1_42' title="bbox 295 2502 1871 2576">
     <span class='ocr_line' id='line_1_42' title="bbox 295 2502 1871 2576; baseline 0.003 -23"><span class='ocrx_word' id='word_1_286' title='bbox 295 2502 581 2574; x_wconf 73' lang='grc' dir='ltr'>Εὐσταθίῳ</span> <span class='ocrx_word' id='word_1_287' title='bbox 611 2504 709 2575; x_wconf 81' lang='grc' dir='ltr'><strong>τὴν</strong></span> <span class='ocrx_word' id='word_1_288' title='bbox 736 2504 989 2576; x_wconf 83' lang='grc' dir='ltr'>μεθόριον</span> <span class='ocrx_word' id='word_1_289' title='bbox 1018 2506 1365 2576; x_wconf 80' lang='grc' dir='ltr'>άπαγομένῳ</span> <span class='ocrx_word' id='word_1_290' title='bbox 1400 2504 1744 2558; x_wconf 76' lang='grc' dir='ltr'>συνείποντο.</span> <span class='ocrx_word' id='word_1_291' title='bbox 1774 2502 1871 2566; x_wconf 76' lang='grc' dir='ltr'><strong>’Ὀς</strong></span> 
     </span>
    </p>
   </div>
   <div class='ocr_carea' id='block_1_43' title="bbox 294 2593 1874 2667">
    <p class='ocr_par' dir='ltr' id='par_1_43' title="bbox 294 2593 1874 2667">
     <span class='ocr_line' id='line_1_43' title="bbox 294 2593 1874 2667; baseline -0.003 -17"><span class='ocrx_word' id='word_1_292' title='bbox 294 2594 408 2645; x_wconf 64' lang='grc' dir='ltr'>τῦν</span> <span class='ocrx_word' id='word_1_293' title='bbox 445 2593 606 2663; x_wconf 75' lang='grc' dir='ltr'>ἱερῶν</span> <span class='ocrx_word' id='word_1_294' title='bbox 653 2596 751 2664; x_wconf 81' lang='grc' dir='ltr'>τῆς</span> <span class='ocrx_word' id='word_1_295' title='bbox 816 2597 1152 2667; x_wconf 80' lang='grc' dir='ltr'>Ἀντιοχείας</span> <span class='ocrx_word' id='word_1_296' title='bbox 1201 2597 1525 2667; x_wconf 76' lang='grc' dir='ltr'>φροντίδων,</span> <span class='ocrx_word' id='word_1_297' title='bbox 1562 2595 1770 2665; x_wconf 79' lang='grc' dir='ltr'>μᾶλλον</span> <span class='ocrx_word' id='word_1_298' title='bbox 1817 2594 1874 2646; x_wconf 78' lang='grc' dir='ltr'><strong>δὲ</strong></span> 
     </span>
    </p>
   </div>
   <div class='ocr_carea' id='block_1_44' title="bbox 181 2685 1874 2760">
    <p class='ocr_par' dir='ltr' id='par_1_44' title="bbox 181 2685 1874 2760">
     <span class='ocr_line' id='line_1_44' title="bbox 181 2685 1874 2760; baseline 0.002 -23"><span class='ocrx_word' id='word_1_299' title='bbox 181 2751 193 2758; x_wconf 90' lang='lat'><strong>_</strong></span> <span class='ocrx_word' id='word_1_300' title='bbox 298 2685 429 2754; x_wconf 77' lang='grc' dir='ltr'>ὅλης</span> <span class='ocrx_word' id='word_1_301' title='bbox 466 2686 564 2756; x_wconf 84' lang='grc' dir='ltr'>τῆς</span> <span class='ocrx_word' id='word_1_302' title='bbox 608 2687 913 2755; x_wconf 85' lang='grc' dir='ltr'>εὐσεϐείας,</span> <span class='ocrx_word' id='word_1_303' title='bbox 968 2690 1123 2744; x_wconf 76' lang='grc' dir='ltr'>οὐδὲν</span> <span class='ocrx_word' id='word_1_304' title='bbox 1178 2689 1443 2759; x_wconf 73' lang='grc' dir='ltr'>ἠνέσχετο</span> <span class='ocrx_word' id='word_1_305' title='bbox 1500 2693 1613 2751; x_wconf 85' lang='grc' dir='ltr'>τοῖς</span> <span class='ocrx_word' id='word_1_306' title='bbox 1658 2690 1874 2760; x_wconf 79' lang='grc' dir='ltr'>καιροῖς</span> 
     </span>
    </p>
   </div>
   <div class='ocr_carea' id='block_1_45' title="bbox 301 2776 1876 2851">
    <p class='ocr_par' dir='ltr' id='par_1_45' title="bbox 301 2776 1876 2851">
     <span class='ocr_line' id='line_1_45' title="bbox 301 2776 1876 2851; baseline 0.002 -24"><span class='ocrx_word' id='word_1_307' title='bbox 301 2776 530 2840; x_wconf 77' lang='grc' dir='ltr'>ἐκείνοις</span> <span class='ocrx_word' id='word_1_308' title='bbox 556 2779 1137 2848; x_wconf 80' lang='grc' dir='ltr'>συγκαπηλεύσασθαι.</span> <span class='ocrx_word' id='word_1_309' title='bbox 1168 2780 1259 2851; x_wconf 86' lang='grc' dir='ltr'>Τῴ</span> <span class='ocrx_word' id='word_1_310' title='bbox 1299 2780 1346 2834; x_wconf 82' lang='grc' dir='ltr'><strong>δ’</strong></span> <span class='ocrx_word' id='word_1_311' title='bbox 1378 2781 1532 2850; x_wconf 79' lang='grc' dir='ltr'>αὐτῷ</span> <span class='ocrx_word' id='word_1_312' title='bbox 1569 2779 1745 2851; x_wconf 83' lang='grc' dir='ltr'>χρόνῳ</span> <span class='ocrx_word' id='word_1_313' title='bbox 1779 2779 1876 2831; x_wconf 78' lang='grc' dir='ltr'>καὶ</span> 
     </span>
    </p>
   </div>
   <div class='ocr_carea' id='block_1_46' title="bbox 316 2869 1876 2944">
    <p class='ocr_par' dir='ltr' id='par_1_46' title="bbox 316 2869 1876 2944">
     <span class='ocr_line' id='line_1_46' title="bbox 316 2869 1876 2944; baseline 0.004 -25"><span class='ocrx_word' id='word_1_314' title='bbox 316 2869 558 2939; x_wconf 78' lang='grc' dir='ltr'>Ἐφραὶμ</span> <span class='ocrx_word' id='word_1_315' title='bbox 602 2874 631 2924; x_wconf 87' lang='grc' dir='ltr'><strong>ό</strong></span> <span class='ocrx_word' id='word_1_316' title='bbox 684 2871 854 2943; x_wconf 87' lang='grc' dir='ltr'>Σύρος</span> <span class='ocrx_word' id='word_1_317' title='bbox 904 2872 1086 2944; x_wconf 85' lang='grc' dir='ltr'>πολλῷ</span> <span class='ocrx_word' id='word_1_318' title='bbox 1132 2874 1344 2936; x_wconf 83' lang='grc' dir='ltr'>πάντας</span> <span class='ocrx_word' id='word_1_319' title='bbox 1396 2872 1758 2943; x_wconf 82' lang='grc' dir='ltr'>παρελαύνων</span> <span class='ocrx_word' id='word_1_320' title='bbox 1799 2871 1876 2943; x_wconf 80' lang='grc' dir='ltr'>τῷ</span> 
     </span>
    </p>
   </div>
   <div class='ocr_carea' id='block_1_47' title="bbox 307 2957 1872 3036">
    <p class='ocr_par' dir='ltr' id='par_1_47' title="bbox 307 2957 1872 3036">
     <span class='ocr_line' id='line_1_47' title="bbox 307 2957 1872 3036; baseline 0.006 -26"><span class='ocrx_word' id='word_1_321' title='bbox 307 2957 458 3030; x_wconf 71' lang='grc' dir='ltr'>μέσῳ</span> <span class='ocrx_word' id='word_1_322' title='bbox 487 2962 884 3035; x_wconf 74' lang='grc' dir='ltr'>ἀνεγνωρίζετο</span> <span class='ocrx_word' id='word_1_323' title='bbox 908 2981 923 2996; x_wconf 83' lang='grc'><em>’</em></span> <span class='ocrx_word' id='word_1_324' title='bbox 954 2964 1014 3030; x_wconf 84' lang='grc' dir='ltr'>ὃς</span> <span class='ocrx_word' id='word_1_325' title='bbox 1052 2965 1274 3019; x_wconf 75' lang='grc' dir='ltr'>Νίσιϐιν</span> <span class='ocrx_word' id='word_1_326' title='bbox 1311 2968 1409 3036; x_wconf 80' lang='grc' dir='ltr'><strong>μὲν</strong></span> <span class='ocrx_word' id='word_1_327' title='bbox 1444 2961 1559 3035; x_wconf 76' lang='grc' dir='ltr'>εἶχε</span> <span class='ocrx_word' id='word_1_328' title='bbox 1599 2965 1838 3036; x_wconf 77' lang='grc' dir='ltr'>πατρῐδα</span> <span class='ocrx_word' id='word_1_329' title='bbox 1859 2980 1872 2997; x_wconf 79' lang='grc'><strong><em>³</em></strong></span> 
     </span>
    </p>
   </div>
   <div class='ocr_carea' id='block_1_48' title="bbox 304 3050 1877 3122">
    <p class='ocr_par' dir='ltr' id='par_1_48' title="bbox 304 3050 1877 3122">
     <span class='ocr_line' id='line_1_48' title="bbox 304 3050 1877 3122; baseline 0.004 -23"><span class='ocrx_word' id='word_1_330' title='bbox 304 3050 405 3117; x_wconf 71' lang='grc' dir='ltr'><strong>τὴν</strong></span> <span class='ocrx_word' id='word_1_331' title='bbox 446 3051 593 3102; x_wconf 84' lang='grc' dir='ltr'><strong>κατά</strong></span> <span class='ocrx_word' id='word_1_332' title='bbox 624 3052 895 3121; x_wconf 73' lang='grc' dir='ltr'>μοναχρὺς</span> <span class='ocrx_word' id='word_1_333' title='bbox 938 3051 983 3106; x_wconf 85' lang='grc' dir='ltr'><strong>δ’</strong></span> <span class='ocrx_word' id='word_1_334' title='bbox 1012 3052 1277 3122; x_wconf 79' lang='grc' dir='ltr'>ἀσκηθεὶς</span> <span class='ocrx_word' id='word_1_335' title='bbox 1310 3052 1653 3121; x_wconf 83' lang='grc' dir='ltr'>φιλοσοφίαν,</span> <span class='ocrx_word' id='word_1_336' title='bbox 1686 3051 1877 3118; x_wconf 80' lang='grc' dir='ltr'>ἐξαπί-</span> 
     </span>
    </p>
   </div>
   <div class='ocr_carea' id='block_1_49' title="bbox 1972 1941 3552 2020">
    <p class='ocr_par' dir='ltr' id='par_1_49' title="bbox 1972 1941 3552 2020">
     <span class='ocr_line' id='line_1_49' title="bbox 1972 1941 3552 2020; baseline -0.009 -12"><span class='ocrx_word' id='word_1_337' title='bbox 1972 1953 2099 2016; x_wconf 85' lang='lat' dir='ltr'><strong>lide,</strong></span> <span class='ocrx_word' id='word_1_338' title='bbox 2133 1960 2188 2007; x_wconf 92' lang='lat' dir='ltr'><strong>et</strong></span> <span class='ocrx_word' id='word_1_339' title='bbox 2227 1952 2494 2006; x_wconf 87' lang='lat' dir='ltr'><strong>adversus</strong></span> <span class='ocrx_word' id='word_1_340' title='bbox 2524 1948 2792 2020; x_wconf 87' lang='lat' dir='ltr'><strong>quosdam</strong></span> <span class='ocrx_word' id='word_1_341' title='bbox 2833 1948 2925 2017; x_wconf 91' lang='lat' dir='ltr'><strong>qui</strong></span> <span class='ocrx_word' id='word_1_342' title='bbox 2963 1946 3173 2001; x_wconf 86' lang='lat' dir='ltr'><strong>alienas</strong></span> <span class='ocrx_word' id='word_1_343' title='bbox 3207 1960 3235 1997; x_wconf 91' lang='lat' dir='ltr'><strong>a</strong></span> <span class='ocrx_word' id='word_1_344' title='bbox 3270 1956 3403 1999; x_wconf 88' lang='lat' dir='ltr'><strong>sana</strong></span> <span class='ocrx_word' id='word_1_345' title='bbox 3424 1941 3552 1995; x_wconf 86' lang='lat' dir='ltr'><strong>doc-</strong></span> 
     </span>
    </p>
   </div>
   <div class='ocr_carea' id='block_1_50' title="bbox 1972 2032 3558 2112">
    <p class='ocr_par' dir='ltr' id='par_1_50' title="bbox 1972 2032 3558 2112">
     <span class='ocr_line' id='line_1_50' title="bbox 1972 2032 3558 2112; baseline -0.011 -12"><span class='ocrx_word' id='word_1_346' title='bbox 1972 2045 2115 2100; x_wconf 86' lang='lat' dir='ltr'><strong>trina</strong></span> <span class='ocrx_word' id='word_1_347' title='bbox 2145 2043 2408 2100; x_wconf 84' lang='lat' dir='ltr'><strong>afferrent</strong></span> <span class='ocrx_word' id='word_1_348' title='bbox 2440 2041 2769 2112; x_wconf 82' lang='lat' dir='ltr'><strong>opiniones,</strong></span> <span class='ocrx_word' id='word_1_349' title='bbox 2806 2039 2977 2093; x_wconf 87' lang='lat' dir='ltr'><strong>libros</strong></span> <span class='ocrx_word' id='word_1_350' title='bbox 3008 2035 3074 2090; x_wconf 91' lang='lat' dir='ltr'><strong>ad</strong></span> <span class='ocrx_word' id='word_1_351' title='bbox 3109 2032 3558 2105; x_wconf 84' lang='lat' dir='ltr'><strong>persuadendum</strong></span> 
     </span>
    </p>
   </div>
   <div class='ocr_carea' id='block_1_51' title="bbox 1970 2126 3559 2207">
    <p class='ocr_par' dir='ltr' id='par_1_51' title="bbox 1970 2126 3559 2207">
     <span class='ocr_line' id='line_1_51' title="bbox 1970 2126 3559 2207; baseline -0.009 -14"><span class='ocrx_word' id='word_1_352' title='bbox 1970 2138 2130 2193; x_wconf 81' lang='lat' dir='ltr'><strong>valde</strong></span> <span class='ocrx_word' id='word_1_353' title='bbox 2172 2137 2479 2207; x_wconf 87' lang='lat' dir='ltr'><strong>appositos,</strong></span> <span class='ocrx_word' id='word_1_354' title='bbox 2509 2134 2783 2190; x_wconf 88' lang='lat' dir='ltr'><strong>condidit.</strong></span> <span class='ocrx_word' id='word_1_355' title='bbox 2818 2131 2975 2202; x_wconf 85' lang='lat' dir='ltr'><strong>Apud</strong></span> <span class='ocrx_word' id='word_1_356' title='bbox 3023 2130 3193 2187; x_wconf 87' lang='lat' dir='ltr'><strong>Italos</strong></span> <span class='ocrx_word' id='word_1_357' title='bbox 3236 2142 3370 2182; x_wconf 87' lang='lat' dir='ltr'><strong>sane</strong></span> <span class='ocrx_word' id='word_1_358' title='bbox 3415 2133 3470 2179; x_wconf 87' lang='lat' dir='ltr'><strong>et</strong></span> <span class='ocrx_word' id='word_1_359' title='bbox 3502 2126 3559 2178; x_wconf 92' lang='lat' dir='ltr'><strong>iu</strong></span> 
     </span>
    </p>
   </div>
   <div class='ocr_carea' id='block_1_52' title="bbox 1971 2213 3560 2283">
    <p class='ocr_par' dir='ltr' id='par_1_52' title="bbox 1971 2213 3560 2283">
     <span class='ocr_line' id='line_1_52' title="bbox 1971 2213 3560 2283; baseline -0.01 0"><span class='ocrx_word' id='word_1_360' title='bbox 1971 2228 2110 2283; x_wconf 85' lang='lat' dir='ltr'><strong>locis</strong></span> <span class='ocrx_word' id='word_1_361' title='bbox 2162 2225 2524 2280; x_wconf 86' lang='lat' dir='ltr'><strong>ulterioribus</strong></span> <span class='ocrx_word' id='word_1_362' title='bbox 2573 2224 2833 2283; x_wconf 85' lang='lat' dir='ltr'><strong>enituere</strong></span> <span class='ocrx_word' id='word_1_363' title='bbox 2886 2220 3163 2274; x_wconf 85' lang='lat' dir='ltr'><strong>Eusebius</strong></span> <span class='ocrx_word' id='word_1_364' title='bbox 3209 2228 3265 2271; x_wconf 88' lang='lat' dir='ltr'><strong>et</strong></span> <span class='ocrx_word' id='word_1_365' title='bbox 3312 2213 3560 2277; x_wconf 87' lang='lat' dir='ltr'><strong>Lucifer,</strong></span> 
     </span>
    </p>
   </div>
   <div class='ocr_carea' id='block_1_53' title="bbox 1971 2307 3559 2389">
    <p class='ocr_par' dir='ltr' id='par_1_53' title="bbox 1971 2307 3559 2389">
     <span class='ocr_line' id='line_1_53' title="bbox 1971 2307 3559 2389; baseline -0.01 -15"><span class='ocrx_word' id='word_1_366' title='bbox 1971 2319 2163 2389; x_wconf 64' lang='lat' dir='ltr'><strong>patriae</strong></span> <span class='ocrx_word' id='word_1_367' title='bbox 2214 2318 2546 2387; x_wconf 76' lang='lat' dir='ltr'><strong>eloquentiae</strong></span> <span class='ocrx_word' id='word_1_368' title='bbox 2595 2316 2645 2369; x_wconf 91' lang='lat' dir='ltr'><strong>vi</strong></span> <span class='ocrx_word' id='word_1_369' title='bbox 2697 2314 2841 2370; x_wconf 83' lang='lat' dir='ltr'><strong>alios</strong></span> <span class='ocrx_word' id='word_1_370' title='bbox 2894 2328 3087 2366; x_wconf 87' lang='lat' dir='ltr'><strong>omnes</strong></span> <span class='ocrx_word' id='word_1_371' title='bbox 3135 2307 3559 2363; x_wconf 82' lang='lat' dir='ltr'><strong>antecellentcs.</strong></span> 
     </span>
    </p>
   </div>
   <div class='ocr_carea' id='block_1_54' title="bbox 1975 2397 3566 2470">
    <p class='ocr_par' dir='ltr' id='par_1_54' title="bbox 1975 2397 3566 2470">
     <span class='ocr_line' id='line_1_54' title="bbox 1975 2397 3566 2470; baseline -0.011 -3"><span class='ocrx_word' id='word_1_372' title='bbox 1975 2411 2249 2467; x_wconf 84' lang='lat' dir='ltr'><strong>Eusebius</strong></span> <span class='ocrx_word' id='word_1_373' title='bbox 2284 2410 2452 2464; x_wconf 89' lang='lat' dir='ltr'><strong>etiam</strong></span> <span class='ocrx_word' id='word_1_374' title='bbox 2483 2407 2736 2463; x_wconf 65' lang='lat' dir='ltr'><strong>ecclesia:</strong></span> <span class='ocrx_word' id='word_1_375' title='bbox 2769 2402 3107 2462; x_wconf 80' lang='lat' dir='ltr'><strong>Verecllensi</strong></span> <span class='ocrx_word' id='word_1_376' title='bbox 3145 2400 3407 2470; x_wconf 76' lang='lat' dir='ltr'><strong>praefuit:</strong></span> <span class='ocrx_word' id='word_1_377' title='bbox 3452 2397 3566 2451; x_wconf 85' lang='lat' dir='ltr'><strong>Lu-</strong></span> 
     </span>
    </p>
   </div>
   <div class='ocr_carea' id='block_1_55' title="bbox 1974 2490 3563 2571">
    <p class='ocr_par' dir='ltr' id='par_1_55' title="bbox 1974 2490 3563 2571">
     <span class='ocr_line' id='line_1_55' title="bbox 1974 2490 3563 2571; baseline -0.01 -11"><span class='ocrx_word' id='word_1_378' title='bbox 1974 2505 2111 2560; x_wconf 86' lang='lat' dir='ltr'><strong>cifer</strong></span> <span class='ocrx_word' id='word_1_379' title='bbox 2150 2518 2302 2566; x_wconf 84' lang='lat' dir='ltr'><strong>vero,</strong></span> <span class='ocrx_word' id='word_1_380' title='bbox 2349 2500 2510 2558; x_wconf 89' lang='lat' dir='ltr'><strong>sicuti</strong></span> <span class='ocrx_word' id='word_1_381' title='bbox 2539 2500 2701 2571; x_wconf 84' lang='lat' dir='ltr'><strong>paulo</strong></span> <span class='ocrx_word' id='word_1_382' title='bbox 2745 2508 2867 2569; x_wconf 85' lang='lat' dir='ltr'><strong>post</strong></span> <span class='ocrx_word' id='word_1_383' title='bbox 2901 2496 3170 2558; x_wconf 87' lang='lat' dir='ltr'><strong>dicemus,</strong></span> <span class='ocrx_word' id='word_1_384' title='bbox 3208 2492 3453 2548; x_wconf 90' lang='lat' dir='ltr'><strong>nominis</strong></span> <span class='ocrx_word' id='word_1_385' title='bbox 3476 2490 3563 2546; x_wconf 90' lang='lat' dir='ltr'><strong>sui</strong></span> 
     </span>
    </p>
   </div>
   <div class='ocr_carea' id='block_1_56' title="bbox 1975 2588 3565 2668">
    <p class='ocr_par' dir='ltr' id='par_1_56' title="bbox 1975 2588 3565 2668">
     <span class='ocr_line' id='line_1_56' title="bbox 1975 2588 3565 2668; baseline -0.01 -12"><span class='ocrx_word' id='word_1_386' title='bbox 1975 2599 2171 2657; x_wconf 67' lang='lat' dir='ltr'><strong>haeresi</strong></span> <span class='ocrx_word' id='word_1_387' title='bbox 2230 2598 2409 2668; x_wconf 75' lang='lat' dir='ltr'><strong>praciit</strong></span> <span class='ocrx_word' id='word_1_388' title='bbox 2461 2598 2559 2662; x_wconf 78' lang='grc'><strong>(5).</strong></span> <span class='ocrx_word' id='word_1_389' title='bbox 2620 2596 2895 2650; x_wconf 68' lang='lat' dir='ltr'><strong>Praaterea</strong></span> <span class='ocrx_word' id='word_1_390' title='bbox 2952 2591 3247 2646; x_wconf 80' lang='lat' dir='ltr'><strong>Flavianus</strong></span> <span class='ocrx_word' id='word_1_391' title='bbox 3311 2595 3368 2642; x_wconf 87' lang='lat' dir='ltr'><strong>et</strong></span> <span class='ocrx_word' id='word_1_392' title='bbox 3420 2588 3565 2642; x_wconf 62' lang='lat' dir='ltr'><strong>Pauo</strong></span> 
     </span>
    </p>
   </div>
   <div class='ocr_carea' id='block_1_57' title="bbox 1976 2680 3569 2756">
    <p class='ocr_par' dir='ltr' id='par_1_57' title="bbox 1976 2680 3569 2756">
     <span class='ocr_line' id='line_1_57' title="bbox 1976 2680 3569 2756; baseline -0.009 -8"><span class='ocrx_word' id='word_1_393' title='bbox 1976 2694 2124 2748; x_wconf 90' lang='lat' dir='ltr'><strong>linus</strong></span> <span class='ocrx_word' id='word_1_394' title='bbox 2151 2692 2287 2746; x_wconf 87' lang='lat' dir='ltr'><strong>clari</strong></span> <span class='ocrx_word' id='word_1_395' title='bbox 2314 2699 2427 2745; x_wconf 90' lang='lat' dir='ltr'><strong>tum</strong></span> <span class='ocrx_word' id='word_1_396' title='bbox 2458 2688 2632 2752; x_wconf 85' lang='lat' dir='ltr'><strong>fuere,</strong></span> <span class='ocrx_word' id='word_1_397' title='bbox 2659 2686 2754 2756; x_wconf 91' lang='lat' dir='ltr'><strong>qui</strong></span> <span class='ocrx_word' id='word_1_398' title='bbox 2781 2696 2971 2756; x_wconf 87' lang='lat' dir='ltr'><strong>postea</strong></span> <span class='ocrx_word' id='word_1_399' title='bbox 2999 2682 3359 2739; x_wconf 72' lang='lat' dir='ltr'><strong>Antiochense</strong></span> <span class='ocrx_word' id='word_1_400' title='bbox 3386 2680 3569 2734; x_wconf 88' lang='lat' dir='ltr'><strong>eccle-</strong></span> 
     </span>
    </p>
   </div>
   <div class='ocr_carea' id='block_1_58' title="bbox 1977 2774 3567 2850">
    <p class='ocr_par' dir='ltr' id='par_1_58' title="bbox 1977 2774 3567 2850">
     <span class='ocr_line' id='line_1_58' title="bbox 1977 2774 3567 2850; baseline -0.011 -6"><span class='ocrx_word' id='word_1_401' title='bbox 1977 2787 2073 2844; x_wconf 62' lang='lat' dir='ltr'><strong>sia;</strong></span> <span class='ocrx_word' id='word_1_402' title='bbox 2117 2801 2207 2840; x_wconf 89' lang='lat' dir='ltr'><strong>res</strong></span> <span class='ocrx_word' id='word_1_403' title='bbox 2250 2783 2708 2839; x_wconf 78' lang='lat' dir='ltr'><strong>administravere</strong></span> <span class='ocrx_word' id='word_1_404' title='bbox 2746 2796 2762 2835; x_wconf 87' lang='lat'><strong>:</strong></span> <span class='ocrx_word' id='word_1_405' title='bbox 2808 2780 3017 2850; x_wconf 88' lang='lat' dir='ltr'><strong>quibus</strong></span> <span class='ocrx_word' id='word_1_406' title='bbox 3072 2777 3238 2831; x_wconf 86' lang='lat' dir='ltr'><strong>etiam</strong></span> <span class='ocrx_word' id='word_1_407' title='bbox 3275 2774 3567 2835; x_wconf 88' lang='lat' dir='ltr'><strong>Leontius,</strong></span> 
     </span>
    </p>
   </div>
   <div class='ocr_carea' id='block_1_59' title="bbox 1978 2867 3567 2949">
    <p class='ocr_par' dir='ltr' id='par_1_59' title="bbox 1978 2867 3567 2949">
     <span class='ocr_line' id='line_1_59' title="bbox 1978 2867 3567 2949; baseline -0.009 -16"><span class='ocrx_word' id='word_1_408' title='bbox 1978 2879 2125 2949; x_wconf 89' lang='lat' dir='ltr'><strong>quod</strong></span> <span class='ocrx_word' id='word_1_409' title='bbox 2162 2874 2454 2931; x_wconf 87' lang='lat' dir='ltr'><strong>sententiis</strong></span> <span class='ocrx_word' id='word_1_410' title='bbox 2483 2875 2553 2929; x_wconf 88' lang='lat' dir='ltr'><strong>ab</strong></span> <span class='ocrx_word' id='word_1_411' title='bbox 2592 2887 2660 2928; x_wconf 91' lang='lat' dir='ltr'><strong>eo</strong></span> <span class='ocrx_word' id='word_1_412' title='bbox 2717 2871 3138 2933; x_wconf 86' lang='lat' dir='ltr'><strong>discordarent,</strong></span> <span class='ocrx_word' id='word_1_413' title='bbox 3186 2867 3567 2937; x_wconf 78' lang='lat' dir='ltr'><strong>episcopatum</strong></span> 
     </span>
    </p>
   </div>
   <div class='ocr_carea' id='block_1_60' title="bbox 1979 2958 3571 3041">
    <p class='ocr_par' dir='ltr' id='par_1_60' title="bbox 1979 2958 3571 3041">
     <span class='ocr_line' id='line_1_60' title="bbox 1979 2958 3571 3041; baseline -0.009 -15"><span class='ocrx_word' id='word_1_414' title='bbox 1979 2969 2373 3041; x_wconf 67' lang='lat' dir='ltr'><strong>abrogavit.“</strong></span> <span class='ocrx_word' id='word_1_415' title='bbox 2409 2978 2560 3031; x_wconf 84' lang='lat' dir='ltr'><strong>sunt,</strong></span> <span class='ocrx_word' id='word_1_416' title='bbox 2588 2967 2683 3037; x_wconf 91' lang='lat' dir='ltr'><strong>qui</strong></span> <span class='ocrx_word' id='word_1_417' title='bbox 2733 2963 3027 3020; x_wconf 89' lang='lat' dir='ltr'><strong>Eustathio</strong></span> <span class='ocrx_word' id='word_1_418' title='bbox 3073 2963 3127 3016; x_wconf 92' lang='lat' dir='ltr'><strong>in</strong></span> <span class='ocrx_word' id='word_1_419' title='bbox 3172 2961 3431 3016; x_wconf 80' lang='lat' dir='ltr'><strong>exsilium</strong></span> <span class='ocrx_word' id='word_1_420' title='bbox 3472 2958 3571 3012; x_wconf 86' lang='lat' dir='ltr'><strong>de-</strong></span> 
     </span>
    </p>
   </div>
   <div class='ocr_carea' id='block_1_61' title="bbox 1981 3052 3571 3135">
    <p class='ocr_par' dir='ltr' id='par_1_61' title="bbox 1981 3052 3571 3135">
     <span class='ocr_line' id='line_1_61' title="bbox 1981 3052 3571 3135; baseline -0.011 -14"><span class='ocrx_word' id='word_1_421' title='bbox 1981 3073 2200 3135; x_wconf 90' lang='lat' dir='ltr'><strong>portato</strong></span> <span class='ocrx_word' id='word_1_422' title='bbox 2224 3061 2456 3116; x_wconf 86' lang='lat' dir='ltr'><strong>comites</strong></span> <span class='ocrx_word' id='word_1_423' title='bbox 2488 3058 2681 3123; x_wconf 87' lang='lat' dir='ltr'><strong>fuere;</strong></span> <span class='ocrx_word' id='word_1_424' title='bbox 2707 3058 2802 3126; x_wconf 89' lang='lat' dir='ltr'><strong>qui</strong></span> <span class='ocrx_word' id='word_1_425' title='bbox 2830 3069 2964 3110; x_wconf 90' lang='lat' dir='ltr'><strong>sane</strong></span> <span class='ocrx_word' id='word_1_426' title='bbox 2996 3052 3132 3108; x_wconf 90' lang='lat' dir='ltr'><strong>nihil</strong></span> <span class='ocrx_word' id='word_1_427' title='bbox 3163 3064 3396 3121; x_wconf 88' lang='lat' dir='ltr'><strong>prorsus</strong></span> <span class='ocrx_word' id='word_1_428' title='bbox 3430 3058 3571 3103; x_wconf 86' lang='lat' dir='ltr'><strong>tem-</strong></span> 
     </span>
    </p>
   </div>
   <div class='ocr_carea' id='block_1_62' title="bbox 306 3140 1876 3244">
    <p class='ocr_par' dir='ltr' id='par_1_62' title="bbox 306 3140 1876 3244">
     <span class='ocr_line' id='line_1_62' title="bbox 306 3140 1876 3244; baseline 0.004 -52"><span class='ocrx_word' id='word_1_429' title='bbox 306 3156 406 3244; x_wconf 74' lang='grc' dir='ltr'><strong>νης</strong></span> <span class='ocrx_word' id='word_1_430' title='bbox 430 3140 570 3194; x_wconf 83' lang='grc' dir='ltr'>κατὰ</span> <span class='ocrx_word' id='word_1_431' title='bbox 599 3143 698 3214; x_wconf 83' lang='grc' dir='ltr'>τὴν</span> <span class='ocrx_word' id='word_1_432' title='bbox 729 3142 920 3214; x_wconf 85' lang='grc' dir='ltr'>Σύρων</span> <span class='ocrx_word' id='word_1_433' title='bbox 969 3144 1155 3216; x_wconf 79' lang='grc' dir='ltr'>φωνὴν</span> <span class='ocrx_word' id='word_1_434' title='bbox 1206 3146 1459 3200; x_wconf 81' lang='grc' dir='ltr'>τοσοῦτον</span> <span class='ocrx_word' id='word_1_435' title='bbox 1488 3145 1751 3211; x_wconf 77' lang='grc' dir='ltr'><strong>ἐπέδωκε,</strong></span> <span class='ocrx_word' id='word_1_436' title='bbox 1787 3144 1876 3199; x_wconf 68' lang='grc' dir='ltr'><strong>καὶ</strong></span> 
     </span>
    </p>
   </div>
   <div class='ocr_carea' id='block_1_63' title="bbox 1977 3140 3575 3244">
    <p class='ocr_par' dir='ltr' id='par_1_63' title="bbox 1982 3141 3575 3226">
     <span class='ocr_line' id='line_1_63' title="bbox 1982 3141 3575 3226; baseline -0.009 -16"><span class='ocrx_word' id='word_1_437' title='bbox 1982 3155 2209 3226; x_wconf 88' lang='lat' dir='ltr'><strong>poribus</strong></span> <span class='ocrx_word' id='word_1_438' title='bbox 2243 3153 2373 3219; x_wconf 87' lang='lat' dir='ltr'><strong>illis,</strong></span> <span class='ocrx_word' id='word_1_439' title='bbox 2406 3151 2475 3207; x_wconf 92' lang='lat' dir='ltr'><strong>de</strong></span> <span class='ocrx_word' id='word_1_440' title='bbox 2504 3150 2679 3205; x_wconf 88' lang='lat' dir='ltr'><strong>sacris</strong></span> <span class='ocrx_word' id='word_1_441' title='bbox 2713 3146 3080 3201; x_wconf 73' lang='lat' dir='ltr'><strong>Antiocheua:</strong></span> <span class='ocrx_word' id='word_1_442' title='bbox 3115 3141 3377 3197; x_wconf 64' lang='lat' dir='ltr'><strong>Ecclesiae</strong></span> <span class='ocrx_word' id='word_1_443' title='bbox 3417 3142 3575 3196; x_wconf 84' lang='lat' dir='ltr'><strong>curis</strong></span> 
     </span>
    </p>
   </div>
   <div class='ocr_carea' id='block_1_64' title="bbox 310 3235 1876 3342">
    <p class='ocr_par' dir='ltr' id='par_1_64' title="bbox 310 3235 1876 3342">
     <span class='ocr_line' id='line_1_64' title="bbox 310 3235 1876 3342; baseline 0.003 -55"><span class='ocrx_word' id='word_1_444' title='bbox 310 3235 483 3342; x_wconf 57' lang='grc' dir='ltr'>ταύτα</span> <span class='ocrx_word' id='word_1_445' title='bbox 514 3237 652 3308; x_wconf 75' lang='grc' dir='ltr'>μήτε</span> <span class='ocrx_word' id='word_1_446' title='bbox 682 3237 1084 3309; x_wconf 80' lang='grc' dir='ltr'>προδιδαχθεὶς,</span> <span class='ocrx_word' id='word_1_447' title='bbox 1125 3240 1253 3311; x_wconf 83' lang='grc' dir='ltr'>μήτ’</span> <span class='ocrx_word' id='word_1_448' title='bbox 1302 3239 1366 3294; x_wconf 75' lang='grc' dir='ltr'><strong>ἐκ</strong></span> <span class='ocrx_word' id='word_1_449' title='bbox 1397 3258 1560 3293; x_wconf 88' lang='grc' dir='ltr'>τινων</span> <span class='ocrx_word' id='word_1_450' title='bbox 1591 3239 1876 3309; x_wconf 80' lang='grc' dir='ltr'>συμϐόλων</span> 
     </span>
    </p>
   </div>
   <div class='ocr_carea' id='block_1_65' title="bbox 1977 3235 3611 3342">
    <p class='ocr_par' dir='ltr' id='par_1_65' title="bbox 1985 3235 3611 3318">
     <span class='ocr_line' id='line_1_65' title="bbox 1985 3235 3611 3318; baseline -0.011 -14"><span class='ocrx_word' id='word_1_451' title='bbox 1985 3264 2050 3304; x_wconf 89' lang='lat' dir='ltr'><strong>ac</strong></span> <span class='ocrx_word' id='word_1_452' title='bbox 2073 3249 2254 3318; x_wconf 89' lang='lat' dir='ltr'><strong>potius</strong></span> <span class='ocrx_word' id='word_1_453' title='bbox 2278 3246 2348 3301; x_wconf 87' lang='lat' dir='ltr'><strong>de</strong></span> <span class='ocrx_word' id='word_1_454' title='bbox 2375 3254 2485 3300; x_wconf 86' lang='lat' dir='ltr'><strong>tota</strong></span> <span class='ocrx_word' id='word_1_455' title='bbox 2509 3241 2814 3299; x_wconf 88' lang='lat' dir='ltr'><strong>sinceriore</strong></span> <span class='ocrx_word' id='word_1_456' title='bbox 2839 3240 3042 3310; x_wconf 88' lang='lat' dir='ltr'><strong>pietate</strong></span> <span class='ocrx_word' id='word_1_457' title='bbox 3065 3236 3249 3292; x_wconf 87' lang='lat' dir='ltr'><strong>vitiari</strong></span> <span class='ocrx_word' id='word_1_458' title='bbox 3278 3235 3567 3291; x_wconf 89' lang='lat' dir='ltr'><strong>sustinuit.</strong></span> <span class='ocrx_word' id='word_1_459' title='bbox 3608 3250 3611 3253; x_wconf 55' lang='grc' dir='ltr'><strong>λ</strong></span> 
     </span>
    </p>
   </div>
   <div class='ocr_carea' id='block_1_66' title="bbox 310 3327 1876 3431">
    <p class='ocr_par' dir='ltr' id='par_1_66' title="bbox 310 3327 1876 3402">
     <span class='ocr_line' id='line_1_66' title="bbox 310 3327 1876 3402; baseline 0.003 -21"><span class='ocrx_word' id='word_1_460' title='bbox 310 3327 599 3399; x_wconf 77' lang='grc' dir='ltr'>ὑπόσχεσιν</span> <span class='ocrx_word' id='word_1_461' title='bbox 654 3329 777 3393; x_wconf 85' lang='grc' dir='ltr'>δοὺς</span> <span class='ocrx_word' id='word_1_462' title='bbox 831 3331 1076 3394; x_wconf 82' lang='grc' dir='ltr'>τοιοῦτος</span> <span class='ocrx_word' id='word_1_463' title='bbox 1130 3333 1460 3402; x_wconf 75' lang='grc' dir='ltr'>φανεῖσθαι,</span> <span class='ocrx_word' id='word_1_464' title='bbox 1512 3331 1590 3395; x_wconf 85' lang='grc' dir='ltr'>ὡς</span> <span class='ocrx_word' id='word_1_465' title='bbox 1650 3335 1717 3401; x_wconf 80' lang='grc' dir='ltr'>τῇ</span> <span class='ocrx_word' id='word_1_466' title='bbox 1782 3332 1876 3401; x_wconf 75' lang='grc' dir='ltr'><strong>μὲν</strong></span> 
     </span>
    </p>
   </div>
   <div class='ocr_carea' id='block_1_67' title="bbox 1977 3327 3563 3431">
    <p class='ocr_par' dir='ltr' id='par_1_67' title="bbox 1988 3327 3563 3404">
     <span class='ocr_line' id='line_1_67' title="bbox 1988 3327 3563 3404; baseline -0.009 -9"><span class='ocrx_word' id='word_1_467' title='bbox 1988 3340 2193 3396; x_wconf 85' lang='lat' dir='ltr'><strong>Eadem</strong></span> <span class='ocrx_word' id='word_1_468' title='bbox 2224 3339 2329 3394; x_wconf 87' lang='lat' dir='ltr'><strong>bac</strong></span> <span class='ocrx_word' id='word_1_469' title='bbox 2356 3344 2516 3393; x_wconf 72' lang='lat' dir='ltr'><strong>aetate</strong></span> <span class='ocrx_word' id='word_1_470' title='bbox 2540 3343 2596 3390; x_wconf 90' lang='lat' dir='ltr'><strong>et</strong></span> <span class='ocrx_word' id='word_1_471' title='bbox 2622 3332 2879 3404; x_wconf 72' lang='lat' dir='ltr'><strong>Ephfaim</strong></span> <span class='ocrx_word' id='word_1_472' title='bbox 2907 3330 3081 3403; x_wconf 85' lang='lat' dir='ltr'><strong>Syrus</strong></span> <span class='ocrx_word' id='word_1_473' title='bbox 3108 3328 3406 3400; x_wconf 66' lang='lat' dir='ltr'><strong>praeclarus</strong></span> <span class='ocrx_word' id='word_1_474' title='bbox 3437 3327 3563 3391; x_wconf 85' lang='lat' dir='ltr'><strong>fuit,</strong></span> 
     </span>
    </p>
   </div>
   <div class='ocr_carea' id='block_1_68' title="bbox 311 3419 1876 3522">
    <p class='ocr_par' dir='ltr' id='par_1_68' title="bbox 311 3421 1876 3522">
     <span class='ocr_line' id='line_1_68' title="bbox 311 3421 1876 3522; baseline 0.002 -50"><span class='ocrx_word' id='word_1_475' title='bbox 311 3422 541 3522; x_wconf 63' lang='grc' dir='ltr'>ἀσκήσει</span> <span class='ocrx_word' id='word_1_476' title='bbox 567 3424 624 3483; x_wconf 83' lang='grc' dir='ltr'>ὲς</span> <span class='ocrx_word' id='word_1_477' title='bbox 653 3421 823 3493; x_wconf 81' lang='grc' dir='ltr'>ἄκρον</span> <span class='ocrx_word' id='word_1_478' title='bbox 860 3423 1077 3477; x_wconf 73' lang='grc' dir='ltr'>ἱκέσθαι</span> <span class='ocrx_word' id='word_1_479' title='bbox 1103 3424 1204 3493; x_wconf 79' lang='grc' dir='ltr'><strong>τῆς</strong></span> <span class='ocrx_word' id='word_1_480' title='bbox 1238 3423 1497 3490; x_wconf 85' lang='grc' dir='ltr'>θεωρίας,</span> <span class='ocrx_word' id='word_1_481' title='bbox 1537 3423 1614 3494; x_wconf 82' lang='grc' dir='ltr'>τῷ</span> <span class='ocrx_word' id='word_1_482' title='bbox 1643 3422 1699 3475; x_wconf 81' lang='grc' dir='ltr'>δὲ</span> <span class='ocrx_word' id='word_1_483' title='bbox 1745 3422 1876 3492; x_wconf 85' lang='grc' dir='ltr'>λαμ-</span> 
     </span>
    </p>
   </div>
   <div class='ocr_carea' id='block_1_69' title="bbox 1977 3419 3577 3522">
    <p class='ocr_par' dir='ltr' id='par_1_69' title="bbox 1987 3419 3577 3501">
     <span class='ocr_line' id='line_1_69' title="bbox 1987 3419 3577 3501; baseline -0.008 -16"><span class='ocrx_word' id='word_1_484' title='bbox 1987 3432 2083 3501; x_wconf 90' lang='lat' dir='ltr'><strong>qui</strong></span> <span class='ocrx_word' id='word_1_485' title='bbox 2115 3430 2337 3500; x_wconf 87' lang='lat' dir='ltr'><strong>quidem</strong></span> <span class='ocrx_word' id='word_1_486' title='bbox 2371 3428 2534 3495; x_wconf 78' lang='lat' dir='ltr'><strong>longo</strong></span> <span class='ocrx_word' id='word_1_487' title='bbox 2567 3423 2863 3479; x_wconf 84' lang='lat' dir='ltr'><strong>intervallo</strong></span> <span class='ocrx_word' id='word_1_488' title='bbox 2904 3437 3103 3478; x_wconf 89' lang='lat' dir='ltr'><strong>omnes</strong></span> <span class='ocrx_word' id='word_1_489' title='bbox 3137 3419 3443 3490; x_wconf 69' lang='lat' dir='ltr'><strong>praecessit.</strong></span> <span class='ocrx_word' id='word_1_490' title='bbox 3478 3419 3577 3473; x_wconf 90' lang='lat' dir='ltr'><strong>llic</strong></span> 
     </span>
    </p>
   </div>
   <div class='ocr_carea' id='block_1_70' title="bbox 311 3509 1876 3593">
    <p class='ocr_par' dir='ltr' id='par_1_70' title="bbox 311 3510 1876 3593">
     <span class='ocr_line' id='line_1_70' title="bbox 311 3510 1876 3593; baseline 0.004 -30"><span class='ocrx_word' id='word_1_491' title='bbox 311 3510 436 3582; x_wconf 82' lang='grc' dir='ltr'>πρῷ</span> <span class='ocrx_word' id='word_1_492' title='bbox 467 3513 561 3565; x_wconf 79' lang='grc' dir='ltr'>καὶ</span> <span class='ocrx_word' id='word_1_493' title='bbox 609 3515 889 3593; x_wconf 70' lang='grc' dir='ltr'>προχείρῳ</span> <span class='ocrx_word' id='word_1_494' title='bbox 920 3517 1017 3569; x_wconf 83' lang='grc' dir='ltr'><strong>καὶ</strong></span> <span class='ocrx_word' id='word_1_495' title='bbox 1060 3517 1182 3588; x_wconf 78' lang='grc' dir='ltr'>ηδετ</span> <span class='ocrx_word' id='word_1_496' title='bbox 1226 3517 1323 3570; x_wconf 84' lang='grc' dir='ltr'><strong>τοῦ</strong></span> <span class='ocrx_word' id='word_1_497' title='bbox 1355 3517 1515 3585; x_wconf 83' lang='grc' dir='ltr'>λόγου</span> <span class='ocrx_word' id='word_1_498' title='bbox 1547 3518 1644 3570; x_wconf 73' lang='grc' dir='ltr'><strong>καὶ</strong></span> <span class='ocrx_word' id='word_1_499' title='bbox 1671 3515 1749 3587; x_wconf 82' lang='grc' dir='ltr'>τῷ</span> <span class='ocrx_word' id='word_1_500' title='bbox 1777 3516 1876 3570; x_wconf 68' lang='grc' dir='ltr'><strong>τῶι</strong></span> 
     </span>
    </p>
   </div>
   <div class='ocr_carea' id='block_1_71' title="bbox 1977 3509 3576 3593">
    <p class='ocr_par' dir='ltr' id='par_1_71' title="bbox 1988 3509 3576 3590">
     <span class='ocr_line' id='line_1_71' title="bbox 1988 3509 3576 3590; baseline -0.009 -12"><span class='ocrx_word' id='word_1_501' title='bbox 1988 3521 2220 3578; x_wconf 87' lang='lat' dir='ltr'><strong>Nisibim</strong></span> <span class='ocrx_word' id='word_1_502' title='bbox 2249 3518 2486 3590; x_wconf 88' lang='lat' dir='ltr'><strong>patriam</strong></span> <span class='ocrx_word' id='word_1_503' title='bbox 2519 3514 2733 3582; x_wconf 84' lang='lat' dir='ltr'><strong>habuit,</strong></span> <span class='ocrx_word' id='word_1_504' title='bbox 2765 3523 2826 3569; x_wconf 88' lang='lat' dir='ltr'><strong>et</strong></span> <span class='ocrx_word' id='word_1_505' title='bbox 2856 3514 2913 3568; x_wconf 91' lang='lat' dir='ltr'><strong>in</strong></span> <span class='ocrx_word' id='word_1_506' title='bbox 2947 3511 3353 3568; x_wconf 87' lang='lat' dir='ltr'><strong>monachorum</strong></span> <span class='ocrx_word' id='word_1_507' title='bbox 3388 3509 3576 3581; x_wconf 86' lang='lat' dir='ltr'><strong>philo-</strong></span> 
     </span>
    </p>
   </div>
   <div class='ocr_carea' id='block_1_72' title="bbox 311 3594 1876 3686">
    <p class='ocr_par' dir='ltr' id='par_1_72' title="bbox 311 3605 1876 3681">
     <span class='ocr_line' id='line_1_72' title="bbox 311 3605 1876 3681; baseline 0.005 -25"><span class='ocrx_word' id='word_1_508' title='bbox 311 3605 600 3674; x_wconf 83' lang='grc' dir='ltr'>νοημάτων</span> <span class='ocrx_word' id='word_1_509' title='bbox 644 3608 833 3677; x_wconf 88' lang='grc' dir='ltr'>πυκνῷ</span> <span class='ocrx_word' id='word_1_510' title='bbox 878 3624 941 3661; x_wconf 89' lang='grc' dir='ltr'><strong>τε</strong></span> <span class='ocrx_word' id='word_1_511' title='bbox 975 3610 1068 3663; x_wconf 80' lang='grc' dir='ltr'>καὶ</span> <span class='ocrx_word' id='word_1_512' title='bbox 1120 3609 1357 3681; x_wconf 78' lang='grc' dir='ltr'>σώφρονι</span> <span class='ocrx_word' id='word_1_513' title='bbox 1400 3611 1497 3665; x_wconf 81' lang='grc' dir='ltr'>καὶ</span> <span class='ocrx_word' id='word_1_514' title='bbox 1535 3610 1666 3676; x_wconf 74' lang='grc' dir='ltr'>τοὺς</span> <span class='ocrx_word' id='word_1_515' title='bbox 1716 3610 1876 3664; x_wconf 84' lang='grc' dir='ltr'>πάλαι</span> 
     </span>
    </p>
   </div>
   <div class='ocr_carea' id='block_1_73' title="bbox 1977 3594 3580 3686">
    <p class='ocr_par' dir='ltr' id='par_1_73' title="bbox 1990 3594 3580 3686">
     <span class='ocr_line' id='line_1_73' title="bbox 1990 3594 3580 3686; baseline -0.008 -15"><span class='ocrx_word' id='word_1_516' title='bbox 1990 3615 2185 3686; x_wconf 87' lang='lat' dir='ltr'><strong>sophia</strong></span> <span class='ocrx_word' id='word_1_517' title='bbox 2230 3611 2587 3677; x_wconf 63' lang='lat' dir='ltr'><strong>etercitatus,</strong></span> <span class='ocrx_word' id='word_1_518' title='bbox 2618 3594 2772 3664; x_wconf 86' lang='lat' dir='ltr'><strong>brevi</strong></span> <span class='ocrx_word' id='word_1_519' title='bbox 2823 3616 3035 3662; x_wconf 83' lang='lat' dir='ltr'><strong>tantum</strong></span> <span class='ocrx_word' id='word_1_520' title='bbox 3082 3605 3139 3661; x_wconf 91' lang='lat' dir='ltr'><strong>in</strong></span> <span class='ocrx_word' id='word_1_521' title='bbox 3170 3604 3358 3676; x_wconf 82' lang='lat' dir='ltr'><strong>lingua</strong></span> <span class='ocrx_word' id='word_1_522' title='bbox 3407 3603 3580 3675; x_wconf 83' lang='lat' dir='ltr'><strong>Syro-</strong></span> 
     </span>
    </p>
   </div>
   <div class='ocr_carea' id='block_1_74' title="bbox 314 3697 1876 3777">
    <p class='ocr_par' dir='ltr' id='par_1_74' title="bbox 314 3697 1876 3773">
     <span class='ocr_line' id='line_1_74' title="bbox 314 3697 1876 3773; baseline 0.005 -22"><span class='ocrx_word' id='word_1_523' title='bbox 314 3699 445 3753; x_wconf 80' lang='grc' dir='ltr'>ποτὲ</span> <span class='ocrx_word' id='word_1_524' title='bbox 489 3700 621 3768; x_wconf 86' lang='grc' dir='ltr'>παρ’</span> <span class='ocrx_word' id='word_1_525' title='bbox 658 3697 943 3773; x_wconf 80' lang='grc' dir='ltr'>Ἕλλησιν</span> <span class='ocrx_word' id='word_1_526' title='bbox 970 3701 1407 3773; x_wconf 82' lang='grc' dir='ltr'>εὐδοκιμηκότας</span> <span class='ocrx_word' id='word_1_527' title='bbox 1458 3701 1876 3773; x_wconf 67' lang='grc' dir='ltr'><strong>ὑπερϐαλέσθαι⁴</strong></span> 
     </span>
    </p>
   </div>
   <div class='ocr_carea' id='block_1_75' title="bbox 1977 3697 3583 3777">
    <p class='ocr_par' dir='ltr' id='par_1_75' title="bbox 1990 3697 3583 3777">
     <span class='ocr_line' id='line_1_75' title="bbox 1990 3697 3583 3777; baseline -0.008 -13"><span class='ocrx_word' id='word_1_528' title='bbox 1990 3724 2137 3775; x_wconf 86' lang='lat' dir='ltr'><strong>rum,</strong></span> <span class='ocrx_word' id='word_1_529' title='bbox 2162 3722 2288 3762; x_wconf 89' lang='lat' dir='ltr'><strong>cum</strong></span> <span class='ocrx_word' id='word_1_530' title='bbox 2316 3704 2544 3777; x_wconf 87' lang='lat' dir='ltr'><strong>quidem</strong></span> <span class='ocrx_word' id='word_1_531' title='bbox 2574 3718 2695 3758; x_wconf 88' lang='lat' dir='ltr'><strong>eam</strong></span> <span class='ocrx_word' id='word_1_532' title='bbox 2726 3701 2885 3773; x_wconf 87' lang='lat' dir='ltr'><strong>prius</strong></span> <span class='ocrx_word' id='word_1_533' title='bbox 2910 3707 2980 3756; x_wconf 82' lang='lat' dir='ltr'><strong>ab</strong></span> <span class='ocrx_word' id='word_1_534' title='bbox 3003 3700 3129 3755; x_wconf 90' lang='lat' dir='ltr'><strong>aliis</strong></span> <span class='ocrx_word' id='word_1_535' title='bbox 3154 3714 3268 3754; x_wconf 91' lang='lat' dir='ltr'><strong>non</strong></span> <span class='ocrx_word' id='word_1_536' title='bbox 3294 3697 3583 3755; x_wconf 84' lang='lat' dir='ltr'><strong>didicisset</strong></span> 
     </span>
    </p>
   </div>
   <div class='ocr_carea' id='block_1_76' title="bbox 318 3789 1876 3871">
    <p class='ocr_par' dir='ltr' id='par_1_76' title="bbox 318 3793 1876 3870">
     <span class='ocr_line' id='line_1_76' title="bbox 318 3793 1876 3870; baseline 0.003 -25"><span class='ocrx_word' id='word_1_537' title='bbox 318 3793 426 3846; x_wconf 72' lang='lat' dir='ltr'><strong>Kal.</strong></span> <span class='ocrx_word' id='word_1_538' title='bbox 478 3795 589 3866; x_wconf 84' lang='grc' dir='ltr'>γάρ</span> <span class='ocrx_word' id='word_1_539' title='bbox 636 3811 754 3859; x_wconf 87' lang='grc' dir='ltr'><strong>πως</strong></span> <span class='ocrx_word' id='word_1_540' title='bbox 794 3796 1025 3850; x_wconf 77' lang='grc' dir='ltr'>ἐκείνων</span> <span class='ocrx_word' id='word_1_541' title='bbox 1070 3796 1126 3850; x_wconf 83' lang='grc' dir='ltr'><strong>εί</strong></span> <span class='ocrx_word' id='word_1_542' title='bbox 1165 3813 1251 3861; x_wconf 88' lang='grc' dir='ltr'><strong>τις</strong></span> <span class='ocrx_word' id='word_1_543' title='bbox 1293 3797 1377 3862; x_wconf 81' lang='grc' dir='ltr'><strong>είς</strong></span> <span class='ocrx_word' id='word_1_544' title='bbox 1422 3798 1612 3870; x_wconf 89' lang='grc' dir='ltr'>Σύρων</span> <span class='ocrx_word' id='word_1_545' title='bbox 1658 3797 1876 3869; x_wconf 60' lang='grc' dir='ltr'>τυχδνί</span> 
     </span>
    </p>
   </div>
   <div class='ocr_carea' id='block_1_77' title="bbox 1977 3789 3577 3871">
    <p class='ocr_par' dir='ltr' id='par_1_77' title="bbox 1994 3789 3577 3871">
     <span class='ocr_line' id='line_1_77' title="bbox 1994 3789 3577 3871; baseline -0.009 -15"><span class='ocrx_word' id='word_1_546' title='bbox 1994 3814 2174 3871; x_wconf 86' lang='lat' dir='ltr'><strong>neque</strong></span> <span class='ocrx_word' id='word_1_547' title='bbox 2228 3799 2508 3868; x_wconf 73' lang='lat' dir='ltr'><strong>Specimen</strong></span> <span class='ocrx_word' id='word_1_548' title='bbox 2560 3794 2785 3865; x_wconf 87' lang='lat' dir='ltr'><strong>aliquod</strong></span> <span class='ocrx_word' id='word_1_549' title='bbox 2834 3799 2933 3847; x_wconf 82' lang='lat' dir='ltr'><strong>aut</strong></span> <span class='ocrx_word' id='word_1_550' title='bbox 2976 3805 3171 3860; x_wconf 86' lang='lat' dir='ltr'><strong>spem,</strong></span> <span class='ocrx_word' id='word_1_551' title='bbox 3226 3789 3392 3844; x_wconf 89' lang='lat' dir='ltr'><strong>talem</strong></span> <span class='ocrx_word' id='word_1_552' title='bbox 3446 3804 3577 3844; x_wconf 89' lang='lat' dir='ltr'><strong>eum</strong></span> 
     </span>
    </p>
   </div>
   <div class='ocr_carea' id='block_1_78' title="bbox 318 3882 1876 3963">
    <p class='ocr_par' dir='ltr' id='par_1_78' title="bbox 318 3886 1876 3961">
     <span class='ocr_line' id='line_1_78' title="bbox 318 3886 1876 3961; baseline 0.006 -24"><span class='ocrx_word' id='word_1_553' title='bbox 318 3886 568 3955; x_wconf 84' lang='grc' dir='ltr'>γλῶσσαν</span> <span class='ocrx_word' id='word_1_554' title='bbox 607 3887 801 3959; x_wconf 73' lang='grc' dir='ltr'>ἑτέραν</span> <span class='ocrx_word' id='word_1_555' title='bbox 844 3888 1205 3958; x_wconf 86' lang='grc' dir='ltr'>μεταϐάλλειν</span> <span class='ocrx_word' id='word_1_556' title='bbox 1233 3892 1443 3961; x_wconf 81' lang='grc' dir='ltr'>αίροίτο</span> <span class='ocrx_word' id='word_1_557' title='bbox 1495 3891 1595 3954; x_wconf 75' lang='grc' dir='ltr'><strong>τὰς</strong></span> <span class='ocrx_word' id='word_1_558' title='bbox 1639 3907 1876 3960; x_wconf 83' lang='grc' dir='ltr'>συγγρα-</span> 
     </span>
    </p>
   </div>
   <div class='ocr_carea' id='block_1_79' title="bbox 1977 3882 3584 3963">
    <p class='ocr_par' dir='ltr' id='par_1_79' title="bbox 1995 3882 3584 3963">
     <span class='ocr_line' id='line_1_79' title="bbox 1995 3882 3584 3963; baseline -0.009 -13"><span class='ocrx_word' id='word_1_559' title='bbox 1995 3893 2135 3958; x_wconf 84' lang='lat' dir='ltr'><strong>fore,</strong></span> <span class='ocrx_word' id='word_1_560' title='bbox 2168 3890 2516 3963; x_wconf 64' lang='lat' dir='ltr'><strong>praebuisset,</strong></span> <span class='ocrx_word' id='word_1_561' title='bbox 2564 3886 2826 3958; x_wconf 86' lang='lat' dir='ltr'><strong>profecit,</strong></span> <span class='ocrx_word' id='word_1_562' title='bbox 2868 3893 2930 3940; x_wconf 85' lang='lat' dir='ltr'><strong>ut</strong></span> <span class='ocrx_word' id='word_1_563' title='bbox 2972 3898 3101 3939; x_wconf 88' lang='lat' dir='ltr'><strong>cum</strong></span> <span class='ocrx_word' id='word_1_564' title='bbox 3153 3882 3376 3953; x_wconf 88' lang='lat' dir='ltr'><strong>pietatis</strong></span> <span class='ocrx_word' id='word_1_565' title='bbox 3423 3897 3584 3938; x_wconf 83' lang='lat' dir='ltr'><strong>exer-</strong></span> 
     </span>
    </p>
   </div>
   <div class='ocr_carea' id='block_1_80' title="bbox 321 3974 1876 4059">
    <p class='ocr_par' dir='ltr' id='par_1_80' title="bbox 321 3979 1876 4059">
     <span class='ocr_line' id='line_1_80' title="bbox 321 3979 1876 4059; baseline 0.004 -28"><span class='ocrx_word' id='word_1_566' title='bbox 321 3980 451 4046; x_wconf 68' lang='grc' dir='ltr'>φὲς,</span> <span class='ocrx_word' id='word_1_567' title='bbox 498 3980 593 4033; x_wconf 81' lang='grc' dir='ltr'>καὶ</span> <span class='ocrx_word' id='word_1_568' title='bbox 650 3980 749 4053; x_wconf 81' lang='grc' dir='ltr'>τὴν</span> <span class='ocrx_word' id='word_1_569' title='bbox 803 3979 1149 4059; x_wconf 73' lang='grc' dir='ltr'>ἐπανθοῦσαν</span> <span class='ocrx_word' id='word_1_570' title='bbox 1195 3982 1358 4052; x_wconf 81' lang='grc' dir='ltr'>χάριν</span> <span class='ocrx_word' id='word_1_571' title='bbox 1401 3982 1509 4037; x_wconf 85' lang='grc' dir='ltr'>τῶν</span> <span class='ocrx_word' id='word_1_572' title='bbox 1558 3982 1876 4053; x_wconf 75' lang='grc' dir='ltr'>Ἐλληνικῶι</span> 
     </span>
    </p>
   </div>
   <div class='ocr_carea' id='block_1_81' title="bbox 1977 3974 3582 4059">
    <p class='ocr_par' dir='ltr' id='par_1_81' title="bbox 1997 3974 3582 4049">
     <span class='ocr_line' id='line_1_81' title="bbox 1997 3974 3582 4049; baseline -0.008 -7"><span class='ocrx_word' id='word_1_573' title='bbox 1997 3987 2130 4044; x_wconf 85' lang='lat' dir='ltr'><strong>citio</strong></span> <span class='ocrx_word' id='word_1_574' title='bbox 2159 3985 2226 4041; x_wconf 90' lang='lat' dir='ltr'><strong>ad</strong></span> <span class='ocrx_word' id='word_1_575' title='bbox 2254 3998 2533 4040; x_wconf 88' lang='lat' dir='ltr'><strong>summum</strong></span> <span class='ocrx_word' id='word_1_576' title='bbox 2567 3976 3065 4049; x_wconf 80' lang='lat' dir='ltr'><strong>contemplationis</strong></span> <span class='ocrx_word' id='word_1_577' title='bbox 3095 3974 3441 4047; x_wconf 60' lang='lat' dir='ltr'><strong>pervenerit,</strong></span> <span class='ocrx_word' id='word_1_578' title='bbox 3466 3986 3582 4030; x_wconf 89' lang='lat' dir='ltr'><strong>tum</strong></span> 
     </span>
    </p>
   </div>
   <div class='ocr_carea' id='block_1_82' title="bbox 198 4071 1876 4163">
    <p class='ocr_par' dir='ltr' id='par_1_82' title="bbox 198 4071 1876 4163">
     <span class='ocr_line' id='line_1_82' title="bbox 198 4071 1876 4163; baseline 0.001 -42"><span class='ocrx_word' id='word_1_579' title='bbox 198 4153 211 4163; x_wconf 39' lang='lat'><strong>‘</strong></span> <span class='ocrx_word' id='word_1_580' title='bbox 322 4071 757 4142; x_wconf 69' lang='grc' dir='ltr'>καρυκευμάτων</span> <span class='ocrx_word' id='word_1_581' title='bbox 809 4072 1106 4141; x_wconf 75' lang='grc' dir='ltr'>ἀφέλοιτο,</span> <span class='ocrx_word' id='word_1_582' title='bbox 1163 4074 1261 4129; x_wconf 78' lang='grc' dir='ltr'><strong>καὶ</strong></span> <span class='ocrx_word' id='word_1_583' title='bbox 1316 4073 1415 4144; x_wconf 82' lang='grc' dir='ltr'>τὴν</span> <span class='ocrx_word' id='word_1_584' title='bbox 1467 4073 1876 4145; x_wconf 56' lang='grc' dir='ltr'>ἐπιχρώζουσαγ</span> 
     </span>
    </p>
   </div>
   <div class='ocr_carea' id='block_1_83' title="bbox 1977 4071 3584 4163">
    <p class='ocr_par' dir='ltr' id='par_1_83' title="bbox 2000 4071 3584 4149">
     <span class='ocr_line' id='line_1_83' title="bbox 2000 4071 3584 4149; baseline -0.009 -13"><span class='ocrx_word' id='word_1_585' title='bbox 2000 4079 2314 4149; x_wconf 86' lang='lat' dir='ltr'><strong>splendore,</strong></span> <span class='ocrx_word' id='word_1_586' title='bbox 2337 4075 2600 4133; x_wconf 80' lang='lat' dir='ltr'><strong>facilitate</strong></span> <span class='ocrx_word' id='word_1_587' title='bbox 2627 4083 2684 4130; x_wconf 90' lang='lat' dir='ltr'><strong>et</strong></span> <span class='ocrx_word' id='word_1_588' title='bbox 2707 4073 2985 4129; x_wconf 89' lang='lat' dir='ltr'><strong>suavitate</strong></span> <span class='ocrx_word' id='word_1_589' title='bbox 3014 4071 3340 4136; x_wconf 86' lang='lat' dir='ltr'><strong>verborum,</strong></span> <span class='ocrx_word' id='word_1_590' title='bbox 3367 4084 3584 4123; x_wconf 83' lang='lat' dir='ltr'><strong>necnon</strong></span> 
     </span>
    </p>
   </div>
   <div class='ocr_carea' id='block_1_84' title="bbox 323 4161 1876 4248">
    <p class='ocr_par' dir='ltr' id='par_1_84' title="bbox 323 4163 1876 4237">
     <span class='ocr_line' id='line_1_84' title="bbox 323 4163 1876 4237; baseline 0.001 -21"><span class='ocrx_word' id='word_1_591' title='bbox 323 4163 613 4234; x_wconf 80' lang='grc' dir='ltr'>τερθρείαν</span> <span class='ocrx_word' id='word_1_592' title='bbox 657 4168 750 4219; x_wconf 77' lang='grc' dir='ltr'>καὶ</span> <span class='ocrx_word' id='word_1_593' title='bbox 801 4166 1062 4236; x_wconf 86' lang='grc' dir='ltr'>γοητείαν</span> <span class='ocrx_word' id='word_1_594' title='bbox 1105 4164 1216 4220; x_wconf 86' lang='grc' dir='ltr'><strong>τῶν</strong></span> <span class='ocrx_word' id='word_1_595' title='bbox 1256 4165 1481 4231; x_wconf 80' lang='grc' dir='ltr'>λέξεων,</span> <span class='ocrx_word' id='word_1_596' title='bbox 1511 4166 1713 4220; x_wconf 82' lang='grc' dir='ltr'>αὐτίκα</span> <span class='ocrx_word' id='word_1_597' title='bbox 1760 4167 1876 4237; x_wconf 85' lang='grc' dir='ltr'><strong>πρό</strong></span> 
     </span>
    </p>
   </div>
   <div class='ocr_carea' id='block_1_85' title="bbox 1977 4161 3588 4248">
    <p class='ocr_par' dir='ltr' id='par_1_85' title="bbox 1999 4161 3588 4248">
     <span class='ocr_line' id='line_1_85' title="bbox 1999 4161 3588 4248; baseline -0.01 -20"><span class='ocrx_word' id='word_1_598' title='bbox 1999 4172 2363 4248; x_wconf 59' lang='lat' dir='ltr'><strong>densitatqet</strong></span> <span class='ocrx_word' id='word_1_599' title='bbox 2390 4168 2666 4239; x_wconf 78' lang='lat' dir='ltr'><strong>gravitate</strong></span> <span class='ocrx_word' id='word_1_600' title='bbox 2697 4164 3128 4229; x_wconf 82' lang='lat' dir='ltr'><strong>sententiarum,</strong></span> <span class='ocrx_word' id='word_1_601' title='bbox 3166 4162 3332 4218; x_wconf 88' lang='lat' dir='ltr'><strong>etiam</strong></span> <span class='ocrx_word' id='word_1_602' title='bbox 3363 4161 3588 4230; x_wconf 64' lang='lat' dir='ltr'><strong>pra-cla-</strong></span> 
     </span>
    </p>
   </div>
   <div class='ocr_carea' id='block_1_86' title="bbox 323 4252 1876 4332">
    <p class='ocr_par' dir='ltr' id='par_1_86' title="bbox 323 4256 1876 4329">
     <span class='ocr_line' id='line_1_86' title="bbox 323 4256 1876 4329; baseline 0.001 -20"><span class='ocrx_word' id='word_1_603' title='bbox 323 4256 477 4326; x_wconf 69' lang='grc' dir='ltr'>δηλον</span> <span class='ocrx_word' id='word_1_604' title='bbox 502 4257 563 4311; x_wconf 82' lang='grc' dir='ltr'>τὸ</span> <span class='ocrx_word' id='word_1_605' title='bbox 592 4258 701 4311; x_wconf 84' lang='grc' dir='ltr'><strong>τῶν</strong></span> <span class='ocrx_word' id='word_1_606' title='bbox 733 4258 1021 4328; x_wconf 82' lang='grc' dir='ltr'>νοημάτων</span> <span class='ocrx_word' id='word_1_607' title='bbox 1057 4258 1159 4311; x_wconf 82' lang='grc' dir='ltr'><strong>οὐκ</strong></span> <span class='ocrx_word' id='word_1_608' title='bbox 1209 4257 1455 4327; x_wconf 82' lang='grc' dir='ltr'>εὐγενὲς,</span> <span class='ocrx_word' id='word_1_609' title='bbox 1485 4258 1585 4329; x_wconf 84' lang='grc' dir='ltr'><strong>τῆς</strong></span> <span class='ocrx_word' id='word_1_610' title='bbox 1615 4273 1876 4328; x_wconf 76' lang='grc' dir='ltr'>κομμωτι</span> 
     </span>
    </p>
   </div>
   <div class='ocr_carea' id='block_1_87' title="bbox 1977 4252 3589 4332">
    <p class='ocr_par' dir='ltr' id='par_1_87' title="bbox 2000 4252 3589 4332">
     <span class='ocr_line' id='line_1_87' title="bbox 2000 4252 3589 4332; baseline -0.009 -12"><span class='ocrx_word' id='word_1_611' title='bbox 2000 4265 2248 4320; x_wconf 86' lang='lat' dir='ltr'><strong>rissimos</strong></span> <span class='ocrx_word' id='word_1_612' title='bbox 2282 4275 2535 4332; x_wconf 86' lang='lat' dir='ltr'><strong>quosque</strong></span> <span class='ocrx_word' id='word_1_613' title='bbox 2563 4258 2906 4323; x_wconf 56' lang='lat' dir='ltr'><strong>Graecorum,</strong></span> <span class='ocrx_word' id='word_1_614' title='bbox 2936 4255 3033 4325; x_wconf 90' lang='lat' dir='ltr'><strong>qui</strong></span> <span class='ocrx_word' id='word_1_615' title='bbox 3077 4253 3401 4332; x_wconf 66' lang='lat' dir='ltr'><strong>eloquentia</strong></span> <span class='ocrx_word' id='word_1_616' title='bbox 3432 4252 3589 4306; x_wconf 59' lang='lat' dir='ltr'><strong>auti-</strong></span> 
     </span>
    </p>
   </div>
   <div class='ocr_carea' id='block_1_88' title="bbox 325 4324 1876 4428">
    <p class='ocr_par' dir='ltr' id='par_1_88' title="bbox 325 4324 1876 4424">
     <span class='ocr_line' id='line_1_88' title="bbox 325 4324 1876 4424; baseline -0.002 -22"><span class='ocrx_word' id='word_1_617' title='bbox 325 4324 428 4418; x_wconf 64' lang='grc' dir='ltr'>κῆς</span> <span class='ocrx_word' id='word_1_618' title='bbox 458 4350 618 4414; x_wconf 80' lang='grc' dir='ltr'>εὐθὺς</span> <span class='ocrx_word' id='word_1_619' title='bbox 647 4324 870 4422; x_wconf 79' lang='grc' dir='ltr'>χάριτος</span> <span class='ocrx_word' id='word_1_620' title='bbox 898 4324 1305 4424; x_wconf 50' lang='grc' dir='ltr'>ἁπορῤεούσηςξ</span> <span class='ocrx_word' id='word_1_621' title='bbox 1330 4352 1456 4414; x_wconf 80' lang='grc' dir='ltr'><strong>Τοῖς</strong></span> <span class='ocrx_word' id='word_1_622' title='bbox 1480 4324 1554 4420; x_wconf 35' lang='grc' dir='ltr'>γε.</span> <span class='ocrx_word' id='word_1_623' title='bbox 1574 4324 1876 4422; x_wconf 29' lang='grc' dir='ltr'>μὴννλόγοι.</span> 
     </span>
    </p>
   </div>
   <div class='ocr_carea' id='block_1_89' title="bbox 1977 4324 3590 4428">
    <p class='ocr_par' dir='ltr' id='par_1_89' title="bbox 2001 4324 3590 4428">
     <span class='ocr_line' id='line_1_89' title="bbox 2001 4324 3590 4428; baseline -0.009 -17"><span class='ocrx_word' id='word_1_624' title='bbox 2001 4357 2190 4428; x_wconf 82' lang='lat' dir='ltr'><strong>quitus</strong></span> <span class='ocrx_word' id='word_1_625' title='bbox 2231 4353 2645 4416; x_wconf 82' lang='lat' dir='ltr'><strong>excelluissent,</strong></span> <span class='ocrx_word' id='word_1_626' title='bbox 2691 4348 3065 4420; x_wconf 87' lang='lat' dir='ltr'><strong>superaverit.</strong></span> <span class='ocrx_word' id='word_1_627' title='bbox 3115 4347 3334 4402; x_wconf 89' lang='lat' dir='ltr'><strong>Etenim</strong></span> <span class='ocrx_word' id='word_1_628' title='bbox 3382 4324 3428 4399; x_wconf 71' lang='lat' dir='ltr'><strong>si</strong></span> <span class='ocrx_word' id='word_1_629' title='bbox 3461 4345 3590 4415; x_wconf 86' lang='lat' dir='ltr'><strong>quis</strong></span> 
     </span>
    </p>
   </div>
   <div class='ocr_carea' id='block_1_90' title="bbox 336 4436 1876 4515">
    <p class='ocr_par' dir='ltr' id='par_1_90' title="bbox 336 4441 1876 4515">
     <span class='ocr_line' id='line_1_90' title="bbox 336 4441 1876 4515; baseline 0.001 -21"><span class='ocrx_word' id='word_1_630' title='bbox 336 4442 582 4513; x_wconf 76' lang='grc' dir='ltr'>Ἐφραὶμ</span> <span class='ocrx_word' id='word_1_631' title='bbox 632 4444 805 4506; x_wconf 81' lang='grc' dir='ltr'>ἄλλως</span> <span class='ocrx_word' id='word_1_632' title='bbox 867 4446 1013 4515; x_wconf 83' lang='grc' dir='ltr'>ἔχει·</span> <span class='ocrx_word' id='word_1_633' title='bbox 1045 4446 1137 4498; x_wconf 77' lang='grc' dir='ltr'><strong>καὶ</strong></span> <span class='ocrx_word' id='word_1_634' title='bbox 1181 4444 1291 4513; x_wconf 83' lang='grc' dir='ltr'><strong>γὰρ</strong></span> <span class='ocrx_word' id='word_1_635' title='bbox 1339 4443 1446 4508; x_wconf 70' lang='grc' dir='ltr'>ἕως</span> <span class='ocrx_word' id='word_1_636' title='bbox 1484 4441 1544 4496; x_wconf 81' lang='grc' dir='ltr'>οὗ</span> <span class='ocrx_word' id='word_1_637' title='bbox 1579 4447 1777 4513; x_wconf 80' lang='grc' dir='ltr'>περιῆν</span> <span class='ocrx_word' id='word_1_638' title='bbox 1809 4458 1876 4496; x_wconf 84' lang='grc' dir='ltr'><strong>κα</strong></span> 
     </span>
    </p>
   </div>
   <div class='ocr_carea' id='block_1_91' title="bbox 1977 4436 3588 4515">
    <p class='ocr_par' dir='ltr' id='par_1_91' title="bbox 2006 4436 3588 4512">
     <span class='ocr_line' id='line_1_91' title="bbox 2006 4436 3588 4512; baseline -0.009 -10"><span class='ocrx_word' id='word_1_639' title='bbox 2006 4448 2225 4503; x_wconf 89' lang='lat' dir='ltr'><strong>illorum</strong></span> <span class='ocrx_word' id='word_1_640' title='bbox 2257 4445 2445 4501; x_wconf 71' lang='lat' dir='ltr'><strong>Graeca</strong></span> <span class='ocrx_word' id='word_1_641' title='bbox 2486 4443 2693 4512; x_wconf 89' lang='lat' dir='ltr'><strong>scripta</strong></span> <span class='ocrx_word' id='word_1_642' title='bbox 2735 4441 2790 4495; x_wconf 91' lang='lat' dir='ltr'><strong>in</strong></span> <span class='ocrx_word' id='word_1_643' title='bbox 2830 4442 3098 4511; x_wconf 82' lang='lat' dir='ltr'><strong>Syrorum</strong></span> <span class='ocrx_word' id='word_1_644' title='bbox 3135 4437 3281 4493; x_wconf 80' lang='lat' dir='ltr'><strong>forte</strong></span> <span class='ocrx_word' id='word_1_645' title='bbox 3312 4445 3410 4490; x_wconf 88' lang='lat' dir='ltr'><strong>aut</strong></span> <span class='ocrx_word' id='word_1_646' title='bbox 3439 4436 3588 4489; x_wconf 89' lang='lat' dir='ltr'><strong>alio-</strong></span> 
     </span>
    </p>
   </div>
   <div class='ocr_carea' id='block_1_92' title="bbox 325 4517 1876 4610">
    <p class='ocr_par' dir='ltr' id='par_1_92' title="bbox 325 4534 1876 4608">
     <span class='ocr_line' id='line_1_92' title="bbox 325 4534 1876 4608; baseline 0.002 -22"><span class='ocrx_word' id='word_1_647' title='bbox 325 4535 472 4605; x_wconf 80' lang='grc' dir='ltr'>ἐξῆς,</span> <span class='ocrx_word' id='word_1_648' title='bbox 501 4536 583 4598; x_wconf 86' lang='grc' dir='ltr'><strong>είς</strong></span> <span class='ocrx_word' id='word_1_649' title='bbox 608 4537 707 4608; x_wconf 81' lang='grc' dir='ltr'>τὴν</span> <span class='ocrx_word' id='word_1_650' title='bbox 742 4536 1023 4607; x_wconf 84' lang='grc' dir='ltr'>Ἑλληνίδα</span> <span class='ocrx_word' id='word_1_651' title='bbox 1052 4535 1303 4605; x_wconf 84' lang='grc' dir='ltr'>γλῶτταν</span> <span class='ocrx_word' id='word_1_652' title='bbox 1334 4536 1444 4589; x_wconf 87' lang='grc' dir='ltr'><strong>τῶν</strong></span> <span class='ocrx_word' id='word_1_653' title='bbox 1472 4534 1689 4588; x_wconf 77' lang='grc' dir='ltr'>ἐκείνου</span> <span class='ocrx_word' id='word_1_654' title='bbox 1718 4534 1876 4602; x_wconf 69' lang='grc' dir='ltr'>λόγωι</span> 
     </span>
    </p>
   </div>
   <div class='ocr_carea' id='block_1_93' title="bbox 1977 4517 3590 4610">
    <p class='ocr_par' dir='ltr' id='par_1_93' title="bbox 2004 4526 3590 4610">
     <span class='ocr_line' id='line_1_93' title="bbox 2004 4526 3590 4610; baseline -0.011 -15"><span class='ocrx_word' id='word_1_655' title='bbox 2004 4555 2127 4595; x_wconf 88' lang='lat' dir='ltr'><strong>rum</strong></span> <span class='ocrx_word' id='word_1_656' title='bbox 2160 4536 2510 4610; x_wconf 84' lang='lat' dir='ltr'><strong>peregrinam</strong></span> <span class='ocrx_word' id='word_1_657' title='bbox 2536 4534 2784 4605; x_wconf 81' lang='lat' dir='ltr'><strong>linguam</strong></span> <span class='ocrx_word' id='word_1_658' title='bbox 2817 4529 3172 4594; x_wconf 79' lang='lat' dir='ltr'><strong>transferret,</strong></span> <span class='ocrx_word' id='word_1_659' title='bbox 3208 4538 3264 4583; x_wconf 89' lang='lat' dir='ltr'><strong>et</strong></span> <span class='ocrx_word' id='word_1_660' title='bbox 3297 4526 3590 4581; x_wconf 80' lang='lat' dir='ltr'><strong>florentem</strong></span> 
     </span>
    </p>
   </div>
   <div class='ocr_carea' id='block_1_94' title="bbox 324 4626 1899 4701">
    <p class='ocr_par' dir='ltr' id='par_1_94' title="bbox 324 4626 1899 4701">
     <span class='ocr_line' id='line_1_94' title="bbox 324 4626 1899 4701; baseline 0 -21"><span class='ocrx_word' id='word_1_661' title='bbox 324 4627 749 4697; x_wconf 76' lang='grc' dir='ltr'>ἀλλοιουμὲνων,</span> <span class='ocrx_word' id='word_1_662' title='bbox 788 4628 850 4682; x_wconf 80' lang='grc' dir='ltr'><strong>οὐ</strong></span> <span class='ocrx_word' id='word_1_663' title='bbox 894 4627 1039 4681; x_wconf 87' lang='grc' dir='ltr'>πάνυ</span> <span class='ocrx_word' id='word_1_664' title='bbox 1094 4628 1286 4701; x_wconf 74' lang='grc' dir='ltr'>πόρρω</span> <span class='ocrx_word' id='word_1_665' title='bbox 1323 4628 1424 4692; x_wconf 81' lang='grc' dir='ltr'>τῆς</span> <span class='ocrx_word' id='word_1_666' title='bbox 1474 4626 1899 4698; x_wconf 87' lang='grc' dir='ltr'>ἐνοικουρούσης</span> 
     </span>
    </p>
   </div>
   <div class='ocr_carea' id='block_1_95' title="bbox 328 4712 1898 4793">
    <p class='ocr_par' dir='ltr' id='par_1_95' title="bbox 328 4712 1898 4793">
     <span class='ocr_line' id='line_1_95' title="bbox 328 4712 1898 4793; baseline -0.001 -17"><span class='ocrx_word' id='word_1_667' title='bbox 328 4712 652 4789; x_wconf 76' lang='grc' dir='ltr'>ἀφίστανται</span> <span class='ocrx_word' id='word_1_668' title='bbox 709 4721 929 4793; x_wconf 81' lang='grc' dir='ltr'>ἀρετῆς.</span> <span class='ocrx_word' id='word_1_669' title='bbox 968 4721 1168 4788; x_wconf 85' lang='grc' dir='ltr'>Θαῡμα</span> <span class='ocrx_word' id='word_1_670' title='bbox 1213 4719 1259 4773; x_wconf 84' lang='grc' dir='ltr'>δ’</span> <span class='ocrx_word' id='word_1_671' title='bbox 1303 4721 1424 4776; x_wconf 76' lang='grc' dir='ltr'>ἐστὶ</span> <span class='ocrx_word' id='word_1_672' title='bbox 1470 4723 1583 4783; x_wconf 82' lang='grc' dir='ltr'>τοῖς</span> <span class='ocrx_word' id='word_1_673' title='bbox 1613 4720 1898 4785; x_wconf 84' lang='grc' dir='ltr'>ἀκούουσι,</span> 
     </span>
    </p>
   </div>
   <div class='ocr_carea' id='block_1_96' title="bbox 327 4810 1903 4883">
    <p class='ocr_par' dir='ltr' id='par_1_96' title="bbox 327 4810 1903 4883">
     <span class='ocr_line' id='line_1_96' title="bbox 327 4810 1903 4883; baseline -0.003 -15"><span class='ocrx_word' id='word_1_674' title='bbox 327 4816 421 4868; x_wconf 76' lang='grc' dir='ltr'><strong>καὶ</strong></span> <span class='ocrx_word' id='word_1_675' title='bbox 449 4813 651 4883; x_wconf 84' lang='grc' dir='ltr'>Ἕλλην</span> <span class='ocrx_word' id='word_1_676' title='bbox 698 4814 793 4868; x_wconf 73' lang='grc' dir='ltr'><strong>καὶ</strong></span> <span class='ocrx_word' id='word_1_677' title='bbox 846 4811 1015 4883; x_wconf 85' lang='grc' dir='ltr'>Σύρος</span> <span class='ocrx_word' id='word_1_678' title='bbox 1065 4810 1619 4880; x_wconf 47' lang='grc' dir='ltr'>ἀναγινωσκόμενος</span> <span class='ocrx_word' id='word_1_679' title='bbox 1670 4811 1765 4865; x_wconf 84' lang='grc' dir='ltr'>διά.</span> <span class='ocrx_word' id='word_1_680' title='bbox 1816 4827 1903 4865; x_wconf 87' lang='grc' dir='ltr'><strong>τοι</strong></span> 
     </span>
    </p>
   </div>
   <div class='ocr_carea' id='block_1_97' title="bbox 327 4904 1903 4977">
    <p class='ocr_par' dir='ltr' id='par_1_97' title="bbox 327 4904 1903 4977">
     <span class='ocr_line' id='line_1_97' title="bbox 327 4904 1903 4977; baseline -0.001 -19"><span class='ocrx_word' id='word_1_681' title='bbox 327 4907 423 4960; x_wconf 74' lang='grc' dir='ltr'><strong>καὶ</strong></span> <span class='ocrx_word' id='word_1_682' title='bbox 462 4909 492 4961; x_wconf 86' lang='grc' dir='ltr'><strong>ό</strong></span> <span class='ocrx_word' id='word_1_683' title='bbox 530 4907 698 4969; x_wconf 77' lang='grc' dir='ltr'>πολὺς</span> <span class='ocrx_word' id='word_1_684' title='bbox 746 4908 805 4960; x_wconf 78' lang='grc' dir='ltr'><strong>ἐν</strong></span> <span class='ocrx_word' id='word_1_685' title='bbox 845 4906 989 4977; x_wconf 87' lang='grc' dir='ltr'>λόγῳ</span> <span class='ocrx_word' id='word_1_686' title='bbox 1044 4909 1138 4960; x_wconf 73' lang='grc' dir='ltr'><strong>καὶ</strong></span> <span class='ocrx_word' id='word_1_687' title='bbox 1184 4904 1358 4976; x_wconf 73' lang='grc' dir='ltr'>ἀρετῇ</span> <span class='ocrx_word' id='word_1_688' title='bbox 1408 4905 1714 4970; x_wconf 87' lang='grc' dir='ltr'>Βασίλειος,</span> <span class='ocrx_word' id='word_1_689' title='bbox 1744 4906 1773 4957; x_wconf 85' lang='grc' dir='ltr'><strong>ό</strong></span> <span class='ocrx_word' id='word_1_690' title='bbox 1802 4906 1903 4971; x_wconf 79' lang='grc' dir='ltr'>τὴν</span> 
     </span>
    </p>
   </div>
   <div class='ocr_carea' id='block_1_98' title="bbox 329 4997 1907 5070">
    <p class='ocr_par' dir='ltr' id='par_1_98' title="bbox 329 4997 1907 5070">
     <span class='ocr_line' id='line_1_98' title="bbox 329 4997 1907 5070; baseline -0.003 -16"><span class='ocrx_word' id='word_1_691' title='bbox 329 4999 715 5055; x_wconf 82' lang='grc' dir='ltr'>Καππαδοκῶν</span> <span class='ocrx_word' id='word_1_692' title='bbox 743 4999 1172 5070; x_wconf 82' lang='grc' dir='ltr'>κατακοσμήσας</span> <span class='ocrx_word' id='word_1_693' title='bbox 1214 4997 1577 5069; x_wconf 86' lang='grc' dir='ltr'>μητρόπολιν,</span> <span class='ocrx_word' id='word_1_694' title='bbox 1606 4997 1907 5067; x_wconf 84' lang='grc' dir='ltr'>ὑπερφυῶς</span> 
     </span>
    </p>
   </div>
   <div class='ocr_carea' id='block_1_99' title="bbox 327 5088 1909 5162">
    <p class='ocr_par' dir='ltr' id='par_1_99' title="bbox 327 5088 1909 5162">
     <span class='ocr_line' id='line_1_99' title="bbox 327 5088 1909 5162; baseline 0.001 -20"><span class='ocrx_word' id='word_1_695' title='bbox 327 5091 421 5144; x_wconf 75' lang='grc' dir='ltr'>τὸν</span> <span class='ocrx_word' id='word_1_696' title='bbox 463 5090 633 5162; x_wconf 76' lang='grc' dir='ltr'>ἄνδρα</span> <span class='ocrx_word' id='word_1_697' title='bbox 682 5090 992 5161; x_wconf 80' lang='grc' dir='ltr'>ἐθαύμασε,</span> <span class='ocrx_word' id='word_1_698' title='bbox 1040 5091 1138 5145; x_wconf 76' lang='grc' dir='ltr'>καὶ</span> <span class='ocrx_word' id='word_1_699' title='bbox 1182 5089 1283 5160; x_wconf 85' lang='grc' dir='ltr'>τῆς</span> <span class='ocrx_word' id='word_1_700' title='bbox 1333 5089 1587 5151; x_wconf 87' lang='grc' dir='ltr'>παιδείας</span> <span class='ocrx_word' id='word_1_701' title='bbox 1637 5088 1909 5158; x_wconf 71' lang='grc' dir='ltr'>μακάριον</span> 
     </span>
    </p>
   </div>
   <div class='ocr_carea' id='block_1_100' title="bbox 330 5179 1910 5254">
    <p class='ocr_par' dir='ltr' id='par_1_100' title="bbox 330 5179 1910 5254">
     <span class='ocr_line' id='line_1_100' title="bbox 330 5179 1910 5254; baseline -0.003 -19"><span class='ocrx_word' id='word_1_702' title='bbox 330 5184 558 5254; x_wconf 74' lang='grc' dir='ltr'>ἥγηται.</span> <span class='ocrx_word' id='word_1_703' title='bbox 602 5181 689 5246; x_wconf 85' lang='grc' dir='ltr'>Ὠς</span> <span class='ocrx_word' id='word_1_704' title='bbox 735 5182 894 5254; x_wconf 84' lang='grc' dir='ltr'>δῆλον</span> <span class='ocrx_word' id='word_1_705' title='bbox 929 5179 1074 5237; x_wconf 72' lang='grc' dir='ltr'>εἶναι</span> <span class='ocrx_word' id='word_1_706' title='bbox 1130 5185 1197 5254; x_wconf 81' lang='grc' dir='ltr'>τῇ</span> <span class='ocrx_word' id='word_1_707' title='bbox 1239 5179 1449 5236; x_wconf 75' lang='grc' dir='ltr'>ἐκείνου</span> <span class='ocrx_word' id='word_1_708' title='bbox 1497 5179 1719 5249; x_wconf 77' lang='grc' dir='ltr'>ἀκριϐεῖ</span> <span class='ocrx_word' id='word_1_709' title='bbox 1768 5196 1910 5250; x_wconf 87' lang='grc' dir='ltr'>μαρ-</span> 
     </span>
    </p>
   </div>
   <div class='ocr_carea' id='block_1_101' title="bbox 332 5270 1910 5346">
    <p class='ocr_par' dir='ltr' id='par_1_101' title="bbox 332 5270 1910 5346">
     <span class='ocr_line' id='line_1_101' title="bbox 332 5270 1910 5346; baseline 0.001 -23"><span class='ocrx_word' id='word_1_710' title='bbox 332 5272 517 5345; x_wconf 75' lang='grc' dir='ltr'>τυρίᾳ,</span> <span class='ocrx_word' id='word_1_711' title='bbox 545 5274 641 5328; x_wconf 76' lang='grc' dir='ltr'>καὶ</span> <span class='ocrx_word' id='word_1_712' title='bbox 669 5276 820 5344; x_wconf 83' lang='grc' dir='ltr'>κοινῇ</span> <span class='ocrx_word' id='word_1_713' title='bbox 854 5277 1009 5346; x_wconf 73' lang='grc' dir='ltr'>παρὰ</span> <span class='ocrx_word' id='word_1_714' title='bbox 1032 5272 1142 5327; x_wconf 83' lang='grc' dir='ltr'><strong>τῶν</strong></span> <span class='ocrx_word' id='word_1_715' title='bbox 1169 5275 1228 5328; x_wconf 78' lang='grc' dir='ltr'><strong>ἐν</strong></span> <span class='ocrx_word' id='word_1_716' title='bbox 1262 5272 1440 5341; x_wconf 89' lang='grc' dir='ltr'>λόγοις</span> <span class='ocrx_word' id='word_1_717' title='bbox 1472 5270 1910 5342; x_wconf 81' lang='grc' dir='ltr'>θαυμαζομένων</span> 
     </span>
    </p>
   </div>
   <div class='ocr_carea' id='block_1_102' title="bbox 344 5363 1912 5437">
    <p class='ocr_par' dir='ltr' id='par_1_102' title="bbox 344 5363 1912 5437">
     <span class='ocr_line' id='line_1_102' title="bbox 344 5363 1912 5437; baseline -0.001 -19"><span class='ocrx_word' id='word_1_718' title='bbox 344 5365 614 5436; x_wconf 76' lang='grc' dir='ltr'>Ἑλλήνων</span> <span class='ocrx_word' id='word_1_719' title='bbox 686 5368 945 5437; x_wconf 81' lang='grc' dir='ltr'>τηνικάδε</span> <span class='ocrx_word' id='word_1_720' title='bbox 966 5406 983 5431; x_wconf 92' lang='grc'><strong>,</strong></span> <span class='ocrx_word' id='word_1_721' title='bbox 1044 5371 1265 5422; x_wconf 78' lang='grc' dir='ltr'>πάντων</span> <span class='ocrx_word' id='word_1_722' title='bbox 1324 5363 1760 5435; x_wconf 74' lang='grc' dir='ltr'>ἐλλογιμὼτερρν</span> <span class='ocrx_word' id='word_1_723' title='bbox 1816 5364 1912 5418; x_wconf 65' lang='grc' dir='ltr'>τὶν</span> 
     </span>
    </p>
   </div>
   <div class='ocr_carea' id='block_1_103' title="bbox 369 5519 1911 5647">
    <p class='ocr_par' dir='ltr' id='par_1_103' title="bbox 369 5519 1911 5647">
     <span class='ocr_line' id='line_1_103' title="bbox 369 5519 1911 5647; baseline -0.002 -67"><span class='ocrx_word' id='word_1_724' title='bbox 369 5525 486 5647; x_wconf 41' lang='grc'><strong>’,(1)</strong></span> <span class='ocrx_word' id='word_1_725' title='bbox 517 5525 578 5580; x_wconf 86' lang='lat' dir='ltr'><strong>lu</strong></span> <span class='ocrx_word' id='word_1_726' title='bbox 630 5527 768 5581; x_wconf 89' lang='lat' dir='ltr'><strong>mari</strong></span> <span class='ocrx_word' id='word_1_727' title='bbox 822 5525 1006 5582; x_wconf 88' lang='lat' dir='ltr'><strong>Tusco</strong></span> <span class='ocrx_word' id='word_1_728' title='bbox 1053 5535 1245 5581; x_wconf 89' lang='lat' dir='ltr'><strong>contra</strong></span> <span class='ocrx_word' id='word_1_729' title='bbox 1305 5532 1524 5580; x_wconf 89' lang='lat' dir='ltr'><strong>montes</strong></span> <span class='ocrx_word' id='word_1_730' title='bbox 1584 5519 1911 5593; x_wconf 75' lang='lat' dir='ltr'><strong>Lygusticos</strong></span> 
     </span>
     <span class='ocr_line' id='line_1_104' title="bbox 369 5612 464 5647; baseline 0 0"><span class='ocrx_word' id='word_1_731' title='bbox 369 5612 385 5647; x_wconf 94' lang='lat' dir='ltr'><strong>l</strong></span> <span class='ocrx_word' id='word_1_732' title='bbox 414 5612 464 5647; x_wconf 88' lang='lat' dir='ltr'><strong>a.</strong></span> 
     </span>
    </p>
   </div>
   <div class='ocr_carea' id='block_1_104' title="bbox 263 5612 464 5658">
    <p class='ocr_par' dir='ltr' id='par_1_104' title="bbox 263 5612 464 5658">
     <span class='ocr_line' id='line_1_105' title="bbox 263 5612 464 5658; baseline -0.005 -7"><span class='ocrx_word' id='word_1_733' title='bbox 263 5635 283 5658; x_wconf 77' lang='grc' dir='ltr'><strong>ο</strong></span> <span class='ocrx_word' id='word_1_734' title='bbox 340 5612 464 5651; x_wconf 79' lang='lat' dir='ltr'><strong>sua.</strong></span> 
     </span>
    </p>
   </div>
   <div class='ocr_carea' id='block_1_105' title="bbox 413 5667 1379 5739">
    <p class='ocr_par' dir='ltr' id='par_1_105' title="bbox 413 5667 1379 5739">
     <span class='ocr_line' id='line_1_106' title="bbox 413 5667 1379 5739; baseline -0.002 -18"><span class='ocrx_word' id='word_1_735' title='bbox 413 5667 490 5737; x_wconf 77' lang='lat'><strong>(2)</strong></span> <span class='ocrx_word' id='word_1_736' title='bbox 523 5668 691 5723; x_wconf 86' lang='lat' dir='ltr'><strong>Divus</strong></span> <span class='ocrx_word' id='word_1_737' title='bbox 720 5668 960 5724; x_wconf 82' lang='lat' dir='ltr'><strong>Hilarius</strong></span> <span class='ocrx_word' id='word_1_738' title='bbox 985 5668 1187 5739; x_wconf 73' lang='lat' dir='ltr'><strong>coniux</strong></span> <span class='ocrx_word' id='word_1_739' title='bbox 1220 5667 1323 5721; x_wconf 84' lang='lat' dir='ltr'><strong>fuit</strong></span> <span class='ocrx_word' id='word_1_740' title='bbox 1366 5684 1379 5719; x_wconf 93' lang='lat'><strong>:</strong></span> 
     </span>
    </p>
   </div>
   <div class='ocr_carea' id='block_1_106' title="bbox 450 5754 1808 5827">
    <p class='ocr_par' dir='ltr' id='par_1_106' title="bbox 450 5754 1808 5827">
     <span class='ocr_line' id='line_1_107' title="bbox 450 5754 1808 5827; baseline -0.001 -16"><span class='ocrx_word' id='word_1_741' title='bbox 450 5754 575 5827; x_wconf 75' lang='lat' dir='ltr'><strong>Non</strong></span> <span class='ocrx_word' id='word_1_742' title='bbox 607 5759 786 5813; x_wconf 84' lang='lat' dir='ltr'><strong>nocuit</strong></span> <span class='ocrx_word' id='word_1_743' title='bbox 823 5758 919 5811; x_wconf 79' lang='lat' dir='ltr'><strong>(ibi</strong></span> <span class='ocrx_word' id='word_1_744' title='bbox 965 5758 1258 5827; x_wconf 77' lang='lat' dir='ltr'><strong>progenies,</strong></span> <span class='ocrx_word' id='word_1_745' title='bbox 1297 5773 1398 5810; x_wconf 82' lang='lat' dir='ltr'><strong>non</strong></span> <span class='ocrx_word' id='word_1_746' title='bbox 1426 5755 1627 5810; x_wconf 77' lang='lat' dir='ltr'><strong>obstitit</strong></span> <span class='ocrx_word' id='word_1_747' title='bbox 1657 5772 1808 5820; x_wconf 75' lang='lat' dir='ltr'><strong>uxor,</strong></span> 
     </span>
    </p>
   </div>
   <div class='ocr_carea' id='block_1_107' title="bbox 450 5826 1753 5893">
    <p class='ocr_par' dir='ltr' id='par_1_107' title="bbox 450 5826 1753 5893">
     <span class='ocr_line' id='line_1_108' title="bbox 450 5826 1753 5893; baseline -0.001 -10"><span class='ocrx_word' id='word_1_748' title='bbox 450 5826 704 5892; x_wconf 77' lang='lat' dir='ltr'><strong>Leqilimo</strong></span> <span class='ocrx_word' id='word_1_749' title='bbox 736 5831 1020 5892; x_wconf 69' lang='lat' dir='ltr'><strong>coniuncta</strong></span> <span class='ocrx_word' id='word_1_750' title='bbox 1056 5833 1226 5893; x_wconf 72' lang='lat' dir='ltr'><strong>thoro,</strong></span> <span class='ocrx_word' id='word_1_751' title='bbox 1248 5845 1350 5882; x_wconf 79' lang='lat' dir='ltr'><strong>non</strong></span> <span class='ocrx_word' id='word_1_752' title='bbox 1382 5827 1584 5882; x_wconf 82' lang='lat' dir='ltr'><strong>horruit</strong></span> <span class='ocrx_word' id='word_1_753' title='bbox 1612 5827 1709 5883; x_wconf 83' lang='lat' dir='ltr'><strong>illa</strong></span> <span class='ocrx_word' id='word_1_754' title='bbox 1731 5829 1753 5839; x_wconf 69' lang='lat'><strong>‘</strong></span> 
     </span>
    </p>
   </div>
   <div class='ocr_carea' id='block_1_108' title="bbox 2003 4620 3591 4693">
    <p class='ocr_par' dir='ltr' id='par_1_108' title="bbox 2003 4620 3591 4693">
     <span class='ocr_line' id='line_1_109' title="bbox 2003 4620 3591 4693; baseline -0.009 -6"><span class='ocrx_word' id='word_1_755' title='bbox 2003 4633 2152 4688; x_wconf 90' lang='lat' dir='ltr'><strong>illam</strong></span> <span class='ocrx_word' id='word_1_756' title='bbox 2209 4631 2526 4687; x_wconf 52' lang='lat' dir='ltr'><strong>Graecorum</strong></span> <span class='ocrx_word' id='word_1_757' title='bbox 2567 4634 3028 4682; x_wconf 90' lang='lat' dir='ltr'><strong>ornamentorum</strong></span> <span class='ocrx_word' id='word_1_758' title='bbox 3054 4622 3329 4693; x_wconf 81' lang='lat' dir='ltr'><strong>gratiam,</strong></span> <span class='ocrx_word' id='word_1_759' title='bbox 3384 4620 3591 4677; x_wconf 47' lang='lat' dir='ltr'><strong>decen:</strong></span> 
     </span>
    </p>
   </div>
   <div class='ocr_carea' id='block_1_109' title="bbox 2005 4712 3592 4796">
    <p class='ocr_par' dir='ltr' id='par_1_109' title="bbox 2005 4712 3592 4796">
     <span class='ocr_line' id='line_1_110' title="bbox 2005 4712 3592 4796; baseline -0.011 -15"><span class='ocrx_word' id='word_1_760' title='bbox 2005 4734 2232 4796; x_wconf 88' lang='lat' dir='ltr'><strong>temque</strong></span> <span class='ocrx_word' id='word_1_761' title='bbox 2266 4724 2510 4778; x_wconf 87' lang='lat' dir='ltr'><strong>nitorem</strong></span> <span class='ocrx_word' id='word_1_762' title='bbox 2542 4730 2601 4775; x_wconf 89' lang='lat' dir='ltr'><strong>et</strong></span> <span class='ocrx_word' id='word_1_763' title='bbox 2631 4732 2864 4774; x_wconf 87' lang='lat' dir='ltr'><strong>succum</strong></span> <span class='ocrx_word' id='word_1_764' title='bbox 2907 4716 3206 4775; x_wconf 75' lang='lat' dir='ltr'><strong>verborum</strong></span> <span class='ocrx_word' id='word_1_765' title='bbox 3248 4712 3592 4772; x_wconf 85' lang='lat' dir='ltr'><strong>detraheret,</strong></span> 
     </span>
    </p>
   </div>
   <div class='ocr_carea' id='block_1_110' title="bbox 2007 4803 3593 4888">
    <p class='ocr_par' dir='ltr' id='par_1_110' title="bbox 2007 4803 3593 4888">
     <span class='ocr_line' id='line_1_111' title="bbox 2007 4803 3593 4888; baseline -0.013 -13"><span class='ocrx_word' id='word_1_766' title='bbox 2007 4817 2170 4888; x_wconf 77' lang='lat'><strong>712</strong></span> <span class='ocrx_word' id='word_1_767' title='bbox 2219 4815 2368 4870; x_wconf 91' lang='lat' dir='ltr'><strong>illico</strong></span> <span class='ocrx_word' id='word_1_768' title='bbox 2409 4826 2632 4882; x_wconf 87' lang='lat' dir='ltr'><strong>quoque</strong></span> <span class='ocrx_word' id='word_1_769' title='bbox 2678 4808 2939 4865; x_wconf 87' lang='lat' dir='ltr'><strong>ascititiis</strong></span> <span class='ocrx_word' id='word_1_770' title='bbox 2987 4806 3274 4863; x_wconf 84' lang='lat' dir='ltr'><strong>coloribus</strong></span> <span class='ocrx_word' id='word_1_771' title='bbox 3324 4803 3593 4859; x_wconf 80' lang='lat' dir='ltr'><strong>deiicien-</strong></span> 
     </span>
    </p>
   </div>
   <div class='ocr_carea' id='block_1_111' title="bbox 2007 4897 3596 4970">
    <p class='ocr_par' dir='ltr' id='par_1_111' title="bbox 2007 4897 3596 4970">
     <span class='ocr_line' id='line_1_112' title="bbox 2007 4897 3596 4970; baseline -0.009 -8"><span class='ocrx_word' id='word_1_772' title='bbox 2007 4909 2183 4970; x_wconf 83' lang='lat' dir='ltr'><strong>tibus,</strong></span> <span class='ocrx_word' id='word_1_773' title='bbox 2234 4904 2639 4960; x_wconf 88' lang='lat' dir='ltr'><strong>sententiarum</strong></span> <span class='ocrx_word' id='word_1_774' title='bbox 2673 4899 2994 4956; x_wconf 84' lang='lat' dir='ltr'><strong>obscuritas</strong></span> <span class='ocrx_word' id='word_1_775' title='bbox 3043 4913 3165 4953; x_wconf 88' lang='lat' dir='ltr'><strong>sese</strong></span> <span class='ocrx_word' id='word_1_776' title='bbox 3200 4897 3490 4966; x_wconf 88' lang='lat' dir='ltr'><strong>prodebat.</strong></span> <span class='ocrx_word' id='word_1_777' title='bbox 3525 4900 3596 4947; x_wconf 88' lang='lat' dir='ltr'><strong>At</strong></span> 
     </span>
    </p>
   </div>
   <div class='ocr_carea' id='block_1_112' title="bbox 2008 4990 3597 5068">
    <p class='ocr_par' dir='ltr' id='par_1_112' title="bbox 2008 4990 3597 5068">
     <span class='ocr_line' id='line_1_113' title="bbox 2008 4990 3597 5068; baseline -0.009 -14"><span class='ocrx_word' id='word_1_778' title='bbox 2008 4996 2269 5068; x_wconf 84' lang='lat' dir='ltr'><strong>Ephraim</strong></span> <span class='ocrx_word' id='word_1_779' title='bbox 2304 4996 2487 5066; x_wconf 66' lang='lat' dir='ltr'><strong>glonge</strong></span> <span class='ocrx_word' id='word_1_780' title='bbox 2538 4993 2647 5048; x_wconf 86' lang='lat' dir='ltr'><strong>alia</strong></span> <span class='ocrx_word' id='word_1_781' title='bbox 2704 5001 2825 5047; x_wconf 89' lang='lat' dir='ltr'><strong>erat</strong></span> <span class='ocrx_word' id='word_1_782' title='bbox 2884 4991 3088 5047; x_wconf 81' lang='lat' dir='ltr'><strong>eratin.</strong></span> <span class='ocrx_word' id='word_1_783' title='bbox 3153 4990 3290 5045; x_wconf 79' lang='lat' dir='ltr'><strong>Nam</strong></span> <span class='ocrx_word' id='word_1_784' title='bbox 3344 5003 3471 5043; x_wconf 90' lang='lat' dir='ltr'><strong>cum</strong></span> <span class='ocrx_word' id='word_1_785' title='bbox 3527 5000 3597 5041; x_wconf 85' lang='lat' dir='ltr'><strong>eo</strong></span> 
     </span>
    </p>
   </div>
   <div class='ocr_carea' id='block_1_113' title="bbox 2008 5081 3595 5158">
    <p class='ocr_par' dir='ltr' id='par_1_113' title="bbox 2008 5081 3595 5158">
     <span class='ocr_line' id='line_1_114' title="bbox 2008 5081 3595 5158; baseline -0.009 -13"><span class='ocrx_word' id='word_1_786' title='bbox 2008 5089 2195 5145; x_wconf 85' lang='lat' dir='ltr'><strong>adhuc</strong></span> <span class='ocrx_word' id='word_1_787' title='bbox 2241 5087 2582 5158; x_wconf 87' lang='lat' dir='ltr'><strong>superstite,</strong></span> <span class='ocrx_word' id='word_1_788' title='bbox 2628 5093 2798 5155; x_wconf 89' lang='lat' dir='ltr'><strong>atque</strong></span> <span class='ocrx_word' id='word_1_789' title='bbox 2842 5084 3014 5139; x_wconf 87' lang='lat' dir='ltr'><strong>etiam</strong></span> <span class='ocrx_word' id='word_1_790' title='bbox 3053 5081 3345 5150; x_wconf 85' lang='lat' dir='ltr'><strong>defuncto,</strong></span> <span class='ocrx_word' id='word_1_791' title='bbox 3401 5089 3595 5158; x_wconf 80' lang='lat' dir='ltr'><strong>postea</strong></span> 
     </span>
    </p>
   </div>
   <div class='ocr_carea' id='block_1_114' title="bbox 2009 5148 3585 5252">
    <p class='ocr_par' dir='ltr' id='par_1_114' title="bbox 2009 5148 3585 5252">
     <span class='ocr_line' id='line_1_115' title="bbox 2009 5148 3585 5252; baseline -0.01 -14"><span class='ocrx_word' id='word_1_792' title='bbox 2009 5182 2140 5238; x_wconf 89' lang='lat' dir='ltr'><strong>libri</strong></span> <span class='ocrx_word' id='word_1_793' title='bbox 2165 5180 2287 5252; x_wconf 87' lang='lat' dir='ltr'><strong>ejus</strong></span> <span class='ocrx_word' id='word_1_794' title='bbox 2325 5178 2381 5233; x_wconf 91' lang='lat' dir='ltr'><strong>in</strong></span> <span class='ocrx_word' id='word_1_795' title='bbox 2412 5176 2658 5234; x_wconf 63' lang='lat' dir='ltr'><strong>Grecam</strong></span> <span class='ocrx_word' id='word_1_796' title='bbox 2684 5177 2928 5248; x_wconf 78' lang='lat' dir='ltr'><strong>linguam</strong></span> <span class='ocrx_word' id='word_1_797' title='bbox 2958 5182 3442 5236; x_wconf 87' lang='lat' dir='ltr'><strong>converterentur,</strong></span> <span class='ocrx_word' id='word_1_798' title='bbox 3475 5148 3585 5225; x_wconf 41' lang='lat' dir='ltr'><strong>no’u</strong></span> 
     </span>
    </p>
   </div>
   <div class='ocr_carea' id='block_1_115' title="bbox 2012 5262 3603 5344">
    <p class='ocr_par' dir='ltr' id='par_1_115' title="bbox 2012 5262 3603 5344">
     <span class='ocr_line' id='line_1_116' title="bbox 2012 5262 3603 5344; baseline -0.011 -14"><span class='ocrx_word' id='word_1_799' title='bbox 2012 5274 2178 5344; x_wconf 82' lang='lat' dir='ltr'><strong>longe</strong></span> <span class='ocrx_word' id='word_1_800' title='bbox 2224 5268 2529 5325; x_wconf 88' lang='lat' dir='ltr'><strong>admodum</strong></span> <span class='ocrx_word' id='word_1_801' title='bbox 2565 5283 2598 5323; x_wconf 87' lang='lat' dir='ltr'><strong>a</strong></span> <span class='ocrx_word' id='word_1_802' title='bbox 2644 5269 2872 5339; x_wconf 89' lang='lat' dir='ltr'><strong>pr0pria</strong></span> <span class='ocrx_word' id='word_1_803' title='bbox 2922 5277 2981 5322; x_wconf 90' lang='lat' dir='ltr'><strong>et</strong></span> <span class='ocrx_word' id='word_1_804' title='bbox 3028 5267 3216 5321; x_wconf 89' lang='lat' dir='ltr'><strong>nativa</strong></span> <span class='ocrx_word' id='word_1_805' title='bbox 3252 5262 3603 5320; x_wconf 67' lang='lat' dir='ltr'><strong>decedebant</strong></span> 
     </span>
    </p>
   </div>
   <div class='ocr_carea' id='block_1_116' title="bbox 2012 5352 3607 5432">
    <p class='ocr_par' dir='ltr' id='par_1_116' title="bbox 2012 5352 3607 5432">
     <span class='ocr_line' id='line_1_117' title="bbox 2012 5352 3607 5432; baseline -0.009 -12"><span class='ocrx_word' id='word_1_806' title='bbox 2012 5370 2241 5420; x_wconf 83' lang='lat' dir='ltr'><strong>virtute.</strong></span> <span class='ocrx_word' id='word_1_807' title='bbox 2299 5361 2502 5418; x_wconf 78' lang='lat' dir='ltr'><strong>Mirum</strong></span> <span class='ocrx_word' id='word_1_808' title='bbox 2563 5361 2790 5432; x_wconf 87' lang='lat' dir='ltr'><strong>quidem</strong></span> <span class='ocrx_word' id='word_1_809' title='bbox 2839 5352 3196 5423; x_wconf 61' lang='lat' dir='ltr'><strong>auditu&#39;est,</strong></span> <span class='ocrx_word' id='word_1_810' title='bbox 3242 5355 3498 5412; x_wconf 84' lang='lat' dir='ltr'><strong>eumdem</strong></span> <span class='ocrx_word' id='word_1_811' title='bbox 3543 5360 3607 5406; x_wconf 82' lang='lat' dir='ltr'><strong>et</strong></span> 
     </span>
    </p>
   </div>
   <div class='ocr_carea' id='block_1_117' title="bbox 2120 5513 3458 5589">
    <p class='ocr_par' dir='ltr' id='par_1_117' title="bbox 2120 5513 3458 5589">
     <span class='ocr_line' id='line_1_118' title="bbox 2120 5513 3458 5589; baseline -0.009 -13"><span class='ocrx_word' id='word_1_812' title='bbox 2120 5520 2446 5589; x_wconf 76' lang='lat' dir='ltr'><strong>Tempestate</strong></span> <span class='ocrx_word' id='word_1_813' title='bbox 2476 5516 2616 5571; x_wconf 78' lang='lat' dir='ltr'><strong>Deus</strong></span> <span class='ocrx_word' id='word_1_814' title='bbox 2639 5519 2924 5584; x_wconf 74' lang='lat' dir='ltr'><strong>tltaiamos,</strong></span> <span class='ocrx_word' id='word_1_815' title='bbox 2960 5514 3246 5589; x_wconf 56' lang='lat' dir='ltr'><strong>cunabula,</strong></span> <span class='ocrx_word' id='word_1_816' title='bbox 3269 5513 3458 5589; x_wconf 68' lang='lat' dir='ltr'><strong>nudas.</strong></span> 
     </span>
    </p>
   </div>
   <div class='ocr_carea' id='block_1_118' title="bbox 2123 5584 3464 5658">
    <p class='ocr_par' dir='ltr' id='par_1_118' title="bbox 2123 5584 3464 5658">
     <span class='ocr_line' id='line_1_119' title="bbox 2123 5584 3464 5658; baseline -0.009 -11"><span class='ocrx_word' id='word_1_817' title='bbox 2123 5584 2253 5647; x_wconf 72' lang='grc' dir='ltr'>δοιά</span> <span class='ocrx_word' id='word_1_818' title='bbox 2269 5598 2381 5643; x_wconf 83' lang='lat' dir='ltr'><strong>erat</strong></span> <span class='ocrx_word' id='word_1_819' title='bbox 2402 5591 2457 5642; x_wconf 83' lang='lat' dir='ltr'><strong>in</strong></span> <span class='ocrx_word' id='word_1_820' title='bbox 2477 5588 2797 5658; x_wconf 44' lang='lat' dir='ltr'><strong>pretioque:</strong></span> <span class='ocrx_word' id='word_1_821' title='bbox 2828 5604 2967 5642; x_wconf 82' lang='lat' dir='ltr'><strong>nunc</strong></span> <span class='ocrx_word' id='word_1_822' title='bbox 2999 5586 3268 5658; x_wconf 77' lang='lat' dir='ltr'><strong>incognita</strong></span> <span class='ocrx_word' id='word_1_823' title='bbox 3293 5584 3464 5658; x_wconf 72' lang='lat' dir='ltr'><strong>uirtus</strong></span> 
     </span>
    </p>
   </div>
   <div class='ocr_carea' id='block_1_119' title="bbox 2123 5656 3383 5727">
    <p class='ocr_par' dir='ltr' id='par_1_119' title="bbox 2123 5656 3383 5727">
     <span class='ocr_line' id='line_1_120' title="bbox 2123 5656 3383 5727; baseline -0.009 -9"><span class='ocrx_word' id='word_1_824' title='bbox 2123 5662 2337 5724; x_wconf 77' lang='lat' dir='ltr'><strong>Sordet,</strong></span> <span class='ocrx_word' id='word_1_825' title='bbox 2373 5669 2423 5714; x_wconf 78' lang='lat' dir='ltr'><strong>et</strong></span> <span class='ocrx_word' id='word_1_826' title='bbox 2453 5659 2639 5714; x_wconf 80' lang='lat' dir='ltr'><strong>attrito</strong></span> <span class='ocrx_word' id='word_1_827' title='bbox 2674 5656 2799 5713; x_wconf 69' lang='lat' dir='ltr'><strong>uiuit</strong></span> <span class='ocrx_word' id='word_1_828' title='bbox 2829 5674 2950 5712; x_wconf 82' lang='lat' dir='ltr'><strong>cum</strong></span> <span class='ocrx_word' id='word_1_829' title='bbox 2977 5657 3123 5727; x_wconf 75' lang='lat' dir='ltr'><strong>plebe</strong></span> <span class='ocrx_word' id='word_1_830' title='bbox 3157 5656 3383 5709; x_wconf 75' lang='lat' dir='ltr'><strong>cucullo.</strong></span> 
     </span>
    </p>
   </div>
   <div class='ocr_carea' id='block_1_120' title="bbox 2866 5724 3466 5798">
    <p class='ocr_par' dir='ltr' id='par_1_120' title="bbox 2866 5724 3466 5798">
     <span class='ocr_line' id='line_1_121' title="bbox 2866 5724 3466 5798; baseline -0.002 -16"><span class='ocrx_word' id='word_1_831' title='bbox 2866 5724 3046 5798; x_wconf 65' lang='lat' dir='ltr'><strong>(Bapt.</strong></span> <span class='ocrx_word' id='word_1_832' title='bbox 3074 5724 3466 5794; x_wconf 56' lang='lat' dir='ltr'><strong>Mantuanus.)</strong></span> 
     </span>
    </p>
   </div>
   <div class='ocr_carea' id='block_1_121' title="bbox 2087 5817 3211 5894">
    <p class='ocr_par' dir='ltr' id='par_1_121' title="bbox 2087 5817 3211 5894">
     <span class='ocr_line' id='line_1_122' title="bbox 2087 5817 3211 5894; baseline -0.008 -16"><span class='ocrx_word' id='word_1_833' title='bbox 2087 5824 2163 5894; x_wconf 78' lang='lat'><strong>(5)</strong></span> <span class='ocrx_word' id='word_1_834' title='bbox 2192 5819 2323 5888; x_wconf 61' lang='lat' dir='ltr'><strong>Quae</strong></span> <span class='ocrx_word' id='word_1_835' title='bbox 2356 5828 2412 5877; x_wconf 88' lang='lat' dir='ltr'><strong>et</strong></span> <span class='ocrx_word' id='word_1_836' title='bbox 2442 5817 3014 5891; x_wconf 70' lang='lat' dir='ltr'><strong>lloznonymianorum</strong></span> <span class='ocrx_word' id='word_1_837' title='bbox 3042 5821 3211 5871; x_wconf 74' lang='lat' dir='ltr'><strong>dicta.</strong></span> 
     </span>
    </p>
   </div>
  </div>
