3990 6442
466 373 572 433 2.3;
1400 348 1467 389 “³

1686 376 1729 429 Ν
1748 373 2110 431 ιαΕΡΗΟΒι
2153 370 2496 432 CALLISTI

3622 375 3716 435 ⁸281

470 489 660 545 Graece
701 497 759 542 et
792 484 1019 558 Syriace
1049 483 1179 554 legi.
1210 483 1385 550 Quam
1434 483 1506 539 ob
1553 497 1777 540 causam
1816 500 2051 554 magnus

2167 486 2409 558 Ἐφραὶμ
2460 484 2739 558 κριθῆναι,
2777 486 2915 557 μηδὲ
2958 484 3068 555 γὰρ
3099 455 3271 551 ἄν’ὡς
3298 488 3458 559 ¹ἔτυχε
3497 488 3592 559 τὴν
3623 491 3719 543 Βα-

472 582 562 637 ille
585 589 641 635 et
671 581 921 636 oratione
949 587 1004 634 et
1031 577 1233 632 virtute
1258 577 1516 643 Basilius,
1544 580 1638 648 qui
1660 576 2049 648 Cappadocum

475 674 825 742 metropolim
858 672 1183 741 episcopatu
1216 685 1319 725 suo
1349 672 1663 735 exornavit,
1700 687 2054 741 summopere

471 769 651 821 virum
683 773 768 820 est
801 764 1136 827 admiratus,
1174 762 1544 833 eumdemque
1578 763 1911 818 eruditionis
1950 778 2052 818 no—

474 857 624 911 mine
652 857 870 909 beatum
900 855 1137 910 censuit.
1170 854 1243 911 Ut
1266 855 1403 909 tanti
1439 854 1543 909 viri
1571 865 1681 910 tam
1713 864 1867 910 certo
1898 855 2053 910 testi-

475 948 660 1003 monio
688 947 1043 1002 manifestqu
1075 948 1170 1013 sit,
1194 947 1570 1002 communiter
1598 962 1820 1017 quoque
1844 962 1872 1000 a
1904 946 2055 1003 Grae-

472 1042 587 1104 cis,
647 1039 744 1108 qui
803 1048 918 1093 tum
983 1030 1195 1094 clarum
1260 1039 1315 1092 in
1372 1037 1696 1107 eloquentia
1758 1039 2054 1092 obtinuere

478 1145 716 1196 nomen,
762 1131 1282 1201 praestantissimum
1328 1130 1575 1184 omnium
1608 1129 1868 1199 Epliraim
1901 1130 2055 1201 judi-

475 1232 658 1276 catum
704 1237 846 1277 esse.
907 1221 1021 1277 Vox
1071 1236 1203 1275 sane
1247 1220 1437 1275 Basilii
1499 1221 1624 1276 talis
1692 1237 1800 1275 non
1847 1231 2054 1276 temere

478 1318 688 1386 prolata
716 1331 837 1370 es<e
859 1314 1230 1369 existimanda
1254 1321 1361 1368 est.
1390 1313 1608 1367 Dicitur
1626 1321 1809 1368 autem
1836 1313 2056 1369 divinus

474 1406 739 1475 Epliraim
805 1412 1083 1459 trecentas
1137 1419 1406 1458 versuum
1462 1403 1740 1475 myriades
1801 1404 2054 1458 conscri-

476 1496 672 1565 psisse.
711 1495 863 1549 Multi
895 1508 1119 1565 quoque
1156 1493 1206 1547 ei
1242 1493 1399 1548 fuere
1439 1492 1726 1564 discipuli,
1763 1493 1859 1562 qui
1895 1493 2054 1550 insti-

458 1564 746 1638 tutionem
789 1590 844 1637 et
887 1564 1295 1652 pliilosopltiam
1337 1584 1461 1654 ejus
1490 1592 1621 1639 sunt
1663 1584 1951 1639 :emulati:
1995 1583 2052 1639 in

475 1675 683 1743 quibus
710 1674 1048 1729 celebriores
1107 1682 1238 1729 sunt
1267 1675 1452 1730 Abbas
1473 1715 1488 1737 ,
1520 1675 1803 1731 Zenobius
1825 1716 1838 1740 ,
1872 1676 2053 1731 Abra-

478 1767 629 1833 ltam,
654 1767 862 1833 lllaran,
893 1775 949 1820 et
979 1766 1236 1837 Symeon,
1263 1769 1404 1837 apud
1434 1768 1600 1839 Syros
1634 1769 1842 1840 ingenti
1875 1772 2050 1841 gloria

479 1857 581 1911 riri
613 1852 706 1911 εει
731 1857 824 1910 alii
847 1855 1175 1932 quibuscum
1224 1866 1484 1925 praeterea
1513 1858 1660 1913 hunc
1686 1861 1809 1916 vitae
1831 1863 2051 1917 modum
2087 1829 2132 1888 Β

479 1949 554 2002 illi
584 1949 1082 2003 communicarere.
1114 1948 1172 2003 In
1204 1949 1342 2004 locis
1373 1965 1506 2005 vero
1537 1952 1767 2017 eisdem,
1793 1952 2052 2011 facundia

478 2039 712 2094 maxime
735 2049 1082 2109 praestantes.
1106 2041 1386 2096 Paulonas
1414 2051 1470 2097 et
1503 2042 1720 2099 Anarad
1742 2046 2007 2102 exstitere
2033 2065 2047 2101 :

476 2133 569 2202 qui
606 2132 806 2187 deinde
833 2131 994 2202 lapsi,
1030 2147 1163 2187 sana
1194 2132 1451 2188 excidere
1483 2133 1610 2190 ﬁdei
1641 2136 1918 2193 doctrina.
1942 2140 2052 2195 Alii

477 2226 704 2295 insuper
754 2223 899 2290 apud
955 2223 1236 2279 Osroenos
1296 2224 1491 2291 luere,
1538 2227 1735 2283 eodem
1799 2233 2055 2300 praeclari

477 2316 664 2381 modo,
719 2314 1096 2378 Bardesanes,
1142 2326 1199 2370 et
1234 2316 1379 2371 ﬁlius
1424 2319 1544 2389 ejus
1598 2318 1952 2377 Harmonius.
1988 2324 2056 2379 Et

479 2416 638 2478 pater
668 2408 893 2477 quidem
918 2408 1167 2462 nominis
1195 2408 1280 2462 sui
1309 2410 1563 2465 haeresim
1593 2411 1875 2469 instituit:
1910 2414 2057 2471 Illius

479 2509 663 2554 autem
717 2498 924 2554 Graecis
979 2499 1288 2567 disciplinis
1344 2502 1480 2556 satis
1532 2504 1828 2568 eruditus,
1886 2506 2056 2576 patris

478 2597 708 2649 vocibus
756 2594 1020 2664 legitimis
1066 2596 1246 2649 modis
1297 2596 1635 2667 musicisque
1673 2600 1923 2657 numeris
1963 2602 2056 2656 in-

479 2687 648 2741 clusis
681 2687 876 2740 ordine
911 2686 1173 2740 circulari
1206 2686 1262 2740 in
1297 2688 1469 2743 choro
1498 2704 1595 2744 eas
1627 2693 1750 2745 cani
1791 2692 2054 2760 instituit,

481 2792 625 2847 quos
652 2794 716 2832 ex
750 2794 814 2832 eo
850 2789 1101 2847 tempore
1128 2779 1415 2848 hucusque
1436 2781 1556 2851 Syri
1586 2783 1883 2852 psallentes
1899 2802 2061 2841 usur-

482 2881 617 2938 pant
643 2886 657 2922 :
688 2884 796 2922 non
845 2869 925 2923 illi
965 2868 1191 2939 quidem
1232 2872 1573 2927 carminibus
1610 2872 1749 2944 ipsis
1788 2876 1950 2932 sicuti
1987 2877 2058 2933 ab

480 2962 575 3016 illo
599 2971 725 3016 sunt
759 2961 997 3031 prodita,
1029 2962 1128 3018 sed
1156 2963 1306 3019 sonis
1334 2974 1550 3020 tantum
1578 2980 1770 3021 eorum
1810 2977 2051 3025 utentes.

477 3055 614 3110 Nam
641 3055 731 3110 ille
755 3056 820 3110 ad
852 3065 1135 3126 paternam
1161 3058 1422 3129 delapsus
1446 3058 1723 3125 bteresim,
1749 3060 2057 3134 eademque

2158 580 2360 634 σιλείου
2399 579 2584 652 φωνὴν
2617 579 2952 650 λογίζεσθαι.
2992 580 3166 648 Λόγος
3214 596 3275 648 γε
3328 581 3439 650 μὴν
3470 581 3556 635 τὸν
3589 580 3719 634 θεῖον

2168 673 2408 743 Ἐφραὶμ
2472 674 2795 744 τριακοσίας
2852 673 3124 744 μυριάδας
3178 672 3329 727 ἐπῶν
3391 673 3718 741 συγγράψαι.

2156 764 2351 817 Πολλοὶ
2398 763 2456 817 δέ
2507 765 2602 818 καῖ⁹
2663 763 2959 833 φοιτῶντες
3016 758 3161 835 ἦσαν
3206 764 3353 834 αὐτῷ
3384 766 3528 818 κατὰ
3575 764 3723 834 ζῆλον

2157 854 2492 919 παιδεύσεως
2545 855 2640 908 καὶ
2697 854 3057 923 φιλοσοφίας⁶
3112 848 3188 907 ὧν
3238 853 3504 923 ἐπίσημοι
3558 852 3724 924 τούτῳ

2156 946 2451 1015 γεγόνασιν
2508 945 2708 1008 Ἀὁὸᾶς
2761 948 2855 999 καὶ
2904 945 3190 1016 Ζηνόϐιος,
3239 946 3497 1015 Ἀϐραάμ
3542 961 3601 997 τε
3636 944 3725 997 καὶ

2156 1036 2356 1106 Μαρὰν
2383 1037 2478 1090 καὶ
2527 1035 2774 1107 Συμεὼν,
2812 1036 3007 1107 Σύροις
3048 1038 3191 1106 μέγα
3221 1034 3381 1098 κλέος
3410 1036 3561 1099 δντες
3586 1074 3601 1098 ,
3634 1034 3722 1087 καὶ

2155 1130 2270 1184 ὅσοι
2303 1129 2390 1183 ἐπ’
2423 1130 2652 1199 ἀκριϐὲς
2680 1129 2781 1199 τῆς
2813 1129 3037 1182 ἐκείνων
3067 1128 3333 1197 μετέσχον
3366 1125 3691 1207 παιδεύσεως
3713 1141 3727 1155 ’

2156 1222 2215 1275 ἐν
2260 1222 2397 1285 ῖσοις
2444 1222 2502 1275 δέ
2548 1222 2734 1285 τόποις
2767 1222 2973 1287 αὐτοῖς,
3007 1219 3106 1274 καὶ
3148 1220 3243 1273 ἐπὶ
3291 1217 3600 1297 εύγλ-ωττίᾳ
3632 1220 3727 1286 μά-

2156 1314 2337 1380 λιστα,
2392 1315 2692 1377 Παυλωνᾶς
2742 1330 2802 1367 τε
2851 1314 2944 1367 καὶ
2987 1312 3239 1382 Ἀναράδ,
3301 1309 3396 1374 οὒς
3454 1311 3729 1380 ὀλισῗῆσαι

2157 1409 2313 1477 λόγος
2348 1411 2404 1471 ἐς
2454 1407 2682 1478 ὕστερον
2738 1407 2837 1461 καὶ
2884 1407 2980 1476 τῆς
3035 1404 3222 1472 ὑγιοῦς
3273 1404 3515 1467 πίστεως
3543 1405 3730 1471 ἐκτραο

2157 1504 2350 1572 πῆναι.
2400 1502 2506 1555 Καὶ
2555 1500 2704 1555 ἄλλοι
2761 1500 2807 1553 δ’
2861 1500 2918 1552 ἐν
2973 1499 3284 1569 Ὀσροηνοῖς
3337 1497 3608 1565 ἐγένοντο,
3647 1495 3731 1547 τὸν
3760 1556 3777 1565 ‘

2158 1598 2273 1662 ἴσον
2300 1595 2504 1665 τρόπον
2547 1594 2832 1665 ἐλλόγιμοι
2859 1609 2874 1625 ο
2905 1591 3266 1662 Βαρδησάνης
3303 1607 3367 1641 τε
3406 1589 3502 1642 καὶ
3540 1590 3567 1641 ὁ
3611 1587 3732 1647 παῖς

2168 1689 2479 1759 Ἀρμόνιος,
2510 1674 2585 1741 ὧν
2636 1688 2664 1740 δ
2717 1687 2816 1755 μὲν
2862 1685 2959 1751 τὴν
3012 1683 3304 1751 ἐπώνυμον
3372 1681 3730 1749 συνεστήσατο

2158 1780 2372 1850 αἵρεσιν
2394 1795 2408 1809 ο
2445 1780 2473 1831 ὁ
2505 1779 2562 1832 δέ
2594 1780 2722 1840 παῖς
2752 1775 3122 1845 ἀποχρώντως
3150 1772 3239 1825 διὰ
3262 1771 3373 1824 τῶν
3408 1768 3733 1839 Ἑλληνικῶν

2159 1867 2336 1934 λύγων
2363 1867 2572 1935 ἀχθεὶς,
2600 1864 2822 1932 μέτροις
2850 1863 3030 1932 vitium
3061 1862 3155 1914 καὶ
3189 1860 3479 1927 μουσικοῖς
3514 1857 3732 1928 ῥυθμοῖς

2161 1960 2263 2022 τὰς
2300 1957 2567 2028 πατρίους
2599 1957 2779 2025 ὑπῆγε
2812 1955 3019 2023 φωνάς,
3048 1954 3143 2005 καὶ
3189 1953 3336 2007 κατᾶ
3367 1952 3567 2005 κύκλον
3587 1949 3732 2021 ¹ῥἰδειν

2162 2049 2326 2121 χοροῦ
2387 2047 2694 2120 παρεδίδου,
2725 2047 2826 2098 ὅσα
2888 2044 2982 2097 καὶ
3040 2042 3135 2097 νῦν
3192 2043 3250 2106 ἐξ
3315 2042 3531 2093 ἐκείνου
3578 2038 3730 2108 Σύροι

2161 2142 2375 2212 ἔχοντες
2431 2139 2737 2210 ψάλλουσι·
2784 2138 2925 2208 πλὴν
2980 2137 3084 2190 οὐκ
3135 2134 3274 2187 αὐτὰ
3323 2135 3507 2187 ἐκεῖνα
3554 2131 3730 2199 ὥσπερ

2152 2233 2366 2295 ’ἐκεῖνος
2422 2232 2662 2297 ἐξέθετο,
2695 2234 2879 2301 μόνοις
2926 2231 2981 2283 δὲ
3033 2231 3139 2291 τοῖς
3189 2229 3384 2297 μέλεσι
3441 2224 3726 2296 χρώμενοι.

2162 2326 2276 2397 Τῆς
2305 2326 2413 2397 γὰρ
2443 2324 2721 2395 πατρικῆς
2764 2323 3031 2394 αἱρέσεως
3071 2319 3386 2391 μετασχὼν,
3420 2319 3515 2372 καὶ
3544 2316 3729 2383 ἐπίσης

2162 2420 2394 2490 Ἕλλησι
2426 2419 2555 2485 περὶ
2581 2418 2849 2487 γενέσεως
2880 2415 3059 2483 ψυχῆς
3091 2414 3183 2465 καὶ
3216 2411 3432 2479 φθορᾶς
3464 2409 3727 2476 σώματος.

2161 2514 2255 2587 καὶ
2288 2512 2387 2580 τῆς
2427 2510 2697 2580 ἐσομένης
2727 2505 3146 2574 παλιγγενεσίας
3179 2503 3446 2585 δοξάζων,
3481 2502 3594 2561 τοῖς
3631 2498 3729 2587 ὑπὸ

2162 2584 2334 2673 λύραν
2371 2602 2558 2673 μέλεσι
2593 2600 2691 2662 τὰς
2740 2600 2996 2662 τοιαύτας
3039 2600 3196 2663 δόξας
3239 2584 3607 2663 ὑπέσπειρεν
3655 2584 3728 2653 οῖς

2161 2697 2211 2750 οἱ
2245 2696 2426 2749 πολλοὶ
2471 2695 2583 2747 τῶν
2639 2693 2827 2765 Σύρων
2864 2691 3365 2760 κατακηλούμενοι,
3397 2689 3580 2758 ἡρέμα
3624 2698 3728 2743 πως

2163 2787 2573 2860 προσειθίζοντο
2617 2786 2717 2850 τὰς
2756 2785 3016 2848 τοιαύτας
3057 2783 3218 2850 δόξας
3264 2781 3590 2849 προσίεσθαι
3635 2776 3728 2828 ὑπὸ

2161 2879 2257 2935 τοῦ
2310 2879 2542 2941 κάλλους
2581 2877 2693 2930 τῶν
2741 2876 3025 2947 ὀνομάτων
3077 2876 3174 2928 καὶ
3207 2872 3300 2935 τοῦ
3341 2873 3442 2942 τῆς
3471 2868 3727 2941 μελῳδίας

2166 2971 2399 3044 ῥυθμοῦ.
2441 2970 2504 3023 '0
2536 2969 2720 3024 τοίνυν
2773 2968 2918 3030 θεῖος
2957 2965 3200 3035 Ἐφραὶμ
3248 2965 3418 3017 τοῦτο
3471 2977 3725 3028 συνεγνω-

2164 3063 2297 3127 κὼς,
2328 3064 2535 3129 καίπερ
2577 3058 2898 3127 Ἑλληνικῆς
2929 3054 3184 3115 παιδείας
3231 3054 3468 3124 ἄμοιρος
3497 3050 3593 3114 ὢν,
3620 3049 3725 3109 τοῖς

476 3163 600 3202 cum
634 3145 836 3202 Graecis
867 3148 934 3203 de
958 3148 1155 3203 animae
1191 3152 1556 3221 generatione
1588 3161 1645 3208 et
1677 3157 1932 3224 corporis
1963 3157 2055 3211 in-

2166 3154 2388 3222 μέτροις
2430 3147 2724 3220 Ἀρμονίου
2773 3147 3169 3213 ἐπιστατήσας,
3215 3144 3313 3196 καὶ
3361 3147 3474 3206 τοῖς
3525 3140 3724 3194 ἐκείνου

481 3240 646 3294 teritu
670 3281 684 3302 ,
728 3256 944 3296 necnon
975 3242 1044 3297 de
1074 3241 1261 3297 futura
1302 3244 1725 3314 regeneratione
1767 3247 2053 3318 opinatus,

481 3331 668 3401 lyricis
691 3332 932 3387 modulis
952 3331 1236 3388 doctrinas
1260 3334 1531 3404 ejusmodi
1560 3338 1822 3406 aspersit.
1846 3338 2059 3406 Quibus

481 3421 641 3477 multi
689 3438 752 3475 ex
795 3421 950 3492 Syris
994 3430 1222 3493 propter
1269 3424 1568 3480 verborum
1619 3438 1966 3484 venustatem
2002 3437 2060 3485 ct

482 3528 749 3568 sonorum
787 3529 1047 3568 numeros
1089 3514 1362 3581 demulsi,
1406 3517 1668 3587 paulatim
1703 3520 2061 3589 Opinionibus

485 3603 688 3659 talibus
719 3603 1055 3674 recipiendis
1084 3612 1215 3659 sunt
1245 3605 1563 3662 assuefacti.
1591 3598 1866 3665 Caeterum
1897 3610 2061 3666 divus

483 3696 745 3765 Ephraim
776 3711 840 3751 ea
871 3711 932 3752 re
960 3696 1202 3768 cognita,
1231 3700 1485 3765 quamvis
1507 3698 1824 3755 Graecarum
1853 3704 2059 3758 artium

483 3804 703 3856 espers,
735 3788 1020 3843 llarmonii
1060 3805 1324 3865 numeros
1370 3792 1692 3847 moderatus
1726 3802 1855 3848 est:
1893 3803 2061 3867 atque

484 3880 735 3951 ejusdem
779 3880 1045 3944 modulis,
1090 3881 1430 3936 carminibus
1480 3883 1867 3940 ecclesiasticae
1934 3901 2062 3941 sen-

487 3972 674 4027 tentia:
705 3972 989 4038 consonis,
1016 3972 1271 4043 adjectis,
1305 3973 1460 4044 Syris
1487 3973 1555 4028 ad
1586 3974 1691 4029 boc
1723 3989 1896 4045 usque
1925 3985 2060 4032 tem-

485 4080 590 4134 pus
611 4079 675 4118 ea
705 4064 951 4118 canenda
980 4064 1151 4118 dedit.
1184 4064 1345 4135 713
1379 4064 1514 4120 Nam
1547 4065 1770 4121 divinos
1828 4067 2063 4139 hymnos

486 4155 781 4226 plurimos,
811 4154 1018 4223 quibus
1049 4155 1219 4209 Deum
1250 4156 1305 4209 in
1340 4156 1537 4223 primis
1566 4156 1831 4220 celebrat,
1864 4169 1920 4213 et
1947 4159 2065 4214 lau-

486 4248 891 4332 des'pzaeterea
935 4248 1181 4302 virorum
1217 4249 1312 4318 qui
1356 4249 1615 4304 instituto
1644 4249 1757 4305 Deo
1786 4251 2061 4321 ,‘placuere

485 4340 658 4403 canit,
692 4340 759 4394 ad
796 4338 1082 4394 llarmouii
1121 4341 1430 4395 carminum
1463 4341 1613 4412 leges
1646 4344 1995 4412 composuit:
2030 4359 2061 4399 a

484 4433 713 4501 quibus,
747 4440 808 4486 ut
856 4432 1108 4501 equidem
1141 4442 1309 4501 puto,
1356 4449 1452 4503 per
1486 4435 1857 4490 aemulationis
1902 4436 2063 4490 πάθε

2162 3244 2349 3314 μέλεσι
2379 3239 2707 3311 συμφώνους
2758 3236 2902 3308 ᾠδὰς
2948 3238 3061 3300 τοῖς
3096 3234 3573 3306 ἐκκλησιαπικοῖς
3607 3230 3723 3296 δόγ-

2160 3350 2291 3404 μασι
2364 3331 2779 3401 παραοέμενος,
2855 3329 2910 3391 ἐς
2963 3326 3124 3398 δεῦρο
3177 3326 3375 3398 Σύροις
3454 3323 3725 3394 παρέδωκε

2157 3426 2402 3496 ψάλλειν.
2457 3422 2649 3485 Θείους
2701 3421 2809 3490 γάρ
2868 3416 3074 3488 ὕμνους
3125 3417 3422 3480 πλείστους
3481 3415 3725 3481 ἐπόνησε,

2159 3513 2280 3585 Θεῷ
2331 3514 2425 3567 τὸν
2477 3507 2627 3566 αἶνον
2671 3509 2994 3572 ἀνατιθείς·
3050 3511 3147 3564 καὶ
3207 3510 3467 3580 ἐγκώμια
3527 3502 3724 3575 ἀνδρῶν

2159 3605 2351 3673 ἀγωγῇ
2385 3601 2505 3672 βίου
2549 3599 3042 3671 εὐαρεστησάντων
3072 3598 3392 3670 Θεῷ,,κατὰ
3430 3599 3593 3668 νόμον
3635 3594 3724 3661 τῆς

2175 3693 2459 3765 Ἁρμονίου
2487 3691 2634 3764 ᾠδῆς
2659 3707 2675 3725 ο
2705 3691 2799 3760 ἀφ’
2833 3689 2908 3745 ὧν
2959 3690 3096 3761 πρὸς
3145 3691 3310 3759 ζῆλον
3348 3686 3507 3760 οῐμαι
3553 3686 3645 3739 καὶ
3680 3683 3723 3735 οἱ

2163 3783 2460 3854 μετέπειτα
2492 3783 2591 3853 τῆς
2633 3781 2963 3849 Ἐκκλησίας
3020 3780 3303 3850 μελοποιοὶ
3342 3784 3441 3844 τὰς
3484 3776 3724 3848 ἀφορμὰς

2159 3877 2270 3931 τῶν
2306 3876 2486 3947 μελῶν
2521 3876 2902 3947 πορισάμενοι,
2932 3874 3028 3927 ἐπὶ
3055 3872 3262 3943 μᾶλλον
3293 3875 3530 3943 αὐξῆσαι
3562 3869 3722 3923 ταῦτα

2161 3969 2257 4021 καὶ
2286 3967 2569 4020 ἐπιδοῦναι
2602 3965 3112 4036 παρεσκευάσαντο.
3146 3966 3368 4030 ὐποῖος
3395 3966 3495 4035 μὲν
3523 3962 3614 4015 οὖν
3640 3959 3722 4011 τὸν

2160 4062 2318 4131 λόγον
2351 4063 2443 4115 καὶ
2476 4064 2539 4116 ἐκ
2574 4061 2769 4115 τούτου
2822 4060 3082 4127 συνάγειν
3125 4060 3275 4114 ἐστιν
3304 4079 3320 4093 ο
3347 4066 3374 4115 ὁ
3407 4062 3465 4115 δὲ
3500 4062 3608 4130 βίος
3634 4057 3722 4108 αὒ-

2160 4151 2255 4205 τοῦ
2283 4151 2402 4203 λίαν
2448 4151 2854 4222 ἡκριὸωμένος,
2891 4153 3013 4213 ταῖς
3058 4151 3294 4220 ἀγαθαῖς
3331 4154 3440 4206 τῶν
3485 4149 3722 4221 πράξεων

2161 4243 2579 4313 καλλυνόμενος.
2614 4245 2788 4306 Πολὺς
2833 4242 2879 4296 δ’
2912 4244 3127 4310 ἐπάγαν
3178 4240 3246 4315 ἦν
3300 4246 3450 4316 αὐτῷ
3491 4247 3584 4298 καὶ
3632 4241 3722 4304 τῆς

2148 4336 2392 4407 -ησυχίας
2437 4336 2466 4387 δ
2512 4337 2674 4405 ἔρως.
2736 4335 2941 4406 Σεμνὸς
2986 4335 3033 4389 δ’
3073 4338 3171 4407 οὐχ
3207 4332 3374 4410 ἦττον
3425 4337 3519 4402 ὢν,
3559 4337 3614 4397 ἐς
3643 4348 3724 4384 το-

2167 4426 2353 4480 σοῦτον
2391 4427 2490 4491 τάς
2520 4427 2784 4498 διαφορὰς
2823 4428 3135 4498 ηὑλαϐεῖτο,
3169 4430 3245 4493 ὡς
3292 4432 3482 4501 σχεδὸν
3510 4431 3599 4482 καὶ
3628 4425 3724 4477 πᾶ-

487 4541 602 4579 rem
632 4566 646 4589 ,
698 4524 1044 4594 posteriores
1097 4525 1347 4603 ecclesiae
1397 4537 1658 4582 cantores
1706 4527 2056 4582 modulorum

2164 4533 2263 4571 σαν
2311 4517 2435 4588 ὄψιν
2483 4518 2853 4588 ἐκτρέπεσθαι
2902 4521 3183 4588 γυναικός.
3234 4522 3470 4593 Φέρεται
3504 4515 3613 4580 οὖν,
3653 4514 3721 4575 ὡς

478 4618 753 4673 formulas
785 4617 1043 4676 mutuati.
1081 4618 1254 4687 magis
1274 4618 1441 4673 etiam
1470 4629 1635 4690 atque
1650 4620 1831 4690 magis
1855 4635 2057 4691 augere

484 4721 651 4779 atque
688 4726 995 4781 prepagare
1029 4727 1124 4766 eas
1151 4721 1279 4766 sunt
1312 4714 1574 4783 aggressi.
1606 4713 1795 4782 Qualis
1823 4715 1990 4786 igitur
2013 4716 2061 4770 is

484 4818 741 4858 sermone
791 4804 976 4866 fuerit,
1010 4803 1093 4857 vel
1144 4819 1211 4857 ex
1259 4804 1367 4859 hoc
1418 4804 1536 4872 ipso
1582 4805 1863 4875 conjicere
1909 4805 2057 4861 licet.

490 4894 610 4947 Vita
642 4909 775 4948 vero
808 4894 857 4948 ei
905 4894 1062 4948 valde
1107 4904 1321 4959 exacta,
1357 4904 1412 4949 et
1453 4894 1613 4950 bonis
1644 4893 1906 4964 operibus
1929 4910 2060 4965 Spe-

484 4992 630 5037 ctata
657 4983 782 5036 fuit.
809 4983 1063 5048 Quietem
1090 4983 1255 5057 etiam
1280 4984 1455 5038 multo
1483 4983 1667 5038 studio
1688 4993 1772 5039 est
1792 4994 2058 5039 sectatus.

483 5074 551 5127 Et
588 5084 818 5144 propter
846 5090 1064 5128 morum
1090 5074 1399 5129 castilatem
1433 5081 1720 5144 tantopere
1753 5075 2059 5130 calumnias

483 5166 770 5227 devitavit,
820 5174 883 5219 ut
933 5166 1047 5219 fere
1095 5181 1125 5220 a
1173 5175 1478 5236 conspectu
1527 5167 1780 5222 mulieris
1830 5181 2060 5237 prorsus

484 5259 860 5316 abliurruerit.
918 5259 1114 5315 Fertur
1158 5275 1321 5326 sane,
1375 5275 1500 5315 cum
1554 5260 1753 5315 mulier
1805 5259 2057 5329 quaedam

486 5351 634 5404 nulla
672 5366 903 5420 prorsus
935 5353 1059 5405 vita:
1092 5351 1409 5420 disciplina,
1452 5361 1510 5406 et
1551 5352 1765 5421 pudore
1797 5352 1969 5417 nullo,
2002 5352 2057 5406 in

484 5452 718 5511 angusto
750 5436 1046 5496 admodum
1086 5443 1206 5498 loco
1241 5443 1291 5498 ei
1333 5444 1491 5499 obvia
1528 5443 1706 5509 facta,
1754 5443 1868 5497 sive
1918 5458 2058 5497 con-

487 5534 632 5587 sulto
680 5533 849 5588 veluti
892 5534 1070 5587 virum
1111 5544 1416 5598 tentatura,
1457 5550 1552 5589 seu
1585 5535 1654 5589 ab
1691 5534 1815 5588 aliis
1857 5546 1917 5588 ut
1953 5534 2058 5589 hoc

482 5625 693 5679 faceret
734 5628 991 5681 mercede
1033 5627 1343 5687 conducta,
1380 5628 1574 5682 oculos
1616 5628 1736 5681 sine
1776 5626 2057 5682 intermis-

480 5717 638 5772 sione
664 5716 717 5771 in
753 5732 877 5772 eum
916 5720 1241 5789 conjiceret.
1276 5720 1572 5790 increpans
1603 5720 1657 5774 in
1693 5729 1896 5775 terram
1933 5736 2051 5775 eam

482 5808 802 5880 prospicere
852 5810 1120 5882 jussisse,
1180 5812 1437 5882 illamque
1493 5812 1840 5873 rcspondisw
1878 5855 1890 5868 .
1944 5812 2052 5870 Sed

2160 4613 2298 4681 γυνὴ
2348 4611 2666 4664 παντάπασι
2706 4611 2802 4664 τοῦ
2847 4611 2965 4682 βίου
2996 4613 3307 4682 ἀνάγωγος,
3341 4614 3438 4668 καὶ
3475 4607 3721 4680 αίσχύνης

2159 4705 2233 4767 ὡς
2284 4704 2648 4775 πορρωτάτω,
2711 4704 2804 4756 ἐπί
2854 4722 2964 4758 τινι
3033 4707 3296 4777 στενωπῷ
3348 4707 3425 4777 τῷ
3493 4700 3723 4773 Ἐφραὶμ

2161 4795 2546 4865 ἀπαντήσασα,
2573 4795 2606 4865 ἢ
2637 4796 2799 4849 τοῦτο
2829 4796 3170 4867 προθεμένη,
3202 4798 3298 4851 ἅτε
3330 4799 3395 4865 δὴ
3420 4795 3513 4852 τοῦ
3540 4792 3720 4862 ἀνδρὸς

2163 4905 2251 4940 πει
2262 4889 2432 4957 ρῶσα,
2467 4888 2500 4958 ἢ
2540 4886 2734 4957 μισθοῦ
2763 4888 2949 4952 ἄλλοις
2980 4889 3143 4944 τοῦτο
3171 4892 3513 4963 πράττουσα,
3543 4886 3719 4944 ἀτενὲς

2162 4980 2465 5033 εἰσϐάλλειν
2512 4980 2613 5044 τὰς
2664 4981 2817 5051 ὄψεις
2865 4984 3036 5054 αὐτῷ.
3081 4985 3186 5039 Τὸν
3232 4986 3278 5040 δ’
3310 4984 3716 5054 ἐπιτιμήσαντα.

2160 5073 2241 5135 εἰς
2288 5073 2393 5140 γῆν
2430 5073 2559 5144 ὀρᾷν
2603 5073 2880 5128 κελεῦσαι.
2921 5075 2985 5129 Ἦ
3011 5074 3078 5141 δ’,
3123 5077 3282 5130 Ἀλλά
3327 5077 3464 5141 πῶς,
3493 5075 3615 5142 ἔφη.
3645 5069 3719 5126 εἰς

2162 5157 2268 5232 γῆν
2298 5165 2411 5232 ἐγὼ
2445 5164 2661 5235 βλέᾠως
2692 5165 2876 5234 πολλῷ
2906 5167 3019 5238 γάρ
3052 5185 3111 5221 σε
3154 5168 3491 5239 δικαιότερον
3524 5160 3717 5226 ταύτην

2161 5258 2313 5327 όρᾷν,
2357 5258 2701 5330 πρόσλημμα
2729 5260 2934 5331 ταύτης
2985 5260 3133 5314 ὅντα.
3165 5261 3197 5331 ἢ
3227 5263 3346 5331 ἐμέ.
3401 5257 3553 5325 Ἐμοὶ
3589 5253 3631 5306 δ’
3660 5254 3719 5302 ἐκ

2164 5348 2259 5402 σοῦ
2310 5350 2410 5419 τὴν
2461 5351 2676 5417 γένεσιν
2725 5353 3014 5423 ἐσχηκυῖα,
3054 5354 3146 5405 καὶ
3212 5356 3345 5422 πρός
3394 5368 3451 5404 σε
3509 5347 3714 5417 βλέπειν

2161 5439 2402 5509 εὔλογον.
2449 5442 2689 5496 Ἐκεῖνον
2744 5444 2802 5497 δέ
2851 5444 3130 5513 ἀγάμενον
3186 5447 3245 5499 τὸ
3277 5446 3473 5517 ῥηθὲν,
3511 5433 3717 5509 γραφῆς

2160 5534 2390 5599 ἀξιῶσαι
2416 5551 2431 5565 ο
2466 5533 2495 5587 ὃ
2525 5538 2617 5589 καὶ
2645 5536 2804 5603 Σύροι
2875 5536 2950 5599 ὡς
2977 5537 3035 5590 ἒν
3074 5554 3128 5590 τι
3173 5537 3280 5590 τῶν
3308 5534 3515 5591 ἐκείνου
3559 5540 3712 5581 σπου·
3764 5568 3778 5589 ο

2158 5627 2323 5680 δαίων
2352 5626 2680 5695 λογίζονται.
2732 5629 2898 5700 Ὀργῇ
2935 5630 2992 5683 δὲ
3028 5631 3100 5683 τὰ
3151 5631 3348 5699 πρῶτα
3395 5622 3708 5697 ἡττώμενος.

2163 5721 2223 5785 ἐξ
2254 5714 2313 5775 οὗ
2357 5721 2669 5789 φιλοσοφεῖν
2714 5722 2939 5791 ἤρξατο,
2972 5724 3239 5793 μηδαμῶς
3272 5722 3523 5789 θεαθῆναι
3567 5706 3710 5777 θυμῷ

2161 5815 2497 5882 κενούμῖνῡξ.
2522 5815 2629 5866 Καὶ
2663 5814 2725 5884 δή
2759 5816 2877 5870 ποτ’
2902 5818 2992 5871 ἐπὶ
3017 5817 3238 5881 πολλαῖς
3264 5819 3512 5888 ἡμέραις,
3537 5802 3707 5862 εἰωθὸς
