3990 6440
261 354 364 414 283
617 375 639 384 ο
1123 400 1135 416 ,
1216 354 1826 417 ECCLESIASTlCzE
1864 357 2255 419 HISTORUE
2285 360 2434 422 LIB.
2481 360 2581 423 IX.
3437 361 3541 425 296

261 465 338 522 δν.
363 464 664 536 νηστεύων,
700 467 826 525 ἐπεὶ
870 470 900 523 ὁ
950 467 1367 539 διακονούμενο;
1422 469 1500 539 τῷ
1555 470 1735 541 καιρῷ
1784 473 1846 524 τδ

1961 471 2235 542 quomodo
2259 474 2481 529 tandem
2514 483 2716 531 terram
2738 488 2841 545 ego
2871 472 3118 542 intuear,
3178 486 3304 530 cum
3326 474 3542 544 aequius

260 560 391 627 ὄζον
426 560 757 631 προσέφερε,
796 561 895 631 τὴν
943 561 1151 632 χύτραν
1182 561 1404 616 ἔκλασε.
1448 562 1553 616 Τὸν
1586 562 1633 615 δ’
1664 564 1846 616 ἰδόντα

1961 563 2026 620 sit
2055 574 2107 621 te
2140 581 2262 621 eam
2299 566 2602 636 respicere,
2629 566 2724 637 qui
2760 581 2829 621 ex
2854 581 2917 620 ea
2947 566 3210 621 conditus
3238 565 3336 629 sis,
3374 578 3542 633 quam

263 648 401 701 αἰδοῖ
446 648 542 701 καὶ
587 650 698 703 δέει
742 651 1167 722 συνεσχημένον,
1218 652 1446 723 Θάρσει,
1495 651 1674 719 ἔλεγε.
1725 652 1847 707 Κᾶν

263 741 374 809 γὰρ
400 741 459 793 τι
482 740 612 810 ὄψον
636 743 775 813 πρὸς
798 745 950 813 ἡμᾶς
982 744 1160 798 ἐλθεῖν
1183 745 1520 815 ἀπηξίωσεν,
1543 745 1656 799 ἀλλ’
1684 748 1849 817 ἡμεῖς

272 834 404 904 πρὸς
449 835 643 904 ἐκείνῳ
697 837 1005 906 γενοίμεθα.
1043 839 1153 891 Καὶ
1209 840 1336 907 περὶ
1386 840 1456 893 τὰ
1483 842 1582 911 τῆς
1635 839 1849 909 χύτρας

274 926 580 993 καθεσθεὶς,
613 926 839 996 ἔφαγεν.
872 928 1012 983 Ἀλλ’
1044 929 1194 991 ὅπως
1222 930 1314 981 καὶ
1352 930 1452 996 τῆς
1487 929 1653 998 κενῆς
1688 928 1848 995 δόξης

266 1022 364 1090 οὐχ
399 1020 621 1090 ἥττητο,
656 1018 908 1073 ἐντεῦθεν
959 1022 1292 1090 φανήσεται.
1347 1021 1686 1086 Ἐπίσκοπος
1718 1022 1851 1090 μιᾶς

264 1109 376 1160 τῶν
428 1106 1003 1178 πόλεωνέψηφίζετο.
1048 1110 1204 1175 Ἐπεὶ
1253 1108 1298 1162 δ’
1352 1104 1492 1181 ἧκον
1523 1111 1572 1163 οἰ
1607 1110 1741 1179 πρὸς
1789 1111 1850 1162 τὸ

268 1205 597 1270 χειροτονεῖν
654 1200 1078 1272 συλληψόμενοι,
1131 1205 1342 1266 ἐκεῖνος
1399 1204 1596 1258 αὐτίκα
1660 1188 1848 1272 γνοῦς,

266 1293 373 1346 ἀνᾶ
421 1291 523 1361 τὴν
572 1291 778 1361 ἀγορὰν
823 1292 940 1356 ἰὼν,
978 1287 1067 1345 οἷά
1101 1311 1185 1356 τις
1223 1295 1561 1365 παραπαίων
1594 1294 1850 1365 ἀσέμνως

265 1384 427 1456 διῄει,
462 1385 732 1454 αἰσχύνων
762 1385 862 1456 τὴν
899 1384 1105 1456 ἐσθῆτα
1132 1385 1211 1458 τῷ
1242 1386 1528 1456 σύρεσθαι,
1551 1389 1850 1459 παρσρπὰ-

267 1479 379 1545 ζων
413 1496 471 1533 τε
502 1479 608 1532 τῶν
636 1479 834 1544 ὠνίων,
862 1479 1148 1551 παρρησίᾳ
1186 1478 1362 1548 ἤσθιε.
1400 1480 1605 1553 Πόρρω
1628 1479 1671 1531 δ’
1699 1476 1844 1534 εἶναι

266 1569 428 1635 δόξας
480 1569 714 1639 φρενῶν,
753 1570 937 1640 διέδρα
984 1570 1085 1639 τὴν
1140 1571 1429 1640 σᾶλληψιν,
1490 1574 1587 1626 καὶ
1631 1571 1737 1635 ἕως
1787 1565 1850 1625 οὗ

270 1662 461 1731 ἕτερος
507 1662 605 1729 τὴν
652 1661 957 1734 ἱερωσύνην
986 1662 1210 1730 ἐδέξατο
1266 1664 1647 1735 κρυπτόμενος
1688 1664 1851 1719 διεδί-

275 1755 526 1824 δρασκεν.
565 1754 740 1808 Πολλὰ
767 1754 825 1808 δὲ
854 1756 950 1810 καὶ
979 1756 1115 1809 ἄλλα
1140 1756 1369 1811 πλεῖστα
1387 1759 1483 1811 καὶ
1523 1758 1688 1827 λόγου
1722 1758 1850 1826 ἀξια

280 1848 316 1917 η
354 1865 411 1900 τε
447 1848 577 1917 περὶ
606 1848 771 1902 αὐτὸν
804 1849 1122 1921 συγγραφὴ,
1170 1850 1262 1903 καὶ
1309 1851 1359 1903 οἰ
1407 1824 1699 1922 ἐπιχώριοι
1752 1824 1850 1906 καὶ
1878 1824 1928 1886 Β

296 1942 571 2011 Ῥωμαίων
611 1945 705 1996 καὶ
736 1943 923 2015 Σύρων
971 1944 1247 2014 ἱστοροῦσι
1289 1946 1417 2016 περὶ
1446 1946 1640 2009 αὐτοῦ,
1670 1945 1707 2001 ἃ
1736 1949 1851 2012 τοῖς

279 2034 617 2105 βουλομένοις
663 2037 954 2108 πρόκειται
1010 2038 1274 2109 ἐντυχεῖν.
1341 2039 1484 2106 Ἐγὼ
1526 2038 1604 2105 δὲ,
1668 2038 1695 2092 ὃ
1754 2042 1854 2094 καὶ

275 2125 425 2192 ἄξιον
447 2128 667 2197 μνήμης
706 2125 848 2183 εἶναι
883 2128 1200 2199 λογίζομαι,
1230 2133 1296 2203 τῇ
1335 2135 1630 2203 συγγραφῇ
1670 2151 1852 2205 παρα-

272 2219 448 2284 δώσω,
480 2218 509 2272 ὃ
535 2220 598 2289 δὴ
636 2218 785 2290 αὐτῷ
844 2222 982 2291 πρὸς
1038 2225 1103 2292 τῇ
1157 2223 1382 2293 τελευτῇ
1419 2225 1698 2292 γενομένῳ
1752 2242 1856 2277 κα-

272 2306 549 2377 τῶρθωτο.
602 2309 839 2378 Σφοδρὸς
892 2309 1050 2379 λιμὸς
1110 2312 1296 2365 ἐπόνει
1350 2313 1452 2382 τὴν
1516 2313 1854 2376 Ἐδεσσηνῶν

276 2399 459 2453 πόλινο
499 2402 526 2453 ό
558 2400 604 2451 δ’
638 2402 697 2454 ἐν
735 2401 953 2465 πολλοῖς
989 2402 1134 2457 ἔτεσι
1179 2404 1282 2475 τῆς
1312 2405 1491 2468 οἰκίας
1534 2407 1610 2476 μὴ
1653 2409 1853 2477 προελ-

272 2488 542 2553 Odi-1,1615
575 2490 635 2543 τὸ
664 2488 978 2560 φιλοσοφεῖν
1011 2493 1069 2546 ἐν
1102 2492 1343 2565 δευτέρῳ
1375 2493 1855 2567 θέμενος,προῖὼν

272 2581 442 2643 πολὺς
480 2576 548 2651 ἦν
582 2581 908 2650 ἐγκείμενος
953 2586 1066 2647 τοῖς
1117 2587 1442 2657 περιουσίαν
1483 2587 1722 2657 ἔχουσιν,
1758 2588 1855 2642 ἅτε

272 2674 339 2745 δὴ
369 2673 726 2744 φθειρόμενον
767 2675 828 2728 τὸ
862 2676 1138 2746 ὁμόφυλον
1180 2678 1260 2740 εἰς
1300 2677 1457 2732 οὐδὲν
1495 2678 1618 2732 δέον
1670 2696 1854 2750 περιο-

276 2767 413 2835 ρῶσι
444 2765 636 2820 σπάνει
666 2768 775 2822 τῶν
796 2769 1134 2837 ἀναγκαίων,
1169 2769 1423 2842 διήλεγχε
1453 2788 1514 2825 τε
1543 2771 1619 2836 ὡς
1649 2774 1707 2825 ἐν
1735 2772 1858 2826 δευ-

273 2861 420 2931 τέρῳ
466 2860 786 2931 τιθεμένους
844 2863 947 2926 τὰς
981 2863 1133 2933 σφῶν
1162 2863 1364 2935 ψυχὰς,
1408 2864 1468 2918 τὸ
1515 2864 1573 2918 δὲ
1628 2867 1856 2935 σύμπαν

273 2956 388 3018 τοῖς
435 2956 773 3024 σωματικοῖς
807 2955 1228 3019 ἀναλίσκοντας.
1274 2959 1337 3011 Οἱ
1369 2956 1516 3010 δὲτὸ
1551 2958 1851 3028 φιλόσοφον

274 3046 585 3118 αἰδούμενοι
615 3050 707 3102 καὶ
736 3050 1032 3120 ἀπέριττον
1054 3050 1147 3104 τοῦ
1179 3050 1396 3122 ἀνδρὸς,
1430 3051 1506 3121 μὴ
1536 3051 1681 3105 τοῦτ’
1714 3047 1858 3105 εῖναι

1950 673 2042 714 me
2087 668 2270 713 ortum
2315 676 2382 714 ex
2435 670 2489 715 te
2535 660 2873 724 habentem,
2907 658 3253 729 proindeque
3299 662 3451 710 recte
3491 665 3543 708 te

1949 753 2398 824 respectantem?
2437 752 2593 819 Quod
2620 751 2871 807 mulieris
2900 750 3139 805 verbum
3182 740 3276 802 ille
3306 744 3542 801 admira-

1954 853 2063 909 tus,
2115 844 2321 901 deinde
2369 845 2580 915 scripto
2630 843 2938 899 mandavit.
2977 843 3158 912 Atque
3210 839 3265 894 id
3312 837 3434 909 Syri
3485 836 3543 889 in

1953 937 2151 1008 primis
2206 947 2519 993 memoratu
2575 937 2803 1007 dignum
2853 951 2922 989 ex
2975 934 3126 989 illius
3192 931 3363 987 rebus
3417 942 3541 984 esse

1952 1036 2205 1084 censent.
2235 1028 2302 1083 Et
2334 1029 2576 1098 primum
2601 1026 2825 1098 quidem
2851 1025 2898 1081 is
2923 1040 3070 1093 smpe
3103 1025 3183 1078 ira
3208 1024 3389 1077 victus
3411 1028 3495 1075 est
3523 1035 3540 1085 ;

1951 1130 2312 1191 posteaquam
2351 1130 2537 1175 autem
2567 1119 2887 1174 monasticae
2921 1116 3292 1187 philosophiae
3322 1114 3542 1167 incum-

1949 1213 2086 1269 bere
2127 1214 2319 1282 cmpit,
2371 1227 2658 1282 nunquam
2706 1218 3023 1265 commotus
3067 1222 3193 1263 esse
3243 1206 3394 1259 visus
3428 1210 3536 1258 est.

1949 1306 2129 1377 Atque
2161 1303 2496 1376 aliquando,
2532 1317 2659 1358 cum
2702 1301 2821 1358 dies
2855 1299 3060 1356 multos
3106 1313 3207 1367 pro
3240 1301 3543 1351 consuetu-

1951 1395 2083 1449 dine
2110 1410 2231 1457 sua,
2257 1393 2470 1465 jejunio
2504 1393 2890 1463 transegisset,
2919 1396 2977 1444 et
3010 1389 3266 1442 minister
3294 1392 3543 1451 tempore

1951 1487 2138 1542 cibum
2189 1486 2242 1540 ei
2293 1484 2538 1550 afferret,
2591 1483 2797 1539 accidit
2829 1491 2890 1536 ut
2940 1481 2988 1536 is
3034 1479 3200 1533 ollam
3237 1477 3539 1544 frangeret.

1953 1578 2218 1650 Ephraim
2251 1594 2384 1632 vero
2418 1577 2634 1647 pudore
2673 1576 2831 1648 juxta
2870 1584 2928 1630 et
2976 1572 3176 1627 timore
3213 1577 3536 1637 correptum

1952 1672 2105 1727 illum
2134 1671 2336 1726 videns
2366 1687 2381 1723 :
2424 1670 2593 1735 Bono,
2644 1668 2849 1737 inquit,
2883 1673 3002 1722 esto
3035 1665 3248 1719 animo.
3279 1660 3540 1729 Quando-

1953 1763 2179 1835 quidem
2220 1763 2370 1818 enim
2403 1760 2699 1817 obsonium
2730 1759 2797 1815 ad
2834 1774 2937 1815 nos
2965 1756 3159 1812 venire
3193 1754 3402 1818 renuit,
3440 1766 3543 1805 nos

1954 1873 2056 1929 age
2085 1855 2153 1912 ad
2182 1855 2236 1911 id
2271 1854 2602 1911 accedamus
2629 1871 2642 1906 :
2673 1859 2729 1909 et
2758 1853 2824 1906 ad
2858 1851 2982 1905 ollae
3014 1849 3320 1919 fragmenta
3349 1859 3546 1901 conse-

1955 1953 2093 2006 dens
2133 1948 2398 2005 comedit.
2435 1945 2735 2001 Enimvero
2779 1952 2840 2000 ut
2873 1958 3013 1997 vana
3044 1942 3212 1996 etiam
3244 1938 3417 2011 gloria
3449 1953 3548 1993 su-

1955 2040 2142 2112 perior
2184 2039 2385 2102 fuerit,
2430 2035 2561 2091 inde
2599 2032 2812 2105 liquido
2856 2032 3091 2104 patebit.
3140 2026 3547 2098 Designabatur

1957 2132 2081 2189 urbi
2111 2131 2332 2188 cuidam
2364 2128 2682 2198 episcopus.
2708 2126 2894 2195 etiam
2929 2123 3022 2194 qui
3052 2137 3111 2178 se
3142 2120 3211 2176 ad
3237 2117 3547 2174 ordinatio-

1954 2241 2081 2281 nem
2109 2221 2403 2278 abducturi
2439 2228 2636 2283 erant,
2670 2216 3063 2274 adveniebant.
3100 2214 3178 2269 Ac
3209 2213 3327 2282 ipse
3356 2210 3542 2265 statim

1955 2331 2024 2372 eo
2078 2314 2328 2385 cognito,
2384 2311 2439 2366 in
2488 2311 2668 2366 forum
2722 2322 3083 2380 progressus,
3130 2305 3303 2360 veluti
3356 2309 3544 2357 mente

1957 2421 2151 2480 raptus
2202 2406 2466 2463 indecore
2512 2404 2906 2476 gradiebatur,
2955 2416 3065 2456 non
3117 2398 3253 2453 satis
3304 2397 3543 2451 honeste

1958 2513 2172 2560 vestem
2201 2511 2324 2572 post
2354 2516 2412 2555 se
2447 2500 2698 2561 trahens,
2731 2507 2787 2553 et
2821 2512 2944 2568 qure
2976 2494 3186 2548 venalia
3222 2499 3387 2545 erant
3420 2503 3546 2544 sur-

1960 2596 2202 2667 ripiens,
2239 2594 2636 2664 propalamque
2682 2590 3007 2647 comedens.
3059 2588 3147 2643 Sic
3198 2586 3290 2639 ille
3342 2583 3547 2638 mentis

1961 2691 2141 2760 impos
2173 2688 2556 2755 existimatus,
2596 2683 3159 2756 comprehensionem
3207 2678 3429 2749 effugit.
3477 2677 3545 2730 Et

1963 2778 2236 2848 tantisper
2266 2776 2399 2832 dum
2434 2777 2578 2831 alius
2612 2776 2996 2845 episcopatum
3025 2770 3322 2840 reciperet,
3354 2766 3548 2822 occul-

1963 2879 2086 2926 tans
2125 2885 2249 2925 sese
2288 2868 2471 2924 latuit.
2506 2868 2756 2924 Plurima
2796 2880 2931 2921 sane
2974 2872 3034 2919 et
3080 2862 3189 2940 alia
3235 2867 3548 2915 memoratu

1961 2962 2147 3034 digna,
2182 2971 2238 3016 et
2278 2960 2374 3032 qui
2407 2961 2474 3015 de
2507 2973 2576 3014 eo
2611 2957 2962 3026 conscriptus
3000 2962 3087 3007 est
3125 2952 3292 3017 liber,
3324 2956 3381 3003 et
3413 2963 3546 3018 pro-

1963 3057 2226 3114 vinciales
2253 3057 2396 3122 ejus,
2434 3052 2662 3108 Romani
2703 3050 2870 3106 simul
2901 3061 2957 3104 et
2984 3047 3144 3119 Syri,
3185 3048 3254 3099 de
3287 3059 3356 3099 eo
3394 3043 3548 3097 refe-
3648 3079 3657 3095 .

276 3140 526 3210 σφοδρῶς
557 3140 883 3194 διετείνοντο
908 3155 924 3171 ο
965 3142 1264 3212 πρόχειρον
1309 3145 1422 3214 γὰρ
1465 3140 1604 3197 εἶναι
1634 3144 1736 3207 τὰς
1766 3144 1857 3197 ού·-

1962 3157 2122 3212 runt,
2156 3161 2278 3218 quae
2322 3144 2500 3200 cuivis
2546 3156 2881 3213 cognoscere
2924 3147 3013 3194 est
3061 3136 3325 3207 proclive.
3378 3132 3546 3205 714,

278 3234 400 3297 σίας
449 3235 632 3304 νέμειν
667 3236 778 3298 τοῖς
834 3235 1117 3289 ἐνδεέσινο
1162 3236 1222 3288 ἐν
1252 3237 1468 3308 ἀπορίᾳ
1496 3235 1544 3297 δῖ
1592 3232 1733 3291 εἶναι
1776 3236 1854 3302 ὡς

278 3323 457 3393 χρεὼν
483 3325 576 3378 τοῦ
605 3327 676 3379 τὰ
699 3325 926 3381 τοιαῦτα
951 3327 1423 3401 διακονησαμένου
1441 3346 1456 3361 ·
1482 3328 1690 3394 πάντες
1720 3331 1853 3401 γὰρ,

279 3417 489 3487 ἔλεγον,
521 3419 658 3488 πρὸς
706 3418 900 3486 κέρδος
951 3400 1248 3492 κεχηνδτες
1293 3420 1444 3487 είσὶ,
1499 3420 1569 3474 τὰ
1625 3400 1856 3474 τοιαῦτα

279 3512 525 3583 αἰσχρῶς
576 3513 1004 3585 καπηλεύοντες.
1047 3514 1108 3570 '0
1156 3515 1204 3568 δ’
1266 3514 1530 3587 Ἐφραὶμ,
1599 3517 1743 3588 Ἐγὼ
1798 3517 1858 3573 δὲ

282 3610 434 3668 ποῖος
465 3604 574 3676 ἄρα
599 3609 725 3673 ὑμῖν
752 3602 893 3662 εἶναι
926 3607 1106 3675 δοκῶ;
1139 3608 1262 3663 Τῶν
1287 3609 1334 3664 δ’
1360 3609 1652 3679 εἰπόντων,
1677 3610 1858 3676 Καλός

280 3715 339 3750 τε
385 3698 482 3752 καὶ
537 3699 774 3767 ἀγαθὸς,
823 3701 917 3753 καὶ
965 3701 1208 3765 τοιοῦτος
1252 3703 1440 3757 ὁποῖον
1480 3704 1750 3774 ἁρμόζειν
1785 3707 1852 3777 τῇ

283 3792 418 3861 περὶ
464 3791 633 3846 αὖτοῦ
682 3792 844 3866 δόξῃθ
874 3794 1108 3861 Οὐκοῦν,
1145 3794 1275 3865 ἔφη,
1310 3797 1441 3866 ὑμῖν
1494 3796 1604 3866 ἐγὼ
1635 3796 1859 3869 ἕτοιμος

286 3886 420 3938 πᾶσι
450 3887 560 3947 τοῖς
614 3885 878 3949 τοιούτοις
936 3886 1239 3955 διακονετνς
1294 3887 1408 3941 Καὶ
1463 3888 1527 3960 δὴ
1590 3890 1856 3962 ἀποχρῶν

286 3978 549 4048 ἀργύριον
615 3979 673 4045 ἐξ
722 3981 948 4035 ἐκείνων
1016 3979 1233 4049 λαϐὼν,
1286 3984 1612 4053 τριακοσίας
1668 3985 1860 4049 κλίνας

288 4073 548 4143 ἐπρίατο·
583 4076 676 4128 καὶ
714 4075 771 4127 ἐν
814 4079 928 4141 τοῖς
961 4076 1248 4148 δημοσίοις
1285 4079 1540 4151 ἐμϐόλοις
1589 4053 1731 4145 τοὺς⁸
1761 4081 1859 4135 τοῦ

287 4166 447 4235 λιμοῦ
480 4172 826 4238 τραυματίας
866 4171 1089 4239 λαϐὼν,-
1107 4174 1290 4227 πᾶσαν
1336 4173 1636 4245 θεραπείαν
1684 4191 1860 4247 προσ-

286 4260 388 4328 ἦγε
410 4275 426 4290 ’
476 4258 659 4326 ξένους
692 4262 738 4315 δ’
768 4264 862 4316 ἐπὶ
889 4264 1100 4328 τούτοις
1132 4264 1227 4318 καὶ
1255 4264 1435 4329 ἄλλως
1463 4265 1645 4337 ἐνδείᾳ
1674 4265 1864 4328 πιεζο-

291 4355 484 4422 μένους
528 4354 714 4419 δεξιῶς
764 4355 1086 4425 ἐπεμέλετο.
1118 4355 1226 4410 Καὶ
1275 4357 1420 4410 τοῦτ’
1452 4357 1728 4428 ἔπραττεν
1758 4358 1862 4419 ἕως

287 4449 381 4499 καὶ
432 4446 508 4517 τῷ
559 4446 706 4518 λιμῷ
757 4448 1161 4520 ἐμφι).οχωρεῖν
1214 4444 1302 4520 ἦν.
1345 4449 1504 4504 Ἐπεὶ
1553 4451 1598 4503 δ’
1652 4450 1864 4515 ἐκεῖνος

1963 3241 2145 3298 Unum
2177 3238 2313 3294 illud
2346 3254 2480 3294 sane
2505 3252 2671 3307 quam
2706 3232 3093 3294 memorabile,
3133 3227 3386 3285 historia:
3415 3227 3548 3281 huic

1967 3334 2212 3389 inserere
2238 3332 2415 3387 visum
2443 3341 2549 3393 est,
2584 3328 2730 3399 quod
2764 3325 2833 3380 ab
2860 3340 2928 3380 eo
2955 3324 3121 3394 paulo
3151 3331 3281 3376 ante
3306 3330 3544 3373 mortem

1964 3437 2048 3482 εει
2092 3433 2329 3495 gestum.
2391 3422 2584 3477 Fames
2638 3420 2832 3490 ingens
2881 3417 3292 3472 Edessenornm
3349 3411 3545 3465 urbem

1969 3518 2305 3590 premebat:
2355 3525 2522 3585 atque
2576 3514 2733 3582 ipse,
2792 3510 2888 3581 qui
2942 3508 3151 3563 multos
3211 3516 3386 3559 annos
3434 3516 3551 3555 non

1966 3612 2153 3669 fuerat
2175 3611 2339 3667 domo
2370 3622 2717 3680 progressus,
2755 3615 2868 3660 tum
2902 3597 3334 3673 philosOphandi
3361 3595 3550 3651 studio

1965 3703 2311 3774 aliquantum
2358 3699 2720 3760 intermisso,
2772 3695 3020 3767 prodiit:
3075 3701 3131 3746 et
3181 3692 3236 3744 in
3291 3687 3552 3743 homines

1966 3793 2277 3864 locupletes
2298 3834 2313 3859 ,
2359 3792 2454 3862 qui
2498 3790 2579 3846 sic
2614 3790 2853 3859 turpiter
2883 3801 3069 3840 rerum
3102 3780 3550 3838 necessariarum

1940 3878 2189 3957 inopia,
2232 3884 2383 3939 cives
2414 3897 2548 3938 suos
2580 3887 2883 3951 pereuntes
2920 3875 3303 3945 despicerent,
3342 3870 3559 3925 acritern

1968 3987 2055 4036 est.
2096 3979 2373 4042 invectus,
2421 3987 2661 4043 arguens
2702 3985 2838 4034 eos,
2878 3967 3027 4038 quod
3075 3965 3385 4018 animarum
3417 3973 3551 4014 cura

1966 4071 2242 4141 neglecta,
2272 4067 2519 4124 studium
2551 4078 2718 4119 omne
2749 4064 2807 4117 in
2840 4073 3072 4129 corpore
3105 4055 3344 4111 fovendo
3372 4051 3551 4107 collo-

1968 4173 2181 4221 carent.
2212 4162 2293 4217 llli
2319 4170 2507 4217 autem
2536 4157 2912 4228 integritatem
2942 4160 3000 4207 et
3024 4155 3410 4226 paupertatem
3440 4143 3549 4196 viri

1969 4259 2333 4314 observanter
2359 4252 2546 4316 veriti,
2575 4250 2804 4305 minime
2834 4247 2887 4300 id
2916 4250 2998 4301 sic
3024 4259 3148 4299 esse
3182 4239 3550 4297 aﬂirmaruut;

1972 4349 2133 4406 facile
2169 4346 2318 4403 enim
2366 4355 2421 4400 et
2466 4350 2801 4417 promptum.
2831 4340 2913 4394 eis
2957 4351 3121 4399 esse,
3171 4325 3552 4402 indigentibus

1972 4441 2263 4498 facultates
2301 4436 2684 4493 distribuere:
2729 4432 2921 4486 deesse
2971 4428 3203 4488 saltem,
3254 4421 3348 4492 qui
3384 4421 3440 4475 in
3481 4433 3550 4472 eo

285 4539 499 4609 ἔληγεν,
533 4542 612 4603 εἰς
652 4539 713 4592 τὸ
741 4542 839 4611 τῆς
874 4518 1202 4610 φιλοσοφίας
1226 4518 1596 4614 ἐργαστήριον
1624 4543 1857 4614 ἐπανῆλ-

1975 4532 2313 4597 minislerio,
2349 4543 2449 4600 pro
2473 4543 2540 4583 eo
2572 4535 2738 4595 atque
2774 4523 3023 4582 deceret,
3059 4518 3276 4572 fidelem
3314 4529 3373 4568 se
3407 4528 3552 4582 prae.-

287 4603 419 4685 θεςῖ-
447 4603 575 4685 ἔνθα
609 4603 805 4700 ὀλίγας.
826 4603 1043 4705 ἡμέρας
1357 4603 1638 4699 ἐτελεύτα,
1672 4603 1857 4708 κληρι-

1974 4627 2166 4688 heret,
2201 4635 2509 4690 omnesque
2551 4618 2710 4672 lucro
2753 4614 3003 4679 inhiare,
3050 4620 3107 4665 et
3144 4608 3274 4663 talia
3314 4604 3463 4660 [αιύο
3495 4603 3553 4657 in

287 4724 384 4778 κού
412 4723 688 4788 διακονίας
730 4726 789 4778 ἐν
835 4727 902 4795 τῇ
937 4724 1211 4797 ἐκκλησίᾳ
1249 4725 1528 4791 ἀξιωθείς·
1573 4727 1665 4780 Ἓν
1702 4728 1761 4782 δὲ
1798 4730 1864 4798 τῇ

287 4818 430 4870 κατά
464 4816 733 4887 μοναχοὺς
783 4818 978 4888 ἀγωγῇ
1021 4816 1313 4887 διαϐόητος
1367 4820 1638 4888 γεγονὼς,
1669 4821 1869 4890 ἐπίσης

287 4911 395 4963 τῶν
449 4911 508 4963 ἐν
561 4910 829 4981 ἱερωσύνῃ
880 4910 977 4962 καὶ
1032 4910 1338 4973 παιδεύσει,
1370 4909 1583 4977 ἀγαθοῦ
1639 4926 1701 4964 τε
1747 4910 1866 4981 βίου

286 4997 758 5068 διατεθρύλληται.
822 4996 991 5049 Ταῦτ’
1044 4997 1202 5065 ὀλίγα
1245 4999 1309 5052 ἐκ
1356 4998 1570 5052 πολλῶν
1627 4999 1738 5053 τῶν
1788 4999 1867 5068 τῷ

300 5092 541 5161 Ἐφραὶμ
590 5090 1044 5163 κατωρθωμένων
1094 5092 1331 5163 ἐρρήθη.
1381 5092 1571 5147 Πάντα
1626 5093 1738 5164 γὰρ
1800 5093 1869 5147 τὰ

289 5184 507 5237 ἐκείνου
559 5185 695 5255 πρὸς
752 5183 913 5251 ἀξίαν
955 5182 1212 5252 διελθεῖν,
1252 5185 1317 5239 οὐ
1365 5188 1474 5256 μὴν
1513 5185 1572 5239 δέ
1604 5185 1740 5239 ἀλλὰ
1773 5187 1868 5240 καὶ

290 5276 400 5331 τῶν
428 5279 604 5333 ἄλλων
637 5278 745 5331 τῶν
773 5277 1032 5348 τηνικάδε
1062 5279 1576 5350 φιλοσοφησάντων,
1612 5280 1764 5340 ὅπως
1803 5296 1865 5333 τε

288 5366 423 5418 ἐϐίω
470 5366 563 5420 καὶ
586 5358 694 5438 Βία
744 5367 996 5439 πολιτείᾳ
1050 5369 1329 5438 ἐχρήσατο
1376 5369 1629 5434 ἕκαστος,
1676 5370 1865 5437 δεήσει

292 5462 655 5531 συγγραφέως
688 5456 798 5523 οἷος
824 5456 893 5533 ἦν
920 5461 1082 5524 αὐτός
1107 5476 1123 5492 ⁸
1161 5463 1297 5531 ἡμῖν
1325 5460 1381 5515 δὲ
1415 5464 1769 5517 παντάπασιν
1805 5465 1864 5516 ἐν

292 5551 560 5622 ἀμηχάνῳ
614 5552 735 5605 ἐστὶ
792 5553 871 5624 τῷ
920 5552 1199 5625 ἀνισχύρῳ
1241 5554 1351 5607 τῶν
1400 5554 1595 5623 λόγων,
1650 5556 1745 5609 καὶ
1795 5559 1861 5626 τῇ

291 5645 488 5716 ἀγνοίᾳ
536 5645 646 5698 τῶν
698 5647 944 5719 ἀκριϐῶς
998 5648 1228 5709 ἐκείνοις
1276 5647 1708 5718 πεπραγμένων.
1755 5647 1864 5700 Καὶ

290 5740 397 5809 γὰρ
448 5738 507 5792 ἐν
544 5739 805 5810 ἐρημίαις
845 5741 1025 5814 ὄντες,
1087 5740 1156 5794 τὰ
1207 5741 1434 5794 πλεῖστα
1484 5740 1778 5794 ἐλάνθανον
1811 5743 1860 5794 οἱ

296 5830 497 5889 πολλοί.
534 5832 597 5888 Ei
642 5832 698 5887 δέ
750 5851 897 5900 τινες
953 5833 1047 5890 καὶ
1097 5834 1383 5890 ἐν-πόλεσι
1431 5834 1527 5899 τὰς
1580 5832 1861 5903 διατριϐὰς

1972 4725 2245 4790 quaestum
2296 4728 2456 4768 suum
2502 4717 2758 4770 vertere,
2793 4704 3006 4759 dixere.
3051 4699 3192 4754 Tum
3245 4695 3551 4767 Ephraim:

1972 4814 2085 4887 Ego
2112 4825 2270 4878 vero,
2298 4808 2504 4879 inquit,
2536 4798 2904 4877 qualisvobis
2925 4812 3048 4852 esse
3071 4792 3307 4849 videor?
3340 4791 3406 4845 Et
3436 4790 3551 4843 illi:

1970 4885 2247 4962 Honestas
2277 4914 2446 4972 atque
2495 4900 2695 4962 bonus,
2734 4888 3075 4963 respondere
3103 4903 3118 4941 :
3152 4896 3209 4940 et
3240 4885 3364 4937 talis
3398 4897 3556 4952 prur-

1969 5011 2097 5061 sus,
2140 4993 2235 5064 qui
2264 4989 2512 5062 opinioni
2547 5003 2671 5058 quae
2708 4986 2778 5040 de
2814 4997 2880 5038 eo
2912 4980 3125 5043 fertur,
3167 4978 3275 5030 vita
3313 4975 3431 5044 ipsa
3467 4990 3557 5026 rc-

1970 5087 2259 5158 spondeat.
2289 5084 2504 5152 Itaque,
2530 5080 2623 5134 ille
2654 5078 2750 5142 ait,
2782 5081 3005 5147 paratus
3035 5086 3157 5127 sum
3188 5069 3243 5123 iu
3276 5064 3555 5140 ejusmodi

1969 5180 2229 5237 omnibus
2256 5175 2494 5248 negotiis
2516 5171 2809 5229 inservire.
2836 5168 2907 5222 Et
2928 5165 3103 5220 multo
3127 5163 3196 5218 ab
3219 5162 3302 5217 eis
3326 5168 3551 5229 sumptu

1967 5282 2198 5346 argento
2240 5279 2521 5326 trecentos
2572 5264 2791 5336 paravit
2835 5262 3057 5316 lectos:
3101 5266 3159 5314 et
3209 5258 3264 5312 in
3307 5254 3550 5325 publicis

1971 5365 2283 5438 porticibus
2314 5376 2412 5417 eos
2440 5361 2534 5431 qui
2570 5360 2719 5413 fame
2760 5354 3001 5412 confecti
3046 5358 3231 5415 erant,
3268 5359 3553 5415 acceptos,

1970 5459 2270 5530 diligenter
2302 5464 2360 5511 et
2408 5455 2650 5524 benigne
2700 5449 2881 5506 fovit:
2928 5447 3171 5501 advenas
3214 5454 3461 5512 quoque,
3498 5448 3555 5492 et

1971 5553 2109 5608 alios
2147 5549 2242 5620 qui
2288 5549 2475 5618 inopia
2524 5545 2923 5615 aﬂligerentur,
2962 5538 3278 5592 humaniter
3311 5531 3550 5585 curavit.

1970 5643 2139 5715 quue
2181 5643 2451 5712 tantisper
2482 5640 2614 5695 fecit
2636 5677 2652 5704 ,
2684 5637 2815 5692 dum
2850 5633 3022 5687 fames
3049 5629 3125 5684 ibi
3160 5637 3249 5683 est
3273 5633 3546 5697 grassata.

1966 5740 2043 5795 Ea
2069 5752 2199 5793 vero
2227 5735 2476 5806 depulsa,
2508 5733 2625 5803 ipse
2650 5730 2717 5786 ad
2744 5723 3108 5799 philosophia:
3137 5735 3250 5777 sua:
3273 5718 3549 5774 ofﬁcinam

1969 5846 2246 5898 reversus,
2292 5828 2366 5884 ibi
2400 5840 2605 5899 paucos
2639 5831 2760 5896 post
2790 5821 2909 5877 "ics
2950 5817 3061 5873 vita
3104 5822 3188 5871 est
3224 5811 3547 5870 defunctus.
