3990 6450
505 361 609 422 28Ἱ

1730 362 2158 423 NICEPHORI
2199 363 2549 424 CALLISTI

3633 368 3724 429 288

507 467 566 520 in
641 464 880 521 Ecclesia
957 465 1146 521 clerici
1222 465 1594 521 ministerium
1654 468 1918 533 sumpsit.
1973 467 2090 522 Vita

2199 468 2508 530 ἐποιοῦντο,
2549 467 2686 520 ἀλλά
2723 484 2786 535 γε
2815 467 2896 538 τῷ
2929 465 3024 520 τοῦ
3058 465 3384 536 φαινομένου
3413 467 3619 531 εὐτελεῖ,
3650 473 3726 522 καὶ

505 563 689 608 autem
723 557 1024 610 monastiea
1059 556 1417 624 percelebris.
1448 572 1514 612 ex
1545 572 1707 626 aequo
1733 572 1860 611 cum
1895 558 1963 612 iis
1992 557 2089 627 qui

504 647 845 715 episc0patn.
881 647 1163 712 doctrina,
1200 657 1256 701 et
1289 649 1410 700 vita:
1443 649 1742 703 sanctitate
1775 649 1907 703 clari
1941 659 2092 716 sunt,

506 737 782 790 laudatur.
817 737 940 791 Haec
983 752 1155 804 pauca
1198 755 1265 792 ex
1310 739 1530 801 multis,
1563 755 1685 807 quae
1713 739 1782 792 ab
1827 739 2088 809 Epliraim

506 837 656 881 recte
688 829 886 897 pieque
921 831 1064 883 facta
1091 838 1245 891 sunt,
1275 830 1536 885 diximus.
1573 830 1680 884 Res
1706 846 1943 899 namque
1969 833 2088 901 ejus

500 935 693 973 «virtues
722 921 764 974 si
805 937 901 989 pro
934 922 1210 991 dignitate
1243 938 1435 977 earum
1476 938 1754 992 exponere
1791 939 1890 976 nos
1923 938 2086 990 Opor-

505 1019 668 1075 teret,
700 1023 794 1068 aut
827 1015 993 1067 etiam
1037 1016 1277 1069 aliorum
1311 1017 1403 1084 qui
1441 1025 1557 1068 tum
1592 1015 1646 1068 in
1679 1015 1873 1068 eodem
1906 1015 2087 1084 philo-

501 1103 769 1172 sophandi
822 1123 1028 1176 genere
1086 1108 1488 1170 elaborarunt,
1539 1106 1822 1177 quomodo
1875 1107 2086 1160 scilicet

500 1209 691 1248 eorum
724 1199 964 1266 quisque
1000 1200 1224 1260 vixerit.
1273 1207 1328 1252 et
1360 1199 1507 1266 quali
1563 1215 1782 1252 morum
1830 1199 2084 1252 instituto

2194 560 2273 628 τῷ
2303 561 2468 630 μηδὲν
2499 561 2788 629 διαφέρειν
2815 560 2927 614 τῶν
2955 559 3172 613 πολλῶν
3201 560 3380 613 δοκεῖν
3399 601 3412 623 ,
3439 561 3726 625 κλέπτοντες

2191 649 2332 720 ἦσαν
2370 656 2469 720 τὴν
2511 653 2800 720 ἐργασίαν,
2836 653 2928 704 τὸν
2955 653 3015 720 ἐξ
3052 653 3363 722 ἀνθρώπων
3399 651 3602 704 ἔπαινον
3626 653 3731 705 διω-

2195 744 2473 813 θούμενοι.
2532 747 2637 800 Τὸν
2681 744 2790 813 γὰρ
2830 744 2966 796 Θεὸν
3019 746 3180 812 μόνον
3229 745 3473 813 μάρτυρι
3516 743 3613 794 τῶν
3653 761 3735 794 πε-

2193 837 2532 905 πραγμένων
2591 835 2947 906 ποιούμενοι,
3008 837 3210 896 ἥκιστα
3261 836 3358 904 τῆς
3419 833 3734 903 ἀνθρωπίνης

2194 927 2353 994 δόξης
2401 926 2807 980 ἀντεποιοῦντο.
2845 926 2980 996 Περὶ
3041 927 3141 995 μὲν
3197 922 3292 978 οὖν
3338 924 3536 994 ἀνδρῶν
3571 925 3614 976 οἳ
3656 926 3739 976 ἐπὶ

2192 1017 2294 1086 τῆς
2336 1019 2621 1088 παρούσης
2675 1018 2977 1088 ἡγεμονίας
3025 1017 3441 1087 φιλοσοφοῦντες
3484 1013 3630 1087 ἦσαν,
3659 1017 3740 1068 καί

2193 1111 2336 1162 κατὰ
2359 1111 2568 1179 ’νόμους
2611 1111 2944 1178 Ἐκκλησίας
2980 1111 3383 1180 ἡκριϐωμένως
3426 1110 3524 1162 ἀνὰ
3568 1111 3664 1161 πᾶν
3689 1107 3740 1160 τὸ

2192 1201 2437 1270 ὑπήκοον
2465 1202 2866 1264 ἐπολιτεύοντο,
2902 1203 3028 1255 τάδε
3061 1203 3255 1269 ἔγνων.

505 1303 635 1342 usus
677 1291 782 1352 sit,
828 1293 1007 1360 qualis
1055 1293 1172 1361 ipse
1220 1291 1356 1355 fuit,
1403 1293 1677 1361 scriptore
1723 1301 1873 1347 esset
1921 1306 2084 1359 opus.
2126 1291 2170 1346 A
2240 1294 2401 1348 nobis
2429 1303 2579 1349 certe
2615 1295 2840 1363 quidem
2908 1295 2961 1348 id
2996 1295 3242 1364 praestari
3275 1294 3496 1348 omnino
3521 1307 3620 1346 non
3649 1307 3734 1359 po-

504 1394 631 1450 test,
660 1399 785 1437 cum
819 1395 1045 1454 propter
1067 1386 1412 1459 orationiset
1435 1386 1558 1455 styli
1593 1387 1937 1448 tenuitatem,
1969 1394 2082 1438 tum
2125 1386 2272 1455 quod
2308 1403 2400 1442 res
2466 1403 2660 1441 eorum
2689 1388 2996 1442 rectissime
3018 1398 3199 1456 gestas
3230 1387 3558 1456 ignoramus.
3621 1382 3739 1445 Nam,

502 1483 727 1534 iliorum
763 1479 919 1532 multi
941 1479 1008 1532 in
1037 1479 1172 1534 solis
1204 1479 1469 1546 degentes
1499 1479 1658 1543 locis,
1697 1488 1756 1532 ut
1787 1480 2088 1547 plurimum
2129 1481 2362 1535 latuere.
2428 1480 2583 1545 Quod
2615 1482 2660 1535 si
2697 1481 2945 1534 nonnulli
2978 1480 3033 1533 in
3095 1479 3329 1534 urbibus
3358 1478 3620 1530 domicilia
3649 1492 3734 1531 sui

502 1572 785 1636 habuere,
820 1571 967 1638 quod
1007 1571 1143 1624 viles
1186 1585 1309 1624 esse
1341 1578 1707 1639 apparerent,
1749 1578 1808 1623 et
1881 1569 2018 1623 nihil
2087 1569 2157 1622 ab
2197 1569 2320 1624 aliis
2374 1569 2599 1624 dilferre
2645 1569 2990 1633 viderentur,
3039 1569 3298 1624 consulto
3341 1569 3578 1622 actiones
3622 1580 3735 1619 suas

499 1663 782 1716 celarunt.
823 1661 986 1733 715
1017 1663 1153 1716 Nam
1188 1662 1426 1715 humana
1461 1662 1623 1716 laude
1691 1663 2004 1730 repudiata,
2074 1661 2303 1731 soloque
2369 1663 2477 1716 Deo
2503 1672 2749 1717 actorum
2792 1677 3019 1716 suorum
3053 1670 3192 1716 teste
3218 1660 3504 1722 advocato,
3537 1659 3738 1712 minime

501 1757 572 1810 ah
612 1755 937 1809 hominibus
966 1757 1202 1826 gloriam
1243 1767 1372 1809 sunt
1407 1756 1690 1824 aueupati.
1727 1754 1907 1824 Atque
1940 1754 2200 1824 equidem
2269 1756 2336 1810 de
2404 1757 2541 1809 viris
2605 1757 2697 1825 qui
2729 1755 2951 1826 imperii
2988 1756 3107 1825 ejus
3133 1762 3382 1822 tempore
3413 1753 3742 1807 monasticam

507 1849 928 1918 philosophiam
973 1857 1104 1902 sunt
1156 1848 1376 1911 sectati,
1409 1859 1466 1902 et
1509 1848 1814 1902 secundum
1867 1848 2127 1902 Ecclesia:
2169 1848 2318 1917 leges
2389 1848 2630 1918 perfecte
2673 1857 2727 1902 et
2764 1853 2957 1900 exacte
2989 1846 3043 1899 in
3079 1845 3359 1916 plerisque
3403 1843 3624 1899 Romani
3658 1843 3744 1896 itu-

502 1939 640 2006 perii
675 1938 809 1992 locis
843 1949 957 1992 tum
993 1939 1162 1993 vitam
1199 1953 1454 2006 exegere,
1489 1939 1607 1993 lucc
1639 1940 1777 1993 mihi
1807 1951 2093 2008 comperta
2129 1948 2278 1992 sunt.

1080 2072 1310 2128 CAPUT
1355 2073 1520 2128 XVII.

606 2189 684 2242 De
737 2189 1004 2260 Didyme;
1050 2188 1174 2240 item
1237 2189 1299 2240 de
1353 2189 1501 2242 Aetio
1555 2198 1602 2242 et
1654 2188 1980 2258 Apollinari,

1161 2259 1446 2311 hwreticis.

570 2374 944 2442 Temporibus
987 2382 1170 2426 autem
1207 2373 1290 2426 eis
1330 2373 1515 2428 clarus
1555 2373 1720 2426 etiam
1767 2373 1872 2426 fuit
1908 2373 2086 2426 eccle-

498 2468 758 2522 siastieus
783 2468 1028 2533 scriptor
1059 2466 1342 2545 Didymus,
1371 2467 1572 2519 schola:
1603 2481 1892 2519 sacrarum
1926 2467 2088 2519 disci-

501 2562 774 2632 plinarum
809 2557 1160 2612 Alexandria:
1207 2558 1527 2628 praefectus.
1564 2559 1754 2628 Neque
1802 2573 1936 2612 vero
1967 2560 2088 2612 lau—

499 2657 625 2708 dem
651 2654 704 2707 in
729 2669 791 2707 ea
818 2651 1138 2707 eruditione
1171 2660 1383 2705 tantum
1410 2652 1644 2706 meritus
1675 2652 1878 2714 fuerat,
1898 2667 2086 2706 verum

497 2751 664 2802 etiam
696 2762 862 2801 omne
895 2763 1070 2818 genus
1097 2747 1329 2801 alterius
1359 2748 1645 2816 sapientiae
1675 2763 1893 2802 summo
1925 2762 2090 2802 exco-

503 2844 680 2893 lucrat
738 2840 946 2894 studio.
1015 2840 1293 2893 Poeticam
1362 2855 1605 2904 namque
1671 2849 1727 2893 ct
1787 2840 2088 2892 oratoriam

500 2928 901 2999 perfectissime
947 2929 1264 2994 didicerat;
1311 2930 1762 2984 de'astrnnomia
1809 2941 1992 2984 autem
2033 2939 2090 2984 et

499 3023 826 3092 geometria,
869 3037 1346 3091 numerorumque
1380 3022 1838 3091 proportionibus
1872 3033 1927 3077 et
1956 3039 2090 3078 con-

501 3113 797 3170 venientiis
845 3113 983 3169 nihil
1017 3130 1144 3168 eum
1196 3115 1426 3168 latebat.
1472 3114 1529 3167 In
1567 3114 1814 3168 diversas
1841 3116 2087 3185 pltilosoo

501 3211 738 3275 phorum
776 3206 1070 3278 opiniones
1115 3216 1266 3262 tanta
1307 3207 1657 3271 incubuerat,
1689 3217 1749 3262 ut
1775 3224 1869 3263 eas
1897 3219 2089 3266 exacte

503 3299 870 3368 perdisceret,
919 3315 1077 3362 cura,
1132 3309 1191 3351 ut
1242 3309 1506 3368 pra-terea
1553 3300 1704 3354 aliud
1757 3301 1894 3354 nihil
1947 3301 2090 3357 scire

499 3391 788 3446 \ideretur
840 3409 853 3445 :
901 3408 1025 3460 quae
1073 3406 1203 3444 sane
1257 3392 1439 3446 omnia
1477 3393 1734 3447 acumine
1782 3395 1983 3448 mentis
2035 3403 2091 3448 et

498 3484 808 3538 auditionis
849 3492 1199 3552 perceperat.
1239 3481 1292 3534 In
1333 3485 1569 3552 pueritia
1621 3499 1860 3552 namque
1907 3483 2086 3538 visum

499 3593 732 3648 prorsus
779 3576 988 3641 amisit,
1025 3591 1150 3629 cum
1195 3576 1470 3630 elementa
1517 3579 1695 3645 prima
1740 3577 2004 3630 discenda
2035 3577 2087 3632 ei

498 3679 708 3726 essent.
752 3668 1016 3739 Epltebus
1053 3683 1183 3723 vero
1223 3670 1424 3722 artium
1469 3668 1784 3722 liberalium
1820 3669 2092 3724 eruditio-

500 3777 628 3816 nem
663 3761 962 3825 adamavit,
1011 3769 1177 3830 atque
1220 3759 1276 3815 in
1335 3759 1546 3816 scholis
1584 3769 1956 3836 praceptores
1994 3775 2094 3814 au-

498 3853 687 3909 diebat
725 3861 962 3908 tantum.
1005 3851 1083 3906 Eo
1115 3867 1250 3906 vero
1281 3853 1569 3922 sapientiae
1620 3850 1778 3906 brevi
1839 3851 2094 3921 pervenit

499 3945 864 4017 amplitudine
908 3955 962 4000 et
991 3945 1278 4000 celeritate
1309 3944 1542 4014 ingenii,
1572 3953 1630 3998 ut
1669 3942 2094 4000 mathematicae

501 4059 625 4096 rum
654 4045 858 4096 artium
900 4039 1163 4104 obscura,
1216 4049 1271 4094 et
1325 4039 1728 4094 tbeorematum
1763 4037 2094 4108 speculatio-

499 4154 530 4190 ιι
543 4152 742 4206 umque
757 4150 953 4189 arcana
970 4135 1320 4191 exactissime
1336 4131 1756 4187 addidicerit.Et
1774 4147 1898 4186 cum
1917 4146 2092 4186 caecus

499 4241 666 4298 esset,
706 4231 1014 4284 litterarum
1057 4229 1310 4283 notitiam
1351 4243 1614 4281 manuum
1652 4229 2090 4284 contrectatione

500 4334 784 4377 assecutus
801 4338 924 4377 esse
948 4321 1154 4376 dicitur
1179 4339 1194 4374 :
1218 4337 1344 4375 nam
1361 4335 1552 4374 earum
1585 4321 1791 4374 formas
1814 4321 1869 4374 in
1906 4321 2091 4376 tabula

502 4420 671 4468 altius
703 4414 1047 4481 exsculptas,
1082 4414 1287 4482 sapius
1335 4413 1612 4484 tangendo
1660 4417 1938 4484 cognovit.
1972 4416 2092 4470 Alia

506 4523 696 4574 porro,
731 4516 790 4559 ut
834 4505 1098 4576 syllabas,
1139 4507 1565 4574 litterarumque
1597 4507 1999 4569 connexiones,
2036 4513 2093 4561 et
2131 4549 2135 4554 .

505 4618 626 4669 qua:
662 4601 859 4655 ordine
901 4607 1326 4668 consequuntur
1355 4610 1582 4663 caztera,
1619 4607 1846 4670 propter
1878 4608 2092 4654 natum

504 4710 764 4760 acumen,
821 4692 1008 4746 animo
1051 4699 1108 4744 et
1159 4689 1350 4743 auditu
1400 4692 1762 4762 pervestigata
1817 4691 2085 4764 percepit.

2126 2077 2174 2136 Β

2801 2077 3048 2129 ΚΕΦΑᾹ.
3093 2078 3192 2129 lZ'.

2190 2186 2329 2254 Περὶ
2366 2185 2650 2255 Διδύμου,
2715 2186 2935 2264 Ἀετίου
2993 2188 3092 2264 καὶ
3164 2187 3612 2254 Ἀπολλιναριόυ
3656 2185 3756 2239 τῶν

2809 2261 3142 2323 αΙρετικῶν.

2263 2372 2487 2438 Καιροῖς
2519 2369 2562 2422 δ’
2587 2371 2816 2432 ἐκείνοις
2843 2369 2937 2424 καὶ
2967 2373 2994 2423 ὁ
3031 2369 3496 2440 ἐκκλησιαστικὸς
3532 2388 3755 2439 συγγραο

2191 2465 2324 2530 φεὺς
2361 2463 2590 2530 Δίδυμος
2622 2463 2974 2532 ὲγνωρίζετο,
3012 2463 3112 2528 τῆς
3154 2465 3210 2516 ἐν
3258 2464 3636 2536 Ἀλεξανδρείᾳ
3661 2465 3759 2516 διαο

2189 2556 2379 2625 τριῦῆς
2419 2559 2820 2624 προϊστάμενος
2847 2556 2956 2609 τῶν
2989 2557 3152 2626 ἱερῶν
3194 2558 3560 2629 μαθημάτων.
3593 2552 3692 2610 Ἦν
3711 2555 3758 2607 δὲ

2189 2649 2250 2701 οὐ
2280 2649 2438 2718 μόνον
2461 2649 2518 2700 ὲν
2548 2648 2729 2718 τούτῳ
2754 2649 2814 2700 τὸ
2829 2649 3052 2716 δόκιμος
3072 2644 3214 2703 εἶναι
3239 2652 3623 2722 κτησάμενος,
3644 2647 3761 2702 ἀλλὰ

2192 2743 2284 2794 καὶ
2317 2740 2417 2804 τῆς
2446 2739 2616 2811 ἄλλης
2639 2741 2994 2811 παντοδαπῆς
3025 2743 3221 2810 σοφίας
3254 2744 3348 2798 ἐπ’
3368 2743 3594 2814 ἀκριϐὲς
3623 2743 3760 2814 ἔχων.

2192 2839 2331 2902 Τούς
2354 2855 2413 2890 τε
2447 2839 2551 2908 γὰρ
2586 2839 2818 2908 ποιητὰς
2846 2839 2937 2892 καὶ
2974 2842 3211 2910 ῥήτορας
3245 2841 3332 2904 είς
3361 2841 3531 2910 ἄκρον
3557 2841 3763 2909 ἧσκητο·

2193 2932 2560 3003 ἀστρονομίας
2576 2933 2646 2992 ,δὲ
2675 2933 2770 2986 καί
2803 2935 3148 3002 γεωμετρίας
3185 2934 3278 2986 καὶ
3307 2935 3568 3004 ἀριθμῶν
3595 2932 3766 2984 ἀναλο·

2193 3027 2319 3094 γίας
2342 3026 2496 3080 οὐδὲν
2530 3026 2727 3098 ἐκείνῳ
2768 3030 2998 3097 παρεῖτο
3028 3026 3211 3080 λαθόν.
3265 3029 3398 3081 Ἐπὶ
3425 3029 3579 3080 τόσον
3612 3022 3766 3086 δὲτὰς

2193 3119 2486 3190 διαφόρους
2518 3119 2677 3184 δόξας
2711 3119 2821 3172 τῶν
2849 3119 3157 3187 φιλοσόφων
3181 3119 3525 3189 ὴκρίϐωτεν,
3552 3116 3625 3178 ὡς
3655 3114 3766 3169 ἄλλο

2197 3211 2363 3280 μηδὲν
2407 3210 2608 3263 ειδέναι
2650 3209 2864 3262 δοκεῖνο
2912 3207 2947 3262 ἃ
2976 3208 3040 3278 δὴ
3071 3209 3250 3261 πάντα
3304 3209 3380 3278 νεῖ)
3434 3225 3493 3260 τε
3523 3208 3615 3260 καὶ
3643 3204 3764 3272 ἀκοῇ

2195 3303 2634 3374 προσεκτήσατο.
2666 3303 2878 3371 Νήπιος
2911 3303 3022 3371 γὰρ
3060 3301 3292 3370 πάμπαν
3327 3301 3529 3368 τυςςλὺς
3560 3297 3768 3367 γενόμε-

2114 3433 2158 3497 C
2194 3412 2315 3458 νος,
2346 3396 2427 3456 εἰς
2479 3395 2678 3464 πεῖραν
2735 3393 2908 3462 μόνην
2961 3393 3071 3444 τῶν
3122 3394 3415 3462 στοιχείων
3458 3391 3650 3442 ἐλθεῖν.
3688 3385 3767 3447 Et;

2192 3485 2433 3552 ἐφήϐους
2473 3485 2529 3537 δὲ
2582 3484 2922 3555 παρελάσας,
2961 3485 3060 3552 τῆς
3100 3473 3221 3536 ’τῶν
3261 3485 3440 3552 λόγων
3486 3481 3768 3551 ἐρασθῆναι

2195 3576 2466 3638 παιδείας.
2499 3578 2606 3630 Καὶ
2631 3576 2694 3646 δὴ
2718 3579 2829 3638 τοῖς
2861 3576 3258 3638 διδασκαλείοις
3290 3595 3521 3646 ιροιτων,
3543 3575 3769 3646 ἠκροᾶτο

2196 3668 2381 3738 μόνον.
2436 3670 2527 3744 Εἰς
2562 3669 2719 3721 τόσον
2769 3669 2816 3722 δ’
2844 3663 2946 3741 ἧκε
2987 3667 3181 3737 σοφίας
3215 3669 3284 3721 δι’
3318 3670 3531 3738 ὀλίγον,
3567 3665 3770 3738 μεγέθει

2194 3762 2288 3814 καὶ
2319 3761 2477 3831 τάχει
2513 3761 2749 3829 φύσεως,
2783 3760 2859 3823 ὡς
2887 3761 2995 3829 καί
3023 3761 3094 3814 τὰ
3126 3758 3235 3812 τῶν
3268 3761 3618 3832 μαθημάτων
3651 3771 3769 3810 σκοο

2193 3853 2305 3920 λιὰ,
2334 3856 2428 3909 καὶ
2457 3855 2750 3928 ἀπόρρητα
2781 3856 2890 3908 τῶν
2921 3853 3328 3926 θεωρημάτων,
3359 3856 3443 3915 εἰς
3481 3853 3648 3923 ἄκρον
3676 3868 3774 3921 μα-

2195 3946 2330 4000 θεῖν.
2364 3947 2578 4016 Τυφλὸν
2611 3947 2656 4000 δ’
2701 3946 2832 4002 ὅντα
2867 3947 3088 4017 λέγεται
3135 3947 3335 4018 μαθεῖν
3369 3950 3440 4002 τὶ
3478 3947 3772 4020 γράμματα

2192 4043 2259 4112 τῇ
2292 4042 2405 4113 ἁφῇ
2451 4043 2549 4111 τῆς
2581 4042 2788 4113 χειρός.
2820 4040 2960 4105 Τοὺς
2996 4043 3106 4113 γὰρ
3139 4042 3246 4095 τῶν
3291 4043 3642 4113 γραμμάτων
3686 4037 3772 4092 τύ-

2196 4152 2355 4200 πους,
2392 4133 2568 4186 σανίδι
2606 4134 2687 4196 είς
2724 4132 2890 4203 βάθος
2922 4133 3394 4205 ὲγσημανθέντας,
3425 4133 3775 4204 ὲπαφὼμενον

2194 4229 2427 4298 γνῶναι·
2463 4226 2531 4278 τὰ
2577 4225 2621 4278 δ’
2655 4224 2813 4290 ἄλλα,
2866 4225 3140 4288 συλλαϐὰς
3190 4225 3287 4278 καὶ
3337 4225 3522 4296 μίξεις
3579 4227 3669 4277 καὶ
3716 4221 3778 4274 τὰ

2193 4321 2343 4392 ἑξῆς,
2381 4319 2624 4382 διανοίας
2677 4319 2901 4389 ὀξύτητι
2931 4319 3008 4389 τῷ
3056 4319 3133 4386 νῷ
3186 4319 3432 4387 θηρᾶσαι
3481 4319 3579 4372 καὶ
3627 4315 3774 4384 ἀκοῇ.

2193 4416 2391 4484 Θαῦμα
2423 4414 2468 4467 δ’
2503 4410 2569 4486 ἦν
2604 4413 2844 4478 ἐξαίσιον
2869 4415 2965 4467 καὶ
2995 4393 3333 4481 ἁκουόμενος
3359 4414 3460 4467 καὶ
3490 4413 3776 4482 ὁρώμενος.

2195 4507 2390 4560 Πολλοὶ
2426 4505 2527 4575 μὲν
2561 4501 2654 4560 οὖν
2688 4507 2785 4560 καὶ
2818 4505 2899 4568 εἰς
2952 4504 3371 4576 Ἀλεξάνδρειαν
3406 4501 3569 4578 ἧκον,
3606 4506 3652 4556 οἱ
3689 4501 3780 4569 μὲν

2195 4600 2337 4652 κατὰ
2357 4599 2484 4651 θέαν
2523 4599 2696 4668 μόνην
2725 4598 2973 4668 τάνδρὸς,
3001 4599 3052 4651 οἱ
3075 4601 3131 4652 δὲ
3167 4601 3258 4652 καὶ
3294 4602 3398 4669 τῆς
3429 4599 3655 4668 ἐνούσης
3679 4599 3782 4656 τοῖς

2198 4695 2381 4761 λόγοις
2413 4695 2636 4764 χάριτος
2670 4695 3054 4764 ἀκουσόμενοι.
3085 4695 3196 4763 Τῆς
3227 4695 3270 4746 δ’
3301 4697 3362 4747 ὲν
3393 4695 3604 4766 Nini;
3635 4690 3782 4758 δόξης

507 4787 968 4854 l‘ra-cipunmque
1000 4785 1118 4853 ipse
1164 4783 1496 4838 miraculum
1538 4783 1665 4848 fuit,
1713 4800 1840 4838 eum
1873 4783 2090 4839 audire-

2195 4785 2654 4856 ὑπεριστάμενος,
2725 4787 3023 4856 Ἀρειανοῖς
3066 4789 3458 4844 ἀντετάσσετο.
3507 4784 3694 4857 Ἦγχε
3731 4783 3783 4836 δὲ

507 4890 597 4931 tur
627 4887 684 4932 et
711 4876 1163 4946 conspiceretur.
1207 4877 1371 4932 Multi
1399 4876 1628 4946 quidem
1662 4876 1747 4931 vel
1801 4885 1861 4931 ut
1903 4876 2087 4931 virum

505 4987 632 5024 eum
685 4980 899 5024 tantum
943 4969 1217 5034 viderent,
1268 4969 1355 5024 vel
1403 4979 1463 5024 ut
1504 4984 1730 5022 suavem
1766 4977 2092 5038 gratamque

505 5066 626 5128 ejus
657 5063 964 5118 orationem
989 5063 1268 5129 audirent,
1303 5061 1694 5117 Alexandriam
1719 5077 1945 5118 venere.
1983 5061 2090 5116 Pro

504 5157 744 5211 hic-«nnis
798 5169 934 5210 vero
980 5155 1221 5211 decretis
1266 5171 1539 5226 pugnans,
1593 5155 1813 5209 Arianis
1863 5153 2089 5217 restitit,

505 5264 712 5318 eosque
735 5247 1007 5304 orationis
1035 5263 1149 5302 suae
1183 5247 1434 5309 suadela,
1472 5246 1638 5318 716
1661 5260 1825 5316 quam
1854 5244 1905 5298 vi
1941 5244 2091 5298 nulla

507 5343 777 5398 adhibere
809 5342 1125 5406 videbatur,
1157 5341 1381 5412 pressit.
1418 5340 1485 5394 Et
1517 5341 1586 5394 ad
1630 5354 1729 5394 eos
1758 5338 1854 5408 qui
1898 5351 2088 5393 secum

507 5434 888 5504 disputabant,
916 5435 1083 5489 verba
1123 5433 1354 5497 faciens,
1391 5447 1576 5488 rerum
1609 5439 2091 5486 eontroversarum

505 5529 778 5597 judicium
818 5528 1040 5582 detulit.
1073 5527 1138 5583 Et
1174 5544 1300 5582 cum
1337 5527 1404 5580 ad
1453 5539 1662 5580 morem
1711 5523 2010 5594 gerendum
2040 5531 2098 5577 et

510 5621 820 5676 cedendum
853 5621 1050 5685 facilis,
1091 5631 1205 5675 tum
1238 5619 1569 5675 orthodoxis
1597 5633 1664 5672 eo
1702 5616 1926 5672 nomine
1963 5615 2096 5670 cha-

514 5727 608 5766 rns
641 5714 876 5767 maxime
911 5712 1037 5768 fuit.
1069 5712 1182 5768 Nec
1217 5711 1288 5765 ab
1326 5711 1413 5765 his
1449 5721 1696 5774 tantum,
1733 5711 1824 5764 sed
1861 5711 2027 5764 etiam
2065 5724 2095 5761 a

515 5804 798 5861 monachis
832 5803 1102 5878 ZEgyptiis
1132 5819 1332 5878 magno
1366 5803 1576 5890 honore
1602 5802 1784 5876 cultus
1813 5811 1914 5860 est.
1950 5801 2096 5858 Prae-

2191 4879 2390 4937 αὐτοὺς
2424 4879 2488 4948 τῇ
2535 4877 2714 4930 πειθοῖ
2745 4877 2856 4930 τῶν
2898 4879 3094 4946 λόγων,
3127 4881 3193 4951 ἢν
3237 4881 3297 4933 οὐ
3333 4880 3430 4952 βίᾳ
3466 4881 3642 4933 ποιεῖν
3677 4875 3783 4929 ὲδό-

2190 4987 2298 5023 κει.
2355 4968 2480 5032 Τοῖς
2511 4970 2554 5038 δέ
2605 4971 3112 5042 ἁμφιϐαλλομὲνοις
3169 4971 3482 5041 προτείνων
3525 4974 3652 5034 τοὺς
3703 4966 3785 5020 λό-

2187 5080 2342 5132 γους,
2380 5064 2492 5116 τῶν
2524 5064 2952 5134 διαμαχομένων
2990 5065 3091 5132 τὴν
3125 5068 3309 5134 κρίσιν
3347 5067 3678 5134 ἐπέτρεπεν.
3729 5059 3782 5111 '0

2190 5156 2248 5210 δὲ
2285 5155 2433 5220 μάλα
2466 5155 2748 5225 πειθήνιος
2779 5150 2848 5225 ἦν
2877 5169 2890 5182 °
2929 5156 3039 5217 τοῖς
3069 5153 3126 5208 δὲ
3169 5155 3327 5222 ὀρθὸν
3364 5153 3660 5219 δοξάζουσι
3701 5149 3783 5202 διὰ

2197 5247 2358 5300 τοῦτο
2389 5247 2650 5318 ἐράσμιος
2685 5248 2948 5318 μάλιστα.
2977 5248 3052 5299 Οὐ
3087 5246 3298 5308 τούτοις
3330 5248 3388 5299 δὲ
3427 5241 3785 5317 μόνοις,ἁλλὰ
3821 5239 3824 5241 ’

2201 5341 2299 5392 καὶ
2327 5340 2439 5402 τοῖς
2469 5339 2526 5389 ὲν
2560 5337 2826 5406 Αἰγύπτῳ
2863 5338 3118 5406 μοναχοῖς
3149 5337 3239 5390 διὰ
3267 5335 3441 5404 τιμῆς
3467 5337 3656 5406 ἤγετο.
3687 5327 3790 5383 Καὶ

2204 5430 2412 5500 μᾶλλον
2441 5431 2467 5481 ὁ
2491 5429 2826 5498 περιϐόητος
2847 5430 2902 5481 ὲν
2933 5428 3168 5498 ἀσκήσει
3211 5426 3508 5491 Ἀντώνιος
3541 5426 3629 5478 διὰ
3667 5421 3792 5476 θαύ-

2203 5541 2373 5593 ματος
2420 5523 2586 5577 αὑτὸν
2627 5523 2904 5577 ἐποιεῖτν
2939 5521 2998 5575 ὄν
3043 5538 3178 5590 φασι
3225 5522 3324 5591 τὴν
3382 5519 3790 5590 ’Δλεξάνδρειαν

2202 5615 2594 5684 κατειληφότα,
2639 5616 2701 5667 τὸ
2755 5613 2976 5684 βέϐαιον
3025 5615 3122 5680 τῆς
3171 5613 3505 5667 ’Δθανασίου
3559 5613 3793 5668 πίστεως

2207 5705 2677 5776 μαρτυρούμενον,
2742 5703 2970 5759 τοιαῦτα
3027 5704 3106 5774 τῷ
3164 5702 3385 5773 Διδὺμῳ
3443 5703 3662 5756 εἰπεῖν·
3715 5695 3791 5750 Οὐ

2201 5800 2398 5872 χρῖὼν,
2437 5797 2480 5853 ὡ
2512 5799 2732 5870 Δίδυμε,
2763 5797 2964 5862 λύπαις
3001 5797 3202 5853 σαυτὸν
3239 5798 3531 5867 ἐκτήκειν,
3575 5789 3795 5865 στερούο
