3990 6434
250 399 356 461 2&1)

251 609 346 663 καὶ
372 609 484 669 τοῖς
513 608 785 677 ἀφαυροῖς
810 607 920 660 τῶν
952 605 1207 674 ζωῦφίων
1238 621 1253 636 ’
1283 605 1509 676 ἥδεσθαι
1535 604 1592 657 δὲ
1625 603 1827 672 μᾶλλον

252 700 350 753 καὶ
401 699 637 769 χαίρειν,
673 694 756 764 οἷς
796 697 1202 769 παραπλησίως
1240 698 1493 766 ἀγγέλοις
1535 699 1648 759 τοῖς
1682 694 1828 748 ἔνδον

254 792 385 863 δρᾷς
431 791 753 861 ὁςιθαλμοῖς,
783 791 852 845 δι’
902 784 977 845 ὧν
1028 791 1241 860 τρανῶς
1278 790 1379 865 τὴν
1425 790 1704 860 ἀκήρατον
1731 782 1829 838 καὶ

259 883 407 937 θείαν
438 882 641 950 γνῶσιν
673 884 977 948 κατανοεῖς,
1017 884 1111 936 καὶ
1138 866 1238 952 τὴν
1285 881 1544 949 ἀλήθειαν
1585 877 1829 948 ἀκριϐῶς

256 974 494 1041 είσορᾷς.
519 972 708 1025 Βιϐλία
731 971 787 1026 δὲ
804 965 959 1034 οὗτος
982 972 1342 1026 καταλέλοιπε
1376 969 1547 1053 ταῦτα
1569 987 1582 1000 ·
1617 971 1709 1031 Et;
1733 968 1829 1038 τὴν

256 1066 365 1118 τῶν
391 1063 635 1133 Ψαλμῶν
665 1064 843 1134 βίϐλον
870 1065 998 1134 ὃλην
1026 1065 1264 1136 διάφορα
1308 1064 1682 1133 δπομνήματα
1710 1077 1725 1091 ο
1749 1061 1829 1124 είς

256 1158 354 1211 τὸν
396 1158 551 1228 Ὠσηὲ
590 1158 683 1209 καὶ
712 1156 1013 1228 Ζαχαρίαν,
1043 1157 1237 1227 λόγους
1272 1156 1437 1210 πέντε
1465 1173 1481 1188 ο
1511 1158 1589 1219 εἰς
1613 1158 1705 1207 τον
1740 1153 1833 1207 ‘ll-

260 1251 421 1302 σαῖαν
455 1251 642 1317 λόγους
685 1248 966 1303 δεκαοκτώ
994 1267 1007 1281 ο
1038 1252 1117 1314 εἰς
1154 1248 1216 1303 τὸ
1255 1248 1396 1303 κατὰ
1426 1247 1710 1301 Ματθαῖον
1736 1245 1828 1298 καὶ

260 1343 403 1394 κατὰ
443 1342 691 1412 Ἰωάννην
734 1344 832 1395 οὐκ
864 1341 1123 1412 ἐλάχιστα
1168 1342 1560 1410 ὑπομνήματα.
1600 1338 1719 1392 Ἔτι
1772 1336 1830 1390 δὲ

261 1432 360 1486 καὶ
388 1436 526 1486 κατᾶ
554 1434 871 1504 ’Δρειανῶν,
894 1437 988 1488 καὶ
1013 1433 1149 1505 ὑπὲρ
1174 1433 1267 1487 τοῦ
1291 1434 1449 1501 άγίου
1477 1432 1794 1501 Πνεύματος
1811 1447 1827 1463 ·

262 1527 360 1578 καὶ
403 1525 566 1593 ἔτερα
617 1527 1030 1597 συγγράμματα
1081 1527 1327 1579 πλεῖστα.
1370 1510 1635 1594 ’Ἤκμαζε
1687 1523 1732 1575 δ’
1773 1524 1831 1575 ἓν

262 1616 459 1687 ἐκείνῳ
489 1618 582 1669 τοῦ
627 1620 821 1687 χρόνου
860 1619 954 1671 καὶ
985 1620 1012 1671 ὁ
1056 1617 1228 1688 Σύρος
1279 1617 1507 1681 Ἀέτιος,
1542 1615 1679 1686 πρὸς
1722 1613 1830 1667 τῶν

261 1707 521 1761 τάναντία
549 1708 957 1779 πρεσϐευόντων
985 1708 1298 1779 θαυμαστός
1335 1724 1419 1772 τις
1450 1704 1592 1761 εἶναι
1631 1704 1829 1770 δοκῶν,

267 1796 322 1851 Iv
342 1814 400 1851 τε
422 1798 654 1867 διαλέξει
676 1800 772 1854 καὶ
797 1800 936 1871 ἔριδι
959 1800 1155 1871 λόγων,
1183 1800 1280 1855 καὶ
1310 1800 1712 1871 συλλογισμοῖς,
1737 1800 1831 1853 καὶ

1222 396 1821 461 ΕειῑωεδιΑεοτιΟςΕ
1865 394 2251 456 ΗΙΞΤΟΠΗΕ
2294 395 2435 458 LIB.
2480 395 2579 461 IX.

254 535 413 587 μενον
442 516 765 587 ὀφθαλμῶν,
799 510 879 579 οἷς
913 516 1136 587 μέτεστι
1169 515 1263 570 καὶ
1299 516 1434 585 μυσὶ
1468 515 1565 567 καὶ
1601 511 1835 580 σαύραις

1945 509 2097 578 cipue
2131 524 2263 564 vero
2302 525 2428 565 eum
2476 507 2820 565 clarissimus
2869 508 2958 567 ille
2992 511 3212 582 pietatis
3243 514 3511 570 exercitio
3602 540 3618 560 κ

1936 600 2205 655 Antonius
2268 600 2575 657 admiratus
2639 609 2746 656 est.
2819 601 2994 668 Quem
3073 603 3309 671 dicunt,
3382 622 3508 659 cum

1935 692 2318 747 Alexandriam
2352 693 2625 758 venisset,
2676 704 2735 747 ut
2770 696 3070 750 Athanasio
3122 696 3288 751 ﬁrma:
3318 708 3512 752 certa:-

1934 798 2042 853 que
2083 784 2210 837 fidei
2261 784 2582 853 perhiberet
2618 787 3032 850 testimonium,
3081 788 3198 842 htec
3234 788 3298 842 ad
3345 789 3523 859 Didy-,

1936 888 2086 927 mum
2139 875 2487 944 prolocutum
2533 892 2655 933 esse
2709 878 2872 931 verba
2906 897 2919 932 :
2952 878 3069 933 Non
3122 891 3228 944 est,
3258 880 3507 951 Didyme,

1935 966 2083 1038 quod
2121 969 2356 1039 teipsum
2408 986 2649 1027 maerore
2685 972 2965 1035 coniicias,
3022 984 3311 1043 propterea
3363 976 3511 1044 quod

1936 1062 2112 1117 oculis
2156 1079 2366 1128 careas,
2405 1081 2545 1135 quos
2577 1081 2784 1128 mures.
2832 1067 3072 1133 lacertte,
3121 1078 3177 1123 et
3224 1069 3350 1123 vilia
3388 1069 3510 1123 ani-

1939 1154 2171 1209 malcula
2200 1156 2425 1211 habent.
2465 1157 2754 1227 Voluptate
2790 1159 2975 1227 potius
3010 1169 3066 1214 et
3101 1160 3286 1215 laetitia
3321 1160 3510 1214 ellerri

1939 1257 1990 1300 te
2032 1248 2313 1313 convenit,
2346 1251 2439 1319 qui
2473 1249 2665 1303 itidem
2700 1259 2759 1303 ut
2797 1251 2973 1321 angeli
3010 1252 3245 1309 internis
3273 1253 3514 1308 maxime

1936 1337 2124 1407 vigcas
2143 1339 2322 1393 oculis
2350 1358 2363 1393 ι
2388 1340 2592 1409 quibus
2618 1341 2766 1397 clare
2791 1341 3155 1397 immortalem
3192 1354 3247 1397 et
3273 1345 3512 1411 divinant

1936 1429 2308 1498 cognitionem
2347 1431 2619 1501 percipis,
2651 1434 3058 1502 veritatemque
3094 1435 3268 1504 ipsam
3323 1446 3516 1491 exacte

1938 1520 2228 1590 perspicis.
2282 1521 2381 1577 llic
2436 1523 2603 1579 hosce
2658 1524 2887 1594 reliquit
2938 1526 3109 1582 libros
3163 1545 3177 1581 :
3226 1527 3285 1582 In
3340 1538 3514 1583 totum

1938 1613 2280 1667 Psaltnorunt
2307 1614 2506 1669 librum
2540 1617 2723 1671 varios
2754 1621 3203 1687 commentarios,
3234 1622 3291 1675 in
3318 1620 3514 1675 Oscam

1939 1712 1993 1759 et
2045 1704 2369 1760 Zachariam
2428 1705 2604 1763 libros
2662 1710 2929 1779 quinque,
2991 1711 3045 1766 in
3101 1712 3292 1766 Isaiam
3338 1713 3516 1768 libros

1938 1796 2341 1869 duodeviginti,
2372 1798 2426 1852 in
2462 1797 2815 1870 Evangelium
2850 1801 3161 1858 secundum
3201 1804 3515 1860 Matthaeum

279 1893 527 1961 στροφαῖς
553 1891 774 1959 λέξεων,
814 1868 1001 1959 ἱκανός
1028 1868 1133 1959 τις,
1169 1894 1266 1947 xa't
1297 1893 1401 1962 τὴν
1431 1868 1666 1964 σπουδὴν
1690 1891 1835 1948 ᾶπα-

1945 1898 1996 1944 et
2041 1868 2347 1945 secundum
2394 1887 2664 1947 Joannem
2704 1907 2816 1947 non
2859 1908 3058 1963 parvos
3087 1898 3519 1953 commentarios

276 2001 369 2037 σαν
396 1984 633 2054 ἀτεχνῶς
664 1986 724 2038 ὲν
769 1985 981 2049 τούτοις
1014 1987 1458 2042 καταναλίσκων.
1504 1987 1604 2042 Διά
1633 2004 1716 2040 τοι
1747 1988 1840 2041 καὶ

269 2073 341 2137 ὡς
363 2074 599 2139 τοιοῦτος
621 2074 718 2139 ὢν,
748 2076 1042 2146 πρόχειρός
1070 2093 1129 2129 τε
1155 2076 1217 2130 τὸ
1247 2077 1557 2148 προστυχὸν
1580 2078 1673 2128 ἐπὶ
1700 2075 1837 2129 Θεοῦ

269 2165 611 2234 κακοτχόλως
667 2164 967 2239 θεολογεῖν,
1010 2166 1173 2229 ἄθεος
1224 2166 1493 2222 ἐκαλεῖτο.
1543 2166 1753 2237 Πατρὶς
1782 2165 1839 2218 δὲ

270 2255 417 2324 αύτῷ
442 2258 476 2326 ἡ
502 2256 667 2326 Κοίλη
690 2256 862 2326 Συρία
883 2251 973 2327 ἦν.
994 2257 1100 2310 Τοῦ
1125 2257 1184 2309 δὲ
1207 2257 1412 2323 πατρὸς
1429 2256 1576 2327 αὐτῷ
1600 2259 1657 2310 ὲν
1679 2274 1843 2327 στρα-

270 2349 389 2419 τείᾳ
417 2350 899 2420 δυσπραγήσαντος
943 2352 1038 2404 καλ⁵
1067 2351 1159 2405 τὸν
1183 2352 1302 2422 βίον
1331 2352 1584 2413 λιπόντος
1604 2350 1706 2404 τὸν
1743 2351 1841 2421 μὲν

270 2438 519 2509 τηνικάδε
544 2439 781 2510 ἄρχοντα
814 2440 1157 2511 δημοσιῶσαι
1185 2443 1275 2493 τδν
1309 2440 1424 2509 βίον
1449 2455 1464 2471 °
1490 2441 1571 2503 είς
1606 2439 1839 2510 ἔσχατον

270 2532 327 2586 δι
376 2532 562 2595 πενίας
600 2534 698 2587 σὺν
741 2536 809 2603 τῇ
842 2534 1013 2603 μητρὶ
1045 2534 1315 2587 ἐλάσαντα
1354 2533 1445 2585 τὸν
1486 2533 1713 2597 Ἀέτιον,
1748 2532 1843 2585 ἐπὶ

271 2625 331 2676 τδ
376 2626 690 2694 χρυσοχοεῖν
730 2625 995 2694 ὁρμῆσαι,
1044 2626 1121 2689 ὡς
1166 2626 1233 2680 ἂν
1261 2626 1611 2696 ἁμωσγέπως
1656 2626 1716 2679 τὸ
1744 2623 1843 2695 ζῇν

273 2718 586 2787 πορίζηται.
641 2716 1035 2787 Ἀποχρώντως
1080 2719 1140 2771 δὲ
1180 2720 1245 2788 τῇ
1283 2719 1454 2789 τέχνῃ
1491 2717 1842 2788 χρησάμενον

272 2806 359 2859 διὰ
402 2804 592 2875 ῥώμην
621 2805 855 2875 φύσεως,
887 2807 979 2860 ἐπὶ
1009 2807 1109 2878 τὴν
1159 2806 1385 2877 λογικὴν
1422 2807 1729 2875 στραφῆναι
1757 2805 1843 2858 τέ-

273 2911 446 2968 χνηνο
494 2902 589 2951 καὶ
625 2897 891 2951 Παυλίνου
935 2901 1035 2969 μὲν
1064 2901 1464 2970 ἀκροάσασθαι,
1522 2898 1584 2960 ὃς
1628 2900 1694 2951 ὲκ
1746 2898 1842 2967 τῆς

274 2992 531 3061 ἐφορείας
572 2990 748 3061 Τύρου
792 2994 1028 3060 μετέστη
1049 2992 1130 3055 είς
1170 2991 1505 3062 ’Δντιόχειαν
1524 3006 1538 3022 ο
1567 2992 1761 3061 πέρατι
1787 2990 1844 3043 δὲ

279 3082 395 3153 βίου
422 3081 519 3150 τῆς
548 3083 749 3153 μητρὸς
775 3082 1153 3154 χρησαμένης,
1172 3083 1241 3136 δι’
1276 3085 1343 3155 ἢν
1371 3081 1520 3153 αύτῷ
1550 3083 1647 3137 καὶ
1676 3084 1844 3153 ἡέπι-

1941 1981 2178 2051 seripsit.
2210 1980 2441 2058 lnsuper
2468 1991 2663 2038 contra
2693 1984 2930 2041 Arianos
2968 1995 3025 2042 et
3056 1988 3123 2043 de
3148 1987 3356 2058 Spiritu
3385 2004 3513 2044 san-

1942 2083 2056 2136 cto,
2105 2057 2323 2144 aliaque
2380 2073 2585 2144 scripta
2635 2074 2871 2144 plurima
2923 2057 3253 2148 composuit.
3308 2079 3521 2135 Floruit

1941 2162 2133 2217 eadem
2187 2172 2346 2218 a-tate
2399 2164 2569 2233 Syrus
2627 2180 2851 2236 quoque
2908 2167 3139 2231 Aetius,
3172 2169 3269 2239 qui
3321 2171 3391 2224 ab
3437 2174 3519 2225 eis

1941 2254 2255 2324 disputator
2289 2255 2653 2310 admirandus
2691 2257 2912 2311 habitus
2951 2269 3059 2323 est,
3106 2261 3200 2329 qui
3231 2261 3446 2317 diversa
3488 2279 3517 2318 a

1943 2349 2102 2403 nobis
2148 2347 2369 2403 docent.
2426 2349 2483 2403 In
2524 2349 2985 2406 altercationibus
3034 2353 3271 2424 quippe,
3314 2358 3516 2420 verbo-

1945 2453 2178 2509 rumque
2222 2440 2694 2507 contentionibus,
2736 2442 3274 2511 ratiocinationibus,
3320 2454 3377 2500 et
3421 2448 3522 2501 fal-

1947 2531 2104 2586 laciis
2136 2530 2556 2587 ludiﬁcantibus
2578 2575 2591 2598 ,
2625 2534 2786 2589 valde
2820 2536 3177 2601 commodus,
3214 2548 3275 2592 ut
3315 2538 3408 2608 qui
3453 2556 3520 2594 ex

1941 2624 2193 2695 professo
2237 2624 2290 2678 in
2339 2624 2506 2680 rebus
2557 2625 2829 2696 ejusmodi
2883 2626 3131 2683 studium
3180 2645 3346 2685 omne
3386 2645 3522 2686 con-

1942 2715 2287 2784 sumpsisset.
2325 2715 2393 2769 Et
2423 2714 2655 2784 proinde
2691 2717 2837 2784 quod
2876 2716 3001 2771 talis
3044 2726 3229 2781 esset,
3260 2718 3523 2788 quodque

1946 2805 2104 2861 facile
2138 2806 2410 2877 quidquid
2439 2822 2562 2861 sors
2591 2808 2832 2874 tulisset,
2866 2809 3007 2864 male
3039 2809 3268 2866 feriatus
3301 2810 3370 2865 de
3406 2810 3521 2865 Deo

1947 2898 2365 2967 theologaretur
2397 2912 2495 2952 seu
2524 2896 2849 2952 blatteraret
2876 2901 3084 2967 potius,
3115 2899 3274 2963 ἄθεος
3297 2910 3353 2954 et
3383 2914 3523 2956 con-

1947 2997 2189 3057 temptor
2216 2989 2380 3043 deum
2407 2988 2714 3058 appellatus
2744 2996 2849 3044 est.
2894 2990 3077 3044 Patria
3108 2992 3160 3044 ei
3204 2992 3307 3044 fuit
3339 2992 3524 3048 Caele-

1946 3079 2109 3149 syria.
2153 3077 2321 3149 Cujus
2367 3086 2523 3147 pater
2552 3092 2678 3132 cum
2727 3078 2782 3132 in
2832 3079 3027 3133 militia
3069 3079 3318 3136 adversis
3352 3082 3519 3137 rebus

282 3173 562 3245 μορφοῦσα
586 3177 677 3227 τδν
717 3175 919 3244 χρυσὸν
946 3175 1107 3245 τέχνη
1139 3175 1497 3239 ἐσπούδαστο,
1530 3175 1691 3237 εὐθὺς
1721 3174 1841 3236 ὅλος

1949 3170 2297 3226 conﬂictatus
2328 3170 2548 3225 tandem
2584 3168 2907 3233 interiisset,
2944 3171 3081 3225 bona
3112 3173 3233 3242 ejus
3270 3174 3363 3243 qui
3407 3185 3520 3229 tum

279 3268 374 3319 tut
398 3268 496 3335 τὴν
529 3264 755 3335 λογικὴν
791 3266 1151 3335 μετετάττετο
1202 3267 1422 3337 τέχνην,
1453 3265 1548 3318 καὶ
1576 3265 1684 3318 τῶν
1720 3262 1847 3318 πολ-

278 3357 386 3411 λῶν
426 3357 647 3428 ὶκράτει
707 3357 823 3427 μετ’
856 3358 1041 3425 ὀλίγου
1091 3358 1324 3429 ἁμίλλας
1382 3359 1569 3411 ῖστῶν.
1617 3356 1773 3410 Ἐπεὶ
1802 3357 1846 3408 δ’

280 3450 533 3511 Εύλάλιος
569 3450 706 3519 μετὰ
735 3449 999 3503 Παυλῖνον
1027 3452 1108 3514 εις
1142 3450 1235 3503 τὸν
1270 3448 1462 3520 θρόνον
1497 3450 1599 3517 τῆς
1641 3449 1849 3502 Ἀντιόο

278 3560 373 3614 χου
400 3543 655 3612 κατέστη.
681 3542 878 3596 πολλοῦ
906 3543 1127 3610 στίφους
1152 3543 1278 3597 κατ’
1306 3542 1474 3595 αὐτοῦ
1497 3541 1819 3609 κινουμένου
1830 3579 1851 3613 ,Δ

278 3634 558 3688 ἐλαύνεται
581 3637 609 3688 ό
630 3634 837 3697 ’Δάτιος
856 3650 872 3666 ο
908 3635 1003 3688 καὶ
1032 3635 1113 3699 είς
1141 3637 1241 3703 τὴν
1275 3635 1376 3705 τῆς
1407 3634 1663 3696 Κιλικίας
1688 3635 1850 3687 Ἀνα-

281 3728 482 3799 ζαρδὸν
523 3727 836 3797 γενόμενος,
860 3729 926 3798 τῇ
957 3728 1120 3799 τέχνη
1150 3728 1309 3790 αὖθις
1336 3729 1472 3798 πρὸς
1496 3726 1558 3780 τὸ
1588 3725 1687 3798 ζῇν
1711 3729 1848 3781 άπε-

279 3820 471 3893 χρῆτο,
506 3820 628 3875 οὐδὲ
673 3820 775 3890 τῆς
809 3822 939 3890 περὶ
982 3820 1178 3888 λόγους
1212 3819 1446 3889 ἁμίλλης
1498 3818 1846 3888 ἀφεστηκώς.

282 3913 539 3981 Σοφιστοῦ
588 3912 645 3967 δέ
682 3929 835 3980 τινος,
872 3913 969 3983 τὴν
1007 3913 1218 3965 Ἀετίου
1249 3912 1411 3982 φύσιν
1450 3911 1542 3964 διὰ
1573 3909 1850 3979 θαύματος

283 4005 625 4075 ποιουμένου,
659 4004 756 4063 καὶ
784 4003 885 4074 τῆς
914 4004 1110 4075 τέχνης
1141 4005 1290 4073 αὐτῷ
1326 4003 1657 4074 μεταδοῦναι
1686 4019 1850 4057 σπου·

279 4097 555 4162 δάζοντος,
607 4097 962 4161 είσοικισθεὶς
1018 4096 1167 4168 αὐτῷ
1232 4096 1483 4168 tamen.
1537 4098 1725 4150 πᾶσαν
1774 4095 1847 4158 ὡς

1950 3276 2135 3315 rerum
2166 3261 2478 3330 potiebatur
2513 3260 2770 3331 princeps
2813 3261 3141 3331 publicavit.
3170 3264 3286 3330 Qua
3318 3281 3378 3320 re
3411 3283 3521 3322 una

1947 3367 2072 3409 cum
2111 3362 2285 3407 matre
2338 3353 2531 3407 Aetius
2580 3353 2647 3407 ad
2683 3362 2987 3408 extremam
3019 3355 3276 3412 redactus
3318 3372 3524 3427 paupe-

1948 3445 2108 3510 riem,
2133 3444 2198 3499 ad
2218 3445 2506 3499 auritlcum
2532 3455 2708 3499 artem
2735 3445 3054 3502 discendam
3078 3462 3137 3503 se
3160 3450 3398 3504 contulit
3423 3451 3523 3521 (l),

1949 3547 2010 3593 ut
2038 3552 2374 3608 quocunque
2402 3547 2589 3607 posset
2614 3537 2782 3593 modo
2808 3539 3013 3593 victum
3046 3539 3150 3594 sibi
3177 3550 3416 3610 pararet.
3453 3542 3526 3597 Ea

1947 3639 2066 3683 arte
2117 3624 2229 3682 ubi)
2264 3628 2395 3685 satis
2440 3638 2527 3682 est
2578 3644 2734 3695 usus,
2786 3637 3012 3699 prepter
3055 3629 3257 3699 ingenii
3305 3632 3412 3686 vim
3459 3636 3526 3687 att

1949 3719 2167 3775 dicendi
2214 3719 2561 3787 disciplinam
2593 3728 2677 3775 est
2722 3735 3024 3777 conversus
3061 3738 3074 3774 :
3125 3721 3528 3793 Paulinumque

1948 3812 2193 3875 audivit,
2234 3814 2325 3881 qui
2362 3826 2424 3866 ex
2467 3812 2701 3867 ecclesia
2748 3812 2913 3882 Tyria
2958 3813 3304 3868 Antiochiam
3348 3813 3530 3869 Inerat

1951 3904 2270 3959 translatus.
2318 3903 2488 3958 Porro
2525 3915 2741 3958 mortua
2790 3915 2988 3966 matre,
3027 3905 3186 3976 cujus
3216 3906 3390 3975 gratia
3426 3922 3519 3960 au-

1950 4009 2071 4046 rum
2123 3993 2513 4049 conformandi
2546 3995 2651 4048 arti
2705 4008 2930 4064 operam
2978 4006 3312 4062 navaverat,
3376 4003 3526 4051 totus

1946 4080 2135 4136 statim
2172 4081 2226 4134 in
2258 4081 2476 4137 dicendi
2504 4084 2749 4141 studium
2786 4084 3040 4138 incubuit
3061 4126 3076 4149 ,
3107 4086 3372 4154 brevique
3402 4101 3528 4141 cer-

3399 398 3582 459 20.

282 4190 455 4259 χρεὼν
486 4189 758 4259 οἰκετικὴν
783 4188 1117 4259 ἀποπληρῶν
1144 4188 1516 4258 λειτουργίαν.
1552 4188 1663 4240 Καὶ
1690 4187 1719 4238 ὁ
1751 4186 1842 4248 μὲν

1952 4180 2134 4226 tamen
2177 4171 2429 4237 subiens,
2462 4173 2666 4228 multos
2697 4173 3037 4244 disputando
3070 4176 3334 4232 convicit.
3364 4178 3526 4248 717

280 4280 379 4349 τὴν
413 4281 808 4351 γραμματικὴν
854 4279 1005 4349 αύτῷ
1056 4278 1383 4351 παρεδίδουο
1427 4277 1635 4340 ’Δὲτιος
1688 4277 1746 4330 δὲ
1771 4277 1842 4344 τῷ

1951 4263 2247 4332 Postquam
2276 4274 2461 4319 autem
2496 4264 2746 4321 Euialius
2771 4275 2893 4335 post
2924 4268 3212 4322 Paulinum
3248 4270 3302 4323 in
3338 4272 3530 4325 Antio-

282 4375 454 4447 κυρίῳ
485 4375 562 4439 είς
599 4373 819 4442 ἔλεγχον
850 4372 949 4442 τῆς
984 4371 1117 4440 περὶ
1146 4370 1215 4423 τὰ
1248 4370 1371 4423 θεῖα
1397 4369 1553 4437 λόγια
1582 4369 1658 4439 μὴ
1684 4368 1842 4440 ὀρθῆς

1950 4356 2127 4411 chena
2164 4356 2293 4412 sede
2326 4365 2413 4412 est
2456 4356 2777 4420 collocatus,
2822 4359 3122 4414 multitudo
3159 4361 3350 4432 ingens
3377 4374 3526 4424 motu

279 4466 569 4528 διαθέσεως
603 4464 915 4519 καθίστατο.
944 4464 1053 4517 Καὶ
1081 4462 1146 4533 δὴ
1178 4460 1371 4533 μισθὸν
1399 4462 1500 4531 τῆς
1533 4459 1842 4528 εὐεργετού-

1952 4448 2222 4504 adversus
2252 4447 2472 4503 Aetium
2499 4448 2804 4510 concitato,
2831 4449 2968 4502 urbe
2991 4463 3119 4503 eum
3150 4451 3383 4520 esputit.
3409 4453 3529 4519 Quo

282 4574 381 4626 σης
407 4524 568 4612 ab“;
585 4556 761 4619 οἰκίας
783 4554 1090 4624 ἐλάμβανεν
1112 4524 1478 4622 άτξοχήρυξυί,
1509 4524 1847 4607 κάκἐέθινδδ
1876 4524 1927 4585 Ῑδ
1952 4549 2202 4609 tempore
2246 4536 2595 4593 Anazarbum
2631 4538 2839 4594 Cilicia:
2876 4542 3189 4607 concessit,
3240 4552 3408 4612 atque
3453 4545 3529 4599 ibi

281 4649 555 4719 διωχθεὶς,
583 4648 660 4718 τῷ
687 4647 783 4715 τὴν
837 4646 1172 4716 Ἀναζαρδὺν
1211 4643 1505 4698 διοικοῦντι
1541 4643 1842 4710 Ἀθανασίῳ

1951 4641 2125 4687 artem
2159 4646 2351 4686 rursus
2366 4645 2520 4686 suam
2547 4631 2644 4696 ita,
2675 4630 2908 4698 parandi
2933 4635 3112 4687 victus
3140 4635 3335 4703 gratia,
3370 4650 3531 4690 uer-

286 4744 618 4810 συγγίνεται,
648 4739 780 4810 παρ’
799 4731 845 4808 ᾧ
873 4740 998 4802 τοὺς
1031 4737 1428 4805 asumma;
1468 4736 1683 4803 ἀνέγνω
1712 4737 1849 4805 πρὸς

282 4833 477 4884 λεπτὸν
519 4834 817 4901 ἔπιστησας
865 4830 1072 4891 αὐτοῖς.
1125 4825 1236 4881 Είτ⁹
1267 4826 1480 4880 ἐκεῖθεν
1537 4826 1852 4892 ἀφικνεῖται

284 4926 420 4994 πρὸς
442 4923 728 4978 Ἀντώνιον
750 4925 806 4976 ὲν
830 4922 1056 4993 Ταρσῷ,
1078 4920 1136 4983 ὃς
1168 4919 1446 4990 γνώριμος
1474 4914 1543 4989 ἦν
1566 4918 1853 4990 Λουκιανῷ

283 5018 360 5087 τῷ
401 5016 659 5087 μάρτυρι,
686 5015 745 5080 ἐξ
771 5011 832 5071 οὗ
858 5016 953 5068 τὸν
994 5010 1320 5068 ’Δπόστολον
1351 5010 1750 5081 ἀναδιδαχθεὶς,
1769 5005 1853 5077 ἐφ’

288 5106 467 5158 ἱκανὸν
486 5105 675 5175 ἐκείνῳ
698 5102 1089 5173 συνδιατρίϐει,
1115 5101 1197 5156 ἔτι
1223 5102 1323 5173 τὴν
1346 5100 1442 5153 τοῦ
1475 5102 1852 5171 πρεσϐυτέρου

283 5198 436 5264 τάξιν
466 5198 784 5268 πληροῦντι.
801 5196 957 5251 Ἐπεὶ
977 5196 1021 5249 δ’
1053 5195 1337 5257 ’Δντώνιος
1360 5193 1555 5266 ἔφορος
1584 5194 1854 5263 ἐγεγόνει,

286 5291 379 5342 καὶ
406 5290 507 5359 οὐχ
538 5284 651 5351 οἷός
679 5306 739 5341 τε
768 5284 837 5358 ἦν
859 5291 924 5357 τῇ
957 5285 1257 5355 σοφιζούσῃ
1275 5284 1369 5337 τὸν
1405 5285 1611 5338 ’Λάτιον
1636 5287 1858 5354 ἐνασχη·

287 5384 497 5435 λείεθαι
525 5381 864 5451 διδασκαλίᾳ,
894 5380 1102 5433 ὲκείθεν
1132 5382 1160 5433 ὁ
1206 5376 1418 5453 ’Δέτιος
1448 5376 1547 5447 τὴν
1581 5377 1858 5446 Ἀντιόχου

286 5474 694 5538 γαταλαμδάνει
715 5491 729 5504 ’
764 5475 859 5526 καλ¹
891 5473 1039 5542 παρὰ
1075 5470 1327 5525 Λεοντίου
1358 5468 1440 5523 ἔτι
1482 5468 1857 5540 πρεσϐυτέρου

287 5568 457 5632 ὄντος,
498 5566 797 5620 Λουκιανοῦ
826 5565 884 5619 δὲ
917 5564 1012 5618 τοῦ
1047 5566 1326 5634 μάρτυρος
1352 5561 1449 5615 καὶ
1483 5555 1638 5624 οὗτος
1666 5576 1857 5629 φοιτη-

289 5663 385 5726 τὴς
408 5660 767 5731 ἐχρημάτισεἰ
788 5660 912 5723 τοὺς
940 5659 1249 5728 προφήτας,
1275 5657 1367 5710 καὶ
1395 5654 1601 5726 μᾶλλον
1634 5653 1729 5707 τὸν
1758 5652 1857 5706 Ἰε-

1952 4725 2090 4791 cuit,
2135 4733 2197 4777 ut
2234 4737 2348 4778 non
2389 4737 2618 4791 prorsus
2645 4721 2867 4778 dicendi
2908 4732 3188 4779 certamen
3224 4728 3530 4785 omitteret.

1955 4816 2172 4871 Accidit
2215 4826 2350 4876 tum,
2387 4823 2446 4867 ut
2500 4814 2748 4883 sepbista
2794 4814 3018 4883 quidam
3071 4817 3213 4871 Aetii
3248 4819 3530 4887 ingenium

1956 4909 2298 4971 admiratus,
2335 4916 2510 4962 artem
2548 4922 2703 4962 suam
2739 4922 2864 4961 cum
2899 4923 2967 4962 eo
3010 4910 3528 4968 communicandam

1955 5004 2203 5058 duceret.
2235 5001 2413 5070 Atque
2455 5000 2550 5055 ille
2589 5000 2646 5054 in
2702 5000 2964 5069 sophista:
2989 5000 3216 5056 domum
3250 5014 3529 5075 receptus,

1959 5091 2168 5147 homini
2201 5090 2537 5157 inserviens,
2558 5106 2721 5145 omne
2758 5098 2843 5161 (ut
2874 5090 2992 5147 ﬁeri
3021 5092 3182 5161 solet}
3224 5091 3410 5151 [amuli
3438 5098 3534 5151 nti-

1958 5185 2247 5240 nisterium
2283 5182 2555 5253 praestitit.
2593 5182 2852 5253 Sophista
2874 5187 3273 5253 grammaticen
3308 5197 3365 5242 et
3394 5188 3536 5260 logi-

1956 5294 2059 5332 een
2102 5279 2151 5331 ei
2199 5275 2441 5332 tradidit.
2493 5274 2602 5345 Ipsi
2644 5291 2775 5331 vero
2821 5291 2947 5333 cum
2993 5277 3187 5333 lterum
3235 5281 3306 5334 ob
3349 5285 3531 5336 minus

1959 5382 2162 5427 rectam
2212 5369 2281 5424 de
2330 5368 2534 5424 divinis
2578 5368 2819 5425 oraculis
2867 5369 3186 5439 opinionem
3251 5381 3530 5438 argueret,

1959 5462 2269 5518 mercedem
2302 5462 2441 5515 bene
2469 5459 2536 5515 dc
2564 5475 2623 5516 se
2657 5460 2866 5515 meritae
2896 5460 3095 5514 domus
3123 5460 3530 5514 abdicationem

1958 5558 2103 5611 tulit.
2135 5557 2309 5624 Atque
2326 5552 2472 5608 ‘inde
2499 5552 2731 5624 eiectus,
2759 5567 2885 5609 cum
2920 5552 3226 5606 Athanasio
3258 5553 3530 5608 Anazarbi

1956 5647 2203 5704 antistita
2261 5644 2436 5710 visit,
2495 5645 2641 5715 apud
2699 5660 2863 5715 quem
2921 5643 3292 5714 evangelistas
3340 5655 3534 5698 exacte

360 5825 438 5896 (1)
473 5825 692 5882 Sozom.
721 5829 814 5887 lib.
841 5847 922 5897 ιιι,
953 5848 1073 5903 cap.
1114 5830 1200 5898 l3,
1230 5828 1448 5884 Aetium
1479 5826 1716 5897 primum
1754 5818 2028 5877 medicum
2061 5815 2229 5871 fuisse
2263 5812 2419 5893 dicit.
