3990 6456
529 374 632 438 291

528 487 818 546 excutiens
846 486 999 557 legit.
1036 481 1241 539 Deinde
1274 480 1504 536 Tarsum
1534 478 1602 533 ad
1630 477 1958 538 Antonium,
1989 475 2104 529 Lu-
2129 482 2178 539 Α

526 584 692 639 ciano
720 580 951 649 martyri
993 588 1206 640 notum,
1242 575 1417 632 venit.
1453 575 1500 628 A
1535 587 1644 644 quo
1673 569 1996 642 Apostolum
2028 568 2111 622 di-

527 688 710 737 scens,
751 672 885 725 satis
920 669 1010 724 diu
1047 684 1171 723 cum
1214 683 1304 732 eo,
1355 680 1480 720 cum
1512 664 1697 719 adhuc
1738 664 1792 717 in
1823 660 2108 732 presbyte-

530 778 717 817 rorum
767 760 961 815 ordine
1003 765 1170 820 esset,
1230 756 1454 812 mansit.
1501 755 1606 812 Ubi
1654 768 1787 809 vero
1834 751 2111 806 Antonius

526 854 769 924 episcopi
806 852 1144 907 iunctionem
1170 851 1438 920 suscepit.
1470 862 1651 917 neque
1678 847 1787 917 jam
1818 844 2107 905 doctrinm,

525 963 633 1015 qua
674 945 895 1000 Aetium
940 942 1256 1007 erudiebat,
1290 954 1489 994 vacare
1537 945 1752 1008 posset,
1786 936 1877 990 ille
1919 934 2112 989 Antio-

531 1039 713 1090 t'lllalll
761 1045 849 1090 est
889 1049 1168 1089 reversus.
1214 1032 1282 1085 Et
1324 1030 1399 1086 ibi
1441 1047 1565 1086 cum
1605 1046 1633 1084 a
1662 1029 1895 1083 Leontio
1929 1028 2111 1082 adhuc

526 1131 853 1199 presbytero
889 1126 1139 1195 (Luciaui
1179 1125 1437 1197 martyris
1466 1134 1521 1177 et
1568 1122 1658 1177 hic
1686 1121 1911 1175 habitus
1935 1130 2111 1175 secta-

528 1219 637 1289 tor)
674 1220 996 1289 prophetas.
1032 1228 1197 1286 atque
1235 1216 1289 1269 in
1336 1215 1529 1285 primis
1561 1213 1909 1268 Ezechielcm
1946 1212 2111 1267 doce-

526 1320 699 1376 retur,
765 1318 993 1379 propter
1036 1309 1237 1378 lingure
1268 1306 1773 1376 intemperantiam,
1807 1314 1860 1360 et
1889 1313 2110 1360 senten-

528 1407 620 1458 tia:
667 1404 1031 1471 impietatem,
1077 1404 1207 1456 inde
1240 1416 1433 1456 rursus
1468 1411 1554 1455 est
1588 1400 1872 1470 expulsus.
1920 1398 2107 1468 Itaque

529 1496 890 1565 sophisticam
934 1511 1222 1559 exercens,
1269 1503 1325 1549 et
1361 1495 1663 1548 certamine
1706 1507 1834 1546 cum
1881 1488 1962 1546 eis
2014 1490 2107 1560 qui

525 1585 664 1640 clari
695 1600 763 1639 eo
807 1585 991 1639 studio
1027 1595 1187 1639 erant
1219 1584 1605 1654 congrediens,
1645 1582 1762 1636 loca
1795 1581 1966 1635 multa
2001 1581 2110 1634 cir-

525 1679 743 1732 cumiit.
790 1678 986 1732 Postea
1034 1692 1166 1731 vero
1214 1685 1268 1729 et
1312 1675 1581 1729 medicam
1627 1682 1803 1728 artem
1851 1682 2109 1728 accurate

525 1770 737 1825 didicit.
792 1768 1011 1838 Sopolis
1064 1768 1117 1821 in
1177 1766 1270 1822 tali
1312 1766 1605 1835 disciplina
1642 1765 1842 1819 doctor
1876 1767 1928 1820 ei
1977 1765 2100 1830 fuit,

523 1865 610 1917 vir
661 1863 714 1916 in
766 1877 832 1917 eo
899 1861 1086 1917 studio
1156 1860 1364 1914 nemini
1413 1860 1710 1915 secundus.
1762 1859 1882 1928 Ipse
1931 1858 2097 1914 etiam

522 1957 715 2012 Aetius
760 1956 1001 2025 Optimus
1037 1955 1090 2008 in
1130 1969 1197 2009 eo
1242 1953 1485 2018 habitus,
1533 1953 1778 2024 gratuito
1827 1965 2101 2022 pauperes

520 2050 753 2104 curavit.
786 2048 941 2114 Quod
980 2048 1024 2102 si
1054 2047 1355 2109 aliquando
1377 2057 1580 2116 egeret,
1610 2055 1779 2101 noctu
1804 2046 1871 2101 ad
1908 2062 2101 2116 quem-

519 2142 666 2211 piam
715 2142 848 2197 artis
895 2156 1008 2195 suae
1060 2141 1345 2212 peritum,
1394 2155 1463 2193 ne
1520 2139 1764 2194 interdiu
1822 2155 1851 2193 a
1901 2139 2101 2194 studiis

518 2235 831 2306 potioribus
863 2233 1257 2299 abduceretur,
1307 2233 1495 2288 adibat
1528 2250 1541 2285 :
1575 2244 1630 2286 et
1670 2248 1864 2285 aurum
1893 2270 1909 2299 ,
1951 2232 2099 2301 quod

517 2328 866 2384 accuratiore
923 2335 1040 2381 arte
1105 2324 1506 2379 elaborandum
1561 2332 1744 2389 esset,
1811 2324 2033 2393 petebat
2082 2339 2096 2377 :

519 2430 687 2491 atque
726 2434 896 2489 opere
927 2419 1184 2473 celeriter
1209 2417 1476 2487 perfecto,
1508 2424 1564 2472 et
1590 2416 1658 2471 ab
1689 2416 1938 2486 ejusdem
1966 2416 2100 2471 artis

517 2511 716 2581 opillce
762 2508 1016 2565 mercede
1048 2518 1294 2578 accepta,
1328 2509 1496 2561 vitam
1544 2508 1822 2562 toleravit.
1865 2507 2099 2561 Leontio

518 2617 654 2659 vero
682 2601 751 2656 ad
790 2603 1170 2671 episcopatum
1206 2599 1615 2655 Antiochenum
1650 2611 1867 2667 evecto,
1904 2602 2098 2656 Aetius

518 2697 589 2751 ab
610 2711 678 2750 eo
703 2694 972 2749 diaconus
997 2692 1334 2763 designatus,
1367 2703 1421 2748 et
1446 2692 1513 2748 ad
1540 2708 1740 2748 munus
1769 2695 1824 2747 in
1863 2694 2097 2751 ecclesia

517 2785 751 2841 docendi
778 2785 1026 2840 delectus
1051 2794 1157 2839 est.
1191 2785 1260 2838 At
1288 2785 1406 2853 ipse
1432 2784 1782 2838 diaconatum
1813 2786 2097 2856 suscipere

515 2878 755 2941 veritus,
784 2876 1019 2932 docendi
1051 2875 1392 2932 iunctionem
1421 2892 1528 2930 non
1568 2877 1781 2947 rejecit.
1811 2878 1989 2949 Atque
2017 2879 2095 2934 ibi

516 2970 653 3025 satis
681 2969 772 3024 diu
806 2979 1074 3034 versatus,
1114 2969 1501 3045 Alegandriam
1530 2969 1700 3033 venit,
1732 2970 2093 3026 Athanasium

514 3069 964 3132 oppugnaturus,
1009 3060 1377 3115 Vehementer
1430 3075 1667 3129 namque
1728 3059 1797 3114 dc
1854 3060 2095 3116 consub-

1753 364 2175 427 NICEPHORI
2220 358 2573 425 CALLIS‘TT

3661 372 3758 438 “292

2207 475 2396 548 ζεκιὴλ
2430 474 2725 545 διδαχθεὶς,
2783 474 3030 545 ἀκρασίᾳ
3066 473 3330 546 γλώττης,
3366 478 3460 531 καὶ
3490 480 3564 550 τῷ
3591 481 3758 536 δυσσε.

2213 569 2296 621 δεῖ
2328 567 2423 620 τοῦ
2467 568 2842 639 φρονήματος,
2893 567 3107 620 ἐκεῖθεν
3145 568 3287 621 ἐλαύ·
3310 585 3452 624 stat.
3488 572 3591 624 Kal.
3631 588 3762 640 σοφι.

2214 659 2421 712 στεύων
2449 658 2612 730 διῄει,
2641 662 2721 723 εἰς
2753 659 2989 730 ἅμιλλαν
3014 660 3192 727 λόγων
3214 663 3326 723 τοῖς
3348 663 3475 728 περὶ
3500 663 3643 717 τοῦτο
3667 665 3735 718 δει

2213 754 2323 816 τοῖς
2344 752 2821 822 συμπλεκίῗμενος.
2858 754 2953 818 El;
2981 753 3153 825 ἀκρον
3185 754 3233 805 δ’
3266 754 3458 808 ἔπειτα
3487 755 3581 825 τὴν
3614 759 3763 827 ἰατρι-

2212 843 2315 913 κὴν
2352 843 2580 915 ἤσκητο.
2614 842 2860 906 Σώ’πολις
2909 845 2956 897 δ’
2988 840 3057 915 ἦν
3093 845 3245 916 αὐτῷ
3278 845 3375 899 τοῦ
3415 847 3762 917 μαθήματοςό

2211 934 2559 999 διδάσκαλος,
2595 937 2735 1006 ἀνὴρ
2770 938 2828 990 ἐν
2863 939 3117 1008 τῇτέχνῃ
3153 938 3379 1007 μηδενδς
3412 937 3546 1008 ἔχων
3569 941 3633 990 τὰ
3657 941 3761 994 δεύο

2211 1023 2635 1098 τερα.Ἀριστοξ
2667 1028 2710 1080 δ’
2741 1030 2800 1082 ἐν
2829 1028 3007 1098 ταύτῃ
3047 1029 3238 1095 φανεὶς
3265 1029 3360 1080 καὶ
3402 1029 3622 1095 Ἀέτιος,
3646 1031 3764 1099 ἀμι-

2213 1121 2339 1174 σθον
2389 1123 2618 1191 παρεῖχε
2668 1123 2779 1184 τοῖς
2822 1121 3103 1190 δεομένοις
3138 1123 3239 1189 τὴν
3280 1121 3594 1191 θεραπείαν.
3623 1123 3680 1177 Ei
3713 1123 3760 1176 δέ

2212 1226 2315 1262 που
2348 1209 2439 1263 καί
2467 1228 2613 1274 τινος
2642 1211 2752 1265 τῶν
2780 1211 3099 1279 ἀναγκαίων
3129 1211 3350 1278 ἐδέησεν
3378 1211 3543 1282 αὐτῷ,
3571 1212 3760 1283 νύκτωρ

2211 1306 2365 1373 παρά
2402 1321 2508 1358 τινι
2542 1304 2654 1357 τῶν
2695 1305 3008 1374 ὁμοτέχνων
3059 1308 3284 1375 φοιτῶν,
3333 1307 3421 1360 ἶνα
3454 1307 3526 1377 μὴ
3569 1308 3758 1377 ἡμέρας

2209 1398 2321 1451 τῶν
2361 1397 2797 1467 σπουδαιοτέρων
2840 1399 3132 1466 ἀπάγοιτο,
3164 1400 3288 1451 ὅσον
3328 1400 3421 1451 τοῦ
3451 1400 3663 1471 χρυσίου
3686 1418 3761 1453 τε·

2211 1490 2552 1562 χνικωτέρας
2581 1490 2752 1543 ἐδεῖτο
2775 1492 2980 1560 χειρός.
3009 1490 3182 1543 Τοῦτο
3212 1491 3266 1542 δέ
3294 1492 3402 1560 ἀρα
3429 1493 3756 1562 ἐξεργαζόμεο

2211 1597 2303 1645 νος
2334 1581 2551 1647 θᾶττον,
2588 1582 2738 1651 παρά
2776 1581 2872 1635 τοῦ
2907 1584 3205 1654 ὁμοτέχνου
3246 1585 3339 1637 τὸν
3382 1586 3571 1653 μισθὸν
3599 1585 3765 1653 ἐκομί-

2164 1678 2177 1685 “
2213 1674 2359 1741 ζετο,
2394 1674 2493 1727 καὶ
2528 1674 2620 1727 τὸν
2659 1675 2852 1728 ἐαυτοῦ
2889 1674 3003 1744 βίον
3030 1679 3269 1747 συνεῖχε.
3305 1678 3556 1730 Λεοντίου
3591 1677 3643 1730 δέ
3686 1677 3764 1729 τδν

2211 1767 2312 1837 τῆς
2345 1767 2684 1838 Ἀντιοχείας
2715 1769 2903 1839 θράνον
2936 1769 3389 1841 κληρωσαμένου,
3419 1773 3446 1824 ὁ
3467 1760 3667 1834 ’Λέτιος
3698 1774 3765 1836 είς

2206 1861 2488 1915 διακονίαν
2529 1862 2727 1933 ἐκείνῳ
2775 1861 3186 1934 προχειρίζεται
3210 1880 3224 1893 ·
3257 1866 3352 1919 καὶ
3380 1866 3467 1917 ἐπ’
3499 1864 3764 1934 ἐκκλησίας

2203 1948 2478 2004 διδάσκειν
2513 1949 2912 2019 προύτρέπετο.
2952 1952 3012 2004 ’0
3041 1952 3097 2004 δὲ
3128 1952 3265 2022 πρὶς
3298 1953 3397 2021 μὲν
3426 1953 3484 2004 τὸ
3516 1952 3764 2005 διακονεῖν

2206 2043 2527 2113 ὑπεστάλη·
2578 2044 2639 2095 τ’)
2688 2044 2746 2096 δέ
2799 2044 3071 2111 διδάσκειν
3127 2044 3431 2115 madiy-0.
3476 2045 3671 2098 Ἱκανὸν
3714 2046 3763 2099 δὲ

2203 2134 2494 2205 διατρίψας
2516 2120 2712 2207 χρόνον
2734 2137 2912 2189 ἐκεῖσε
2928 2138 3019 2190 ἐπὶ
3053 2138 3151 2206 τὴν
3178 2137 3588 2207 Ἀλεξάνδρειαν
3609 2156 3766 2210 παρα·-

2202 2226 2415 2293 γίνεται
2452 2229 2830 2281 ἀντιπνεύσων
2866 2227 3030 2298 δῆθεν
3073 2230 3390 2300 Ἀθανασίῳ
3416 2246 3428 2260 ·
3472 2231 3633 2294 πολὺς
3673 2232 3765 2300 γάρ

2200 2314 2269 2391 ἦν
2293 2320 2434 2388 ὑπὲρ
2466 2320 2557 2373 τοῦ
2584 2322 2871 2390 ὁμηουσίου
2898 2323 3058 2393 ῥέων.
3098 2322 3258 2392 Παρά
3284 2341 3450 2377 τινων
3482 2324 3559 2388 δὲ,
3592 2325 3678 2377 καὶ
3695 2324 3765 2386 είς

2202 2414 2508 2485 ἐπισκοπὴν
2555 2414 3019 2484 πρθὸαλλομένων
3062 2417 3252 2480 αὐτὸν,
3304 2417 3565 2487 ἀπηξίου.
3614 2416 3763 2489 Πρινὴ

2205 2508 2305 2579 μὲν
2345 2502 2439 2560 οὖν
2489 2506 2688 2561 Ἀέτιον
2742 2509 2853 2570 τοίς
2910 2508 2969 2572 ἐξ
3012 2508 3224 2579 Ἀρείου
3270 2510 3562 2580 συμμίξαι,
3598 2511 3644 2561 εί
3685 2509 3765 2560 καὶ

2199 2604 2311 2663 τοῖς
2341 2600 2398 2653 τὸ
2444 2600 2734 2666 ὀμοοῦσιον
2765 2598 3134 2672 πρεσεεύουσι
3160 2601 3503 2672 διεφέροντο,
3534 2601 3648 2655 ἀλλ’
3678 2596 3757 2653 οὖν

2201 2692 2377 2761 εὐχῶν
2400 2693 2493 2746 καὶ
2523 2690 2708 2760 ὕμνων
2735 2695 2826 2744 καὶ
2859 2692 3270 2762 βουλευμάτων,
3299 2696 3397 2748 καὶ
3431 2695 3612 2764 σχεδὸν
3645 2694 3761 2746 πάν-

2200 2798 2333 2844 των,
2385 2781 2706 2834 ἐκοινώνιιυν
2764 2782 3038 2851 ἀλληλοις,
3070 2782 3212 2852 πλὴν
3260 2787 3368 2857 τῆς
3399 2784 3659 2854 μυστικῆς
3689 2783 3765 2836 θυο

2201 2874 2344 2938 σίας.
2388 2874 2629 2927 Ἐκείνου
2663 2875 2721 2927 δέ
2752 2875 2974 2945 πρώτου
3004 2878 3103 2945 τῆς
3134 2876 3473 2941 διαστάσεως
3503 2878 3762 2948 ἄρξαντος,

2197 2968 2356 3034 λόγος
2402 2967 2500 3037 τὴν
2530 2968 2813 3039 ὁμόφρονα
2853 2970 3178 3038 συναγωγὴν
3218 2972 3435 3035 πάντας
3462 2973 3581 3035 τοὺς
3610 2970 3764 3024 sotad-

2203 3076 2337 3123 τους
2369 3059 2558 3129 φιλίας
2582 3062 2682 3113 καὶ
2701 3061 2994 3130 συνηθείας
3022 3062 3214 3132 δεσμοὶ
3228 3081 3255 3126 ς
3270 3064 3684 3135 διαρρήξαντες,
3702 3064 3768 3124 είς

515 3152 761 3207 stantiali
809 3151 1205 3222 propugnando
1258 3150 1422 3221 7.18
1472 3150 1805 3206 Athanasius
1855 3152 1987 3222 egit.
2030 3153 2098 3207 Et

2203 3144 2500 3207 ἀντίπαλον
2516 3155 2625 3215 τοῖς
2655 3154 2829 3216 ἄλλως
2851 3152 3141 3221 δοξάζουσι
3169 3155 3412 3224 μάλιστα
3442 3154 3764 3225 παρασκευά-

517 3261 642 3299 cum
672 3260 703 3298 a
725 3245 1057 3315 quibusdam
1095 3244 1163 3298 ad
1184 3243 1562 3314 episcopatum
1600 3245 1791 3300 Aetius
1820 3245 2094 3315 recipien-

517 3339 651 3393 dum
700 3337 948 3392 delectus
989 3345 1162 3402 esset,
1207 3335 1529 3407 dignitatem
1576 3352 1698 3391 eam
1738 3337 2092 3406 contempsit.

519 3429 663 3484 Sane
725 3438 1021 3498 antequam
1073 3428 1266 3484 Aetius
1323 3427 1392 3483 ad
1463 3427 1694 3482 Arianus
1755 3427 2090 3493 defecisset,

521 3521 740 3577 tametsi
772 3521 850 3575 illi
890 3522 959 3577 ab
1001 3522 1289 3592 ὀμοούσιον
1332 3520 1790 3578 comubslantiale
1835 3521 2096 3591 profiten-

522 3616 671 3669 tibus
698 3614 1062 3681 dissidebant,
1093 3614 1454 3671 nihilominus
1485 3624 1668 3669 tamen
1702 3628 1913 3681 preces,
1940 3613 2094 3682 hym-

518 3720 639 3768 nos,
673 3705 900 3760 consilia
935 3713 990 3759 et
1021 3720 1110 3761 res
1138 3719 1307 3775 prOpe
1347 3718 1541 3758 omnes
1573 3718 1698 3758 cum
1730 3702 1821 3771 eis
1844 3717 2092 3756 commu-

515 3797 800 3859 niCabant,
838 3798 1073 3868 mystico
1112 3796 1386 3851 duntaxat
1417 3795 1690 3850 saeriticio
1727 3803 1981 3863 enepto.
2012 3793 2091 3847 Ex

512 3904 622 3958 quo
658 3897 843 3943 autem
894 3889 985 3944 ille
1017 3890 1230 3958 primus
1275 3886 1649 3943 secessionem
1684 3885 1869 3940 facere
1901 3885 2088 3955 cmpit,

512 3984 777 4040 omnibus
829 3984 1233 4040 consentientis
1283 3992 1634 4047 conventus,
1690 3982 1985 4046 amicitias,
2035 3993 2091 4038 et

514 4075 941 4131 consuetudinis
971 4076 1212 4131 vinculis
1246 4075 1448 4145 ruptis,
1481 4076 1536 4129 in
1583 4075 1844 4129 adversas
1883 4076 1962 4130 eis
1995 4076 2089 4145 qui

514 4173 569 4223 in
601 4170 705 4223 alia
745 4177 932 4224 essent
978 4168 1244 4237 opinione
1279 4166 1516 4221 maxime
1548 4176 1731 4235 partes
1768 4180 1867 4238 per
1902 4167 2093 4222 factio-

513 4274 637 4313 nem
667 4258 971 4327 ,transiere.
1023 4257 1161 4311 Tum
1204 4270 1337 4311 vero
1383 4264 1441 4311 et
1477 4255 1782 4312 Eunomius
1816 4256 1955 4311 Aetii
2007 4272 2092 4312 sa-

511 4346 736 4421 pientiae
764 4350 906 4404 fama
941 4348 1238 4413 adductus,
1267 4361 1334 4401 ex
1367 4346 1711 4417 Cappadocia
1738 4348 2087 4404 Antiochiam

511 4442 795 4513 proiectus
826 4450 932 4506 est,
984 4448 1042 4494 et
1096 4438 1357 4494 Secundo
1404 4453 1464 4494 se
1502 4437 1576 4494 ibi
1609 4440 1895 4510 conjunxit
1930 4457 1944 4494 :
1991 4440 2087 4510 qui

2206 3260 2299 3296 σαι
2330 3244 2676 3314 καταστῆναι
2707 3247 2906 3316 μοῖραν
2928 3262 2943 3279 ·
2978 3247 3099 3300 τότε
3127 3246 3185 3300 δὲ
3215 3250 3313 3302 καὶ
3352 3250 3611 3320 Εὑνόμιος
3642 3247 3763 3301 κατὰ

2206 3338 2387 3392 πίστιν
2414 3339 2513 3408 τῆς
2551 3340 2762 3393 Ἀετίου
2806 3340 2998 3408 σοφίας
3055 3341 3141 3403 εἰς
3178 3341 3514 3413 Ἀντιόχειαν
3539 3345 3600 3395 ἐκ
3629 3342 3765 3394 Καπ-

2205 3428 2469 3492 παδοκίας
2509 3429 2794 3499 Σεκούνδῳ
2848 3432 3159 3501 συνέμιξεν.
3207 3434 3270 3485 Ὀ
3300 3433 3358 3486 δέ
3400 3433 3560 3487 αὐτὸν
3596 3429 3766 3498 Ἀετίφ

2205 3523 2563 3593 συνέστησεν,
2607 3525 2667 3576 ἐν
2708 3523 3094 3596 ’Λλεξανδρείᾳ
3144 3526 3484 3597 διατρίϐοντι
3524 3527 3622 3581 ἐτι.
3674 3525 3767 3577 Καὶ

2205 3614 2478 3684 συνήστην
2523 3615 2733 3686 ἄμφω·
2763 3619 2792 3670 ὁ
2823 3616 2924 3684 μὲν
2973 3617 3267 3685 διδάσκων,
3307 3620 3337 3672 ὁ
3387 3620 3443 3674 δὲ
3478 3621 3585 3681 τοῖς
3621 3616 3768 3687 ἱεροῖς

2206 3704 2529 3777 μαθήμασιν
2585 3707 3013 3777 ἐνασκούμενος.
3070 3710 3358 3780 Γνώριμος
3415 3712 3470 3765 δὲ
3530 3711 3767 3772 ὁἈέτιος

2199 3800 2293 3852 καὶ
2325 3800 2517 3869 Γάλλῳ
2537 3802 2781 3870 ἐγεγόνει
2803 3801 2880 3871 τῷ
2901 3803 3163 3873 Καίσαρι,
3190 3806 3362 3858 πολὺν
3380 3809 3475 3877 τῆς
3496 3804 3768 3877 θρησκείας

2199 3890 2358 3959 λόγον
2393 3893 2729 3962 ποιουμένῳ,
2775 3894 2874 3948 καὶ
2921 3897 3033 3957 τοῖς
3083 3897 3212 3968 περὶ
3244 3895 3443 3966 λόγους
3490 3898 3660 3966 ίεροὺς
3686 3899 3768 3949 καὶ

2200 3986 2498 4054 ἐκκλησίας
2548 3987 2870 4058 ἐσχολακὸσι
2921 3974 3192 4061 χαίροντι.
3236 3992 3346 4045 Καὶ
3395 3996 3461 4065 τῇ
3518 3984 3766 4063 προφάσει

2197 4076 2310 4131 τῶν
2349 4077 2610 4131 τοιούτων
2657 4078 2951 4144 διαλέξεων
2990 4081 3150 4134 τοῦτο
3181 4083 3239 4136 τὸ
3300 4079 3442 4148 εἶδος
3488 4083 3769 4152 ἀσκηθῆναι

2197 4168 2310 4221 τῶν
2357 4169 2555 4237 λόγων,
2610 4171 2699 4225 ἵνα
2748 4170 2950 4241 μᾶλλον
2990 4173 3198 4246 ἀρέσκῃ
3224 4189 3238 4203 ⁸
3296 4175 3518 4244 ἐλέγετο
3557 4177 3656 4247 γάρ
3686 4174 3769 4225 καὶ

2196 4262 2287 4316 διὰ
2317 4263 2430 4315 τῶν
2475 4264 2885 4333 Ἀριστοτέλους
2929 4266 3275 4339 μαθημάτων
3306 4270 3486 4322 ἐλθεῖν
3506 4285 3522 4301 ο
3557 4271 3645 4322 καὶ
3666 4268 3769 4327 τοῖς

2197 4354 2372 4408 ταῦτα
2421 4354 2741 4410 διδάσκουσι
2834 4360 3093 4428 φοιτῆσαι
3147 4361 3272 4417 κατ’
3343 4360 3764 4431 Ἀλεξάνδρειαν

2197 4444 2314 4498 ἀλλ’
2340 4448 2416 4510 είς
2445 4447 2649 4518 ἔχθραν
2679 4449 2869 4521 Γάλλῳ
2899 4452 3185 4517 καταστάς
3216 4452 3293 4514 ὡς
3324 4455 3400 4526 μὴ
3429 4455 3606 4516 καλῶς
3631 4451 3766 4515 505i-

513 4533 665 4588 illuin
702 4532 864 4588 Actio
909 4532 1257 4586 Alexandria:
1296 4531 1479 4588 adhuc
1522 4533 1764 4603 degenti,
1813 4552 2092 4592 commcn-

2203 4539 2328 4605 ζων,
2393 4540 2647 4596 κελεύσει
2701 4543 2917 4599 ἐκείνου
2959 4547 3206 4619 κατεάγη
3261 4549 3329 4602 ἂν
3371 4551 3435 4603 ἐκ
3478 4550 3620 4603 δυεῖν
3663 4548 3767 4598 τοῖν

484 4625 687 4679 .davit.
719 4628 898 4696 Atque
932 4625 1021 4679 hic
1041 4625 1181 4679 alter
1207 4625 1366 4679 alteri
1397 4626 1720 4692 obstrictus,
1753 4629 1841 4682 ille
1872 4629 2095 4699 quidem

514 4716 739 4783 docens,
780 4718 869 4772 hic
899 4728 1085 4771 autem
1126 4716 1367 4782 discens,
1410 4717 1465 4772 in
1515 4720 1690 4773 sacris
1731 4733 1962 4791 uterque
1997 4722 2097 4776 de-

513 4810 749 4865 sudabat
798 4810 1091 4865 doctrinis.
1150 4810 1342 4866 Aetius
1396 4810 1552 4867 Gallo
1608 4828 1831 4883 quoque
1895 4816 2097 4871 ϐαδιεῖ-ἱ

514 4913 679 4957 notus
707 4903 809 4956 fuit
842 4919 856 4956 :
895 4902 985 4956 cui
1035 4917 1160 4956 cum
1195 4902 1387 4973 religio
1416 4919 1747 4975 inagquere
1777 4921 1944 4970 curas,
1981 4919 2095 4964 tum

516 4995 618 5049 viri
652 4997 749 5064 qui
790 4998 963 5048 sacris
994 4992 1224 5050 Litteris
1258 5006 1312 5050 ct
1343 4996 1594 5051 ecclesiis
1626 5010 1909 5066 navarent,
1943 5001 2099 5057 chari

518 5086 694 5139 fuere.
729 5083 1081 5155 Quapropter
1116 5087 1304 5141 talium
1337 5087 1794 5142 dissertationum
1825 5105 2011 5154 causa,
2042 5090 2097 5144 in

517 5184 623 5237 hoc
649 5164 867 5252 quoque
902 5195 1107 5249 genere
1155 5179 1621 5248 disputationum,
1655 5191 1714 5235 ut
1761 5183 1836 5236 illi
1884 5185 2099 5255 gratior

515 5282 698 5339 esset,
747 5288 805 5327 se
857 5274 1131 5327 exercuit.
1190 5273 1379 5327 Dictus
1415 5273 1562 5327 enim
1616 5286 1693 5328 est
1748 5276 2092 5332 Aristotelica

513 5380 736 5437 quoque
765 5379 933 5435 opera
970 5365 1289 5435 perlegisse,
1322 5375 1377 5418 et
1405 5365 1471 5418 ad
1501 5380 1598 5419 eos
1631 5366 1724 5435 qui
1766 5367 1919 5420 'tal'a
1971 5367 2100 5422 Ale-

514 5456 764 5511 xandria!
792 5457 1058 5512 docerent
1092 5457 1497 5526 frequentassc.
1536 5458 1812 5513 Ca~terum
1859 5463 2005 5529 quod
2040 5462 2095 5517 in

494 5547 649 5603 .Galli
687 5549 872 5602 odium
919 5561 1142 5619 propter
1186 5563 1504 5620 perversam
1557 5566 1714 5605 suam
1772 5553 2091 5622 opinionem

516 5636 805 5703 inciderat,
829 5639 986 5709 jussu
1018 5640 1167 5695 illius
1194 5648 1495 5709 utrumque
1516 5642 1568 5695 el
1599 5655 1728 5696 crus
1755 5642 2117 5712 perfractum,

515 5727 735 5791 fuisset,
768 5730 872 5783 nisi
921 5729 1189 5786 Leontius
1222 5731 1605 5788 Antiochenus
1627 5732 1974 5789 dissuasione
1999 5751 2098 5790 sua

511 5820 990 5898 condenmationis
1026 5825 1302 5881 calculum
1332 5824 1653 5881 amovisset.
1691 5825 1891 5883 Verum
1920 5834 2097 5884 cnim-

2204 4631 2439 4697 σκελοῖν,
2483 4633 2533 4686 εί
2571 4633 2647 4705 μὴ
2683 4636 2710 4687 ὁ
2738 4635 2839 4705 τῆς
2878 4635 3212 4707 Ἀντιοχείας
3238 4639 3493 4701 Λεόντιος
3530 4636 3769 4709 μεταπεί-

2203 4738 2327 4787 σας,
2347 4723 2446 4794 τὴν
2469 4715 2945 4791 καταδικάζουσαν
2975 4730 3158 4782 ἀνεῖλε
3181 4731 3386 4800 ψῆφον.
3420 4734 3532 4787 Καὶ
3558 4733 3629 4792 είς
3652 4728 3768 4781 θέαν

2201 4815 2278 4885 τῷ
2310 4814 2498 4887 Γάλλῳ
2532 4816 2850 4887 γενόμενος,
2884 4820 3039 4888 φίλος
3074 4823 3131 4875 ἐν
3163 4825 3276 4886 τοῖς
3310 4824 3547 4891 μάλιστα
3591 4819 3763 4889 ἐγεγό-

2201 4925 2300 4970 νει,
2351 4910 2445 4962 καὶ
2483 4910 2621 4980 apo;
2669 4911 2961 4968 Ἰουλιανὸν
3015 4914 3220 4987 ἐστάλη
3294 4917 3577 4985 πολλάκις,
3616 4914 3762 4985 ’δίκα

2203 5000 2340 5069 πρὸς
2357 5000 2717 5073 Ἕλληνισμδν
2733 5007 3047 5060 ἀποκλίνειν
3069 5011 3276 5063 ἐκεῖνον
3295 5011 3615 5080 ἐμάνθανεν,
3636 5007 3760 5059 ὥστε

2201 5095 2296 5146 τοῦ
2348 5095 2448 5165 τῆς
2501 5096 2756 5161 ἀσεϐείας
2792 5100 3089 5155 ἀνελκῦσαι
3122 5102 3422 5174 βαράθρου.
3469 5105 3542 5158 Οὐ
3584 5102 3685 5172 μὴν
3712 5099 3760 5150 δέ

2200 5185 2337 5238 ἀλλὰ
2370 5189 2463 5239 καὶ
2494 5189 2603 5241 τῶν
2644 5189 2805 5243 θείων
2850 5180 3192 5263 μαθημάτων
3236 5200 3262 5249 ὁ
3296 5196 3490 5258 Γάλλος
3522 5195 3760 5263 διδάσκα-

2199 5274 2289 5329 λον
2327 5279 2419 5329 τὸν
2454 5277 2660 5332 Ἀέτιον
2700 5283 2957 5338 ἐποιεῖτο.
2993 5285 3129 5355 Περὶ
3164 5286 3267 5355 μὲν
3320 5283 3417 5340 οὖν
3443 5285 3645 5339 Ἀετίσυ
3683 5299 3764 5335 το-

2202 5369 2378 5423 σαῦτα
2403 5385 2419 5401 ⁸
2458 5372 2609 5436 ὅπως
2667 5374 2853 5443 μέντοι
2893 5377 3201 5446 ἱερωσύνης
3247 5378 3445 5449 τυχὼν,
3491 5381 3551 5430 οὺ
3586 5375 3763 5447 μικρὸν

2205 5463 2370 5534 μέρος
2406 5465 2516 5526 τοῖς
2560 5465 2841 5535 ἀνομοίοις
2873 5470 2968 5520 καὶ
2998 5469 3361 5539 ἐτεροουσίοις
3397 5470 3611 5537 ἐγένετο
3634 5481 3649 5496 ο
3680 5462 3762 5517 καὶ

2199 5555 2275 5619 ὼς
2316 5557 2623 5629 καθῃρέθη,
2653 5564 2750 5614 καὶ
2776 5560 2856 5623 είς
2888 5560 3103 5633 ἐξορίαν
3132 5564 3382 5635 ἀπήχθη,
3434 5564 3680 5630 Εὐνόμιος
3712 5557 3761 5608 δὲ

2200 5646 2315 5699 ἀντ’
2341 5647 2554 5700 ἐκείνου
2581 5643 2764 5720 πολλῷ
2790 5646 2993 5721 χείρων
3015 5654 3274 5725 κατέστη,
3300 5655 3401 5724 τὴν
3428 5653 3589 5708 αὐτοῦ
3619 5664 3762 5701 συκο-

2200 5738 2419 5805 φαντῶν
2450 5739 2689 5810 φατρίαν
2729 5741 2827 5795 καὶ
2863 5744 2994 5813 περὶ
3027 5746 3195 5801 αὐτοῦ
3246 5747 3534 5817 Εὑνομίου,
3578 5740 3759 5814 μικρὸν

2199 5829 2428 5904 ὕστερον
2475 5832 2634 5898 λέξω.
2669 5835 2989 5905 Τηνικαῦτα
3039 5838 3095 5893 δὲ
3128 5842 3222 5895 καὶ
3250 5840 3387 5895 κατὰ
3421 5843 3517 5895 τὴν
3547 5836 3637 5893 τῆς
3665 5830 3756 5909 ξυι-
