3990 6464
266 370 376 438 iss

1222 372 1835 435 ECCLESIASTICZE
1873 375 2274 437 HlSTORI/E
2311 378 2462 439 LIB.
2506 378 2613 438 IX.

3444 376 3557 443 29$

271 496 397 567 ρίας
437 492 759 548 Λαοδίκειαν
788 491 882 546 δύο
911 489 1105 562 ἄνδρες
1140 485 1285 560 ἦσαν
1318 492 1689 563 ἀκμάζοντες,
1712 491 1863 562 ὁμώ-

1976 508 2099 547 t'ero
2146 492 2334 548 Gallus
2388 494 2443 548 in
2498 504 2862 564 conspectum
2920 511 3080 551 suum
3129 511 3256 551 eum
3314 478 3554 566 primum

268 601 428 651 νυμοι
473 585 660 653 ἄμφω,
715 582 920 648 πατὴρ,
973 583 1067 634 καὶ
1103 581 1257 643 υίός’
1306 581 1723 653 Ἀπολλινάριος
1745 583 1855 651 γὰρ

266 680 523 747 ἑκάτερος
554 675 822 729 ἐκαλεῖτο.
858 673 1243 744 Πρεσϐύτερος
1271 671 1321 727 δ’
1349 670 1418 745 ἦν
1448 675 1477 727 6
1508 677 1726 746 πατήρο
1756 676 1856 730 eos

269 773 396 833 παῖς
426 770 525 838 τὴν
550 767 644 822 τοῦ
675 767 1027 835 ἀναγνώστου
1059 767 1213 832 τάξιν
1238 768 1503 838 ἐπλήρου.
1522 768 1854 838 Ἑλληνικῶν

270 865 326 917 δὲ
355 864 450 917 καὶ
482 863 649 932 ἄμφω
678 860 1067 930 παιδευμάτων
1098 856 1241 933 ἦσαν
1270 861 1587 916 διδάσκαλοι
1616 878 1629 892 ·
1666 878 1854 931 γραμ-

279 954 523 1027 ματικῶν
551 954 648 1025 μὲν
669 954 698 1006 ὀ
719 954 926 1024 πατὴρ,
953 954 1247 1025 ῥητορείας
1275 954 1321 1008 δ’
1353 954 1610 1023 ἐξηγεῖτο
1648 957 1677 1009 6
1698 956 1866 1017 παῖς.’

283 1049 343 1100 ὐ
369 1048 426 1101 δὲ
456 1046 640 1117 γέρων
695 1044 1109 1116 Ἀλεξανδρείας
1142 1046 1390 1115 ὡρμᾶτο.
1418 1046 1697 1117 Σχολάσας
1721 1047 1767 1100 δ’
1795 1050 1852 1100 ὲν

273 1137 519 1209 Βηρυτῷ,
556 1138 636 1203 είς
670 1138 994 1193 Λαοδίκειαν
1018 1140 1226 1210 γήμας,
1267 1140 1433 1211 γεννᾷ
1459 1140 1551 1191 τὸν
1601 1140 1854 1193 Ἀπολλι-

276 1231 484 1301 νάριον.
544 1230 849 1301 Ἐπιφανίῳ
880 1230 938 1286 δὲ
978 1231 1055 1301 τῷ
1096 1233 1325 1302 σοφιστῇ
1380 1230 1855 1299 συνακμόιςοντες,

275 1324 634 1394 συνεκρότουν
666 1324 830 1377 αὑτὸν
863 1325 958 1378 ἆτε
992 1325 1203 1394 γνήσιοι
1235 1323 1403 1389 φίλοι.
1440 1323 1697 1383 Θεόδοτος
1727 1323 1856 1393 μὲν-

270 1437 358 1474 τοι
388 1419 417 1471 6
453 1418 703 1489 τηνικάδε
739 1419 839 1491 τὴν
866 1417 1178 1472 Λαοδικέων
1220 1417 1439 1483 ἰθύνων,
1469 1417 1653 1478 δείσας
1683 1417 1758 1488 μὴ
1786 1412 1854 1488 τῇ

277 1514 493 1583 συνεχεῖ
526 1510 712 1582 ὁμιλίᾳ
767 1509 906 1582 πρὸς
942 1509 1037 1566 τὸν
1081 1509 1438 1579 Ἐλληνισμὸν
1487 1509 1852 1573 ἀποκλίνωσι,

274 1605 466 1677 φοιτᾷν
493 1602 625 1673 παρ’
644 1602 794 1674 αὐτῷ
822 1601 1142 1657 διεκώλυεν.
1181 1602 1374 1673 Ἀλλ’ή
1409 1603 1730 1668 Ἐπιφανίου
1763 1619 1854 1670 φι-

273 1699 365 1752 λία
421 1696 863 1765 ὲπικρατεστέρα
909 1691 1000 1765 ἦν.
1027 1693 1224 1748 Ἔνθεν
1256 1711 1338 1747 τοι
1385 1697 1482 1750 καὶ
1599 1694 1856 1747 Θεοδότου

277 1789 518 1860 διάδοχος
558 1786 833 1860 Γεώργιος
866 1787 1040 1842 πολλὰ
1072 1787 1262 1841 παθὼν
1305 1787 1599 1858 διαστῆσαι
1634 1787 1861 1869 αὐτοὺς·ν

1965 584 2294 650 admissum,
2332 586 2565 641 charum
2621 587 2858 643 maxime
2892 589 3089 643 habuit
3127 606 3146 645 :
3181 600 3237 644 et
3283 591 3351 644 ad
3388 591 3558 649 Iulia-

1967 694 2098 732 num
2149 680 2346 733 crebro
2399 680 2572 740 misit,
2611 694 2739 734 cum
2783 681 2936 735 illum
2978 683 3043 735 ad
3093 682 3455 737 Graecismum
3501 692 3559 739 ct

1969 770 2242 824 idolorum
2275 772 2485 825 cultum
2536 773 2773 826 deficere
2823 775 3204 833 intellexisset.
3255 786 3311 829 ιιι
3347 776 3560 830 scilicet

1972 863 2253 917 hominem
2287 879 2351 916 ex
2392 863 2695 933 impietatis
2736 864 2997 921 barathro
3040 870 3375 923 extraheret.
3412 867 3557 934 Quin

1966 964 2023 1011 et
2078 954 2395 1010 divinarum
2435 956 2768 1012 Litterarum
2828 957 3110 1012 doctorem
3163 960 3318 1013 illum
3369 960 3561 1015 Gallus

1966 1049 2232 1104 instituit.
2270 1047 2396 1106 Hzec
2441 1050 2510 1105 de
2542 1050 2730 1106 Aetio.
2781 1050 3069 1117 Quomodo
3101 1065 3285 1107 autem
3330 1054 3396 1106 ad
3442 1053 3564 1121 epi-

1969 1151 2257 1212 scopatum
2301 1151 2548 1207 evectus,
2582 1158 2691 1197 non
2738 1143 2934 1214 exigua
2983 1159 3112 1214 pars
3140 1160 3333 1198 corum
3368 1145 3558 1208 fuerit,

1966 1236 2061 1305 qui
2098 1236 2157 1286 τὸ
2185 1235 2444 1295 ἀνόμοιον
2479 1236 2575 1286 καὶ
2603 1233 2974 1304 ἑτεροούσιον,
3010 1235 3114 1288 hoc
3143 1247 3248 1298 est,
3298 1236 3561 1291 dissimile

1971 1334 2024 1379 et
2085 1324 2311 1379 alterius
2369 1325 2692 1378 substantiae
2752 1324 3101 1387 docuerunt,
3168 1334 3334 1393 atque
3393 1327 3560 1380 etiam

1968 1426 2366 1473 exauctoratus
2411 1418 2591 1473 solum
2633 1418 2812 1473 exsilii
2848 1433 3013 1472 causa
3051 1419 3280 1473 verterit
3325 1437 3339 1473 :
3376 1421 3564 1476 Euno-

1971 1510 2116 1564 mins
2154 1518 2338 1563 autem
2381 1510 2557 1564 multo
2588 1524 2657 1564 eo
2685 1510 2954 1574 deterior,
2996 1510 3230 1565 factione
3260 1511 3381 1580 ejus
3404 1527 3562 1582 syco-

1970 1602 2199 1672 phantia
2227 1601 2629 1667 circumventa,
2707 1603 2760 1657 in
2797 1605 2979 1660 locum
3016 1608 3136 1673 ejus
3167 1605 3433 1660 suffectus
3469 1608 3560 1670 sit,

1970 1704 2025 1749 et
2058 1695 2123 1749 de
2155 1695 2275 1763 ipso
2304 1695 2471 1747 etiam
2498 1696 2793 1759 Eunomio,
2828 1707 3017 1766 postea
3048 1697 3317 1753 dicemus.
3355 1698 3558 1752 Eodem

1973 1797 2223 1858 tempore
2252 1785 2538 1842 Laodiceae
2572 1787 2630 1840 in
2659 1787 2816 1860 Syria
2848 1790 2952 1843 viri
2987 1791 3154 1845 etiam
3185 1789 3297 1845 duo
3323 1790 3562 1846 ﬂoruere

284 1879 398 1934 ἐπεὶ
425 1879 689 1945 ἀνήνυτον
710 1878 859 1950 ἑώρα
882 1878 943 1933 τὸ
971 1879 1322 1948 σπούδασμα,
1347 1878 1447 1946 τῆς
1473 1878 1866 1947 ἐκκλησιαστι-

1976 1880 2346 1950 cognomines,
2382 1892 2541 1949 pater
2569 1880 2832 1937 videlicet
2854 1891 2910 1936 et
2943 1880 3089 1937 illius
3122 1900 3135 1936 :
3162 1882 3384 1952 utrique
3411 1883 3559 1937 enim

289 1975 382 2044 κῆς
409 1972 691 2036 κοινωνίας
723 1973 951 2041 ἀρίστα.
970 1972 1027 2026 ’0
1056 1974 1190 2036 παῖς
1224 1972 1281 2026 δὲ
1306 1971 1467 2037 ὓϐριν
1498 1970 1862 2040 λογισάμενος

284 2066 342 2120 τὸ
377 2065 653 2138 πραχθὲν,
691 2067 814 2128 ταῖς
850 2066 1195 2133 σοφιστικαῖς
1241 2063 1578 2126 πλεκτάναις
1615 2061 1861 2132 θαρρῶν,

284 2157 477 2227 καινῆς
501 2174 645 2221 τινος
678 2156 951 2226 αἱρέσεως
984 2156 1315 2211 καθίσταται
1346 2155 1610 2225 ἀρχηγὸς,
1644 2154 1863 2209 ,ἐπώνυ-

284 2265 384 2319 μον
435 2249 526 2303 τὸν
562 2249 797 2318 εὑρόντα
827 2248 1079 2319 ἐχούσης.
1113 2248 1287 2315 Λόγος
1313 2249 1357 2302 δ’
1400 2246 1537 2318 ἔχει,
1571 2247 1647 2318 μὴ
1673 2246 1764 2300 διὰ
1805 2246 1866 2299 τὸ

284 2335 682 2409 προειρημένον
714 2336 850 2407 πρὸς
863 2337 1142 2411 Γεὼργιον
1171 2336 1518 2408 διενεχθῆναι
1546 2351 1559 2363 '
1591 2334 1709 2389 ἀλλ’
1728 2336 1865 2405 ὅπερ

287 2429 491 2489 ἐκεῖνος
521 2427 800 2513 ἀλλότριον
831 2428 1179 2498 ὲδογμάτιζε.
1222 2428 1319 2481 νῦν
1367 2428 1466 2496 μὲν
1512 2426 1865 2497 τὴν,“Αρείου

289 2515 552 2569 συνιστῶν
592 2516 771 2583 δόξαν,
818 2515 912 2568 νῦν
940 2516 997 2570 δὲ
1044 2517 1233 2586 ὅμοιον
1272 2517 1364 2568 τὸν
1410 2517 1538 2571 Υἱὸν
1585 2516 1662 2585 τῷ
1696 2517 1868 2586 [Iath

286 2601 752 2677 ὀμολογῶν,·καθὰ
779 2611 838 2662 ὲν
858 2610 923 2680 τῇ
955 2609 1099 2663 κατὰ
1133 2610 1460 2663 Σελεύκειαν
1493 2610 1701 2681 συνόδῳ
1741 2626 1870 2664 συν-

290 2699 440 2754 έθετο
464 2715 480 2731 ·
513 2700 788 2770 πρόφασιν
830 2702 877 2754 δ’
910 2700 1162 2754 ἐντεῦθεν
1196 2702 1482 2768 λαϐόντες,
1513 2702 1731 2755 ἐκείνου
1765 2702 1870 2756 διί-

288 2805 510 2845 σταντο·
538 2792 764 2862 μηδενὸς
788 2791 834 2845 δ’
865 2794 1095 2852 ἐκείνοις
1119 2794 1503 2864 προσέχοντες,
1537 2793 1871 2858 ξενίζουσαν

293 2883 589 2955 θρησκείαν
639 2885 945 2958 ἐπειρῶντο
983 2887 1228 2953 είσάγειν
1254 2902 1269 2917 ο
1322 2887 1418 2939 καὶ
1447 2886 1872 2957 δογματίζοντες

291 2979 498 3047 ἔλεγον,
540 2979 616 3051 μὴ
652 2981 834 3052 ψυχὴν
863 2980 1219 3051 ἀνειληφέναι
1253 2979 1344 3034 τὸν
1388 2979 1595 3051 Κύριον
1631 2981 1733 3050 τὴν
1769 2979 1872 3050 τῆς

295 3074 493 3142 σαρκὸς
518 3073 833 3142 οἰκονομίαν
860 3072 1262 3142 διενεργοῦντα.
1297 3068 1466 3134 Αὖθις
1494 3072 1553 3125 δὲ
1581 3074 1642 3124 τὸ
1670 3072 1874 3126 ἄτοπον

292 3164 365 3227 ὡς
399 3164 456 3217 ἐν
482 3164 773 3235 μεταμέλῳ
800 3161 1107 3233 ὲπιδιορθού
1117 3179 1290 3232 μενοι,
1321 3159 1503 3232 ψυχὴν
1530 3159 1631 3230 μὲν
1656 3159 1875 3229 εἰληφέ-

293 3275 378 3310 ναι
401 3255 728 3326 προσέθεντο
746 3271 763 3289 ο
795 3254 870 3326 μὴ
900 3254 1048 3325 ἔχειν
1075 3254 1121 3308 δ’
1142 3252 1363 3323 εκείνην
1392 3253 1485 3306 τὸν
1514 3251 1867 3323 ἀνθρώπινον

296 3349 453 3403 νοῦν*
501 3350 688 3417 ἀρκεῖν
728 3348 837 3416 γὰρ
885 3348 1009 3401 ἀντὶ
1056 3344 1151 3399 νοῦ
1196 3344 1297 3414 τὴν
1332 3343 1564 3415 θεότητα
1615 3343 1739 3414 ἣτις
1780 3343 1873 3397 τὸν

295 3440 576 3511 ἄνθρωπον
600 3438 986 3511 προσελάϐετο.
1021 3440 1131 3493 Καὶ
1154 3439 1284 3508 περὶ
1311 3436 1506 3490 τούτου
1541 3435 1709 3507 μόνου
1735 3435 1875 3506 πρὸς

292 3536 416 3596 τοὺς
449 3531 507 3596 ἐξ
547 3532 760 3603 Ἀρείου
807 3532 900 3584 καὶ
950 3529 1291 3585 Μακεδονίου
1319 3528 1654 3599 διεφέροντο.
1707 3529 1789 3584 Τὰ
1824 3528 1870 3582 δ’

296 3624 430 3676 ἄλλα
459 3624 572 3684 τοῖς
622 3624 680 3676 ὲν
732 3621 936 3691 Νικαίᾳ
972 3620 1039 3673 τὰ
1101 3619 1193 3673 ἴσα
1246 3617 1677 3688 δογματίζοντες
1709 3613 1875 3691 ἦσαν.

298 3715 462 3769 Ἀλλὰ
503 3716 630 3787 περὶ
660 3719 758 3786 μὲν
806 3712 1223 3783 ’Δπολλιναρίου
1254 3711 1351 3766 καὶ
1391 3710 1549 3775 αὖθις
1589 3713 1732 3766 κατὰ
1769 3711 1876 3782 χώ-

301 3825 407 3878 ραν,
419 3809 441 3861 ἒ
451 3807 543 3878 ροῦ
552 3825 674 3878 μεν.

1968 1974 2307 2042 Apollinaris
2341 1987 2542 2027 nomen
2579 1983 2722 2028 erat.
2758 1975 2825 2029 Et
2859 1982 3018 2044 pater
3048 1974 3378 2046 presbyteri,
3415 1975 3565 2029 filius

1967 2065 2196 2120 lectoris
2218 2060 2471 2118 ordinem
2501 2065 2807 2120 obtinebat.
2832 2067 3014 2121 Ambo
3040 2065 3355 2122 Graecarum
3390 2067 3562 2123 disci-

1970 2158 2286 2227 plinarum,
2343 2158 2710 2226 grammaticae
2764 2165 2958 2226 pater,
3021 2157 3316 2213 rhetorica:
3367 2157 3559 2223 ﬁlius,

1972 2249 2217 2321 magistri
2272 2248 2452 2304 erant.
2518 2247 2684 2318 719
2739 2249 2920 2303 Sencx
2980 2249 3327 2307 Alexandriae
3377 2260 3560 2316 ortus,

1972 2341 2154 2404 Beryti
2199 2339 2396 2394 docuit
2431 2358 2443 2393 :
2480 2348 2536 2394 et
2560 2339 2725 2395 ducta
2763 2338 3048 2395 Laodiceae
3085 2337 3341 2411 conju'ge.
3388 2340 3560 2412 Apol—

1969 2435 2188 2493 linarim
2222 2434 2395 2488 [ilium
2424 2434 2735 2504 progenuit.
2771 2434 2833 2486 Et
2865 2448 2989 2487 cum
3015 2431 3330 2502 Epiphanio
3370 2433 3562 2503 sophi-

1969 2524 2163 2579 sticam
2199 2524 2517 2595 profitente,
2549 2524 2626 2578 illi
2668 2524 2833 2578 simul
2867 2519 3149 2582 florentes.
3184 2535 3310 2577 eum
3338 2531 3412 2577 ut
3440 2523 3560 2576 veri

1970 2613 2133 2669 amici
2190 2623 2323 2669 sunt
2369 2613 2665 2684 complexi.
2720 2613 2791 2666 At
2828 2612 3152 2668 Theodotus
3202 2612 3562 2668 Laodicensis

1974 2720 2089 2763 tum
2125 2707 2444 2778 cpiscopus,
2493 2705 2642 2776 quod
2690 2713 2967 2759 metueret
3002 2720 3071 2760 ne
3103 2705 3366 2760 continua
3413 2705 3563 2759 illius

1973 2796 2385 2852 consuetudine
2422 2793 2489 2849 ad
2526 2794 2776 2849 Gracam
2813 2794 3158 2865 impietatem
3190 2795 3559 2859 declinarent,

1973 2891 2357 2947 familiaritate
2383 2888 2532 2943 illius
2552 2888 2635 2943 eis
2663 2888 2976 2944 interdixit.
3002 2887 3108 2944 Sed
3133 2888 3246 2943 illis
3267 2887 3561 2963 Epiphanii

1974 2982 2218 3038 amicitia
2270 2980 2515 3050 episcopi
2563 2978 2764 3035 edictis
2831 2981 3013 3049 potior
3061 2980 3186 3034 fuit.
3240 2980 3478 3033 Proinde
3506 2990 3565 3034 ct

1977 3073 2254 3130 Theodoti
2278 3086 2568 3126 successor
2592 3070 2885 3140 Georgius,
2910 3086 3035 3124 cum
3071 3071 3240 3124 multa
3272 3080 3558 3133 tentasset,

1981 3177 2042 3223 ut
2096 3167 2321 3222 illorum
2381 3164 2672 3219 dirimeret
2722 3163 3206 3234 conjuni-tiunem,
3272 3176 3561 3232 postquam

1980 3273 2205 3330 operam
2241 3270 2396 3311 suam
2439 3256 2642 3309 frustra
2693 3268 2817 3310 esse
2848 3255 3025 3319 vidit,
3057 3254 3434 3309 ecclesiastica
3467 3270 3562 3309 eos

1982 3348 2269 3420 prohibuit
2296 3345 2708 3401 communione.
2738 3345 2859 3412 Quo
2890 3330 3034 3399 facto
3066 3361 3168 3415 pro
3199 3345 3398 3416 insigni
3432 3360 3565 3415 con:

1982 3439 2205 3495 tumelia
2247 3448 2497 3507 accepto,
2547 3436 2695 3492 filius
2743 3436 3063 3506 SOleISIiciS
3100 3435 3278 3491 fretus
3315 3436 3564 3506 capturis

1978 3539 2035 3586 et
2080 3529 2335 3600 argutiis,
2392 3542 2588 3582 novam
2637 3527 2936 3598 quamdam
2995 3526 3247 3580 haeresim
3299 3524 3560 3586 instituit,

1979 3636 2180 3677 nomen
2208 3622 2455 3677 auctoris
2490 3619 2666 3690 ipsius
2701 3619 3057 3686 referentem.
3090 3621 3182 3673 Est
3221 3627 3276 3673 et
3308 3618 3415 3672 alia
3453 3618 3568 3687 opi-

1980 3713 2096 3777 nio,
2131 3727 2246 3766 non
2294 3711 2366 3766 ob
2410 3726 2532 3766 eam
2567 3726 2735 3781 quam
2768 3710 2982 3767 scilicet
3026 3711 3271 3765 diximus
3317 3725 3561 3768 causam.

1981 3804 2138 3858 illum
2175 3818 2205 3857 a
2252 3802 2490 3874 Georgio
2540 3803 2845 3858 descivisse
2893 3820 2907 3858 :
2957 3804 3051 3858 sed
3104 3804 3250 3873 quod
3299 3802 3571 3874 Georgius

299 3900 472 3957 aliena
504 3914 729 3971 prorsus
757 3908 815 3955 et
854 3897 1097 3955 absurda
1148 3898 1413 3970 Opinione
1479 3910 1629 3951 nunc
1701 3895 1822 3951 Arii
1898 3894 2215 3954 defendens
2250 3896 2607 3960 sententiam,
2658 3911 2807 3951 nunc
2840 3895 3108 3965 aaqualem
3149 3894 3297 3950 Patri
3365 3892 3564 3949 Filium

305 3993 590 4062 profitens,
616 3992 915 4048 conventui
947 3991 1218 4048 Seleuciae
1252 4000 1378 4046 acto
1411 3989 1742 4045 assensissct
1772 4005 1788 4044 τ
1852 4004 1918 4045 ea
1956 3988 2306 4059 Apollinares
2379 3998 2599 4060 arrepta
2636 3989 2947 4055 occasione,
2977 3988 3371 4045 discessionem
3403 3989 3473 4044 ab
3498 4003 3569 4042 eo

302 4085 496 4141 fecisse
533 4105 546 4138 :
580 4095 635 4140 et
670 4100 794 4140 cum
830 4085 883 4141 id
929 4101 1090 4140 nemo
1123 4096 1385 4152 curaret,
1421 4082 1740 4154 opinionem
1813 4098 2012 4139 novam
2081 4081 2352 4139 inducere
2379 4096 2613 4138 conatos
2674 4099 2814 4139 csse.
2845 4083 3091 4138 Docuere
3118 4093 3326 4145 autem,
3380 4081 3573 4137 Domi.

304 4194 435 4245 num
466 4180 649 4234 carnis
685 4179 1053 4238 oeconomiam
1082 4188 1140 4234 et
1175 4177 1518 4234 functionem
1585 4177 1749 4233 factis
1820 4176 1958 4246 ipsis
1996 4176 2326 4248 obeuntem,
2373 4177 2614 4231 animam
2676 4193 2782 4235 non
2842 4178 3141 4247 recepisse.
3203 4178 3283 4232 Ac
3347 4191 3570 4232 rursum

306 4271 472 4326 veluti
522 4270 868 4327 absurditate
919 4287 984 4327 ea
1033 4287 1131 4341 per
1179 4272 1565 4343 ptenitentiam
1618 4280 1885 4337 correcta,
1960 4270 2200 4324 animam
2253 4268 2474 4337 quidem
2522 4270 2801 4339 recepisse
2853 4269 3136 4336 addidere,
3189 4284 3309 4324 eam
3386 4278 3571 4326 autem

309 4368 598 4421 humanam
631 4382 739 4421 non
783 4364 986 4421 habere
1044 4377 1304 4421 mentem.
1355 4365 1502 4421 Satis
1546 4379 1786 4434 namque
1826 4365 1877 4421 ei
1919 4378 2021 4434 pro
2095 4369 2279 4418 mente
2319 4361 2662 4417 divinitatem
2716 4362 2912 4426 fuisse,
2978 4378 3103 4434 quae
3150 4362 3434 4418 hominem
3482 4378 3573 4417 as-

306 4465 623 4532 sumpserit.
676 4464 855 4531 Atque
904 4476 968 4517 ea
1003 4476 1062 4516 re
1110 4477 1216 4516 una
1247 4462 1317 4518 ab
1348 4460 1676 4517 orthodoxis
1738 4460 2096 4526 dissidentes,
2169 4460 2226 4514 in
2250 4458 2375 4513 aliis
2433 4459 2628 4515 eadem
2664 4475 2788 4528 quae
2817 4461 3167 4515 Niczcnorum
3223 4458 3572 4515 decretorum

307 4559 560 4621 studiosi,
605 4556 939 4614 sentiebant.
984 4557 1189 4613 Verum
1237 4557 1308 4614 de
1342 4557 1649 4629 Apollinari
1690 4568 1882 4628 postea
1920 4572 2143 4628 quoque
2172 4557 2294 4612 loco
2321 4569 2423 4611 suo
2456 4554 2695 4609 dicetur.

891 4675 1148 4731 ΚΕΦΑΔ.
1185 4676 1300 4731 lH'.

660 4769 803 4838 Περὶ
829 4769 1133 4837 Θεοφίλου
1159 4768 1269 4823 τοῦ
1304 4766 1529 4824 Ἰνδοῦ.
1566 4768 1575 4774 ’

386 4879 496 4937 Ἦν
539 4882 596 4936 δὲ
623 4882 702 4953 τῷ
736 4884 858 4935 τότε
891 4881 1059 4946 πολίις
1094 4899 1180 4946 τις
1229 4880 1330 4957 ἐπ’.
1366 4883 1538 4952 ἀρετῇ
1582 4882 1679 4935 καὶ
1711 4881 1895 4951 λόγοις

316 4975 649 5047 ὑμνούμενος
685 4978 783 5028 καὶ
821 4976 1086 5044 Θεόφιλος
1120 4976 1333 5038 ἐκεῖνος
1381 4973 1441 5038 ὃς
1469 4972 1753 5045 ἐπεκλήθη
1798 4973 1899 5028 Ἰν·

2551 4674 2781 4732 CAPUT
2823 4673 3013 4729 XVIII.

2491 4768 2566 4822 De
2599 4768 2876 4835 ΤΙιεορΙιίίο
2920 4769 3079 4823 ludo.

1986 4928 1989 4932 .
2066 4887 2192 4941 Fuit
2242 4895 2355 4939 tum
2409 4885 2576 4945 etiam
2612 4893 2838 4953 propter
2878 4885 3140 4938 virtutem
3187 4895 3245 4940 et
3274 4885 3583 4945 doctrinam

1998 4993 2329 5049 magnopere
2361 4975 2620 5031 laudatus
2656 4974 3000 5045 Theophilus
3032 4975 3141 5038 ille,
3174 4976 3268 5047 qui
3295 4980 3584 5048 cognomi-

316 5072 405 5132 δός
427 5086 439 5096 ·
468 5067 528 5122 οὗ
555 5084 700 5133 τινος
729 5069 827 5139 μὲν
859 5067 1106 5137 ἐπάρξας
1137 5067 1425 5137 αἱρέσεως,
1459 5067 1537 5139 τῷ
1572 5066 1869 5138 Ἀρειανικι

1998 5078 2165 5124 natas
2187 5077 2272 5122 est
2301 5066 2473 5121 Indus
2505 5084 2521 5120 :
2560 5082 2667 5121 non
2699 5067 2792 5121 ille
2831 5067 3057 5137 quidem
3088 5067 3320 5124 hmrcsis
3349 5068 3588 5141 alicujus

316 5163 377 5217 δὲ
413 5163 558 5232 μάλα
586 5162 980 5233 προσκείμενος
1010 5161 1377 5231 δόγματι.“ος
1410 5160 1505 5216 ἐπὶ
1541 5160 1898 5214 Κωνσταντίο

315 5273 411 5308 νου
439 5254 562 5308 καθ’
581 5254 817 5326 ὁμηρίαν
836 5257 898 5307 ὲκ
921 5252 1202 5326 Διαϐηνῶν
1232 5254 1312 5315 είς
1345 5252 1652 5322 Ῥωμαίους
1675 5251 1895 5321 ἐστάλη,

2002 5170 2217 5222 auctor,
2269 5158 2364 5214 sed
2421 5159 2736 5214 Arianismo
2799 5158 3101 5229 plurimum
3149 5160 3425 5217 addictus.
3482 5163 3587 5231 Qui

2006 5253 2110 5304 sub
2159 5251 2543 5333 Constantino.
2576 5250 2647 5305 ab
2702 5250 3003 5306 Adiabenis
3055 5251 3356 5308 admodum
3407 5254 3590 5308 adhuc

320 5352 441 5412 νέος
479 5350 619 5402 πάνυ
650 5350 748 5421 τὴν
778 5347 994 5419 ἡλικίαν
1026 5345 1120 5402 ὢν.
1171 5346 1238 5400 Ἦ
1265 5345 1321 5400 δὲ
1346 5346 1578 5410 Διαόοῦς
1599 5346 1761 5416 νῆσός
1785 5349 1869 5397 ὲστ

2002 5343 2256 5414 juvenis,
2307 5342 2471 5397 obses
2529 5341 2587 5396 in
2637 5342 3011 5399 Romanorum
3095 5344 3364 5400 ditionem
3414 5346 3594 5400 fuerat

327 5442 539 5510 μεγάλη
564 5481 580 5506 ,
617 5439 772 5510 χώρα
802 5439 857 5493 δὲ
899 5438 1093 5507 Ἰνδικὴ
1129 5436 1435 5509 διαϐόητος.
1466 5436 1724 5506 Θεόφιλος
1752 5437 1809 5490 δὲ
1835 5455 1869 5488 τι

2011 5436 2231 5488 missus.
2292 5433 2575 5488 Adiabeno
2624 5433 2705 5503 (l)
2744 5449 2875 5489 vero
2919 5449 3115 5505 magna
3156 5445 3242 5490 est
3290 5435 3490 5498 insula,
3536 5447 3595 5490 et

325 5537 513 5607 μακρᾷ
543 5533 797 5605 διατριϐῇ
832 5537 903 5588 τά
929 5550 985 5586 τε
1014 5532 1123 5603 ἢθη
1156 5532 1293 5603 πρὸς
1330 5531 1391 5584 τὺ
1424 5529 1739 5600 Ῥωμαϊκὸν
1772 5546 1902 5600 μετ-

1989 5527 2162 5596 .regio
2195 5525 2419 5589 Indica,
2475 5525 2735 5582 celebris.
2786 5527 2867 5582 Ac
2903 5527 3247 5597 Tthphilus
3293 5538 3593 5583 consuetu-

321 5626 627 5698 ερρύθμισε
684 5626 893 5695 σχῆμα,
948 5626 1022 5688 ὡς
1072 5625 1168 5677 καὶ
1199 5624 1291 5677 τὸν
1351 5622 1641 5694 μοναύλιον
1680 5622 1869 5674 ἑλέσθο

1976 5621 2139 5674 diue
2184 5618 2450 5672 diuturna
2496 5618 2637 5672 adeo
2690 5632 2875 5683 mores
2913 5616 2979 5672 ad
3030 5619 3407 5673 Romanorum
3441 5621 3598 5674 insti-

326 5719 462 5788 βίον,
490 5718 586 5772 καὶ
611 5719 691 5782 είς
719 5719 969 5773 διακόνου
1003 5716 1370 5788 παραγγεῖλαι
1405 5713 1636 5785 βαθμὸν,
1674 5710 1771 5766 τοῦ
1805 5712 1905 5765 Νι-

2013 5721 2130 5765 tuta
2164 5708 2550 5775 conformavit,
2587 5709 2753 5780 720
2777 5717 2915 5765 utet
2946 5710 3307 5764 monasticam
3332 5711 3501 5782 tit‘It‘gt
3526 5714 3598 5767 rit

403 5833 478 5906 (ι)
510 5834 668 5904 Apud
696 5833 835 5888 Plin.
862 5833 1143 5889 Adiabene
1164 5830 1514 5904 Assyriorum
1540 5837 1624 5885 cst
1658 5828 1896 5898 initium,
1936 5829 2033 5884 lib.
2067 5845 2144 5896 vr,
2175 5842 2296 5897 cap.
2336 5826 2417 5882 l5.
