3990 6442
497 354 605 416 295

1712 316 2138 412 NtCEPHont
2181 351 2529 412 CALLlS’l‘I

3640 363 3726 425 9.36

498 471 692 533 vitam,
737 479 793 524 et
843 468 1062 524 diaconi
1107 466 1416 537 susceperit
1464 465 1814 538 dignitatem,
1849 466 2090 521 Eusebio

2200 468 2498 537 κομηδείας
2530 468 2708 540 τούτῳ
2739 468 2835 532 τὰς
2868 470 3056 540 χεῖρας
3089 470 3347 525 Εὖσεὸίου
3398 471 3728 540 ἐπιϐαλόντος.

499 561 908 616 Nicomediensi
967 575 1164 614 manus
1202 559 1252 612 ei
1315 559 1655 627 imponente.
1710 557 1848 612 Cum
1897 567 2083 612 autem

499 650 704 720 legatio
753 667 782 702 a
833 650 1159 708 Constantio
1193 647 1558 717 propagandae
1605 661 1750 699 verm
1793 646 2014 714 pietatis
2036 656 2092 699 et

501 740 888 794 conﬁrmandae
954 739 1080 793 ﬁdei
1127 738 1302 808 gratia
1364 739 1432 792 ad
1485 737 1798 792 Orientales
1839 737 2093 791 nationes

502 831 769 885 mittenda
814 841 980 892 esset.
1027 830 1320 885 ambitiosa
1354 829 1728 884 muniﬁcentia
1766 844 1887 882 eam
1931 829 2091 882 insti-

503 923 609 975 tuit
642 939 655 974 :
695 931 749 975 et
779 922 1036 991 piinceps
1071 921 1215 991 ejus,
1248 936 1410 989 quem
1441 920 1608 974 modo
1646 919 1784 982 dixi,
1815 919 2093 988 Theophi-

501 1014 590 1066 lus
657 1013 978 1084 designatus
1036 1022 1142 1068 est.
1205 1012 1572 1067 Constantius
1635 1027 1768 1065 sane
1827 1025 2088 1080 perquam

499 1107 812 1176 magniﬁce,
846 1117 904 1161 ttt
940 1122 1107 1175 quam
1146 1107 1386 1160 maxime
1420 1115 1608 1182 posset
1629 1110 1934 1173 gratiosum
1964 1118 2090 1156 cum

500 1201 780 1262 redderet,
838 1200 904 1252 ad
964 1199 1234 1252 ducentos
1297 1212 1598 1267 generosos
1655 1211 1686 1250 e
1743 1194 2087 1265 Cappadocia

499 1305 674 1357 equos
713 1289 944 1342 navibus
975 1287 1288 1356 impositos,
1319 1287 1540 1356 aliaque
1580 1288 1806 1355 insuper
1849 1287 1990 1338 dona
2021 1285 2087 1338 ad

500 1381 624 1434 illos
672 1380 1002 1449 perferenda
1056 1379 1367 1447 Theophilo
1416 1378 1594 1444 dedit,
1641 1389 1701 1431 ut
1750 1378 1965 1432 scilicet
2013 1377 2089 1432 illi

500 1474 665 1526 simul
716 1480 772 1525 et
815 1472 1172 1525 liberalitatis
1211 1472 1334 1539 ejus
1373 1469 1794 1538 amplitudinem
1829 1477 1882 1523 et
1921 1470 2088 1524 animi

500 1546 937 1633 magnitudinem
980 1563 1416 1617 admirarentur.
1452 1563 1517 1618 Et
1560 1563 1904 1633 Theophilus
1937 1565 2087 1634 lega-

503 1656 704 1707 tionem
739 1655 897 1715 obiit,
937 1670 1171 1724 eamque
1203 1653 1269 1706 ad
1306 1657 1468 1708 linem
1517 1654 1767 1708 debitum
1804 1655 2086 1726 perduxit.

500 1745 634 1799 Nam
674 1745 767 1814 qui
817 1747 870 1800 in
920 1746 1242 1814 regionibus
1285 1745 1367 1800 eis
1416 1763 1645 1816 regnum
1699 1747 2006 1809 ol-tineb‘at,
2058 1763 2087 1801 a

499 1837 688 1890 Cra-ca
720 1838 1111 1904 superstitione
1140 1837 1205 1890 ad
1231 1852 1372 1891 vera:
1395 1838 1618 1906 pietatis
1647 1839 1966 1908 religionem
1995 1841 2090 1893 de-

501 1929 673 1991 ﬂexit,
703 1937 759 1982 et
793 1929 1057 1983 ecclesias
1085 1939 1194 1983 tres
1227 1929 1282 1982 in
1317 1929 1554 1984 diversis
1577 1930 1713 1984 locis
1735 1931 1942 1990 erexit.
1976 1945 2086 1984 non

503 2029 714 2073 tantum
754 2036 875 2088 quae
907 2021 975 2073 ab
1015 2020 1346 2089 imperatore
1381 2021 1546 2075 missa
1588 2029 1880 2090 acceperat
1905 2020 2088 2083 donis.

501 2113 597 2165 sed
633 2114 868 2166 maxime
910 2114 1074 2167 etiatn
1111 2129 1250 2180 quos
1286 2113 1406 2181 ipse
1451 2112 1744 2166 addiderat
1775 2113 2091 2182 sumptibus

501 2219 600 2272 per
634 2205 800 2257 animi
837 2204 1182 2258 alacritatem
1213 2219 1338 2258 cum
1379 2203 1472 2257 illo
1502 2213 1857 2258 concertans.
1900 2203 2090 2257 Eccle-

500 2296 706 2348 siarum
749 2296 977 2348 istarum
1017 2311 1124 2348 una
1158 2295 1215 2348 in
1254 2295 1546 2365 metropoli
1575 2305 1630 2348 et
1672 2296 1920 2364 principe
1951 2294 2091 2349 urbe

505 2391 673 2438 totius
707 2387 908 2456 gentis.
943 2387 1262 2456 Tapharum
1306 2402 1426 2441 eam
1476 2388 1765 2441 nominant
1801 2404 1814 2440 :
1847 2389 2091 2443 secunda

503 2479 557 2531 in
589 2480 707 2531 loco
759 2479 851 2532 ubi
890 2479 1194 2531 Romanum
1222 2479 1531 2547 emporium
1580 2488 1699 2531 erat
1725 2517 1738 2540 ,
1777 2489 2090 2533 extrorsum

503 2571 570 2624 ad
622 2571 899 2624 Oceanum
953 2585 1202 2633 versum,
1262 2572 1413 2640 regio
1462 2571 1652 2624 Adane
1691 2571 1766 2640 (ι)
1817 2580 2090 2626 vocatur:

506 2663 666 2714 tertia
699 2661 751 2714 in
784 2661 889 2714 alia
926 2670 1084 2714 terra:
1120 2662 1242 2729 ejus
1274 2670 1452 2729 parte,
1488 2661 1578 2715 ubi
1622 2673 1704 2715 est
1733 2663 1884 2731 quod
1916 2662 2096 2718 Persi—

505 2768 632 2805 cum
661 2754 974 2821 emporium
1009 2752 1236 2816 dicitur,
1269 2752 1325 2806 in
1367 2752 1573 2806 Persici
1617 2754 1787 2807 maris
1827 2769 1926 2808 ore
1964 2769 2096 2808 con-

505 2856 737 2901 structa.
777 2847 1121 2916 Tthphilns
1158 2847 1234 2915 ('2)
1268 2862 1433 2916 porro
1473 2850 1636 2898 rebus
1666 2847 1808 2913 apud
1841 2846 2096 2900 Homeri-

507 2951 591 2994 tas
621 2941 880 3008 ampliter
912 2941 1217 3008 dispositis,
1255 2939 1587 3006 templisque
1617 2939 1698 2992 ris
1735 2939 2095 3001 consecratis,

507 3045 672 3101 atque
703 3033 870 3086 etiam
904 3050 1004 3102 pro
1039 3049 1221 3086 rerum
1257 3031 1415 3098 t‘Opia
1442 3031 1747 3092 exornatis,
1777 3031 1830 3084 in
1859 3031 2093 3085 insulam

2194 559 2409 626 Δεῆσαν
2431 559 2490 612 δὲ
2529 561 2894 632 Κωνσταντίῳ
2921 564 3220 633 πρεσϐείαν
3245 563 3377 633 πρὸς
3421 565 3734 636 Ἀδιαϐηνοὺς

2195 649 2511 702 στείλασθαι
2551 650 2642 702 ἐπὶ
2682 654 2968 721 προτροπῇ
3019 651 3302 717 εύσεὸείας
3351 655 3444 707 καὶ
3479 657 3737 726 στηριγμῷ

2195 740 2452 800 πίστεως,
2474 739 2778 806 φιλοτίμως
2811 740 2906 808 τὴν
2945 756 3047 806 πρε
3062 740 3250 792 σεείαν
3286 743 3514 794 ἐποιεῖτο
3539 757 3552 772 ⁶
3581 736 3646 796 ὦ)
3674 743 3734 796 τὰ

2193 832 2463 901 κράτιστα
2493 827 2560 902 ἦν
2589 833 2616 884 ὁ
2643 832 2832 901 ῥηθεὶς
2871 832 3155 902 Θεόφιλος.
3200 835 3568 898 Κωνστὰντιος
3589 835 3640 888 δὲ
3663 849 3742 904 με·

2192 923 2558 995 γαλοπρεπῶς
2583 926 2676 977 καὶ
2711 926 2764 987 ἐς
2794 925 2862 977 τὰ
2902 927 3138 995 μάλιστα
3163 928 3552 997 κεχαρισμένον
3582 929 3743 979 ποιού-

2197 1036 2378 1088 μενος,
2413 1020 2505 1072 καὶ
2533 1021 2590 1081 ἐς
2621 1019 2932 1080 διακοσίους
2957 1019 3065 1073 τῶν
3093 1019 3158 1072 ἐκ
3190 1019 3580 1082 Καππαδοκίας
3609 1022 3745 1088 εὐγε-

2193 1113 2300 1164 νῶν
2349 1113 2533 1164 ἵππων
2579 1113 2786 1173 πλοίοις
2825 1111 3066 1176 ἔστελλε,
3099 1115 3194 1164 καὶ
3242 1111 3407 1174 ἄλλας
3436 1111 3651 1180 δωρεὰς,
3682 1111 3744 1172 ὡς

2195 1203 2380 1271 θαῦμα
2412 1208 2720 1274 παρασχεῖν
2747 1205 2806 1256 τὸ
2842 1205 3138 1268 πολυτελές
3160 1221 3218 1256 τε
3250 1205 3343 1257 καὶ
3375 1204 3742 1272 μεγαλόψυχον.

2197 1299 2306 1350 Καὶ
2340 1297 2647 1363 ἐπρέσϐευε
2689 1297 2786 1364 μὲν
2817 1297 2845 1348 ό
2870 1296 3156 1363 Θεόφιλος,
3197 1294 3292 1348 καὶ
3319 1295 3492 1363 πέρας
3527 1295 3687 1347 αἴσιον
3717 1296 3744 1362 ὴ

2194 1388 2462 1457 πρεσϐεία
2501 1387 2802 1454 ἐλάμϐανε.
2833 1387 2929 1438 τοῦ
2959 1387 3056 1454 τὴν
3097 1385 3272 1458 ἀρχὴν
3301 1386 3514 1456 ἔχοντος
3552 1384 3674 1453 πρὸς
3695 1385 3746 1436 τὸ

2191 1483 2259 1549 τῇ
2312 1480 2565 1550 εὐσεϐείᾳ
2599 1479 2796 1532 δοκοῦν
2830 1481 2892 1531 ἐκ
2940 1482 3040 1548 τῆς
3107 1479 3430 1550 Ἑλληνικῆς
3481 1477 3747 1548 θρησκείας

2193 1573 2609 1634 ἀποκλίναντας,
2648 1573 2740 1624 καὶ
2769 1574 2921 1638 τρεῖς
2951 1571 3251 1642 ἐκκλησίας
3284 1573 3342 1623 ἐν
3372 1569 3640 1637 διαφόροις
3670 1567 3747 1620 τό·
3807 1557 3826 1578 κ

2194 1683 2321 1726 ποις
2376 1664 2712 1732 ἐγείραντος,
2751 1663 2848 1717 καὶ
2905 1663 3210 1734 βασιλικοῖς
3275 1663 3376 1732 μὲν
3432 1661 3747 1728 ἀναλώμασι,

2183 1756 2434 1824 ’μάλιστα
2491 1753 2548 1807 δὲ
2605 1755 2698 1805 καί
2737 1747 2816 1816 οἷς
2871 1753 3078 1814 ἐκεῖνος
3127 1754 3410 1821 παρεῖχεν,
3447 1749 3749 1819 ἁνθὲμιλλον

2196 1846 2456 1918 παρέχων
2482 1845 2544 1897 τὸ
2575 1844 3010 1915 πρόθυμον.Τῶν
3033 1843 3077 1896 δ’
3107 1842 3415 1912 ἐκκλησιῶν
3442 1843 3473 1911 ἡ
3505 1843 3599 1908 μὲν
3627 1843 3678 1892 ἐν
3693 1843 3748 1910 τῇ

2199 1937 2538 2008 μητροπόλει
2565 1936 2659 1990 τοῦ
2689 1937 2893 1998 παντὸς
2932 1936 3118 2000 ἔθνους
3153 1936 3361 2006 ἵδρυτο,
3396 1936 3644 2003 Τάφαρον
3672 1933 3754 1984 αὑ-

2190 2030 2292 2098 τὴν
2317 2029 2676 2096 ὀνομάζουσιν
2702 2045 2717 2061 ο
2758 2030 2789 2098 ἡ
2825 2029 2882 2081 δὲ
2915 2031 2975 2082 ἐν
3000 2024 3044 2097 ᾧ
3068 2030 3130 2082 τὸ
3172 2029 3482 2098 Ῥωμαϊκόν
3512 2026 3752 2094 ἐμπόριον

2191 2116 2259 2192 ἦν
2309 2120 2414 2185 ἔξω
2447 2122 2580 2191 πρὸς
2624 2122 2884 2175 Ὠκεανὸν
2917 2121 3308 2192 τετραμμένον
3335 2137 3351 2152 ο
3389 2119 3448 2173 τὺ
3495 2118 3549 2170 δὲ
3578 2117 3754 2187 χωρίον

2192 2213 2454 2266 καλοῦσιν
2493 2212 2719 2282 Ἀδάνην
2745 2231 2759 2246 ο
2795 2213 2894 2283 τὴν
2925 2213 2983 2265 δὲ
3033 2212 3227 2283 τρίτην
3287 2212 3382 2264 ἐπὶ
3425 2211 3644 2278 θάτερον
3668 2206 3753 2274 τῆς

2193 2302 2377 2371 χώρας
2411 2304 2474 2372 μέ
2482 2320 2596 2373 ρος.
2626 2305 2682 2355 ἐν
2707 2296 2752 2370 ᾦ
2770 2303 2830 2355 τὸ
2855 2305 3124 2374 Περσικὸν
3147 2303 3417 2371 ἐμπόριον
3447 2299 3754 2378 ὠνομάζετο,

2192 2397 2286 2449 ἐπὶ
2318 2397 2395 2466 τῷ
2425 2397 2524 2466 τῆς
2557 2397 2833 2465 Περσικῆς
2873 2396 3153 2466 θαλάσσης
3207 2395 3466 2464 στόματι.
3498 2392 3753 2462 Λαμπρῶς

2195 2487 2251 2540 δὲ
2283 2491 2311 2541 ὁ
2335 2487 2599 2554 Θεόφιλος
2631 2488 2698 2540 τὰ
2735 2489 2792 2540 ἐν
2821 2490 2932 2550 τοῖς
2969 2487 3294 2557 Ὅμηρίταις
3335 2488 3425 2540 καὶ
3457 2486 3628 2548 καλῶς
3661 2486 3755 2537 δια-

2197 2579 2444 2648 θέμενος,
2481 2579 2843 2649 ίερασάμενός
2875 2595 2930 2630 τε
2963 2581 3090 2641 τοὺς
3122 2579 3456 2649 είρημένους
3496 2579 3642 2641 νεὼς,
3673 2577 3753 2630 καὶ

2196 2673 2270 2735 ti);
2299 2673 2532 2739 δύναμις
2550 2667 2620 2740 ἧν
2651 2673 3054 2742 ἐπικοσμήσας,
3087 2660 3178 2725 ἐπὶ
3206 2673 3306 2739 τὴν
3337 2673 3565 2735 Διαὸούς
3591 2674 3754 2740 νῆσον,

2196 2764 2265 2832 ἢν
2311 2762 2462 2832 αὐτῷ
2490 2762 2726 2832 πατρίδα
2757 2757 2924 2814 οὖσαν
2949 2762 2977 2813 ὁ
3007 2761 3166 2827 λόγος
3199 2763 3462 2827 ἐδίδαξεν,
3489 2761 3749 2814 ἀποπλέει.

2201 2855 2435 2906 Ἔπειτα
2473 2855 2567 2906 καὶ
2611 2856 2690 2916 εἰς
2722 2853 2822 2923 τὴν
2881 2853 3076 2921 ἑτέραν
3129 2855 3468 2922 παρεγένετο
3509 2852 3754 2921 Ἰνδικήν·

2200 2946 2375 2999 πολλὰ
2402 2962 2460 2996 τε
2501 2944 2609 2995 τῶν
2651 2942 2783 3012 παρ’
2833 2943 3020 3003 αὐτοῖς
3065 2942 3168 2996 οὐκ
3221 2944 3443 3012 εύαγῶς
3489 2942 3756 3014 δρωμένων

2197 3038 2574 3107 διωρθώσατο.
2627 3035 2736 3088 Καὶ
2770 3034 2878 3103 γὰρ
2915 3035 3216 3103 καθήμενοι
3266 3036 3379 3087 τῶν
3410 3032 3756 3102 εύαγγελικών

507 3127 850 3190 Adiabcnen,
875 3141 1045 3193 ‘quam
1080 3125 1310 3193 patriam
1345 3125 1465 3190 ejus
1509 3137 1630 3176 esse
1681 3123 1944 3187 diximus,
1979 3135 2091 3178 tra—

2201 3127 2487 3197 ἡκροῶντο
2513 3126 2711 3191 λογίων
2727 3138 2741 3152 ’
2768 3127 2859 3176 καὶ
2887 3123 3002 3178 ἄλλ’
3026 3124 3160 3176 ἅττα
3184 3126 3404 3178 ἐποίουν
3425 3125 3461 3179 ἃ
3490 3125 3562 3196 μὴ
3583 3123 3758 3192 θεσμὸς

505 3219 644 3289 jecit
693 3233 706 3269 :
757 3233 819 3270 ac
859 3217 1121 3284 deinceps
1171 3217 1222 3268 in
1279 3214 1545 3282 l‘t‘iltlllalll
1603 3229 1826 3282 quoque
1882 3213 2093 3268 Indiam

511 3308 752 3370 transiit,
797 3307 1075 3374 multaque
1109 3321 1228 3374 anc
1255 3304 1400 3374 apud
1430 3320 1527 3358 cos
1559 3320 1664 3358 non
1713 3307 1817 3358 rite
1861 3306 2098 3374 ageban-

509 3403 736 3460 ‘bautur,
773 3398 1041 3451 correxit.
1085 3395 1305 3450 Etenim
1339 3395 1693 3450 cousitleutes
1720 3397 2095 3464 evangelicum

512 3491 811 3544 audiebant
837 3489 1150 3552 oraculum,
1195 3489 1414 3557 aliaque
1445 3488 1615 3541 multa
1653 3489 1951 3550 iaciebant,
1977 3503 2101 3557 quae

512 3582 827 3636 sanctiones
875 3579 1267 3635 ecclesiasticae
1313 3593 1419 3631 non
1473 3576 1759 3645 iubebant.
1794 3575 1869 3628 Ea
1913 3576 2099 3630 omnia

513 3674 744 3741 pulchre
777 3675 1096 3733 immutans,
1144 3671 1211 3724 ad
1267 3668 1525 3723 Ecclesiae
1578 3667 1843 3735 placitum
1889 3683 2098 3723 morem

512 3769 849 3838 composuit.
886 3767 1004 3821 Una
1051 3767 1269 3828 saltem,
1300 3775 1355 3819 et
1394 3765 1618 3834 quidem
1657 3763 1888 3816 maxima
1930 3777 1988 3816 re
2017 3762 2102 3816 in-

512 3861 898 3922 continodans,
936 3860 1082 3928 quod
1106 3859 1165 3910 τὸ
1191 3858 1545 3925 ἐτεροούσιον
1568 3857 1738 3909 altera
1764 3887 1832 3896 —
1851 3857 2102 3910 substan-

517 3955 643 4006 tiule
700 3955 883 4007 t-olcre
928 3953 1141 4008 docuit.
1210 3951 1386 4004 Porro
1432 3965 1496 4004 ex
1550 3949 1749 4002 Arabia
1802 3964 1994 4017 magna
2034 3949 2102 4003 ad

514 4049 841 4100 Auxumitas
869 4046 1166 4113 Althiopes
1194 4052 1282 4098 est
1310 4057 1660 4112 progressus,
1694 4042 1790 4110 qui
1821 4043 1876 4095 in
1911 4041 2104 4108 primis

516 4139 694 4195 Rubri
752 4140 919 4193 maris
974 4136 1252 4189 littoribus
1282 4134 1626 4196 habitabant,
1657 4133 1806 4203 quod
1850 4133 2104 4190 Oceanus

515 4249 636 4288 sese
665 4234 741 4286 illi
770 4233 1057 4287 insinuans
1087 4229 1255 4284 efﬁcit
1283 4246 1298 4283 :
1324 4230 1471 4297 quod
1501 4244 1631 4283 sane
1649 4228 1900 4282 Rubrum
1929 4241 2102 4290 mare,

516 4328 571 4380 in
603 4327 897 4380 maximam
931 4323 1334 4393 longitudinem
1370 4331 1690 4388 protensum
1714 4361 1730 4388 ,
1764 4321 1816 4373 in
1853 4319 1994 4374 duos
2023 4319 2105 4373 di-

515 4420 729 4474 viditur
779 4421 952 4472 sinus.
990 4417 1197 4471 Horum
1245 4414 1386 4468 alter
1437 4412 1658 4481 quidem
1714 4413 1781 4467 ad
1806 4411 2100 4482 .‘Egyptum

2205 3215 2671 3284 ἐκκλησιαστικδς
2706 3214 3023 3268 ἐπεστάτει.
3059 3215 3241 3267 Πάντα
3277 3215 3332 3268 δὲ
3372 3218 3546 3278 καλῶς
3577 3214 3760 3284 μεταρ-

2202 3308 2502 3380 ῥυθμίσας,
2538 3306 2676 3377 πρὸς
2725 3307 2787 3359 τὸ
2813 3309 2879 3376 τῇ
2921 3307 3220 3378 Ἐκκλησία
3244 3308 3440 3362 δοκοῦν
3486 3307 3755 3376 διηυοέτει,

2201 3402 2281 3453 ἐνὶ
2320 3401 2467 3470 μόνῳ
2501 3401 2579 3465 τῷ
2623 3401 2871 3470 μεγίστῳ
2916 3399 3224 3470 ζημιώσας,
3255 3401 3332 3472 τῷ
3358 3403 3418 3454 τὸ
3447 3399 3758 3471 ἐτεροούσιον

2204 3492 2385 3544 σέϐειν
2433 3491 2666 3556 διδάξαι.
2715 3489 2814 3543 Ἐκ
2851 3490 2910 3542 δὲ
2960 3492 3060 3558 τῆς
3105 3491 3353 3560 μεγάλης
3397 3492 3651 3561 Ἀραϐίας
3695 3489 3762 3548 si;

2201 3585 2328 3647 τοὺς
2351 3584 2693 3653 Αύξουμίτας
2718 3582 2945 3649 ἀπαίρει
2969 3582 3256 3646 Αἰθίοπας,
3289 3579 3368 3647 οἷς
3387 3585 3763 3654 δὴὶκατοίκησις

2204 3679 2260 3729 ai
2300 3677 2516 3746 πρῶται
2565 3676 2726 3745 δχοαι
2769 3675 3053 3744 θαλάσσης
3112 3676 3212 3744 τῆς
3268 3677 3557 3747 Ἐρυθρᾶς.
3591 3673 3680 3728 Ἢν
3710 3675 3763 3740 δὴ

2204 3773 2387 3822 πᾶσαν
2433 3771 2460 3821 ὁ
2495 3768 2668 3840 ταύτῃ
2697 3767 3234 3836 διεισκολπιζόμενος
3271 3769 3520 3831 Ὠκεανὸς
3541 3766 3767 3836 ἀπεργά-

2203 3858 2356 3926 ζεται
2378 3877 2392 3891 ·
2430 3860 2464 3928 ἢ
2491 3860 2556 3930 δὴ
2584 3860 2680 3912 καὶ
2711 3859 2849 3928 αὑτὴ
2883 3859 3126 3928 Ἐρυθρὰ
3153 3861 3245 3912 ἐπὶ
3282 3861 3536 3913 πλεῖστον
3565 3862 3765 3930 ’μήκους

2203 3954 2578 4022 ἐκτεινομένη,
2611 3955 2693 4015 είς
2723 3952 2817 4006 δύο
2866 3953 3021 4014 τινας
3064 3953 3468 4024 ὰπομερίζεται
3509 3954 3763 4011 κόλπους,

2205 4039 2281 4098 ὧν
2312 4045 2374 4096 το
2411 4045 2509 4112 μὲν
2537 4043 2596 4096 ἒν
2637 4043 2852 4112 κλύσμα
2885 4043 3092 4112 ταύτης
3143 4041 3229 4094 ἐπ’
3263 4043 3543 4108 Αἰγύπτου
3594 4039 3764 4110 χωρεῖ,

2205 4137 2334 4190 ἔνθα
2355 4137 2419 4208 δὴ
2447 4137 2674 4206 τελευτᾷ
2696 4138 2756 4188 τὸ
2777 4135 2875 4206 τὴν
2903 4136 3222 4204 ἐπωνυμίαν
3245 4136 3413 4206 φέρον
3441 4136 3625 4203 αὐτῆς,
3658 4129 3765 4184 καθ’

2205 4230 2232 4281 ὃ
2259 4229 2429 4282 πάλαι
2455 4229 2582 4281 ποτὲ
2616 4231 2710 4280 καὶ
2740 4228 2801 4280 τὸ
2830 4225 2891 4290 ἐξ
2930 4226 3147 4296 Ἰσραὴλ
3169 4226 3340 4294 φῦλον
3377 4228 3665 4296 φεύγοντες
3687 4223 3766 4273 Αί-

2207 4320 2492 4388 γυπτίους,
2523 4320 2740 4389 ἀϐρόχῳ
2783 4318 3155 4388 διεπεραιώθη
3187 4319 3310 4371 ποδὶ
3341 4320 3403 4371 τὸ
3440 4318 3648 4390 ῥόθιονο
3680 4314 3767 4364 θα·

2207 4430 2366 4481 τερον
2412 4411 2458 4464 δ’
2501 4413 2594 4464 ἐπὶ
2640 4411 3006 4480 Παλαιστίνην
3057 4410 3276 4481 ἔρχεται
3319 4412 3464 4466 κατὰ
3525 4396 3690 4466 πόλιν,

515 4514 801 4568 exundans
847 4510 1122 4580 procedit,
1168 4509 1261 4562 ubi
1311 4507 1477 4562 etiam
1527 4521 1730 4561 nomen
1775 4506 1881 4560 sibi
1934 4521 2095 4560 suum

2217 4506 2396 4560 Ἀειλὰ
2430 4507 2494 4558 ἐκ
2527 4504 2759 4557 παλαιοῦ
2790 4503 2986 4571 ὄνομα.
3021 4503 3239 4571 Ταύτης
3282 4505 3468 4556 τοίνυν
3507 4503 3599 4570 τῆς
3628 4501 3769 4567 Ἐρυο

518 4608 661 4660 ferre
698 4605 903 4658 desinit
945 4619 958 4655 :
1003 4616 1163 4671 quem
1217 4600 1528 4668 antiquitus
1579 4600 1675 4653 ﬁlii
1728 4598 1890 4653 Israel
1934 4597 2095 4669 Egy-

516 4700 661 4767 ptios
686 4695 979 4766 lugienles,
1004 4691 1167 4746 siccis
1190 4690 1425 4759 pedibus
1445 4690 1712 4744 transiere
1740 4706 1753 4740 :
1781 4688 1939 4758 721
1959 4688 2097 4742 alter

516 4791 582 4844 ad
635 4788 975 4842 Palaestinam
1027 4785 1296 4845 excurrit,
1344 4798 1514 4872 prope
1561 4783 1754 4836 urbem
1801 4781 1888 4833 cui
1940 4789 2098 4833 vetus

519 4897 719 4935 nomen
752 4889 835 4932 est
882 4877 1055 4931 Aeila.
1105 4876 1164 4928 lu
1201 4874 1373 4928 Rubri
1426 4870 1584 4939 istius
1637 4873 1805 4925 maris
1847 4870 2101 4939 partibus

517 4975 905 5036 exterioribus,
946 4973 1012 5026 ad
1056 4973 1341 5026 sinistram
1399 4969 1710 5022 Auxumitze
1759 4977 1908 5033 sunt,
1966 4979 2103 5035 quo-

523 5083 648 5119 rttm
704 5065 1023 5134 metropolis
1070 5075 1155 5118 est
1198 5062 1489 5116 Auxumis.
1538 5065 1680 5114 Ante
1725 5060 1825 5113 hos
1865 5074 1996 5112 vero
2033 5057 2100 5111 ad

518 5158 786 5210 cttituum
821 5157 1202 5226 pertingentes
1243 5156 1546 5218 Oceanum,
1579 5151 1866 5206 Orientem
1908 5163 2104 5201 versus

519 5249 731 5319 Assyrii
777 5265 791 5301 :
825 5245 966 5314 apud
995 5261 1136 5314 quos
1163 5244 1330 5298 etiam
1361 5243 1504 5296 hanc
1537 5239 1970 5310 appellationem
2015 5240 2110 5291 ha.

522 5339 678 5405 bent,
711 5353 853 5409 quos
883 5335 1195 5390 Alexander
1225 5335 1450 5390 Macedo
1475 5348 1542 5387 ex
1575 5333 1733 5402 Syria
1769 5331 1979 5400 pulsus,
2011 5344 2107 5382 co-

597 5497 673 5568 (l)
706 5496 896 5552 Adane
943 5492 1441 5568 regio.l_lomeritze
1474 5488 1695 5545 Arabici
1730 5486 1919 5559 populi
1956 5496 2105 5540 sunt.

527 5566 694 5637 (Plin.
731 5569 830 5621 lib.
859 5583 935 5627 γι,
969 5583 1090 5633 cap.
1117 5566 1234 5631 98.)

603 5640 681 5708 (2)
733 5637 884 5706 Apud
925 5626 1101 5708 ’Sut'df.
1146 5626 1280 5708 cst,_
1309 5629 1678 5708 Theophilum
1741 5626 1910 5708 hunc.
1938 5627 2112 5708 veluti

531 5697 820 5775 quamdam
871 5707 1226 5774 apostolicam
1271 5697 1562 5771 imaginem
1589 5699 1786 5775 fuisse,
1814 5697 2111 5775 quietiam

534 5767 732 5833 .l'udaac
763 5767 1044 5850 cujusdam
1085 5786 1360 5830 mortuum
1387 5767 1755 5826 resuscitasse
1795 5767 1977 5824 dictus
2004 5769 2112 5830 sit,

2203 4595 2338 4665 θρᾶς
2371 4597 2486 4656 τοῖς
2533 4594 2736 4658 ἔξωθεν
2790 4593 3017 4664 μέρεσιν
3047 4595 3104 4645 ἐν
3151 4593 3422 4664 ἀριστερᾷ
3454 4585 3770 4659 Αύξουμῖεαί

2203 4692 2364 4754 είσιν,
2392 4682 2467 4743 ὧν
2491 4691 2524 4757 ἠ
2564 4687 2899 4758 μητρόπολις
2933 4686 3228 4756 Δύξουμις.
3263 4686 3379 4756 Πρὸ
3422 4687 3467 4740 δ’
3496 4685 3667 4739 αὐτῶν
3699 4683 3770 4732 εί-

2206 4799 2291 4834 σιν
2357 4783 2450 4833 ἐπὶ
2497 4782 2590 4832 τὸν
2645 4780 2900 4844 ἐξωτάτω
2954 4780 3298 4850 καθήκοντες
3344 4779 3598 4831 Ὠκεανὸν
3650 4775 3771 4844 πρὶς

2205 4873 2471 4935 ἀνατολὰς
2537 4871 2817 4940 ’Δσσύριοι
2838 4885 2852 4901 ⁸
2912 4871 3089 4942 ταύτῃ
3111 4871 3169 4922 δὲ
3201 4871 3266 4940 τῇ
3317 4871 3513 4941 κλήσει
3547 4869 3634 4921 καὶ
3657 4860 3773 4934 παρ’

2206 4967 2387 5026 αὐτοῖς
2422 4965 2595 5033 ὄνομα
2648 4964 2908 5034 φέρουσιν
2936 4981 2948 4993 ·
2995 4963 3091 5026 οὓς
3142 4964 3495 5033 Ἀλέξανδρος
3539 4966 3566 5015 ό
3599 4963 3773 5015 Μακε-

2207 5059 2334 5120 δὼν,
2373 5060 2435 5110 ἐκ
2476 5057 2680 5126 Συρίας
2713 5058 3051 5127 ἀναστήσας,
3100 5057 3217 5108 ἐκεῖ
3239 5055 3547 5127 κατῴκισεν
3570 5071 3582 5084 ο
3611 5053 3656 5106 οἳ
3689 5050 3772 5102 καὶ

2209 5153 2267 5213 ἐς
2313 5149 2470 5218 δεύρο
2519 5150 2585 5219 τῇ
2625 5146 2832 5218 πατρίᾳ
2862 5147 3086 5220 γλώσσῃ
3133 5147 3400 5217 χρῶνται.
3427 5148 3622 5203 Δεινῶς
3656 5141 3774 5211 γοῦν

2211 5241 2349 5292 εἰσιν
2402 5239 2640 5299 ἅπαντες
2695 5238 2948 5307 μέλανες,
2991 5239 3171 5304 ὀξείας
3214 5241 3400 5302 αὐτοῖς
3431 5239 3532 5308 τῆς
3575 5237 3775 5292 ἀκτῖνος

2212 5327 2303 5381 τοῦ
2346 5327 2496 5396 ἡλίου
2530 5327 2982 5398 καθαπτομένης.
3016 5326 3156 5400 Παρ’
3185 5324 3322 5398 οἷςῆ
3363 5345 3422 5382 τε
3457 5323 3774 5392 ξυλοκασσία

2217 5496 2586 5566 testatumque
2617 5487 2670 5566 id
2721 5486 2790 5540 dc
2816 5501 2884 5539 eo
2914 5502 3036 5541 esse
3063 5487 3416 5566 Thalassium
3466 5485 3774 5541 familiarem

2213 5565 2354 5626 eius,
2388 5561 2564 5610 virum
2621 5560 2674 5612 in
2725 5573 2890 5625 quem
2943 5558 3212 5612 mendacii
3264 5560 3510 5626 suspicio
3559 5571 3663 5608 non
3700 5566 3780 5605 ca-

2216 5634 2370 5707 deret
2409 5628 2767 5698 :multosquc
2827 5636 3092 5696 praeterea
3156 5628 3314 5694 alios,
3371 5633 3464 5697 qui
3517 5635 3669 5680 actate
3718 5633 3778 5676 ea

2218 5714 2428 5752 \‘txcrc.
2901 5727 2904 5729 ν
