3990 6452
531 336 635 398 29')

1751 329 2173 403 NICEPHORI
2225 328 2577 391 CAL'LlSTi
2816 343 2823 348 ‘
3530 278 3536 284 Ι
3672 331 3755 395 3οΊ

533 446 724 518 gabili,
764 445 816 498 in
854 444 1060 515 Tigrim
1094 444 1348 499 eumdem
1392 443 1534 533 apud
1568 443 1735 497 Susas
1768 443 1948 495 omnis
1979 441 2117 494 inci-

2228 456 2316 492 του
2354 441 2517 509 μέσος
2548 440 2751 508 ἕστηκε
2777 455 2793 471 ο
2832 440 2927 490 καὶ
2973 440 3112 508 προς
3145 438 3238 491 τον
3266 438 3503 507 Τίγρητα
3548 446 3759 513 ποταμὸν

533 542 635 605 dit,
674 555 737 594 ac
781 540 1001 593 nomine
1051 553 1153 593 suo
1185 537 1410 603 amisso,
1444 552 1569 591 cum
1621 536 1718 591 illo
1748 536 1803 590 in
1836 536 2122 591 Persicum

535 631 846 687 devolvitur
872 632 1075 684 sinum.
1100 625 1152 681 ω
1191 643 1357 696 porro
1380 628 1527 698 quod
1556 626 1702 682 intra
1736 627 1848 681 duo
1879 628 1987 681 ista
2020 625 2123 680 ﬂu-

537 725 681 778 mina
708 722 1058 792 protenditur
1084 729 1267 782 terra.
1307 720 1714 788 Mesopotamiae
1747 734 1951 773 nomen
1979 719 2124 773 obtio

535 823 645 868 net.
680 813 973 867 Enimvero
1001 810 1182 882 Tigris
1213 819 1269 865 et
1302 811 1632 880 Euphrates,
1665 809 1867 880 quibus
1899 810 1953 863 in
1981 809 2121 865 locis

534 912 877 974 emergentes
931 912 1251 973 appareant,
1287 904 1496 957 dictum
1551 911 1637 958 est
1668 920 1682 955 :
1718 917 1887 957 sacrae
1937 910 2121 957 autem

538 998 754 1052 Littera-
780 1008 981 1050 nostrm
1010 1012 1041 1047 e
1076 996 1339 1050 Paradiso
1366 1011 1464 1049 eos
1496 994 1792 1065 proﬂuere,
1828 996 2121 1050 verissime

534 1094 996 1142 commemorant.
1029 1087 1105 1140 Ex
1160 1102 1226 1140 eo
1256 1102 1497 1155 namque
1526 1086 1706 1140 fontes
1735 1095 1792 1141 et
1823 1086 2121 1155 primordia

491 1247 495 1253 ν
531 1183 876 1250 lympharum
908 1195 1129 1233 suarum
1152 1179 1505 1248 recipientes,
1542 1177 1775 1233 fortasse
1806 1180 1869 1233 ad
1904 1188 2118 1233 certum

534 1274 905 1342 usquelocum
938 1288 1104 1341 super
1134 1280 1335 1327 terram
1370 1271 1665 1341 proﬂuunt.
1684 1271 1949 1340 Deinceps
1985 1285 2120 1325 vero

531 1382 560 1418 a
592 1376 740 1419 vasta
794 1372 848 1419 et
878 1379 1106 1417 arenosa
1145 1363 1445 1418 solitudine
1481 1363 1720 1431 excepti,
1755 1370 1920 1431 atque
1948 1362 2025 1416 ibi
2063 1363 2118 1417 in

530 1458 864 1529 profundum
899 1472 996 1527 per
1021 1456 1308 1510 cuniculos
1338 1455 1607 1523 absorpti,
1636 1470 1746 1508 non
1768 1456 1934 1525 prius
1957 1455 2120 1509 deor-

532 1563 655 1603 sum
717 1562 938 1601 versum
992 1560 1221 1600 currere
1269 1545 1548 1609 desinunt,
1580 1554 1745 1614 quam
1786 1544 1853 1599 ad
1889 1555 2123 1614 angusta

530 1652 589 1696 et
623 1640 868 1709 lapidosa
895 1638 1012 1708 ejus
1045 1645 1203 1692 terrm
1224 1636 1341 1691 loca
1375 1636 1721 1705 pertigerint,
1742 1651 2123 1707 progressum-

530 1752 639 1805 que
670 1750 861 1789 eorum
895 1732 961 1786 ad
1016 1730 1273 1784 inferiora
1336 1729 1671 1799 praecipitem
1719 1729 1898 1783 solum
1929 1729 2124 1784 durius

2226 530 2504 600 ὁρμήσας,
2548 529 2649 599 οὐχ
2680 524 2794 592 οἷός
2824 529 2885 583 τέ
2933 530 3086 582 ἐστιν
3134 531 3282 599 αὑτῷ
3327 532 3456 593 ὅλως
3486 534 3754 603 συμμίξαιο

2229 622 2367 679 ἀλλὰ
2396 624 2614 693 μοίραις
2664 624 2813 676 τισὶν
2843 625 2902 676 ὲν
2946 623 3026 693 τῷ
3052 623 3141 676 διὰ
3191 624 3358 694 μέσου
3392 625 3761 695 πσραναλοὺμε-

2228 731 2343 778 νος,
2377 717 2444 785 τῇ
2502 713 2916 787 ὑπολειπομένη
2952 716 3186 786 μεγίστῃ
3236 731 3294 765 τε
3326 715 3480 786 οὔσῃ.
3525 714 3611 768 καὶ
3650 714 3761 778 ναῦς

2228 807 2566 876 ἀνασχέσθαι
2621 806 3000 877 δυνατωτάτη,
3035 806 3116 876 τῷ
3149 806 3382 875 Τίγρητι
3414 808 3551 859 κατὰ
3593 808 3764 869 Σούσας

2235 899 2473 969 μάλιστα
2501 899 2828 967 συμπίπτει.
2861 899 2972 952 Καὶ
2986 897 3062 969 δὴ
3080 896 3183 966 τῆς
3209 896 3402 949 ἑαυτοῦ
3432 899 3764 967 προσηγορίας

2228 993 2724 1059 ἀποπαυσάμενος,
2756 994 2858 1045 σὺν
2888 992 3088 1061 ἐκείνῳ
3120 990 3257 1061 πρὸς
3286 991 3378 1044 τὸν
3414 991 3661 1058 Περσικὸν
3683 1009 3767 1043 κα·
3800 1006 3810 1045 i

2229 1084 2529 1157 τασύρεται
2558 1084 2784 1139 κόλπον.
2823 1086 2933 1140 Καὶ
2969 1084 3029 1137 τὺ
3058 1082 3265 1153 μεταξὺ
3293 1085 3402 1135 τῶν
3424 1082 3767 1150 δύοποταμῶν

2229 1180 2463 1243 τούτων,
2496 1176 2593 1231 τοῦ
2631 1194 2691 1229 τε
2720 1177 2996 1247 Τίγρητος
3029 1177 3124 1229 καὶ
3161 1176 3257 1228 τοῦ
3289 1176 3590 1245 Εὐφράτου.
3620 1176 3807 1250 Μεσο-

2219 1232 2482 1341 ποταμία
2523 1232 3421 1341 τυγχάνει.προσαγορευόμενον..
3454 1268 3657 1333 Τίγρης
3688 1232 3807 1334 μὲν

2227 1361 2323 1416 οῦν
2346 1362 2442 1415 καὶ
2472 1361 2773 1430 Εὐφράτης
2802 1359 2949 1412 κατά
2970 1358 3033 1411 τὸ
3057 1357 3301 1427 ἐμφανὲς
3323 1356 3445 1409 ὅθεν
3466 1354 3769 1416 ἀναδὺονται,

2230 1455 2451 1526 εἴρηται
2478 1471 2491 1485 ·
2525 1457 2557 1523 ὴ
2583 1453 2641 1505 δὲ
2672 1453 2797 1522 ίερά
2823 1451 2983 1520 ἡμῶν
3008 1451 3226 1520 Γραφὴ,
3258 1451 3323 1501 ὲκ
3348 1448 3442 1501 τοῦ
3476 1447 3770 1516 παραδείσου

2231 1546 2464 1610 τούτους
2497 1546 2736 1613 λέγουσα
2761 1544 3064 1616 ὁρμᾶσθαι,
3099 1544 3162 1596 τδ
3187 1543 3557 1611 ἀληθέστατον
3581 1542 3773 1604 ίστορεξ.

2233 1641 2348 1694 Καὶ
2387 1643 2496 1709 γὰρ
2529 1640 2591 1704 ἐξ
2637 1640 2805 1692 αὐτοῦ
2839 1638 2941 1703 τὰς
2973 1639 3200 1710 πρώτας
3230 1637 3409 1708 ἀρχὰς
3432 1636 3542 1688 τῶν
3573 1634 3774 1704 ῥείθρων

2232 1737 2516 1803 φέροντες,
2549 1735 2681 1803 ἄχρι
2725 1733 2827 1804 μέν
2865 1750 3012 1796 τινος
3042 1733 3306 1802 προΐασιν
3346 1729 3487 1799 ὑπὲρ
3518 1724 3772 1794 γῆν

530 1791 588 1881 et
626 1826 855 1880 solidius
890 1824 1264 1895 praepedierit.
1296 1823 1395 1880 Ubi
1432 1823 1594 1877 undae
1624 1837 1816 1876 eorum
1854 1822 2121 1877 continue

2231 1791 2325 1890 τις
2362 1791 2535 1891 ἴσωςνο
2572 1791 2764 1880 insui:
2795 1827 2852 1881 δὲ
2877 1791 3273 1894 τῆςῖμέγάλης
3318 1791 3538 1893 ἐρήμου
3566 1791 3657 1870 κσὶι
3687 1821 3773 1879 ἀξι-

530 1930 585 1973 et
615 1919 904 1973 confertim
938 1917 1305 1981 conﬂuentes,
1343 1917 1393 1969 vi
1425 1923 1481 1968 et
1510 1914 1887 1983 magnitudine
1922 1928 2020 1967 sua
2051 1912 2130 1966 di'

530 2024 743 2067 rectum
806 2026 901 2064 cos
957 2008 1154 2065 deinde
1211 2024 1435 2069 cursum
1496 2017 1683 2064 tenere
1744 2017 1973 2076 cogunt.
2023 2006 2128 2079 Qui

530 2103 731 2158 deinde
760 2103 1121 2157 subterraneo
1178 2111 1361 2154 meatu
1414 2099 1669 2163 ﬂuentes,
1708 2108 1917 2168 partem
1960 2111 2131 2167 aqua-

531 2213 654 2250 rum
687 2210 877 2250 eorum
931 2210 1040 2249 non
1075 2193 1359 2248 minimam
1406 2208 1530 2262 quae
1570 2192 1624 2246 in
1655 2192 1836 2246 medio
1867 2200 1951 2246 est
1984 2201 2129 2246 terra

532 2298 814 2356 cztrpeote,
847 2286 1089 2340 minores
1122 2294 1180 2340 et
1211 2285 1493 2339 tenuiores
1520 2285 1632 2354 jam
1657 2284 1723 2338 ad
1755 2299 1818 2337 ea
1856 2283 1973 2338 loca
1997 2295 2126 2352 per-

526 2384 782 2443 veniunt,
824 2379 916 2433 ubi
968 2395 1036 2434 ex
1091 2377 1365 2434 cuniculis
1414 2377 1469 2431 in
1514 2384 1766 2447 apertum
1802 2384 2124 2446 erumpunt.

533 2470 693 2543 723
722 2469 879 2537 Quod
941 2470 1015 2523 illi
1073 2476 1258 2523 autem
1320 2467 1521 2522 occulti
1557 2467 1923 2522 subterraneo
1963 2483 2129 2522 cursu

529 2563 859 2634 longissime
890 2561 1203 2626 volvantur,
1240 2560 1294 2614 id
1327 2576 1437 2614 non
1465 2552 1634 2615 debet
1663 2559 1845 2613 videri
1877 2559 2125 2615 incredi-

529 2656 664 2711 bile.
690 2656 830 2711 Sunt
856 2655 1001 2725 enim
1032 2662 1089 2709 et
1114 2653 1219 2708 alia
1251 2653 1451 2723 passim
1475 2650 1707 2706 ﬂumina
1729 2660 1787 2707 et
1821 2653 2059 2706 maxima
2076 2660 2132 2707 et

532 2751 909 2824 rapidissima.
941 2766 1060 2820 quze
1082 2750 1188 2806 sub
1222 2759 1369 2803 terra
1400 2747 1680 2803 feruntur.
1703 2748 1949 2817 Apparet
1970 2748 2021 2802 id
2063 2762 2131 2803 ex

531 2863 599 2899 co
630 2845 837 2909 sonitu,
891 2845 986 2913 qui
1026 2842 1093 2896 ad
1148 2856 1312 2896 aures
1351 2852 1569 2895 nostras
1612 2840 1680 2895 ab
1720 2842 1799 2894 eis
1832 2855 1957 2894 cum
1988 2851 2131 2894 stre—

531 2938 648 3007 pitu
692 2945 750 2991 et
792 2935 1010 3006 fragore
1061 2934 1353 2989 mentibus
1395 2930 1694 3002 perfertur.
1738 2931 1807 2986 Et
1856 2932 2130 2996 nonnulli,

530 3031 676 3099 quod
725 3046 849 3085 cum
884 3045 1046 3098 supra
1083 3043 1177 3083 cos
1228 3026 1427 3080 ﬂuvios
1457 3036 1658 3095 puteos
1700 3023 2043 3089 eﬂ‘odissent,
2075 3033 2131 3080 et

2239 1920 2598 1991 μωδεστάτης
2624 1920 2825 1983 αὐτοὺς
2860 1919 3256 1988 ὲκδεξαμένης,
3289 1917 3424 1986 πρὸς
3446 1915 3506 1966 τὸ
3541 1911 3689 1982 βάθος
3710 1910 3780 1959 ὲνο

2222 2013 2413 2070 ταῦθα
2440 2015 2896 2084 καταπινόμενοι,
2922 2014 2983 2065 οὐ
3011 2013 3277 2082 πρότερον
3307 2011 3558 2064 ἵστανται
3590 2006 3683 2072 τῆς
3704 2002 3779 2053 ἐπὶ

2233 2115 2301 2163 τὰ
2338 2108 2498 2162 κάτω
2534 2108 2733 2177 φορᾶς,
2768 2106 2899 2176 πρὶν
2939 2106 3026 2158 ἐπ’
3057 2105 3194 2159 αὐτὸ
3332 2105 3396 2183 τὸ
3427 2099 3675 2170 στεγανὸν
3701 2098 3781 2148 καὶ

2234 2200 2516 2270 πετρῶδες
2559 2200 2660 2269 τῆς
2688 2201 2877 2255 αὐτόθι
2931 2197 3326 2267 καταντήσωσι
3360 2196 3488 2265 γῆς.
3535 2193 3719 2246 Στάσιν
3742 2187 3780 2239 δ’

2233 2293 2416 2356 αὐτοῖς
2463 2292 2566 2360 τῆς
2598 2290 2690 2343 ἐπὶ
2719 2292 2789 2344 τὰ
2822 2289 2978 2343 κάτω
3027 2286 3440 2358 προχωρήσεως
3474 2284 3571 2353 τῆς
3619 2279 3782 2333 αὐτόθι

2233 2385 2502 2458 κρηπῖδος
2540 2381 2999 2455 παρασχομένης,
3041 2380 3282 2453 ἐνταῦθα
3309 2379 3413 2451 ἤδη
3454 2377 3561 2430 τῶν
3602 2374 3785 2445 ῥευμά-

2232 2499 2342 2536 των
2380 2479 2568 2542 αὐτοῖς
2601 2476 3085 2547 συναγειρομένων
3104 2475 3209 2529 ὑπὸ
3235 2475 3481 2546 πλήθους
3507 2472 3602 2525 καὶ
3631 2468 3785 2539 ἰσχύος

2233 2573 2330 2630 τοῦ
2363 2576 2453 2629 ἀεὶ
2483 2573 2912 2643 ἐπιφερομένου,
2944 2572 3005 2625 τὸ
3035 2570 3226 2641 πρόσω
3250 2568 3540 2640 χωροῦσιν
3568 2565 3650 2618 ἐπ’
3677 2563 3784 2614 εὐθὺ

2237 2669 2580 2739 βιαζόμενοι.
2626 2666 2767 2719 Ἀλλ’
2797 2664 2947 2718 οὗτοι
2990 2665 3091 2734 μὲν
3114 2665 3163 2716 οἱ
3203 2663 3450 2732 ποταμοὶ
3486 2657 3786 2728 κατωρῠχιοι

2236 2762 2625 2833 πορευόμενοι,
2656 2760 2856 2826 μοῖραν
2878 2757 3059 2810 αὐτῶν
3084 2758 3185 2808 οὐκ
3214 2754 3412 2823 ὀλίγην
3439 2754 3541 2823 τῆς
3571 2754 3624 2803 ὲν
3662 2751 3786 2818 μέσῳ

2233 2855 2334 2924 γῆς
2365 2850 2869 2921 ὑπεξαιρουμένης,
2914 2849 3177 2911 ἐλάττους
3221 2847 3548 2902 ἀπαντῶσιν
3576 2846 3670 2916 ἠδη
3711 2846 3788 2894 καὶ

2233 2946 2616 3018 ἀσθενέστεροι
2649 2945 2743 2996 ἐπὶ
2773 2943 2900 3005 τοὺς
2937 2943 3138 3003 τόπους
3177 2942 3286 2993 τῶν
3337 2939 3668 2994 ἀναδύςεων.
3701 2938 3787 2988 K2!

2234 3040 2295 3093 τό
2340 3056 2405 3107 γε
2464 3038 2691 3107 μυχίους
2731 3035 2934 3099 αὐτοὺς
2996 3033 3259 3104 πλείττην
3295 3033 3514 3088 ἐπιέναι
3562 3035 3661 3101 γῆν
3707 3030 3790 3081 οὐκ

531 3126 677 3195 quod
701 3140 760 3179 se
795 3123 878 3178 eis
907 3123 1120 3178 inferne
1156 3119 1358 3175 obtulit
1383 3119 1562 3174 solum
1585 3119 1896 3188 lapidosum
1926 3117 2122 3186 paulu-

2228 3133 2374 3195 εἰκὸς
2426 3130 2683 3184 ἀπιστεῖν
2710 3144 2722 3157 ·
2760 3127 2932 3181 πολλὰ
2983 3127 3093 3196 γάρ
3119 3127 3238 3180 ἔστι
3273 3128 3368 3182 καὶ
3397 3127 3534 3183 ἄλλα
3574 3123 3788 3197 ῥεύματα

467 3225 471 3228 ’
531 3222 645 3273 lum
695 3216 989 3286 rupissent,
1029 3213 1174 3269 unda
1222 3222 1574 3282 perstrepens
1628 3227 1851 3268 cursum
1898 3226 2118 3267 sursum

533 3326 753 3364 versum
786 3325 908 3361 cum
956 3308 1006 3359 vi
1038 3303 1275 3375 quadam
1328 3304 1635 3372 moliretur,
1681 3305 1764 3358 vix
1793 3303 1861 3358 ab
1892 3304 1973 3359 eis
2023 3302 2120 3373 qui

537 3402 604 3459 ad
660 3416 938 3455 summum
973 3397 1121 3469 putei
1153 3414 1214 3452 os
1242 3398 1629 3463 constiterant,
1663 3406 1792 3451 sunt
1825 3398 2048 3452 retracti
2066 3404 2123 3450 et

532 3493 761 3562 recepti.
794 3495 971 3560 Atque
998 3493 1090 3545 illa
1112 3490 1406 3545 subsecuta
1431 3491 1481 3543 in
1518 3490 1694 3543 rivum
1725 3489 1921 3553 evasit,
1956 3502 2122 3558 quem

530 3587 682 3639 nulla
717 3585 841 3640 εωιί
886 3583 1109 3639 siccitas
1164 3592 1392 3653 propter
1425 3584 1534 3637 vim
1576 3590 1632 3636 et
1670 3578 1878 3636 ﬂuxum
1927 3595 2125 3650 perpe-

532 3690 688 3733 tuum
732 3676 985 3731 turbarit.
1038 3674 1341 3730 lneﬂabilis
1382 3689 1624 3744 namque
1664 3672 1759 3727 Dei
1827 3671 2121 3740 sapientia,

531 3784 792 3845 tanquam
824 3786 988 3824 venas
1014 3785 1135 3839 quae
1172 3783 1313 3837 opus
1347 3776 1532 3823 essent
1564 3765 2007 3835 suppeditantes,
2041 3752 2123 3821 sic

533 3882 802 3938 aquarum
849 3880 1149 3935 procursus
1199 3877 1311 3917 tum
1344 3862 1592 3918 occultos
1643 3869 1757 3913 tum
1805 3859 2125 3915 manifestos

531 3959 783 4030 perfecit.
822 3956 978 4013 Unde
1020 3972 1241 4027 quoque
1295 3954 1557 4025 prOpheta
1595 3953 1762 4027 l_)avid
1816 3954 1949 4008 illud
1980 3955 2127 4009 ceci-

532 4055 614 4107 nit
651 4071 665 4105 :
718 4051 839 4120 Ipse
863 4067 1021 4120 super
1074 4050 1251 4102 maria
1281 4045 1523 4116 [undavit
1563 4061 1702 4109 eum,
1748 4055 1798 4100 et
1823 4062 1982 4117 super
2020 4051 2125 4119 ﬂu-

531 4146 681 4200 mina
706 4143 1029 4213 pra-:paravit
1068 4157 1189 4194 eum
1224 4140 1263 4193 ί.
1293 4138 1464 4192 Maria
1495 4137 1730 4202 scilicet,
1760 4154 1923 4209 quam
1954 4141 2126 4195 mati-

535 4239 640 4292 mis
671 4249 826 4290 terrae
860 4236 1093 4290 sinubus
1119 4235 1363 4288 thesauri
1396 4232 1570 4286 instar
1593 4234 1974 4299 accumulaus,
2004 4237 2125 4289 solo

531 4346 722 4385 eorum
751 4330 1032 4384 robustius
1062 4326 1432 4391 consolidato,
1466 4325 1536 4379 ad
1571 4334 1775 4381 tantam
1801 4328 1909 4383 vim
1930 4340 1986 4383 et
2010 4347 2126 4385 mo-
2174 4355 2185 4369 ι

529 4424 666 4488 lem,
711 4440 833 4494 qua:
868 4422 923 4476 in
952 4438 1016 4476 ea
1052 4420 1388 4485 inferuntur,
1418 4435 1682 4489 aquarum
1714 4423 2120 4478 sustinendam.

2226 3222 2508 3294 πανταχοῦ
2528 3223 2640 3277 τῶν
2668 3220 2878 3291 σφόδρα
2908 3220 3185 3290 μεγίστων
3205 3237 3269 3273 τε
3300 3219 3401 3275 καὶ
3429 3217 3789 3291 ἰσχυροτάτων.

2227 3318 2333 3372 ὑπὸ
2362 3317 2467 3387 γῆν
2524 3313 2930 3384 ἀφικνούμενα.
2967 3312 3137 3382 Δῆλον
3185 3313 3244 3367 δέ
3270 3330 3284 3345 ·
3321 3310 3457 3384 ἦχός
3486 3331 3547 3368 τε
3582 3314 3687 3380 γὰρ
3713 3306 3788 3361 ἀπ’

2226 3411 2406 3465 αὐτῶν
2430 3410 2694 3463 ἀκούεται
2730 3408 2928 3478 μέγας,
2970 3407 3067 3459 σὺν
3092 3408 3321 3478 ταράχῳ
3358 3410 3457 3461 καὶ
3491 3406 3653 3476 ῥοίζῳ
3683 3400 3791 3454 πολκ

2226 3502 2303 3572 λῷ
2336 3502 2681 3572 φερομένων.
2729 3499 2890 3552 Ἀλλά
2918 3500 3012 3552 καί
3045 3516 3189 3563 τινες
3218 3500 3369 3571 ὑπὲρ
3393 3498 3576 3555 αὐτῶν
3605 3496 3792 3566 φρέατα

2230 3593 2620 3664 ὀρυσσόμενοι,
2655 3592 2750 3645 καὶ
2796 3592 2897 3660 τῆς
2946 3592 3339 3662 ἀπηντηκυίας
3371 3593 3567 3654 αὐτοῖς
3611 3586 3791 3646 πλακὸς

2232 3685 2501 3748 κάτωθεν,
2535 3684 2622 3737 ἐπ’
2665 3684 2851 3753 ὀλίγον
2888 3682 3226 3753 τρώσαντες,
3260 3684 3356 3754 ὑφ’
3387 3687 3455 3757 ἣν
3504 3684 3566 3737 τὸ
3602 3681 3794 3752 ῥεῖθρον

2230 3780 2505 3855 καχλάζον
2551 3780 2653 3849 ἤδη
2705 3778 2805 3848 τὴν
2840 3777 2931 3831 ἐπὶ
2980 3778 3039 3830 τὺ
3084 3778 3198 3831 ἀνω
3257 3778 3439 3850 φορὰν
3495 3777 3795 3849 βιαζόμενον

2230 3866 2605 3943 ὑπισχνεῖται,
2646 3870 2809 3941 μόγις
2857 3869 3245 3940 ἀνελήφθησαν
3276 3871 3388 3925 ὑπὸ
3445 3871 3555 3924 τῶν
3580 3871 3677 3922 ,ἐπὶ
3716 3866 3795 3920 τοῦ

2230 3965 2446 4037 χείλους
2480 3965 2582 4033 τῆς
2619 3963 2978 4035 φρεωρυχίας
3021 3961 3279 4016 ἑστώτων
3322 3963 3758 4035 ἀναρπασθέντες
3782 3974 3793 3987 ·

2230 4058 2329 4111 καὶ
2358 4057 2417 4109 τὸ
2450 4054 2665 4127 ῥεῖθρον
2701 4055 3123 4125 ὲφομαρτῆσαν,
3158 4057 3238 4117 είς
3272 4056 3471 4127 ὀχετὸν
3497 4053 3800 4125 προύχώρη-

2228 4165 2344 4213 σεν,
2378 4146 2473 4200 ὑπ’
2506 4147 2767 4216 οὐδεμιᾶς
2802 4144 3114 4217 ἀνομϐρίας
3161 4146 3244 4199 ἔτι
3294 4149 3797 4222 παραλυπούμενον,

2226 4239 2318 4292 διὰ.
2342 4241 2404 4294 τὸ
2426 4240 2523 4310 τῆς
2549 4240 2814 4311 χορηγίας
2841 4240 3093 4296 ἀένναον.
3129 4241 3194 4296 Ἠ
3216 4242 3333 4314 γὰρ
3358 4245 3458 4298 τοῦ
3486 4243 3623 4297 Θεοῦ
3651 4242 3804 4311 ἀττόρ-

2232 4334 2395 4401 ῥητος
2413 4330 2599 4400 σοφία,
2622 4332 2790 4385 οίονεὶ
2810 4332 3018 4400 φλέϐας
3040 4336 3315 4405 χορηγοὺς
3338 4335 3800 4404 τῶνλάναγκαίων,

2228 4424 2326 4487 τὰς
2359 4424 2467 4476 τῶν
2504 4423 2740 4493 ῥείθρων
2767 4424 3126 4495 διεκδρομὰς,
3155 4430 3254 4490 τὰς
3293 4429 3404 4497 μὲν
3442 4431 3689 4498 ἀφανεῖς,
3716 4426 3805 4483 τὰς

531 4514 784 4570 Flumina
825 4524 1032 4577 autem,
1060 4511 1349 4567 commoda
1376 4521 1429 4566 et
1464 4511 1697 4569 miriﬁca
1722 4517 2120 4573 constitutione

2228 4516 2282 4568 δὲ
2311 4517 2619 4586 προδήλους
2647 4517 2969 4587 εἰργάσατο.
3000 4519 3188 4592 Ταύτῃ
3213 4521 3327 4591 ἂρα
3358 4526 3458 4576 καὶ
3484 4526 3512 4575 ὀ
3534 4520 3806 4593 προφήτης
3839 4576 3845 4583 ,

531 4609 826 4663 transitum
857 4609 942 4661 eis
973 4606 1207 4660 liberum
1239 4604 1513 4673 pra-hens,
1553 4606 1873 4677 regionibus
1904 4624 2119 4680 semper

532 4717 600 4756 ex
623 4702 734 4756 alto
762 4716 819 4754 se
850 4696 1307 4753 submittentibus
1333 4707 1499 4767 atque
1530 4699 1938 4765 recedentibus,
1970 4713 2025 4755 et
2053 4718 2120 4756 ex

533 4791 950 4848 sublimioribus
978 4788 1046 4843 ad
1111 4787 1437 4843 humiliores
1466 4805 1592 4844 oras
1632 4806 1901 4860 aquarum
1957 4808 2123 4849 ruen-

536 4885 671 4937 tium
735 4878 1031 4935 momemis
1078 4878 1261 4932 locum
1300 4880 1752 4937 concedentibus.
1812 4882 1959 4937 Idem
2004 4884 2120 4954 ipse

535 4975 854 5043 conjectura
883 4970 1106 5032 ductus,
1144 4969 1457 5040 paradisum
1500 4971 1567 5025 ad
1599 4973 1868 5029 orientem
1909 4976 2013 5029 sub
2049 4993 2126 5031 ae-

534 5062 859 5134 quinoctiali
909 5064 1077 5115 situm
1126 5078 1248 5117 esse
1277 5064 1354 5116 ait
1388 5063 1619 5119 circulo.
1660 5065 1903 5121 Primum
1938 5083 2005 5123 ex
2036 5083 2126 5133 eo,

533 5156 675 5224 quod
710 5158 774 5209 ad
817 5154 1103 5209 meridiem
1138 5156 1487 5212 manifestum
1533 5169 1621 5213 est
1652 5160 1768 5214 loca
1794 5162 1909 5216 fere
1940 5164 2124 5218 omnia

534 5261 655 5300 csse
681 5244 1019 5308 babitaliilia,
1045 5245 1112 5299 ad
1133 5257 1440 5302 extremum
1466 5263 1640 5318 usque
1658 5249 1928 5306 duntaxat
1948 5266 2119 5319 mare,

534 5337 681 5403 quod
719 5337 831 5405 jam
862 5336 942 5391 sol
986 5337 1167 5392 adurit
1203 5342 1302 5410 (1),
1352 5355 1497 5394 anno
1537 5351 1652 5395 toto
1688 5341 1872 5397 radios
1900 5357 2034 5398 suos
2064 5346 2121 5403 in

646 5452 663 5482 ¹
705 5451 847 5506 Psal.
890 5468 1043 5520 χλιιι,
1078 5455 1132 5509 2.

558 5610 561 5615 μ
608 5572 1104 5641 μμιειτοηυειίθιη
1162 5581 1413 5627 veterum
1472 5590 1640 5644 prope
1698 5578 1947 5631 omnium
2007 5577 2113 5630 fuit

534 5645 744 5716 opum.
777 5646 882 5716 Sed
908 5657 1120 5716 patrum
1157 5656 1476 5716 nostrorum
1507 5650 1792 5711 memoria,
1824 5648 2110 5716 inceptore

534 5712 801 5786 Columbo
831 5712 1057 5786 Liguri,
1093 5731 1233 5768 nova
1277 5714 1641 5784 Hispanorum
1685 5712 2113 5786 navigatio—nta-

536 5794 694 5848 gnam
733 5784 922 5835 Africa:
971 5795 1179 5853 partem
1223 5788 1423 5855 priscis
1465 5788 1787 5841 hominibus
1818 5784 2057 5858 ignotam
2097 5827 2110 5852 ,

2225 4608 2539 4680 ὲμελῴδησε
2580 4611 2776 4664 Δαϐἑδ·
2830 4613 3026 4677 Αὐτὸς
3057 4614 3156 4667 ἐπὶ
3217 4616 3566 4671 θαλασσῶν
3621 4616 3805 4680 ἐθεμε-
3832 4597 3852 4675 ἶ

2224 4705 2454 4756 λιωσεν
2478 4702 2693 4772 αὐτὴν.
2726 4704 2828 4757 καὶ
2857 4704 2958 4757 ἐπὶ
3008 4706 3295 4775 ποταμῶν
3343 4711 3684 4779 ἡτοίμασεν
3712 4706 3806 4758 αὐ·
3840 4695 3845 4699 ’

2227 4792 2378 4860 τήν·
2413 4794 2489 4856 ὡς
2528 4796 2627 4858 τὰς
2671 4797 2773 4864 μὲν
2831 4796 3105 4861 θαλάττας
3153 4800 3267 4861 τοῖς
3312 4804 3605 4869 μεγίστοις
3652 4796 3809 4863 αὐτῆς

2228 4883 2590 4952 κολπὼμασιν
2624 4880 2739 4940 οἷον
2766 4888 3228 4959 ἁποθησαυρίσας
3259 4893 3361 4943 καὶ
3393 4895 3499 4964 τὴν
3532 4894 3688 4962 βάσιν
3716 4890 3777 4942 αὑ

2229 4978 2340 5036 τοῖς
2395 4977 2833 5045 κρατυνάμενος,
2894 4978 3034 5048 πρὸς
3084 4979 3145 5031 τὸ
3200 4981 3511 5052 ἀνέχεσθαι
3566 4980 3807 5035 τοσοῦτον

2226 5066 2390 5134 ὄγκον
2429 5069 2536 5124 ,καὶ
2570 5069 2776 5138 πλῆθος
2810 5071 2918 5122 τῶν
2952 5073 3010 5123 ἐν
3043 5073 3181 5142 αὐτῇ
3218 5076 3586 5143 φερομένων·
3619 5075 3724 5131 τοῖς
3753 5067 3805 5120 δὲ

2228 5161 2494 5227 ποταμοῖς
2536 5158 2634 5231 τὴν
2680 5160 2919 5226 διέξοδον
2989 5161 3260 5215 ἀπόλυτον
3307 5166 3433 5228 ταῖς
3484 5163 3807 5236 εὐμηχάνως

2223 5251 2393 5322 αὐτῆς
2427 5252 2708 5306 διαθέσεσι
2739 5254 2886 5320 δοὺς,
2921 5256 3010 5309 ἀεὶ
3047 5259 3168 5319 ταῖς
3195 5257 3306 5310 τῶν
3333 5261 3564 5328 χωρίων
3598 5260 3810 5322 ὑπαγω-

2220 5346 2344 5412 γαῖς
2367 5361 2427 5398 τε
2463 5351 2558 5399 καὶ
2587 5350 2998 5416 ταπεινότησιν,
3031 5350 3141 5404 ἀπὸ
3182 5355 3295 5405 τῶν
3333 5352 3694 5424 ὑψηλοτέρων
3721 5352 3810 5401 ἐπὶ

2221 5592 2279 5634 et
2308 5579 2574 5650 plurimas
2607 5582 2661 5635 in
2710 5580 2932 5637 Oceano
2969 5586 3347 5652 meridimmli,
3377 5602 3433 5643 et
3465 5601 3698 5646 caeteras
3732 5591 3807 5642 in-

2225 5654 2375 5731 sulas
2434 5652 2765 5707 habitabiles
2826 5655 3058 5731 invenit.
3111 5657 3178 5711 Ut
3232 5671 3371 5713 satis
3425 5663 3542 5731 jam
3600 5666 3806 5717 constet

2224 5720 2506 5801 Oceanum
2551 5738 2663 5775 non
2714 5739 2859 5801 esse.
2888 5727 3084 5780 inertis
3140 5720 3572 5798 magnitudinis,
3611 5733 3703 5785 sed
3736 5733 3809 5785 iu-

2228 5793 2364 5844 sulis
2410 5800 2575 5861 atque
2633 5802 2684 5846 te
2723 5796 2794 5850 ris
2846 5794 3129 5852 immensae
3188 5793 3360 5855 etiam
3421 5793 3809 5873 magnitudinis
