3990 6484
255 358 350 424 301

1169 360 1784 425 ECCLESIASTIC/E
1824 360 2217 421 IIlSTOlllAi
2259 362 2407 422 LIB.
2455 361 2553 422 IX.

3395 362 3504 426 ὃθὲ

255 482 316 532 τὰ
340 475 749 547 χθαμαλώτερα
779 476 944 530 τόπον
965 477 1033 546 τῇ
1072 477 1212 546 ῥοπῇ
1251 476 1347 530 τοῦ
1385 475 1669 546 βρίθοντος
1699 472 1821 526 ὓδα-

1927 472 1981 526 id
2015 474 2295 529 emittens.
2343 475 2470 530 Haec
2504 473 2708 557 quippe
2752 482 2837 527 est
2886 471 2976 527 illa
3008 487 3126 542 quae
3167 474 3343 529 media
3371 495 3504 531 Zona

252 586 342 632 τος
377 566 700 638 παρασχών.
751 565 814 623 'O
840 566 886 621 δ’
918 565 1081 627 αὐτὸς
1109 567 1330 638 εἰκασίᾳ
1370 566 1677 641 χρώμενος,
1707 566 1822 618 κεί-

253 660 379 715 σθαί
404 677 539 729 φησι
574 661 669 714 καὶ
718 659 811 713 τὸν
843 660 1178 731 παράδεισον
1212 660 1352 713 κατὰ
1381 660 1482 724 τὰς
1530 657 1822 729 ἰσημερίας

249 753 349 820 τῆς
374 751 542 821 ἠοῦς
590 753 812 821 πρῶτον
841 751 965 821 μὲν,
995 752 1054 816 ἐξ
1085 746 1161 806 ὧν
1187 753 1258 807 τὰ
1285 751 1426 823 πρὸς
1468 750 1822 821 μεσημϐρίαν

250 845 384 915 δῆλά
412 847 532 898 ἐστι
569 845 749 898 πάντα
799 846 1101 914 οἰκούμενα
1135 844 1327 914 σχεδὸν
1377 845 1540 914 μέχρι
1567 844 1668 913 τῆς
1719 842 1823 907 ἔξω

254 938 544 1007 θαλάττης,
598 937 668 1007 ἢν
719 936 993 991 θάλατταν
1042 939 1070 991 ὁ
1128 937 1284 1007 ἥλιος
1335 936 1438 1009 ἤδη
1493 936 1820 1006 ξυμφλέγει,

248 1033 376 1086 κατ’
396 1033 517 1094 ἔτος
550 1032 640 1085 ἐπ’
665 1032 803 1100 αὐτῇ
837 1032 935 1093 τὰς
969 1032 1194 1096 ἀκτῖνας
1236 1032 1463 1104 ἐρείδων
1491 1048 1506 1065 ο
1539 1035 1637 1085 καὶ
1665 1034 1699 1102 ἡ
1734 1033 1823 1086 διὰ

249 1125 422 1192 μέσου
456 1125 725 1193 λεγομένη
756 1124 901 1193 ζώνη
930 1124 1093 1178 τοῦτό
1133 1125 1284 1177 ἔστιν
1312 1138 1329 1154 ο
1354 1123 1435 1177 ἔτι
1475 1123 1531 1176 δὲ
1562 1124 1658 1177 καὶ
1684 1123 1823 1177 διότι

243 1220 273 1270 ὀ
315 1216 413 1270 νῦν
453 1215 692 1285 Ὕφασις
737 1216 1075 1285 καλούμενος
1125 1217 1395 1285 ποταμὸς,
1440 1216 1502 1270 ὂν
1542 1218 1575 1286 ἠ
1626 1216 1822 1286 Γραφὴ

242 1304 459 1358 Φεισὼν
485 1302 768 1372 ὀνομάζει,
794 1307 890 1359 καὶ
919 1305 1084 1367 αὐτὸς
1108 1306 1202 1359 τοῦ
1224 1305 1559 1376 παραδείσου
1590 1305 1826 1358 ἀναϐλύ-

114 1456 135 1467 ,
243 1398 381 1461 ζων,
404 1399 469 1450 ἐκ
505 1395 613 1449 τῶν
642 1396 914 1467 ἀρκτῴων
949 1397 1155 1467 μᾶλλον
1201 1397 1304 1467 τῆς
1332 1397 1602 1464 ἀνατολῆς
1639 1398 1825 1468 μερῶν

243 1492 347 1542 ἐπὶ
399 1489 494 1557 τὴν
532 1489 878 1560 μεσημϐρίαν
932 1490 1187 1558 φαίνεται
1240 1490 1402 1560 ῥέων,
1460 1492 1556 1543 καί
1605 1493 1686 1554 εἰς
1732 1490 1825 1543 τὸν

242 1582 421 1652 ταύτῃ
463 1581 710 1635 Ὠκεανὸν
740 1582 803 1634 τὸ
830 1581 1046 1652 ῥεῖθρον
1083 1581 1559 1651 εἰσερευγόμενος,
1591 1581 1823 1650 ἀντικρὺ

245 1679 352 1743 τῆς
386 1676 550 1745 νήσου
598 1675 966 1745 Ταπροϐάνης
993 1690 1008 1706 ·
1056 1669 1118 1728 οὗ
1159 1675 1313 1746 παρὰ
1358 1673 1459 1738 τὰς
1509 1673 1681 1745 ὄχθας
1728 1671 1823 1726 τοῦ

252 1771 493 1840 ποταμοῦ
524 1770 838 1840 εὑρίσκεται
861 1771 924 1823 τὸ
951 1769 1253 1838 λεγόμενον
1278 1768 1683 1840 καρυόφυλλον,
1710 1767 1824 1822 εἴτε

259 1864 478 1935 καρπὸς,
514 1865 626 1917 εῐτε
658 1864 717 1917 δὲ
748 1866 843 1917 καὶ
871 1863 1037 1926 ἄνθος
1068 1864 1350 1933 τυγχάνει.
1381 1864 1494 1918 Καὶ
1522 1863 1822 1916 πεπιστεύ-

259 1976 405 2010 κασιν
453 1959 504 2010 οἰ
534 1958 716 2029 ἐκείνη
764 1958 1044 2022 οἰκοῦντες
1093 1957 1203 2010 τῶν
1236 1959 1301 2011 ὲκ
1336 1957 1433 2010 τοῦ
1478 1957 1819 2026 παραδείσου

250 2048 404 2101 τοῦτο
435 2047 653 2116 δένδρον
679 2043 842 2103 εἶναι.
889 2049 1000 2101 Καὶ
1025 2047 1135 2119 γὰρ
1162 2049 1257 2100 καὶ
1290 2050 1325 2116 η
1353 2048 1496 2117 ὑπὲρ
1520 2049 1720 2108 αὐτοὺς
1748 2047 1818 2114 γῆ

245 2140 454 2209 ἔρημός
480 2140 538 2193 τέ
573 2143 691 2193 ἐστι
728 2139 919 2202 δεινῶς
959 2138 1151 2193 ἅπασα
1180 2139 1275 2192 καὶ
1303 2139 1688 2208 ἀκαρποτάτη.
1727 2139 1823 2191 Ἐκ

244 2228 299 2281 δὲ
333 2227 429 2280 τοῦ
463 2229 649 2296 φέρειν
673 2227 766 2281 τὸν
803 2228 1049 2295 ποταμὸν
1074 2228 1139 2281 τὸ
1164 2227 1326 2289 ἄνθος
1358 2227 1612 2296 ἐπίδηλον
1637 2226 1704 2280 ἂν
1731 2227 1818 2297 εἴη

241 2322 316 2382 ὡς
351 2315 507 2383 οὗτος
530 2324 559 2374 ὁ
596 2321 843 2389 ποταμὸς
870 2323 1010 2391 ὑπὲρ
1041 2320 1146 2391 γῆς
1188 2324 1337 2383 ἄπας
1369 2321 1507 2390 ῥέει,
1544 2320 1820 2390 μηδαμόθι

241 2414 653 2481 καταδυόμενος
676 2431 689 2445 ο
716 2416 780 2467 οὐ
820 2415 930 2484 γὰρ
960 2415 1027 2468 ἂν
1064 2417 1123 2468 τὸ
1147 2414 1366 2468 ἐκεῖθεν
1396 2414 1671 2484 φυόμενον
1693 2413 1822 2483 ὴδύ-

251 2524 380 2560 δατο
439 2506 646 2576 φέρειν.
693 2508 850 2577 Ἔχει
888 2508 946 2560 δέ
996 2523 1051 2560 τι
1094 2507 1190 2560 καὶ
1221 2506 1350 2561 ἄλλο
1403 2506 1676 2574 σύμϐολον
1718 2505 1821 2575 τῆς

245 2603 384 2673 περὶ
422 2603 513 2655 τὸν
557 2601 893 2672 παράδεισον
920 2601 1132 2669 γεηρᾶς
1176 2601 1487 2671 ἐπιμιξίας.
1543 2601 1683 2653 Φασὶ
1708 2600 1819 2668 γὰρ

239 2695 320 2756 ὡς
349 2695 445 2748 ἰάν
474 2711 560 2758 τις
582 2693 735 2764 τύχοι
766 2692 987 2765 πυρετῷ
1016 2693 1204 2764 λάᾶρῳ
1230 2692 1588 2763 φλεγόμενος.
1618 2695 1699 2756 εἰς
1729 2693 1821 2748 τὸν

242 2788 494 2858 ποταμὸν
542 2786 970 2856 βαπτισάμενος,
1004 2785 1327 2857 παραυτίκα
1368 2785 1464 2838 τοῦ
1511 2787 1822 2856 νοσήματος

242 2878 674 2932 ἀπαλλάττεται.
727 2875 787 2930 '0
822 2877 882 2930 δι
927 2875 1120 2945 Τίγρις
1175 2875 1270 2928 καὶ
1313 2874 1637 2943 Εὐφράτης,
1680 2874 1820 2929 διότι

244 2970 583 3023 καταδύουσι
616 2971 710 3022 καὶ
741 2965 908 3021 πάλιν
930 2965 1268 3036 ἀνίσχουσιν,
1303 2964 1457 3018 οὐδὲν
1492 2964 1703 3018 ἐκεῖθεν
1728 2963 1822 3017 δύ-

244 3083 437 3122 νανται
468 3063 737 3132 κομίζειν,
751 3062 939 3133 ὥσπερ
962 3062 992 3114 ό
1022 3062 1280 3130 Ὕφασις.
1305 3060 1442 3114 Οὐδέ
1466 3077 1531 3127 γε
1555 3064 1582 3113 ό
1605 3060 1819 3124 Νεῖλος’

1922 562 2149 619 dicitur.
2186 565 2393 620 Deinde
2437 564 2586 635 quod
2616 564 2663 620 is
2696 565 2789 634 qui
2814 580 2961 620 nunc
2993 562 3263 636 Hyphasis
3297 566 3506 622 dicitur

1923 652 2147 720 ﬂuvius,
2181 657 2236 712 in
2279 658 2582 728 Scripturis
2611 658 2782 712 sacris
2820 658 3026 714 Phison
3076 659 3414 724 nominatus,
3450 667 3506 714 et

1924 745 2041 816 ipse
2081 763 2113 801 e
2151 747 2407 817 paradiso
2450 757 2634 802 ortum
2679 748 2925 816 ducens,
2978 764 3040 802 ex
3083 749 3286 804 arctois
3333 749 3507 819 magis

1922 837 2167 894 Orientis
2218 840 2468 908 partibus
2510 840 2796 895 meridiem
2832 856 3025 896 versus
3053 842 3326 911 proﬂuere
3355 842 3508 896 vide-

1926 942 2038 996 tur,
2069 940 2126 987 et
2151 933 2207 987 in
2230 933 2350 1003 ejus
2371 932 2546 1003 ipsius
2572 948 2684 988 ora:
2713 932 2992 988 Oceanum
3019 950 3190 1002 aquas
3223 950 3351 989 suas
3374 951 3508 989 con-

1920 1024 2096 1094 jicere
2141 1039 2209 1078 ex
2267 1023 2505 1079 adverso
2555 1023 2901 1094 Taprobanae
2945 1025 3160 1081 insulae.
3212 1026 3296 1080 Ad
3345 1028 3504 1098 cujus

1925 1114 2175 1171 ﬂuminis
2208 1115 2357 1185 ripas
2385 1114 2669 1170 invenitur
2699 1118 2849 1186 quod
2895 1118 3310 1189 caryophyllum
3340 1133 3507 1173 voca-

1927 1219 2039 1270 tur.
2072 1209 2191 1263 sive
2240 1209 2295 1262 id
2342 1210 2580 1271 fructus.
2609 1222 2704 1263 seu
2759 1207 2860 1263 ﬂos
2908 1220 3016 1265 est.
3064 1210 3133 1265 Et
3179 1227 3504 1279 persuasum

1928 1300 2137 1354 habent
2182 1298 2280 1368 qui
2314 1298 2387 1353 ibi
2437 1298 2696 1354 habitant
2740 1298 3019 1363 homines,
3052 1301 3306 1356 arborem
3359 1302 3501 1370 ejus.

1926 1408 1994 1447 ex
2040 1394 2126 1447 eis
2177 1408 2302 1463 qua:
2353 1391 2409 1447 in
2457 1394 2714 1462 paradiso
2760 1403 2914 1457 sunt,
2947 1409 3112 1448 unam
3159 1410 3303 1449 esse.
3342 1394 3505 1465 724

1926 1485 2145 1540 Etenim
2200 1499 2267 1540 ea
2312 1499 2439 1553 quae
2490 1500 2660 1554 supra
2711 1500 2810 1540 eos
2856 1497 2943 1542 est
2997 1495 3167 1551 terra,
3203 1487 3503 1541 admodum

1927 1577 2149 1632 deserta
2182 1585 2268 1631 est
2309 1586 2422 1632 tota
2453 1590 2510 1632 et
2555 1577 2789 1633 sterilis.
2819 1577 2976 1644 Quod
3008 1591 3194 1635 autem
3232 1581 3278 1634 is
3307 1579 3509 1634 ﬂuvius

1926 1669 2121 1725 ﬂorent
2153 1684 2281 1724 eum
2306 1669 2485 1732 aﬂ‘ert,
2513 1670 2647 1725 satis
2677 1679 2898 1726 constat
2924 1673 3082 1726 illum
3107 1687 3276 1741 super
3301 1680 3503 1726 terram

1930 1768 2108 1815 totum
2150 1760 2309 1825 ferri,
2346 1777 2527 1831 neque
2566 1762 2782 1832 uspiam
2839 1764 2943 1818 sub
2992 1776 3196 1819 terram
3246 1764 3304 1818 in
3344 1765 3504 1819 cuni-

1926 1855 2084 1913 culos
2113 1856 2330 1912 demitti
2369 1874 2384 1911 :
2423 1857 2587 1912 aliter
2614 1857 2788 1921 enim,
2822 1859 2967 1928 quod
2999 1860 3075 1913 ibi
3110 1869 3299 1915 natum
3331 1869 3503 1926 esset,

1925 1949 2173 2020 perferre
2212 1964 2324 2004 non
2355 1960 2562 2020 posset.
2601 1952 2780 2009 Habet
2817 1962 2872 2008 et
2919 1954 3081 2008 aliam
3133 1953 3341 2011 flumen
3397 1956 3505 2011 hoc

1924 2050 2112 2095 notam
2154 2051 2389 2095 terrena:
2431 2057 2557 2096 cum
2587 2044 2851 2113 paradiso
2902 2045 3333 2102 commistionis.
3371 2045 3506 2101 Fer-

1926 2139 2018 2186 tur
2047 2133 2219 2198 enim,
2272 2136 2318 2188 si
2358 2135 2488 2204 quis
2522 2134 2663 2190 febri
2700 2136 2921 2197 laboret
2946 2139 3191 2201 ardenti,
3225 2149 3283 2192 et
3314 2139 3369 2192 in
3400 2138 3505 2192 ﬂu—

1926 2226 2077 2280 mine
2105 2241 2175 2281 eo
2197 2236 2500 2297 mergatur.
2530 2228 2836 2298 derepente
2866 2245 2993 2284 eum
3030 2232 3224 2286 morbo
3248 2231 3499 2287 liberari.

1924 2317 2107 2388 Tigris
2154 2334 2290 2374 vero
2336 2331 2395 2375 et
2431 2321 2764 2390 Euphrates,
2814 2323 2964 2393 quod
2998 2334 3201 2380 terram
3237 2327 3500 2393 subeant,

1922 2416 1980 2463 et
2012 2424 2209 2465 rursus
2238 2398 2547 2480 emergant,
2582 2427 2693 2466 non
2728 2413 2940 2483 aliquid
2988 2415 3138 2476 inde.
3174 2423 3237 2470 ut
3282 2414 3505 2486 Hypha-

1924 2504 2003 2559 sis
2031 2503 2138 2573 (l),
2199 2502 2399 2559 eﬂ‘erre
2452 2513 2708 2575 possunt.
2760 2505 2869 2569 Sed
2923 2523 2994 2562 ne
3038 2507 3198 2562 Nilus
3227 2508 3501 2579 quidem:

1922 2612 2053 2652 nam
2076 2607 2133 2653 et
2160 2598 2309 2653 hunc
2337 2598 2516 2668 ipsum
2544 2598 2672 2655 inde
2693 2598 2993 2670 proﬂuere,
3027 2601 3313 2671 inspirata
3338 2601 3504 2658 Mosa:

1923 2689 2127 2745 littera)
2159 2699 2459 2747 testantur.
2491 2693 2657 2747 Gaeon
2709 2693 2781 2748 ab
2831 2694 2974 2763 ipso,
3009 2710 3036 2745 a
3070 2694 3276 2750 (ἰπνοῖς,
3312 2703 3500 2750 autem

1923 2784 2217 2856 [Egyptians
2249 2786 2580 2856 appellatur.
2633 2786 2735 2840 Hic
2775 2802 3035 2857 namque,
3065 2796 3337 2857 quantum
3365 2802 3500 2842 con-

1920 2877 2098 2947 jicere
2134 2878 2284 2943 licet,
2324 2894 2357 2932 e
2409 2880 2670 2949 paradiso
2703 2895 2996 2949 proruens,
3037 2879 3365 2950 priusquam
3408 2881 3505 2934 ha-

1924 2968 2213 3023 bitabilem
2245 2968 2401 3025 orbis
2433 2979 2649 3038 partem
2699 2971 2907 3038 attigit,
2953 2972 3058 3024 suh
3107 2981 3310 3024 terram
3342 2973 3504 3026 cuni-

1924 3061 2066 3116 culis
2097 3062 2404 3123 immissus,
2439 3063 2569 3116 inde
2596 3062 2850 3118 Indicum
2879 3078 3031 3117 mare
3059 3063 3233 3123 subit.
3259 3064 3364 3119 sub
3389 3081 3501 3134 quo

246 3159 351 3212 Ital.
380 3157 486 3227 γὰρ
535 3156 632 3208 καὶ
683 3154 874 3207 τοῦτον
908 3151 1122 3207 ἐκεῖθεν
1170 3153 1310 3221 ῥεῖν,
1343 3152 1375 3219 ἡ
1418 3150 1669 3213 Μωσέως
1701 3150 1819 3202 επί-

1924 3153 1981 3208 ἰη
2014 3155 2205 3210 orbem
2259 3154 2703 3211 circumvolutus
2737 3155 2819 3224 (ut
2866 3157 3191 3227 conjectura
3240 3166 3348 3222 est,
3376 3157 3507 3227 quis

242 3266 413 3303 πνοια
442 3249 614 3317 λέγει,
648 3246 827 3301 Γαιὼν
873 3246 1038 3299 αὐτὸν
1085 3243 1467 3315 ὀνομάζουσαο
1500 3243 1561 3297 ὃν
1590 3245 1642 3296 οἰ
1689 3240 1828 3312 παρ’

247 3343 510 3412 Ἕλλησιν
556 3340 858 3407 Αἰγύπτιον
898 3337 1154 3392 ἐκάλουν.
1184 3329 1356 3398 Οὗτος
1405 3336 1537 3404 γὰρ,
1587 3335 1663 3399 ὡς
1704 3334 1825 3389 ἐστι

249 3434 576 3506 συμϐαλεῖν,
612 3433 864 3503 ἐξορμῶν
920 3429 1014 3483 τοῦ
1045 3429 1409 3500 παραδείσου,
1459 3430 1592 3498 πρὶν
1639 3431 1731 3481 επὶ
1762 3427 1826 3482 τὸ

245 3525 569 3593 οἰκούμενον
599 3524 809 3594 φθάσαι
837 3523 1270 3593 καταδυόμενος,
1306 3521 1503 3574 ἔπειτα
1532 3521 1632 3590 τὴν
1676 3520 1827 3574 ἰνδι-

247 3622 354 3690 κὴν
387 3619 664 3672 θάλασσαν
711 3616 964 3672 ὑπελθὼν
1008 3616 1110 3681 ἑτι,
1161 3618 1257 3669 καὶ
1303 3614 1493 3685 κύκλῳ
1547 3631 1612 3683 γε
1653 3613 1825 3684 αὐτὴν

250 3710 623 3780 περιελιχθεὶς
650 3710 728 3773 ὡς
762 3709 986 3764 εἰκάσαι
1007 3723 1022 3739 ⁸
1057 3708 1142 3771 τίς
1171 3709 1281 3780 γὰρ
1330 3707 1640 3778 ἀνθρώπων
1666 3710 1827 3778 ἀκρι-

252 3804 449 3857 σὼσειε
491 3803 692 3868 τοῦτο;
733 3801 829 3855 καὶ
875 3802 981 3854 ὑπὸ
1037 3802 1219 3855 πᾶσαν
1269 3801 1371 3872 τὴν
1405 3803 1465 3853 ὲν
1515 3802 1670 3870 μέσῳ
1720 3801 1826 3869 γῆν

251 3897 491 3968 ἐνεχθεὶς
525 3896 685 3965 μέχρι
715 3894 814 3964 τῆς
856 3892 1127 3963 Ἐρυθρᾶς
1153 3892 1434 3962 θαλάσσης
1454 3908 1471 3925 ·
1497 3894 1594 3946 καὶ⁵
1619 3894 1826 3962 ταύτην

252 3988 605 4060 ὑποδραμὼν,
635 3988 730 4040 ἐπὶ
756 3986 989 4056 θάτερον
1019 3987 1192 4054 αὐτῆς
1220 3986 1494 4040 ἐκδίδοται
1524 3989 1690 4055 μέρος
1718 3987 1825 4040 ὑπὸ

251 4084 310 4136 τὺ
336 4082 437 4152 τῆς
469 4083 703 4152 σελήνης
758 4080 1100 4148 καλούμενον
1137 4077 1260 4148 ὅρος
1306 4078 1387 4147 (ἐν
1415 4072 1460 4146 ᾧ
1493 4077 1590 4130 δύο
1637 4079 1825 4149 πηγὰς

251 4176 472 4244 λέγεται
506 4177 704 4238 ποιεῖν,
771 4172 1025 4243 ἀλλήλων
1067 4173 1170 4226 οὐκ
1215 4170 1397 4239 ὀλίγον
1447 4172 1824 4242 διεστηκυίας,

254 4269 495 4322 κάτωθεν
535 4268 724 4338 βιαίως
776 4265 1378 4336 ἀναῤῥοισδουμένας)’
1438 4262 1533 4317 καὶ
1582 4264 1674 4318 διὰ
1720 4264 1825 4332 τῆς

251 4360 539 4422 Αἰθιοπίας
585 4359 852 4429 ἐνεχθεὶς,
903 4359 998 4410 ἐπὶ
1045 4357 1144 4426 τὴν
1195 4356 1477 4424 Δίγυπτον
1514 4357 1705 4426 χωρεῖ,
1733 4355 1825 4409 διὰ

252 4453 466 4523 πετρῶν
516 4451 874 4521 ὑψηλοτάτων
924 4448 1429 4519 καταραττόμενος.
1466 4449 1593 4501 Ἐτι
1628 4447 1687 4500 δὲ
1726 4447 1824 4499 καὶ

1845 4504 1900 4565 D

1921 3250 2074 3304 enim
2130 3250 2415 3305 hominum
2457 3252 2574 3307 haec
2627 3263 2783 3307 certo
2845 3261 3124 3308 asseveret
3177 3262 3232 3309 et
3272 3254 3506 3309 demone

1922 3342 2129 3408 stret?)
2180 3350 2237 3398 et
2286 3352 2551 3411 praeterea
2598 3346 2700 3399 sub
2739 3346 2887 3399 omni
2927 3360 2990 3399 ea
3029 3360 3154 3416 quae
3205 3346 3261 3401 in
3318 3349 3504 3403 medio

1925 3434 2276 3506 protenditur
2331 3445 2499 3500 terra,
2547 3436 2618 3490 ad
2673 3454 2821 3491 mare
2858 3436 3107 3493 Rubrum
3141 3455 3502 3510 procurrens,

1924 3545 1992 3584 ac
2017 3530 2122 3585 sub
2152 3544 2220 3584 eo
2247 3545 2468 3600 quoque
2518 3532 2829 3600 prolapsus,
2861 3531 2915 3585 in
2949 3534 3186 3586 alterum
3220 3535 3346 3604 ejus
3403 3536 3504 3589 de-

1924 3623 2105 3678 fertur
2131 3623 2310 3683 littus.
2348 3623 2453 3677 sub
2480 3623 2536 3677 id
2567 3625 2716 3693 quod
2748 3624 2961 3679 dicitur
2996 3626 3142 3681 lunae
3180 3634 3505 3696 promonto-

1926 3716 2073 3770 rium
2109 3717 2226 3786 (ubi
2263 3717 2407 3771 duos
2448 3719 2626 3783 fertur
2657 3718 2878 3774 eﬂicere
2907 3718 3113 3783 fontes.
3157 3735 3268 3774 non
3304 3735 3500 3790 parum

1927 3812 2073 3865 inter
2099 3825 2160 3865 se
2193 3810 2492 3874 distantes,
2523 3820 2582 3865 et
2612 3827 2836 3866 sursum
2866 3826 3088 3867 versum
3125 3828 3321 3884 magna
3346 3815 3401 3869 vi
3446 3826 3505 3870 et

1925 3903 2145 3971 fragore
2193 3910 2668 3973 prorumpentes).
2720 3914 2779 3960 et
2825 3905 2953 3961 inde
3006 3920 3106 3976 per
3162 3906 3502 3976 Ethiopiam

1928 3993 2277 4063 provolutus,
2316 3995 2372 4047 in
2405 3994 2701 4065 [Egyptum
2734 3996 3035 4063 procurrit,
3070 4010 3167 4065 per
3204 3995 3505 4052 altissimas

1927 4102 2098 4158 rupes
2131 4088 2367 4157 strepitu
2403 4089 2675 4143 immenso
2727 4090 3101 4159 prarcipitans.
3144 4089 3314 4144 Addit
3347 4092 3505 4145 insn-

1923 4195 2024 4251 per
2056 4188 2113 4235 et
2141 4180 2301 4245 illud,
2336 4190 2572 4235 tractum
2623 4182 2779 4236 illum
2815 4183 2968 4237 orbis
3015 4183 3084 4236 ad
3125 4182 3410 4238 Orientem
3444 4194 3504 4239 et

1927 4271 2218 4325 meridiem
2253 4285 2496 4335 omnem,
2522 4274 2883 4341 quantumvis
2910 4274 2965 4327 in
2991 4274 3261 4329 immenso
3277 4275 3498 4337 ardore,

1925 4363 2164 4418 maxima
2214 4373 2398 4416 tamen
2432 4375 2488 4420 et
2524 4365 2909 4419 robustissima
2949 4363 3095 4420 ferre
3135 4371 3344 4432 omnia,
3379 4383 3502 4439 qua:

1926 4453 2016 4506 vel
2047 4460 2200 4507 terra
2230 4453 2317 4507 vel
2350 4468 2489 4522 aqua
2518 4454 2846 4524 gignuntur.
2875 4454 2935 4508 In
2965 4469 3034 4508 co
3056 4457 3203 4511 enim
3243 4461 3381 4512 mari
3409 4460 3504 4513 ad-

248 4548 407 4600 τοῦτο
462 4547 821 4617 προστίθησιν
880 4544 956 4605 ὡς
1012 4544 1160 4597 άπαν
1220 4543 1280 4595 τὸ
1327 4541 1467 4614 πρὸς
1521 4541 1818 4610 ἀνίσχοντα

1930 4545 2196 4600 miranda:
2227 4546 2630 4615 magnitudinis
2664 4546 2928 4600 immania
2968 4556 3089 4602 cete
3120 4550 3501 4617 reperiuntur,

248 4638 420 4708 ἥλιον,
452 4638 550 4691 καὶ
579 4639 710 4707 περὶ
730 4637 828 4708 τὴν
855 4634 1209 4705 μεσημϐρίαν
1239 4634 1441 4703 κλίμα,
1470 4633 1650 4686 καίτοι
1674 4633 1820 4701 πέρα

249 4731 346 4784 τοῦ
400 4731 599 4800 μέτρου
656 4730 1017 4799 θαλπόμενον,
1061 4730 1212 4797 ὅμως
1275 4735 1348 4781 τα
1396 4729 1672 4798 κράτιστα
1724 4730 1821 4783 καὶ

254 4808 490 4894 μέγιστα
518 4824 677 4893 φέρει
705 4822 833 4886 τῶν,
864 4823 966 4875 ὅσα
1014 4823 1083 4891 γῆ
1114 4838 1175 4874 τε
1215 4821 1311 4873 καὶ
1339 4820 1585 4875 θάλαττα
1617 4820 1820 4890 δυνατὴ

250 4919 489 4989 τρέφειν.
516 4916 600 4969 Τά
625 4932 685 4969 τε
718 4915 828 4986 γὰρ
851 4915 993 4986 κήτη
1019 4894 1090 4969 τὰ
1119 4914 1478 4984 ὑπερμεγέθη
1512 4916 1651 4983 αὐτῇ
1685 4917 1822 4965 ἐνεῖ-

251 5028 337 5064 ναι
370 5013 435 5080 τῇ
468 5010 701 5080 θαλάττῃ
722 5025 737 5040 ο
779 5009 876 5061 καὶ
912 5008 1015 5079 ήδη
1049 5006 1205 5077 ὤφθη
1244 5005 1507 5068 πολλάκις
1548 5005 1819 5058 ἐπιπολά-

254 5119 419 5156 σαντα
457 5104 571 5165 τοῖς
621 5103 715 5155 τὸν
774 5101 1031 5171 Ὠκεανρν
1084 5103 1297 5152 εκείνον
1350 5097 1817 5166 ναυτιλλομένοις.

252 5194 327 5247 Ἤ
359 5211 419 5246 τε
450 5196 560 5264 γὰρ
608 5193 681 5261 γῆ
717 5195 845 5255 τοὺς
877 5192 1180 5258 ελέφαντας
1223 5189 1338 5260 ἔχει
1368 5189 1494 5251 τοὺς
1526 5190 1821 5257 μεγίστους

253 5272 347 5341 καί
377 5286 858 5355 ύπερφυεστάτους
875 5301 892 5317 ο
926 5286 1022 5338 καὶ
1042 5284 1107 5352 δὴ
1128 5285 1224 5337 καὶ
1248 5283 1373 5341 τοὺς
1401 5282 1820 5351 Μρελέφαντας

252 5379 604 5448 λεγομένους,
637 5370 714 5431 ὧν
759 5376 821 5428 τὸ
854 5376 1018 5444 γένος
1053 5374 1123 5427 τά
1159 5374 1257 5443 μὲν
1301 5372 1438 5427 ἄλλα
1480 5373 1660 5429 πάντα
1692 5372 1820 5442 βοῦς

253 5473 372 5524 εστι
411 5470 691 5541 μέγιστος,
720 5468 819 5539 τὴν
841 5469 899 5521 δὲ
927 5467 1132 5537 βύρσαν
1158 5468 1254 5521 καὶ
1286 5466 1349 5519 τὸ
1378 5465 1577 5537 χρῶμα
1593 5466 1816 5535 ἐλέφας,

255 5611 481 5676 (novom
525 5607 714 5660 orbcm
758 5609 980 5675 vocant)
1045 5603 1349 5676 abundare,
1380 5619 1516 5676 quas
1561 5602 1817 5676 homines

254 5673 453 5740 colant,
487 5687 547 5731 et
579 5677 892 5730 universum
925 5673 1117 5730 orbem
1161 5675 1255 5743 qui
1300 5674 1503 5743 ubique
1534 5674 1613 5743 sit
1638 5673 1817 5728 vitalis

254 5764 391 5800 aura“
432 5746 722 5815 particeps.
752 5763 858 5800 non
902 5761 1026 5800 esse
1071 5742 1488 5800 inhabitabilem
1522 5761 1536 5798 :
1569 5742 1623 5815 id
1667 5745 1815 5813 quod

254 5814 561 5889 antiquitus
626 5819 787 5870 etiam
850 5818 1084 5886 primum
1147 5815 1500 5871 Posidonium
1570 5814 1815 5885 philoso-

1927 4650 2052 4708 qum
2083 4652 2466 4706 saepenumero
2510 4638 2790 4693 Oceanum
2823 4653 2951 4692 eum
2983 4640 3376 4709 navigantibus
3410 4656 3507 4710 pe-

1926 4731 2053 4801 lago
2080 4731 2390 4787 innatantia
2413 4739 2471 4784 et
2488 4731 2829 4800 emergentia
2850 4741 3250 4798 apparuerunt,
3269 4740 3327 4786 et
3358 4744 3504 4787 terra

1928 4823 2047 4891 ipsa
2081 4823 2411 4891 eiephantos
2443 4821 2610 4876 habet
2638 4822 2800 4890 longe
2842 4823 3111 4876 maximos
3157 4830 3216 4877 et
3246 4823 3504 4881 vastissi-

1930 4928 2050 4969 mos
2083 4931 2098 4967 :
2132 4924 2400 4981 praeterea
2430 4926 2529 4968 eos
2560 4913 2656 4982 qui
2689 4913 2866 4983 spurii
2897 4914 3176 4982 elephanti
3215 4914 3502 4979 dicuntur,

1929 5020 2169 5095 quor.um
2199 5018 2376 5075 genus
2398 5013 2601 5059 castera
2634 5006 2859 5074 quidem
2890 5005 3062 5060 boves
3096 5019 3226 5061 sunt
3255 5009 3502 5071 maximi,

1929 5098 2073 5168 pelle
2104 5105 2290 5150 autem
2339 5105 2398 5150 et
2427 5098 2636 5163 colore,
2675 5100 2904 5167 ipsaque
2936 5097 3076 5152 adeo
3124 5100 3505 5167 ttiagnitndino

1892 5170 2232 5255 ‘elephanti.
2269 5185 2412 5240 Sunt
2450 5187 2526 5240 ibi
2571 5202 2794 5257 quoque
2826 5188 3102 5245 dracones
3125 5190 3243 5243 sive
3275 5205 3505 5259 serpet“

1931 5265 2038 5346 tes,
2058 5279 2430 5334 crassitudine
2460 5280 2709 5336 trabibus
2728 5295 2837 5335 non
2867 5281 3135 5347 minores,
3160 5282 3505 5351 longitudine

1927 5377 1994 5426 ad
2030 5373 2349 5439 quindecim
2381 5372 2631 5440 protensi
2660 5385 2858 5442 orgyas
2886 5387 2985 5427 seu
3016 5387 3231 5441 passus,
3264 5387 3501 5440 quarunt

1928 5468 2139 5522 exuviae
2164 5466 2330 5520 etiam
2367 5466 2598 5519 Romam
2632 5464 2764 5518 visa:
2811 5474 2943 5518 sunt
2975 5462 3229 5533 perferri.
3256 5463 3323 5517 Et
3352 5464 3500 5531 apud

1929 5602 2121 5673 phum.
2171 5598 2398 5655 Panaetii
2452 5599 2818 5673 discipulum,_
2861 5596 3063 5653 deinde
3104 5609 3326 5666 quoque
3372 5597 3504 5673 ﬂvi-

1927 5666 2157 5753 cennam
2181 5673 2422 5754 .Arabem
2458 5666 2735 5726 medicum
2767 5670 3093 5724 observasse
3133 5666 3527 5749 quorumdam.

1929 5753 2012 5799 est
2040 5753 2251 5810 opinio.
2392 5770 2403 5781 ι
2777 5797 2782 5801 η

1999 5814 2075 5883 (1)
2103 5812 2260 5885 Apud
2297 5814 2436 5870 Plin.
2469 5813 2695 5884 Hypasis
2721 5819 2831 5882 est,
2867 5811 2969 5867 lib.
3007 5825 3067 5870 It,
3105 5822 3226 5877 cap.
3271 5805 3360 5863 75.
