  <div class='ocr_page' id='page_1' title='image "/cluster/home/n/w/nwhite01/storage/ocr_20150623/146:no.2/coo.31924054870518/160.png"; bbox 0 0 3990 6448; ppageno 0'>
   <div class='ocr_carea' id='block_1_1' title="bbox 221 380 328 443">
    <p class='ocr_par' dir='ltr' id='par_1_1' title="bbox 221 380 328 443">
     <span class='ocr_line' id='line_1_1' title="bbox 221 380 328 443; baseline 0 0"><span class='ocrx_word' id='word_1_1' title='bbox 221 380 328 443; x_wconf 84' lang='lat'><strong>305</strong></span> 
     </span>
    </p>
   </div>
   <div class='ocr_carea' id='block_1_2' title="bbox 1150 379 2517 445">
    <p class='ocr_par' dir='ltr' id='par_1_2' title="bbox 1150 379 2517 445">
     <span class='ocr_line' id='line_1_2' title="bbox 1150 379 2517 445; baseline -0.001 -3"><span class='ocrx_word' id='word_1_2' title='bbox 1150 383 1754 445; x_wconf 63' lang='lat' dir='ltr'><strong>ECCLESIASTlCzE</strong></span> <span class='ocrx_word' id='word_1_3' title='bbox 1791 382 2188 443; x_wconf 65' lang='lat' dir='ltr'><strong>IllSTORl/E</strong></span> <span class='ocrx_word' id='word_1_4' title='bbox 2232 381 2376 441; x_wconf 80' lang='lat' dir='ltr'><strong>LIB.</strong></span> <span class='ocrx_word' id='word_1_5' title='bbox 2418 379 2517 441; x_wconf 79' lang='grc' dir='ltr'><strong>ΙΧ.</strong></span> 
     </span>
    </p>
   </div>
   <div class='ocr_carea' id='block_1_3' title="bbox 3376 373 3479 431">
    <p class='ocr_par' dir='ltr' id='par_1_3' title="bbox 3376 373 3479 431">
     <span class='ocr_line' id='line_1_3' title="bbox 3376 373 3479 431; baseline 0.01 -1"><span class='ocrx_word' id='word_1_6' title='bbox 3376 373 3479 431; x_wconf 74' lang='grc' dir='ltr'><strong>3οὓ</strong></span> 
     </span>
    </p>
   </div>
   <div class='ocr_carea' id='block_1_4' title="bbox 224 478 1829 568">
    <p class='ocr_par' dir='ltr' id='par_1_4' title="bbox 224 495 1803 568">
     <span class='ocr_line' id='line_1_4' title="bbox 224 495 1803 568; baseline 0.002 -22"><span class='ocrx_word' id='word_1_7' title='bbox 224 495 578 566; x_wconf 82' lang='grc' dir='ltr'>εῤῥυηκότων</span> <span class='ocrx_word' id='word_1_8' title='bbox 625 495 996 565; x_wconf 81' lang='grc' dir='ltr'>ἑφαλλομένης</span> <span class='ocrx_word' id='word_1_9' title='bbox 1054 497 1146 548; x_wconf 79' lang='grc' dir='ltr'><strong>καὶ</strong></span> <span class='ocrx_word' id='word_1_10' title='bbox 1186 500 1300 558; x_wconf 81' lang='grc' dir='ltr'>τοῖς</span> <span class='ocrx_word' id='word_1_11' title='bbox 1348 498 1663 568; x_wconf 81' lang='grc' dir='ltr'><strong>προσώποις</strong></span> <span class='ocrx_word' id='word_1_12' title='bbox 1712 496 1803 549; x_wconf 77' lang='grc' dir='ltr'>λυο</span> 
     </span>
    </p>
   </div>
   <div class='ocr_carea' id='block_1_5' title="bbox 1932 478 3481 568">
    <p class='ocr_par' dir='ltr' id='par_1_5' title="bbox 1932 478 3481 567">
     <span class='ocr_line' id='line_1_5' title="bbox 1932 478 3481 567; baseline -0.01 -12"><span class='ocrx_word' id='word_1_13' title='bbox 1932 499 2130 567; x_wconf 72' lang='lat' dir='ltr'><strong>JEdipo</strong></span> <span class='ocrx_word' id='word_1_14' title='bbox 2151 496 2495 551; x_wconf 73' lang='lat' dir='ltr'><strong>fortitudinis</strong></span> <span class='ocrx_word' id='word_1_15' title='bbox 2525 494 2742 549; x_wconf 75' lang='lat' dir='ltr'><strong>laudem</strong></span> <span class='ocrx_word' id='word_1_16' title='bbox 2769 492 3123 551; x_wconf 71' lang='lat' dir='ltr'><strong>adornamus,</strong></span> <span class='ocrx_word' id='word_1_17' title='bbox 3150 488 3262 540; x_wconf 79' lang='lat' dir='ltr'><strong>alas</strong></span> <span class='ocrx_word' id='word_1_18' title='bbox 3285 478 3481 540; x_wconf 69' lang='lat' dir='ltr'><strong>bellum</strong></span> 
     </span>
    </p>
   </div>
   <div class='ocr_carea' id='block_1_6' title="bbox 231 584 1802 658">
    <p class='ocr_par' dir='ltr' id='par_1_6' title="bbox 231 584 1802 658">
     <span class='ocr_line' id='line_1_6' title="bbox 231 584 1802 658; baseline 0.003 -21"><span class='ocrx_word' id='word_1_19' title='bbox 231 584 573 657; x_wconf 82' lang='grc' dir='ltr'>μηναμένης.</span> <span class='ocrx_word' id='word_1_20' title='bbox 605 585 779 639; x_wconf 78' lang='grc' dir='ltr'>δεινὸν</span> <span class='ocrx_word' id='word_1_21' title='bbox 812 588 1185 658; x_wconf 73' lang='grc' dir='ltr'><strong>ποιησάμενος</strong></span> <span class='ocrx_word' id='word_1_22' title='bbox 1208 590 1235 641; x_wconf 83' lang='grc' dir='ltr'><strong>ό</strong></span> <span class='ocrx_word' id='word_1_23' title='bbox 1267 589 1523 652; x_wconf 78' lang='grc' dir='ltr'><strong>Οἰδίπους</strong></span> <span class='ocrx_word' id='word_1_24' title='bbox 1558 591 1659 651; x_wconf 84' lang='grc' dir='ltr'>τὰς</span> <span class='ocrx_word' id='word_1_25' title='bbox 1691 589 1802 642; x_wconf 83' lang='grc' dir='ltr'><strong>τῶν</strong></span> 
     </span>
    </p>
   </div>
   <div class='ocr_carea' id='block_1_7' title="bbox 226 674 1802 749">
    <p class='ocr_par' dir='ltr' id='par_1_7' title="bbox 226 674 1802 749">
     <span class='ocr_line' id='line_1_7' title="bbox 226 674 1802 749; baseline 0.003 -21"><span class='ocrx_word' id='word_1_26' title='bbox 226 675 518 745; x_wconf 79' lang='grc' dir='ltr'><strong>ὁμοφύλων</strong></span> <span class='ocrx_word' id='word_1_27' title='bbox 556 674 757 742; x_wconf 74' lang='grc' dir='ltr'>λώϐας,</span> <span class='ocrx_word' id='word_1_28' title='bbox 786 676 1188 742; x_wconf 81' lang='grc' dir='ltr'><strong>καταφονεῦσαι</strong></span> <span class='ocrx_word' id='word_1_29' title='bbox 1229 678 1290 730; x_wconf 77' lang='grc' dir='ltr'>τὸ</span> <span class='ocrx_word' id='word_1_30' title='bbox 1324 678 1463 743; x_wconf 81' lang='grc' dir='ltr'>ζῶον</span> <span class='ocrx_word' id='word_1_31' title='bbox 1508 680 1599 732; x_wconf 73' lang='grc' dir='ltr'><strong>καὶ</strong></span> <span class='ocrx_word' id='word_1_32' title='bbox 1632 679 1802 749; x_wconf 79' lang='grc' dir='ltr'>ὄνομα</span> 
     </span>
    </p>
   </div>
   <div class='ocr_carea' id='block_1_8' title="bbox 228 763 1803 838">
    <p class='ocr_par' dir='ltr' id='par_1_8' title="bbox 228 763 1803 838">
     <span class='ocr_line' id='line_1_8' title="bbox 228 763 1803 838; baseline 0.004 -23"><span class='ocrx_word' id='word_1_33' title='bbox 228 763 485 830; x_wconf 66' lang='grc' dir='ltr'>λαμπρὸν</span> <span class='ocrx_word' id='word_1_34' title='bbox 520 765 730 818; x_wconf 78' lang='grc' dir='ltr'>ἐκεῖθεν</span> <span class='ocrx_word' id='word_1_35' title='bbox 759 765 972 819; x_wconf 73' lang='grc' dir='ltr'>λαϐεῖν.</span> <span class='ocrx_word' id='word_1_36' title='bbox 1004 767 1112 819; x_wconf 76' lang='grc' dir='ltr'><strong>Καὶ</strong></span> <span class='ocrx_word' id='word_1_37' title='bbox 1145 768 1311 820; x_wconf 80' lang='grc' dir='ltr'>αὐτὸν</span> <span class='ocrx_word' id='word_1_38' title='bbox 1339 771 1364 820; x_wconf 83' lang='grc' dir='ltr'>ὁ</span> <span class='ocrx_word' id='word_1_39' title='bbox 1392 768 1565 838; x_wconf 88' lang='grc' dir='ltr'>μῦθος</span> <span class='ocrx_word' id='word_1_40' title='bbox 1605 770 1683 830; x_wconf 84' lang='grc' dir='ltr'><strong>είς</strong></span> <span class='ocrx_word' id='word_1_41' title='bbox 1711 770 1803 822; x_wconf 86' lang='grc' dir='ltr'>ἀν-</span> 
     </span>
    </p>
   </div>
   <div class='ocr_carea' id='block_1_9' title="bbox 230 855 1803 935">
    <p class='ocr_par' dir='ltr' id='par_1_9' title="bbox 230 855 1803 935">
     <span class='ocr_line' id='line_1_9' title="bbox 230 855 1803 935; baseline 0.003 -27"><span class='ocrx_word' id='word_1_42' title='bbox 230 856 415 923; x_wconf 84' lang='grc' dir='ltr'>δρείαν</span> <span class='ocrx_word' id='word_1_43' title='bbox 456 855 700 926; x_wconf 82' lang='grc' dir='ltr'>κοσμῶν,</span> <span class='ocrx_word' id='word_1_44' title='bbox 730 856 1041 935; x_wconf 51' lang='grc' dir='ltr'>ιζπόπτερον</span> <span class='ocrx_word' id='word_1_45' title='bbox 1072 861 1173 928; x_wconf 84' lang='grc' dir='ltr'>μὲν</span> <span class='ocrx_word' id='word_1_46' title='bbox 1202 860 1261 912; x_wconf 77' lang='grc' dir='ltr'><strong>τὸ</strong></span> <span class='ocrx_word' id='word_1_47' title='bbox 1290 859 1481 931; x_wconf 83' lang='grc' dir='ltr'>θηρίον</span> <span class='ocrx_word' id='word_1_48' title='bbox 1525 861 1803 915; x_wconf 84' lang='grc' dir='ltr'>ἀναπλάτ-</span> 
     </span>
    </p>
   </div>
   <div class='ocr_carea' id='block_1_10' title="bbox 235 948 1807 1023">
    <p class='ocr_par' dir='ltr' id='par_1_10' title="bbox 235 948 1807 1023">
     <span class='ocr_line' id='line_1_10' title="bbox 235 948 1807 1023; baseline 0.007 -26"><span class='ocrx_word' id='word_1_49' title='bbox 235 963 335 1009; x_wconf 85' lang='grc' dir='ltr'>τει,</span> <span class='ocrx_word' id='word_1_50' title='bbox 378 948 464 999; x_wconf 82' lang='grc' dir='ltr'><strong>διὰ</strong></span> <span class='ocrx_word' id='word_1_51' title='bbox 493 948 554 999; x_wconf 78' lang='grc' dir='ltr'>τὸ</span> <span class='ocrx_word' id='word_1_52' title='bbox 600 948 769 1012; x_wconf 78' lang='grc' dir='ltr'>ὀξέως</span> <span class='ocrx_word' id='word_1_53' title='bbox 803 950 1113 1022; x_wconf 82' lang='grc' dir='ltr'>ὲπιπηδᾷν·</span> <span class='ocrx_word' id='word_1_54' title='bbox 1170 954 1392 1022; x_wconf 81' lang='grc' dir='ltr'><strong>στέρνον</strong></span> <span class='ocrx_word' id='word_1_55' title='bbox 1436 953 1493 1009; x_wconf 81' lang='grc' dir='ltr'>δὲ</span> <span class='ocrx_word' id='word_1_56' title='bbox 1546 956 1807 1023; x_wconf 83' lang='grc' dir='ltr'>γυναικὸς</span> 
     </span>
    </p>
   </div>
   <div class='ocr_carea' id='block_1_11' title="bbox 230 1038 1804 1117">
    <p class='ocr_par' dir='ltr' id='par_1_11' title="bbox 230 1038 1804 1117">
     <span class='ocr_line' id='line_1_11' title="bbox 230 1038 1804 1117; baseline 0.008 -29"><span class='ocrx_word' id='word_1_57' title='bbox 230 1038 585 1106; x_wconf 65' lang='grc' dir='ltr'>ἐφαρμόττει,</span> <span class='ocrx_word' id='word_1_58' title='bbox 632 1041 728 1092; x_wconf 77' lang='grc' dir='ltr'>καὶ</span> <span class='ocrx_word' id='word_1_59' title='bbox 778 1041 839 1093; x_wconf 72' lang='grc' dir='ltr'><strong>τὸ</strong></span> <span class='ocrx_word' id='word_1_60' title='bbox 886 1041 1046 1112; x_wconf 85' lang='grc' dir='ltr'>σῶμα</span> <span class='ocrx_word' id='word_1_61' title='bbox 1088 1044 1299 1108; x_wconf 81' lang='grc' dir='ltr'>λέοντος</span> <span class='ocrx_word' id='word_1_62' title='bbox 1324 1060 1337 1075; x_wconf 88' lang='grc'><strong>·</strong></span> <span class='ocrx_word' id='word_1_63' title='bbox 1378 1047 1640 1114; x_wconf 74' lang='grc' dir='ltr'>γυναικὸς</span> <span class='ocrx_word' id='word_1_64' title='bbox 1681 1047 1804 1117; x_wconf 83' lang='grc' dir='ltr'>μὲν,</span> 
     </span>
    </p>
   </div>
   <div class='ocr_carea' id='block_1_12' title="bbox 227 1130 1808 1209">
    <p class='ocr_par' dir='ltr' id='par_1_12' title="bbox 227 1130 1808 1209">
     <span class='ocr_line' id='line_1_12' title="bbox 227 1130 1808 1209; baseline 0.009 -29"><span class='ocrx_word' id='word_1_65' title='bbox 227 1130 325 1181; x_wconf 86' lang='grc' dir='ltr'><strong>διά</strong></span> <span class='ocrx_word' id='word_1_66' title='bbox 366 1130 428 1181; x_wconf 85' lang='grc' dir='ltr'><strong>τὸ</strong></span> <span class='ocrx_word' id='word_1_67' title='bbox 475 1131 768 1202; x_wconf 84' lang='grc' dir='ltr'>πρόχειρον</span> <span class='ocrx_word' id='word_1_68' title='bbox 797 1135 899 1203; x_wconf 82' lang='grc' dir='ltr'>τῆς</span> <span class='ocrx_word' id='word_1_69' title='bbox 928 1136 1266 1206; x_wconf 86' lang='grc' dir='ltr'>γυμνώσεως</span> <span class='ocrx_word' id='word_1_70' title='bbox 1315 1141 1411 1192; x_wconf 70' lang='grc' dir='ltr'><strong>καὶ</strong></span> <span class='ocrx_word' id='word_1_71' title='bbox 1442 1140 1576 1209; x_wconf 78' lang='grc' dir='ltr'>πρὸς</span> <span class='ocrx_word' id='word_1_72' title='bbox 1613 1141 1671 1192; x_wconf 75' lang='grc' dir='ltr'>τὸ</span> <span class='ocrx_word' id='word_1_73' title='bbox 1709 1157 1808 1208; x_wconf 88' lang='grc' dir='ltr'>γυ-</span> 
     </span>
    </p>
   </div>
   <div class='ocr_carea' id='block_1_13' title="bbox 229 1218 1806 1300">
    <p class='ocr_par' dir='ltr' id='par_1_13' title="bbox 229 1218 1806 1300">
     <span class='ocr_line' id='line_1_13' title="bbox 229 1218 1806 1300; baseline 0.008 -28"><span class='ocrx_word' id='word_1_74' title='bbox 229 1239 298 1273; x_wconf 84' lang='grc' dir='ltr'><strong>να</strong></span> <span class='ocrx_word' id='word_1_75' title='bbox 310 1222 473 1275; x_wconf 83' lang='grc' dir='ltr'>ικεῖον</span> <span class='ocrx_word' id='word_1_76' title='bbox 504 1218 645 1286; x_wconf 77' lang='grc' dir='ltr'>εἶδος</span> <span class='ocrx_word' id='word_1_77' title='bbox 673 1224 1009 1294; x_wconf 82' lang='grc' dir='ltr'>ὁμοιώσεως,</span> <span class='ocrx_word' id='word_1_78' title='bbox 1034 1228 1249 1293; x_wconf 87' lang='grc' dir='ltr'>λέοντος</span> <span class='ocrx_word' id='word_1_79' title='bbox 1276 1232 1353 1292; x_wconf 80' lang='grc' dir='ltr'><strong>δὲ.</strong></span> <span class='ocrx_word' id='word_1_80' title='bbox 1391 1232 1479 1285; x_wconf 83' lang='grc' dir='ltr'>διὰ</span> <span class='ocrx_word' id='word_1_81' title='bbox 1514 1232 1576 1284; x_wconf 71' lang='grc' dir='ltr'>τὸ</span> <span class='ocrx_word' id='word_1_82' title='bbox 1602 1231 1806 1300; x_wconf 79' lang='grc' dir='ltr'>θηριῶ-</span> 
     </span>
    </p>
   </div>
   <div class='ocr_carea' id='block_1_14' title="bbox 228 1312 1809 1394">
    <p class='ocr_par' dir='ltr' id='par_1_14' title="bbox 228 1312 1809 1394">
     <span class='ocr_line' id='line_1_14' title="bbox 228 1312 1809 1394; baseline 0.009 -32"><span class='ocrx_word' id='word_1_83' title='bbox 228 1312 323 1371; x_wconf 82' lang='grc' dir='ltr'><strong>δες</strong></span> <span class='ocrx_word' id='word_1_84' title='bbox 346 1349 364 1377; x_wconf 92' lang='grc'><strong>,</strong></span> <span class='ocrx_word' id='word_1_85' title='bbox 398 1313 495 1364; x_wconf 60' lang='grc' dir='ltr'><strong>καὶ⁵</strong></span> <span class='ocrx_word' id='word_1_86' title='bbox 517 1313 598 1367; x_wconf 81' lang='grc' dir='ltr'>ὅτι</span> <span class='ocrx_word' id='word_1_87' title='bbox 640 1316 783 1368; x_wconf 86' lang='grc' dir='ltr'>κατὰ</span> <span class='ocrx_word' id='word_1_88' title='bbox 810 1317 873 1369; x_wconf 87' lang='grc' dir='ltr'><strong>τδ</strong></span> <span class='ocrx_word' id='word_1_89' title='bbox 922 1319 1178 1374; x_wconf 77' lang='grc' dir='ltr'>πλεῖστον</span> <span class='ocrx_word' id='word_1_90' title='bbox 1211 1325 1324 1386; x_wconf 87' lang='grc' dir='ltr'>τοῖς</span> <span class='ocrx_word' id='word_1_91' title='bbox 1375 1323 1639 1394; x_wconf 84' lang='grc' dir='ltr'>τέσσαρσι</span> <span class='ocrx_word' id='word_1_92' title='bbox 1676 1341 1809 1391; x_wconf 86' lang='grc' dir='ltr'>τυγ-</span> 
     </span>
    </p>
   </div>
   <div class='ocr_carea' id='block_1_15' title="bbox 234 1402 1807 1483">
    <p class='ocr_par' dir='ltr' id='par_1_15' title="bbox 234 1402 1807 1483">
     <span class='ocr_line' id='line_1_15' title="bbox 234 1402 1807 1483; baseline 0.008 -29"><span class='ocrx_word' id='word_1_93' title='bbox 234 1402 394 1468; x_wconf 78' lang='grc' dir='ltr'>χάνει</span> <span class='ocrx_word' id='word_1_94' title='bbox 427 1403 582 1455; x_wconf 77' lang='grc' dir='ltr'>ποσὶν</span> <span class='ocrx_word' id='word_1_95' title='bbox 614 1406 983 1475; x_wconf 82' lang='grc' dir='ltr'>ἐρειδόμενον.</span> <span class='ocrx_word' id='word_1_96' title='bbox 1018 1410 1192 1477; x_wconf 82' lang='grc' dir='ltr'>Λόγου</span> <span class='ocrx_word' id='word_1_97' title='bbox 1226 1411 1282 1463; x_wconf 88' lang='grc' dir='ltr'>δὲ</span> <span class='ocrx_word' id='word_1_98' title='bbox 1331 1411 1408 1480; x_wconf 86' lang='grc' dir='ltr'>τῷ</span> <span class='ocrx_word' id='word_1_99' title='bbox 1436 1413 1612 1482; x_wconf 85' lang='grc' dir='ltr'>θηρίῳ</span> <span class='ocrx_word' id='word_1_100' title='bbox 1646 1414 1807 1483; x_wconf 88' lang='grc' dir='ltr'>μετὲ-</span> 
     </span>
    </p>
   </div>
   <div class='ocr_carea' id='block_1_16' title="bbox 232 1489 1839 1570">
    <p class='ocr_par' dir='ltr' id='par_1_16' title="bbox 232 1489 1839 1570">
     <span class='ocr_line' id='line_1_16' title="bbox 232 1489 1839 1570; baseline -0.009 -4"><span class='ocrx_word' id='word_1_101' title='bbox 232 1489 382 1542; x_wconf 59' lang='lat' dir='ltr'><strong>am“</strong></span> <span class='ocrx_word' id='word_1_102' title='bbox 407 1491 465 1542; x_wconf 60' lang='grc' dir='ltr'><strong>τὸ</strong></span> <span class='ocrx_word' id='word_1_103' title='bbox 494 1491 744 1562; x_wconf 76' lang='grc' dir='ltr'><strong>’πλάσμαν</strong></span> <span class='ocrx_word' id='word_1_104' title='bbox 793 1495 879 1548; x_wconf 74' lang='grc' dir='ltr'><strong>διὰ</strong></span> <span class='ocrx_word' id='word_1_105' title='bbox 906 1496 967 1549; x_wconf 81' lang='grc' dir='ltr'><strong>τδ</strong></span> <span class='ocrx_word' id='word_1_106' title='bbox 998 1498 1099 1567; x_wconf 82' lang='grc' dir='ltr'>τῆς</span> <span class='ocrx_word' id='word_1_107' title='bbox 1139 1499 1327 1569; x_wconf 81' lang='grc' dir='ltr'>φωνῆς</span> <span class='ocrx_word' id='word_1_108' title='bbox 1361 1502 1770 1570; x_wconf 77' lang='grc' dir='ltr'>ἀνθρωποειδές</span> <span class='ocrx_word' id='word_1_109' title='bbox 1791 1518 1806 1532; x_wconf 78' lang='grc' dir='ltr'><strong>ο</strong></span> <span class='ocrx_word' id='word_1_110' title='bbox 1832 1518 1839 1527; x_wconf 90' lang='grc'><strong>·</strong></span> 
     </span>
    </p>
   </div>
   <div class='ocr_carea' id='block_1_17' title="bbox 236 1583 1810 1661">
    <p class='ocr_par' dir='ltr' id='par_1_17' title="bbox 236 1583 1810 1661">
     <span class='ocr_line' id='line_1_17' title="bbox 236 1583 1810 1661; baseline 0.008 -30"><span class='ocrx_word' id='word_1_111' title='bbox 236 1583 638 1651; x_wconf 77' lang='grc' dir='ltr'><strong>αἰνιγματῶδες</strong></span> <span class='ocrx_word' id='word_1_112' title='bbox 689 1585 765 1650; x_wconf 82' lang='grc' dir='ltr'>δὲ,</span> <span class='ocrx_word' id='word_1_113' title='bbox 814 1586 901 1641; x_wconf 78' lang='grc' dir='ltr'>διὰ</span> <span class='ocrx_word' id='word_1_114' title='bbox 933 1588 991 1641; x_wconf 86' lang='grc' dir='ltr'><strong>τὸ</strong></span> <span class='ocrx_word' id='word_1_115' title='bbox 1036 1590 1227 1660; x_wconf 79' lang='grc' dir='ltr'>ἄσημα</span> <span class='ocrx_word' id='word_1_116' title='bbox 1282 1593 1642 1661; x_wconf 78' lang='grc' dir='ltr'>φθέγγεσθαι.</span> <span class='ocrx_word' id='word_1_117' title='bbox 1702 1595 1810 1646; x_wconf 81' lang='grc' dir='ltr'><strong>Καὶ</strong></span> 
     </span>
    </p>
   </div>
   <div class='ocr_carea' id='block_1_18' title="bbox 239 1675 1806 1751">
    <p class='ocr_par' dir='ltr' id='par_1_18' title="bbox 239 1675 1806 1751">
     <span class='ocr_line' id='line_1_18' title="bbox 239 1675 1806 1751; baseline 0.009 -30"><span class='ocrx_word' id='word_1_118' title='bbox 239 1675 556 1740; x_wconf 76' lang='grc' dir='ltr'>θαυμαστὸν</span> <span class='ocrx_word' id='word_1_119' title='bbox 590 1675 744 1728; x_wconf 72' lang='grc' dir='ltr'>οὐδέν</span> <span class='ocrx_word' id='word_1_120' title='bbox 767 1695 780 1710; x_wconf 88' lang='grc'><strong>·</strong></span> <span class='ocrx_word' id='word_1_121' title='bbox 812 1679 985 1732; x_wconf 84' lang='grc' dir='ltr'>πολλὰ</span> <span class='ocrx_word' id='word_1_122' title='bbox 1013 1680 1124 1751; x_wconf 79' lang='grc' dir='ltr'>γὰρ</span> <span class='ocrx_word' id='word_1_123' title='bbox 1149 1682 1243 1733; x_wconf 76' lang='grc' dir='ltr'>καὶ</span> <span class='ocrx_word' id='word_1_124' title='bbox 1272 1681 1409 1736; x_wconf 86' lang='grc' dir='ltr'>ἀλλα</span> <span class='ocrx_word' id='word_1_125' title='bbox 1440 1681 1672 1751; x_wconf 78' lang='grc' dir='ltr'>σύνηθες</span> <span class='ocrx_word' id='word_1_126' title='bbox 1695 1686 1806 1747; x_wconf 82' lang='grc' dir='ltr'>τοῖς</span> 
     </span>
    </p>
   </div>
   <div class='ocr_carea' id='block_1_19' title="bbox 245 1765 1810 1846">
    <p class='ocr_par' dir='ltr' id='par_1_19' title="bbox 245 1765 1810 1846">
     <span class='ocr_line' id='line_1_19' title="bbox 245 1765 1810 1846; baseline 0.008 -29"><span class='ocrx_word' id='word_1_127' title='bbox 245 1765 467 1836; x_wconf 82' lang='grc' dir='ltr'>Ἕλλησι</span> <span class='ocrx_word' id='word_1_128' title='bbox 510 1768 644 1840; x_wconf 84' lang='grc' dir='ltr'>πρὸς</span> <span class='ocrx_word' id='word_1_129' title='bbox 674 1770 736 1824; x_wconf 82' lang='grc' dir='ltr'>τὸ</span> <span class='ocrx_word' id='word_1_130' title='bbox 769 1772 1017 1839; x_wconf 81' lang='grc' dir='ltr'><strong>μυθῶδες</strong></span> <span class='ocrx_word' id='word_1_131' title='bbox 1051 1773 1438 1829; x_wconf 78' lang='grc' dir='ltr'>ἀναπλάττειν.</span> <span class='ocrx_word' id='word_1_132' title='bbox 1489 1774 1553 1828; x_wconf 83' lang='grc' dir='ltr'><strong>Ἦ</strong></span> <span class='ocrx_word' id='word_1_133' title='bbox 1594 1775 1730 1846; x_wconf 75' lang='grc' dir='ltr'>αὑτὴ</span> <span class='ocrx_word' id='word_1_134' title='bbox 1752 1776 1810 1830; x_wconf 79' lang='grc' dir='ltr'><strong>δὲ</strong></span> 
     </span>
    </p>
   </div>
   <div class='ocr_carea' id='block_1_20' title="bbox 252 1844 1885 1938">
    <p class='ocr_par' dir='ltr' id='par_1_20' title="bbox 252 1844 1885 1938">
     <span class='ocr_line' id='line_1_20' title="bbox 252 1844 1885 1938; baseline 0.009 -32"><span class='ocrx_word' id='word_1_135' title='bbox 252 1856 398 1927; x_wconf 79' lang='grc' dir='ltr'>χώρα</span> <span class='ocrx_word' id='word_1_136' title='bbox 428 1862 517 1911; x_wconf 73' lang='grc' dir='ltr'>καὶ</span> <span class='ocrx_word' id='word_1_137' title='bbox 549 1860 704 1926; x_wconf 79' lang='grc' dir='ltr'>ὅνους</span> <span class='ocrx_word' id='word_1_138' title='bbox 748 1863 973 1932; x_wconf 77' lang='grc' dir='ltr'><strong>ἀγρίους</strong></span> <span class='ocrx_word' id='word_1_139' title='bbox 1015 1867 1311 1934; x_wconf 79' lang='grc' dir='ltr'><strong>μεγίστους</strong></span> <span class='ocrx_word' id='word_1_140' title='bbox 1353 1884 1413 1920; x_wconf 87' lang='grc' dir='ltr'><strong>τε</strong></span> <span class='ocrx_word' id='word_1_141' title='bbox 1457 1867 1539 1938; x_wconf 81' lang='grc' dir='ltr'>τῷ</span> <span class='ocrx_word' id='word_1_142' title='bbox 1592 1844 1811 1938; x_wconf 69' lang='grc' dir='ltr'>μεγέθει</span> <span class='ocrx_word' id='word_1_143' title='bbox 1841 1844 1885 1899; x_wconf 72' lang='grc' dir='ltr'><strong><em>Β</em></strong></span> 
     </span>
    </p>
   </div>
   <div class='ocr_carea' id='block_1_21' title="bbox 258 1950 1816 2032">
    <p class='ocr_par' dir='ltr' id='par_1_21' title="bbox 258 1950 1816 2032">
     <span class='ocr_line' id='line_1_21' title="bbox 258 1950 1816 2032; baseline 0.01 -32"><span class='ocrx_word' id='word_1_144' title='bbox 258 1950 424 2019; x_wconf 77' lang='grc' dir='ltr'>φέρει,</span> <span class='ocrx_word' id='word_1_145' title='bbox 456 1952 550 2005; x_wconf 76' lang='grc' dir='ltr'><strong>καὶ</strong></span> <span class='ocrx_word' id='word_1_146' title='bbox 583 1955 681 2022; x_wconf 83' lang='grc' dir='ltr'><strong>τὴν</strong></span> <span class='ocrx_word' id='word_1_147' title='bbox 730 1955 895 2026; x_wconf 88' lang='grc' dir='ltr'>δοράν</span> <span class='ocrx_word' id='word_1_148' title='bbox 927 1959 1068 2010; x_wconf 78' lang='grc' dir='ltr'><strong>κατά</strong></span> <span class='ocrx_word' id='word_1_149' title='bbox 1106 1959 1167 2012; x_wconf 83' lang='grc' dir='ltr'>τὸ</span> <span class='ocrx_word' id='word_1_150' title='bbox 1196 1960 1405 2026; x_wconf 79' lang='grc' dir='ltr'>ξενίζον</span> <span class='ocrx_word' id='word_1_151' title='bbox 1449 1961 1816 2032; x_wconf 83' lang='grc' dir='ltr'>πεποικιλμέ-</span> 
     </span>
    </p>
   </div>
   <div class='ocr_carea' id='block_1_22' title="bbox 254 2043 1816 2122">
    <p class='ocr_par' dir='ltr' id='par_1_22' title="bbox 254 2043 1816 2122">
     <span class='ocr_line' id='line_1_22' title="bbox 254 2043 1816 2122; baseline 0.01 -30"><span class='ocrx_word' id='word_1_152' title='bbox 254 2057 391 2107; x_wconf 83' lang='grc' dir='ltr'>νους,</span> <span class='ocrx_word' id='word_1_153' title='bbox 426 2043 622 2098; x_wconf 80' lang='grc' dir='ltr'>λευκοῦ</span> <span class='ocrx_word' id='word_1_154' title='bbox 647 2048 800 2115; x_wconf 82' lang='grc' dir='ltr'>σφίσι</span> <span class='ocrx_word' id='word_1_155' title='bbox 842 2051 939 2102; x_wconf 76' lang='grc' dir='ltr'>καὶ</span> <span class='ocrx_word' id='word_1_156' title='bbox 975 2049 1210 2118; x_wconf 86' lang='grc' dir='ltr'>μέλανος</span> <span class='ocrx_word' id='word_1_157' title='bbox 1241 2051 1534 2122; x_wconf 85' lang='grc' dir='ltr'>χρώματος</span> <span class='ocrx_word' id='word_1_158' title='bbox 1579 2055 1640 2106; x_wconf 80' lang='grc' dir='ltr'>οὐ</span> <span class='ocrx_word' id='word_1_159' title='bbox 1673 2054 1816 2108; x_wconf 78' lang='grc' dir='ltr'>κατά</span> 
     </span>
    </p>
   </div>
   <div class='ocr_carea' id='block_1_23' title="bbox 251 2134 1818 2209">
    <p class='ocr_par' dir='ltr' id='par_1_23' title="bbox 251 2134 1818 2209">
     <span class='ocr_line' id='line_1_23' title="bbox 251 2134 1818 2209; baseline 0.007 -25"><span class='ocrx_word' id='word_1_160' title='bbox 251 2134 447 2203; x_wconf 80' lang='grc' dir='ltr'>μικρὸν</span> <span class='ocrx_word' id='word_1_161' title='bbox 498 2137 1029 2209; x_wconf 73' lang='grc' dir='ltr'>συμποικιλλομένου</span> <span class='ocrx_word' id='word_1_162' title='bbox 1052 2155 1066 2169; x_wconf 77' lang='grc'><strong>⁸</strong></span> <span class='ocrx_word' id='word_1_163' title='bbox 1109 2139 1246 2195; x_wconf 86' lang='grc' dir='ltr'><strong>ἀλλά</strong></span> <span class='ocrx_word' id='word_1_164' title='bbox 1281 2141 1453 2207; x_wconf 82' lang='grc' dir='ltr'>ζῶναί</span> <span class='ocrx_word' id='word_1_165' title='bbox 1499 2145 1644 2206; x_wconf 82' lang='grc' dir='ltr'>τινές</span> <span class='ocrx_word' id='word_1_166' title='bbox 1677 2146 1818 2198; x_wconf 85' lang='grc' dir='ltr'>είσιν</span> 
     </span>
    </p>
   </div>
   <div class='ocr_carea' id='block_1_24' title="bbox 248 2226 1818 2306">
    <p class='ocr_par' dir='ltr' id='par_1_24' title="bbox 248 2226 1818 2306">
     <span class='ocr_line' id='line_1_24' title="bbox 248 2226 1818 2306; baseline 0.008 -29"><span class='ocrx_word' id='word_1_167' title='bbox 248 2226 358 2278; x_wconf 86' lang='grc' dir='ltr'><strong>ἀπὸ</strong></span> <span class='ocrx_word' id='word_1_168' title='bbox 385 2227 483 2295; x_wconf 82' lang='grc' dir='ltr'>τῆς</span> <span class='ocrx_word' id='word_1_169' title='bbox 510 2229 720 2299; x_wconf 74' lang='grc' dir='ltr'>ῥάχεως</span> <span class='ocrx_word' id='word_1_170' title='bbox 750 2230 846 2283; x_wconf 71' lang='grc' dir='ltr'><strong>ἐπὶ</strong></span> <span class='ocrx_word' id='word_1_171' title='bbox 885 2230 984 2295; x_wconf 77' lang='grc' dir='ltr'>τὰς</span> <span class='ocrx_word' id='word_1_172' title='bbox 1031 2231 1274 2302; x_wconf 81' lang='grc' dir='ltr'>πλευρὰς</span> <span class='ocrx_word' id='word_1_173' title='bbox 1326 2235 1424 2287; x_wconf 71' lang='grc' dir='ltr'>καὶ</span> <span class='ocrx_word' id='word_1_174' title='bbox 1457 2236 1559 2306; x_wconf 78' lang='grc' dir='ltr'>τὴν</span> <span class='ocrx_word' id='word_1_175' title='bbox 1606 2237 1818 2290; x_wconf 80' lang='grc' dir='ltr'>κοιλίαν</span> 
     </span>
    </p>
   </div>
   <div class='ocr_carea' id='block_1_25' title="bbox 249 2318 1821 2398">
    <p class='ocr_par' dir='ltr' id='par_1_25' title="bbox 249 2318 1821 2398">
     <span class='ocr_line' id='line_1_25' title="bbox 249 2318 1821 2398; baseline 0.01 -29"><span class='ocrx_word' id='word_1_176' title='bbox 249 2318 612 2389; x_wconf 80' lang='grc' dir='ltr'>καθήκουσαι,</span> <span class='ocrx_word' id='word_1_177' title='bbox 645 2322 738 2375; x_wconf 78' lang='grc' dir='ltr'><strong>καὶ</strong></span> <span class='ocrx_word' id='word_1_178' title='bbox 787 2324 1021 2379; x_wconf 77' lang='grc' dir='ltr'>ἐνταῦθα</span> <span class='ocrx_word' id='word_1_179' title='bbox 1062 2327 1127 2396; x_wconf 82' lang='grc' dir='ltr'>δὴ</span> <span class='ocrx_word' id='word_1_180' title='bbox 1180 2327 1503 2398; x_wconf 81' lang='grc' dir='ltr'>σχιζόμεναι</span> <span class='ocrx_word' id='word_1_181' title='bbox 1539 2331 1631 2383; x_wconf 74' lang='grc' dir='ltr'><strong>καὶ</strong></span> <span class='ocrx_word' id='word_1_182' title='bbox 1676 2330 1821 2385; x_wconf 78' lang='grc' dir='ltr'>κατά</span> 
     </span>
    </p>
   </div>
   <div class='ocr_carea' id='block_1_26' title="bbox 244 2415 1820 2495">
    <p class='ocr_par' dir='ltr' id='par_1_26' title="bbox 244 2415 1820 2495">
     <span class='ocr_line' id='line_1_26' title="bbox 244 2415 1820 2495; baseline 0.009 -31"><span class='ocrx_word' id='word_1_183' title='bbox 244 2430 403 2477; x_wconf 81' lang='grc' dir='ltr'>τινας</span> <span class='ocrx_word' id='word_1_184' title='bbox 453 2416 805 2485; x_wconf 72' lang='grc' dir='ltr'>περιφερείας</span> <span class='ocrx_word' id='word_1_185' title='bbox 843 2415 1103 2489; x_wconf 81' lang='grc' dir='ltr'><strong>ἀλλήλαις</strong></span> <span class='ocrx_word' id='word_1_186' title='bbox 1147 2420 1574 2491; x_wconf 71' lang='grc' dir='ltr'>ινελιττόμεναι,</span> <span class='ocrx_word' id='word_1_187' title='bbox 1601 2420 1820 2495; x_wconf 83' lang='grc' dir='ltr'>θαυμα-</span> 
     </span>
    </p>
   </div>
   <div class='ocr_carea' id='block_1_27' title="bbox 247 2507 1824 2584">
    <p class='ocr_par' dir='ltr' id='par_1_27' title="bbox 247 2507 1824 2584">
     <span class='ocr_line' id='line_1_27' title="bbox 247 2507 1824 2584; baseline 0.008 -27"><span class='ocrx_word' id='word_1_188' title='bbox 247 2507 384 2577; x_wconf 81' lang='grc' dir='ltr'>στήν</span> <span class='ocrx_word' id='word_1_189' title='bbox 413 2524 534 2561; x_wconf 85' lang='grc' dir='ltr'>τινα</span> <span class='ocrx_word' id='word_1_190' title='bbox 581 2510 674 2562; x_wconf 74' lang='grc' dir='ltr'><strong>καὶ</strong></span> <span class='ocrx_word' id='word_1_191' title='bbox 698 2509 859 2581; x_wconf 74' lang='grc' dir='ltr'>ξένην</span> <span class='ocrx_word' id='word_1_192' title='bbox 896 2511 1308 2583; x_wconf 80' lang='grc' dir='ltr'>ἀπεργάζονται</span> <span class='ocrx_word' id='word_1_193' title='bbox 1339 2514 1551 2584; x_wconf 79' lang='grc' dir='ltr'>πλοκὴν</span> <span class='ocrx_word' id='word_1_194' title='bbox 1576 2518 1676 2571; x_wconf 74' lang='grc' dir='ltr'><strong>καὶ</strong></span> <span class='ocrx_word' id='word_1_195' title='bbox 1699 2535 1824 2572; x_wconf 81' lang='grc' dir='ltr'>ποι-</span> 
     </span>
    </p>
   </div>
   <div class='ocr_carea' id='block_1_28' title="bbox 247 2586 1822 2683">
    <p class='ocr_par' dir='ltr' id='par_1_28' title="bbox 247 2586 1822 2683">
     <span class='ocr_line' id='line_1_28' title="bbox 247 2586 1822 2683; baseline 0.009 -32"><span class='ocrx_word' id='word_1_196' title='bbox 247 2598 452 2655; x_wconf 81' lang='grc' dir='ltr'>κιλίαν.</span> <span class='ocrx_word' id='word_1_197' title='bbox 495 2601 634 2656; x_wconf 83' lang='grc' dir='ltr'>Ἀλλ’</span> <span class='ocrx_word' id='word_1_198' title='bbox 657 2602 758 2672; x_wconf 83' lang='grc' dir='ltr'><strong>ἀγε</strong></span> <span class='ocrx_word' id='word_1_199' title='bbox 784 2604 849 2676; x_wconf 81' lang='grc' dir='ltr'>δὴ</span> <span class='ocrx_word' id='word_1_200' title='bbox 885 2607 980 2659; x_wconf 80' lang='grc' dir='ltr'><strong>και</strong></span> <span class='ocrx_word' id='word_1_201' title='bbox 1005 2607 1032 2658; x_wconf 81' lang='lat'><strong>6</strong></span> <span class='ocrx_word' id='word_1_202' title='bbox 1065 2607 1261 2683; x_wconf 76' lang='grc' dir='ltr'>φοῖνιξ,</span> <span class='ocrx_word' id='word_1_203' title='bbox 1292 2608 1354 2662; x_wconf 78' lang='grc' dir='ltr'><strong>τὸ</strong></span> <span class='ocrx_word' id='word_1_204' title='bbox 1381 2586 1822 2680; x_wconf 76' lang='grc' dir='ltr'>πολυθρύλλητον</span> 
     </span>
    </p>
   </div>
   <div class='ocr_carea' id='block_1_29' title="bbox 250 2688 1822 2770">
    <p class='ocr_par' dir='ltr' id='par_1_29' title="bbox 250 2688 1822 2770">
     <span class='ocr_line' id='line_1_29' title="bbox 250 2688 1822 2770; baseline 0.008 -30"><span class='ocrx_word' id='word_1_205' title='bbox 250 2688 477 2759; x_wconf 82' lang='grc' dir='ltr'>πτηνὸν,</span> <span class='ocrx_word' id='word_1_206' title='bbox 509 2689 639 2761; x_wconf 85' lang='grc' dir='ltr'>παρ’</span> <span class='ocrx_word' id='word_1_207' title='bbox 686 2695 869 2760; x_wconf 83' lang='grc' dir='ltr'>αὐτοῖς</span> <span class='ocrx_word' id='word_1_208' title='bbox 908 2697 1169 2766; x_wconf 82' lang='grc' dir='ltr'>τυγχάνει</span> <span class='ocrx_word' id='word_1_209' title='bbox 1209 2701 1518 2769; x_wconf 85' lang='grc' dir='ltr'>γινόμενος.</span> <span class='ocrx_word' id='word_1_210' title='bbox 1571 2701 1683 2754; x_wconf 72' lang='grc' dir='ltr'><strong>Καὶ</strong></span> <span class='ocrx_word' id='word_1_211' title='bbox 1720 2701 1822 2770; x_wconf 80' lang='grc' dir='ltr'>μὲν</span> 
     </span>
    </p>
   </div>
   <div class='ocr_carea' id='block_1_30' title="bbox 248 2780 1823 2863">
    <p class='ocr_par' dir='ltr' id='par_1_30' title="bbox 248 2780 1823 2863">
     <span class='ocr_line' id='line_1_30' title="bbox 248 2780 1823 2863; baseline 0.009 -30"><span class='ocrx_word' id='word_1_212' title='bbox 248 2780 314 2852; x_wconf 80' lang='grc' dir='ltr'>δὴ</span> <span class='ocrx_word' id='word_1_213' title='bbox 348 2788 447 2834; x_wconf 78' lang='grc' dir='ltr'>καὶ</span> <span class='ocrx_word' id='word_1_214' title='bbox 487 2784 585 2854; x_wconf 79' lang='grc' dir='ltr'>τὴν</span> <span class='ocrx_word' id='word_1_215' title='bbox 612 2783 883 2858; x_wconf 76' lang='grc' dir='ltr'>ψιττάκην</span> <span class='ocrx_word' id='word_1_216' title='bbox 919 2789 1130 2843; x_wconf 68' lang='grc' dir='ltr'>ἐκεῖθεν</span> <span class='ocrx_word' id='word_1_217' title='bbox 1165 2790 1326 2860; x_wconf 78' lang='grc' dir='ltr'>ἴσμεν</span> <span class='ocrx_word' id='word_1_218' title='bbox 1359 2793 1767 2863; x_wconf 82' lang='grc' dir='ltr'>κομιζομένην’</span> <span class='ocrx_word' id='word_1_219' title='bbox 1795 2793 1823 2847; x_wconf 83' lang='grc' dir='ltr'><strong>ὃ</strong></span> 
     </span>
    </p>
   </div>
   <div class='ocr_carea' id='block_1_31' title="bbox 250 2875 1825 2957">
    <p class='ocr_par' dir='ltr' id='par_1_31' title="bbox 250 2875 1825 2957">
     <span class='ocr_line' id='line_1_31' title="bbox 250 2875 1825 2957; baseline 0.01 -30"><span class='ocrx_word' id='word_1_220' title='bbox 250 2875 359 2928; x_wconf 79' lang='grc' dir='ltr'><strong>τῶν</strong></span> <span class='ocrx_word' id='word_1_221' title='bbox 387 2876 594 2947; x_wconf 78' lang='grc' dir='ltr'><strong>ὀρνέων</strong></span> <span class='ocrx_word' id='word_1_222' title='bbox 646 2878 765 2932; x_wconf 68' lang='grc' dir='ltr'>ἐστὶ</span> <span class='ocrx_word' id='word_1_223' title='bbox 802 2880 1148 2950; x_wconf 87' lang='grc' dir='ltr'>λαλίστατον,</span> <span class='ocrx_word' id='word_1_224' title='bbox 1195 2885 1292 2939; x_wconf 73' lang='grc' dir='ltr'>καὶ</span> <span class='ocrx_word' id='word_1_225' title='bbox 1335 2886 1435 2956; x_wconf 78' lang='grc' dir='ltr'>τῆς</span> <span class='ocrx_word' id='word_1_226' title='bbox 1472 2886 1825 2957; x_wconf 84' lang='grc' dir='ltr'>ἀνθρωπίνης</span> 
     </span>
    </p>
   </div>
   <div class='ocr_carea' id='block_1_32' title="bbox 252 2968 1827 3042">
    <p class='ocr_par' dir='ltr' id='par_1_32' title="bbox 252 2968 1827 3042">
     <span class='ocr_line' id='line_1_32' title="bbox 252 2968 1827 3042; baseline 0.006 -22"><span class='ocrx_word' id='word_1_227' title='bbox 252 2968 497 3040; x_wconf 85' lang='grc' dir='ltr'>γλώττης</span> <span class='ocrx_word' id='word_1_228' title='bbox 535 2973 982 3042; x_wconf 86' lang='grc' dir='ltr'>μιμητικώτατον</span> <span class='ocrx_word' id='word_1_229' title='bbox 1006 2992 1021 3008; x_wconf 88' lang='grc'><strong>·</strong></span> <span class='ocrx_word' id='word_1_230' title='bbox 1057 2977 1300 3041; x_wconf 79' lang='grc' dir='ltr'>καὶτοὺς</span> <span class='ocrx_word' id='word_1_231' title='bbox 1325 2978 1606 3041; x_wconf 84' lang='grc' dir='ltr'>ποικίλους</span> <span class='ocrx_word' id='word_1_232' title='bbox 1637 2977 1697 3031; x_wconf 80' lang='grc' dir='ltr'>δὲ</span> <span class='ocrx_word' id='word_1_233' title='bbox 1728 2978 1827 3031; x_wconf 74' lang='grc' dir='ltr'>καὶ</span> 
     </span>
    </p>
   </div>
   <div class='ocr_carea' id='block_1_33' title="bbox 254 3064 1827 3139">
    <p class='ocr_par' dir='ltr' id='par_1_33' title="bbox 254 3064 1827 3139">
     <span class='ocr_line' id='line_1_33' title="bbox 254 3064 1827 3139; baseline 0.008 -28"><span class='ocrx_word' id='word_1_234' title='bbox 254 3068 601 3129; x_wconf 71' lang='grc' dir='ltr'>καταστιγείς</span> <span class='ocrx_word' id='word_1_235' title='bbox 652 3064 825 3136; x_wconf 78' lang='grc' dir='ltr'>ὅρνις,</span> <span class='ocrx_word' id='word_1_236' title='bbox 859 3066 952 3131; x_wconf 83' lang='grc' dir='ltr'><strong>οὒς</strong></span> <span class='ocrx_word' id='word_1_237' title='bbox 992 3070 1354 3139; x_wconf 79' lang='grc' dir='ltr'>γαράμαντας</span> <span class='ocrx_word' id='word_1_238' title='bbox 1392 3069 1716 3124; x_wconf 79' lang='grc' dir='ltr'>ἐπικαλοῦσί</span> <span class='ocrx_word' id='word_1_239' title='bbox 1746 3088 1827 3123; x_wconf 89' lang='grc' dir='ltr'>τι-</span> 
     </span>
    </p>
   </div>
   <div class='ocr_carea' id='block_1_34' title="bbox 1914 577 3476 659">
    <p class='ocr_par' dir='ltr' id='par_1_34' title="bbox 1914 577 3476 659">
     <span class='ocr_line' id='line_1_34' title="bbox 1914 577 3476 659; baseline -0.011 -14"><span class='ocrx_word' id='word_1_240' title='bbox 1914 590 2006 645; x_wconf 90' lang='lat' dir='ltr'><strong>isti</strong></span> <span class='ocrx_word' id='word_1_241' title='bbox 2055 589 2337 659; x_wconf 71' lang='lat' dir='ltr'><strong>efﬁngunt,</strong></span> <span class='ocrx_word' id='word_1_242' title='bbox 2373 585 2519 658; x_wconf 90' lang='lat' dir='ltr'><strong>quod</strong></span> <span class='ocrx_word' id='word_1_243' title='bbox 2554 585 2813 640; x_wconf 81' lang='lat' dir='ltr'><strong>celeriter</strong></span> <span class='ocrx_word' id='word_1_244' title='bbox 2846 583 2900 636; x_wconf 90' lang='lat' dir='ltr'><strong>in</strong></span> <span class='ocrx_word' id='word_1_245' title='bbox 2951 579 3142 634; x_wconf 80' lang='lat' dir='ltr'><strong>obvios</strong></span> <span class='ocrx_word' id='word_1_246' title='bbox 3188 577 3476 631; x_wconf 87' lang='lat' dir='ltr'><strong>involaret.</strong></span> 
     </span>
    </p>
   </div>
   <div class='ocr_carea' id='block_1_35' title="bbox 1910 669 3483 750">
    <p class='ocr_par' dir='ltr' id='par_1_35' title="bbox 1910 669 3483 750">
     <span class='ocr_line' id='line_1_35' title="bbox 1910 669 3483 750; baseline -0.011 -14"><span class='ocrx_word' id='word_1_247' title='bbox 1910 682 2134 737; x_wconf 83' lang='lat' dir='ltr'><strong>Eaedem</strong></span> <span class='ocrx_word' id='word_1_248' title='bbox 2168 683 2245 735; x_wconf 89' lang='lat' dir='ltr'><strong>illi</strong></span> <span class='ocrx_word' id='word_1_249' title='bbox 2271 690 2466 750; x_wconf 83' lang='lat' dir='ltr'><strong>pectus</strong></span> <span class='ocrx_word' id='word_1_250' title='bbox 2490 676 2746 732; x_wconf 86' lang='lat' dir='ltr'><strong>mulieris</strong></span> <span class='ocrx_word' id='word_1_251' title='bbox 2768 682 2823 728; x_wconf 88' lang='lat' dir='ltr'><strong>et</strong></span> <span class='ocrx_word' id='word_1_252' title='bbox 2846 686 3050 743; x_wconf 88' lang='lat' dir='ltr'><strong>corpus</strong></span> <span class='ocrx_word' id='word_1_253' title='bbox 3071 669 3245 725; x_wconf 88' lang='lat' dir='ltr'><strong>leonis</strong></span> <span class='ocrx_word' id='word_1_254' title='bbox 3268 683 3483 722; x_wconf 86' lang='lat' dir='ltr'><strong>accom-</strong></span> 
     </span>
    </p>
   </div>
   <div class='ocr_carea' id='block_1_36' title="bbox 1912 758 3485 838">
    <p class='ocr_par' dir='ltr' id='par_1_36' title="bbox 1912 758 3485 838">
     <span class='ocr_line' id='line_1_36' title="bbox 1912 758 3485 838; baseline -0.011 -12"><span class='ocrx_word' id='word_1_255' title='bbox 1912 772 2139 827; x_wconf 89' lang='lat' dir='ltr'><strong>modant</strong></span> <span class='ocrx_word' id='word_1_256' title='bbox 2174 786 2187 823; x_wconf 91' lang='lat'><strong>:</strong></span> <span class='ocrx_word' id='word_1_257' title='bbox 2223 769 2378 823; x_wconf 88' lang='lat' dir='ltr'><strong>illud.</strong></span> <span class='ocrx_word' id='word_1_258' title='bbox 2398 777 2628 838; x_wconf 89' lang='lat' dir='ltr'><strong>propter</strong></span> <span class='ocrx_word' id='word_1_259' title='bbox 2658 764 2927 819; x_wconf 88' lang='lat' dir='ltr'><strong>nuditatis</strong></span> <span class='ocrx_word' id='word_1_260' title='bbox 2957 758 3400 815; x_wconf 73' lang='lat' dir='ltr'><strong>commoditatem</strong></span> <span class='ocrx_word' id='word_1_261' title='bbox 3428 768 3485 809; x_wconf 89' lang='lat' dir='ltr'><strong>et</strong></span> 
     </span>
    </p>
   </div>
   <div class='ocr_carea' id='block_1_37' title="bbox 1911 851 3480 921">
    <p class='ocr_par' dir='ltr' id='par_1_37' title="bbox 1911 851 3480 921">
     <span class='ocr_line' id='line_1_37' title="bbox 1911 851 3480 921; baseline -0.011 -4"><span class='ocrx_word' id='word_1_262' title='bbox 1911 861 2209 917; x_wconf 86' lang='lat' dir='ltr'><strong>muliebris</strong></span> <span class='ocrx_word' id='word_1_263' title='bbox 2245 860 2436 913; x_wconf 73' lang='lat' dir='ltr'><strong>formae</strong></span> <span class='ocrx_word' id='word_1_264' title='bbox 2460 857 2904 920; x_wconf 86' lang='lat' dir='ltr'><strong>similitudinem,</strong></span> <span class='ocrx_word' id='word_1_265' title='bbox 2940 854 3045 908; x_wconf 90' lang='lat' dir='ltr'><strong>hoc</strong></span> <span class='ocrx_word' id='word_1_266' title='bbox 3081 860 3306 921; x_wconf 89' lang='lat' dir='ltr'><strong>propter</strong></span> <span class='ocrx_word' id='word_1_267' title='bbox 3332 851 3480 903; x_wconf 81' lang='lat' dir='ltr'><strong>fero-</strong></span> 
     </span>
    </p>
   </div>
   <div class='ocr_carea' id='block_1_38' title="bbox 1911 938 3481 1018">
    <p class='ocr_par' dir='ltr' id='par_1_38' title="bbox 1911 938 3481 1018">
     <span class='ocr_line' id='line_1_38' title="bbox 1911 938 3481 1018; baseline -0.011 -10"><span class='ocrx_word' id='word_1_268' title='bbox 1911 954 2161 1017; x_wconf 89' lang='lat' dir='ltr'><strong>citatem,</strong></span> <span class='ocrx_word' id='word_1_269' title='bbox 2190 960 2245 1004; x_wconf 89' lang='lat' dir='ltr'><strong>et</strong></span> <span class='ocrx_word' id='word_1_270' title='bbox 2278 949 2424 1018; x_wconf 89' lang='lat' dir='ltr'><strong>quod</strong></span> <span class='ocrx_word' id='word_1_271' title='bbox 2466 948 2766 1018; x_wconf 88' lang='lat' dir='ltr'><strong>plurimum</strong></span> <span class='ocrx_word' id='word_1_272' title='bbox 2800 954 3039 1016; x_wconf 92' lang='lat' dir='ltr'><strong>quatuor</strong></span> <span class='ocrx_word' id='word_1_273' title='bbox 3068 938 3288 999; x_wconf 83' lang='lat' dir='ltr'><strong>insistat</strong></span> <span class='ocrx_word' id='word_1_274' title='bbox 3325 940 3481 1011; x_wconf 83' lang='lat' dir='ltr'><strong>pcdi-</strong></span> 
     </span>
    </p>
   </div>
   <div class='ocr_carea' id='block_1_39' title="bbox 1910 1033 3481 1109">
    <p class='ocr_par' dir='ltr' id='par_1_39' title="bbox 1910 1033 3481 1109">
     <span class='ocr_line' id='line_1_39' title="bbox 1910 1033 3481 1109; baseline -0.008 -11"><span class='ocrx_word' id='word_1_275' title='bbox 1910 1045 2036 1100; x_wconf 87' lang='lat' dir='ltr'><strong>bus.</strong></span> <span class='ocrx_word' id='word_1_276' title='bbox 2094 1043 2417 1097; x_wconf 87' lang='lat' dir='ltr'><strong>Sermoncm</strong></span> <span class='ocrx_word' id='word_1_277' title='bbox 2473 1054 2693 1109; x_wconf 88' lang='lat' dir='ltr'><strong>quoque</strong></span> <span class='ocrx_word' id='word_1_278' title='bbox 2752 1037 2802 1090; x_wconf 91' lang='lat' dir='ltr'><strong>ei</strong></span> <span class='ocrx_word' id='word_1_279' title='bbox 2869 1037 3185 1105; x_wconf 81' lang='lat' dir='ltr'><strong>ﬁgmentum</strong></span> <span class='ocrx_word' id='word_1_280' title='bbox 3252 1033 3481 1092; x_wconf 87' lang='lat' dir='ltr'><strong>tribuit.</strong></span> 
     </span>
    </p>
   </div>
   <div class='ocr_carea' id='block_1_40' title="bbox 1916 1125 3485 1206">
    <p class='ocr_par' dir='ltr' id='par_1_40' title="bbox 1916 1125 3485 1206">
     <span class='ocr_line' id='line_1_40' title="bbox 1916 1125 3485 1206; baseline -0.008 -19"><span class='ocrx_word' id='word_1_281' title='bbox 1916 1138 2061 1206; x_wconf 88' lang='lat' dir='ltr'><strong>quod</strong></span> <span class='ocrx_word' id='word_1_282' title='bbox 2091 1149 2192 1185; x_wconf 90' lang='lat' dir='ltr'><strong>vox</strong></span> <span class='ocrx_word' id='word_1_283' title='bbox 2223 1134 2343 1203; x_wconf 85' lang='lat' dir='ltr'><strong>ejus</strong></span> <span class='ocrx_word' id='word_1_284' title='bbox 2374 1132 2630 1185; x_wconf 74' lang='lat' dir='ltr'><strong>humanae</strong></span> <span class='ocrx_word' id='word_1_285' title='bbox 2656 1128 2960 1184; x_wconf 72' lang='lat' dir='ltr'><strong>conformis</strong></span> <span class='ocrx_word' id='word_1_286' title='bbox 2985 1135 3132 1181; x_wconf 84' lang='lat' dir='ltr'><strong>esset</strong></span> <span class='ocrx_word' id='word_1_287' title='bbox 3160 1142 3173 1180; x_wconf 85' lang='lat'><strong>:</strong></span> <span class='ocrx_word' id='word_1_288' title='bbox 3209 1125 3404 1177; x_wconf 80' lang='lat' dir='ltr'><strong>tribuit</strong></span> <span class='ocrx_word' id='word_1_289' title='bbox 3430 1134 3485 1177; x_wconf 84' lang='lat' dir='ltr'><strong>ct</strong></span> 
     </span>
    </p>
   </div>
   <div class='ocr_carea' id='block_1_41' title="bbox 1910 1216 3486 1297">
    <p class='ocr_par' dir='ltr' id='par_1_41' title="bbox 1910 1216 3486 1297">
     <span class='ocr_line' id='line_1_41' title="bbox 1910 1216 3486 1297; baseline -0.008 -16"><span class='ocrx_word' id='word_1_290' title='bbox 1910 1227 2229 1297; x_wconf 64' lang='lat' dir='ltr'><strong>aenigmata,</strong></span> <span class='ocrx_word' id='word_1_291' title='bbox 2274 1224 2423 1295; x_wconf 89' lang='lat' dir='ltr'><strong>quod</strong></span> <span class='ocrx_word' id='word_1_292' title='bbox 2460 1222 2699 1277; x_wconf 88' lang='lat' dir='ltr'><strong>obscura</strong></span> <span class='ocrx_word' id='word_1_293' title='bbox 2734 1229 2789 1275; x_wconf 85' lang='lat' dir='ltr'><strong>et</strong></span> <span class='ocrx_word' id='word_1_294' title='bbox 2824 1236 2933 1274; x_wconf 92' lang='lat' dir='ltr'><strong>non</strong></span> <span class='ocrx_word' id='word_1_295' title='bbox 2978 1221 3257 1274; x_wconf 82' lang='lat' dir='ltr'><strong>intellec1a</strong></span> <span class='ocrx_word' id='word_1_296' title='bbox 3279 1216 3486 1271; x_wconf 79' lang='lat' dir='ltr'><strong>vocife-</strong></span> 
     </span>
    </p>
   </div>
   <div class='ocr_carea' id='block_1_42' title="bbox 1912 1306 3485 1386">
    <p class='ocr_par' dir='ltr' id='par_1_42' title="bbox 1912 1306 3485 1386">
     <span class='ocr_line' id='line_1_42' title="bbox 1912 1306 3485 1386; baseline -0.01 -13"><span class='ocrx_word' id='word_1_297' title='bbox 1912 1330 2151 1373; x_wconf 90' lang='lat' dir='ltr'><strong>raretur.</strong></span> <span class='ocrx_word' id='word_1_298' title='bbox 2181 1317 2371 1386; x_wconf 88' lang='lat' dir='ltr'><strong>Neque</strong></span> <span class='ocrx_word' id='word_1_299' title='bbox 2398 1317 2503 1370; x_wconf 88' lang='lat' dir='ltr'><strong>hoc</strong></span> <span class='ocrx_word' id='word_1_300' title='bbox 2543 1316 2745 1369; x_wconf 90' lang='lat' dir='ltr'><strong>mirum</strong></span> <span class='ocrx_word' id='word_1_301' title='bbox 2781 1327 2903 1379; x_wconf 85' lang='lat' dir='ltr'><strong>est;</strong></span> <span class='ocrx_word' id='word_1_302' title='bbox 2937 1328 3062 1367; x_wconf 86' lang='lat' dir='ltr'><strong>nam</strong></span> <span class='ocrx_word' id='word_1_303' title='bbox 3097 1318 3153 1365; x_wconf 91' lang='lat' dir='ltr'><strong>et</strong></span> <span class='ocrx_word' id='word_1_304' title='bbox 3185 1308 3350 1361; x_wconf 84' lang='lat' dir='ltr'><strong>multa</strong></span> <span class='ocrx_word' id='word_1_305' title='bbox 3383 1306 3485 1359; x_wconf 85' lang='lat' dir='ltr'><strong>alia</strong></span> 
     </span>
    </p>
   </div>
   <div class='ocr_carea' id='block_1_43' title="bbox 1916 1399 3488 1485">
    <p class='ocr_par' dir='ltr' id='par_1_43' title="bbox 1916 1399 3488 1485">
     <span class='ocr_line' id='line_1_43' title="bbox 1916 1399 3488 1485; baseline -0.009 -19"><span class='ocrx_word' id='word_1_306' title='bbox 1916 1412 2091 1467; x_wconf 63' lang='lat' dir='ltr'><strong>Graeci</strong></span> <span class='ocrx_word' id='word_1_307' title='bbox 2118 1410 2321 1463; x_wconf 79' lang='lat' dir='ltr'><strong>fabulis</strong></span> <span class='ocrx_word' id='word_1_308' title='bbox 2357 1407 2627 1478; x_wconf 80' lang='lat' dir='ltr'><strong>ﬁngendis</strong></span> <span class='ocrx_word' id='word_1_309' title='bbox 2651 1410 3336 1485; x_wconf 72' lang='lat' dir='ltr'><strong>mutare&#39;consnevernnt.</strong></span> <span class='ocrx_word' id='word_1_310' title='bbox 3365 1399 3488 1452; x_wconf 71' lang='lat' dir='ltr'><strong>[hec</strong></span> 
     </span>
    </p>
   </div>
   <div class='ocr_carea' id='block_1_44' title="bbox 1915 1495 3490 1572">
    <p class='ocr_par' dir='ltr' id='par_1_44' title="bbox 1915 1495 3490 1572">
     <span class='ocr_line' id='line_1_44' title="bbox 1915 1495 3490 1572; baseline -0.01 -13"><span class='ocrx_word' id='word_1_311' title='bbox 1915 1504 2107 1561; x_wconf 84' lang='lat' dir='ltr'><strong>eadem</strong></span> <span class='ocrx_word' id='word_1_312' title='bbox 2151 1502 2304 1572; x_wconf 78' lang='lat' dir='ltr'><strong>regio</strong></span> <span class='ocrx_word' id='word_1_313' title='bbox 2326 1510 2380 1555; x_wconf 88' lang='lat' dir='ltr'><strong>ct</strong></span> <span class='ocrx_word' id='word_1_314' title='bbox 2416 1504 2603 1555; x_wconf 78' lang='lat' dir='ltr'><strong>asinos</strong></span> <span class='ocrx_word' id='word_1_315' title='bbox 2648 1499 2798 1554; x_wconf 82' lang='lat' dir='ltr'><strong>feros</strong></span> <span class='ocrx_word' id='word_1_316' title='bbox 2830 1496 3209 1567; x_wconf 79' lang='lat' dir='ltr'><strong>magnitudine</strong></span> <span class='ocrx_word' id='word_1_317' title='bbox 3238 1495 3490 1559; x_wconf 70' lang='lat' dir='ltr'><strong>ingentis</strong></span> 
     </span>
    </p>
   </div>
   <div class='ocr_carea' id='block_1_45' title="bbox 1918 1588 3487 1666">
    <p class='ocr_par' dir='ltr' id='par_1_45' title="bbox 1918 1588 3487 1666">
     <span class='ocr_line' id='line_1_45' title="bbox 1918 1588 3487 1666; baseline -0.01 -14"><span class='ocrx_word' id='word_1_318' title='bbox 1918 1596 2045 1658; x_wconf 82' lang='lat' dir='ltr'><strong>fert,</strong></span> <span class='ocrx_word' id='word_1_319' title='bbox 2087 1597 2230 1666; x_wconf 82' lang='lat' dir='ltr'><strong>pelle</strong></span> <span class='ocrx_word' id='word_1_320' title='bbox 2283 1593 2516 1648; x_wconf 83' lang='lat' dir='ltr'><strong>miriﬁce</strong></span> <span class='ocrx_word' id='word_1_321' title='bbox 2563 1601 2765 1662; x_wconf 52' lang='lat' dir='ltr'><strong>prater</strong></span> <span class='ocrx_word' id='word_1_322' title='bbox 2807 1604 3017 1645; x_wconf 88' lang='lat' dir='ltr'><strong>morem</strong></span> <span class='ocrx_word' id='word_1_323' title='bbox 3067 1588 3440 1642; x_wconf 79' lang='lat' dir='ltr'><strong>versicolores</strong></span> <span class='ocrx_word' id='word_1_324' title='bbox 3475 1602 3487 1637; x_wconf 90' lang='lat'><strong>:</strong></span> 
     </span>
    </p>
   </div>
   <div class='ocr_carea' id='block_1_46' title="bbox 1916 1678 3491 1755">
    <p class='ocr_par' dir='ltr' id='par_1_46' title="bbox 1916 1678 3491 1755">
     <span class='ocr_line' id='line_1_46' title="bbox 1916 1678 3491 1755; baseline -0.009 -12"><span class='ocrx_word' id='word_1_325' title='bbox 1916 1689 2044 1743; x_wconf 87' lang='lat' dir='ltr'><strong>albo</strong></span> <span class='ocrx_word' id='word_1_326' title='bbox 2093 1686 2308 1741; x_wconf 88' lang='lat' dir='ltr'><strong>scilicet</strong></span> <span class='ocrx_word' id='word_1_327' title='bbox 2363 1694 2420 1738; x_wconf 91' lang='lat' dir='ltr'><strong>et</strong></span> <span class='ocrx_word' id='word_1_328' title='bbox 2468 1685 2626 1755; x_wconf 83' lang='lat' dir='ltr'><strong>nigro</strong></span> <span class='ocrx_word' id='word_1_329' title='bbox 2669 1681 2854 1737; x_wconf 90' lang='lat' dir='ltr'><strong>colore</strong></span> <span class='ocrx_word' id='word_1_330' title='bbox 2906 1679 3204 1734; x_wconf 87' lang='lat' dir='ltr'><strong>admodum</strong></span> <span class='ocrx_word' id='word_1_331' title='bbox 3250 1678 3396 1731; x_wconf 90' lang='lat' dir='ltr'><strong>inter</strong></span> <span class='ocrx_word' id='word_1_332' title='bbox 3431 1691 3491 1729; x_wconf 86' lang='lat' dir='ltr'><strong>se</strong></span> 
     </span>
    </p>
   </div>
   <div class='ocr_carea' id='block_1_47' title="bbox 1921 1769 3491 1845">
    <p class='ocr_par' dir='ltr' id='par_1_47' title="bbox 1921 1769 3491 1845">
     <span class='ocr_line' id='line_1_47' title="bbox 1921 1769 3491 1845; baseline -0.01 -11"><span class='ocrx_word' id='word_1_333' title='bbox 1921 1779 2174 1844; x_wconf 84' lang='lat' dir='ltr'><strong>variatis,</strong></span> <span class='ocrx_word' id='word_1_334' title='bbox 2206 1787 2266 1833; x_wconf 88' lang='lat' dir='ltr'><strong>et</strong></span> <span class='ocrx_word' id='word_1_335' title='bbox 2293 1791 2445 1832; x_wconf 64' lang='lat' dir='ltr'><strong>zonae</strong></span> <span class='ocrx_word' id='word_1_336' title='bbox 2471 1774 2727 1845; x_wconf 67' lang='lat' dir='ltr'><strong>quaedam</strong></span> <span class='ocrx_word' id='word_1_337' title='bbox 2755 1790 2785 1828; x_wconf 82' lang='lat' dir='ltr'><strong>a</strong></span> <span class='ocrx_word' id='word_1_338' title='bbox 2818 1786 3033 1827; x_wconf 86' lang='lat' dir='ltr'><strong>summa</strong></span> <span class='ocrx_word' id='word_1_339' title='bbox 3060 1771 3212 1825; x_wconf 80' lang='lat' dir='ltr'><strong>dorsi</strong></span> <span class='ocrx_word' id='word_1_340' title='bbox 3244 1769 3399 1837; x_wconf 87' lang='lat' dir='ltr'><strong>spina</strong></span> <span class='ocrx_word' id='word_1_341' title='bbox 3425 1770 3491 1820; x_wconf 84' lang='lat' dir='ltr'><strong>ad</strong></span> 
     </span>
    </p>
   </div>
   <div class='ocr_carea' id='block_1_48' title="bbox 1919 1861 3496 1933">
    <p class='ocr_par' dir='ltr' id='par_1_48' title="bbox 1919 1861 3496 1933">
     <span class='ocr_line' id='line_1_48' title="bbox 1919 1861 3496 1933; baseline -0.01 -6"><span class='ocrx_word' id='word_1_342' title='bbox 1919 1872 2095 1927; x_wconf 82' lang='lat' dir='ltr'><strong>latera</strong></span> <span class='ocrx_word' id='word_1_343' title='bbox 2126 1879 2183 1924; x_wconf 94' lang='lat' dir='ltr'><strong>et</strong></span> <span class='ocrx_word' id='word_1_344' title='bbox 2228 1878 2481 1924; x_wconf 89' lang='lat' dir='ltr'><strong>ventrem</strong></span> <span class='ocrx_word' id='word_1_345' title='bbox 2518 1867 2798 1931; x_wconf 69' lang='lat' dir='ltr'><strong>demissas,</strong></span> <span class='ocrx_word' id='word_1_346' title='bbox 2850 1875 3016 1933; x_wconf 86' lang='lat' dir='ltr'><strong>atque</strong></span> <span class='ocrx_word' id='word_1_347' title='bbox 3058 1865 3131 1917; x_wconf 85' lang='lat' dir='ltr'><strong>ibi</strong></span> <span class='ocrx_word' id='word_1_348' title='bbox 3186 1861 3402 1925; x_wconf 55' lang='lat' dir='ltr'><strong>divise,</strong></span> <span class='ocrx_word' id='word_1_349' title='bbox 3440 1869 3496 1911; x_wconf 92' lang='lat' dir='ltr'><strong>et</strong></span> 
     </span>
    </p>
   </div>
   <div class='ocr_carea' id='block_1_49' title="bbox 1918 1948 3494 2036">
    <p class='ocr_par' dir='ltr' id='par_1_49' title="bbox 1918 1948 3494 2036">
     <span class='ocr_line' id='line_1_49' title="bbox 1918 1948 3494 2036; baseline -0.011 -19"><span class='ocrx_word' id='word_1_350' title='bbox 1918 1960 2382 2031; x_wconf 87' lang='lat' dir='ltr'><strong>conversionibus</strong></span> <span class='ocrx_word' id='word_1_351' title='bbox 2405 1956 2739 2036; x_wconf 70' lang='lat' dir='ltr'><strong>quibusdam</strong></span> <span class='ocrx_word' id='word_1_352' title='bbox 2773 1955 2919 2009; x_wconf 88' lang='lat' dir='ltr'><strong>inter</strong></span> <span class='ocrx_word' id='word_1_353' title='bbox 2948 1969 3006 2008; x_wconf 90' lang='lat' dir='ltr'><strong>se</strong></span> <span class='ocrx_word' id='word_1_354' title='bbox 3040 1953 3356 2022; x_wconf 67' lang='lat' dir='ltr'><strong>implicatm,</strong></span> <span class='ocrx_word' id='word_1_355' title='bbox 3390 1948 3494 2002; x_wconf 89' lang='lat' dir='ltr'><strong>mi-</strong></span> 
     </span>
    </p>
   </div>
   <div class='ocr_carea' id='block_1_50' title="bbox 1921 2043 3495 2117">
    <p class='ocr_par' dir='ltr' id='par_1_50' title="bbox 1921 2043 3495 2117">
     <span class='ocr_line' id='line_1_50' title="bbox 1921 2043 3495 2117; baseline -0.009 -9"><span class='ocrx_word' id='word_1_356' title='bbox 1921 2054 2137 2108; x_wconf 78' lang='lat' dir='ltr'><strong>riﬁcam</strong></span> <span class='ocrx_word' id='word_1_357' title='bbox 2173 2059 2231 2106; x_wconf 90' lang='lat' dir='ltr'><strong>et</strong></span> <span class='ocrx_word' id='word_1_358' title='bbox 2263 2065 2461 2105; x_wconf 85' lang='lat' dir='ltr'><strong>novam</strong></span> <span class='ocrx_word' id='word_1_359' title='bbox 2495 2049 2745 2104; x_wconf 84' lang='lat' dir='ltr'><strong>elliciunt</strong></span> <span class='ocrx_word' id='word_1_360' title='bbox 2780 2049 3110 2117; x_wconf 87' lang='lat' dir='ltr'><strong>plicaturam</strong></span> <span class='ocrx_word' id='word_1_361' title='bbox 3161 2052 3219 2098; x_wconf 92' lang='lat' dir='ltr'><strong>et</strong></span> <span class='ocrx_word' id='word_1_362' title='bbox 3257 2043 3495 2097; x_wconf 85' lang='lat' dir='ltr'><strong>varieta-</strong></span> 
     </span>
    </p>
   </div>
   <div class='ocr_carea' id='block_1_51' title="bbox 1922 2135 3497 2212">
    <p class='ocr_par' dir='ltr' id='par_1_51' title="bbox 1922 2135 3497 2212">
     <span class='ocr_line' id='line_1_51' title="bbox 1922 2135 3497 2212; baseline -0.006 -15"><span class='ocrx_word' id='word_1_363' title='bbox 1922 2153 2052 2198; x_wconf 89' lang='lat' dir='ltr'><strong>tem.</strong></span> <span class='ocrx_word' id='word_1_364' title='bbox 2083 2143 2342 2199; x_wconf 89' lang='lat' dir='ltr'><strong>Sedenim</strong></span> <span class='ocrx_word' id='word_1_365' title='bbox 2377 2149 2434 2197; x_wconf 90' lang='lat' dir='ltr'><strong>et</strong></span> <span class='ocrx_word' id='word_1_366' title='bbox 2480 2141 2727 2212; x_wconf 71' lang='lat' dir='ltr'><strong>phmnix,</strong></span> <span class='ocrx_word' id='word_1_367' title='bbox 2775 2136 3231 2194; x_wconf 83' lang='lat' dir='ltr'><strong>decantatissima</strong></span> <span class='ocrx_word' id='word_1_368' title='bbox 3272 2135 3365 2189; x_wconf 88' lang='lat' dir='ltr'><strong>illa</strong></span> <span class='ocrx_word' id='word_1_369' title='bbox 3405 2149 3497 2188; x_wconf 89' lang='lat' dir='ltr'><strong>vo-</strong></span> 
     </span>
    </p>
   </div>
   <div class='ocr_carea' id='block_1_52' title="bbox 1923 2227 3499 2306">
    <p class='ocr_par' dir='ltr' id='par_1_52' title="bbox 1923 2227 3499 2306">
     <span class='ocr_line' id='line_1_52' title="bbox 1923 2227 3499 2306; baseline -0.008 -14"><span class='ocrx_word' id='word_1_370' title='bbox 1923 2237 2111 2297; x_wconf 85' lang='lat' dir='ltr'><strong>lucris,</strong></span> <span class='ocrx_word' id='word_1_371' title='bbox 2146 2235 2289 2306; x_wconf 89' lang='lat' dir='ltr'><strong>apud</strong></span> <span class='ocrx_word' id='word_1_372' title='bbox 2339 2249 2438 2289; x_wconf 87' lang='lat' dir='ltr'><strong>eos</strong></span> <span class='ocrx_word' id='word_1_373' title='bbox 2490 2242 2613 2289; x_wconf 89' lang='lat' dir='ltr'><strong>est:</strong></span> <span class='ocrx_word' id='word_1_374' title='bbox 2643 2240 2700 2286; x_wconf 90' lang='lat' dir='ltr'><strong>et</strong></span> <span class='ocrx_word' id='word_1_375' title='bbox 2730 2231 3029 2303; x_wconf 82' lang='lat' dir='ltr'><strong>psittacum</strong></span> <span class='ocrx_word' id='word_1_376' title='bbox 3102 2229 3229 2283; x_wconf 89' lang='lat' dir='ltr'><strong>inde</strong></span> <span class='ocrx_word' id='word_1_377' title='bbox 3289 2227 3356 2283; x_wconf 87' lang='lat' dir='ltr'><strong>ad</strong></span> <span class='ocrx_word' id='word_1_378' title='bbox 3395 2239 3499 2280; x_wconf 89' lang='lat' dir='ltr'><strong>nos</strong></span> 
     </span>
    </p>
   </div>
   <div class='ocr_carea' id='block_1_53' title="bbox 1924 2320 3497 2401">
    <p class='ocr_par' dir='ltr' id='par_1_53' title="bbox 1924 2320 3497 2401">
     <span class='ocr_line' id='line_1_53' title="bbox 1924 2320 3497 2401; baseline -0.008 -16"><span class='ocrx_word' id='word_1_379' title='bbox 1924 2331 2206 2401; x_wconf 82' lang='lat' dir='ltr'><strong>apportari</strong></span> <span class='ocrx_word' id='word_1_380' title='bbox 2256 2330 2485 2391; x_wconf 87' lang='lat' dir='ltr'><strong>scimus,</strong></span> <span class='ocrx_word' id='word_1_381' title='bbox 2539 2326 2723 2379; x_wconf 83' lang='lat' dir='ltr'><strong>avium</strong></span> <span class='ocrx_word' id='word_1_382' title='bbox 2776 2323 3262 2393; x_wconf 87' lang='lat' dir='ltr'><strong>loquacissimam,</strong></span> <span class='ocrx_word' id='word_1_383' title='bbox 3317 2330 3374 2375; x_wconf 92' lang='lat' dir='ltr'><strong>et</strong></span> <span class='ocrx_word' id='word_1_384' title='bbox 3429 2320 3497 2373; x_wconf 81' lang='lat' dir='ltr'><strong>ad</strong></span> 
     </span>
    </p>
   </div>
   <div class='ocr_carea' id='block_1_54' title="bbox 1924 2417 3496 2480">
    <p class='ocr_par' dir='ltr' id='par_1_54' title="bbox 1924 2417 3496 2480">
     <span class='ocr_line' id='line_1_54' title="bbox 1924 2417 3496 2480; baseline -0.008 0"><span class='ocrx_word' id='word_1_385' title='bbox 1924 2425 2339 2480; x_wconf 63' lang='lat' dir='ltr'><strong>aemulationem</strong></span> <span class='ocrx_word' id='word_1_386' title='bbox 2376 2422 2632 2479; x_wconf 72' lang='lat' dir='ltr'><strong>humanae</strong></span> <span class='ocrx_word' id='word_1_387' title='bbox 2654 2419 2807 2472; x_wconf 86' lang='lat' dir='ltr'><strong>vocis</strong></span> <span class='ocrx_word' id='word_1_388' title='bbox 2831 2417 3496 2472; x_wconf 84' lang='lat' dir='ltr'><strong>accommodatissimam.</strong></span> 
     </span>
    </p>
   </div>
   <div class='ocr_carea' id='block_1_55' title="bbox 1927 2511 3502 2583">
    <p class='ocr_par' dir='ltr' id='par_1_55' title="bbox 1927 2511 3502 2583">
     <span class='ocr_line' id='line_1_55' title="bbox 1927 2511 3502 2583; baseline -0.007 -11"><span class='ocrx_word' id='word_1_389' title='bbox 1927 2517 1994 2572; x_wconf 85' lang='lat' dir='ltr'><strong>Et</strong></span> <span class='ocrx_word' id='word_1_390' title='bbox 2039 2518 2170 2571; x_wconf 87' lang='lat' dir='ltr'><strong>item</strong></span> <span class='ocrx_word' id='word_1_391' title='bbox 2219 2515 2408 2569; x_wconf 81' lang='lat' dir='ltr'><strong>varias</strong></span> <span class='ocrx_word' id='word_1_392' title='bbox 2453 2513 2807 2583; x_wconf 26' lang='lat' dir='ltr'><strong>punctisque,</strong></span> <span class='ocrx_word' id='word_1_393' title='bbox 2839 2511 3134 2566; x_wconf 86' lang='lat' dir='ltr'><strong>distinctas</strong></span> <span class='ocrx_word' id='word_1_394' title='bbox 3179 2522 3327 2571; x_wconf 82' lang='lat' dir='ltr'><strong>aves,</strong></span> <span class='ocrx_word' id='word_1_395' title='bbox 3363 2522 3502 2576; x_wconf 89' lang='lat' dir='ltr'><strong>quas</strong></span> 
     </span>
    </p>
   </div>
   <div class='ocr_carea' id='block_1_56' title="bbox 1926 2601 3502 2678">
    <p class='ocr_par' dir='ltr' id='par_1_56' title="bbox 1926 2601 3502 2678">
     <span class='ocr_line' id='line_1_56' title="bbox 1926 2601 3502 2678; baseline -0.01 -16"><span class='ocrx_word' id='word_1_396' title='bbox 1926 2607 2150 2678; x_wconf 88' lang='lat' dir='ltr'><strong>quidam</strong></span> <span class='ocrx_word' id='word_1_397' title='bbox 2204 2614 2555 2677; x_wconf 79' lang='lat' dir='ltr'><strong>garamantas</strong></span> <span class='ocrx_word' id='word_1_398' title='bbox 2612 2612 2816 2657; x_wconf 86' lang='lat' dir='ltr'><strong>vocant</strong></span> <span class='ocrx_word' id='word_1_399' title='bbox 2865 2618 2879 2655; x_wconf 92' lang='lat'><strong>:</strong></span> <span class='ocrx_word' id='word_1_400' title='bbox 2940 2601 3171 2654; x_wconf 84' lang='lat' dir='ltr'><strong>nomine</strong></span> <span class='ocrx_word' id='word_1_401' title='bbox 3227 2614 3257 2653; x_wconf 88' lang='lat' dir='ltr'><strong>a</strong></span> <span class='ocrx_word' id='word_1_402' title='bbox 3317 2608 3502 2668; x_wconf 80' lang='lat' dir='ltr'><strong>gente,</strong></span> 
     </span>
    </p>
   </div>
   <div class='ocr_carea' id='block_1_57' title="bbox 1928 2687 3504 2768">
    <p class='ocr_par' dir='ltr' id='par_1_57' title="bbox 1928 2687 3504 2768">
     <span class='ocr_line' id='line_1_57' title="bbox 1928 2687 3504 2768; baseline -0.008 -14"><span class='ocrx_word' id='word_1_403' title='bbox 1928 2700 2077 2754; x_wconf 89' lang='lat' dir='ltr'><strong>unde</strong></span> <span class='ocrx_word' id='word_1_404' title='bbox 2107 2697 2362 2768; x_wconf 75' lang='lat' dir='ltr'><strong>plurima:</strong></span> <span class='ocrx_word' id='word_1_405' title='bbox 2405 2695 2742 2757; x_wconf 80' lang='lat' dir='ltr'><strong>aﬂ‘eruntur,</strong></span> <span class='ocrx_word' id='word_1_406' title='bbox 2784 2692 2868 2747; x_wconf 85' lang='lat' dir='ltr'><strong>eis</strong></span> <span class='ocrx_word' id='word_1_407' title='bbox 2919 2690 3204 2760; x_wconf 87' lang='lat' dir='ltr'><strong>imposito.</strong></span> <span class='ocrx_word' id='word_1_408' title='bbox 3259 2687 3504 2741; x_wconf 83' lang='lat' dir='ltr'><strong>Plurima</strong></span> 
     </span>
    </p>
   </div>
   <div class='ocr_carea' id='block_1_58' title="bbox 1924 2782 3505 2861">
    <p class='ocr_par' dir='ltr' id='par_1_58' title="bbox 1924 2782 3505 2861">
     <span class='ocr_line' id='line_1_58' title="bbox 1924 2782 3505 2861; baseline -0.006 -16"><span class='ocrx_word' id='word_1_409' title='bbox 1924 2806 2097 2861; x_wconf 89' lang='lat' dir='ltr'><strong>porro</strong></span> <span class='ocrx_word' id='word_1_410' title='bbox 2128 2791 2235 2846; x_wconf 88' lang='lat' dir='ltr'><strong>alia</strong></span> <span class='ocrx_word' id='word_1_411' title='bbox 2267 2797 2460 2859; x_wconf 89' lang='lat' dir='ltr'><strong>aperte</strong></span> <span class='ocrx_word' id='word_1_412' title='bbox 2481 2786 2686 2843; x_wconf 87' lang='lat' dir='ltr'><strong>eximia</strong></span> <span class='ocrx_word' id='word_1_413' title='bbox 2717 2797 2775 2842; x_wconf 87' lang='lat' dir='ltr'><strong>et</strong></span> <span class='ocrx_word' id='word_1_414' title='bbox 2805 2784 3130 2854; x_wconf 64' lang='lat' dir='ltr'><strong>praestantia</strong></span> <span class='ocrx_word' id='word_1_415' title='bbox 3156 2782 3233 2837; x_wconf 87' lang='lat' dir='ltr'><strong>ibi</strong></span> <span class='ocrx_word' id='word_1_416' title='bbox 3265 2784 3505 2851; x_wconf 73' lang='lat' dir='ltr'><strong>gignun-</strong></span> 
     </span>
    </p>
   </div>
   <div class='ocr_carea' id='block_1_59' title="bbox 1930 2874 3506 2954">
    <p class='ocr_par' dir='ltr' id='par_1_59' title="bbox 1930 2874 3506 2954">
     <span class='ocr_line' id='line_1_59' title="bbox 1930 2874 3506 2954; baseline -0.005 -15"><span class='ocrx_word' id='word_1_417' title='bbox 1930 2894 2040 2950; x_wconf 88' lang='lat' dir='ltr'><strong>tur,</strong></span> <span class='ocrx_word' id='word_1_418' title='bbox 2061 2899 2301 2954; x_wconf 90' lang='lat' dir='ltr'><strong>quorum</strong></span> <span class='ocrx_word' id='word_1_419' title='bbox 2326 2874 2742 2937; x_wconf 83' lang='lat' dir='ltr'><strong>multitudinem</strong></span> <span class='ocrx_word' id='word_1_420' title='bbox 2776 2894 3022 2950; x_wconf 65' lang='lat' dir='ltr'><strong>praesens</strong></span> <span class='ocrx_word' id='word_1_421' title='bbox 3050 2874 3506 2932; x_wconf 87' lang='lat' dir='ltr'><strong>commemoratio</strong></span> 
     </span>
    </p>
   </div>
   <div class='ocr_carea' id='block_1_60' title="bbox 1930 2966 3508 3037">
    <p class='ocr_par' dir='ltr' id='par_1_60' title="bbox 1930 2966 3508 3037">
     <span class='ocr_line' id='line_1_60' title="bbox 1930 2966 3508 3037; baseline -0.006 -8"><span class='ocrx_word' id='word_1_422' title='bbox 1930 2976 2281 3031; x_wconf 79' lang='lat' dir='ltr'><strong>reformidat.</strong></span> <span class='ocrx_word' id='word_1_423' title='bbox 2333 2974 2469 3029; x_wconf 83' lang='lat' dir='ltr'><strong>Nam</strong></span> <span class='ocrx_word' id='word_1_424' title='bbox 2520 2982 2577 3028; x_wconf 89' lang='lat' dir='ltr'><strong>et</strong></span> <span class='ocrx_word' id='word_1_425' title='bbox 2612 2987 2811 3028; x_wconf 87' lang='lat' dir='ltr'><strong>aurum</strong></span> <span class='ocrx_word' id='word_1_426' title='bbox 2852 2970 2946 3025; x_wconf 86' lang='lat' dir='ltr'><strong>hic</strong></span> <span class='ocrx_word' id='word_1_427' title='bbox 2979 2969 3227 3024; x_wconf 86' lang='lat' dir='ltr'><strong>nascitur</strong></span> <span class='ocrx_word' id='word_1_428' title='bbox 3269 2966 3508 3037; x_wconf 79' lang='lat' dir='ltr'><strong>purissi-</strong></span> 
     </span>
    </p>
   </div>
   <div class='ocr_carea' id='block_1_61' title="bbox 1929 3060 3507 3143">
    <p class='ocr_par' dir='ltr' id='par_1_61' title="bbox 1929 3060 3507 3143">
     <span class='ocr_line' id='line_1_61' title="bbox 1929 3060 3507 3143; baseline -0.006 -21"><span class='ocrx_word' id='word_1_429' title='bbox 1929 3082 2107 3132; x_wconf 90' lang='lat' dir='ltr'><strong>mum,</strong></span> <span class='ocrx_word' id='word_1_430' title='bbox 2138 3068 2297 3143; x_wconf 78' lang='lat' dir='ltr'><strong>quasi</strong></span> <span class='ocrx_word' id='word_1_431' title='bbox 2319 3066 2654 3136; x_wconf 88' lang='lat' dir='ltr'><strong>quibusdam</strong></span> <span class='ocrx_word' id='word_1_432' title='bbox 2679 3064 2863 3118; x_wconf 88' lang='lat' dir='ltr'><strong>aureis</strong></span> <span class='ocrx_word' id='word_1_433' title='bbox 2882 3060 3287 3130; x_wconf 87' lang='lat' dir='ltr'><strong>capillamentis</strong></span> <span class='ocrx_word' id='word_1_434' title='bbox 3310 3068 3507 3128; x_wconf 87' lang='lat' dir='ltr'><strong>sponte</strong></span> 
     </span>
    </p>
   </div>
   <div class='ocr_carea' id='block_1_62' title="bbox 255 3152 1829 3240">
    <p class='ocr_par' dir='ltr' id='par_1_62' title="bbox 255 3152 1824 3232">
     <span class='ocr_line' id='line_1_62' title="bbox 255 3152 1824 3232; baseline 0.008 -30"><span class='ocrx_word' id='word_1_435' title='bbox 255 3169 366 3214; x_wconf 69' lang='lat' dir='ltr'><strong>~.e;,</strong></span> <span class='ocrx_word' id='word_1_436' title='bbox 390 3153 499 3206; x_wconf 71' lang='grc' dir='ltr'>ἀπὸ</span> <span class='ocrx_word' id='word_1_437' title='bbox 524 3156 616 3207; x_wconf 89' lang='grc' dir='ltr'><strong>τοῦ</strong></span> <span class='ocrx_word' id='word_1_438' title='bbox 640 3155 825 3219; x_wconf 76' lang='grc' dir='ltr'>ἔθνους</span> <span class='ocrx_word' id='word_1_439' title='bbox 850 3152 910 3211; x_wconf 80' lang='grc' dir='ltr'><strong>οῦ</strong></span> <span class='ocrx_word' id='word_1_440' title='bbox 943 3160 1179 3229; x_wconf 83' lang='grc' dir='ltr'>μάλιστα</span> <span class='ocrx_word' id='word_1_441' title='bbox 1207 3162 1457 3214; x_wconf 85' lang='grc' dir='ltr'>πλεῖστοι</span> <span class='ocrx_word' id='word_1_442' title='bbox 1483 3160 1824 3232; x_wconf 87' lang='grc' dir='ltr'>κομίζονται,</span> 
     </span>
    </p>
   </div>
   <div class='ocr_carea' id='block_1_63' title="bbox 1932 3152 3508 3240">
    <p class='ocr_par' dir='ltr' id='par_1_63' title="bbox 1932 3153 3508 3226">
     <span class='ocr_line' id='line_1_63' title="bbox 1932 3153 3508 3226; baseline -0.007 -9"><span class='ocrx_word' id='word_1_443' title='bbox 1932 3177 2030 3217; x_wconf 86' lang='lat' dir='ltr'><strong>sua</strong></span> <span class='ocrx_word' id='word_1_444' title='bbox 2060 3177 2093 3215; x_wconf 87' lang='lat' dir='ltr'><strong>e</strong></span> <span class='ocrx_word' id='word_1_445' title='bbox 2127 3172 2276 3215; x_wconf 86' lang='lat' dir='ltr'><strong>terra</strong></span> <span class='ocrx_word' id='word_1_446' title='bbox 2308 3159 2712 3214; x_wconf 87' lang='lat' dir='ltr'><strong>exsistentibus</strong></span> <span class='ocrx_word' id='word_1_447' title='bbox 2742 3170 2866 3226; x_wconf 66' lang='lat' dir='ltr'><strong>qua:</strong></span> <span class='ocrx_word' id='word_1_448' title='bbox 2899 3155 3018 3209; x_wconf 71' lang='lat' dir='ltr'><strong>sibi</strong></span> <span class='ocrx_word' id='word_1_449' title='bbox 3053 3153 3289 3207; x_wconf 85' lang='lat' dir='ltr'><strong>invicem</strong></span> <span class='ocrx_word' id='word_1_450' title='bbox 3327 3154 3508 3221; x_wconf 88' lang='lat' dir='ltr'><strong>impo-</strong></span> 
     </span>
    </p>
   </div>
   <div class='ocr_carea' id='block_1_64' title="bbox 254 3247 1832 3320">
    <p class='ocr_par' dir='ltr' id='par_1_64' title="bbox 254 3247 1832 3320">
     <span class='ocr_line' id='line_1_64' title="bbox 254 3247 1832 3320; baseline 0.007 -24"><span class='ocrx_word' id='word_1_451' title='bbox 254 3247 352 3314; x_wconf 72' lang='grc' dir='ltr'><strong>τὴν</strong></span> <span class='ocrx_word' id='word_1_452' title='bbox 401 3249 717 3317; x_wconf 81' lang='grc' dir='ltr'>ἐπωνυμίαν</span> <span class='ocrx_word' id='word_1_453' title='bbox 753 3250 992 3320; x_wconf 83' lang='grc' dir='ltr'>θέμενοι.</span> <span class='ocrx_word' id='word_1_454' title='bbox 1032 3253 1139 3307; x_wconf 79' lang='grc' dir='ltr'>Καὶ</span> <span class='ocrx_word' id='word_1_455' title='bbox 1189 3253 1326 3307; x_wconf 79' lang='grc' dir='ltr'>ἄλλα</span> <span class='ocrx_word' id='word_1_456' title='bbox 1374 3253 1433 3307; x_wconf 74' lang='grc' dir='ltr'>δὲ</span> <span class='ocrx_word' id='word_1_457' title='bbox 1463 3254 1691 3307; x_wconf 87' lang='grc' dir='ltr'>πλεῖστα</span> <span class='ocrx_word' id='word_1_458' title='bbox 1716 3254 1832 3307; x_wconf 85' lang='grc' dir='ltr'>δια·-</span> 
     </span>
    </p>
   </div>
   <div class='ocr_carea' id='block_1_65' title="bbox 258 3338 1893 3415">
    <p class='ocr_par' dir='ltr' id='par_1_65' title="bbox 258 3338 1893 3415">
     <span class='ocr_line' id='line_1_65' title="bbox 258 3338 1893 3415; baseline 0.01 -27"><span class='ocrx_word' id='word_1_459' title='bbox 258 3340 441 3405; x_wconf 77' lang='grc' dir='ltr'>φανῶς</span> <span class='ocrx_word' id='word_1_460' title='bbox 473 3342 893 3411; x_wconf 75' lang='grc' dir='ltr'>ὑπερφυέστατα</span> <span class='ocrx_word' id='word_1_461' title='bbox 921 3345 1138 3413; x_wconf 76' lang='grc' dir='ltr'>φύεται,</span> <span class='ocrx_word' id='word_1_462' title='bbox 1170 3338 1245 3400; x_wconf 81' lang='grc' dir='ltr'>ὧν</span> <span class='ocrx_word' id='word_1_463' title='bbox 1273 3347 1333 3399; x_wconf 84' lang='grc' dir='ltr'>τὸ</span> <span class='ocrx_word' id='word_1_464' title='bbox 1360 3346 1564 3415; x_wconf 80' lang='grc' dir='ltr'>πλῆθος</span> <span class='ocrx_word' id='word_1_465' title='bbox 1586 3348 1617 3415; x_wconf 79' lang='grc' dir='ltr'>ἡ</span> <span class='ocrx_word' id='word_1_466' title='bbox 1640 3346 1832 3415; x_wconf 85' lang='grc' dir='ltr'>διήγη-</span> <span class='ocrx_word' id='word_1_467' title='bbox 1884 3340 1893 3347; x_wconf 61' lang='grc'><strong>’</strong></span> 
     </span>
    </p>
   </div>
   <div class='ocr_carea' id='block_1_66' title="bbox 259 3430 1833 3503">
    <p class='ocr_par' dir='ltr' id='par_1_66' title="bbox 259 3430 1833 3503">
     <span class='ocr_line' id='line_1_66' title="bbox 259 3430 1833 3503; baseline 0.004 -25"><span class='ocrx_word' id='word_1_468' title='bbox 259 3445 338 3490; x_wconf 72' lang='lat' dir='ltr'><strong>at;</strong></span> <span class='ocrx_word' id='word_1_469' title='bbox 370 3430 773 3485; x_wconf 77' lang='grc' dir='ltr'>ὑποστέλλεται.</span> <span class='ocrx_word' id='word_1_470' title='bbox 806 3432 971 3486; x_wconf 80' lang='grc' dir='ltr'>Ἀλλά</span> <span class='ocrx_word' id='word_1_471' title='bbox 1005 3433 1102 3486; x_wconf 79' lang='grc' dir='ltr'>καὶ</span> <span class='ocrx_word' id='word_1_472' title='bbox 1133 3434 1163 3486; x_wconf 86' lang='grc' dir='ltr'><strong>ό</strong></span> <span class='ocrx_word' id='word_1_473' title='bbox 1194 3434 1397 3503; x_wconf 74' lang='grc' dir='ltr'>χρυσὸς</span> <span class='ocrx_word' id='word_1_474' title='bbox 1430 3432 1668 3486; x_wconf 78' lang='grc' dir='ltr'>ἐνταῦθα</span> <span class='ocrx_word' id='word_1_475' title='bbox 1703 3450 1833 3500; x_wconf 84' lang='grc' dir='ltr'>γεν-</span> 
     </span>
    </p>
   </div>
   <div class='ocr_carea' id='block_1_67' title="bbox 257 3518 1833 3594">
    <p class='ocr_par' dir='ltr' id='par_1_67' title="bbox 257 3518 1833 3594">
     <span class='ocr_line' id='line_1_67' title="bbox 257 3518 1833 3594; baseline 0.007 -29"><span class='ocrx_word' id='word_1_476' title='bbox 257 3519 412 3568; x_wconf 72' lang='grc' dir='ltr'>νᾶται</span> <span class='ocrx_word' id='word_1_477' title='bbox 473 3519 500 3568; x_wconf 90' lang='grc' dir='ltr'><strong>ό</strong></span> <span class='ocrx_word' id='word_1_478' title='bbox 541 3518 951 3589; x_wconf 72' lang='grc' dir='ltr'>καθαρώτατος,</span> <span class='ocrx_word' id='word_1_479' title='bbox 1004 3522 1333 3591; x_wconf 82' lang='grc' dir='ltr'>χρυσιτίδων</span> <span class='ocrx_word' id='word_1_480' title='bbox 1394 3522 1561 3576; x_wconf 87' lang='grc' dir='ltr'>οἱονεὶ</span> <span class='ocrx_word' id='word_1_481' title='bbox 1624 3523 1833 3594; x_wconf 87' lang='grc' dir='ltr'>τριχῶν</span> 
     </span>
    </p>
   </div>
   <div class='ocr_carea' id='block_1_68' title="bbox 258 3609 1833 3685">
    <p class='ocr_par' dir='ltr' id='par_1_68' title="bbox 258 3609 1833 3685">
     <span class='ocr_line' id='line_1_68' title="bbox 258 3609 1833 3685; baseline 0.006 -26"><span class='ocrx_word' id='word_1_482' title='bbox 258 3609 545 3675; x_wconf 76' lang='grc' dir='ltr'>αὐτοφυῶν</span> <span class='ocrx_word' id='word_1_483' title='bbox 593 3610 691 3680; x_wconf 77' lang='grc' dir='ltr'>τῆς</span> <span class='ocrx_word' id='word_1_484' title='bbox 747 3613 932 3684; x_wconf 76' lang='grc' dir='ltr'>ἐκείνῃ</span> <span class='ocrx_word' id='word_1_485' title='bbox 967 3614 1072 3682; x_wconf 82' lang='grc' dir='ltr'><strong>γῆς</strong></span> <span class='ocrx_word' id='word_1_486' title='bbox 1122 3614 1550 3685; x_wconf 84' lang='grc' dir='ltr'>ἀναδιδομένων,</span> <span class='ocrx_word' id='word_1_487' title='bbox 1596 3618 1692 3669; x_wconf 76' lang='grc' dir='ltr'>καὶ</span> <span class='ocrx_word' id='word_1_488' title='bbox 1745 3617 1833 3669; x_wconf 69' lang='grc' dir='ltr'><strong>ἐπ’</strong></span> 
     </span>
    </p>
   </div>
   <div class='ocr_carea' id='block_1_69' title="bbox 260 3702 1835 3779">
    <p class='ocr_par' dir='ltr' id='par_1_69' title="bbox 260 3702 1835 3779">
     <span class='ocr_line' id='line_1_69' title="bbox 260 3702 1835 3779; baseline 0.006 -27"><span class='ocrx_word' id='word_1_489' title='bbox 260 3702 489 3770; x_wconf 77' lang='grc' dir='ltr'>ἀλλήλας</span> <span class='ocrx_word' id='word_1_490' title='bbox 523 3705 815 3774; x_wconf 82' lang='grc' dir='ltr'>κειμένων,</span> <span class='ocrx_word' id='word_1_491' title='bbox 845 3708 942 3759; x_wconf 73' lang='grc' dir='ltr'><strong>καὶ</strong></span> <span class='ocrx_word' id='word_1_492' title='bbox 1001 3702 1255 3778; x_wconf 75' lang='grc' dir='ltr'>ἐπίδηλον</span> <span class='ocrx_word' id='word_1_493' title='bbox 1294 3708 1446 3779; x_wconf 83' lang='grc' dir='ltr'><strong>αὑτῷ</strong></span> <span class='ocrx_word' id='word_1_494' title='bbox 1487 3709 1588 3778; x_wconf 78' lang='grc' dir='ltr'>τὴν</span> <span class='ocrx_word' id='word_1_495' title='bbox 1619 3708 1835 3775; x_wconf 81' lang='grc' dir='ltr'>γένεσιν</span> 
     </span>
    </p>
   </div>
   <div class='ocr_carea' id='block_1_70' title="bbox 262 3797 1837 3869">
    <p class='ocr_par' dir='ltr' id='par_1_70' title="bbox 262 3797 1837 3869">
     <span class='ocr_line' id='line_1_70' title="bbox 262 3797 1837 3869; baseline 0.007 -26"><span class='ocrx_word' id='word_1_496' title='bbox 262 3797 667 3865; x_wconf 80' lang='grc' dir='ltr'>παρεχομένων.</span> <span class='ocrx_word' id='word_1_497' title='bbox 714 3799 828 3852; x_wconf 72' lang='grc' dir='ltr'>Καὶ</span> <span class='ocrx_word' id='word_1_498' title='bbox 855 3800 1065 3868; x_wconf 71' lang='grc' dir='ltr'>καρποὶ</span> <span class='ocrx_word' id='word_1_499' title='bbox 1097 3800 1156 3854; x_wconf 76' lang='grc' dir='ltr'>δὲ</span> <span class='ocrx_word' id='word_1_500' title='bbox 1185 3800 1464 3857; x_wconf 81' lang='grc' dir='ltr'>κάλλιστοί</span> <span class='ocrx_word' id='word_1_501' title='bbox 1513 3817 1574 3854; x_wconf 90' lang='grc' dir='ltr'><strong>τε</strong></span> <span class='ocrx_word' id='word_1_502' title='bbox 1607 3801 1705 3854; x_wconf 77' lang='grc' dir='ltr'><strong>καὶ</strong></span> <span class='ocrx_word' id='word_1_503' title='bbox 1737 3799 1837 3869; x_wconf 82' lang='grc' dir='ltr'><strong>μέ-</strong></span> 
     </span>
    </p>
   </div>
   <div class='ocr_carea' id='block_1_71' title="bbox 263 3881 1839 3964">
    <p class='ocr_par' dir='ltr' id='par_1_71' title="bbox 263 3881 1839 3964">
     <span class='ocr_line' id='line_1_71' title="bbox 263 3881 1839 3964; baseline 0.006 -26"><span class='ocrx_word' id='word_1_504' title='bbox 263 3903 437 3951; x_wconf 83' lang='grc' dir='ltr'>γιστοι</span> <span class='ocrx_word' id='word_1_505' title='bbox 458 3903 471 3914; x_wconf 93' lang='grc'><strong>·</strong></span> <span class='ocrx_word' id='word_1_506' title='bbox 502 3881 578 3943; x_wconf 83' lang='grc' dir='ltr'>ὦν</span> <span class='ocrx_word' id='word_1_507' title='bbox 607 3889 865 3961; x_wconf 86' lang='grc' dir='ltr'>γνώριμα</span> <span class='ocrx_word' id='word_1_508' title='bbox 908 3892 1005 3946; x_wconf 73' lang='grc' dir='ltr'><strong>καὶ</strong></span> <span class='ocrx_word' id='word_1_509' title='bbox 1028 3893 1098 3947; x_wconf 83' lang='grc' dir='ltr'>τὰ</span> <span class='ocrx_word' id='word_1_510' title='bbox 1141 3893 1346 3964; x_wconf 85' lang='grc' dir='ltr'>κάρυα.</span> <span class='ocrx_word' id='word_1_511' title='bbox 1391 3894 1553 3948; x_wconf 83' lang='grc' dir='ltr'>Ἀλλὰ</span> <span class='ocrx_word' id='word_1_512' title='bbox 1600 3893 1709 3964; x_wconf 79' lang='grc' dir='ltr'>μὴν</span> <span class='ocrx_word' id='word_1_513' title='bbox 1741 3894 1839 3949; x_wconf 77' lang='grc' dir='ltr'>καὶ</span> 
     </span>
    </p>
   </div>
   <div class='ocr_carea' id='block_1_72' title="bbox 263 3979 1840 4058">
    <p class='ocr_par' dir='ltr' id='par_1_72' title="bbox 263 3979 1840 4058">
     <span class='ocr_line' id='line_1_72' title="bbox 263 3979 1840 4058; baseline 0.007 -28"><span class='ocrx_word' id='word_1_514' title='bbox 263 3979 322 4031; x_wconf 85' lang='grc' dir='ltr'>τὸ</span> <span class='ocrx_word' id='word_1_515' title='bbox 348 3982 447 4033; x_wconf 78' lang='grc' dir='ltr'>’ἐπὶ</span> <span class='ocrx_word' id='word_1_516' title='bbox 489 3983 600 4045; x_wconf 79' lang='grc' dir='ltr'>τοῖς</span> <span class='ocrx_word' id='word_1_517' title='bbox 642 3981 964 4056; x_wconf 86' lang='grc' dir='ltr'>Ὀμηρίταις</span> <span class='ocrx_word' id='word_1_518' title='bbox 995 3985 1167 4055; x_wconf 89' lang='grc' dir='ltr'>κλίμα</span> <span class='ocrx_word' id='word_1_519' title='bbox 1208 3989 1317 4041; x_wconf 84' lang='grc' dir='ltr'><strong>πᾶν</strong></span> <span class='ocrx_word' id='word_1_520' title='bbox 1348 3988 1513 4058; x_wconf 74' lang='grc' dir='ltr'>μέχρι</span> <span class='ocrx_word' id='word_1_521' title='bbox 1538 3988 1640 4056; x_wconf 82' lang='grc' dir='ltr'><strong>τῆς</strong></span> <span class='ocrx_word' id='word_1_522' title='bbox 1679 3987 1840 4058; x_wconf 76' lang='grc' dir='ltr'>Ἐρυσ-</span> 
     </span>
    </p>
   </div>
   <div class='ocr_carea' id='block_1_73' title="bbox 266 4073 1840 4152">
    <p class='ocr_par' dir='ltr' id='par_1_73' title="bbox 266 4073 1840 4152">
     <span class='ocr_line' id='line_1_73' title="bbox 266 4073 1840 4152; baseline 0.008 -27"><span class='ocrx_word' id='word_1_523' title='bbox 266 4074 398 4143; x_wconf 69' lang='lat' dir='ltr'><strong>(ipsi;</strong></span> <span class='ocrx_word' id='word_1_524' title='bbox 419 4073 699 4147; x_wconf 77' lang='grc' dir='ltr'>θαλάσσης</span> <span class='ocrx_word' id='word_1_525' title='bbox 721 4076 801 4140; x_wconf 78' lang='grc' dir='ltr'>δὶς</span> <span class='ocrx_word' id='word_1_526' title='bbox 824 4077 918 4132; x_wconf 92' lang='grc' dir='ltr'><strong>τοῦ</strong></span> <span class='ocrx_word' id='word_1_527' title='bbox 943 4080 1198 4133; x_wconf 72' lang='grc' dir='ltr'>ἐνιαυτοῦ</span> <span class='ocrx_word' id='word_1_528' title='bbox 1226 4081 1517 4135; x_wconf 85' lang='grc' dir='ltr'>ἀναδίδωσι</span> <span class='ocrx_word' id='word_1_529' title='bbox 1542 4080 1671 4145; x_wconf 81' lang='grc' dir='ltr'>τοὺς</span> <span class='ocrx_word' id='word_1_530' title='bbox 1702 4097 1840 4152; x_wconf 86' lang='grc' dir='ltr'>καρ-</span> 
     </span>
    </p>
   </div>
   <div class='ocr_carea' id='block_1_74' title="bbox 166 4166 1841 4255">
    <p class='ocr_par' dir='ltr' id='par_1_74' title="bbox 166 4166 1841 4255">
     <span class='ocr_line' id='line_1_74' title="bbox 166 4166 1841 4255; baseline 0.008 -40"><span class='ocrx_word' id='word_1_531' title='bbox 166 4248 174 4255; x_wconf 30' lang='grc'><strong><em>⁸</em></strong></span> <span class='ocrx_word' id='word_1_532' title='bbox 270 4166 436 4229; x_wconf 74' lang='grc' dir='ltr'>πούςο</span> <span class='ocrx_word' id='word_1_533' title='bbox 474 4167 532 4233; x_wconf 77' lang='grc' dir='ltr'>ἐξ</span> <span class='ocrx_word' id='word_1_534' title='bbox 582 4166 642 4220; x_wconf 80' lang='grc' dir='ltr'>οὗ</span> <span class='ocrx_word' id='word_1_535' title='bbox 692 4171 789 4223; x_wconf 74' lang='grc' dir='ltr'>καὶ</span> <span class='ocrx_word' id='word_1_536' title='bbox 837 4170 938 4240; x_wconf 81' lang='grc' dir='ltr'>τὴν</span> <span class='ocrx_word' id='word_1_537' title='bbox 992 4172 1178 4244; x_wconf 82' lang='grc' dir='ltr'>χώραν</span> <span class='ocrx_word' id='word_1_538' title='bbox 1222 4173 1485 4243; x_wconf 77' lang='grc' dir='ltr'>’Δραΰίαν</span> <span class='ocrx_word' id='word_1_539' title='bbox 1546 4173 1841 4244; x_wconf 81' lang='grc' dir='ltr'>εὐδαίμονα</span> 
     </span>
    </p>
   </div>
   <div class='ocr_carea' id='block_1_75' title="bbox 270 4261 1841 4336">
    <p class='ocr_par' dir='ltr' id='par_1_75' title="bbox 270 4261 1841 4336">
     <span class='ocr_line' id='line_1_75' title="bbox 270 4261 1841 4336; baseline 0.008 -28"><span class='ocrx_word' id='word_1_540' title='bbox 270 4263 743 4330; x_wconf 80' lang='grc' dir='ltr'>τ.ροσηγόρευσαν.</span> <span class='ocrx_word' id='word_1_541' title='bbox 777 4261 884 4316; x_wconf 77' lang='grc' dir='ltr'>Καὶ</span> <span class='ocrx_word' id='word_1_542' title='bbox 912 4262 1049 4326; x_wconf 83' lang='grc' dir='ltr'>ὅλως</span> <span class='ocrx_word' id='word_1_543' title='bbox 1095 4265 1129 4334; x_wconf 82' lang='grc' dir='ltr'><strong>ἡ</strong></span> <span class='ocrx_word' id='word_1_544' title='bbox 1171 4264 1310 4333; x_wconf 79' lang='grc' dir='ltr'>πρὸς</span> <span class='ocrx_word' id='word_1_545' title='bbox 1349 4264 1642 4335; x_wconf 86' lang='grc' dir='ltr'>ἀνίσχοντα</span> <span class='ocrx_word' id='word_1_546' title='bbox 1686 4266 1841 4336; x_wconf 78' lang='grc' dir='ltr'>ἥλιον</span> 
     </span>
    </p>
   </div>
   <div class='ocr_carea' id='block_1_76' title="bbox 269 4355 1841 4427">
    <p class='ocr_par' dir='ltr' id='par_1_76' title="bbox 269 4355 1841 4427">
     <span class='ocr_line' id='line_1_76' title="bbox 269 4355 1841 4427; baseline 0.003 -20"><span class='ocrx_word' id='word_1_547' title='bbox 269 4356 455 4408; x_wconf 77' lang='grc' dir='ltr'>ἅπασα</span> <span class='ocrx_word' id='word_1_548' title='bbox 485 4357 556 4426; x_wconf 83' lang='grc' dir='ltr'><strong>γῆ</strong></span> <span class='ocrx_word' id='word_1_549' title='bbox 590 4355 795 4426; x_wconf 80' lang='grc' dir='ltr'>μακρῷ</span> <span class='ocrx_word' id='word_1_550' title='bbox 843 4356 944 4426; x_wconf 85' lang='grc' dir='ltr'>τῆς</span> <span class='ocrx_word' id='word_1_551' title='bbox 976 4357 1144 4425; x_wconf 78' lang='grc' dir='ltr'>ἄλλης</span> <span class='ocrx_word' id='word_1_552' title='bbox 1174 4359 1233 4409; x_wconf 84' lang='grc' dir='ltr'>ἐν</span> <span class='ocrx_word' id='word_1_553' title='bbox 1286 4359 1420 4411; x_wconf 82' lang='grc' dir='ltr'>πᾶσι</span> <span class='ocrx_word' id='word_1_554' title='bbox 1467 4357 1742 4427; x_wconf 76' lang='grc' dir='ltr'>διαφέρει.</span> <span class='ocrx_word' id='word_1_555' title='bbox 1781 4358 1841 4411; x_wconf 86' lang='lat'><strong>&#39;0</strong></span> 
     </span>
    </p>
   </div>
   <div class='ocr_carea' id='block_1_77' title="bbox 269 4448 1841 4522">
    <p class='ocr_par' dir='ltr' id='par_1_77' title="bbox 269 4448 1841 4522">
     <span class='ocr_line' id='line_1_77' title="bbox 269 4448 1841 4522; baseline 0.002 -21"><span class='ocrx_word' id='word_1_556' title='bbox 269 4450 322 4503; x_wconf 71' lang='grc' dir='ltr'>δὲ</span> <span class='ocrx_word' id='word_1_557' title='bbox 353 4452 683 4522; x_wconf 79' lang='grc' dir='ltr'>παράδεισος</span> <span class='ocrx_word' id='word_1_558' title='bbox 714 4450 935 4521; x_wconf 79' lang='grc' dir='ltr'>ἀπάσης</span> <span class='ocrx_word' id='word_1_559' title='bbox 961 4451 1057 4520; x_wconf 79' lang='grc' dir='ltr'>τῆς</span> <span class='ocrx_word' id='word_1_560' title='bbox 1086 4448 1226 4521; x_wconf 73' lang='grc' dir='ltr'>ἑῴας</span> <span class='ocrx_word' id='word_1_561' title='bbox 1251 4450 1312 4505; x_wconf 86' lang='grc' dir='ltr'><strong>τὸ</strong></span> <span class='ocrx_word' id='word_1_562' title='bbox 1343 4451 1635 4515; x_wconf 87' lang='grc' dir='ltr'>κράτιστόν</span> <span class='ocrx_word' id='word_1_563' title='bbox 1660 4466 1721 4503; x_wconf 84' lang='grc' dir='ltr'><strong>τε</strong></span> <span class='ocrx_word' id='word_1_564' title='bbox 1745 4451 1841 4504; x_wconf 77' lang='grc' dir='ltr'>καὶ</span> 
     </span>
    </p>
   </div>
   <div class='ocr_carea' id='block_1_78' title="bbox 1932 3245 3504 3320">
    <p class='ocr_par' dir='ltr' id='par_1_78' title="bbox 1932 3245 3504 3320">
     <span class='ocr_line' id='line_1_78' title="bbox 1932 3245 3504 3320; baseline -0.006 -15"><span class='ocrx_word' id='word_1_565' title='bbox 1932 3251 2039 3306; x_wconf 88' lang='lat' dir='ltr'><strong>sita</strong></span> <span class='ocrx_word' id='word_1_566' title='bbox 2088 3251 2299 3320; x_wconf 87' lang='lat' dir='ltr'><strong>jacent,</strong></span> <span class='ocrx_word' id='word_1_567' title='bbox 2349 3257 2408 3302; x_wconf 91' lang='lat' dir='ltr'><strong>et</strong></span> <span class='ocrx_word' id='word_1_568' title='bbox 2457 3248 2813 3302; x_wconf 84' lang='lat' dir='ltr'><strong>manilestum</strong></span> <span class='ocrx_word' id='word_1_569' title='bbox 2850 3254 3198 3315; x_wconf 40' lang='lat' dir='ltr'><strong>proventum,</strong></span> <span class='ocrx_word' id='word_1_570' title='bbox 3232 3245 3504 3313; x_wconf 65' lang='lat' dir='ltr'><strong>praebent.</strong></span> 
     </span>
    </p>
   </div>
   <div class='ocr_carea' id='block_1_79' title="bbox 1935 3335 3509 3414">
    <p class='ocr_par' dir='ltr' id='par_1_79' title="bbox 1935 3335 3509 3414">
     <span class='ocr_line' id='line_1_79' title="bbox 1935 3335 3509 3414; baseline -0.009 -12"><span class='ocrx_word' id='word_1_571' title='bbox 1935 3343 2099 3414; x_wconf 76' lang='lat'><strong>727</strong></span> <span class='ocrx_word' id='word_1_572' title='bbox 2153 3342 2296 3399; x_wconf 88' lang='lat' dir='ltr'><strong>Sunt</strong></span> <span class='ocrx_word' id='word_1_573' title='bbox 2347 3342 2516 3397; x_wconf 88' lang='lat' dir='ltr'><strong>etiam</strong></span> <span class='ocrx_word' id='word_1_574' title='bbox 2566 3340 2644 3394; x_wconf 89' lang='lat' dir='ltr'><strong>ibi</strong></span> <span class='ocrx_word' id='word_1_575' title='bbox 2698 3339 2911 3392; x_wconf 79' lang='lat' dir='ltr'><strong>fructus</strong></span> <span class='ocrx_word' id='word_1_576' title='bbox 2957 3346 3072 3391; x_wconf 90' lang='lat' dir='ltr'><strong>tum</strong></span> <span class='ocrx_word' id='word_1_577' title='bbox 3122 3335 3509 3405; x_wconf 84' lang='lat' dir='ltr'><strong>pulcherrimi.</strong></span> 
     </span>
    </p>
   </div>
   <div class='ocr_carea' id='block_1_80' title="bbox 1936 3426 3510 3502">
    <p class='ocr_par' dir='ltr' id='par_1_80' title="bbox 1936 3426 3510 3502">
     <span class='ocr_line' id='line_1_80' title="bbox 1936 3426 3510 3502; baseline -0.006 -14"><span class='ocrx_word' id='word_1_578' title='bbox 1936 3446 2053 3490; x_wconf 88' lang='lat' dir='ltr'><strong>tum</strong></span> <span class='ocrx_word' id='word_1_579' title='bbox 2085 3434 2311 3489; x_wconf 83' lang='lat' dir='ltr'><strong>maximi</strong></span> <span class='ocrx_word' id='word_1_580' title='bbox 2347 3451 2362 3488; x_wconf 92' lang='lat'><strong>:</strong></span> <span class='ocrx_word' id='word_1_581' title='bbox 2394 3449 2463 3488; x_wconf 80' lang='lat' dir='ltr'><strong>ex</strong></span> <span class='ocrx_word' id='word_1_582' title='bbox 2499 3431 2704 3502; x_wconf 88' lang='lat' dir='ltr'><strong>quibus</strong></span> <span class='ocrx_word' id='word_1_583' title='bbox 2733 3439 2861 3484; x_wconf 90' lang='lat' dir='ltr'><strong>nota</strong></span> <span class='ocrx_word' id='word_1_584' title='bbox 2917 3437 3049 3482; x_wconf 88' lang='lat' dir='ltr'><strong>sunt</strong></span> <span class='ocrx_word' id='word_1_585' title='bbox 3090 3444 3273 3498; x_wconf 81' lang='lat' dir='ltr'><strong>carya.</strong></span> <span class='ocrx_word' id='word_1_586' title='bbox 3309 3426 3510 3482; x_wconf 85' lang='lat' dir='ltr'><strong>Verum</strong></span> 
     </span>
    </p>
   </div>
   <div class='ocr_carea' id='block_1_81' title="bbox 1934 3520 3513 3590">
    <p class='ocr_par' dir='ltr' id='par_1_81' title="bbox 1934 3520 3513 3590">
     <span class='ocr_line' id='line_1_81' title="bbox 1934 3520 3513 3590; baseline -0.007 -8"><span class='ocrx_word' id='word_1_587' title='bbox 1934 3530 2224 3582; x_wconf 87' lang='lat' dir='ltr'><strong>enimvero</strong></span> <span class='ocrx_word' id='word_1_588' title='bbox 2270 3533 2329 3579; x_wconf 89' lang='lat' dir='ltr'><strong>et</strong></span> <span class='ocrx_word' id='word_1_589' title='bbox 2383 3532 2594 3579; x_wconf 87' lang='lat' dir='ltr'><strong>tractus</strong></span> <span class='ocrx_word' id='word_1_590' title='bbox 2636 3536 2830 3576; x_wconf 87' lang='lat' dir='ltr'><strong>earum</strong></span> <span class='ocrx_word' id='word_1_591' title='bbox 2874 3520 3146 3590; x_wconf 81' lang='lat' dir='ltr'><strong>gentium,</strong></span> <span class='ocrx_word' id='word_1_592' title='bbox 3189 3533 3310 3584; x_wconf 73' lang='lat' dir='ltr'><strong>qua:</strong></span> <span class='ocrx_word' id='word_1_593' title='bbox 3343 3532 3513 3587; x_wconf 88' lang='lat' dir='ltr'><strong>supra</strong></span> 
     </span>
    </p>
   </div>
   <div class='ocr_carea' id='block_1_82' title="bbox 1936 3608 3516 3683">
    <p class='ocr_par' dir='ltr' id='par_1_82' title="bbox 1936 3608 3516 3683">
     <span class='ocr_line' id='line_1_82' title="bbox 1936 3608 3516 3683; baseline -0.009 -8"><span class='ocrx_word' id='word_1_594' title='bbox 1936 3617 2253 3674; x_wconf 77' lang='lat' dir='ltr'><strong>Homeritas</strong></span> <span class='ocrx_word' id='word_1_595' title='bbox 2313 3623 2474 3680; x_wconf 85' lang='lat' dir='ltr'><strong>sunt,</strong></span> <span class='ocrx_word' id='word_1_596' title='bbox 2535 3628 2712 3683; x_wconf 87' lang='lat' dir='ltr'><strong>usque</strong></span> <span class='ocrx_word' id='word_1_597' title='bbox 2763 3612 2831 3666; x_wconf 90' lang='lat' dir='ltr'><strong>ad</strong></span> <span class='ocrx_word' id='word_1_598' title='bbox 2891 3626 3042 3665; x_wconf 90' lang='lat' dir='ltr'><strong>mare</strong></span> <span class='ocrx_word' id='word_1_599' title='bbox 3094 3608 3372 3673; x_wconf 78' lang='lat' dir='ltr'><strong>Rubrum,</strong></span> <span class='ocrx_word' id='word_1_600' title='bbox 3431 3608 3516 3661; x_wconf 90' lang='lat' dir='ltr'><strong>bis</strong></span> 
     </span>
    </p>
   </div>
   <div class='ocr_carea' id='block_1_83' title="bbox 1938 3698 3513 3772">
    <p class='ocr_par' dir='ltr' id='par_1_83' title="bbox 1938 3698 3513 3772">
     <span class='ocr_line' id='line_1_83' title="bbox 1938 3698 3513 3772; baseline -0.008 -10"><span class='ocrx_word' id='word_1_601' title='bbox 1938 3723 2086 3764; x_wconf 88' lang='lat' dir='ltr'><strong>anno</strong></span> <span class='ocrx_word' id='word_1_602' title='bbox 2118 3706 2333 3761; x_wconf 83' lang='lat' dir='ltr'><strong>fructus</strong></span> <span class='ocrx_word' id='word_1_603' title='bbox 2349 3704 2468 3761; x_wconf 88' lang='lat' dir='ltr'><strong>edit</strong></span> <span class='ocrx_word' id='word_1_604' title='bbox 2494 3719 2510 3758; x_wconf 90' lang='lat'><strong>:</strong></span> <span class='ocrx_word' id='word_1_605' title='bbox 2538 3703 2689 3758; x_wconf 90' lang='lat' dir='ltr'><strong>unde</strong></span> <span class='ocrx_word' id='word_1_606' title='bbox 2716 3710 2772 3757; x_wconf 89' lang='lat' dir='ltr'><strong>et</strong></span> <span class='ocrx_word' id='word_1_607' title='bbox 2798 3702 3080 3772; x_wconf 77' lang='lat' dir='ltr'><strong>regionem</strong></span> <span class='ocrx_word' id='word_1_608' title='bbox 3107 3714 3228 3753; x_wconf 86' lang='lat' dir='ltr'><strong>eam</strong></span> <span class='ocrx_word' id='word_1_609' title='bbox 3257 3698 3513 3753; x_wconf 85' lang='lat' dir='ltr'><strong>Arabiam</strong></span> 
     </span>
    </p>
   </div>
   <div class='ocr_carea' id='block_1_84' title="bbox 1939 3790 3514 3868">
    <p class='ocr_par' dir='ltr' id='par_1_84' title="bbox 1939 3790 3514 3868">
     <span class='ocr_line' id='line_1_84' title="bbox 1939 3790 3514 3868; baseline -0.008 -14"><span class='ocrx_word' id='word_1_610' title='bbox 1939 3798 2181 3854; x_wconf 85' lang='lat' dir='ltr'><strong>Felicem</strong></span> <span class='ocrx_word' id='word_1_611' title='bbox 2209 3796 2698 3868; x_wconf 76' lang='lat' dir='ltr'><strong>cognominarunt.</strong></span> <span class='ocrx_word' id='word_1_612' title='bbox 2726 3795 2791 3848; x_wconf 88' lang='lat' dir='ltr'><strong>Et</strong></span> <span class='ocrx_word' id='word_1_613' title='bbox 2815 3793 3043 3849; x_wconf 89' lang='lat' dir='ltr'><strong>omnino</strong></span> <span class='ocrx_word' id='word_1_614' title='bbox 3067 3801 3265 3846; x_wconf 89' lang='lat' dir='ltr'><strong>cuncta</strong></span> <span class='ocrx_word' id='word_1_615' title='bbox 3298 3804 3422 3860; x_wconf 64' lang='lat' dir='ltr'><strong>quae</strong></span> <span class='ocrx_word' id='word_1_616' title='bbox 3447 3790 3514 3843; x_wconf 87' lang='lat' dir='ltr'><strong>ad</strong></span> 
     </span>
    </p>
   </div>
   <div class='ocr_carea' id='block_1_85' title="bbox 1939 3883 3515 3956">
    <p class='ocr_par' dir='ltr' id='par_1_85' title="bbox 1939 3883 3515 3956">
     <span class='ocr_line' id='line_1_85' title="bbox 1939 3883 3515 3956; baseline -0.01 -9"><span class='ocrx_word' id='word_1_617' title='bbox 1939 3893 2213 3947; x_wconf 88' lang='lat' dir='ltr'><strong>orientem</strong></span> <span class='ocrx_word' id='word_1_618' title='bbox 2268 3890 2444 3946; x_wconf 89' lang='lat' dir='ltr'><strong>solem</strong></span> <span class='ocrx_word' id='word_1_619' title='bbox 2494 3898 2582 3944; x_wconf 89' lang='lat' dir='ltr'><strong>est</strong></span> <span class='ocrx_word' id='word_1_620' title='bbox 2626 3903 2743 3952; x_wconf 90' lang='lat' dir='ltr'><strong>ora,</strong></span> <span class='ocrx_word' id='word_1_621' title='bbox 2777 3886 2940 3956; x_wconf 75' lang='lat' dir='ltr'><strong>longe</strong></span> <span class='ocrx_word' id='word_1_622' title='bbox 2989 3883 3260 3953; x_wconf 88' lang='lat' dir='ltr'><strong>reliquam</strong></span> <span class='ocrx_word' id='word_1_623' title='bbox 3312 3890 3515 3936; x_wconf 88' lang='lat' dir='ltr'><strong>terram</strong></span> 
     </span>
    </p>
   </div>
   <div class='ocr_carea' id='block_1_86' title="bbox 1940 3979 3519 4044">
    <p class='ocr_par' dir='ltr' id='par_1_86' title="bbox 1940 3979 3519 4044">
     <span class='ocr_line' id='line_1_86' title="bbox 1940 3979 3519 4044; baseline -0.008 -4"><span class='ocrx_word' id='word_1_624' title='bbox 1940 3985 2111 4040; x_wconf 88' lang='lat' dir='ltr'><strong>rebus</strong></span> <span class='ocrx_word' id='word_1_625' title='bbox 2137 3984 2399 4040; x_wconf 87' lang='lat' dir='ltr'><strong>omnibus</strong></span> <span class='ocrx_word' id='word_1_626' title='bbox 2447 3983 2688 4038; x_wconf 81' lang='lat' dir='ltr'><strong>excellit.</strong></span> <span class='ocrx_word' id='word_1_627' title='bbox 2740 3979 3061 4035; x_wconf 72' lang='lat' dir='ltr'><strong>l’aradisum</strong></span> <span class='ocrx_word' id='word_1_628' title='bbox 3108 3985 3317 4040; x_wconf 88' lang='lat' dir='ltr'><strong>autem,</strong></span> <span class='ocrx_word' id='word_1_629' title='bbox 3351 3991 3519 4044; x_wconf 87' lang='lat' dir='ltr'><strong>quem</strong></span> 
     </span>
    </p>
   </div>
   <div class='ocr_carea' id='block_1_87' title="bbox 1939 4065 3522 4134">
    <p class='ocr_par' dir='ltr' id='par_1_87' title="bbox 1939 4065 3522 4134">
     <span class='ocr_line' id='line_1_87' title="bbox 1939 4065 3522 4134; baseline -0.011 0"><span class='ocrx_word' id='word_1_630' title='bbox 1939 4087 2250 4134; x_wconf 80' lang='lat' dir='ltr'><strong>extremum</strong></span> <span class='ocrx_word' id='word_1_631' title='bbox 2281 4090 2428 4130; x_wconf 83' lang='lat' dir='ltr'><strong>mare</strong></span> <span class='ocrx_word' id='word_1_632' title='bbox 2449 4072 2731 4130; x_wconf 88' lang='lat' dir='ltr'><strong>Orientale</strong></span> <span class='ocrx_word' id='word_1_633' title='bbox 2748 4072 2930 4132; x_wconf 87' lang='lat' dir='ltr'><strong>alluit,</strong></span> <span class='ocrx_word' id='word_1_634' title='bbox 2964 4084 3092 4125; x_wconf 90' lang='lat' dir='ltr'><strong>cum</strong></span> <span class='ocrx_word' id='word_1_635' title='bbox 3125 4066 3299 4122; x_wconf 88' lang='lat' dir='ltr'><strong>totius</strong></span> <span class='ocrx_word' id='word_1_636' title='bbox 3325 4065 3522 4120; x_wconf 82' lang='lat' dir='ltr'><strong>Orien-</strong></span> 
     </span>
    </p>
   </div>
   <div class='ocr_carea' id='block_1_88' title="bbox 1944 4156 3516 4238">
    <p class='ocr_par' dir='ltr' id='par_1_88' title="bbox 1944 4156 3516 4238">
     <span class='ocr_line' id='line_1_88' title="bbox 1944 4156 3516 4238; baseline -0.01 -16"><span class='ocrx_word' id='word_1_637' title='bbox 1944 4169 2017 4224; x_wconf 85' lang='lat' dir='ltr'><strong>tis</strong></span> <span class='ocrx_word' id='word_1_638' title='bbox 2051 4167 2464 4238; x_wconf 85' lang='lat' dir='ltr'><strong>pulcherrimus</strong></span> <span class='ocrx_word' id='word_1_639' title='bbox 2493 4175 2550 4218; x_wconf 89' lang='lat' dir='ltr'><strong>et</strong></span> <span class='ocrx_word' id='word_1_640' title='bbox 2572 4163 2908 4234; x_wconf 89' lang='lat' dir='ltr'><strong>purissimus</strong></span> <span class='ocrx_word' id='word_1_641' title='bbox 2937 4160 3030 4225; x_wconf 88' lang='lat' dir='ltr'><strong>sit,</strong></span> <span class='ocrx_word' id='word_1_642' title='bbox 3069 4159 3271 4213; x_wconf 63' lang='lat' dir='ltr'><strong>coelum</strong></span> <span class='ocrx_word' id='word_1_643' title='bbox 3302 4156 3516 4210; x_wconf 74' lang='lat' dir='ltr'><strong>laetissi-</strong></span> 
     </span>
    </p>
   </div>
   <div class='ocr_carea' id='block_1_89' title="bbox 1949 4247 3522 4325">
    <p class='ocr_par' dir='ltr' id='par_1_89' title="bbox 1949 4247 3522 4325">
     <span class='ocr_line' id='line_1_89' title="bbox 1949 4247 3522 4325; baseline -0.01 -10"><span class='ocrx_word' id='word_1_644' title='bbox 1949 4276 2101 4316; x_wconf 89' lang='lat' dir='ltr'><strong>mum</strong></span> <span class='ocrx_word' id='word_1_645' title='bbox 2133 4257 2684 4325; x_wconf 70' lang='lat' dir='ltr'><strong>amantissimumque</strong></span> <span class='ocrx_word' id='word_1_646' title='bbox 2720 4253 2954 4317; x_wconf 84' lang='lat' dir='ltr'><strong>habens,</strong></span> <span class='ocrx_word' id='word_1_647' title='bbox 3000 4260 3057 4305; x_wconf 90' lang='lat' dir='ltr'><strong>et</strong></span> <span class='ocrx_word' id='word_1_648' title='bbox 3095 4251 3254 4319; x_wconf 90' lang='lat' dir='ltr'><strong>aquis</strong></span> <span class='ocrx_word' id='word_1_649' title='bbox 3290 4247 3522 4318; x_wconf 84' lang='lat' dir='ltr'><strong>pelluci-</strong></span> 
     </span>
    </p>
   </div>
   <div class='ocr_carea' id='block_1_90' title="bbox 1949 4340 3517 4420">
    <p class='ocr_par' dir='ltr' id='par_1_90' title="bbox 1949 4340 3517 4420">
     <span class='ocr_line' id='line_1_90' title="bbox 1949 4340 3517 4420; baseline -0.013 -11"><span class='ocrx_word' id='word_1_650' title='bbox 1949 4352 2197 4409; x_wconf 82' lang='lat' dir='ltr'><strong>dissimis</strong></span> <span class='ocrx_word' id='word_1_651' title='bbox 2283 4342 2519 4420; x_wconf 82' lang='lat' dir='ltr'><strong>rigetur,</strong></span> <span class='ocrx_word' id='word_1_652' title='bbox 2586 4348 2721 4402; x_wconf 87' lang='lat' dir='ltr'><strong>satis</strong></span> <span class='ocrx_word' id='word_1_653' title='bbox 2794 4353 3014 4399; x_wconf 87' lang='lat' dir='ltr'><strong>constat</strong></span> <span class='ocrx_word' id='word_1_654' title='bbox 3095 4340 3517 4409; x_wconf 85' lang='lat' dir='ltr'><strong>incomparabili</strong></span> 
     </span>
    </p>
   </div>
   <div class='ocr_carea' id='block_1_91' title="bbox 1950 4434 3519 4517">
    <p class='ocr_par' dir='ltr' id='par_1_91' title="bbox 1950 4434 3519 4517">
     <span class='ocr_line' id='line_1_91' title="bbox 1950 4434 3519 4517; baseline -0.013 -16"><span class='ocrx_word' id='word_1_655' title='bbox 1950 4443 2291 4517; x_wconf 73' lang='lat' dir='ltr'><strong>praestantia,</strong></span> <span class='ocrx_word' id='word_1_656' title='bbox 2316 4456 2477 4512; x_wconf 83' lang='lat' dir='ltr'><strong>quam</strong></span> <span class='ocrx_word' id='word_1_657' title='bbox 2509 4451 2711 4494; x_wconf 83' lang='lat' dir='ltr'><strong>terram</strong></span> <span class='ocrx_word' id='word_1_658' title='bbox 2747 4452 2870 4506; x_wconf 83' lang='lat' dir='ltr'><strong>quae</strong></span> <span class='ocrx_word' id='word_1_659' title='bbox 2893 4436 2996 4490; x_wconf 91' lang='lat' dir='ltr'><strong>sub</strong></span> <span class='ocrx_word' id='word_1_660' title='bbox 3024 4434 3138 4487; x_wconf 90' lang='lat' dir='ltr'><strong>sole</strong></span> <span class='ocrx_word' id='word_1_661' title='bbox 3165 4441 3251 4486; x_wconf 84' lang='lat' dir='ltr'><strong>est</strong></span> <span class='ocrx_word' id='word_1_662' title='bbox 3272 4447 3519 4489; x_wconf 86' lang='lat' dir='ltr'><strong>omnem,</strong></span> 
     </span>
    </p>
   </div>
   <div class='ocr_carea' id='block_1_92' title="bbox 201 4524 1829 4615">
    <p class='ocr_par' dir='ltr' id='par_1_92' title="bbox 201 4542 1829 4615">
     <span class='ocr_line' id='line_1_92' title="bbox 201 4542 1829 4615; baseline -0.002 -18"><span class='ocrx_word' id='word_1_663' title='bbox 201 4554 205 4555; x_wconf 68' lang='lat'><strong><em>&#39;</em></strong></span> <span class='ocrx_word' id='word_1_664' title='bbox 269 4545 662 4615; x_wconf 75' lang='grc' dir='ltr'>καθαρώτατον</span> <span class='ocrx_word' id='word_1_665' title='bbox 708 4544 995 4614; x_wconf 81' lang='grc' dir='ltr'>ὑπάρχων,</span> <span class='ocrx_word' id='word_1_666' title='bbox 1029 4547 1123 4596; x_wconf 70' lang='grc' dir='ltr'>καὶ</span> <span class='ocrx_word' id='word_1_667' title='bbox 1160 4544 1287 4606; x_wconf 79' lang='grc' dir='ltr'>τοὺς</span> <span class='ocrx_word' id='word_1_668' title='bbox 1332 4544 1502 4611; x_wconf 74' lang='grc' dir='ltr'>ἀέρας</span> <span class='ocrx_word' id='word_1_669' title='bbox 1534 4542 1829 4612; x_wconf 86' lang='grc' dir='ltr'>ἀκραιφνε-</span> 
     </span>
    </p>
   </div>
   <div class='ocr_carea' id='block_1_93' title="bbox 1932 4524 3523 4615">
    <p class='ocr_par' dir='ltr' id='par_1_93' title="bbox 1946 4524 3523 4608">
     <span class='ocr_line' id='line_1_93' title="bbox 1946 4524 3523 4608; baseline -0.015 -14"><span class='ocrx_word' id='word_1_670' title='bbox 1946 4539 2132 4594; x_wconf 87' lang='lat' dir='ltr'><strong>omnia</strong></span> <span class='ocrx_word' id='word_1_671' title='bbox 2164 4538 2390 4608; x_wconf 78' lang='lat' dir='ltr'><strong>gignere</strong></span> <span class='ocrx_word' id='word_1_672' title='bbox 2419 4540 2475 4587; x_wconf 86' lang='lat' dir='ltr'><strong>et</strong></span> <span class='ocrx_word' id='word_1_673' title='bbox 2525 4532 2670 4586; x_wconf 78' lang='lat' dir='ltr'><strong>ferre</strong></span> <span class='ocrx_word' id='word_1_674' title='bbox 2702 4529 2953 4583; x_wconf 86' lang='lat' dir='ltr'><strong>meliora.</strong></span> <span class='ocrx_word' id='word_1_675' title='bbox 2989 4525 3168 4594; x_wconf 87' lang='lat' dir='ltr'><strong>Atque</strong></span> <span class='ocrx_word' id='word_1_676' title='bbox 3214 4524 3329 4576; x_wconf 73' lang='lat' dir='ltr'><strong>inec</strong></span> <span class='ocrx_word' id='word_1_677' title='bbox 3377 4530 3523 4574; x_wconf 81' lang='lat' dir='ltr'><strong>tam-</strong></span> 
     </span>
    </p>
   </div>
   <div class='ocr_carea' id='block_1_94' title="bbox 273 4637 1841 4713">
    <p class='ocr_par' dir='ltr' id='par_1_94' title="bbox 273 4637 1841 4713">
     <span class='ocr_line' id='line_1_94' title="bbox 273 4637 1841 4713; baseline -0.004 -12"><span class='ocrx_word' id='word_1_678' title='bbox 273 4639 498 4701; x_wconf 76' lang='grc' dir='ltr'><strong>ητάτους</strong></span> <span class='ocrx_word' id='word_1_679' title='bbox 532 4644 628 4699; x_wconf 79' lang='grc' dir='ltr'>καὶ</span> <span class='ocrx_word' id='word_1_680' title='bbox 661 4642 986 4707; x_wconf 80' lang='grc' dir='ltr'>καλλίστους</span> <span class='ocrx_word' id='word_1_681' title='bbox 1017 4643 1180 4713; x_wconf 67' lang='grc' dir='ltr'>ἒχων,</span> <span class='ocrx_word' id='word_1_682' title='bbox 1213 4643 1443 4705; x_wconf 76' lang='grc' dir='ltr'>καὶτοῖς</span> <span class='ocrx_word' id='word_1_683' title='bbox 1473 4637 1841 4705; x_wconf 69' lang='grc' dir='ltr'>διαφανεστάα</span> 
     </span>
    </p>
   </div>
   <div class='ocr_carea' id='block_1_95' title="bbox 268 4728 1842 4808">
    <p class='ocr_par' dir='ltr' id='par_1_95' title="bbox 268 4728 1842 4808">
     <span class='ocr_line' id='line_1_95' title="bbox 268 4728 1842 4808; baseline -0.001 -17"><span class='ocrx_word' id='word_1_684' title='bbox 268 4756 383 4801; x_wconf 87' lang='grc' dir='ltr'>τοις</span> <span class='ocrx_word' id='word_1_685' title='bbox 425 4739 584 4793; x_wconf 76' lang='grc' dir='ltr'>ὕδασι</span> <span class='ocrx_word' id='word_1_686' title='bbox 635 4738 1067 4806; x_wconf 85' lang='grc' dir='ltr'>καταρδόμενος,</span> <span class='ocrx_word' id='word_1_687' title='bbox 1122 4728 1286 4807; x_wconf 76' lang='grc' dir='ltr'>δῆλον</span> <span class='ocrx_word' id='word_1_688' title='bbox 1337 4737 1414 4800; x_wconf 83' lang='grc' dir='ltr'>ὡς</span> <span class='ocrx_word' id='word_1_689' title='bbox 1466 4736 1842 4808; x_wconf 79' lang='grc' dir='ltr'>ἀπαραϐλήτῳ</span> 
     </span>
    </p>
   </div>
   <div class='ocr_carea' id='block_1_96' title="bbox 272 4820 1843 4901">
    <p class='ocr_par' dir='ltr' id='par_1_96' title="bbox 272 4820 1843 4901">
     <span class='ocr_line' id='line_1_96' title="bbox 272 4820 1843 4901; baseline -0.003 -16"><span class='ocrx_word' id='word_1_690' title='bbox 272 4833 510 4901; x_wconf 79' lang='grc' dir='ltr'>ὑπεροχῇ</span> <span class='ocrx_word' id='word_1_691' title='bbox 551 4831 653 4899; x_wconf 77' lang='grc' dir='ltr'><strong>τῆς</strong></span> <span class='ocrx_word' id='word_1_692' title='bbox 708 4829 967 4900; x_wconf 78' lang='grc' dir='ltr'>ὑφ’,ὴλίῳ</span> <span class='ocrx_word' id='word_1_693' title='bbox 996 4829 1181 4899; x_wconf 81' lang='grc' dir='ltr'>πάσης</span> <span class='ocrx_word' id='word_1_694' title='bbox 1231 4832 1289 4884; x_wconf 86' lang='grc' dir='ltr'>ὲν</span> <span class='ocrx_word' id='word_1_695' title='bbox 1323 4833 1458 4883; x_wconf 71' lang='grc' dir='ltr'>πᾶσι</span> <span class='ocrx_word' id='word_1_696' title='bbox 1485 4830 1546 4883; x_wconf 83' lang='grc' dir='ltr'><strong>τὸ</strong></span> <span class='ocrx_word' id='word_1_697' title='bbox 1592 4820 1843 4900; x_wconf 82' lang='grc' dir='ltr'>κρεῖττον</span> 
     </span>
    </p>
   </div>
   <div class='ocr_carea' id='block_1_97' title="bbox 271 4922 1842 4996">
    <p class='ocr_par' dir='ltr' id='par_1_97' title="bbox 271 4922 1842 4996">
     <span class='ocr_line' id='line_1_97' title="bbox 271 4922 1842 4996; baseline -0.004 -17"><span class='ocrx_word' id='word_1_698' title='bbox 271 4928 465 4996; x_wconf 78' lang='grc' dir='ltr'>φέρει,</span> <span class='ocrx_word' id='word_1_699' title='bbox 516 4925 618 4993; x_wconf 81' lang='grc' dir='ltr'>τῆς</span> <span class='ocrx_word' id='word_1_700' title='bbox 651 4925 853 4988; x_wconf 80' lang='grc' dir='ltr'>ἔξωθεν</span> <span class='ocrx_word' id='word_1_701' title='bbox 900 4924 1177 4993; x_wconf 79' lang='grc' dir='ltr'>θαλάσσης</span> <span class='ocrx_word' id='word_1_702' title='bbox 1232 4924 1355 4976; x_wconf 74' lang='grc' dir='ltr'>κατ’</span> <span class='ocrx_word' id='word_1_703' title='bbox 1400 4922 1691 4992; x_wconf 83' lang='grc' dir='ltr'>ἀνίσχοντα</span> <span class='ocrx_word' id='word_1_704' title='bbox 1748 4923 1842 4974; x_wconf 81' lang='grc' dir='ltr'><strong>τὸν</strong></span> 
     </span>
    </p>
   </div>
   <div class='ocr_carea' id='block_1_98' title="bbox 270 5010 1843 5084">
    <p class='ocr_par' dir='ltr' id='par_1_98' title="bbox 270 5010 1843 5084">
     <span class='ocr_line' id='line_1_98' title="bbox 270 5010 1843 5084; baseline -0.003 -17"><span class='ocrx_word' id='word_1_705' title='bbox 270 5016 423 5084; x_wconf 71' lang='grc' dir='ltr'>ἠλιον</span> <span class='ocrx_word' id='word_1_706' title='bbox 454 5012 603 5083; x_wconf 80' lang='grc' dir='ltr'>αὺτῷ</span> <span class='ocrx_word' id='word_1_707' title='bbox 628 5010 1120 5082; x_wconf 79' lang='grc' dir='ltr'>περικλυζομένης.</span> <span class='ocrx_word' id='word_1_708' title='bbox 1135 5011 1319 5064; x_wconf 87' lang='grc' dir='ltr'>Ταῦτα</span> <span class='ocrx_word' id='word_1_709' title='bbox 1357 5010 1458 5079; x_wconf 77' lang='grc' dir='ltr'><strong>μὲν</strong></span> <span class='ocrx_word' id='word_1_710' title='bbox 1492 5013 1540 5063; x_wconf 78' lang='grc' dir='ltr'>εἰ</span> <span class='ocrx_word' id='word_1_711' title='bbox 1571 5013 1666 5063; x_wconf 75' lang='grc' dir='ltr'><strong>καὶ</strong></span> <span class='ocrx_word' id='word_1_712' title='bbox 1694 5025 1843 5079; x_wconf 85' lang='grc' dir='ltr'>παρ-</span> 
     </span>
    </p>
   </div>
   <div class='ocr_carea' id='block_1_99' title="bbox 272 5098 1843 5175">
    <p class='ocr_par' dir='ltr' id='par_1_99' title="bbox 272 5098 1843 5175">
     <span class='ocr_line' id='line_1_99' title="bbox 272 5098 1843 5175; baseline -0.006 -13"><span class='ocrx_word' id='word_1_713' title='bbox 272 5106 678 5175; x_wconf 80' lang='grc' dir='ltr'>εκὸατικώτερα</span> <span class='ocrx_word' id='word_1_714' title='bbox 744 5104 987 5174; x_wconf 73' lang='grc' dir='ltr'>εἴρηται,</span> <span class='ocrx_word' id='word_1_715' title='bbox 1008 5102 1126 5156; x_wconf 87' lang='grc' dir='ltr'>ἀλλ’</span> <span class='ocrx_word' id='word_1_716' title='bbox 1156 5104 1433 5170; x_wconf 86' lang='grc' dir='ltr'>ἀναγκαῖα</span> <span class='ocrx_word' id='word_1_717' title='bbox 1452 5142 1468 5166; x_wconf 87' lang='grc'><strong>,</strong></span> <span class='ocrx_word' id='word_1_718' title='bbox 1495 5098 1670 5167; x_wconf 70' lang='grc' dir='ltr'>οἶμαι,</span> <span class='ocrx_word' id='word_1_719' title='bbox 1699 5100 1843 5165; x_wconf 84' lang='grc' dir='ltr'>δόξει</span> 
     </span>
    </p>
   </div>
   <div class='ocr_carea' id='block_1_100' title="bbox 272 5191 1843 5270">
    <p class='ocr_par' dir='ltr' id='par_1_100' title="bbox 272 5191 1843 5270">
     <span class='ocr_line' id='line_1_100' title="bbox 272 5191 1843 5270; baseline -0.01 -13"><span class='ocrx_word' id='word_1_720' title='bbox 272 5204 384 5266; x_wconf 78' lang='grc' dir='ltr'>τοῖς</span> <span class='ocrx_word' id='word_1_721' title='bbox 432 5199 758 5270; x_wconf 83' lang='grc' dir='ltr'>φιλομαθεῖν</span> <span class='ocrx_word' id='word_1_722' title='bbox 821 5197 1143 5267; x_wconf 69' lang='grc' dir='ltr'>ᾑρημένοις.</span> <span class='ocrx_word' id='word_1_723' title='bbox 1203 5192 1400 5246; x_wconf 73' lang='grc' dir='ltr'>Πολλοὶ</span> <span class='ocrx_word' id='word_1_724' title='bbox 1458 5192 1515 5244; x_wconf 76' lang='grc' dir='ltr'>δὲ</span> <span class='ocrx_word' id='word_1_725' title='bbox 1548 5193 1647 5245; x_wconf 68' lang='grc' dir='ltr'><strong>καὶ</strong></span> <span class='ocrx_word' id='word_1_726' title='bbox 1691 5191 1843 5245; x_wconf 81' lang='grc' dir='ltr'>ἄλλοι</span> 
     </span>
    </p>
   </div>
   <div class='ocr_carea' id='block_1_101' title="bbox 275 5285 1844 5368">
    <p class='ocr_par' dir='ltr' id='par_1_101' title="bbox 275 5285 1844 5368">
     <span class='ocr_line' id='line_1_101' title="bbox 275 5285 1844 5368; baseline -0.01 -15"><span class='ocrx_word' id='word_1_727' title='bbox 275 5298 427 5368; x_wconf 83' lang='grc' dir='ltr'><strong>παρά</strong></span> <span class='ocrx_word' id='word_1_728' title='bbox 464 5294 687 5355; x_wconf 79' lang='grc' dir='ltr'>τούτους</span> <span class='ocrx_word' id='word_1_729' title='bbox 716 5290 988 5359; x_wconf 79' lang='grc' dir='ltr'>ἐγένοντο.</span> <span class='ocrx_word' id='word_1_730' title='bbox 1023 5288 1201 5340; x_wconf 75' lang='grc' dir='ltr'>ἱκανοὶ</span> <span class='ocrx_word' id='word_1_731' title='bbox 1234 5288 1332 5341; x_wconf 71' lang='grc' dir='ltr'><strong>καὶ</strong></span> <span class='ocrx_word' id='word_1_732' title='bbox 1365 5288 1505 5339; x_wconf 81' lang='grc' dir='ltr'>νοεῖν</span> <span class='ocrx_word' id='word_1_733' title='bbox 1538 5288 1632 5337; x_wconf 78' lang='grc' dir='ltr'>καὶ</span> <span class='ocrx_word' id='word_1_734' title='bbox 1661 5285 1844 5352; x_wconf 81' lang='grc' dir='ltr'>λέγειν</span> 
     </span>
    </p>
   </div>
   <div class='ocr_carea' id='block_1_102' title="bbox 275 5376 1845 5460">
    <p class='ocr_par' dir='ltr' id='par_1_102' title="bbox 275 5376 1845 5460">
     <span class='ocr_line' id='line_1_102' title="bbox 275 5376 1845 5460; baseline -0.014 -13"><span class='ocrx_word' id='word_1_735' title='bbox 275 5397 332 5448; x_wconf 72' lang='grc' dir='ltr'>ἐν</span> <span class='ocrx_word' id='word_1_736' title='bbox 372 5393 539 5460; x_wconf 73' lang='grc' dir='ltr'>ἱεροῖς</span> <span class='ocrx_word' id='word_1_737' title='bbox 564 5387 924 5457; x_wconf 81' lang='grc' dir='ltr'>γράμμασιν·</span> <span class='ocrx_word' id='word_1_738' title='bbox 954 5380 1048 5444; x_wconf 78' lang='grc' dir='ltr'><strong>οὓς</strong></span> <span class='ocrx_word' id='word_1_739' title='bbox 1086 5379 1334 5440; x_wconf 66' lang='grc' dir='ltr'>ἅπαντας</span> <span class='ocrx_word' id='word_1_740' title='bbox 1375 5376 1634 5448; x_wconf 82' lang='grc' dir='ltr'>ἀριθμεῖν</span> <span class='ocrx_word' id='word_1_741' title='bbox 1663 5377 1845 5447; x_wconf 74' lang='grc' dir='ltr'>ἐργῶ-</span> 
     </span>
    </p>
   </div>
   <div class='ocr_carea' id='block_1_103' title="bbox 275 5473 1843 5553">
    <p class='ocr_par' dir='ltr' id='par_1_103' title="bbox 275 5473 1843 5553">
     <span class='ocr_line' id='line_1_103' title="bbox 275 5473 1843 5553; baseline -0.011 -10"><span class='ocrx_word' id='word_1_742' title='bbox 275 5491 383 5553; x_wconf 85' lang='grc' dir='ltr'>δες,</span> <span class='ocrx_word' id='word_1_743' title='bbox 414 5488 513 5541; x_wconf 81' lang='grc' dir='ltr'>καὶ</span> <span class='ocrx_word' id='word_1_744' title='bbox 547 5487 647 5553; x_wconf 82' lang='grc' dir='ltr'><strong>τῆς</strong></span> <span class='ocrx_word' id='word_1_745' title='bbox 687 5479 1063 5553; x_wconf 76' lang='grc' dir='ltr'>προκειμένης</span> <span class='ocrx_word' id='word_1_746' title='bbox 1109 5474 1497 5546; x_wconf 83' lang='grc' dir='ltr'>πραγματείας</span> <span class='ocrx_word' id='word_1_747' title='bbox 1541 5473 1720 5537; x_wconf 74' lang='grc' dir='ltr'>ἐκτός.</span> <span class='ocrx_word' id='word_1_748' title='bbox 1749 5473 1843 5544; x_wconf 79' lang='grc' dir='ltr'><strong>Μή</strong></span> 
     </span>
    </p>
   </div>
   <div class='ocr_carea' id='block_1_104' title="bbox 279 5561 1845 5648">
    <p class='ocr_par' dir='ltr' id='par_1_104' title="bbox 279 5561 1845 5648">
     <span class='ocr_line' id='line_1_104' title="bbox 279 5561 1845 5648; baseline -0.011 -15"><span class='ocrx_word' id='word_1_749' title='bbox 279 5598 355 5648; x_wconf 86' lang='grc' dir='ltr'>τῳ</span> <span class='ocrx_word' id='word_1_750' title='bbox 381 5579 439 5631; x_wconf 79' lang='grc' dir='ltr'>δὲ</span> <span class='ocrx_word' id='word_1_751' title='bbox 463 5575 725 5644; x_wconf 86' lang='grc' dir='ltr'>γενοίμην</span> <span class='ocrx_word' id='word_1_752' title='bbox 752 5574 809 5624; x_wconf 82' lang='grc' dir='ltr'>ὲν</span> <span class='ocrx_word' id='word_1_753' title='bbox 841 5571 1159 5640; x_wconf 85' lang='grc' dir='ltr'>σκώμματι,</span> <span class='ocrx_word' id='word_1_754' title='bbox 1195 5561 1278 5629; x_wconf 73' lang='grc' dir='ltr'>οἷς</span> <span class='ocrx_word' id='word_1_755' title='bbox 1315 5581 1465 5627; x_wconf 84' lang='grc' dir='ltr'>τινας</span> <span class='ocrx_word' id='word_1_756' title='bbox 1504 5565 1784 5634; x_wconf 81' lang='grc' dir='ltr'>ἀρχηγοὺς</span> <span class='ocrx_word' id='word_1_757' title='bbox 1811 5564 1845 5635; x_wconf 80' lang='grc' dir='ltr'>ἢ</span> 
     </span>
    </p>
   </div>
   <div class='ocr_carea' id='block_1_105' title="bbox 280 5657 1846 5734">
    <p class='ocr_par' dir='ltr' id='par_1_105' title="bbox 280 5657 1846 5734">
     <span class='ocr_line' id='line_1_105' title="bbox 280 5657 1846 5734; baseline -0.011 -8"><span class='ocrx_word' id='word_1_758' title='bbox 280 5674 374 5728; x_wconf 79' lang='grc' dir='ltr'><strong>καὶ</strong></span> <span class='ocrx_word' id='word_1_759' title='bbox 402 5668 743 5729; x_wconf 81' lang='grc' dir='ltr'>σπουδαστὰς</span> <span class='ocrx_word' id='word_1_760' title='bbox 761 5668 1026 5734; x_wconf 76' lang='grc' dir='ltr'>αἱρέσεων</span> <span class='ocrx_word' id='word_1_761' title='bbox 1045 5661 1398 5730; x_wconf 82' lang='grc' dir='ltr'>γενομένους,</span> <span class='ocrx_word' id='word_1_762' title='bbox 1417 5661 1529 5721; x_wconf 75' lang='grc' dir='ltr'>τοῖς</span> <span class='ocrx_word' id='word_1_763' title='bbox 1553 5657 1676 5710; x_wconf 81' lang='grc' dir='ltr'>καθ’</span> <span class='ocrx_word' id='word_1_764' title='bbox 1699 5658 1846 5726; x_wconf 77' lang='grc' dir='ltr'>ἡμᾶς</span> 
     </span>
    </p>
   </div>
   <div class='ocr_carea' id='block_1_106' title="bbox 283 5750 1848 5835">
    <p class='ocr_par' dir='ltr' id='par_1_106' title="bbox 283 5750 1848 5835">
     <span class='ocr_line' id='line_1_106' title="bbox 283 5750 1848 5835; baseline -0.013 -16"><span class='ocrx_word' id='word_1_765' title='bbox 283 5766 521 5835; x_wconf 81' lang='grc' dir='ltr'>ἀρίστως</span> <span class='ocrx_word' id='word_1_766' title='bbox 547 5759 968 5828; x_wconf 72' lang='grc' dir='ltr'>φιλοσοφὴσασι,</span> <span class='ocrx_word' id='word_1_767' title='bbox 1005 5755 1288 5824; x_wconf 75' lang='grc' dir='ltr'>διεξῆλθον</span> <span class='ocrx_word' id='word_1_768' title='bbox 1307 5767 1323 5784; x_wconf 75' lang='grc' dir='ltr'><strong>ο</strong></span> <span class='ocrx_word' id='word_1_769' title='bbox 1353 5752 1414 5804; x_wconf 81' lang='grc' dir='ltr'><strong>οὑ</strong></span> <span class='ocrx_word' id='word_1_770' title='bbox 1461 5752 1570 5819; x_wconf 81' lang='grc' dir='ltr'><strong>γὰρ</strong></span> <span class='ocrx_word' id='word_1_771' title='bbox 1604 5751 1736 5819; x_wconf 70' lang='grc' dir='ltr'>περὶ</span> <span class='ocrx_word' id='word_1_772' title='bbox 1762 5750 1848 5800; x_wconf 90' lang='grc' dir='ltr'><strong>πί-</strong></span> 
     </span>
    </p>
   </div>
   <div class='ocr_carea' id='block_1_107' title="bbox 287 5844 1848 5921">
    <p class='ocr_par' dir='ltr' id='par_1_107' title="bbox 287 5844 1848 5921">
     <span class='ocr_line' id='line_1_107' title="bbox 287 5844 1848 5921; baseline -0.01 -10"><span class='ocrx_word' id='word_1_773' title='bbox 287 5874 451 5920; x_wconf 68' lang='grc' dir='ltr'>στεως</span> <span class='ocrx_word' id='word_1_774' title='bbox 474 5856 569 5907; x_wconf 73' lang='grc' dir='ltr'><strong>καὶ</strong></span> <span class='ocrx_word' id='word_1_775' title='bbox 599 5850 752 5918; x_wconf 81' lang='grc' dir='ltr'>δόξης</span> <span class='ocrx_word' id='word_1_776' title='bbox 774 5855 807 5920; x_wconf 82' lang='grc' dir='ltr'><strong>ἡ</strong></span> <span class='ocrx_word' id='word_1_777' title='bbox 842 5849 1019 5921; x_wconf 85' lang='grc' dir='ltr'>κρίσις</span> <span class='ocrx_word' id='word_1_778' title='bbox 1051 5851 1182 5919; x_wconf 74' lang='grc' dir='ltr'>ἡμῖν</span> <span class='ocrx_word' id='word_1_779' title='bbox 1215 5848 1418 5916; x_wconf 84' lang='grc' dir='ltr'>ἀρτίως</span> <span class='ocrx_word' id='word_1_780' title='bbox 1442 5860 1458 5877; x_wconf 88' lang='grc'><strong>·</strong></span> <span class='ocrx_word' id='word_1_781' title='bbox 1491 5844 1608 5897; x_wconf 82' lang='grc' dir='ltr'>ἀλλ’</span> <span class='ocrx_word' id='word_1_782' title='bbox 1632 5846 1714 5898; x_wconf 81' lang='grc' dir='ltr'>ὅτι</span> <span class='ocrx_word' id='word_1_783' title='bbox 1736 5844 1848 5897; x_wconf 83' lang='grc' dir='ltr'>δει-</span> 
     </span>
    </p>
   </div>
   <div class='ocr_carea' id='block_1_108' title="bbox 1949 4616 3526 4699">
    <p class='ocr_par' dir='ltr' id='par_1_108' title="bbox 1949 4616 3526 4699">
     <span class='ocr_line' id='line_1_108' title="bbox 1949 4616 3526 4699; baseline -0.015 -12"><span class='ocrx_word' id='word_1_784' title='bbox 1949 4631 2054 4686; x_wconf 90' lang='lat' dir='ltr'><strong>etsi</strong></span> <span class='ocrx_word' id='word_1_785' title='bbox 2104 4644 2203 4699; x_wconf 88' lang='lat' dir='ltr'><strong>per</strong></span> <span class='ocrx_word' id='word_1_786' title='bbox 2269 4622 2671 4696; x_wconf 76' lang='lat' dir='ltr'><strong>digressionem</strong></span> <span class='ocrx_word' id='word_1_787' title='bbox 2711 4631 2841 4674; x_wconf 84' lang='lat' dir='ltr'><strong>sunt</strong></span> <span class='ocrx_word' id='word_1_788' title='bbox 2900 4625 3051 4672; x_wconf 86' lang='lat' dir='ltr'><strong>extra</strong></span> <span class='ocrx_word' id='word_1_789' title='bbox 3089 4616 3404 4668; x_wconf 76' lang='lat' dir='ltr'><strong>institutum</strong></span> <span class='ocrx_word' id='word_1_790' title='bbox 3438 4629 3526 4665; x_wconf 86' lang='lat' dir='ltr'><strong>ar-</strong></span> 
     </span>
    </p>
   </div>
   <div class='ocr_carea' id='block_1_109' title="bbox 1955 4709 3527 4795">
    <p class='ocr_par' dir='ltr' id='par_1_109' title="bbox 1955 4709 3527 4795">
     <span class='ocr_line' id='line_1_109' title="bbox 1955 4709 3527 4795; baseline -0.014 -17"><span class='ocrx_word' id='word_1_791' title='bbox 1955 4730 2285 4795; x_wconf 76' lang='lat' dir='ltr'><strong>gumentum</strong></span> <span class='ocrx_word' id='word_1_792' title='bbox 2314 4718 2487 4780; x_wconf 88' lang='lat' dir='ltr'><strong>dicta,</strong></span> <span class='ocrx_word' id='word_1_793' title='bbox 2523 4723 2708 4769; x_wconf 88' lang='lat' dir='ltr'><strong>tamen</strong></span> <span class='ocrx_word' id='word_1_794' title='bbox 2737 4709 3074 4774; x_wconf 85' lang='lat' dir='ltr'><strong>necessaria,</strong></span> <span class='ocrx_word' id='word_1_795' title='bbox 3111 4719 3172 4761; x_wconf 87' lang='lat' dir='ltr'><strong>nt</strong></span> <span class='ocrx_word' id='word_1_796' title='bbox 3220 4715 3373 4776; x_wconf 89' lang='lat' dir='ltr'><strong>puto,</strong></span> <span class='ocrx_word' id='word_1_797' title='bbox 3404 4720 3527 4758; x_wconf 83' lang='lat' dir='ltr'><strong>esse</strong></span> 
     </span>
    </p>
   </div>
   <div class='ocr_carea' id='block_1_110' title="bbox 1960 4790 3523 4875">
    <p class='ocr_par' dir='ltr' id='par_1_110' title="bbox 1960 4790 3523 4875">
     <span class='ocr_line' id='line_1_110' title="bbox 1960 4790 3523 4875; baseline -0.012 -7"><span class='ocrx_word' id='word_1_798' title='bbox 1960 4790 2298 4868; x_wconf 55' lang='lat' dir='ltr'><strong>videbuntur</strong></span> <span class='ocrx_word' id='word_1_799' title='bbox 2348 4808 2614 4863; x_wconf 72' lang='lat' dir='ltr'><strong>doctrinas</strong></span> <span class='ocrx_word' id='word_1_800' title='bbox 2669 4805 2772 4875; x_wconf 63' lang='lat' dir='ltr'><strong>piae</strong></span> <span class='ocrx_word' id='word_1_801' title='bbox 2819 4813 2876 4858; x_wconf 92' lang='lat' dir='ltr'><strong>et</strong></span> <span class='ocrx_word' id='word_1_802' title='bbox 2929 4801 3189 4858; x_wconf 32' lang='lat' dir='ltr'><strong>liberalis:</strong></span> <span class='ocrx_word' id='word_1_803' title='bbox 3231 4790 3523 4852; x_wconf 80' lang='lat' dir='ltr'><strong>studiosis.</strong></span> 
     </span>
    </p>
   </div>
   <div class='ocr_carea' id='block_1_111' title="bbox 1961 4890 3527 4968">
    <p class='ocr_par' dir='ltr' id='par_1_111' title="bbox 1961 4890 3527 4968">
     <span class='ocr_line' id='line_1_111' title="bbox 1961 4890 3527 4968; baseline -0.014 -3"><span class='ocrx_word' id='word_1_804' title='bbox 1961 4911 2170 4965; x_wconf 74' lang='lat' dir='ltr'><strong>Praeter</strong></span> <span class='ocrx_word' id='word_1_805' title='bbox 2200 4907 2367 4961; x_wconf 85' lang='lat' dir='ltr'><strong>hosce</strong></span> <span class='ocrx_word' id='word_1_806' title='bbox 2391 4917 2523 4958; x_wconf 87' lang='lat' dir='ltr'><strong>vero</strong></span> <span class='ocrx_word' id='word_1_807' title='bbox 2549 4912 2603 4956; x_wconf 86' lang='lat' dir='ltr'><strong>et</strong></span> <span class='ocrx_word' id='word_1_808' title='bbox 2628 4900 2721 4954; x_wconf 90' lang='lat' dir='ltr'><strong>alii</strong></span> <span class='ocrx_word' id='word_1_809' title='bbox 2757 4899 2939 4968; x_wconf 81' lang='lat' dir='ltr'><strong>plures</strong></span> <span class='ocrx_word' id='word_1_810' title='bbox 2975 4894 3243 4949; x_wconf 82' lang='lat' dir='ltr'><strong>exstitere</strong></span> <span class='ocrx_word' id='word_1_811' title='bbox 3271 4890 3403 4956; x_wconf 82' lang='lat' dir='ltr'><strong>viri,</strong></span> <span class='ocrx_word' id='word_1_812' title='bbox 3430 4892 3527 4959; x_wconf 85' lang='lat' dir='ltr'><strong>qui</strong></span> 
     </span>
    </p>
   </div>
   <div class='ocr_carea' id='block_1_112' title="bbox 1953 4987 3530 5067">
    <p class='ocr_par' dir='ltr' id='par_1_112' title="bbox 1953 4987 3530 5067">
     <span class='ocr_line' id='line_1_112' title="bbox 1953 4987 3530 5067; baseline -0.015 -8"><span class='ocrx_word' id='word_1_813' title='bbox 1953 5017 2142 5061; x_wconf 82' lang='lat' dir='ltr'><strong>sacras</strong></span> <span class='ocrx_word' id='word_1_814' title='bbox 2168 5001 2404 5056; x_wconf 87' lang='lat' dir='ltr'><strong>Litteras</strong></span> <span class='ocrx_word' id='word_1_815' title='bbox 2436 4995 2606 5067; x_wconf 90' lang='lat' dir='ltr'><strong>probe</strong></span> <span class='ocrx_word' id='word_1_816' title='bbox 2651 4992 3062 5055; x_wconf 84' lang='lat' dir='ltr'><strong>intellexerunt,</strong></span> <span class='ocrx_word' id='word_1_817' title='bbox 3095 4996 3151 5042; x_wconf 91' lang='lat' dir='ltr'><strong>et</strong></span> <span class='ocrx_word' id='word_1_818' title='bbox 3197 4987 3266 5040; x_wconf 92' lang='lat' dir='ltr'><strong>de</strong></span> <span class='ocrx_word' id='word_1_819' title='bbox 3315 4988 3398 5038; x_wconf 90' lang='lat' dir='ltr'><strong>eis</strong></span> <span class='ocrx_word' id='word_1_820' title='bbox 3440 5002 3530 5037; x_wconf 86' lang='lat' dir='ltr'><strong>co-</strong></span> 
     </span>
    </p>
   </div>
   <div class='ocr_carea' id='block_1_113' title="bbox 1958 5086 3528 5167">
    <p class='ocr_par' dir='ltr' id='par_1_113' title="bbox 1958 5086 3528 5167">
     <span class='ocr_line' id='line_1_113' title="bbox 1958 5086 3528 5167; baseline -0.015 -14"><span class='ocrx_word' id='word_1_821' title='bbox 1958 5098 2118 5167; x_wconf 88' lang='lat' dir='ltr'><strong>piose</strong></span> <span class='ocrx_word' id='word_1_822' title='bbox 2150 5095 2563 5148; x_wconf 86' lang='lat' dir='ltr'><strong>disseruerunt.</strong></span> <span class='ocrx_word' id='word_1_823' title='bbox 2599 5086 2707 5141; x_wconf 85' lang='lat' dir='ltr'><strong>Eos</strong></span> <span class='ocrx_word' id='word_1_824' title='bbox 2747 5093 2929 5138; x_wconf 82' lang='lat' dir='ltr'><strong>autem</strong></span> <span class='ocrx_word' id='word_1_825' title='bbox 2979 5096 3172 5135; x_wconf 88' lang='lat' dir='ltr'><strong>omnes</strong></span> <span class='ocrx_word' id='word_1_826' title='bbox 3211 5091 3528 5141; x_wconf 83' lang='lat' dir='ltr'><strong>recensere,</strong></span> 
     </span>
    </p>
   </div>
   <div class='ocr_carea' id='block_1_114' title="bbox 1956 5166 3529 5258">
    <p class='ocr_par' dir='ltr' id='par_1_114' title="bbox 1956 5166 3529 5258">
     <span class='ocr_line' id='line_1_114' title="bbox 1956 5166 3529 5258; baseline -0.017 -14"><span class='ocrx_word' id='word_1_827' title='bbox 1956 5166 2327 5258; x_wconf 68' lang='lat' dir='ltr'><strong>praeterquam</strong></span> <span class='ocrx_word' id='word_1_828' title='bbox 2359 5177 2506 5250; x_wconf 88' lang='lat' dir='ltr'><strong>quod</strong></span> <span class='ocrx_word' id='word_1_829' title='bbox 2548 5174 2831 5258; x_wconf 69' lang='lat' dir='ltr'><strong>praesentis</strong></span> <span class='ocrx_word' id='word_1_830' title='bbox 2877 5186 3060 5242; x_wconf 74' lang='lat' dir='ltr'><strong>operae</strong></span> <span class='ocrx_word' id='word_1_831' title='bbox 3108 5185 3217 5223; x_wconf 87' lang='lat' dir='ltr'><strong>non</strong></span> <span class='ocrx_word' id='word_1_832' title='bbox 3246 5180 3352 5231; x_wconf 86' lang='lat' dir='ltr'><strong>est,</strong></span> <span class='ocrx_word' id='word_1_833' title='bbox 3389 5166 3529 5221; x_wconf 83' lang='lat' dir='ltr'><strong>dim-</strong></span> 
     </span>
    </p>
   </div>
   <div class='ocr_carea' id='block_1_115' title="bbox 1953 5250 3528 5336">
    <p class='ocr_par' dir='ltr' id='par_1_115' title="bbox 1953 5250 3528 5336">
     <span class='ocr_line' id='line_1_115' title="bbox 1953 5250 3528 5336; baseline -0.018 0"><span class='ocrx_word' id='word_1_834' title='bbox 1953 5250 2058 5336; x_wconf 72' lang='lat' dir='ltr'><strong>cile</strong></span> <span class='ocrx_word' id='word_1_835' title='bbox 2083 5250 2271 5332; x_wconf 76' lang='lat' dir='ltr'><strong>fuerit.</strong></span> <span class='ocrx_word' id='word_1_836' title='bbox 2316 5270 2582 5330; x_wconf 87' lang='lat' dir='ltr'><strong>Sedenim</strong></span> <span class='ocrx_word' id='word_1_837' title='bbox 2610 5250 2775 5323; x_wconf 71' lang='lat' dir='ltr'><strong>nemo</strong></span> <span class='ocrx_word' id='word_1_838' title='bbox 2800 5281 2888 5320; x_wconf 89' lang='lat' dir='ltr'><strong>me</strong></span> <span class='ocrx_word' id='word_1_839' title='bbox 2916 5272 3063 5318; x_wconf 85' lang='lat' dir='ltr'><strong>recte</strong></span> <span class='ocrx_word' id='word_1_840' title='bbox 3085 5260 3528 5331; x_wconf 87' lang='lat' dir='ltr'><strong>reprehenderit,</strong></span> 
     </span>
    </p>
   </div>
   <div class='ocr_carea' id='block_1_116' title="bbox 1959 5361 3532 5443">
    <p class='ocr_par' dir='ltr' id='par_1_116' title="bbox 1959 5361 3532 5443">
     <span class='ocr_line' id='line_1_116' title="bbox 1959 5361 3532 5443; baseline -0.017 -16"><span class='ocrx_word' id='word_1_841' title='bbox 1959 5370 2111 5443; x_wconf 88' lang='lat' dir='ltr'><strong>quod</strong></span> <span class='ocrx_word' id='word_1_842' title='bbox 2172 5364 2473 5423; x_wconf 85' lang='lat' dir='ltr'><strong>nonnullos</strong></span> <span class='ocrx_word' id='word_1_843' title='bbox 2514 5361 2898 5417; x_wconf 61' lang='lat' dir='ltr'><strong>harcticarum</strong></span> <span class='ocrx_word' id='word_1_844' title='bbox 2948 5366 3220 5410; x_wconf 88' lang='lat' dir='ltr'><strong>sectarum</strong></span> <span class='ocrx_word' id='word_1_845' title='bbox 3273 5361 3532 5404; x_wconf 89' lang='lat' dir='ltr'><strong>auctores</strong></span> 
     </span>
    </p>
   </div>
   <div class='ocr_carea' id='block_1_117' title="bbox 1894 5445 3533 5526">
    <p class='ocr_par' dir='ltr' id='par_1_117' title="bbox 1894 5445 3533 5526">
     <span class='ocr_line' id='line_1_117' title="bbox 1894 5445 3533 5526; baseline -0.02 0"><span class='ocrx_word' id='word_1_846' title='bbox 1894 5474 1903 5481; x_wconf 81' lang='lat'>&#39;</span> <span class='ocrx_word' id='word_1_847' title='bbox 1954 5477 2058 5524; x_wconf 89' lang='lat' dir='ltr'><strong>aut</strong></span> <span class='ocrx_word' id='word_1_848' title='bbox 2095 5472 2422 5526; x_wconf 86' lang='lat' dir='ltr'><strong>sectatores,</strong></span> <span class='ocrx_word' id='word_1_849' title='bbox 2471 5459 2615 5512; x_wconf 90' lang='lat' dir='ltr'><strong>inter</strong></span> <span class='ocrx_word' id='word_1_850' title='bbox 2650 5471 2747 5510; x_wconf 85' lang='lat' dir='ltr'><strong>eos</strong></span> <span class='ocrx_word' id='word_1_851' title='bbox 2781 5453 2930 5507; x_wconf 89' lang='lat' dir='ltr'><strong>viros</strong></span> <span class='ocrx_word' id='word_1_852' title='bbox 2958 5451 3050 5520; x_wconf 87' lang='lat' dir='ltr'><strong>qui</strong></span> <span class='ocrx_word' id='word_1_853' title='bbox 3098 5446 3303 5518; x_wconf 81' lang='lat' dir='ltr'><strong>Optime</strong></span> <span class='ocrx_word' id='word_1_854' title='bbox 3333 5445 3403 5498; x_wconf 92' lang='lat' dir='ltr'><strong>de</strong></span> <span class='ocrx_word' id='word_1_855' title='bbox 3436 5458 3533 5496; x_wconf 80' lang='lat' dir='ltr'><strong>sa-</strong></span> 
     </span>
    </p>
   </div>
   <div class='ocr_carea' id='block_1_118' title="bbox 1956 5545 3534 5627">
    <p class='ocr_par' dir='ltr' id='par_1_118' title="bbox 1956 5545 3534 5627">
     <span class='ocr_line' id='line_1_118' title="bbox 1956 5545 3534 5627; baseline -0.02 -10"><span class='ocrx_word' id='word_1_856' title='bbox 1956 5558 2070 5618; x_wconf 83' lang='lat' dir='ltr'><strong>cris</strong></span> <span class='ocrx_word' id='word_1_857' title='bbox 2128 5555 2420 5627; x_wconf 79' lang='lat' dir='ltr'><strong>religionis</strong></span> <span class='ocrx_word' id='word_1_858' title='bbox 2463 5546 2933 5622; x_wconf 80' lang='lat' dir='ltr'><strong>professionisque</strong></span> <span class='ocrx_word' id='word_1_859' title='bbox 2980 5551 3183 5597; x_wconf 69' lang='lat' dir='ltr'><strong>nostrae</strong></span> <span class='ocrx_word' id='word_1_860' title='bbox 3234 5545 3534 5591; x_wconf 89' lang='lat' dir='ltr'><strong>senserunt</strong></span> 
     </span>
    </p>
   </div>
   <div class='ocr_carea' id='block_1_119' title="bbox 1958 5628 3533 5723">
    <p class='ocr_par' dir='ltr' id='par_1_119' title="bbox 1958 5628 3533 5723">
     <span class='ocr_line' id='line_1_119' title="bbox 1958 5628 3533 5723; baseline -0.02 -14"><span class='ocrx_word' id='word_1_861' title='bbox 1958 5663 2124 5723; x_wconf 87' lang='lat' dir='ltr'><strong>atque</strong></span> <span class='ocrx_word' id='word_1_862' title='bbox 2185 5649 2574 5716; x_wconf 82' lang='lat' dir='ltr'><strong>scripserunt,</strong></span> <span class='ocrx_word' id='word_1_863' title='bbox 2636 5636 3144 5696; x_wconf 88' lang='lat' dir='ltr'><strong>commemorarim.</strong></span> <span class='ocrx_word' id='word_1_864' title='bbox 3207 5631 3328 5686; x_wconf 82' lang='lat' dir='ltr'><strong>Non</strong></span> <span class='ocrx_word' id='word_1_865' title='bbox 3386 5628 3533 5683; x_wconf 88' lang='lat' dir='ltr'><strong>enim</strong></span> 
     </span>
    </p>
   </div>
   <div class='ocr_carea' id='block_1_120' title="bbox 1958 5720 3534 5802">
    <p class='ocr_par' dir='ltr' id='par_1_120' title="bbox 1958 5720 3534 5802">
     <span class='ocr_line' id='line_1_120' title="bbox 1958 5720 3534 5802; baseline -0.018 -1"><span class='ocrx_word' id='word_1_866' title='bbox 1958 5720 2108 5801; x_wconf 81' lang='lat' dir='ltr'><strong>nunc</strong></span> <span class='ocrx_word' id='word_1_867' title='bbox 2146 5744 2213 5801; x_wconf 88' lang='lat' dir='ltr'><strong>de</strong></span> <span class='ocrx_word' id='word_1_868' title='bbox 2257 5740 2363 5794; x_wconf 85' lang='lat' dir='ltr'><strong>ﬁde</strong></span> <span class='ocrx_word' id='word_1_869' title='bbox 2430 5736 2593 5792; x_wconf 89' lang='lat' dir='ltr'><strong>nobis</strong></span> <span class='ocrx_word' id='word_1_870' title='bbox 2657 5742 2712 5789; x_wconf 91' lang='lat' dir='ltr'><strong>et</strong></span> <span class='ocrx_word' id='word_1_871' title='bbox 2764 5728 3117 5802; x_wconf 87' lang='lat' dir='ltr'><strong>opinionibus</strong></span> <span class='ocrx_word' id='word_1_872' title='bbox 3159 5738 3351 5780; x_wconf 85' lang='lat' dir='ltr'><strong>eorum</strong></span> <span class='ocrx_word' id='word_1_873' title='bbox 3382 5720 3534 5791; x_wconf 83' lang='lat' dir='ltr'><strong>judi-</strong></span> 
     </span>
    </p>
   </div>
   <div class='ocr_carea' id='block_1_121' title="bbox 1961 5817 3535 5901">
    <p class='ocr_par' dir='ltr' id='par_1_121' title="bbox 1961 5817 3535 5901">
     <span class='ocr_line' id='line_1_121' title="bbox 1961 5817 3535 5901; baseline -0.018 -5"><span class='ocrx_word' id='word_1_874' title='bbox 1961 5842 2108 5895; x_wconf 90' lang='lat' dir='ltr'><strong>cium</strong></span> <span class='ocrx_word' id='word_1_875' title='bbox 2143 5833 2525 5901; x_wconf 88' lang='lat' dir='ltr'><strong>sumpsimus:</strong></span> <span class='ocrx_word' id='word_1_876' title='bbox 2566 5831 2661 5886; x_wconf 87' lang='lat' dir='ltr'><strong>sed</strong></span> <span class='ocrx_word' id='word_1_877' title='bbox 2708 5835 3004 5898; x_wconf 78' lang='lat' dir='ltr'><strong>propterea</strong></span> <span class='ocrx_word' id='word_1_878' title='bbox 3041 5831 3253 5879; x_wconf 83' lang='lat' dir='ltr'><strong>tantum</strong></span> <span class='ocrx_word' id='word_1_879' title='bbox 3303 5817 3535 5872; x_wconf 85' lang='lat' dir='ltr'><strong>mentio-</strong></span> 
     </span>
    </p>
   </div>
  </div>
