3990 6438
459 404 561 467 337
1688 407 2121 471 NiCEPHDRI
2156 409 2241 467 CA
2258 411 2499 483 LLiS'I’I
3600 418 3695 481 308
3726 364 3731 367 ἤ

462 535 585 571 nem
617 517 809 573 talium
844 515 1113 575 virorum.
1150 516 1296 586 quod
1332 515 1401 570 ab
1432 516 1751 582 eloquentia
1793 518 1945 589 gravi
1983 526 2038 572 et

2168 521 2224 572 ιοὶ
2250 519 2431 588 λέγειν
2461 522 2554 575 καὶ
2581 521 2706 592 περὶ
2738 521 2987 591 γλῶτταν
3012 525 3217 578 ἀστεῖοι
3238 524 3496 594 ἐγένοντο,
3520 528 3674 604 δίειμι

464 609 662 663 iesiiva
738 610 972 663 multum
1039 609 1355 669 valuerint,
1426 609 1738 665 intulimus.
1811 608 2041 664 Minime

2168 612 2268 665 ιύδὲ
2298 613 2407 683 γὰρ
2432 613 2494 666 τὸ
2555 613 2917 685 προκείμενον
2962 617 3097 686 ἡμῖν
3153 617 3485 690 φιλοκρινεῖν
3520 622 3665 687 δόξας
3689 662 3703 687 ,

466 718 727 772 namque,
764 702 927 756 siculi
959 700 1223 765 diximus,
1250 702 1613 756 constitutum
1649 703 1807 757 nobis
1834 713 1941 765 εει,
1972 701 2041 757 de

2168 703 2266 755 ὶλλ’
2294 704 2480 767 ἁπλῶς
2509 705 2653 758 οὕτω
2678 707 2739 758 τὸ
2760 706 2940 778 χρόνῳ
2971 708 3330 778 παρεμπεσὸν
3359 711 3700 783 ἀφηγεῖσθαι,

465 794 823 864 dogmatibus
850 792 1187 847 sententiam
1220 794 1366 847 ferre
1395 811 1407 845 :
1442 794 1536 847 scd
1589 794 1917 864 simpliciter
1940 795 2042 861 ita,

468 895 529 940 ut
580 900 815 956 quaeque
869 900 959 939 res
993 898 1095 937 suo
1134 893 1384 953 tempore
1436 900 1558 939 sese
1592 885 1820 950 dedere,
1874 902 2045 957 expo-

466 990 601 1030 nere
635 974 1009 1036 decrevimus,
1042 974 1183 1028 nihil
1214 988 1282 1027 (σε
1328 973 1564 1028 arbitrio
1614 982 1803 1030 nostro
1834 984 2045 1032 temere

466 1066 816 1137 adjicientes.
854 1067 931 1121 De
980 1065 1341 1135 opinionibus
1390 1081 1522 1121 sane
1552 1068 1775 1137 quidem
1809 1069 2048 1138 aliisque

467 1159 739 1232 ejusmodi
770 1159 937 1214 rebus
987 1158 1275 1214 manifesta
1303 1159 1583 1228 propalam
1617 1172 1800 1217 exstat
1823 1162 2045 1217 veritas.

470 1257 650 1325 Atque
684 1254 753 1309 de
783 1254 888 1320 eis,
918 1253 1121 1323 quibus
1150 1254 1256 1310 hoc
1281 1272 1379 1324 per
1403 1258 1551 1326 leges
1582 1272 1912 1313 concessum
1940 1268 2047 1323 est,

465 1347 742 1418 judicium
778 1345 983 1402 ferant.
1032 1345 1204 1400 Porro
1254 1346 1348 1417 qui
1384 1357 1713 1418 tempestate
1748 1364 1813 1403 ea
1844 1347 2052 1404 virtute

2149 796 2339 866 ὥσπερ
2367 797 2429 869 δὴ
2473 799 2568 850 καὶ
2600 798 2837 865 ἐγένετο,
2883 800 3053 870 μηδὲν
3085 800 3297 856 ο⁷κοθεν
3332 803 3703 870 ἐπεισάγοντα.

2152 890 2289 959 Περί
2315 907 2377 958 γε
2415 890 2522 961 μὴν
2551 890 2711 961 δόξης
2744 893 2835 945 καὶ
2870 892 2977 946 τῶν
3008 894 3209 947 λοιπῶν
3233 894 3550 965 πρόδηλοςή
3583 897 3704 965 ἀλή-

2153 971 2313 1036 θεια.’
2336 984 2443 1036 Καὶ
2470 978 2549 1048 οἷς
2585 983 2744 1053 θέμις
2776 989 2906 1057 περὶ
2942 986 3151 1039 τούτων
3178 987 3538 1053 κρινέτωσαν.
3567 988 3709 1042 Ὅσοι

2154 1074 2255 1144 μὲν
2285 1073 2379 1129 οὖν
2418 1076 2510 1129 ἐπί
2540 1094 2600 1130 τε
2644 1077 2813 1149 ἀρετῇ
2845 1079 2939 1132 καὶ
2970 1077 3148 1145 λόγων
3194 1079 3413 1149 παιδείᾳ
3458 1082 3564 1143 τοῖς
3593 1084 3711 1151 χρύ-

2153 1183 2269 1230 νοις
2323 1167 2587 1237 ὲπίσημοί
2643 1186 2705 1223 τε
2733 1171 2829 1222 καὶ
2884 1170 3206 1241 περιϐόητοι
3252 1171 3521 1238 ἐγένοντο,
3578 1169 3711 1226 οὗτοι

2152 1254 2296 1330 ἦσαν
2325 1277 2339 1292 '
2382 1260 2514 1333 ὲξῆς
2536 1263 2593 1317 δὲ
2623 1264 2766 1318 κατὰ
2794 1263 2979 1336 χώραν
3010 1266 3106 1319 καὶ
3140 1266 3271 1329 τοὺς
3302 1267 3713 1336 ἐπιγινομένους

2156 1349 2483 1422 ἐκθήσομαι.

471 1440 680 1511 insigni
727 1449 784 1496 et
817 1439 1134 1495 eruditione
1164 1440 1422 1509 praeclara
1455 1442 1792 1506 excelluere,
1822 1441 1861 1496 ii
1896 1451 2045 1523 sunt.
2088 1440 2362 1516 Deinceps
2429 1462 2565 1504 vero
2601 1456 2860 1519 posteros
2889 1465 3112 1521 quoque
3147 1451 3271 1507 luco
3336 1465 3438 1507 suo
3477 1465 3717 1507 recense-

478 1534 687 1589 bimus.

1067 1652 1292 1710 CAPUT
1333 1652 1452 1707 XX.

478 1747 556 1800 De
584 1749 790 1817 egregio
829 1749 883 1801 in
921 1747 1282 1803 Christianam
1309 1748 1617 1817 religionem
1640 1747 1876 1812 ﬁliorum
1915 1747 2058 1803 Cou-

547 1821 770 1872 stantini
793 1819 968 1888 magni
995 1818 1187 1888 studio,
1226 1828 1274 1871 et
1309 1818 1370 1870 de
1399 1817 1731 1886 opinionibus
1756 1834 1939 1871 eorum
1966 1836 1984 1874 :
2007 1828 2057 1872 et

547 1898 602 1941 ut
649 1884 1046 1958 aliquantulum
1107 1884 1453 1943 Constantius
1508 1890 1850 1941 transversim
1909 1899 2060 1942 actus

548 1958 727 2026 fuerit,
755 1958 884 2010 etde
921 1958 1135 2011 dissidio
1166 1974 1257 2012 seu
1291 1958 1622 2013 contentione
1656 1974 1817 2027 super
1836 1963 2060 2013 consub-

545 2029 791 2099 stantiali
844 2039 893 2081 et
941 2028 1445 2083 simthsubstantiali
1491 2043 1510 2081 :
1581 2037 1632 2081 et
1687 2029 1752 2082 de
1810 2028 2060 2099 figmento

544 2097 889 2153 Arianorum.

550 2213 718 2284 728
756 2213 915 2269 Nunc
954 2226 1140 2270 autem
1175 2228 1374 2269 rursus
1408 2213 1701 2269 historiam
1745 2212 2058 2270 institutam

477 2320 911 2374 prosequamur.
941 2304 1063 2360 Non
1095 2304 1276 2361 solum
1311 2302 1480 2374 igitur
1501 2319 1644 2374 quos
1686 2303 1930 2359 diximus
1964 2304 2057 2359 Dei

481 2407 734 2452 amantes
779 2397 908 2461 viri,
956 2398 1067 2452 vita
1110 2405 1169 2452 et
1216 2398 1507 2466 sapientiae
1540 2395 1727 2452 studio
1760 2397 2058 2466 pollentes,

484 2490 815 2561 religionem
850 2490 1013 2546 novis
1043 2490 1331 2545 exercitiis
1362 2490 1707 2560 adaugentes
1729 2491 2062 2545 cohonesta-

483 2591 616 2636 runt
644 2598 661 2636 :
694 2582 790 2637 sed
839 2582 1007 2638 etiam
1042 2584 1409 2653 imperatores
1438 2583 1541 2653 ipsi
1570 2583 1927 2638 aemulatione
1960 2595 2060 2651 pa-

484 2685 678 2731 ternas
731 2690 820 2730 res
859 2676 1271 2731 ecclesiasticas
1315 2684 1374 2730 et
1420 2675 1671 2730 divinum
1729 2675 1946 2730 cultum
2001 2675 2056 2728 in

483 2767 702 2823 deliciis
730 2767 1001 2823 habuere.
1031 2771 1255 2824 Cit-rum
1285 2772 1434 2825 enim
1471 2770 1566 2824 Dei
1593 2769 1825 2838 ejusque
1852 2769 2060 2824 liberos

483 2869 542 2915 et
576 2863 916 2931 propinquos
952 2862 1268 2933 insignibus
1311 2863 1624 2918 honoribus
1649 2873 1708 2917 et
1734 2861 2061 2916 immunita-

485 2953 640 3009 tibus
680 2955 1039 3019 decorarunt,
1068 2955 1342 3025 bonisque
1379 2965 1437 3010 et
1468 2954 1717 3008 honestis
1749 2954 1947 3023 patriis
1983 2954 2066 3007 le.-

487 3047 651 3118 gibus
695 3047 837 3103 alios
893 3057 952 3102 et
986 3047 1094 3117 ipsi
1141 3020 1378 3115 pro‘suo
1424 3048 1478 3101 in
1525 3047 1697 3101 Deum
1749 3020 1958 3109 amore,
1991 3020 2138 3124 ati‘c

488 3141 817 3209 religionem
851 3141 1230 3217 adduxerunt.
1264 3140 1366 3206 Qui
1403 3155 1535 3196 sane
1563 3155 1760 3194 omnes
1790 3138 2066 3193 idolorum

487 3238 700 3291 cultum
749 3235 1292 3302 simulacrorumque
1337 3249 1525 3288 curam
1573 3233 1921 3287 susmlerunt
1963 3252 1975 3287 :
2012 3240 2070 3286 et

492 3329 705 3398 ubique
738 3329 990 3383 locorum
1021 3328 1263 3382 claustra
1288 3327 1609 3382 Graecorum
1638 3323 1860 3394 templis
1893 3325 2070 3392 impo-

492 3420 601 3478 sita
642 3429 791 3483 sunt,
825 3418 1075 3489 quaedam
1125 3421 1293 3474 etiam
1324 3419 1381 3474 in
1434 3418 1679 3473 materiae
1712 3415 1987 3470 rationem
2038 3428 2069 3467 a

498 3515 707 3571 nostris
751 3522 1032 3579 revocata,
1064 3522 1122 3569 et
1172 3512 1423 3567 funditus
1467 3512 1654 3566 statim
1686 3510 1895 3565 diruta.
1956 3507 2071 3562 Nec

493 3607 813 3680 parvoillis
856 3607 1043 3660 studio
1073 3606 1201 3667 fuit,
1242 3619 1398 3660 sacra
1430 3603 1794 3658 ecclesiarum
1836 3599 2068 3654 delubra

495 3700 767 3768 temporis
824 3698 1196 3753 diuturnitate
1254 3712 1396 3767 pene
1445 3695 1688 3763 collapsa
1745 3692 2069 3757 restituere,

495 3794 748 3863 quzedam
794 3793 961 3848 etiam
1007 3806 1075 3848 ex
1122 3791 1257 3860 ipsis
1296 3788 1678 3843 fundamentis
1718 3794 2067 3841 construere.

497 3886 744 3953 Quorum
769 3898 940 3939 unum
970 3891 1056 3939 est
1084 3892 1140 3938 et
1169 3880 1587 3963 pulchritudine
1616 3885 1673 3931 et
1694 3874 2072 3945 magnitudine

500 3980 626 4034 aliis
658 3977 845 4032 multis
880 3976 1255 4047 praestantius.
1289 3972 1437 4041 quod
1471 3969 1615 4041 apud
1647 3967 1900 4022 Emesam
1927 3966 2073 4022 Con-

496 4071 755 4125 stantius.
779 4067 1049 4124 condidit.
1083 4066 1167 4121 Ad
1207 4065 1325 4118 haec
1372 4065 1491 4129 iege
1522 4070 1830 4116 sanxerunt
1865 4060 1965 4128 (ί),
2002 4072 2071 4113 ne

497 4162 623 4233 quis
655 4162 879 4218 Judmus
927 4158 1263 4228 mancipium
1312 4154 1716 4220 Christianum,
1772 4153 2073 4223 cujuscun-

497 4272 607 4327 que
645 4255 867 4308 tandem
908 4262 1093 4317 sectae,
1120 4267 1229 4305 aere
1266 4258 1323 4304 et
1367 4248 1525 4302 libra.
1545 4256 1791 4316 emptum
1822 4246 2069 4300 haberet.

2758 1655 3005 1712 ΚΕΦΑΛ.
3046 1658 3129 1711 K'.

2160 1750 2302 1818 Περὶ
2335 1748 2446 1817 τῆς
2473 1751 2561 1813 εις
2588 1749 2706 1815 τὴν
2735 1748 2960 1817 εὐσεϐῆ
3003 1751 3335 1818 θρησκείαν
3360 1749 3478 1804 τῶν
3509 1750 3718 1804 παίδων

2232 1819 2340 1890 τοῦ
2362 1818 2634 1890 μεγάλου
2657 1820 3124 1890 Κωῖσταντίνου
3154 1820 3457 1888 σπουδῆς,
3480 1823 3576 1872 καὶ
3601 1821 3721 1888 περ)

2232 1888 2343 1957 τῆς
2363 1887 2568 1956 ’δόξης
2623 1887 2824 1943 αὐτῶν
2847 1929 2864 1954 ,
2896 1889 2996 1943 καί
3032 1891 3114 1960 ᾡς
3150 1887 3393 1960 μικρὸν
3425 1887 3721 1959 napi-ration

2233 1959 2685 2024 Κωνστάντιοςο
2718 1962 2814 2012 καί
2845 1959 3113 2026 περὶτῆς
3138 1959 3430 2029 διαφορᾶς
3461 1961 3565 2014 τοῦ
3594 1963 3721 2030 ὀμο-

2231 2031 2454 2102 ουσίου
2478 2030 2579 2102 καί
2603 2030 2959 2100 ὀμοιουσίυυ
2985 2033 3083 2085 καὶ
3108 2031 3217 2085 τοῦ
3244 2031 3598 2102 πλάσματος
3617 2029 3724 2086 τῶν

2235 2099 2579 2170 Ἀρσιανῶν.

2243 2217 2438 2287 Ἢμεῖς
2467 2215 2526 2272 δὲ
2561 2211 2720 2281 αὖθις
2754 2218 2859 2284 τῆς
2905 2220 3279 2289 προκειμένης
3333 2221 3574 2291 ἱστορίας
3605 2218 3727 2290 ἐχώ-

2166 2315 2332 2386 μεθα.
2362 2315 2437 2369 Οὐ
2491 2317 2655 2386 μόνον
2681 2312 2776 2371 οὖν
2810 2319 2859 2370 oi
2891 2316 3287 2386 προειρημένοι
3340 2313 3602 2383 θεοφιλεῖς
3646 2314 3727 2369 ἄν·

2162 2411 2289 2479 δρες
2319 2408 2420 2481 βίῳ
2449 2410 2545 2464 καὶ
2580 2410 2758 2474 ἄλλως
2792 2410 2986 2476 σοφίας
3015 2409 3161 2480 λόγῳ
3186 2407 3372 2476 πολλῷ
3395 2407 3727 2478 διαφέροντες

2162 2503 2265 2575 τὴν
2290 2503 2592 2573 θρησκείαν
2622 2503 2937 2573 ἐγέραιρον,
2967 2503 3082 2565 τοῖς
3108 2500 3281 2568 ξένοις
3315 2499 3727 2570 ἐπιτηδεύμασιν

2164 2595 2465 2662 αὔξοντες·
2528 2596 2645 2650 ἀλλ’
2693 2597 2780 2650 ὅτι
2832 2596 2929 2650 καὶ
2980 2595 3032 2648 oi
3077 2593 3345 2666 τηνικάδε
3392 2591 3727 2664 κρατοῦντες,

2166 2688 2310 2743 κατὰ
2333 2685 2498 2756 ζῆλον
2522 2686 2778 2758 πατρῷον
2808 2688 2868 2741 έν
2902 2686 3075 2759 πολλῇ
3108 2690 3176 2758 τῇ
3206 2680 3464 2759 ῥᾳστώνῃ
3493 2685 3618 2755 περὶ
3642 2684 3729 2745 τὰς

2166 2781 2464 2853 ἐκκλησίας
2484 2782 2581 2836 καὶ
2606 2781 2667 2835 τὸ
2688 2782 2853 2844 σέϐας
2883 2779 3046 2851 εἶχον.
3068 2781 3209 2846 Τούς
3231 2799 3292 2835 τε
3319 2786 3427 2853 γάρ
3445 2784 3501 2834 ὲν
3527 2782 3729 2851 κλήροις

2167 2874 2327 2942 Θεοῦ,
2355 2876 2450 2928 καὶ
2495 2875 2623 2938 τοὺς
2680 2873 2740 2940 ἐξ
2770 2876 3020 2939 ἐκείνων,
3047 2876 3141 2929 καὶ
3163 2874 3279 2928 ὅσοι
3334 2873 3727 2945 ἀγχιστεύοντες

2167 2967 2397 3033 ἐκείνοις
2424 2963 2586 3039 ἦσαν,
2606 2971 2794 3037 τιμαῖς
2821 2968 3087 3033 ἑξαισίαις
3102 2967 3199 3023 καὶ
3221 2968 3501 3030 ἀτελείαις
3528 2966 3732 3033 ἐσέμνυ-

2170 3075 2284 3121 νον,
2306 3059 2623 3120 τοῖς-καὶοῖς
2649 3073 2708 3110 τε
2727 3057 2823 3111 καὶ
2843 3057 3067 3125 ἀγαθοῖς
3098 3057 3392 3128 πατρικοῖς
3417 3056 3597 3124 νόμοις
3623 3050 3727 3105 έτέο

2176 3168 2302 3220 ρους
2325 3149 2420 3203 καὶ
2446 3149 2595 3202 αὐτοὶ
2629 3147 2893 3216 θεοφιλῶς
2931 3146 3344 3218 προστιθέντες,
3371 3146 3437 3202 Οἳ
3457 3144 3518 3214 δὴ
3546 3143 3726 3201 πάντες

2171 3242 2410 3313 ἀνῄρουν
2437 3241 2540 3311 τήν
2570 3257 2630 3294 τε
2672 3241 2786 3294 τῶν
2813 3239 3048 3293 εἰδώλων
3092 3240 3378 3310 λατρείαν,
3408 3239 3504 3292 καὶ
3546 3236 3605 3289 τὸ
3630 3233 3726 3287 τῶν

2172 3330 2380 3397 ξοάνων
2405 3331 2690 3400 ἐπιμελές.
2720 3329 2948 3393 κλεῖδες
2982 3329 3094 3398 γάρ
3127 3329 3443 3400 ἁπανταχοῦ
3472 3330 3581 3390 τοῖς
3623 3323 3728 3378 Ἐὶν-

2170 3421 2352 3489 λήνων
2377 3423 2524 3485 ναοῖς
2556 3420 2890 3476 ἐπετίθεντο.
2922 3417 3110 3476 Ἦσαν
3140 3422 3196 3476 δὲ
3228 3423 3281 3476 οῖ
3313 3425 3408 3476 καὶ
3438 3421 3567 3492 ὕλης
3585 3419 3727 3486 λόγον

2173 3515 2396 3583 ἐπεῖχον
2429 3516 2546 3576 τοῖς
2577 3513 2889 3586 ἡμετέροις,
2926 3513 3091 3578 εὐθὺς
3117 3517 3181 3568 ἐκ
3221 3514 3443 3586 βάθρων
3469 3515 3724 3582 λυόμενοι.

2174 3604 2251 3657 Οὐ
2272 3603 2363 3658 διὰ
2397 3607 2597 3675 μικρᾶς
2627 3607 2673 3659 δ’
2695 3601 2765 3676 ἦν
2789 3606 3021 3668 ἐκείνοις
3050 3606 3287 3677 σπουδῆς
3309 3606 3551 3666 καὶτοὺς
3568 3604 3728 3674 χρόνῳ

2172 3699 2525 3767 κεκμηκότας
2554 3697 2665 3750 τῶν
2699 3698 2861 3750 θείων
2889 3698 3073 3766 σηκῶν
3107 3698 3551 3768 παρασκευάζειν
3577 3693 3724 3764 ήσᾷν.

2172 3787 2300 3850 τοὺς
2344 3787 2391 3840 δ’
2427 3789 2489 3841 ὲκ
2536 3789 2819 3859 κρηπίδων
2860 3789 3043 3842 αὐτῶν
3087 3789 3350 3861 άνιστᾷν·
3385 3783 3460 3844 ὧν
3502 3781 3577 3849 εἷς
3622 3788 3725 3837 ἔστι

2174 3878 2360 3932 κάλλει
2406 3882 2501 3932 καὶ
2539 3879 2762 3949 μεγέθει
2794 3880 2905 3933 τῶν
2953 3879 3167 3934 πολλῶν
3219 3882 3548 3953 ὑπερφέρων
3588 3877 3675 3932 καὶ
3701 3878 3727 3927 ὁ

2173 3972 2318 4025 κατά
2348 3972 2446 4043 τὴν
2478 3972 2762 4044 Ἐμεσσαν
2806 3973 3179 4043 Κωνσταντίῳ
3228 3974 3563 4043 ἀνεγερθείς.
3597 3969 3728 4038 Πρδς

2172 4058 2386 4131 τούεῖοις
2440 4065 2820 4134 ἐνομοθέτουν,
2871 4066 2944 4136 μή
2988 4083 3111 4119 τινα
3158 4066 3424 4137 Ἰουδαϊκῇ
3480 4060 3729 4135 θρησκείᾳ

2175 4154 2424 4222 συζῶντα
2457 4156 2646 4211 δοῦλον
2670 4142 2941 4211 ὠνεῖσθαι
2961 4157 3019 4221 ἐξ
3051 4157 3169 4220 οἵας
3215 4157 3279 4228 δή
3321 4157 3439 4211 ποτ’
3471 4153 3562 4210 οὖν
3590 4152 3726 4221 αἱρέ-

2175 4263 2315 4309 σεως
2350 4246 2500 4299 ὄντα.
2532 4246 2594 4300 Ei
2624 4246 2670 4300 δ’
2697 4243 2792 4300 οὖν
2820 4248 3167 4316 φωραθέντα,
3214 4247 3383 4300 αὑτὸν
3412 4248 3612 4301 ἐκεῖνον
3641 4242 3726 4309 δη·-

497 4350 554 4404 Si
588 4348 682 4417 qui
718 4345 880 4400 aliter
908 4345 1105 4400 fecisse
1143 4350 1461 4411 compertus
1489 4349 1654 4403 esset,
1690 4352 1910 4394 servum
1943 4352 2065 4391 eum

2179 4341 2370 4411 μόσιον
2407 4340 2596 4395 δοῦλον
2627 4340 3011 4394 καθίστασθαι.
3047 4341 3110 4394 Ei
3138 4341 3195 4395 δὲ
3224 4340 3380 4394 λάθοι
3412 4334 3727 4410 περιτεμὼν,

499 4441 782 4511 publicum
811 4438 951 4493 fore.
992 4435 1149 4503 Quod
1177 4436 1221 4489 si
1264 4448 1390 4489 eum
1428 4431 1843 4487 circumcidisse
1868 4432 2068 4499 depre-

499 4539 709 4591 hensus
742 4539 913 4596 esset,
948 4529 1146 4600 capitis
1178 4527 1517 4598 supplicium
1552 4540 1679 4581 eum
1728 4526 2071 4588 subiturum,

498 4631 664 4686 bonis
710 4630 831 4698 ejus
858 4623 1232 4696 publicandis.
1272 4621 1410 4677 Cum
1442 4621 1587 4675 enim
1620 4619 1981 4675 constitutum
2012 4618 2069 4672 in

498 4722 703 4777 animis
731 4720 848 4774 suis
879 4718 1176 4780 baberent,
1219 4713 1601 4770 Christianum
1629 4712 1839 4767 cultum
1871 4724 2075 4778 prona.

499 4832 652 4887 gare,
689 4816 794 4869 hoc
818 4814 984 4868 etiam
1013 4802 1252 4864 maxime
1273 4808 1660 4879 providerunt,
1692 4812 1750 4859 ut
1771 4819 1838 4858 ne
1868 4812 2073 4858 temere

501 4925 530 4962 a
567 4907 770 4963 Judzeis
803 4902 973 4972 aliqui
1029 4901 1083 4955 in
1133 4900 1453 4969 religionem
1482 4912 1638 4953 suam
1683 4895 2074 4966 pertraheren-

499 5011 594 5055 tur
622 5040 635 5059 .
671 4997 767 5054 sed
800 4994 986 5065 potius
1016 5007 1161 5047 verat
1200 4990 1460 5046 Ecclesiae
1495 5003 1710 5052 omnes,
1755 4986 1824 5041 de
1868 4984 2074 5056 quibus

499 5092 686 5160 aliqua
734 5103 861 5156 spes
910 5092 1077 5148 esset,
1119 5091 1602 5146 conservarentur,
1659 5087 1716 5134 et
1763 5076 2070 5133 Christiani

501 5186 720 5238 ﬁerent.
753 5176 1071 5234 Christiana
1118 5178 1267 5230 enim
1305 5175 1481 5245 pietas
1515 5189 1581 5228 ex
1617 5171 1826 5226 Graecis
1853 5178 1911 5225 et
1940 5184 2073 5237 gen-

502 5275 698 5329 tilibus
757 5268 932 5339 magis
989 5268 1331 5323 incrementa
1399 5281 1499 5321 sua
1555 5263 1832 5335 capiebat.
1873 5262 2072 5315 Verum

500 5368 786 5421 enimvero
832 5362 1068 5431 primum
1105 5359 1453 5415 Constantini
1506 5357 1600 5411 lilii
1632 5363 1918 5427 paternam
1952 5353 2076 5421 opi-

504 5458 725 5509 nionem
754 5455 1022 5522 integram
1051 5461 1369 5519 certamque
1399 5459 1692 5506 servarunt
1716 5465 1729 5501 :
1757 5456 1815 5502 et
1843 5455 2074 5516 uterque

506 5563 636 5599 acer
692 5545 924 5600 Nicn-nte
961 5546 1087 5599 fidei
1121 5546 1376 5600 laudator
1404 5544 1525 5597 fuit.
1553 5542 1829 5597 Constans
1849 5538 2072 5608 quidem

503 5637 569 5690 ad
604 5636 767 5715 [litem
802 5652 975 5707 usque
1003 5639 1056 5692 in
1097 5653 1160 5692 ea
1198 5638 1461 5707 perstitit.
1505 5632 1673 5705 729
1713 5630 2075 5686 Constantius

2177 4432 2386 4503 ζημίαν
2410 4434 2604 4500 ἐκείνῳ
2638 4426 2780 4487 εἶναι
2817 4432 2918 4503 τὴν
2945 4432 3044 4502 τῆς
3086 4432 3331 4502 κεφαλῆς
3360 4431 3614 4500 ἐκτομὴν,
3645 4425 3728 4477 καὶ

2174 4527 2236 4579 τδ
2260 4527 2330 4580 τὰ
2353 4526 2484 4580 ὅντα
2515 4525 2594 4596 τῷ
2624 4525 2784 4596 δήμῳ
2814 4524 3063 4580 ἀνεῖσθαι
3087 4541 3105 4557 ο
3135 4526 3405 4597 ᾑρημένοι
3433 4525 3540 4593 γάρ
3560 4521 3619 4574 τὸ
3647 4518 3729 4570 σέ-

2175 4617 2276 4679 ϐας
2306 4617 2627 4685 ἀπιδιδόναι,
2675 4616 2770 4669 καὶ
2793 4616 2990 4672 τούτου
3039 4616 3104 4686 δὴ
3148 4616 3389 4686 μάλιστα
3425 4611 3725 4685 προύνόουν,

2174 4710 2315 4763 ὥστε
2348 4711 2422 4780 μὴ
2452 4711 2530 4772 ὡς
2563 4694 2907 4778 ἔτυχέ’τινας
2941 4708 3047 4762 ὑπὸ
3088 4709 3362 4763 Ἰουδαίων
3399 4702 3725 4777 ἐφέλκεσθαι.

2174 4803 2243 4871 τῇ
2276 4801 2321 4853 δ’
2343 4801 2537 4870 ἀληθεῖ
2575 4800 2878 4870 Ἐκκλησία
2915 4798 3299 4869 ταμιεύεσθαι,
3340 4798 3434 4851 καὶ
3464 4797 3576 4849 ὅσοι
3604 4792 3726 4846 τέως

2175 4894 2233 4944 ἐν
2262 4891 2476 4944 ἐλπίσιν
2506 4892 2647 4964 ἦσαν
2676 4890 3096 4961 χριστιανίζειν.
3137 4890 3200 4942 'H
3225 4890 3336 4959 γάρ
3357 4887 3467 4941 τῶν
3489 4887 3729 4952 Χριστια-

2175 4985 2282 5037 νῶν
2317 4984 2584 5055 θρησκεία
2621 4986 2680 5051 ἐξ
2727 4983 3000 5053 Ἑλλήνων
3032 4980 3234 5051 μᾶλλον
3266 4982 3367 5051 τὴν
3402 4979 3634 5032 ἐπίδοσιν
3657 4968 3728 5022 εἷ-

2174 5094 2290 5147 χεν.
2322 5078 2396 5130 Οὐ
2437 5077 2543 5147 μὴν
2571 5078 2626 5131 δὲ
2656 5076 2794 5130 ἀ).λά
2825 5076 2895 5129 τὰ
2924 5076 3120 5142 πρῶτα
3162 5074 3329 5142 ἀθιγῆ
3363 5073 3462 5142 τὴν
3487 5063 3728 5135 πατρῴαν

2173 5170 2333 5235 δόξαν
2366 5171 2413 5224 oi
2445 5169 2632 5232 παῖδες
2664 5169 3080 5223 Κωνσταντίνου
3114 5164 3377 5236 ἀσφαλῶς
3406 5160 3725 5232 ἐφρούρουν·

2175 5263 2270 5314 καὶ
2304 5261 2475 5330 ἄμφω
2502 5258 2613 5330 γὰρ
2663 5259 2917 5329 διάπυροι
2965 5258 3251 5311 ἐπαινέται
3304 5254 3405 5322 τῆς
3437 5255 3495 5304 ὲν
3539 5244 3727 5312 Νικαίᾳ

2175 5354 2415 5415 πίστεως
2468 5352 2620 5413 ὄντες
2655 5352 2976 5421 ἐτύγχανον.
3015 5350 3127 5402 Καὶ
3179 5351 3441 5408 Κώνστας
3486 5345 3584 5414 μὲν
3610 5339 3725 5408 ἄχρι

2128 5442 2139 5449 ’
2175 5445 2363 5508 τέλους
2397 5446 2455 5496 ὲν
2483 5444 2657 5515 ταύτῃ
2694 5446 3032 5512 παρέμεινεν
3057 5457 3074 5472 ο
3104 5444 3135 5494 ὁ
3177 5442 3234 5493 δέ
3268 5455 3334 5508 γε
3369 5433 3726 5489 Κωνστάντιος
3790 5490 3797 5503 δ

2179 5538 2342 5607 μέχρι
2380 5538 2480 5607 μὲν
2510 5553 2652 5599 τινος
2692 5537 2927 5598 ἐκείνοις
2971 5536 3179 5599 εἵπετο,
3234 5531 3515 5586 είσέπειτα
3540 5525 3597 5578 δὲ
3637 5520 3724 5586 τῆς

2178 5628 2270 5682 τοῦ
2303 5627 2591 5698 ὁμοονσίου
2643 5628 3012 5700 σαλευομένης
3060 5627 3282 5693 λέξεως,
3316 5619 3515 5693 μικρόν
3560 5632 3609 5665 τι
3637 5624 3724 5677 τῆς

573 5800 651 5863 (Ι)
683 5801 1025 5861 Constantini
1093 5807 1126 5861 l.
1161 5806 1320 5860 unica
1356 5811 1462 5858 cst.
1507 5798 1573 5855 C.
1603 5799 1679 5855 Ne
1750 5797 2040 5854 Christian.
2082 5769 2335 5863 matteis,
2404 5793 2439 5845 Ι.
2486 5791 2587 5845 ί)εο
2645 5792 2810 5853 tionis,
2857 5790 2905 5860 ᾗ.
2954 5790 3045 5845 His
3097 5790 3169 5843 ita
3216 5782 3498 5852 dispositis.
3546 5775 3606 5830 C-
3658 5767 3720 5821 υε

501 5876 671 5942 t'p‘tsc.
729 5887 783 5929 et
814 5876 945 5931 cier.
