3990 6470
202 367 301 431 309

1131 371 1743 433 ECCLESIASTlCr’h‘.
1785 376 2186 438 HISTCRl/E
2230 382 2372 444 LiB.
2428 383 2523 445 IX.

3368 384 3469 450 310

201 479 429 548 γνώμης
459 478 623 549 ἐσύρη
648 497 660 509 ·
690 479 749 531 οὐ
787 479 893 549 μὴν
922 479 994 543 ὡς
1025 480 1233 536 ἐπίπαν
1256 483 1550 554 ἀπέσχετο,
1586 487 1661 553 μὴ
1683 486 1777 539 καὶ

1882 503 2014 543 vero
2043 490 2361 560 aliquandiu
2392 508 2512 546 eam
2538 502 2783 557 secutus,
2816 501 3002 562 postea
3025 491 3116 545 τοῦ
3146 494 3461 561 euacuatos.

201 571 286 621 τὸν
318 569 456 622 Υίδν
500 571 682 638 ὅμοιον
708 570 852 623 κατὰ
892 570 991 640 τὴν
1025 572 1213 625 οὐσίαν
1243 574 1319 643 τῷ
1351 577 1523 645 "arpi.
1553 577 1781 647 διαρρή-

203 661 297 728 δην
331 660 759 731 ἀνακηρύττειν.
801 663 862 715 Οί
910 664 1009 733 μὲν
1040 664 1147 734 γὰρ
1185 666 1331 736 ἀμφὶ
1380 668 1468 720 τδν
1518 668 1779 721 Εὐσέϐσον

204 752 597 823 Νικομηδείας,
626 753 722 807 καὶ
752 755 899 808 ἄλλοι
948 756 1056 809 τῶν
1098 759 1198 810 ἁνὲι
1230 761 1329 830 τὴν
1375 761 1448 813 ἕω
1484 762 1781 831 τηνικαῦτα
1818 797 1829 805 -

205 850 538 911 ἐπισκόπων,
588 850 680 901 ἐπί
712 868 770 903 τε
826 855 993 924 ἀρετῇ
1032 855 1124 907 καὶ
1177 855 1359 921 λόγοις
1398 856 1457 909 τδ
1509 859 1780 929 ἐπίσημον

211 946 636 1015 κεκληρωμένοι,
683 949 949 1021 διαφορὰν
994 952 1140 1022 ἔχειν
1203 956 1525 1024 εἰσηγοῦντο
1558 959 1615 1010 τὸ
1648 960 1780 1027 ὁμο-

207 1037 377 1089 ούσιοι
437 1038 641 1104 λέγειν,
678 1041 774 1095 καὶ
828 1045 951 1095 κατ’
981 1046 1172 1099 οὐσίαν
1224 1048 1434 1113 ὅμοιον,
1489 1049 1517 1101 ὃ
1570 1050 1634 1122 δὴ
1684 1052 1778 1104 καὶ

204 1132 542 1198 ὁμοιοούσιον
587 1132 800 1201 ἔλεγον.
841 1135 963 1190 Ἐπὶ
1006 1140 1115 1209 γὰρ
1166 1140 1437 1208 σωμάτων
1474 1143 1653 1210 μόνων
1683 1159 1780 1196 κυ-

211 1222 330 1291 ρίως
362 1224 660 1278 ὐπετίθουν
695 1227 757 1281 τὸ
783 1228 1067 1297 ὁμοούσιον
1091 1249 1109 1263 ο
1146 1232 1221 1295 ὡς
1275 1235 1408 1304 φέρε
1458 1237 1652 1301 εἰπεῖν,
1690 1239 1778 1291 ἐπ’

206 1314 508 1383 ἀνθρώπων
539 1319 635 1370 καὶ
659 1318 866 1374 λοιπῶν
900 1323 1076 1390 ζώων,
1104 1325 1269 1378 ἔτιδὲ
1299 1329 1392 1379 καὶ
1419 1327 1650 1399 δένδρων
1685 1330 1780 1382 καὶ

207 1407 400 1474 φυτῶν,
458 1405 542 1472 οἷς
591 1413 864 1482 ἆπασινὴ
917 1417 1178 1484 μετουσία
1232 1419 1325 1470 καὶ
1374 1421 1405 1486 ή
1467 1422 1683 1487 γένεσι;
1721 1421 1779 1487 ἐξ

207 1500 382 1566 ὁμοίου
414 1501 558 1556 ἐστί.
597 1503 669 1556 Τὸ
698 1503 744 1557 δ’
788 1507 1130 1574 δμοιοούσιον
1180 1511 1411 1563 ὲπὶ”τῶν
1443 1514 1598 1576 ἐκτὸς
1646 1513 1779 1584 ’ὕλης

205 1591 389 1659 χρῆναι
436 1593 664 1662 ελεγον·
716 1590 828 1649 οἷον
865 1599 956 1650 ἐπὶ
1005 1600 1142 1654 Θεοῦ
1185 1600 1281 1654 καὶ
1318 1605 1603 1670 ἀγγέλων·
1645 1606 1777 1659 Exa-

209 1700 317 1735 στον
344 1685 453 1751 γὰρ
485 1686 699 1741 ’τούτων
733 1690 870 1759 πρὸς
916 1693 1110 1746 ἑαυτὸν
1146 1697 1441 1765 νοούμενον
1486 1698 1609 1752 κατ’
1642 1700 1778 1755 ίδίκν

213 1773 512 1842 ὑφέστηκεν
539 1792 552 1805 ·
584 1775 643 1841 ἐξ
688 1770 764 1831 ὧν
793 1781 889 1832 καὶ
945 1781 1329 1859 Κωνστάντιος
1371 1787 1774 1855 παραγόμενος,

219 1867 277 1927 ὡς
298 1866 455 1935 ἔοικε,
502 1869 790 1941 παρεσύρη
827 1875 1237 1941 μεταπεισθείς.
1272 1879 1379 1930 Καί
1408 1896 1494 1945 γε,
1522 1880 1597 1942 ὡς
1629 1881 1782 1934 είκοί⁸

221 1957 310 2020 ζειν
339 1978 426 2027 μοι
460 1960 491 2013 ἐ
509 1979 677 2029 πεισι,
710 1965 852 2019 κατὰ
879 1965 1123 2020 διάθεσίν
1151 1986 1210 2021 τε
1242 1972 1338 2025 καὶ
1365 1975 1593 2043 γνώμην
1619 1976 1781 2044 ὅμοια

216 2051 290 2101 καὶ
314 2046 467 2114 οὗτος
508 2051 586 2122 τῷ
619 2055 788 2124 πατρὶ
814 2060 909 2111 καὶ
945 2058 1197 2129 τάδελφῷ
1226 2063 1470 2131 ἐφρόνει.
1516 2065 1780 2135 Ἀμείψας

211 2141 258 2192 δὲ
280 2145 332 2194 τί
362 2143 565 2211 ῥητὸν,
604 2144 753 2198 οὐδὲν
786 2149 1126 2217 ἁμαρτάνειν
1163 2156 1288 2223 περὶ
1318 2152 1376 2206 τὺ
1427 2154 1590 2217 σέδας
1619 2154 1778 2226 ᾤετο,

208 2232 312 2285 ἀντὶ
338 2236 640 2303 ὁμοουσίου
678 2237 1019 2307 δμοιοούσιον
1052 2242 1250 2310 λέγων.
1287 2247 1353 2297 Ὃ
1383 2245 1445 2316 δὴ
1499 2250 1611 2310 τοῖς
1657 2251 1780 2301 τότε

210 2326 281 2375 είσ
304 2328 618 2394 ,γουμὲνοις
649 2329 875 2399 ἄμεινον
921 2333 1014 2384 καὶ
1048 2335 1448 2404 ἀκριϐέστερον
1490 2334 1633 2392 εἶναι
1664 2340 1779 2393 έδό-

207 2431 279 2466 κει
303 2431 317 2445 ·
345 2418 697 2488 ἰσχυρίζοντο
727 2423 856 2491 γὰρ,
879 2426 954 2486 ὼς
984 2425 1037 2477 εἴ
1068 2443 1154 2490 τις
1186 2428 1262 2498 μὴ
1292 2428 1437 2482 οὕτω
1459 2430 1631 2499 λέγοι,
1665 2450 1783 2483 κιν-

206 2504 431 2559 δυνεύειν
468 2509 664 2563 λοιπδν
715 2514 877 2581 σῶμα
915 2516 975 2566 τὸ
1014 2515 1310 2585 ἀσώματον
1357 2519 1453 2570 καὶ
1503 2519 1685 2587 λέγειν
1718 2538 1777 2573 τε

207 2597 290 2649 καὶ
318 2604 476 2654 νοεῖν.
529 2602 705 2675 Ὅπερ
737 2607 997 2675 εὐηθείας
1044 2609 1356 2677 ἀνάμεστον
1389 2611 1468 2676 ὃν,
1506 2616 1617 2678 τοῖς
1651 2615 1779 2668 πο),-

209 2686 306 2749 ὶοίς
337 2691 753 2757 καταγέλαστον
786 2691 929 2751 εἶναι
964 2698 1162 2752 ἐδόκει.
1191 2700 1439 2755 Συνιέναι
1472 2704 1580 2773 γὰρ
1609 2705 1777 2775 ἐχρῆν

207 2780 275 2844 ὡς
300 2788 364 2837 τὰ
392 2793 517 2840 των
546 2789 757 2858 νοητῶν
787 2790 1029 2861 ὀνόματα
1060 2796 1124 2848 ὲκ
1151 2793 1260 2850 τῶν
1302 2798 1648 2866 φαινομένων
1677 2799 1777 2870 τὴν

212 2878 510 2951 μετάληψιν
556 2881 764 2951 ἔχουσι.
824 2885 981 2950 υοῖος
1019 2887 1064 2939 δ’
1097 2887 1163 2942 ἂν
1214 2889 1461 2955 κίνδυνος
1504 2893 1562 2946 έν
1600 2892 1776 2959 λέξεσι

209 2972 425 3037 γένοιτο,
456 2972 739 3044 μηδεμιᾶς
766 2976 1044 3046 ἁμαρτίας
1090 2983 1221 3051 περὶ
1249 2981 1350 3052 τὴν
1389 2982 1598 3037 ἔννοιαν
1635 3002 1778 3053 γινο-

214 3058 406 3127 μένηςς
451 3062 741 3117 Ἐντεῦθεν
792 3069 1282 3137 τεκμηριώσασθαι
1314 3070 1493 3125 ἔπεισί
1545 3089 1637 3141 μοι
1679 3074 1779 3127 καὶ

213 3151 291 3202 τὸν
318 3153 482 3207 πολὺν
524 3155 582 3207 έν
607 3155 857 3229 θεολογίᾳ
888 3158 1190 3232 Γρηγόριον
1219 3165 1278 3217 ἐν
1321 3167 1435 3229 τοῖς
1464 3168 1605 3221 κατὰ
1643 3168 1776 3221 Ἰου-

214 3239 379 3295 λιανοῦ
408 3244 868 3313 στηλιτευτικοῖς,
900 3250 1024 3304 ὅλον
1052 3246 1164 3305 τῶν
1201 3255 1441 3309 ἐπαίνων
1475 3258 1776 3311 Κωνσταν-

216 3332 314 3383 rion
348 3337 669 3407 γενόμενον,
700 3339 1038 3409 ὑπερφυέσιν
1071 3344 1370 3415 ἐγκωμίοις
1404 3348 1650 3416 στέφειν,
1681 3348 1777 3402 καὶ

217 3425 267 3473 τέ)
294 3425 521 3491 εὐσεϐὲς
551 3430 948 3501 ἀνακηρύττειν
981 3435 1148 3489 αὐτοῦ
1170 3453 1184 3467 ·
1214 3437 1291 3501 ὡς
1341 3439 1436 3493 καὶ
1475 3440 1778 3508 ἀγγελικὰς

218 3515 457 3588 δυνάμεις
487 3524 875 3593 προαγόμενον
911 3529 1263 3600 προπέμπειν
1298 3533 1488 3599 αὐτὸν,
1517 3536 1611 3587 καὶ
1641 3535 1778 3600 ξενι-

218 3605 419 3672 ζούσαις
448 3613 737 3683 γεραίρειν
766 3615 955 3686 ᾠδαῖς,
977 3621 1053 3684 ὡς
1087 3622 1145 3674 ὲν
1168 3621 1249 3692 τῷ
1279 3623 1477 3694 πέρατι
1508 3624 1601 3678 τοῦ
1634 3643 1779 3698 παρα
1820 3628 1823 3629 ⁷

221 3701 348 3764 (Sa-.9;
411 3707 588 3775 τόμου
632 3709 1032 3783 διαληψόμεθα.
1066 3716 1392 3786 Θαυμαστὸν
1444 3718 1500 3789 δέ
1533 3720 1685 3772 οὐδὲν
1727 3722 1778 3774 εί

227 3790 455 3860 βασιλεὺς
506 3800 639 3869 περὶ
668 3805 976 3883 πράγματα
1010 3807 1110 3878 τὴν
1145 3809 1351 3880 σχολὴν
1389 3809 1549 3880 έχων,
1594 3828 1776 3881 παρα-

226 3886 448 3952 πεισθεὶς
514 3892 613 3961 τὴν
632 3893 788 3981 ιλέξιν
837 3900 1157 3969 προσήκατο
1182 3919 1196 3934 ο
1239 3905 1375 3955 ὅπου
1418 3921 1482 3970 γε
1522 3907 1615 3957 καὶ
1669 3892 1778 3959 τῶν

224 3985 452 4051 τηνικάδε
517 3987 708 4057 ίερέων
763 3990 969 4056 πολλοὶ,
1020 3992 1160 4046 κατὰ
1211 3994 1449 4049 διάνοιαν
1491 3998 1779 4066 σύμφωνοι

226 4073 356 4139 δντες
389 4077 466 4147 τῷ
519 4081 661 4133 κατὰ
694 4081 931 4135 Νίκαιαν
957 4084 1211 4153 δόγματι,
1255 4085 1378 4154 δίχα
1422 4087 1565 4150 τινὸς
1601 4089 1778 4159 ἔριδος

226 4164 306 4235 τὴν
332 4167 475 4235 λέξιν
514 4170 703 4235 ἁπλῶς
749 4173 1077 4244 ἐξεδέχοντο.
1118 4177 1301 4231 Ἀλλοι
1344 4179 1515 4248 μηδέν
1549 4197 1602 4232 τι
1647 4184 1777 4250 περὶ

228 4254 527 4330 ἀμφοτέρας
556 4263 863 4329 ἐννοοῦντες
895 4265 1122 4334 φαῦλον,
1154 4270 1248 4322 ἐπὶ
1272 4269 1373 4338 μιᾷ
1406 4270 1654 4340 σημασίᾳ
1679 4271 1778 4340 τῆς

228 4347 463 4415 εὐσεϐοῦς
491 4354 729 4419 διανοίας
791 4357 1051 4427 ἐχρῶντο.
1108 4357 1194 4420 Ὠς
1250 4360 1504 4414 ἐντεῦθεν
1550 4363 1780 4430 συνάγε-

229 4437 335 4493 σθαι
390 4444 589 4509 ἐκεῖνο,
630 4447 975 4519 κομψότητος
1032 4452 1132 4520 μὲν
1163 4452 1419 4521 ἔμπλεων
1463 4449 1622 4514 εἶναι,
1656 4454 1684 4507 ὃ
1726 4456 1776 4508 οἱ

230 4529 338 4605 περὶ
367 4530 428 4582 Ἀ
442 4549 587 4601 ρειον
619 4534 712 4587 ἑπί
747 4537 826 4605 τῷ
872 4537 1122 4609 σφετέρῳ
1149 4540 1314 4607 δῆθεν
1358 4540 1509 4611 καλῴ
1541 4544 1779 4596 ἀνεπλά-

232 4633 372 4674 σαντο
395 4637 408 4652 ·
441 4624 538 4678 καὶ
566 4628 674 4696 γάρ
722 4644 852 4696 φασι
893 4630 1033 4698 μετὰ
1072 4632 1170 4702 τὴν
1200 4633 1309 4684 τῶν
1351 4631 1457 4704 τιη⁹
1499 4634 1774 4705 θεοφόριυν

233 4706 468 4782 Πατέρων
527 4718 843 4772 συνέλευσιν
890 4723 1074 4775 πολλοι
1143 4720 1253 4777 τῶν
1307 4726 1646 4791 ἐπισκόπων,
1701 4719 1776 4780 ὧν

233 4802 310 4852 καὶ
335 4803 589 4871 Εὐσέϐιος
617 4804 759 4879 ἦσαν
789 4812 881 4864 καὶ
926 4812 1207 4881 Θεογόνιος
1241 4816 1292 4868 οί
1326 4816 1565 4882 Βιθυνοὶ,
1598 4817 1778 4870 οὐκέτ’

232 4892 398 4961 ἡθελον
426 4899 607 4970 λέγειν
655 4904 941 4972 ὁμοούσιον
989 4902 1133 4960 εἶναι
1167 4908 1245 4979 τῷ
1277 4910 1453 4978 Πατρὶ
1481 4911 1574 4964 τὸν
1622 4911 1775 4978 Υἱὸν,

233 4986 310 5038 καὶ
339 4989 505 5045 ταῦτα
533 4995 1062 5066 καθυπογράψαντες
1086 5015 1102 5029 ο
1123 4994 1206 5062 οἷς
1232 5000 1590 5073 χαλεπήναςὸ
1617 5004 1774 5056 Κων-

233 5083 506 5148 σταντῖνος,
546 5086 874 5156 ὑπερορίους
901 5090 1098 5146 ἐποίει.
1129 5092 1303 5162 Ὄναρ
1329 5087 1484 5164 δὲ’τῇ
1515 5092 1611 5147 τοῦ
1643 5110 1779 5162 κραῳ

234 5166 427 5235 τοῦντος
465 5176 677 5246 ἁδελφῇ
704 5179 888 5232 θεόθεν
918 5181 1141 5252 χρῆσαι,
1187 5182 1263 5246 ὡς
1294 5184 1493 5247 ἀδίκως
1525 5186 1776 5253 ἐγένοντο

237 5259 506 5347 ἕπερόριοι,
535 5270 713 5340 ὀρθῶς
740 5272 1055 5338 δοξάζοντες
1082 5275 1214 5347 περὶ
1241 5276 1336 5329 τοῦ
1362 5277 1520 5334 Θεοῦ.
1560 5278 1773 5331 Ἐντεῦο

236 5346 313 5398 θεν
336 5353 376 5404 δ’
426 5358 647 5413 ἐκείνων
700 5346 1177 5433 μετακληθέντων,
1232 5366 1453 5437 ἔρεσθαι
1493 5369 1584 5421 τὸν
1636 5385 1772 5438 κρα-

236 5439 426 5509 τοῦντα,
456 5449 578 5502 ὅτου
627 5453 787 5522 χάριν
818 5458 970 5525 παρὰ
1022 5457 1090 5510 τὰ
1132 5458 1431 5528 δεδογμένα
1457 5463 1522 5532 τῇ
1567 5462 1773 5532 συνόδῳ

240 5536 490 5624 φρονοῦσι,
532 5543 628 5595 καὶ
660 5544 832 5598 ταῦτα
890 5548 1178 5619 σύμψηφοι
1225 5553 1322 5603 καὶ
1367 5553 1615 5605 κοινωνοὶ
1643 5570 1774 5624 γρλ-

240 5622 326 5687 φῆς
355 5627 445 5679 καὶ
484 5631 590 5684 τῶν
621 5634 823 5689 λοιπῶν
854 5640 992 5710 αὐτῇ
1032 5641 1338 5709 γεγονότες.
1370 5642 1511 5706 Τοῖς
1565 5644 1608 5696 δ’
1638 5622 1773 5698 ἀπο-

244 5712 526 5804 seiunctim,
561 5728 634 5797 μὴ
669 5730 807 5783 κατὰ
852 5732 1079 5803 γνώμην
1114 5735 1227 5797 τοῖς
1274 5733 1615 5804 δεδογμένοις
1649 5755 1773 5790 συν-

248 5798 431 5862 θέσθαι.
463 5812 640 5879 Εἱσήει
667 5821 772 5886 γὰρ
815 5824 925 5888 δέος
973 5828 1113 5891 ἡμῖν
1155 5829 1254 5880 οὐκ
1290 5827 1535 5894 ἔλαττυν,
1565 5832 1767 5899 ἔλεγον,

1888 582 2402 648 eonsubstantialis,
2441 585 2610 640 verbo
2634 585 2837 654 passim
2882 587 3110 656 jactato,
3145 584 3468 653 aliquantu-

1886 671 1999 723 lum
2049 671 2115 725 de
2158 675 2433 728 sententia
2473 690 2572 729 sua
2606 675 2816 730 cessit:
2857 692 2964 728 non
3002 675 3093 729 ille
3126 673 3355 743 quidem
3390 672 3464 726 ita

1887 779 2116 832 prorsus
2161 765 2230 818 ab
2266 781 2330 819 ea
2370 766 2703 831 deseiscens,
2752 778 2810 822 ut
2843 783 2954 822 non
2989 767 3189 822 Filium
3223 765 3463 820 similem
3544 768 3553 776 ’

1884 857 2194 909 secundum
2247 856 2612 911 substantiam
2658 857 2804 912 Patri
2856 867 3043 927 aperte
3085 858 3462 925 proﬁteretur.

1887 946 1993 1002 Sed
2037 946 2312 1002 Eusebius
2342 948 2801 1013 Nicomediensis,
2828 961 2883 1003 et
2914 950 3002 1003 alii
3036 952 3158 1019 ejus
3192 950 3457 1020 temporis

1883 1039 2191 1095 Orientales
2239 1042 2522 1111 episc0pi,
2555 1042 2761 1097 virtute
2802 1054 2855 1097 et
2896 1044 3148 1098 doctrina
3212 1060 3462 1113 magnam

1889 1130 2119 1198 gloriam
2154 1133 2463 1196 consecuti,
2496 1131 2722 1187 differre
2760 1134 3071 1188 locutiones
3100 1134 3199 1188 bas
3244 1148 3466 1189 asseve-

1884 1221 2100 1287 rabant,
2160 1223 2220 1274 τὸ
2277 1221 2570 1292 όμοούσιον
2599 1264 2613 1289 ,
2643 1225 3137 1291 eonsubstautiale,
3188 1234 3242 1278 et
3285 1223 3465 1278 simile

1880 1314 2184 1369 secundum
2222 1314 2676 1375 substantiam,id
2713 1314 2859 1384 quod
2892 1315 3056 1369 etiam
3091 1315 3457 1383 ὀμοιοούσιον,

1882 1407 2061 1463 simile
2091 1407 2435 1472 substantia,
2474 1407 2758 1463 dicebant.
2793 1408 3179 1477 Subiiciebant
3203 1422 3460 1476 namque,

1880 1500 2192 1571 ὁμοούσιον,
2216 1500 2712 1566 consubstantiale,
2749 1501 2971 1571 proprie
3003 1501 3071 1556 de
3097 1501 3234 1555 solis
3265 1514 3465 1569 corpo-

1882 1592 2043 1647 ribus
2074 1592 2208 1655 dici,
2248 1599 2445 1661 utputa
2477 1591 2546 1646 de
2578 1592 2903 1647 hominibus
2929 1602 2987 1646 et
3016 1593 3139 1647 aliis
3172 1590 3464 1646 animanti-

1881 1680 2010 1747 bus,
2038 1683 2172 1736 item
2208 1680 2276 1737 de
2307 1681 2603 1736 arboribus
2632 1692 2688 1737 et
2714 1682 2935 1752 plantis,
2969 1681 3174 1750 quibus
3204 1681 3464 1734 omuilms

1881 1772 2307 1828 communicatio
2320 1783 2376 1829 et
2390 1773 2672 1844 generatio
2690 1788 2756 1827 ex
2776 1774 2941 1829 simili
2961 1784 3079 1828 est:
3100 1772 3463 1843 ὀμοιοούσιον,

1885 1865 2063 1920 simile
2086 1866 2425 1934 substantia,
2459 1875 2668 1930 autem,
2703 1868 2772 1922 de
2805 1867 2974 1922 rebus
3005 1867 3235 1922 materia
3272 1881 3466 1920 caren-

1887 1957 2034 2010 tibus
2072 1957 2324 2025 usurpari
2369 1957 2576 2012 debere
2623 1958 2904 2025 dicebant,
2943 1958 3108 2012 veluti
3159 1956 3230 2011 de
3265 1957 3376 2011 Deo
3407 1965 3462 2010 et
3532 1976 3535 1979 ·

1884 2050 2140 2119 angelis:
2177 2050 2371 2104 horum
2424 2050 2572 2104 enim
2614 2050 2926 2120 quodlibet,
2977 2051 3021 2104 si
3069 2065 3169 2120 per
3220 2050 3459 2120 seipsum

1883 2148 2069 2195 mente
2100 2151 2155 2195 et
2197 2141 2558 2210 intelligentia
2595 2143 2722 2212 quis
2770 2141 3200 2212 contempletur,
3252 2155 3353 2210 pro
3403 2154 3462 2193 se

1882 2233 2112 2287 seorsim
2180 2232 2466 2289 subsistat.
2532 2234 2745 2300 Quibus
2807 2234 3028 2299 verbis,
3090 2243 3149 2287 ut
3218 2230 3458 2291 videtur.

1882 2323 2245 2381 Constantius
2296 2327 2584 2389 seductus,
2618 2334 2676 2380 et
2716 2325 2879 2379 aliter
2914 2339 3078 2394 quam
3131 2332 3291 2376 antea
3330 2334 3458 2389 per-
3512 2318 3517 2325 ’

1882 2434 2103 2485 suasus,
2141 2419 2484 2489 aliquantum
2516 2418 2884 2473 transversim
2930 2427 3015 2471 est
3064 2425 3242 2469 actus.
3282 2413 3462 2480 Atque

1882 2513 2164 2583 equidem,
2218 2522 2482 2583 quantum
2531 2512 2792 2582 coniicio,
2840 2509 3025 2564 animo
3074 2517 3128 2563 et
3180 2505 3461 2560 sententia

1884 2607 2027 2660 idem
2064 2607 2108 2659 is
2139 2622 2264 2660 eum
2297 2616 2454 2677 patre
2495 2614 2552 2661 et
2589 2606 2761 2659 fratre
2802 2605 3012 2667 sensit;
3054 2602 3224 2655 verbo
3269 2607 3454 2651 autem

1882 2709 2093 2754 mutato
2128 2700 2359 2754 minimc
2403 2714 2463 2753 se
2511 2697 2567 2752 in
2608 2697 2834 2767 pietatis
2873 2695 3025 2749 cultu
3063 2693 3176 2747 labi
3220 2690 3460 2760 putarit,

1880 2791 2136 2846 videlicet
2169 2791 2213 2845 si
2244 2805 2341 2860 pro
2369 2789 2682 2860 ὁμοουσίου,
2716 2783 3195 2848 consubstantiali,
3217 2780 3467 2851 δμοιοού-

1882 2903 2017 2952 σιον,
2041 2883 2220 2940 simile
2250 2883 2582 2949 substantia,
2631 2883 2862 2936 diceret.
2895 2879 3050 2947 Quod
3080 2891 3212 2932 sane
3246 2875 3327 2929 eis
3368 2873 3461 2944 qui

1881 2978 1935 3032 id
1982 2977 2313 3041 aitet-ebant,
2356 2974 2563 3030 rectius
2606 2973 2929 3040 certiusque
2973 2983 3098 3024 esse
3131 2966 3320 3022 visum
3351 2973 3458 3018 est.

1883 3069 2238 3123 Aliirmabant
2288 3082 2547 3135 namque,
2602 3065 2707 3118 uisi
2760 3063 2885 3132 quis
2931 3061 3037 3133 hoc
3085 3060 3167 3114 sic
3216 3057 3452 3121 diceret,

1803 3179 1846 3238 ο
1882 3159 2191 3231 periculum
2224 3157 2424 3212 deinde
2465 3170 2610 3221 esse,
2649 3170 2717 3210 ne
2766 3166 2969 3222 corpus
3000 3166 3129 3206 esse
3178 3148 3327 3218 quod
3367 3146 3457 3201 in-

1881 3266 2215 3322 corporeum
2266 3259 2351 3305 est
2391 3259 2447 3303 et
2478 3250 2690 3305 diceret
2731 3258 2785 3303 et
2822 3246 3076 3302 sentiret.
3120 3242 3177 3297 Id
3220 3256 3354 3297 sane
3396 3248 3460 3295 ut

1882 3339 2229 3408 stupiditatis
2284 3339 2529 3409 plenum,
2562 3338 2753 3393 multis
2802 3335 3098 3391 ridiculum
3136 3334 3316 3388 visum
3348 3338 3454 3387 est.

1880 3430 2152 3487 Caeterum
2210 3431 2344 3486 illud
2396 3446 2490 3486 eos
2531 3431 2679 3487 scire
2714 3430 3028 3499 oportebat,
3057 3426 3208 3497 quod
3243 3438 3450 3485 rerum,

1880 3542 2017 3597 quas
2044 3534 2230 3580 mente
2280 3534 2334 3580 et
2386 3523 2747 3594 intelligentia
2778 3522 3242 3589 contemplamu-r,
3277 3517 3460 3571 nomi-

1882 3636 1950 3675 na
1982 3635 2011 3673 a
2041 3620 2207 3674 rebus
2266 3617 2667 3686 apparentibus
2694 3630 2793 3685 per
2827 3612 3325 3682 transumptionem
3363 3624 3463 3663 ne-

1881 3713 2128 3768 cessario
2168 3712 2543 3781 accipiuntur.
2599 3708 2756 3774 Quod
2812 3723 2946 3762 vero
2995 3714 3179 3776 potest
3227 3719 3351 3759 esse
3403 3693 3468 3756 inf

1882 3804 2209 3861 nominibus
2242 3804 2572 3874 perieulum,
2605 3817 2735 3857 cum
2765 3801 2828 3855 in
2857 3800 2975 3869 ipsa
3004 3798 3367 3868 intelligentia
3403 3807 3460 3849 et

1884 3910 2071 3953 mente
2116 3897 2305 3969 nullus
2331 3897 2405 3950 sit
2433 3897 2622 3965 lapsus
2644 3905 2700 3950 et
2737 3892 2936 3948 error?
2962 3890 3089 3946 [nde
3122 3892 3292 3944 etiam
3321 3903 3458 3943 eon-

1877 3990 2055 4061 jicere
2082 4000 2188 4051 ρει,
2219 4002 2476 4058 maguum
2528 3986 2683 4041 illum
2716 3986 2770 4040 in
2802 3983 3073 4052 theologia
3100 3983 3456 4051 Gregorium,

1882 4084 1936 4137 in
1969 4082 2085 4136 suis
2115 4081 2169 4134 in
2199 4080 2479 4134 lulianum
2507 4078 2798 4133 invectivis
2830 4076 3204 4137 orationibus,
3241 4074 3372 4129 dum
3400 4076 3455 4128 iu

1884 4173 2164 4229 laudando
2204 4172 2533 4228 Constantio
2570 4181 2731 4226 totus,
2750 4179 2857 4234 est,
2889 4186 2998 4223 non
3034 4168 3232 4233 iniuria
3265 4167 3461 4221 miriﬁ—

1882 4264 1966 4325 cis
2009 4283 2136 4322 eum
2184 4281 2385 4321 ornare
2433 4265 2746 4333 praeconiis,
2793 4261 3169 4333 pietatemque
3219 4261 3339 4331 ejus
3380 4260 3459 4313 ita

1880 4362 2281 4431 deprmdicare,
2334 4370 2395 4414 ut
2451 4360 2626 4421 illum,
2684 4371 2716 4412 a
2765 4365 2943 4412 morte
2991 4355 3202 4409 scilicet
3246 4352 3457 4424 produ-

1881 4466 2056 4520 ctum,
2094 4455 2352 4525 angelicae
2406 4453 2571 4508 etiam
2613 4453 2844 4506 virtutes
2878 4449 3163 4518 stipantes,
3192 4449 3457 4515 novisque

1808 4545 1854 4603 ι)
1881 4557 1935 4601 et
1977 4547 2320 4601 admirandis
2350 4545 2690 4598 honorantes
2722 4541 3088 4605 carminibus,
3119 4541 3232 4594 sint
3264 4555 3451 4608 prose-

1879 4648 2023 4692 cuta:
2051 4654 2064 4690 :
2106 4637 2274 4691 sicuti
2301 4635 2355 4689 in
2381 4635 2490 4689 ﬁne
2518 4634 2650 4688 tomi
2678 4634 2843 4703 hujus
2870 4648 3234 4701 exponemus.
3262 4630 3452 4699 Neque

1881 4730 2084 4784 mirum
2131 4728 2306 4783 videri
2360 4727 2550 4790 debet,
2585 4728 2997 4813 imperatorem.
3030 4739 3216 4777 rerum
3272 4723 3453 4777 admi-

1878 4819 2211 4874 nistratione
2232 4827 2587 4888 occupatum,
2616 4830 2942 4886 magnorum
2974 4815 3258 4871 hominum
3285 4828 3453 4867 suasu

1876 4914 2111 4968 verbum
2144 4892 2251 4967 hoc
2278 4912 2611 4980 approbasse
2641 4926 2655 4964 :
2706 4907 2870 4979 730
2896 4907 3117 4976 quando
3147 4906 3305 4960 multi
3341 4915 3455 4959 tum

1877 5021 1948 5061 ex
1971 5005 2146 5060 sacris
2171 5006 2310 5060 viris
2338 5006 2523 5057 animo
2551 5017 2605 5057 et
2649 5000 2930 5056 sententia
2957 5000 3184 5055 Nicaeno
3209 4997 3452 5068 dogmati

1880 5098 2273 5160 assentientes,
2297 5097 2434 5149 citra
2457 5094 2874 5150 contentionem
2887 5107 3108 5147 omnem
3127 5091 3467 5155 simpliciter.

1881 5192 1934 5246 id
1961 5206 2186 5262 quoque
2212 5185 2699 5257 receperc.Aiiqui
2735 5195 2921 5239 autem
2954 5184 3092 5238 nihil
3129 5199 3358 5255 prorsus
3386 5185 3454 5237 de

1878 5294 2118 5354 utraque
2157 5282 2404 5337 dictione
2435 5284 2783 5350 suspicantes
2812 5277 3051 5342 sinistri,
3089 5294 3199 5331 uno
3232 5274 3463 5330 eodem?

1878 5393 1987 5445 que
2027 5389 2192 5429 sensu
2230 5372 2331 5441 pia:
2384 5373 2670 5427 sententia:
2721 5372 3050 5426 alterutrum
3085 5379 3446 5436 usurparunt.

1876 5466 2031 5523 Unde
2060 5466 2194 5519 illud
2220 5464 2354 5518 satis
2377 5471 2614 5527 constat,
2634 5471 2907 5516 tumorem
2936 5476 3147 5514 merum
3176 5470 3231 5514 et
3249 5460 3445 5513 fastum

1874 5573 2018 5624 esse,
2069 5556 2215 5626 quod
2246 5555 2438 5609 Ariani
2491 5571 2594 5610 suo
2620 5555 2883 5610 videlicet
2911 5552 3203 5608 commodo
3235 5552 3448 5605 conﬁu-

1875 5663 2025 5703 xere.
2063 5648 2234 5702 Aiunt
2262 5647 2432 5709 enim,
2462 5656 2584 5717 post
2614 5657 2989 5703 trecentorum
3026 5647 3216 5700 decem
3243 5654 3299 5698 et
3323 5652 3450 5696 octo

1877 5750 2196 5796 sanctorum
2231 5739 2453 5794 Patrum
2493 5755 2848 5804 eonventmu,
2879 5741 3172 5809 episcopos
3224 5737 3448 5800 multos,

1876 5836 1935 5889 in
1964 5833 2166 5902 quibus
2192 5832 2359 5886 etiam
2395 5831 2664 5888 Eusebius
2694 5843 2751 5889 et
2775 5833 3055 5903 Theognis
3080 5831 3301 5902 Bttbyui
3331 5830 3450 5883 lue-
