3990 6502
434 427 530 492 311

1704 424 2130 490 NlCEi’HORI
2173 423 2517 485 CALLISTI

3590 410 3687 484 312

437 543 575 606 rint,
623 544 869 602 noluisse
905 547 1104 604 Filium
1135 548 1429 620 ὁμοούσιον
1474 537 2007 601 consubstantialem
2041 564 2051 590 λ

2152 534 2193 600 ιῆ
2248 533 2430 605 ἔριδος
2484 539 2787 609 γενομένης
2851 544 3140 610 ἐντεῦθεν,
3196 545 3272 607 ὡς
3333 537 3555 612 ἀχρείου
3600 540 3703 619 τοῦ·

440 635 589 691 l'atri
625 637 830 704 dicere,
861 657 985 695 cum
1023 642 1243 710 quidem
1296 639 1542 695 formula:
1595 637 1716 690 fidei
1777 630 2021 688 subscri-

444 731 706 798 psissent.
739 732 953 798 Quibus
981 750 1315 790 succensens
1366 730 1787 792 Constantinus,
1822 723 2020 780 exsilio

441 839 544 879 eos
572 826 846 880 utar-tarit.
874 826 933 880 ln
976 827 1188 882 somnis
1230 836 1413 881 autem
1450 822 1806 893 imperatoris
1839 818 2016 873 sorori

443 916 714 971 divinitus
767 920 996 974 oraculo
1041 927 1327 973 ostensum
1374 934 1520 977 esse,
1556 917 1744 985 inique
1791 912 1915 966 illos
1964 912 2020 964 in

441 1010 700 1065 exsilium
757 1021 934 1077 actos,
980 1012 1076 1080 qui
1139 1020 1291 1066 recte
1332 1010 1401 1065 de
1468 1011 1579 1064 Deo
1632 1009 2019 1077 opinarentur.

438 1103 621 1172 Atque
669 1102 871 1159 deinde
900 1114 1195 1159 revocatos
1220 1119 1318 1157 eos
1350 1104 1747 1171 imperatorem
1785 1099 2023 1151 interro-

444 1212 626 1265 gassc,
665 1213 893 1251 rurnam
946 1200 1018 1251 ita
1050 1196 1212 1250 aliter
1243 1210 1404 1265 qtnam
1439 1192 1685 1265 synodus
1713 1189 2022 1244 statuisset.

447 1289 746 1351 sentirent,
766 1289 860 1359 qui
909 1289 1307 1359 suifragatores
1329 1296 1386 1342 et
1414 1284 1714 1355 participes
1740 1280 2029 1351 scripturae

445 1395 744 1451 rerumque
777 1380 1008 1433 aliarum
1040 1380 1095 1433 in
1122 1394 1188 1433 ea
1219 1377 1477 1432 fuissent.
1530 1376 1708 1444 Atque
1771 1373 1902 1427 illos
1936 1387 2028 1426 re-

451 1474 773 1541 SilOlldlSSC,
809 1490 919 1527 non
956 1489 1020 1526 ex
1045 1470 1215 1527 animi
1251 1470 1529 1525 sententia
1575 1484 1632 1523 se
1677 1467 1920 1521 decretis
1948 1465 2030 1519 eis

448 1569 777 1622 assensisse.
813 1567 1092 1635 Timorem
1139 1565 1287 1621 enim
1325 1580 1420 1620 eos
1452 1562 1743 1623 invasisse,
1796 1576 1865 1614 ne
1897 1576 2032 1614 conv

448 1656 702 1709 tentione
730 1673 790 1710 ca
819 1657 886 1711 de
915 1672 973 1719 re
1001 1665 1144 1719 orta,
1167 1656 1470 1724 imperator
1503 1653 1622 1723 ipse
1656 1667 1684 1704 a
1713 1649 2032 1706 Christiano

449 1747 705 1816 dogmate
735 1747 880 1800 veiut
899 1746 1082 1801 inutili
1107 1755 1163 1800 et
1189 1753 1552 1798 controverso
1574 1741 1862 1804 deficeret,
1881 1748 1937 1793 et
1963 1736 2031 1790 ad

2124 628 2399 694 δόγματος
2454 633 2766 703 ἀπόσχηται
2812 637 3017 707 κράτος
3056 640 3118 692 τδ
3154 639 3267 705 σὸν,
3296 638 3396 692 καὶ
3437 635 3567 705 πρὸς
3601 633 3691 704 τὴν

2126 723 2401 793 προτέραν
2462 726 2780 792 ἑπανέλθοις
2840 731 3051 797 πίστιν,
3110 730 3239 802 χθὲς
3296 729 3394 784 καὶ
3440 732 3694 799 πρότριτα

2125 817 2538 885 Χριστιανίζειν
2578 821 2925 892 ἀρξάμενος,
2956 827 3053 879 καὶ
3077 826 3136 878 ού
3168 825 3314 878 πάνυ
3344 823 3533 892 πόρρω
3559 819 3697 874 τελε-

2128 909 2278 973 σθεὶς
2306 910 2384 981 τῷ
2408 911 2773 983 βαπτίσματι,
2795 915 3036 985 διώκτης
3062 916 3305 982 μάλιστα
3338 913 3698 984 μετατραπεὶς

2127 1002 2330 1071 γένοιο.
2358 1005 2438 1057 "‘A
2462 1004 2580 1067 δῆτ’
2615 1007 2928 1062 ἀκούσαντα
2956 1010 3396 1067 Κωνσταντῖνον,
3421 1004 3578 1057 λῦσαι
3612 1003 3701 1069 μὲν

2126 1094 2228 1165 τὴν
2282 1096 2591 1167 ὑπερορίαν
2624 1098 2880 1163 ἐκείνοις,
2917 1100 3231 1168 συγγνῶναι
3266 1098 3322 1151 δὲ
3373 1096 3475 1166 τῆς
3506 1098 3702 1149 οἰκονο-

2132 1190 2290 1256 μίας·
2322 1188 2410 1242 διὰ
2448 1190 2680 1260 μελέτης
2715 1192 2761 1244 δ’
2784 1191 2931 1262 ἔχειν
2955 1193 3176 1246 σύνοδον
3197 1188 3474 1261 ἁθροὲζειν
3501 1188 3702 1255 ἑτέραν.

2135 1280 2203 1332 Ὃ
2239 1280 2377 1350 δῆτα
2407 1280 2734 1351 βουλόμενον
2757 1283 2913 1354 δρᾷν,
2947 1285 3175 1353 ἀνέσχεν
3202 1285 3234 1353 ἠ
3267 1281 3519 1350 τελευτή.
3562 1281 3707 1332 Κων-

2135 1372 2368 1444 σταντίῳ
2406 1372 2701 1439 δὲ,ὡσανεὶ
2748 1376 3114 1447 πρεσϐυτέρῳ
3144 1376 3253 1429 τῶν
3289 1373 3524 1436 παίδων,
3553 1370 3708 1423 ἐντεί-

2132 1465 2327 1519 λασθαι
2363 1467 2537 1537 πέρας
2580 1468 2659 1539 τῷ
2714 1469 2904 1541 σκοπῷ
2941 1469 3262 1524 ἐπιθέσθαι⁹
3304 1448 3446 1537 μηδὲ
3497 1464 3604 1534 γὰρ
3649 1462 3709 1517 ἂν

2133 1560 2235 1628 τὴν
2291 1560 2592 1639 θρησκείαν
2649 1563 2882 1633 ὠφελεῖν
2924 1564 3132 1632 ἔλεγεν,
3194 1563 3245 1616 εί
3290 1562 3365 1632 μὴ
3427 1560 3710 1628 σύμφωνος

2138 1655 2289 1724 παρὰ
2320 1655 2539 1709 πάντων
2574 1657 2686 1726 εἴη.
2723 1657 2828 1709 Τὸν
2857 1657 2915 1711 δὲ
2942 1658 3010 1710 τὰ
3053 1656 3416 1726 ὲντελλόμενα
3444 1655 3522 1721 τῷ
3556 1650 3712 1720 πατρὶ

2142 1744 2217 1813 μὴ
2256 1744 2619 1819 παραϐαίνειν
2650 1745 2929 1812 ἐθέλοντα,
2978 1744 3077 1815 τὴν
3104 1747 3161 1799 ἐν
3208 1743 3475 1815 ’Δριμίνῳ
3510 1739 3712 1793 σθνοδον

451 1839 741 1908 pristinam
776 1838 1121 1893 relaberctur
1158 1837 1611 1907 superstitionem
1652 1852 1665 1887 :
1700 1834 1793 1903 qui
1827 1831 1941 1886 heri
1975 1839 2031 1884 et

2152 1837 2543 1908 συγκροτῆσαι.
2593 1839 2671 1892 Δι’
2705 1837 2765 1892 οὗ
2797 1838 2959 1904 λόγου
2989 1838 3228 1908 μάλιστα
3274 1835 3593 1905 εὐφώρατον
3615 1835 3715 1895 τοῖς

453 1931 889 1996 nudiustertius,
929 1940 990 1985 ut
1035 1930 1260 1988 dicitur.
1296 1926 1650 1984 Christianus
1680 1940 1800 1980 esse
1829 1924 2029 1993 coepis-

455 2031 560 2089 set,
592 2031 647 2077 et
670 2039 775 2078 non
795 2024 870 2078 ita
889 2023 1106 2093 pridem
1128 2022 1405 2094 baptismo
1436 2021 1690 2077 initiatus
1714 2019 1911 2073 fuisset
1931 2019 2032 2088 (l),

456 2115 803 2186 proindeque
853 2116 1089 2172 consilio
1146 2125 1357 2170 mutato
1407 2123 1734 2183 persecutor
1766 2110 2039 2166 Christia-

455 2220 653 2259 norum
692 2204 868 2260 fieret.
896 2205 1111 2273 Quibus
1135 2206 1319 2260 verbis
1348 2204 1580 2266 auditis,
1611 2203 2037 2258 Constantinum

459 2299 715 2353 exsilium
748 2299 978 2367 quidem
1016 2299 1125 2354 illis
1153 2298 1458 2362 remisisse,
1491 2298 1877 2366 rationemque
1908 2312 2042 2350 con-

464 2388 578 2441 silii
610 2398 666 2442 et
700 2387 827 2443 facti
855 2405 1048 2444 eorum
1079 2389 1474 2461 comprobasse
1505 2431 1520 2455 ,
1554 2389 1878 2444 meditatum
1909 2403 2042 2443 vero

461 2494 610 2544 esse,
647 2491 704 2533 ut
737 2480 1013 2551 synodum
1045 2480 1208 2535 aliant
1252 2490 1494 2551 cogeret.
1546 2482 1725 2551 Atque
1754 2480 1809 2534 id
1865 2481 2045 2535 facere

464 2572 1026 2638 volt-tutent,mortem
1074 2573 1418 2644 impediisse.
1451 2572 1777 2629 Constantio
1835 2582 2046 2644 autem,

466 2673 530 2716 ut
557 2663 797 2720 filiorum
829 2674 960 2720 natu
991 2665 1256 2734 maximo,
1287 2676 1344 2720 ut
1372 2666 1667 2721 consilium
1699 2664 1753 2719 id
1783 2680 2047 2733 exseque-

467 2768 645 2824 retur,
701 2758 1051 2815 mandasse:
1110 2759 1258 2830 quod
1310 2774 1438 2815 cum
1502 2750 1737 2821 diceret,
1797 2758 2047 2813 divinum

471 2852 682 2906 cultum
717 2852 859 2907 nihil
898 2853 1160 2923 prodesse
1203 2854 1309 2908 nisi
1365 2853 1435 2906 ab
1483 2852 1743 2908 onmihus
1776 2868 1887 2907 uno
1920 2844 2053 2907 cou-

470 2955 638 2996 sensu
671 2941 1002 3009 deferretur,
1027 2942 1248 3000 dixerit.
1271 2944 1503 2998 Proinde
1532 2943 1680 2999 hunc
1708 2944 1879 3012 patris
1900 2945 2053 3015 jussa

474 3035 787 3106 transgredi
820 3036 1127 3103 nolentem,
1161 3036 1512 3091 Ariminense
1562 3035 1829 3092 indixisse
1870 3036 2058 3092 conci—

473 3127 632 3182 lium.
696 3127 804 3182 Sed
849 3127 1092 3197 figmenti
1158 3127 1321 3182 istius
1380 3125 1755 3190 mendacium,
1792 3128 2054 3198 prudenti

2146 1932 2383 1983 συνιεῖσι
2420 1931 2479 1983 τὸ
2508 1928 2603 1984 τοῦ
2644 1930 2970 2001 πλάσματος
3002 1931 3196 2001 ψεῦδος
3226 1930 3543 1998 συνάγεται.
3575 1926 3717 1996 1]ρῶ-

2144 2041 2237 2077 τον
2266 2021 2377 2094 γὰρ
2424 2022 2544 2087 ἔτος
2592 2025 2686 2077 καὶ
2738 2023 2989 2078 εἰκοστὸν
3031 2026 3098 2095 τῇ
3140 2025 3286 2094 ἀρχῇ
3350 2022 3717 2081 Κωνστάντιος

2144 2116 2335 2186 ἤνυεν,
2385 2114 2549 2183 ἡνίκα
2608 2115 2642 2187 ἡ
2693 2116 2754 2168 ὲν
2804 2113 3074 2186 Ἀριμίνῳ
3134 2116 3431 2167 συνίστατο
3492 2109 3716 2174 σύνοδος,

2152 2208 2361 2261 πολλῶν
2416 2207 2592 2261 ἄλλων
2635 2208 2872 2263 συνόδων
2918 2208 3312 2278 γεγενημένων
3373 2206 3451 2277 τῷ
3506 2202 3717 2275 μεταξὺ.

2150 2301 2208 2352 ὲν
2248 2293 2337 2362 αἷς
2386 2297 2694 2370 μάλισταὴ
2743 2297 2837 2351 τοῦ
2869 2299 3159 2368 ὁμοουσίου
3207 2297 3440 2370 ζήτησις
3498 2295 3720 2365 ἐγυμνά-

2153 2391 2297 2456 ζετο,
2331 2392 2428 2445 καὶ⁵
2475 2389 2571 2444 τοῦ
2617 2376 2983 2460 ὁμοιοουσίου.
3020 2389 3160 2445 Κατ’
3215 2388 3414 2444 οὗσίαν
3445 2388 3504 2442 δὲ
3550 2389 3722 2454 ὅμοιον

2152 2484 2229 2552 τῷ
2263 2484 2441 2554 Πατρὶ
2496 2483 2587 2537 τὸν
2630 2483 2757 2537 Υίὸν
2803 2483 3052 2550 δοξάζειν
3108 2483 3465 2537 παντάπασιν
3497 2480 3721 2539 ἅπαντες

2154 2577 2529 2645 ἐξετρέποντο,
2567 2576 2765 2646 μέχρις
2795 2577 2919 2630 ὅτου
2958 2577 2986 2628 ὁ
3014 2576 3184 2645 Σύρος
3220 2575 3434 2637 ’Λέτιος
3470 2574 3594 2643 περὶ
3612 2569 3724 2624 τού-

2155 2688 2253 2723 του
2293 2656 2550 2741 χαλεπῶς
2581 2667 2802 2738 διετέθη
2830 2684 2845 2701 °
2881 2670 2950 2721 δι’
2979 2669 3038 2722 ὃν
3067 2668 3228 2722 τοῦτο
3259 2669 3448 2731 κακῶς
3477 2666 3723 2737 δογματί-

2160 2766 2343 2830 ζοντα,
2376 2763 2519 2816 κατά
2548 2762 2638 2814 τὸν
2669 2762 2832 2815 αὑτὸν
2862 2762 3057 2833 χρόνον
3088 2762 3426 2832 προστάττει
3457 2759 3727 2814 Κωνστάνο

2159 2871 2296 2919 τιος,
2330 2852 2388 2906 ἓν
2417 2871 2473 2906 τε
2512 2853 2779 2926 Ἀριμίνῳ
2812 2854 2907 2907 καὶ
2938 2851 3239 2924 Σελευκείᾳ
3270 2853 3403 2914 τοὺς
3428 2845 3722 2917 ἁπανταχοῦ

2163 2946 2439 3001 συνελθεῖν
2469 2948 2670 3015 ἱερέας,
2703 2946 2801 3016 τὴν
2826 2946 3087 3013 τοιαύτην
3116 2947 3521 3017 ἀναιρήσοντας
3551 2943 3722 3008 δόξανο

2160 3041 2237 3104 ὡς
2277 3036 2418 3093 εἶναι
2448 3041 2582 3094 πᾶσι
2611 3041 2950 3110 καταφανὲς,
2991 3040 3067 3111 μὴ
3103 3039 3170 3093 δι’
3198 3040 3226 3092 ὃ
3268 3040 3544 3109 Ἀρειανοὶ
3573 3052 3727 3091 κατα·

2163 3133 2471 3204 ψεύδονται,
2523 3133 2622 3205 τὴν
2665 3134 2724 3185 ὲν
2774 3133 3043 3203 ’Δριμίνῳ
3096 3131 3326 3185 σύνοδον
3375 3128 3729 3200 συγκροτῆσαι

474 3220 639 3277 facile
677 3231 763 3275 est
804 3220 1250 3291 deprehendere.
1275 3218 1590 3276 Vicesimus
1639 3223 1790 3276 enim
1819 3223 2051 3292 ~primus

2164 3229 2573 3293 Κωνστὰντιον,
2624 3224 2764 3280 ἀλλὰ
2801 3226 2870 3281 δι’
2900 3220 2976 3281 ὧν
3016 3225 3206 3288 κακῶς
3269 3224 3524 3292 ἐδόξαζεν
3556 3225 3583 3276 ό
3626 3216 3730 3273 Ἀὄι

477 3313 703 3382 λωβεΓῆ
728 3312 1039 3370 Constantii
1075 3330 1255 3368 annus
1300 3323 1423 3368 erat
1481 3314 1584 3382 (2),
1634 3330 1760 3370 cunt
1812 3316 2051 3387 synodus

2156 3336 2296 3381 τιος.
2336 3320 2446 3372 Καὶ
2471 3320 2554 3374 ὅτι
2600 3317 2756 3373 ταῦτ’
2788 3318 2992 3387 ἀληθῆ,
3029 3317 3333 3388 προϊούσης
3380 3317 3479 3385 τῆς
3513 3312 3730 3382 ἱστορίας

480 3406 719 3460 Arimini
753 3416 945 3461 coacta
971 3416 1056 3461 est
1088 3422 1103 3461 :
1138 3406 1326 3463 multis
1361 3406 1486 3460 aliis
1526 3407 1898 3477 conventibus
1928 3416 2059 3461 ante

485 3499 541 3555 id
598 3511 817 3570 tempus
850 3501 1163 3564 celebratis,
1202 3500 1260 3554 in
1311 3500 1518 3571 quibus
1559 3500 1797 3554 maxime
1840 3502 2064 3566 quaestio

483 3595 578 3651 τοῦ
611 3594 1454 3663 époouot’ou,consubstantialis,
1482 3602 1539 3649 et
1562 3594 1656 3646 τοῦ
1691 3595 2066 3663 ὁμοιοουσίου,

491 3687 700 3742 similis
730 3689 1061 3753 substantia,
1095 3696 1180 3742 est
1209 3686 1515 3756 disputata.
1548 3686 1709 3757 731
1747 3685 2071 3742 Substantia

2165 3414 2495 3482 φανήσεται.
2536 3411 2725 3466 Ταῦτα
2768 3414 2819 3466 εί
2866 3413 2963 3465 καὶ
3009 3412 3567 3482 παρεκόατικώτερον
3595 3409 3734 3477 είρη-

2167 3521 2282 3568 ται,
2340 3505 2454 3558 ἀλλ’
2486 3502 2581 3559 οὗν
2609 3504 2686 3568 ὡς
2727 3508 2793 3576 τῇ
2854 3507 2996 3576 μετά
3045 3508 3238 3577 χεῖρας
3289 3503 3641 3575 πραγματείᾳ
3681 3498 3733 3550 τὸ

2175 3596 2472 3668 σύμφωνον
2528 3600 2748 3670 ἔχοντα,
2782 3602 3063 3669 ἀναγκαῖά
3118 3618 3212 3672 μοι
3261 3598 3568 3668 κατεφάνη.
3606 3588 3730 3645 Ἀλλ’

2176 3690 2464 3745 ἐπανιτέον
2493 3693 2619 3747 ὅθεν
2658 3693 2952 3764 ἐξέϐημεν.
3084 3683 3088 3687 ί

490 3793 672 3838 autem
726 3784 963 3837 similem
1017 3783 1093 3853 (5)
1144 3784 1293 3838 Patri
1342 3781 1543 3836 Filium
1582 3782 1808 3843 docere,
1870 3796 2065 3838 omnes
2105 3788 2336 3842 omnino
2409 3798 2741 3854 renuerunt,
2784 3786 2964 3843 donec
2993 3787 3187 3843 Aetius
3217 3785 3395 3858 Syrus
3421 3784 3525 3838 hac
3588 3778 3652 3833 de
3680 3787 3732 3827 re

491 3890 783 3945 perperam
822 3878 998 3932 sensit
1030 3894 1043 3932 :
1079 3886 1304 3945 propter
1342 3889 1531 3944 quem,
1565 3873 1710 3942 quod
1760 3872 1902 3927 male
1977 3874 2240 3944 opinans,
2276 3883 2404 3932 'non
2473 3879 2674 3935 melius
2695 3878 2946 3938 doceret.
2975 3879 3171 3933 eodem
3201 3885 3456 3947 tempore
3514 3864 3730 3939 Arimini

493 3978 547 4023 et
574 3970 844 4026 Seleuciae
868 3971 1224 4025 Constantius
1250 3984 1443 4025 omnes
1473 3968 1848 4037 undequaque
1891 3970 2183 4041 episcopos
2246 3974 2547 4029 convenire
2609 3975 2796 4044 jussit,
2829 3974 3149 4044 opinionem
3180 3970 3454 4043 ejusmodi
3515 3962 3735 4021 abolitu-

494 4080 610 4119 ros.
652 4063 721 4119 Ut
744 4064 858 4135 jam
887 4063 1153 4118 omnibus
1192 4062 1407 4131 liquido
1438 4070 1645 4133 pateat,
1682 4059 2074 4117 Constantium
2114 4079 2226 4118 non
2261 4064 2334 4118 ob
2400 4080 2525 4119 eam
2602 4081 2768 4136 quam
2818 4064 3009 4120 Ariani
3061 4063 3315 4119 ementiti
3349 4070 3480 4117 sunt
3509 4066 3734 4115 causam.

501 4161 913 4217 Ariminensem
989 4161 1292 4216 instituisse
1354 4157 1651 4230 synodum,
1731 4157 1827 4212 sed
1889 4168 2114 4229 prepter
2153 4160 2500 4230 opinionem,
2552 4177 2715 4230 quam
2776 4161 2974 4216 Aetius
3032 4171 3325 4228 perperam
3409 4154 3735 4224 vulgaverat.

497 4260 679 4325 Atque
732 4255 846 4309 haac
882 4270 1007 4309 vera
1045 4270 1167 4309 esse
1199 4254 1432 4309 historia
1483 4252 1791 4323 procedens
1859 4253 2184 4310 declarabit.
2210 4256 2411 4334 ’Porro
2485 4257 2623 4323 ista,
2666 4256 2922 4327 quamvis
2974 4268 3073 4324 per
3125 4251 3551 4323 digressionem.
3594 4255 3741 4312 θιέυ·

499 4363 688 4409 mento
738 4360 921 4406 tamen
957 4351 1218 4410 instituto
1269 4358 1666 4414 consentanea,
1700 4349 2018 4407 necessario
2053 4363 2083 4403 a
2123 4365 2212 4405 me
2278 4360 2408 4405 sunt
2478 4352 2750 4421 exposita.
2804 4349 2913 4405 Sed
2959 4363 3048 4412 eo,
3080 4346 3232 4403 unde
3280 4343 3627 4403 divertimus,
3668 4351 3741 4388 re-

501 4459 751 4508 deamus.
1190 4461 1193 4463 '

2763 4552 3015 4608 ΚΕΦΑΛ.
3058 4550 3190 4606 KA'.

2207 4675 2308 4738 Ὠς
2342 4667 2491 4740 μετὰ
2518 4684 2553 4721 τ’
2630 4681 2699 4740 εν
2751 4661 3018 4740 Σαρδικῇ
3056 4660 3624 4740 ἀπειλαῖς-Κώηιζςα
3652 4652 3745 4740 τοᾷ

2268 4729 2573 4806 Κάίσαρος
2651 4736 2769 4788 ὑπὸ
2831 4729 3264 4806 Rati-attention
3327 4729 3745 4806 idrsxlridqcrqr

2543 4788 2697 4873 ²περὶ
2727 4805 2975 4876 Παῦλον
3000 4804 3096 4856 καὶ
3117 4804 3510 4876 Ἀθανάσιονι
3540 4788 3633 4851 καὶ
3664 4788 3748 4847 οἷα

2268 4874 2539 4951 ἔγραψεν
2582 4875 2912 4941 Ἀθανασίῳ
2940 4874 3385 4939 Κωνστάντιος.

1084 4572 1309 4629 CAPUT
1349 4571 1492 4626 XXI.
2113 4573 2155 4627 Ι)

509 4686 577 4749 Ut
624 4700 737 4760 post
768 4689 1135 4760 Sardicensem
1158 4683 1612 4760 synodummtinis
1637 4678 1942 4760 Constantis
1977 4677 2089 4760 Crte:

576 4750 716 4815 stiria
745 4762 1027 4818 adductus,
1066 4750 1411 4810 Constantius
1460 4754 1523 4806 ab
1555 4750 1740 4807 exsilio
1772 4751 2088 4804 revocaverit

579 4833 813 4886 Paulum
835 4841 881 4883 et
912 4830 1264 4882 Athanasium
1292 4842 1310 4878 :
1338 4836 1383 4877 et
1405 4839 1522 4893 qua:
1561 4822 1901 4879 Constantius
1925 4818 2092 4873 Atha-

580 4905 731 4957 nasio
764 4900 1056 4969 scripserit.

2278 4996 2339 5049 Ὀ
2364 4992 2474 5048 τῶν
2500 4989 2771 5060 ἑσπερίων
2798 4986 3053 5056 βασιλεὺς
3078 4985 3343 5048 Κώνστας
3370 4984 3435 5037 τὰ
3464 4984 3521 5035 ὲν
3543 4983 3606 5050 τῇ
3634 4978 3753 5043 Σαρ-

2198 5091 2323 5161 δικῇ
2369 5087 2640 5157 γενόμενα
2675 5082 2952 5148 διαγνοὺς.
2993 5080 3090 5133 δύο
3131 5080 3241 5131 τῶν
3280 5077 3588 5131 ἐπισκόπων
3627 5069 3753 5135 πέμ·

581 5014 854 5069 Constans
883 5008 1190 5065 Occidentis
1223 5007 1546 5077 imperator,
1572 5005 1712 5060 actis
1738 5001 2092 5058 Sardicensi-

511 5107 618 5162 bus
652 5104 906 5175 cognitis,
962 5101 1176 5155 duobus
1229 5099 1505 5169 episc0pis
1554 5107 1608 5152 et
1668 5096 1893 5153 Saliano
1952 5094 2094 5148 duce

516 5155 779 5272 quodam,
837 5196 1041 5267 pietate
1074 5205 1129 5247 et
1163 5192 1376 5263 juStitia
1407 5191 1558 5245 claro
1585 5189 1728 5253 viro,
1770 5187 1839 5242 ad
1869 5187 2051 5240 fratre:

2200 5155 2331 5251 φας,
2356 5155 2452 5232 καί
2476 5155 2600 5230 τινα
2630 5173 2936 5244 στρατηγόν
2953 5189 2967 5204 ο
3002 5170 3263 5234 Σαλιανὸς
3290 5169 3466 5238 τούτῳ
3490 5166 3652 5233 ὄνομα
3672 5155 3748 5261 ἦν.

519 5254 724 5353 :nissis,
898 5289 1114 5342 litteras
1166 5286 1332 5339 etiam
1369 5298 1491 5352 quae
1552 5281 1798 5336 Sardicae
1829 5287 1983 5349 gesta
2012 5292 2051 5330 e:

2203 5269 2455 5337 εὐσεϐείᾳ
2489 5267 2547 5321 δὶ
2582 5266 2678 5319 καὶ
2712 5263 3034 5334 δικαιοσύνῃ
3069 5254 3405 5332 διέλαμτὶενο
3442 5259 3641 5359 ἐγραψῖ
3669 5254 3751 5303 τὰ·

520 5394 665 5447 scnt,
692 5344 765 5436 οἱ.
791 5379 1112 5443 declaravit,
1148 5388 1202 5432 et
1234 5376 1405 5432 Paulo
1440 5384 1607 5444 atque
1646 5370 1971 5435 Athanasio,
2005 5385 2051 5437 ῳ

2204 5361 2383 5432 δελφῷ
2416 5359 2555 5429 δῆλα
2586 5357 2859 5412 ωθιστῶν
2888 5357 2958 5409 τὰ
2990 5356 3284 5424 γενόμενα.
3319 5355 3421 5408 καὶ
3442 5352 3551 5413 τοῖς
3580 5344 3752 5447 ἀδικη-

521 5478 723 5548 injnria
743 5475 923 5529 allecti
957 5473 1192 5538 fuerant,
1217 5469 1480 5526 ecclesias
1497 5482 1626 5522 suas
1656 5464 1891 5519 reddere
1914 5462 2101 5532 jussit.

524 5570 863 5625 Cutnautem
897 5566 1252 5621 Constantius
1287 5563 1491 5617 frustra
1513 5570 1732 5627 tempus
1759 5556 2101 5618 extraheret,

605 5750 682 5816 il)
723 5748 877 5818 Apud
931 5747 1147 5803 Sozam.
1200 5755 1306 5807 est,
1360 5746 1457 5798 ml.
1502 5743 1580 5796 ἔτι
1631 5741 1972 5818 ἀΰάπτιστρς
2007 5736 2104 5800 ὢν,

530 5809 803 5945 ιιοο’ῗ3ί,
872 5830 919 5874 et
990 5820 1221 5873 nondum
1288 5817 1586 5884 baptizatus
1650 5822 1806 5875 esset,
1868 5809 1964 5864 lib.
2026 5823 2106 5867 ιιι,

530 5904 650 5951 03D.
760 5929 773 5943 .

594 5906 650 5963 p.
691 5906 773 5945 tu.

2206 5456 2347 5510 θεῖσι
2399 5452 2598 5522 Παύλῳ
2648 5452 2742 5503 καὶ
2787 5448 3096 5518 Ἀθανασίῳ
3145 5448 3246 5509 τὰς
3300 5447 3435 5506 ίδίας
3484 5434 3753 5529 ἐκκλησίας

2209 5545 2396 5615 νέμειν
2440 5539 2858 5612 παρεκελεύετο.
2898 5540 3054 5593 Ἐπεὶ
3093 5536 3139 5591 δ’
3163 5541 3195 5599 ὁ,
3239 5535 3605 5607 Κωνστόιντιος
3644 5527 3752 5586 εἱκή

2285 5731 2362 5797 (‘2)
2399 5729 2619 5782 SOzom.
2646 5726 2919 5780 vicesimus
2945 5724 3251 5797 secundus,
3455 5788 3465 5797 ι
3629 5781 3640 5791 ,

2401 5776 3587 5869 ἶίῘΙ-εἶυνιδνεεέοηίιυέειιύυιιι,ίὶηίεοιιαίεηιε
3627 5776 3754 5835 ium

2215 5867 2435 5942 cap.'56
2468 5867 2591 5923 eod.
