3990 6442
208 399 317 464 313

1149 400 1752 464 ECCLESIASI‘IC/E
1796 406 2190 466 HISTOBUE
2236 407 2384 467 LIB.
2428 408 2526 470 1X.

3390 408 3494 471 314

204 513 413 582 τρίϐειν
440 512 535 568 τὸν
561 512 753 584 χρόνον
782 514 989 584 ᾑρεῖτο,
1021 513 1179 575 αὖθις
1209 514 1441 585 γράφων
1471 514 1728 587 παρῄνει,
1758 516 1791 587 ἢ

1916 520 2006 575 ilia
2040 521 2272 589 epistola
2315 522 2365 575 ei
2399 519 2674 575 Constans
2717 519 2945 586 institit,
2979 498 3410 575 utautPaulum
3443 533 3499 576 et

205 603 614 675 δέχεσθαι⁹τοὺς
646 605 773 675 περὶ
807 605 1017 658 Παῦλον
1044 606 1140 659 καὶ
1168 606 1515 672 ’Δθανάσιον,
1548 610 1643 661 καὶ
1669 609 1797 669 τοὺς

211 699 374 760 ίδῖους
405 697 713 752 ἀποδιδόναι
744 697 968 768 θρόνους
989 714 1004 730 ο
1037 697 1070 768 ἢ
1106 698 1181 770 μὴ
1210 697 1345 768 δρᾷν
1371 697 1514 750 οὔτω
1546 697 1795 762 θέλοντα,
1880 696 1885 701 ’

212 793 349 862 πρδς
397 790 631 861 πόλεμον
665 793 1160 862 παρασκευαστέον
1195 786 1358 845 εἶναι.
1401 791 1460 843 '0
1499 789 1545 843 δ’
1571 790 1801 843 smaer-

216 901 337 947 ποις
364 885 474 936 τισὶ⁸
504 885 913 955 κοινωσάμενος
945 884 1045 954 τὴν
1076 883 1299 954 βουλὴν,
1332 883 1558 953 ἄμεινον
1588 881 1801 951 ἔφασαν

212 980 415 1032 ἐκεῖνοι
453 977 758 1047 ’Δθανασίῳ
804 979 1162 1048 παραχωρεῖν
1210 976 1319 1029 τῶν
1367 975 1714 1047 ἐκκλησιῶν,
1766 976 1799 1046 ἢ

211 1070 503 1140 ἐμφυλίοις
535 1064 911 1141 διακρίνεσθαι
950 1070 1177 1141 μάχαις.
1211 1069 1370 1123 Οὕτω
1403 1067 1450 1121 δ’
1476 1069 1571 1123 ἐπὶ
1598 1066 1803 1133 λέξεως

208 1165 290 1234 τῷ
327 1166 558 1235 Κώνστᾳ
588 1159 731 1234 εἶχεν
756 1164 791 1234 ὴ
823 1163 1081 1233 ἐπιστολὴ
1108 1161 1502 1225 Λακωνίζουσα
1528 1178 1542 1192 ·
1580 1179 1599 1213 ι
1642 1159 1806 1213 Ἀθα-

210 1259 400 1316 victo;
430 1249 561 1327 ἧκεν
590 1254 665 1319 ὡς
695 1256 865 1325 ἡμᾶς,
893 1255 1073 1323 ἐαυτῷ
1104 1255 1414 1325 προσήκειν
1444 1255 1545 1327 τὴν
1578 1257 1801 1308 ἐπισκο-

212 1350 333 1420 πὴν
371 1348 782 1419 Ἀλεξανδρείας
835 1348 1181 1409 ἀποδεικνύς.
1236 1332 1570 1419 Τυγχανὲτω
1620 1348 1805 1403 τοίνυν

210 1442 306 1494 διὰ
340 1440 433 1495 σοῦ
462 1441 663 1512 ταύτης
693 1456 708 1473 ο
742 1441 837 1495 ἐπὶ
866 1443 980 1503 τοῖς
1010 1443 1162 1510 ἐμοῖς
1193 1457 1258 1508 γε
1291 1440 1463 1511 αὐτὴν
1493 1429 1807 1511 ἀνακτήσεο

209 1550 308 1585 ται
335 1531 567 1594 ὅπλοις.»
599 1534 821 1595 Τούτοις
848 1530 895 1585 δ’
918 1531 1345 1601 ἐκϐεϐιασμένος
1397 1531 1807 1594 Κωνστάντιος,

213 1625 357 1694 πρὸς
387 1624 579 1677 ἑαυτὸν
606 1624 892 1694 δημοσίοις
924 1624 1200 1695 ὀχήμασιν
1232 1624 1419 1677 ἐκάλει
1451 1625 1543 1677 τὸν
1581 1623 1810 1678 ’Δθανά-

219 1736 358 1774 σιον.
381 1717 488 1771 Τοῦ
509 1717 553 1770 δ’
573 1717 1034 1787 ἀμφιϐάλλοντος,
1057 1716 1168 1769 τῶν
1193 1717 1301 1785 γάρ
1322 1715 1389 1769 δι’
1412 1711 1661 1777 ἐύαντίας
1682 1715 1810 1775 τοὺς

221 1805 402 1868 δόλους
430 1804 702 1869 ὑπείδετο,
732 1805 829 1858 καὶ
860 1800 1015 1867 αὖθις
1044 1806 1139 1856 καὶ
1172 1804 1433 1866 πολλάκις
1462 1806 1489 1854 ὁ
1518 1803 1810 1855 Κωνστάν-

231 1913 339 1960 τιος
365 1897 595 1966 γράφων
622 1867 963 1953 ἀνεκαλεῖτο.
1002 1895 1147 1963 Ἐγὼ
1181 1896 1233 1947 δὲ
1266 1896 1361 1947 καὶ
1386 1897 1485 1957 τὰς
1514 1894 1806 1955 ἐπιστολὰς
1843 1867 1881 1917 Β

231 1988 303 2049 είς
334 1987 681 2055 παράστασιν
715 1983 932 2055 ἐνθήσω
965 1987 1030 2056 τῇ
1068 1987 1364 2054 συγγραφῇ
1389 2000 1405 2017 ο
1445 2002 1464 2036 ι
1508 1984 1808 2037 Κωνστάν-

224 2096 338 2139 tto;
360 2078 608 2150 Νικητὴς
642 2074 952 2141 Αὔγουστος
990 2076 1299 2148 Ἀθανασίῳ
1333 2077 1643 2146 ἐπισκόπῳ.
1686 2076 1810 2129 Ἐπὶ

219 2168 359 2222 πολύ
390 2186 449 2221 σε
477 2168 907 2233 κλυδωνίζεσθαι
938 2167 1033 2220 καὶ
1061 2167 1423 2238 χειμάζεσθαι
1449 2168 1561 2230 τοῖς
1586 2167 1685 2236 τῆς
1713 2169 1811 2220 θα-

216 2261 426 2331 λάσσης
467 2263 669 2332 ὁμοίως
714 2265 957 2332 κύμασιν
993 2262 1210 2332 ἀγρίοις
1251 2262 1355 2315 ούκ
1393 2263 1608 2332 ἀφῆκεν
1642 2262 1677 2334 ἡ
1711 2261 1811 2333 τῆς

214 2355 494 2427 ἡμετέρας
526 2356 867 2426 ἡμερότητος
899 2354 1286 2425 φιλανθρωπία
1316 2371 1332 2385 ·
1363 2354 1726 2424 γυμνωθέντα
1753 2370 1812 2407 σε

214 2449 320 2518 τῆς
355 2446 613 2517 πατρῴας
639 2450 846 2514 ἑστίας,
872 2448 973 2501 καὶ
1004 2450 1344 2519 στερηθέντα
1373 2450 1482 2502 τῶν
1512 2448 1684 2510 ίδίων,
1715 2446 1813 2501 καὶ

216 2544 581 2609 πλανωμινον
617 2542 675 2593 ἐν
711 2538 1037 2610 θηριώδεσιν
1069 2539 1347 2605 ἀνοδίαις,
1384 2540 1446 2592 ού
1482 2538 1743 2609 παρεῖδεν
1779 2539 1812 2610 ἡ

215 2635 503 2703 ἀκάματος
547 2633 709 2703 ἡμῶν
749 2634 1043 2688 εὐσέϐεια·
1088 2635 1139 2686 εἰ
1187 2638 1281 2687 καὶ
1323 2634 1391 2688 τὰ
1436 2635 1675 2705 μάλιστα
1720 2634 1814 2687 ἐπὶ

216 2728 362 2779 πολὺ
410 2726 763 2799 ὑπερεθέμην
811 2727 1025 2799 γράψαι
1070 2728 1170 2797 τὴν
1213 2727 1477 2797 πρόθεσιν
1519 2727 1621 2797 τῆς
1671 2728 1813 2797 ἐμῆς

216 2819 500 2882 διανοίας,
547 2821 868 2891 προσδοκῶν
913 2819 1242 2891 αὐθαίρετόν
1287 2836 1349 2873 σε
1395 2820 1813 2889 παραγενέσθαι

220 2914 361 2982 πρὸς
416 2914 596 2983 ἡμᾶς,
652 2919 746 2968 καὶ
790 2914 903 2968 τῶν
953 2900 1219 2985 καμάτων
1268 2913 1441 2968 αἰτεῖν
1488 2914 1812 2983 θεραπείαν.

223 3004 419 3075 Ὅμως
458 3004 645 3075 ἐπειδὴ
682 3004 813 3068 ἴσως
844 3007 870 3057 ό
903 3004 1066 3074 φόϐος
1098 3006 1196 3075 τὴν
1229 3005 1554 3076 προαίρεσιν
1582 3006 1683 3074 τῆς
1715 3005 1814 3074 σῆς

223 3098 542 3169 προθέσεως
573 3098 880 3165 ἐνεπόδιζέ,
914 3099 1001 3152 διὰ
1032 3098 1192 3151 τοῦτο
1221 3097 1431 3169 δωρεᾶς
1461 3097 1815 3169 πληρέστατα

1904 614 2266 669 Athanasium
2326 614 2615 684 reciperet,
2660 615 2851 685 eisque
2917 613 3148 669 thronos
3210 630 3342 669 suos
3376 615 3501 668 red-

1908 706 2119 763 dendos
2179 720 2422 773 curaret,
2453 719 2548 763 aut
2579 709 2683 763 nisi
2717 709 2821 763 hoc
2850 708 3075 774 faceret,
3109 709 3174 762 ad
3204 710 3406 764 bellum
3439 725 3500 764 se

1906 810 2265 869 praepararet.
2288 803 2468 869 Atque
2489 801 2580 854 ille
2613 816 2670 855 re
2705 816 2831 855 cum
2855 801 3189 868 quibusdam
3213 802 3495 869 episcopis

1907 893 2215 948 deliberata
2238 934 2254 957 ,
2279 894 2348 948 de
2373 910 2566 948 eorum
2594 894 2891 958 sententia,
2922 895 3098 948 satius
3122 908 3244 948 esse
3275 894 3495 956 statuit,

1908 987 2213 1048 Athanasio
2246 988 2313 1041 de
2352 988 2585 1042 ecclesia
2622 988 2911 1053 decedere,
2966 1003 3130 1058 quam
3184 988 3334 1043 civili
3397 987 3496 1042 de-

1909 1087 2127 1134 certare
2151 1079 2322 1134 bello.
2350 1078 2670 1136 Constantis
2713 1081 2914 1136 litterae
2945 1079 3215 1135 Laconice
3248 1080 3333 1135 his
3368 1095 3496 1134 ver-

1908 1169 1996 1226 bis
2031 1172 2249 1241 scriptze
2274 1181 2476 1227 erant:
2515 1190 2532 1224 ι
2579 1171 2741 1227 Venit
2771 1172 2839 1227 ad
2892 1187 2992 1227 nos
3035 1172 3389 1237 Athanasius,
3443 1182 3502 1227 et

1909 1262 1979 1318 ad
2011 1278 2071 1317 se
2114 1263 2496 1333 episcopatum
2539 1264 2885 1318 Alexandria:
2918 1264 3197 1333 pertinere
3219 1264 3497 1332 probavit.

1910 1354 2263 1424 Quapropter
2292 1355 2446 1409 illum
2468 1370 2574 1425 ope
2598 1364 2691 1409 tua
2719 1354 2803 1409 fac
2840 1363 3215 1423 consequatur
3244 1370 3257 1405 :
3288 1353 3498 1421 alioqui

1911 1464 2153 1518 namque
2183 1449 2355 1503 armis
2387 1462 2515 1502 eum
2561 1447 2700 1502 meis
2753 1447 3129 1515 recuperabit.
3167 1464 3184 1496 ι
3221 1446 3383 1500 Hisce
3416 1447 3505 1500 lit-

1912 1542 2048 1596 teris
2117 1539 2348 1595 adactus
2419 1538 2776 1596 Constantius
2854 1539 3216 1594 Athanasium
3277 1537 3495 1606 publica

1912 1631 2180 1702 disposita
2214 1641 2437 1686 vectura
2463 1633 2527 1686 ad
2559 1648 2617 1686 se
2675 1632 2911 1687 vocavit.
2953 1632 3134 1699 Atque
3175 1629 3292 1693 illo,
3353 1635 3502 1699 quod

1914 1722 2366 1779 adversariorum
2403 1723 2563 1777 dolos
2612 1733 2902 1792 suspectos
2952 1723 3209 1782 haberet.
3258 1720 3500 1775 reditum

1915 1816 2229 1880 diil‘erente,
2277 1813 2493 1869 iterum'
2517 1817 2829 1884 saepiusque
2881 1814 3244 1869 Constantius
3295 1813 3498 1868 litteris

1910 1921 2036 1961 eum
2072 1905 2137 1959 ad
2170 1921 2230 1959 se
2267 1904 2519 1958 invitavit
2551 1921 2564 1957 :
2620 1903 2782 1975 732
2812 1920 2947 1973 quas
3003 1907 3068 1956 ait
3120 1902 3282 1957 ﬁdem
3334 1902 3499 1957 dictis

1908 1995 2240 2057 faciendam,
2299 1995 2544 2049 historiae
2580 1994 2827 2048 inserere
2887 1993 3042 2047 libet.
3078 2011 3097 2043 ι
3127 1990 3495 2047 Constantius

1910 2088 2104 2145 Victor
2136 2089 2418 2156 Augustus
2463 2086 2765 2140 Athanasio
2794 2085 3081 2155 episcopo.
3116 2085 3330 2138 Diutius
3382 2093 3503 2136 tan-

1917 2200 2083 2254 quam
2140 2183 2300 2237 saevis
2336 2180 2509 2251 pelagi
2563 2178 2822 2233 lluctibus
2879 2187 2931 2232 te
2978 2175 3184 2230 differri
3236 2185 3292 2229 et
3342 2173 3503 2245 aiﬂigi

1913 2290 2023 2330 non
2055 2274 2263 2345 patitur
2297 2269 2743 2325 mansuetudinis
2772 2280 2977 2323 nostra:
3007 2267 3324 2321 humanitas
3361 2282 3375 2318 :
3409 2280 3507 2319 ne-

1912 2384 2020 2437 que
2061 2367 2257 2437 patriis
2280 2366 2572 2437 eXpulsum
2618 2364 2852 2427 laribus,
2882 2362 3156 2430 bonisque
3188 2361 3509 2429 Spoliatum,

1912 2469 2080 2528 atque
2141 2458 2195 2511 in
2263 2456 2561 2510 inaccessis
2622 2456 2866 2508 ferarum
2927 2452 3067 2507 locis
3120 2451 3508 2511 oberrautcm,

1915 2551 2152 2620 despicit
2198 2549 2474 2604 indefessa
2505 2547 2682 2619 pietas
2710 2555 2924 2601 nosua.
2979 2543 3249 2613 Equidem
3301 2541 3513 2595 diutius

1915 2645 1981 2699 ad
2021 2655 2072 2699 te
2105 2644 2274 2699 animi
2324 2642 2431 2697 mei
2480 2641 2811 2696 sententiam
2874 2636 3230 2709 perscribere
3288 2633 3506 2695 distuli,

1864 2800 1873 2810 ,
1916 2746 2115 2808 sponte
2146 2747 2238 2790 tua
2274 2746 2325 2790 te
2352 2735 2418 2789 ad
2450 2748 2552 2788 nos
2584 2742 2904 2794 venturum,
2938 2740 3105 2799 atque
3142 2727 3397 2781 laborum
3432 2741 3519 2777 rc-

1917 2830 2162 2884 medium
2214 2826 2518 2898 petiturum
2596 2839 2719 2879 esse
2787 2821 3069 2892 Opinatus.
3118 2816 3323 2873 Verum
3388 2831 3514 2870 cum

1915 2921 2154 2976 fortasse
2192 2918 2489 2989 consilium
2543 2914 2999 2986 propositumque
3030 2910 3382 2967 tuum‘timor
3409 2908 3517 2961 im-

1917 3014 2180 3086 pedierit,
2208 3012 2424 3066 litteras
2456 3009 2624 3063 hasce
2658 3004 3055 3062 munificentia:
3090 3002 3302 3073 plenas,
3328 3001 3395 3055 ad
3427 2999 3522 3054 ﬁr-

1918 3095 2171 3160 mitatem
2226 3111 2372 3157 tuam
2438 3099 2649 3156 dandas
2698 3096 3181 3153 existimavimus:
3217 3108 3326 3162 quo
3376 3094 3515 3148 citra

225 3190 538 3257 γράμματα
566 3187 703 3257 πρὸς
728 3186 826 3257 τὴν
856 3187 955 3273 σὴν
983 3188 1321 3260 στερρότητα
1347 3186 1775 3257 διεπεμψάμεθα
1795 3202 1810 3218 ο

1918 3210 2130 3255 metum
2158 3209 2379 3251 omnem
2412 3194 2468 3248 in
2484 3200 2847 3263 conspectum
2867 3199 3119 3245 nostrum
3146 3202 3310 3258 quam
3334 3186 3514 3241 celer—

231 3279 317 3333 ῖνα
360 3280 576 3346 ἀφόϐως
609 3282 727 3343 ταῖς
768 3270 1073 3350 ἡμετέραις
1112 3272 1419 3351 προσόψεσι
1452 3281 1679 3351 ταχεῖαν
1712 3280 1810 3349 τὴν

235 3374 430 3426 σαυτοῦ
468 3374 768 3443 παρουσίαν
801 3375 1114 3444 παρασχεῖν
1152 3373 1503 3443 σπουδάσῃς,
1536 3372 1681 3441 ὑπὲρ
1717 3369 1812 3424 τοῦ

1919 3295 2061 3348 rime
2087 3291 2277 3345 venire
2307 3302 2592 3358 properes,
2629 3294 2688 3339 ut
2722 3300 2848 3344 cum
2890 3283 3000 3337 voti
3035 3283 3114 3338 tui
3139 3296 3367 3350 compos
3396 3280 3515 3341 ﬁas,

1918 3394 2036 3441 tum
2088 3382 2492 3438 humanitatem
2552 3386 2801 3433 nostram
2831 3388 3117 3447 expertus,
3171 3373 3226 3429 in
3288 3387 3354 3427 ea
3392 3388 3514 3441 qui:

229 3471 328 3540 τῆς
390 3466 588 3521 σαυτοῦ
639 3467 926 3538 ἐπιτιμίας
978 3465 1324 3533 ἀπολαῦσαι,
1378 3469 1473 3519 καὶ
1527 3463 1814 3533 πειραθεὶς

1916 3478 2056 3552 iuris
2112 3475 2191 3532 tui
2247 3483 2379 3529 sunt
2428 3471 2764 3527 restituaris.
2814 3469 2927 3524 Hac
2961 3469 3109 3523 enim
3146 3467 3214 3521 de
3243 3482 3410 3521 causn
3462 3474 3520 3518 et

235 3563 391 3634 ἡμῶν
434 3562 534 3632 τῆς
582 3559 1021 3631 φιλανθρωπίας,
1067 3562 1186 3622 τοῖς
1234 3559 1385 3620 ίδίοις
1428 3559 1818 3611 ἀποκαταστα-

235 3655 331 3726 θῇς
357 3672 372 3686 ·
403 3654 599 3726 τούτου
633 3654 743 3723 γάρ
777 3651 944 3705 ἓνεκα
979 3651 1075 3705 καὶ
1102 3653 1197 3704 τὸν
1227 3650 1497 3721 δεσπότην
1529 3652 1625 3703 καὶ
1658 3649 1816 3704 ἀδελ-

237 3720 333 3816 φόν
378 3720 482 3819 μου
525 3720 857 3798 Κώνσταντα
896 3743 990 3798 τὸν
1028 3743 1280 3833 Νικητῂν
1322 3740 1633 3811 Αὔγουστον
1675 3741 1818 3811 ὑπὲρ

242 3839 333 3893 σοῦ
378 3839 752 3908 παρεκάλεσα,
791 3836 878 3890 ἵνα
911 3834 1007 3890 τοῦ
1050 3835 1225 3890 ἐλθεῖν
1257 3834 1510 3900 ἐξουσίαν
1545 3851 1628 3887 σοι
1670 3835 1817 3905 δὼσῇ

240 3931 421 3998 ὅπως,
453 3932 786 4002 ἀμφοτέρων
818 3929 981 4001 ἡμῶν
1014 3930 1420 3984 ἐπινευσάντων
1440 3968 1455 3994 ,
1491 3931 1558 3999 τῇ
1598 3927 1821 3997 πατρίδι

241 4022 698 4095 ἀποκατασταθῇς
721 4065 737 4091 ,
768 4023 908 4095 ἔχων
937 4022 1097 4076 τοῦτο
1129 4021 1230 4091 τῆς
1262 4022 1419 4092 ἡμῶν
1449 4021 1672 4091 χάριτος
1708 4020 1825 4074 ἐνέ-

1919 3569 2208 3626 dominum
2240 3577 2407 3636 atque
2431 3564 2661 3618 fratrem
2710 3577 2896 3616 meum
2939 3559 3301 3615 Constantem
3330 3556 3490 3612 Victo

1922 3678 2040 3718 rem
2074 3662 2382 3732 Augustum
2419 3672 2518 3727 pro
2547 3665 2600 3711 te
2635 3654 2973 3725 rogavimus,
3019 3661 3079 3706 ut
3128 3647 3396 3705 redeundi
3420 3648 3518 3702 tibi

1920 3731 2245 3811 facultatem
2273 3750 2647 3822 permitteret,
2682 3762 2794 3818 quo
2827 3745 2895 3801 ad
2924 3762 3050 3800 eum
3080 3731 3331 3805 modum,
3356 3739 3524 3793 utris-

1922 3863 2032 3919 que
2052 3844 2210 3900 nobis
2232 3842 2635 3908 annuentibus,
2651 3841 2708 3894 in
2730 3838 2966 3911 patriam
2998 3834 3301 3899 reducaris,
3329 3839 3386 3887 et
3412 3832 3520 3884 hoc

1923 3948 2128 3996 nostrae
2153 3941 2207 3994 in
2246 3947 2299 3994 te
2330 3937 2521 4007 gratia:
2552 3935 2756 4007 pignus
2784 3932 3017 3988 habeas.
3056 3950 3076 3984 ι
3120 3947 3138 3982 ι
3169 3925 3530 3985 Constantius

1929 4035 2117 4092 Victor
2148 4034 2431 4103 Augustus
2487 4027 2794 4083 Athanasio
2853 4027 3145 4096 episcopo.
3189 4023 3522 4089 Quanquam

1928 4123 2212 4196 prioribus
2259 4120 2463 4176 litteris
2519 4122 2730 4173 nostris
2792 4114 2891 4170 tibi
2943 4112 3406 4184 signiﬁcavimus,
3470 4115 3533 4162 ut

1930 4217 2142 4286 absque
2178 4211 2553 4270 sollicitudine
2600 4209 2755 4270 omni
2788 4208 2846 4263 in
2896 4207 3221 4263 comitatum
3277 4212 3531 4257 nostrum

1930 4311 2175 4372 Venires,
2211 4306 2363 4378 quod
2398 4315 2452 4361 te
2485 4303 2725 4359 maxime
2782 4302 2840 4357 in
2890 4301 2980 4370 jus
3012 4310 3170 4355 tuum
3227 4296 3529 4351 restituere

248 4413 336 4465 ρον
365 4395 661 4465 κομιτᾶτον
695 4395 1009 4465 παραγένῃ,
1043 4390 1133 4444 διὰ
1162 4392 1221 4444 τὸ
1255 4391 1496 4461 μάλιστα
1527 4392 1676 4461 ἡμᾶς
1709 4390 1816 4461 βού-

1934 4403 2228 4475 cupiamus
2264 4420 2277 4455 :
2319 4409 2503 4454 tamen
2546 4412 2696 4453 nunc
2719 4409 2944 4468 quoque
2985 4394 3151 4448 hasce
3185 4390 3253 4446 ad
3303 4390 3536 4444 ﬁrmita-

242 4491 431 4545 λεσθαι
454 4488 773 4543 ἀποστεῖλαί
800 4507 859 4542 σε
885 4492 964 4551 εἰς
989 4486 1058 4539 τὰ
1083 4489 1213 4554 ἴδια,
1239 4488 1388 4557 ὅμως
1414 4488 1511 4541 καὶ
1537 4487 1632 4540 νῦν
1657 4488 1816 4540 ταῦτσ

1939 4505 2048 4550 tem
2117 4503 2266 4548 tuam
2308 4490 2591 4547 dedimus.
2636 4488 2988 4559 Quapropter
3014 4494 3069 4540 te
3113 4484 3420 4544 hortamur,
3474 4486 3534 4533 ut

242 4586 310 4637 τά
337 4583 642 4653 γράμματα
665 4582 799 4653 πρὸς
817 4583 916 4652 τὴν
936 4581 1035 4653 σὴν
1054 4580 1392 4652 στερρότητα
1412 4578 1816 4657 δεδηλώκαμεν,

1931 4586 2231 4643 diuidentia
2293 4592 2559 4654 metuque
2607 4582 2768 4637 omni
2814 4578 3079 4651 seposito,
3120 4576 3344 4648 publica
3407 4588 3541 4628 con-

246 4681 335 4730 Διὸ
367 4677 811 4747 προτρεπόμεθα,
840 4675 1013 4747 χωρίς
1042 4692 1190 4739 τινος
1221 4675 1509 4735 ἁποιστίας
1540 4676 1635 4727 καὶ
1665 4671 1816 4744 φόϐο.

1942 4681 2179 4738 scendas
2226 4676 2506 4743 vehicula,
2548 4684 2606 4731 et
2655 4676 2723 4730 ad
2760 4690 2864 4729 nos
2890 4672 3083 4728 venire
3118 4669 3444 4731 contendas,
3480 4676 3540 4720 ut

247 4770 504 4841 ἐπιϐῇ-,δαί
536 4787 592 4822 σε
623 4771 902 4841 δημοσίοις
933 4771 1205 4840 ὀχήμασι,
1234 4768 1328 4823 καὶ
1359 4767 1665 4821 σπουδάσαι
1697 4768 1816 4836 «pot

1944 4791 2180 4846 quarum
2224 4788 2411 4826 rerum
2444 4768 2953 4842 recuperandaruui
2991 4763 3273 4820 desiderio
3313 4759 3541 4821 teneris,

250 4864 527 4935 ἡμᾶς,ἴνα
545 4856 616 4914 ὧν
649 4862 956 4931 ἐπιθυμεῖς,
979 4860 1291 4914 ἀπολαῦσαι
1320 4858 1609 4930 δυνηθῇς.»
1640 4859 1816 4926 (Κωνι

1942 4867 2153 4923 eisdem
2185 4864 2346 4935 potiri
2370 4877 2596 4933 queas.»
2622 4878 2640 4913 ι
2671 4856 3030 4916 Constantius
3054 4854 3241 4911 Victor
3262 4850 3545 4921 Augustus

255 4959 504 5021 στάντιος
541 4955 787 5027 Νικητὴς
830 4953 1144 5025 Αὔγουστος
1178 4955 1485 5024 Ἀθανασίῳ
1523 4954 1810 5024 ἐπισκόπῳ

1943 4961 2253 5017 Athanasio
2302 4958 2590 5030 episcopo.
2655 4953 2796 5009 Cum
2864 4953 3083 5006 Edessa:
3128 4961 3445 5021 ageremus,
3488 4956 3545 4998 rt

261 5054 456 5107 'Hvtm
500 5053 557 5104 ἐν
597 5054 663 5121 τῇ
702 5051 929 5120 Ἐδέσσῃ
972 5047 1351 5117 διετρίϐομεν,
1400 5047 1686 5118 παρόντων
1726 5046 1816 5099 τῶπ

1942 5053 2255 5128 presbyteri
2283 5053 2362 5108 tui
2396 5050 2478 5106 ibi
2507 5060 2711 5117 praesto
2746 5056 2956 5108 essent,
3009 5045 3221 5115 placuit
3271 5040 3455 5099 nobis,
3485 5046 3545 5092 ut

255 5145 364 5198 σῶν
397 5143 807 5215 πρεσϐυτέρων,
837 5142 1037 5213 ἦρεσεν
1065 5141 1236 5203 ὅπως,
1268 5138 1672 5207 ἀποσταλέντος
1707 5155 1812 5209 πρε

1946 5150 2117 5227 misso
2148 5146 2213 5201 ad
2241 5154 2293 5201 te
2320 5152 2669 5216 presbytero,
2705 5142 2759 5195 in
2802 5141 3127 5194 comitatum
3171 5147 3419 5190 nostrum
3446 5149 3544 5185 vc-

254 5241 518 5311 σϐυτέρου
550 5243 684 5308 πρὸς
717 5239 804 5303 σὲ,
841 5235 1015 5291 ἐλθεῖν
1045 5236 1181 5305 πρὸς
1209 5235 1272 5288 τὸ
1302 5234 1576 5307 ἡμέτερον
1604 5236 1816 5304 κομιτᾶι

1948 5226 2067 5298 nire
2096 5253 2426 5310 properares
2461 5256 2474 5293 :
2514 5250 2626 5307 quo
2676 5235 2730 5289 in
2762 5239 3122 5301 conspectum
3165 5238 3416 5282 nostrum
3448 5226 3543 5277 ad~

251 5354 343 5392 τον
361 5333 694 5404 σπουδάσῇς,
723 5333 816 5386 ἐπὶ
832 5329 911 5402 τῷ
943 5328 1122 5384 ἰδόντα
1156 5344 1216 5381 σε
1243 5327 1346 5402 τὴν
1377 5328 1652 5399 ἡμετέραν
1671 5329 1815 5400 πρόσ

1948 5334 2194 5399 missus,
2269 5328 2561 5386 confestim
2628 5325 3023 5383 Alexandriam
3100 5321 3539 5393 proﬁciscererr.

254 5427 410 5496 οψιν,
446 5424 649 5487 εὐθέως
696 5423 775 5486 είς
835 5423 935 5494 τὴν
969 5419 1378 5490 Ἀλεξάνδρειαν
1423 5419 1661 5477 ὁδεῦσαι.
1698 5420 1816 5473 Ἀλλ

1947 5426 2182 5494 Quando
2208 5423 2433 5496 quidem
2469 5437 2601 5477 vero
2628 5419 2928 5490 plurimum
2958 5419 3067 5488 jam
3107 5411 3374 5484 praeteriit
3401 5419 3542 5464 tem-

259 5526 382 5578 ἐπεὶ
410 5524 477 5595 δὴ
505 5523 755 5585 πλεῖστος
783 5523 978 5593 χρόνος
1006 5518 1288 5590 παρῆλθεν
1320 5517 1415 5586 ἀφ’
1442 5513 1502 5575 οὔ
1530 5518 1816 5589 γράμματι

1947 5521 2122 5593 poris,
2157 5534 2225 5575 ex
2249 5534 2359 5588 quo
2383 5515 2583 5570 litteris
2611 5512 2818 5567 nostris
2867 5507 3114 5578 acceptis
3151 5521 3260 5560 non
3295 5500 3493 5556 venisti
3524 5516 3540 5555 :

1949 5630 2100 5670 nunc
2135 5626 2357 5685 quoque
2393 5621 2750 5666 commonere
2789 5615 2843 5659 te
2879 5602 3181 5664 voluimus,
3229 5606 3289 5652 ut
3338 5594 3545 5650 adven-

1946 5712 2067 5764 tum
2098 5706 2164 5762 ad
2215 5718 2318 5759 nos
2354 5710 2512 5758 tuum
2552 5708 2831 5764 matures,
2868 5706 2926 5752 et
2970 5695 3053 5751 sic
3084 5694 3275 5763 patrias
3317 5700 3425 5746 tua:
3459 5701 3545 5741 rc-

1948 5800 2129 5866 stitui,
2170 5802 2233 5851 et‘
2273 5804 2405 5851 voto
2456 5802 2553 5849 tuo
2598 5791 2764 5864 potiri
2816 5789 3013 5860 possis.
3049 5785 3307 5842 Misimus
3357 5790 3544 5839 autem

1949 5893 2014 5950 ad
2048 5903 2100 5948 te
2132 5888 2292 5969 733
2329 5888 2594 5943 Achetam
2627 5884 2948 5952 diaconum,
2982 5890 3042 5939 ut
3066 5880 3286 5955 plenius
3319 5877 3436 5933 hac
3473 5872 3542 5934 ad

241 4136 457 4191 χυρον.»
484 4135 502 4169 ι
524 4118 899 4179 Κωνστάντιος
924 4116 1151 4185 νικητὴς
1172 4112 1487 4193 Αὔγουστος
1516 4113 1824 4183 Ἀθανασίῳ

242 4211 541 4280 ἐπισκόπῳ.
575 4210 639 4263 Et
680 4210 774 4263 καὶ
809 4211 877 4262 τὰ
919 4211 1153 4280 μάλιστα
1193 4207 1289 4261 διὰ
1328 4206 1612 4278 προτέρων
1645 4222 1828 4278 γραμ-

248 4307 435 4375 μάτων
464 4302 820 4373 ἐδηλώσαμεν
841 4341 857 4367 ,
888 4302 1039 4364 ὅπως
1070 4302 1394 4371 ἀμερίμνως
1424 4302 1503 4363 είς
1533 4300 1595 4353 τὸ
1626 4299 1827 4370 ἡμέτε-

256 5617 549 5688 διξάμενος
580 5613 712 5686 παρ’
739 5616 900 5688 ἡμῶν
929 5617 1033 5669 ούκ
1061 5617 1407 5687 ἀπήντησας,
1437 5614 1528 5669 διὰ
1555 5614 1716 5668 τοῦτο
1746 5615 1843 5668 καὶ

255 5706 352 5762 νῦν
386 5707 704 5779 ὑπομνῆσαι
749 5725 809 5762 σε
850 5708 1304 5780 ἐσπουδάσαμεν,
1340 5706 1431 5763 ῖνα
1469 5705 1577 5761 κᾶν
1611 5705 1709 5761 νῦν
1740 5704 1840 5777 τὴν

261 5801 362 5873 σὴν
388 5802 695 5873 παρουσίαν
725 5804 947 5873 ταχεῖαν
977 5802 1206 5872 ποιῆσαι
1240 5800 1378 5872 πρὸς
1414 5803 1564 5872 ἡμᾶς
1597 5800 1841 5854 σπουδά-

264 5909 360 5970 ag;
378 5934 397 5963 ,
423 5894 520 5950 καὶ
547 5893 690 5949 οὔτω
714 5894 952 5969 δυνηθῇς
978 5898 1046 5969 τῇ
1077 5896 1299 5967 πατρίδι
1331 5913 1425 5951 σου
1458 5898 1843 5955 ἀποκαταστα-
