3990 6476
278 396 395 459 ΞΠ

1207 392 1815 458 ECCLESIASTICE.
1867 390 2259 453 HISTORIE
2300 389 2443 450 LIB.
2490 388 2598 446 IX.

3436 378 3541 441 318

277 509 559 581 κράτορος
601 509 761 577 Θεοῦ,
805 510 897 564 καὶ
937 509 1027 563 τοῦ
1071 512 1276 582 Κυρίου
1320 511 1479 581 ἡμῶν
1509 509 1687 574 Ἰησοῦ
1729 509 1856 579 Χρι·‹

1974 506 2280 574 periculum
2309 503 2577 561 insidiose
2596 501 2899 573 coniectus,
2916 504 3144 554 mortem
3170 499 3504 566 contempsit
3527 512 3544 550 :

282 600 443 665 στοῦ,
470 602 705 666 ἐλπίζων
733 602 847 670 ἅμα
874 601 968 654 καὶ
993 604 1091 665 τὰς
1118 603 1411 665 ἐπιϐουλὰς
1442 602 1732 659 ὲκκλινεῖν.
1766 602 1856 651 καὶ

1966 598 2223 668 praesidio
2248 599 2460 654 scilicet
2482 594 2884 665 omnipotentis
2918 592 3013 647 Dei
3036 600 3093 646 et
3118 590 3332 645 Domini
3363 589 3537 643 nostri

277 692 910 759 ἀποκατασταθή’σεσθαι
962 692 1097 761 πρὸς
1152 693 1427 763 ὑμετέραν
1476 692 1859 762 παράκλησιν,

282 783 471 854 φέρων
503 783 631 852 ύμῖν
664 783 780 853 ἅμα
813 785 877 837 ὲκ
905 784 1004 854 τῆς
1040 785 1313 856 ὑμετέρας
1337 784 1708 856 ,συνειδήσεως
1741 784 1861 848 μεί-

288 873 418 939 ζονα
451 873 515 926 τὰ
550 875 790 942 τρόπαια
816 888 830 903 ⁵
864 876 922 927 ὲν
954 870 1034 938 οἷς
1068 875 1164 929 καὶ
1197 876 1324 947 ἄχρι
1357 878 1647 948 τερμάτων
1676 870 1861 946 πάσης

285 965 392 1034 τῆς
425 964 528 1035 γῆς
566 964 1053 1038 ἔνδοξος’ὲγνὼσθη
1089 967 1444 1038 δοκιμασθεὶς
1476 971 1541 1024 ὲκ
1571 968 1665 1023 τοῦ
1700 968 1820 1040 βίου
1840 1008 1858 1032 .

282 1058 803 1129 παρρησιαζόμενος
848 1061 944 1129 μὲν
974 1064 1040 1132 τῇ
1087 1061 1346 1133 προθέσει
1386 1064 1482 1117 καὶ
1512 1066 1578 1135 τῇ
1622 1063 1860 1134 οὐρανίῳ

278 1148 641 1218 διδασκαλίᾳ,
693 1152 1039 1221 ἀποδειχθεὶς
1083 1153 1141 1206 δὲ
1190 1155 1445 1225 ἀθανάτῳ
1496 1154 1675 1224 κρίσει
1726 1156 1857 1225 παρ’

225 1206 242 1255 ³
279 1240 445 1308 ὑμῶν
468 1206 846 1318 ἀγαπωμενος.
880 1206 1861 1318 ἐπανέρχεταιτοιγαρούνλαμπρό-

277 1347 445 1400 τερος
475 1331 607 1399 πρὸς
636 1333 779 1401 ὑμᾶς
810 1333 927 1397 νῦν,
958 1334 990 1405 ἢ
1021 1336 1111 1389 ὅτε
1140 1336 1272 1407 παρ’
1295 1336 1452 1407 ὑμῶν
1481 1338 1855 1408 ἀπεδήμησεν.

277 1420 352 1471 El
383 1421 490 1488 γὰρ
518 1421 613 1474 καὶ
640 1422 735 1485 τὰς
760 1424 943 1493 τιμίας
976 1424 1133 1492 ὕλας,
1159 1426 1362 1496 χρυσὸν
1391 1427 1535 1495 λέγω
1564 1426 1658 1480 καὶ
1686 1429 1860 1498 ἄργυ-

280 1529 403 1582 ρον.
433 1514 511 1575 είς
539 1514 884 1587 καθαρότητα
912 1516 973 1569 τὸ
1003 1516 1115 1588 πῦρ
1143 1517 1428 1587 δοκιμάζει
1450 1535 1465 1550 ο
1496 1520 1549 1573 τί
1580 1521 1645 1574 ἄν
1670 1539 1755 1583 τις
1783 1521 1860 1576 ετ-

275 1618 383 1655 ποι
425 1605 546 1657 κατ’
567 1604 720 1670 ἀξίαν
760 1607 1017 1661 τοσούτου
1063 1608 1285 1679 ἀνδρόςς
1324 1610 1384 1673 ὃς
1426 1610 1698 1665 τοσούτων
1745 1612 1858 1665 θλί⁴

273 1694 435 1764 ψεων
467 1697 644 1768 πυρὰν
672 1700 766 1753 καὶ
798 1700 1082 1763 κινδύνους
1111 1705 1342 1772 νικήσας
1363 1743 1379 1768 ,
1412 1705 1726 1761 ἀποδίδοται
1759 1707 1855 1761 νῦν

276 1787 419 1856 ὑμῖν
460 1787 654 1851 ἀθῶος,
695 1790 754 1843 ού
803 1793 932 1860 παρ’
959 1792 1116 1861 ὑμῶν
1159 1793 1343 1862 μόνον,
1385 1794 1521 1849 ἀλλὰ
1560 1796 1655 1849 καὶ
1699 1798 1854 1866 παρὰ

283 1879 468 1948 πάσης
492 1879 593 1950 τῆς
624 1882 843 1935 συνόδου
872 1883 1214 1954 άποδεχΊείς.
1247 1886 1620 1954 ’Υποδέξασθε
1650 1888 1850 1954 τοίνυν,

286 1972 559 2043 ἀγαπητοὶ
587 1974 825 2044 ἀδελφοὶ,
856 1977 995 2045 μετὰ
1025 1978 1207 2050 πάσης
1231 1978 1334 2049 τῆς
1362 1980 1504 2034 κατὰ
1534 1980 1670 2035 Θεὸν
1695 1981 1856 2054 δόξης

248 2082 347 2136 ,ιε
385 2067 474 2119 καὶ
508 2069 681 2138 χαρᾶς
709 2070 803 2121 τὸν
832 2070 1137 2123 ἐπίσκοπον
1167 2071 1323 2139 ὑμῶν
1357 2072 1682 2127 Ἀθανάσιον
1718 2076 1856 2144 μετὰ

275 2159 491 2211 τούτων
519 2160 713 2223 οἵτινες
740 2159 890 2230 αὐτῷ
918 2161 1166 2215 κοινωνοὶ
1194 2161 1469 2231 γεγόνασι.
1501 2162 1605 2217 Καὶ
1635 2164 1858 2235 χαίρετε

272 2249 394 2299 τῶν
418 2250 591 2319 εὐχῶν
621 2251 989 2316 ἀπολαύοντες
1012 2269 1025 2284 ·
1060 2253 1143 2306 ὅτι
1178 2256 1418 2323 ποιμένα
1447 2254 1538 2308 τδν
1567 2256 1852 2327 ὑμέτερον.

275 2340 353 2393 ἶν’
378 2340 547 2407 οὕτως
576 2344 734 2411 εἴπω,
762 2346 1034 2401 ποθοῦντα
1062 2354 1155 2403 καὶ
1181 2350 1422 2421 διψῶντα
1448 2351 1549 2424 τὴν
1576 2352 1857 2424 ὑμετέραν

272 2434 627 2501 θεοσέϐειαν,
662 2439 954 2509 σωτηρίοις
984 2445 1223 2513 γραφαῖς
1251 2443 1519 2515 ἐθρέψατε
1548 2446 1641 2498 καὶ
1669 2445 1855 2500 ἐποτί-

272 2538 435 2577 σατε.
472 2524 582 2577 Καὶ
618 2527 727 2597 γὰρ
767 2529 860 2581 καὶ
888 2530 989 2597 τῆς
1029 2532 1121 2584 ἐπὶ
1164 2530 1324 2602 ξένης
1361 2531 1528 2587 αὐτοῦ
1566 2531 1858 2605 διατριϐῆς

270 2614 445 2685 ὑμεῖς
494 2621 815 2688 παραμυθία
858 2623 1165 2691 γεγόνατεο
1213 2625 1310 2678 καὶ
1357 2625 1714 2696 διωκόμενον,
1759 2628 1856 2682 καὶ

269 2707 788 2778 ἐπιϐουλευόμενον,
816 2713 1086 2783 ὲθάλψατε
1111 2719 1233 2780 ταῖς
1259 2720 1616 2782 πιστοτάταις
1642 2720 1855 2775 ἑαυτῶν

269 2797 486 2869 ψυχαῖς
514 2808 606 2855 καὶ
635 2804 924 2869 διανοίαις.
960 2808 1093 2878 Ἐμὲ
1117 2808 1173 2862 δὲ
1202 2811 1300 2880 ἤδη
1331 2811 1617 2881 εὐφραίνει
1646 2813 1856 2868 ὲννοού·

275 2907 449 2958 μενον
467 2933 482 2957 ,
511 2895 606 2947 καὶ
637 2898 967 2966 προνοοῦντα
995 2900 1094 2969 τὴν
1122 2902 1214 2954 ἐπὶ
1242 2903 1305 2972 τῇ
1340 2903 1587 2972 ιπανόδῳ
1615 2905 1852 2961 ἑκάστου

270 2981 303 3032 ὑ
313 2982 437 3050 μῶν
454 2984 627 3056 χαρὰν
643 3026 658 3048 ,
676 2988 770 3040 καὶ
786 2987 883 3041 τοῦ
900 2991 1140 3060 πλήθους
1154 2991 1252 3055 τὰς
1268 2992 1666 3059 σεὸαστοτάτας
1684 2997 1855 3053 ίῐιπαν⁴

268 3077 488 3143 τήσεις,
526 3078 622 3130 καὶ
655 3078 756 3150 τὴν
793 3080 1003 3147 ἔνδοξον
1038 3084 1148 3137 τῶν
1187 3086 1595 3156 συντρεχόντων
1632 3089 1849 3160 ἑορτήν.

1962 691 2093 746 Jesu
2140 690 2346 744 Christi
2393 696 2590 752 tectus,
2621 688 2712 742 ille
2748 685 2993 755 speravit
3020 682 3181 738 simul
3216 690 3274 736 et
3307 681 3542 736 insidias

1963 780 2407 849 adversariorum
2445 795 2505 835 se
2533 792 2825 835 evasurum
2851 815 2868 840 ,
2902 785 2958 831 et
2984 774 3052 829 ad
3088 789 3184 827 vos
3213 770 3544 826 consolatio-

1962 874 2047 929 nis
2093 883 2291 929 vestra:
2337 874 2510 944 gratia
2564 872 2895 927 rediturum.
2936 870 3016 922 .Et
3072 867 3238 921 simul
3291 866 3446 919 vobis
3476 881 3543 918 ex

1961 966 2302 1023 conscientia
2346 976 2528 1022 vestra
2558 965 2816 1034 praeclara
2861 961 2986 1016 tulit
3021 969 3250 1029 tropara,
3287 973 3386 1027 per
3418 973 3542 1025 quin

1962 1059 2030 1114 ad
2065 1059 2217 1114 orbis
2256 1073 2432 1127 usque
2483 1057 2747 1112 terminos
2771 1054 3053 1122 explorata
3094 1052 3221 1107 vitae
3252 1050 3541 1105 sanctitate

1960 1151 2260 1221 praeclarus
2278 1150 2530 1219 cognitus
2559 1158 2676 1202 est:
2702 1146 2870 1199 multa
2907 1144 2999 1198 ille
3031 1141 3254 1212 quidem
3285 1141 3539 1196 libertate

1960 1239 2242 1310 propalam
2266 1238 2436 1292 animi
2494 1237 2746 1291 instituto
2775 1242 2829 1289 et
2861 1234 3070 1289 caelesti
3101 1231 3348 1288 doctrina
3384 1246 3537 1291 usus,

1960 1330 2182 1386 abunde
2239 1338 2424 1385 autem
2472 1338 2738 1397 perpetuo
2781 1334 2838 1380 et
2869 1325 3144 1380 constanti
3197 1339 3257 1378 se
3310 1339 3340 1377 a
3379 1322 3536 1376 vobis

1956 1422 2166 1493 judicio
2204 1437 2326 1477 esse
2352 1428 2595 1475 amatum
2650 1427 2902 1475 testatus.
2937 1416 3101 1471 Redit
3131 1415 3301 1485 igitur
3339 1412 3405 1467 ad
3439 1428 3537 1467 vos

1960 1515 2135 1570 multo
2168 1514 2333 1570 etiam
2354 1511 2718 1582 splendidior,
2745 1524 2909 1579 quam
2941 1523 2972 1563 a
3005 1506 3162 1563 vobis
3182 1505 3459 1562 discessit.
3480 1503 3538 1558 Si

1960 1605 2161 1662 etenim
2198 1603 2581 1674 pretiosiorem
2614 1601 2901 1656 materiam
2928 1640 2946 1662 ,
2987 1614 3182 1653 aurum
3210 1598 3335 1654 dico
3363 1605 3420 1651 et
3446 1612 3538 1649 ar-

1959 1706 2204 1768 gentum,
2236 1697 2302 1752 ad
2352 1696 2652 1766 puritatem
2714 1694 2856 1765 ignis
2910 1692 3159 1762 explorat
3203 1707 3218 1744 :
3273 1690 3535 1760 quidnam

1961 1790 2250 1861 quisquam
2284 1805 2382 1859 pro
2403 1790 2483 1844 rei
2513 1788 2782 1859 dignitate
2812 1786 2881 1842 de
2916 1787 3034 1840 viro
3058 1787 3163 1841 isto
3189 1782 3423 1838 dixerit?
3443 1783 3539 1852 qui

1963 1893 2042 1938 tot
2072 1893 2128 1955 et
2158 1884 2325 1940 tantis
2354 1896 2728 1939 aerumnarum
2758 1880 3029 1934 incendiis
3057 1887 3114 1933 et
3142 1878 3405 1948 periculis
3443 1876 3542 1931 de-

1958 1977 2138 2042 victis,
2168 1977 2327 2033 vobis
2363 1975 2609 2031 redditur
2639 1989 2818 2045 purus
2845 1984 2901 2027 et
2943 1973 3153 2034 insons,
3191 1984 3299 2025 non
3327 1985 3358 2024 a
3386 1969 3540 2023 vobis

1959 2078 2194 2133 tantum,
2244 2069 2342 2125 sed
2392 2084 2424 2124 a
2483 2061 2679 2123 cuncta
2730 2068 2897 2121 etiam
2951 2064 3160 2135 synodo
3232 2060 3540 2132 receptus?

1959 2159 2231 2230 Suscipite
2252 2175 2405 2231 ergo,
2443 2159 2630 2215 dilecti
2669 2158 2894 2219 fratres,
2928 2171 3055 2210 cum
3095 2155 3245 2209 omni
3272 2169 3395 2224 qua:
3430 2153 3540 2206 Deo

1958 2263 2181 2324 accepta
2235 2260 2322 2308 est
2349 2253 2523 2324 gloria
2579 2260 2635 2307 et
2671 2249 2883 2312 laetitia,
2923 2248 3245 2318 episcopum
3289 2253 3537 2301 vestrum

1957 2346 2344 2411 Athanasium,
2380 2360 2487 2399 una
2543 2359 2668 2399 cum
2720 2344 2803 2397 eis
2829 2340 2925 2411 qui
2955 2341 3314 2396 adversarum
3352 2352 3539 2393 rerum

1956 2438 2080 2507 ejus
2124 2423 2430 2508 participes
2477 2436 2657 2491 fuere.
2689 2435 2758 2490 Et
2809 2433 3067 2505 gaudete,
3125 2432 3272 2502 quod
3338 2430 3542 2497 optatis

1956 2531 2156 2586 vestris
2183 2528 2432 2585 fruimini
2469 2544 2484 2582 :
2518 2526 2739 2598 etquod
2772 2536 3049 2595 pastorem
3076 2533 3341 2588 vestrum,
3375 2532 3437 2578 ut
3464 2523 3539 2577 ita

1956 2623 2157 2687 dicam,
2189 2622 2595 2678 desiderantem
2619 2628 2677 2675 et.
2699 2619 2979 2675 sitientem
3002 2619 3258 2687 pietatem
3275 2624 3540 2679 vestram,

1954 2716 2290 2771 salutaribus
2313 2714 2532 2785 scriptis
2554 2711 2771 2768 aluistis
2815 2719 2870 2766 et
2892 2711 3141 2780 potastis.
3173 2708 3458 2779 Siquidem
3488 2709 3543 2762 ei

1955 2807 2427 2878 peregrequoque
2451 2804 2720 2869 versanti,
2756 2818 2855 2859 vos
2898 2802 3096 2857 solatio
3126 2800 3330 2865 fuistis,
3378 2816 3542 2857 eum-

1953 2919 2063 2971 que
2108 2903 2166 2958 in
2197 2903 2395 2959 mediis
2453 2899 2958 2972 persecutionihus,
3025 2896 3324 2967 procellis,
3371 2904 3542 2965 atque

1954 2994 2304 3050 inimicorum
2335 2993 2573 3059 insidiis,
2609 2991 2947 3047 fidelissimis
2987 2989 3191 3044 animis
3231 2998 3288 3044 et
3332 2989 3537 3043 menti-

1954 3085 2059 3141 bus
2086 3084 2288 3141 vestris
2331 3083 2566 3138 fovistis.
2608 3080 2768 3152 735
2815 3081 2899 3135 Me
2933 3094 3066 3134 vero
3089 3081 3199 3150 jam
3240 3079 3534 3146 exbilarat,

272 3170 396 3223 Καὶ
419 3170 505 3235 τίς
534 3173 713 3245 ἐκείνη
743 3174 776 3244 η
808 3174 989 3244 ἡμέρα
1020 3175 1171 3246 ὑμῖν,
1219 3179 1312 3231 καὶ
1371 3181 1501 3232 ποία
1532 3181 1717 3247 ἔσταις
1748 3183 1851 3235 ὲπ-

1959 3177 2102 3247 quod
2170 3190 2385 3231 mecum
2442 3174 2498 3228 in
2551 3173 2737 3228 animo
2792 3171 3086 3227 considero
3141 3180 3199 3225 et
3258 3171 3534 3240 praevideo

272 3263 645 3334 ανερχομένου
688 3264 791 3335 μὲν
827 3265 922 3319 τοῦ
965 3265 1197 3335 ἀδελφοῦ
1243 3283 1369 3337 μου,
1391 3268 1762 3338 παυσαμένων
1799 3269 1857 3322 δὲ

274 3356 389 3408 τῶν
418 3357 855 3428 προγενομένων,
883 3360 975 3412 καὶ
1002 3360 1101 3429 τῆς
1132 3360 1506 3432 πολυτιμήτου
1539 3361 1664 3413 κατ’
1688 3360 1854 3432 εὐχὴν
1888 3358 1901 3365 “

274 3449 544 3503 ἐπανόδου
587 3453 668 3516 είς
711 3451 1052 3523 εὐφροσύνην
1088 3451 1212 3506 τινὰ
1254 3452 1637 3524 πληρεστάτην
1675 3456 1856 3525 χαρᾶς

276 3544 663 3616 συναπτούσης
688 3547 814 3608 τοὺς
844 3546 1076 3608 πάντας.
1105 3545 1171 3598 Ἦ
1195 3545 1423 3617 τοιαύτη
1454 3547 1597 3617 χαρὰ
1627 3548 1770 3600 κατὰ
1793 3545 1856 3599 τδ

282 3635 545 3705 μέγιστον
575 3637 767 3708 μέχρις
796 3639 955 3710 ἡμῶν
986 3639 1178 3707 φθάνει
1203 3655 1219 3671 υ
1248 3633 1331 3701 οἷς
1359 3639 1545 3693 θεόθεν
1573 3639 1666 3692 καὶ
1692 3638 1855 3696 τοῦτο

282 3731 686 3800 συγχωρεῖσθαι
718 3732 1082 3801 συνέστηκεν,
1113 3733 1263 3794 ὅπως
1293 3732 1372 3795 είς
1400 3731 1604 3799 γνῶσιν
1632 3730 1731 3785 τοῦ
1758 3748 1855 3802 τη-

284 3823 537 3877 λικούτου
579 3825 771 3896 ἀνδρὸς
815 3826 992 3880 ἐλθεῖν
1031 3825 1376 3899 δυνηθῶμεν.
1412 3826 1509 3890 Ei;
1551 3826 1719 3899 εὐχὴν
1757 3823 1853 3882 οὖν

281 3918 383 3987 τὴν
416 3917 705 3990 ἐπιστολὴν
734 3919 1020 3973 τελειῶσαι
1063 3919 1247 3973 καλόν.
1285 3919 1345 3974 Ὀ
1384 3918 1546 3983 Θεὸς,
1583 3920 1611 3971 ὀ
1651 3933 1852 3973 παντο-

286 4009 543 4081 κράτωρ,
587 4012 684 4064 καὶ
722 4010 751 4061 ὁ
788 4009 983 4063 τούτου
1027 4010 1158 4074 Υίὸς
1200 4013 1229 4064 ό
1272 4011 1478 4081 Κύριος
1521 4011 1617 4064 καὶ
1658 4010 1854 4081 Σωτὴρ

288 4102 447 4170 ἡμῶν
480 4102 690 4171 Ἰησοῦς
737 4102 973 4173 Χριστὸς
1018 4102 1239 4174 διηνεκῆ
1285 4105 1386 4171 τὴν
1432 4102 1599 4174 χάριν
1644 4104 1852 4173 ταύτην

289 4185 753 4267 ὑμῖναπαράσχοι,
785 4196 964 4259 διδοὺς
996 4195 1231 4249 ἔπαθλον
1263 4198 1330 4267 τῇ
1369 4196 1659 4267 θαυμαστῇ
1697 4196 1853 4267 ὑμῶν

292 4289 576 4361 πίστει,ῆν
605 4288 734 4361 περὶ
761 4290 855 4344 τὸν
914 4289 1214 4346 ἐπίσκοπον
1243 4290 1399 4360 ὑμῶν
1415 4289 1615 4360 ἐνδόξῳ
1647 4305 1854 4359 μαρτυ-

296 4377 382 4449 ρίᾳ
410 4377 769 4443 ἐνεδείξασθε,
801 4378 890 4432 ῐνα
919 4378 1051 4449 ὑμῖν
1079 4395 1139 4432 τε
1169 4379 1266 4432 καὶ
1294 4380 1408 4442 τοῖς
1438 4377 1561 4449 μεθ’
1585 4378 1731 4448 ὑμᾶς
1761 4380 1853 4431 ὲν-

1956 3267 2395 3339 uuiuscujusque
2430 3277 2673 3321 vestrum
2712 3265 2767 3319 in
2804 3263 2985 3318 reditu
3020 3264 3169 3318 illius
3189 3263 3449 3333 gaudium
3480 3272 3538 3317 et

1958 3361 2335 3447 multitudinis
2370 3358 2733 3414 sanctissimae
2777 3356 3226 3421 occursationes,
3267 3371 3370 3411 nec
3426 3372 3538 3411 non

1954 3453 2249 3524 praeclaros
2274 3446 2332 3507 et
2368 3451 2541 3506 festos
2590 3452 3048 3506 concurrentium
3082 3446 3368 3504 hominum
3401 3464 3539 3502 con-

1953 3559 2174 3600 ventus.
2226 3544 2295 3598 Et
2344 3558 2465 3613 qua:
2509 3542 2731 3598 tandem
2779 3551 2836 3598 et
2888 3541 3066 3611 qualis
3103 3558 3165 3596 ea
3224 3541 3411 3596 futura
3452 3550 3539 3596 est

1955 3638 2114 3693 dies?
2141 3654 2266 3692 cum
2324 3638 2494 3693 frater
2538 3636 2760 3707 quidem
2811 3650 2971 3690 meus
3008 3633 3340 3689 restituetur
3376 3651 3392 3689 :
3439 3635 3538 3704 qui

1955 3746 2088 3787 vero
2108 3740 2237 3787 ante
2255 3746 2384 3787 eum
2421 3730 2598 3795 fuere,
2626 3729 2999 3785 destituentur
3033 3746 3048 3781 :
3083 3737 3140 3783 et
3172 3728 3537 3782 honoratissi-

1955 3839 2079 3882 mus
2133 3823 2622 3894 optatissimusque
2677 3822 2889 3877 reditus
2941 3822 2996 3875 in
3048 3820 3294 3875 laetitiam
3333 3822 3539 3892 gaudio

1954 3917 2328 3992 plenissimam
2352 3931 2448 3972 vos
2476 3915 2668 3970 etl‘eret
2694 3913 3094 3981 omnes?Quod
3122 3929 3254 3969 sane
3275 3914 3537 3985 gaudium
3576 3974 3579 3977 Α

1955 4012 2193 4067 maxima
2225 4026 2293 4066 ex
2324 4019 2481 4080 parte
2510 4006 2577 4061 ad
2617 4021 2722 4060 nos
2749 4006 2917 4060 etiam
2952 4007 3235 4077 pertingit,
3265 4006 3466 4075 quibus
3505 4023 3533 4059 a

1955 4106 2068 4161 Deo
2096 4114 2153 4160 et
2188 4105 2294 4159 hoc
2320 4116 2647 4163 concessum
2674 4110 2780 4160 est,
2802 4107 2863 4152 ut
2895 4099 2950 4152 in
2981 4098 3117 4153 tanti
3155 4098 3255 4152 viri
3284 4100 3565 4161 notitiam,

1954 4198 2246 4267 pervenire
2297 4196 2659 4266 potuerimus.
2718 4193 2977 4248 Sedenim
3024 4193 3315 4262 pulchrum
3349 4193 3537 4258 fuerit,

1953 4289 2239 4360 epistolam
2267 4280 2588 4358 precatione
2634 4285 2920 4339 claudere.
2955 4281 3322 4352 Omnipotens
3370 4284 3535 4348 Deus,

1954 4396 2118 4456 atque
2136 4386 2302 4456 hujus
2325 4382 2521 4443 Filius,
2547 4381 2810 4436 Dominus
2834 4389 2890 4434 et
2913 4378 3159 4434 Salvator
3180 4380 3541 4435 nosterJesus

291 4468 459 4523 ταῦθα
490 4471 584 4523 καὶ
615 4472 674 4523 ἐν
727 4470 808 4538 τῷ
844 4470 1092 4559 μέλλοντι
1152 4472 1221 4524 τὰ
1284 4470 1535 4541 βελτίονα
1606 4471 1782 4544 μένῃ,
1817 4470 1856 4545 ἃ*

1959 4478 2236 4539 Christus,
2267 4477 2499 4547 gratiam
2533 4476 2675 4530 hanc
2693 4474 2851 4529 vobis
2882 4483 3202 4544 perpetuam
3233 4487 3356 4527 esse
3381 4474 3535 4538 velit,

290 4560 558 4631 ὀφθαλμὸς
591 4560 692 4615 οὐκ
712 4557 819 4615 οἵδε
843 4605 857 4626 ,
876 4557 976 4617 ’καὶ
997 4559 1090 4625 οὖς
1112 4563 1216 4616 οὐκ
1242 4563 1464 4633 ἤκουσε.
1485 4564 1580 4616 καὶ
1602 4562 1697 4617 ἐπὶ
1721 4580 1856 4633 καρ-

1962 4572 2054 4641 qui
2085 4571 2369 4642 praemium
2403 4568 2745 4626 admiranda:
2771 4565 2896 4625 ﬁdei
2927 4575 3125 4621 vestra:
3156 4565 3333 4624 dedit.
3366 4581 3531 4636 quam
3561 4558 3575 4576 ‘

292 4652 402 4706 δίαν
436 4651 723 4719 ἀνθρώπου
773 4655 873 4706 οὐκ
900 4654 1068 4725 ἀνέϐη
1090 4692 1105 4715 .
1135 4652 1172 4708 ἃ
1196 4653 1496 4723 ἡτοίμασεν
1526 4656 1555 4708 ὀ
1582 4654 1716 4718 Θεὸς
1741 4658 1854 4718 τοῖς

293 4746 571 4813 ἀγαπῶσιν
587 4745 750 4799 αὐτὸν
766 4746 855 4800 διὰ
874 4745 967 4800 τοῦ
992 4746 1198 4817 Κυρίου
1216 4746 1250 4818 η
1258 4745 1374 4815 μῶν
1389 4746 1566 4816 Ἰησοῦ
1587 4747 1853 4818 Χριστοῦ,

292 4838 355 4892 δι’
376 4838 436 4892 οὗ
462 4839 539 4909 τῷ
570 4839 975 4908 παντοκράτορι
1003 4838 1125 4909 Θεῷ
1154 4841 1188 4907 ἡ
1219 4837 1349 4903 δόξα
1377 4840 1458 4903 είς
1485 4838 1615 4902 τοὺς
1645 4840 1852 4902 αίῶνας

294 4933 392 4984 τῶν
425 4933 657 4989 αἰώνων.
688 4933 881 5005 Ἀμήν.
917 4932 1206 5005 Ερρῶσθαι
1240 4932 1385 5002 ὑμᾶς
1417 4932 1676 5004 εὔχομαι,
1710 4935 1851 5000 ἀγα-

294 5026 446 5095 πητοὶ
474 5025 714 5093 ἀδελφοί.
748 5043 768 5077 ι

1963 4665 2017 4718 in
2047 4665 2303 4734 episcopo
2330 4670 2512 4715 vestro
2531 4659 2797 4730 praclaro
2828 4658 3146 4714 testimonio
3164 4659 3498 4714 exhibuistis
3522 4678 3536 4714 :

1960 4763 2017 4810 et
2048 4764 2105 4809 ut
2133 4753 2290 4809 vobis
2320 4762 2374 4808 et
2403 4752 2640 4822 posteris
2662 4750 2864 4806 vestris
2886 4791 2900 4816 ,
2932 4758 2987 4805 et
3027 4750 3116 4805 hic
3152 4759 3208 4805 et
3241 4750 3294 4805 in
3328 4751 3534 4818 futuro,

1960 4847 2105 4902 bona
2129 4861 2193 4902 ea
2227 4854 2507 4909 maneant,
2533 4859 2657 4913 quae
2697 4858 2801 4898 nec
2834 4843 3029 4898 oculus
3059 4830 3227 4911 vidit,
3254 4860 3354 4900 nec
3385 4846 3539 4901 auris

1961 4939 2191 5004 audivit,
2226 4953 2329 4994 nec
2358 4938 2412 4992 in
2449 4953 2545 4993 cor
2567 4936 2806 4991 hominis
2838 4935 3235 5002 conscendere,
3271 4953 3395 5007 quae
3429 4938 3540 4992 sci-

1963 5031 2094 5087 licet
2122 5029 2450 5101 praeparavit
2480 5027 2627 5082 Deus
2651 5027 3011 5096 diligentibus
3029 5041 3112 5094 se,
3127 5043 3227 5098 per
3246 5028 3541 5083 Dominum

294 5135 530 5177 nostrum
558 5122 745 5177 Jesum
775 5123 1090 5190 Christum,
1133 5139 1233 5195 per
1283 5140 1450 5196 quem
1499 5127 1867 5198 omnipotenti
1915 5132 2023 5186 Deo
2072 5129 2247 5201 gloria
2282 5129 2356 5186 sit
2413 5129 2468 5182 in
2503 5128 2702 5183 saecula
2745 5127 3096 5183 saeculorum.
3121 5129 3318 5181 Amen.
3348 5122 3543 5178 Valere

294 5231 383 5272 vos
410 5227 541 5286 opto
559 5256 575 5283 ,
605 5217 805 5273 fratres
828 5216 1042 5272 dilecti.
1078 5230 1085 5236 '

853 5359 1106 5416 ΚΕΦΑΛ.
1144 5361 1272 5416 Kl".

298 5472 423 5541 Περὶ
480 5489 599 5525 των
628 5471 744 5545 ,τῆς
772 5473 1167 5545 κἈντιοχεΙας
1221 5472 1547 5545 ἀρχιερέων
1566 5490 1579 5506 ·
1605 5475 1705 5529 καὶ
1740 5476 1852 5545 τῆς

356 5544 711 5610 κακοηθείας
742 5542 1074 5611 Στεφάνου,
1103 5542 1175 5597 ὃν
1210 5547 1495 5610 Λεόντιος
1520 5542 1851 5612 διεδέξατο.

356 5654 576 5716 Τούτοις
603 5653 757 5725 ὠχυρ
779 5654 969 5723 υμένος
996 5657 1109 5717 τοῖς
1140 5657 1469 5724 γράμμασιν
1507 5656 1850 5722 Ἀθανάσιος,

298 5749 363 5808 είς
381 5746 479 5815 τὴν
509 5746 586 5798 ἕω
611 5746 845 5799 διέϐαινε
871 5747 1007 5815 «pb,-
1035 5746 1135 5815 τὴν
1154 5745 1254 5813 τῆς
1276 5747 1475 5814 Συρίας
1493 5749 1850 5818 Ἀντιόχειαν,

298 5842 413 5903 ὅπου
472 5840 772 5910 τηνικαῦτα
829 5842 1101 5912 διέτριϐεν
1153 5843 1180 5893 ὁ
1213 5842 1616 5906 Κωνστὰντιος.
1649 5844 1757 5913 Τῆς
1808 5846 1852 5897 δ’

2442 5402 2451 5405 -
2519 5352 2745 5410 CAPUT
2785 5354 2974 5410 XXIII.

2069 5472 2147 5527 De
2196 5470 2534 5525 Antiochenis
2560 5472 2815 5540 episcopis
2845 5487 2865 5524 :
2887 5480 2935 5525 et
2963 5472 3025 5525 de
3067 5470 3436 5525 malevolentia

2273 5541 2550 5611 Stephani,
2583 5543 2666 5595 cui
2695 5541 2938 5596 Leontius
2965 5543 3234 5596 successit.

2034 5655 2192 5712 Hisce
2233 5656 2539 5710 instructus
2562 5655 2761 5711 litteris
2794 5654 3224 5721 Athanasius,in
3254 5653 3540 5708 Orientem

1965 5750 2311 5807 Antiochiam
2366 5746 2556 5819 Syrias,
2589 5749 2681 5804 ubi
2739 5736 2861 5802 tum
2905 5746 3266 5803 Constantius
3318 5744 3537 5816 agebat,

1966 5845 2243 5919 profectus
2270 5851 2374 5896 cst.
2413 5841 2727 5898 Ecclesiatu'
2748 5850 2928 5898 autem
2959 5839 3035 5896 ibi
3065 5839 3291 5913 regebat
3314 5852 3384 5895 eo
3404 5848 3535 5897 trmv
