3990 6452
482 372 589 437 3ἰ9

1697 381 2114 441 mceruom
2159 379 2506 440 CALLISTI
2567 445 2582 455 ,

3597 377 3690 441 320

480 472 637 559 μοι-ε’
662 486 950 543 Leontius.
991 489 1064 544 Ex
1106 506 1214 559 quo
1247 494 1393 546 enim
1439 495 1760 548 Eustathius
1797 495 2051 549 exsulare

2161 493 2332 545 ἐκεῖσε
2356 484 2657 557 ἐκκλησίας
2679 490 2776 552 τὰς
2830 489 2980 559 ίερὰς
3013 488 3166 559 ἡνίας
3195 488 3315 542 τότε
3339 488 3507 544 διεῖπε
3545 492 3691 547 Δεόνς

479 580 669 649 jussus
699 580 897 646 fueral,
939 582 1098 635 sicuti
1144 600 1305 653 supra
1342 585 1600 646 diximus.
1631 587 1843 654 primus
1864 587 2051 641 sedem

483 687 605 725 eam
650 672 888 725 obtinuit
923 673 1294 741 Euphronius,
1331 677 1417 729 cui
1474 678 1739 731 successit
1765 677 2006 732 Placitus
2037 715 2052 738 ,

487 776 654 832 alque
709 765 837 817 huic
890 781 1106 819 rursum
1155 766 1484 835 Stephanus.
1531 769 1629 822 Hic
1656 785 1781 822 vero
1832 778 2057 839 propter

487 855 675 907 dolum
707 863 761 907 et
800 856 1044 923 insidias,
1076 860 1211 926 qhas
1247 874 1343 927 per
1369 862 1735 929 propinquum
1764 862 2056 930 quemdam

487 964 647 1000 suum
679 949 862 1002 animo
896 950 1056 1004 simul
1087 963 1142 1005 ct
1174 954 1418 1007 moribus
1452 953 1851 1008 ferocissimum
1873 958 2059 1017 ,‘Oua—

482 1056 639 1104 grutn
707 1042 949 1103 nomine.
1015 1043 1185 1096 Roma
1267 1045 1620 1099 venientibus
1673 1062 1703 1099 a
1755 1045 2057 1101 Constante

479 1131 672 1198 lcgaIis
723 1133 815 1200 qui
874 1132 1182 1189 Constantii
1234 1144 1355 1190 erat
1415 1137 1607 1200 frater,
1668 1138 1948 1207 Euphrate
2001 1149 2059 1194 et

480 1222 771 1276 Vincentio
797 1224 1071 1293 episcopis
1103 1240 1204 1296 pro
1229 1227 1529 1282 Athanasio
1572 1230 1777 1291 missis,
1813 1231 2061 1284 tetendec

482 1324 600 1368 rat:
636 1331 663 1367 a
700 1314 1026 1369 Constantio
1049 1318 1232 1385 judice
1257 1361 1272 1383 ,
1303 1329 1450 1373 utea
1483 1322 1748 1390 dignitate
1779 1323 2056 1393 indignus,

482 1405 720 1467 reiectus
772 1412 876 1457 est.
914 1404 1077 1476 736
1114 1407 1342 1461 Veritati
1371 1409 1517 1462 enim
1552 1410 1815 1464 adversus
1838 1451 1853 1474 ,
1877 1414 2058 1466 omnis

482 1495 700 1563 generis
728 1498 986 1551 :rrumuis
1016 1512 1081 1551 eo
1105 1499 1197 1567 qui
1228 1514 1328 1567 pro
1360 1515 1487 1553 vera
1518 1499 1769 1555 doctrina
1817 1503 2054 1565 stabant.

484 1586 698 1639 amixit.
735 1586 799 1641 Et
844 1591 1020 1642 forum
1074 1591 1480 1658 perambulans,
1537 1592 1837 1662 domosque
1878 1593 2060 1665 ingre-

484 1680 663 1740 diens,
706 1696 813 1732 non
851 1680 999 1735 viros
1030 1689 1241 1735 tantum
1266 1722 1281 1746 ,
1319 1683 1415 1737 sed
1463 1694 1520 1739 et
1560 1685 1820 1740 mulieres
1848 1688 2059 1755 pudore

483 1780 541 1823 et
573 1771 864 1825 sanctitate
896 1772 1017 1826 vita!
1047 1782 1323 1842 spectatas
1363 1775 1642 1843 pulsavit,
1681 1778 2058 1848 conviciisque

483 1862 768 1930 proscidit.
793 1863 888 1917 Vel
916 1860 984 1916 ex
1019 1879 1086 1917 eo
1140 1866 1259 1921 solo
1297 1870 1442 1936 quod
1497 1867 1551 1922 in
1588 1870 1780 1937 legatis
1813 1871 2057 1934 admisit.

438 1988 441 1991 μ
483 1952 662 2017 qualis
720 1956 802 2005 vir
856 1953 1058 2015 fuerit.
1101 1958 1234 2010 satis
1275 1959 1551 2027 conjicere
1609 1960 1761 2015 licet.
1812 1962 2060 2017 Metuens

485 2059 723 2111 namque
753 2046 826 2114 (Ι)
877 2062 945 2100 ne
983 2048 1354 2116 Athanasius,
1393 2053 1550 2122 cujus
1606 2053 1777 2121 gratia
1822 2055 2058 2109 maxime

478 2131 680 2201 legatio
729 2134 835 2189 ista
911 2137 1075 2191 missa
1138 2137 1362 2203 fuerat,
1432 2143 1696 2196 ecclesias
1753 2143 2052 2211 reciperet.

480 2225 721 2293 puellam
748 2242 846 2296 per
868 2226 1145 2297 Onagrum
1193 2246 1354 2284 suum
1405 2247 1435 2286 e
1468 2233 1777 2302 prostibulo
1801 2235 2056 2291 mercede

479 2316 807 2368 conductam
841 2357 856 2381 ,
900 2319 977 2371 in
1040 2321 1428 2389 episcoporum
1493 2324 1733 2393 hospitio
1777 2326 2053 2380 collocat:

479 2406 680 2458 deinde
716 2421 826 2460 non
855 2410 1013 2476 longe
1052 2410 1122 2465 ab
1147 2426 1215 2464 eo
1242 2413 1364 2467 loco
1396 2414 1804 2482 improbissime
1832 2418 2058 2472 insidias

477 2510 580 2565 per
630 2498 880 2552 homines
929 2501 1220 2557 seditiosos
1273 2505 1547 2573 disponit,
1582 2516 1642 2562 ut
1670 2523 1798 2563 cum
1847 2511 2055 2577 impetu

478 2587 535 2640 in
585 2598 896 2641 sanctorum
936 2592 1180 2647 virorum
1239 2594 1521 2650 irruerent
1577 2599 1743 2655 :edes.
1806 2600 2054 2665 Quorum

478 2678 620 2730 alter
649 2693 774 2733 cum
836 2681 1124 2749 impudica:
1175 2684 1324 2740 illius
1365 2686 1712 2743 advenientis
1766 2693 2057 2760 strepitum

478 2774 673 2830 sensit,
720 2770 1024 2827 daemonem
1051 2789 1173 2829 esse
1220 2786 1394 2840 ratus,
1454 2781 1722 2848 psalmum
1756 2785 2051 2842 succinuit.

477 2860 652 2930 llnjus
704 2862 904 2919 fabula;
951 2878 1008 2921 et
1060 2870 1467 2939 sycophantiae,
1501 2875 1644 2929 unde
1676 2884 1732 2931 et
1778 2878 2059 2947 quomodo

480 2952 731 3008 instituta
762 2965 943 3018 esset.
977 2963 1272 3027 quaesitore
1316 2963 1436 3031 ipso
1465 2965 1826 3033 imperatore,
1859 2981 2055 3023 auctor

2154 601 2289 645 τιος.
2328 583 2464 636 Μεθ’
2491 582 2519 635 δ
2544 583 2648 650 γὰρ
2677 580 2977 642 Εὐστὰθιος
3002 583 3083 643 εἰς
3114 581 3414 649 φυγαδείαν
3437 583 3694 655 ἠλαύνετο,

2156 677 2232 740 ὡς
2256 678 2585 748 διείληπται,
2611 676 2829 744 πρῶτος
2858 675 3028 741 ἐπέϐη
3063 675 3157 727 τοῦ
3187 674 3376 744 θρόνου
3403 677 3603 746 Εὐφρόν
3625 695 3695 741 ος,

2156 765 2214 818 ὃν
2245 766 2529 834 Πλάκητος
2562 765 2834 829 διεδέξατο
2855 781 2869 794 ·
2892 764 2982 817 τὸν
3009 764 3065 817 δὲ
3113 764 3411 831 Στέφανος·
3445 764 3499 827 ὃς
3546 783 3695 834 πονη-

2161 858 2260 927 ρὰν
2302 859 2575 926 συσκευὴν
2634 858 2725 910 διά
2783 874 2927 919 τινος
2975 857 3086 909 τῶν
3136 856 3291 926 αὑτῷ
3344 860 3699 929 προσηκόντων

2157 949 2445 1016 ὠμοτάτου
2477 948 2575 1001 καὶ
2605 948 2808 1017 τρόπον
2854 949 2950 1000 καὶ
2978 948 3078 1017 τὴν
3125 947 3325 1018 ψυχὴν,
3355 949 3608 1017 Ὀναγρος
3640 946 3701 1020 ἦν

2159 1040 2309 1108 αὐτῷ
2359 1040 2561 1109 ὄνομα,
2611 1039 2920 1108 ἐξαρτύσας
2975 1042 3088 1102 τοῖς
3146 1042 3211 1091 ἐκ
3261 1038 3480 1107 Ῥώμης
3528 1042 3702 1110 ἥκουσι

2158 1132 2422 1199 πρέσϐεσι
2452 1134 2600 1201 παρὰ
2641 1132 2897 1197 Κώνστα,
2935 1131 2993 1194 ὃς
3028 1132 3126 1195 τὰς
3157 1134 3325 1196 αὐτὰς
3356 1133 3544 1196 ὠδῖνας
3570 1135 3721 1187 κων--

2161 1222 2398 1290 σταντίῳ
2438 1222 2721 1286 διέλυσεν,
2766 1224 2917 1293 ὺπέρ
2978 1223 3299 1276 Ἀθανασίου
3360 1224 3702 1292 πεμφθεῖσιν,

2159 1313 2457 1382 Εὐφρατᾶς
2495 1312 2552 1365 δὲ
2591 1313 2684 1365 καὶ
2719 1314 2996 1374 Βικέντιος
3040 1315 3404 1381 ὠνομάζοντο,
3444 1315 3706 1368 ἐπίσκοποι

2157 1402 2203 1455 δ’
2229 1399 2390 1472 ἦσαν,
2425 1405 2530 1457 ὑπὸ
2568 1406 2928 1478 Κωνσταντξῳ
2959 1406 3259 1471 δικάζοντι,
3288 1406 3362 1465 ὡς
3397 1407 3604 1470 ἀνάξιος
3624 1406 3708 1459 τοῦ

2160 1494 2350 1561 θρόνου
2404 1496 2649 1563 κριθεὶς,
2708 1499 3430 1568 ἀπερῤίφη.Δυσμεναίνων
3494 1498 3598 1566 γὰρ
3648 1501 3708 1566 τῇ

2160 1583 2422 1655 ἀληθείᾳ,
2490 1586 2867 1651 παντοδαπαῖς
2924 1589 3225 1657 περιέϐαλε
3288 1592 3609 1658 συμφοραῖς,
3666 1590 3711 1641 οἳ

2158 1676 2270 1728 τῶν
2307 1675 2487 1744 ὀρθῶν
2525 1676 2815 1745 δογμάτων
2863 1679 3180 1750 ἀντείχοντο
3206 1696 3219 1709 α
3257 1681 3486 1744 αἰκίζων
3523 1697 3579 1732 τε
3627 1681 3711 1734 καί
3792 1688 3801 1698 ’

2160 1766 2587 1835 προπηλακίζων
2620 1764 2721 1837 ἦγε
2757 1767 2846 1819 διὰ
2879 1766 2977 1834 τῆς
3015 1769 3245 1835 ἀγορᾶς,
3282 1767 3459 1821 ἐπιὼν
3484 1769 3599 1837 ταῖς
3639 1769 3711 1818 oi-

2162 1844 2464 1920 κίαις,ὀύκ
2491 1858 2695 1929 ἄνδρας
2728 1860 2908 1930 μόνον,
2950 1860 3089 1912 ἀλλά
3140 1861 3234 1914 καὶ
3272 1861 3555 1927 γυναῖκας,
3588 1859 3716 1912 αἰδοῖ

2163 1950 2258 2002 καὶ
2285 1951 2576 2020 σεμνότητι
2628 1950 2747 2019 βίου
2780 1950 3229 2019 κεκοσμημένας.
3279 1951 3516 2021 Ἀπὸχρη
3566 1951 3616 2003 δέ
3658 1952 3712 2002 τὸ

2165 2042 2305 2093 κατά
2332 2041 2439 2095 τῶν
2474 2042 2761 2112 πρέσϐεων
2811 2044 2970 2112 μόνον
3006 2045 3397 2113 τεκμηριῶσαι
3441 2046 3529 2097 τὸν
3562 2044 3714 2111 ἄνδρα

2168 2131 2371 2191 ὁποῖος.
2410 2129 2606 2189 Δείσας
2660 2132 2765 2204 γὰρ
2823 2134 2895 2201 μὴ
2928 2133 3036 2186 τῶν
3063 2133 3373 2201 ἐκκλησιῶν
3413 2134 3714 2204 ἐπιλήψαιτο
3746 2124 3763 2139 ’

2178 2220 2523 2284 Ἀθανάσιος,
2562 2224 2706 2293 ὑπὲρ
2737 2215 2799 2277 οὗ
2845 2224 2939 2276 καὶ
2988 2225 3021 2295 ή
3067 2225 3338 2293 πρεσϐεία
3380 2224 3607 2293 μάλιστα
3636 2220 3715 2292 ἦν,

2166 2314 2462 2382 παιδίσκην
2494 2316 2584 2368 διὰ
2633 2316 2729 2369 τοῦ
2761 2317 3166 2388 προειρημένου
3213 2319 3484 2385 Ὀνάγρου
3524 2319 3601 2385 ἐκ⁸
3631 2334 3717 2386 χο.-

2171 2404 2504 2472 μαιτυπείου
2566 2407 2743 2477 μισθῷ
2775 2409 3121 2480 διαφθείρας,
3162 2410 3455 2463 ὑποϐάλλει
3493 2413 3555 2482 τῇ
3586 2411 3717 2478 οίκίᾳ

2162 2498 2272 2549 τῶν
2302 2498 2619 2553 ἐπισκόπων
2643 2517 2657 2532 ’
2696 2502 2890 2554 ἔπειτα
2923 2503 3077 2574 λόχον
3121 2504 3181 2556 οὐ
3221 2504 3510 2574 πόρρωθεν
3534 2504 3717 2570 στήσας

2168 2592 2503 2661 κακουργίας
2555 2594 2777 2660 μεστὸν.
2811 2594 3007 2663 ἀθρόον
3040 2596 3334 2664 ἐπιστῆναι
3372 2595 3716 2669 παρασκευὰ-

2168 2681 2251 2743 ζει
2275 2684 2343 2752 τῇ
2375 2686 2673 2753 καταγωγῇ
2702 2685 2811 2735 τῶν
2847 2685 3007 2737 θείων
3031 2685 3261 2754 ἀνδρῶν.
3290 2682 3393 2740 ’Ὧν
3426 2688 3612 2756 ἅτερος
3646 2685 3718 2740 αἰ-

2165 2774 2422 2843 σθόμενος
2446 2777 2542 2844 τῆς
2562 2777 2861 2829 ἀκολάστου
2891 2783 2982 2830 τὸν
3004 2780 3174 2846 ψόφον
3206 2779 3371 2848 ἡνίκα
3392 2780 3580 2850 είσῄει.
3610 2777 3714 2831 δαί·

2168 2885 2305 2939 μονα
2360 2871 2592 2940 οἰηθεὶς,
2622 2869 2836 2941 ψαλμὸν
2866 2873 3059 2943 ὐπῇδε.
3094 2873 3199 2926 Τοῦ
3226 2875 3282 2927 δὲ
3308 2875 3579 2945 δράματος
3610 2873 3715 2926 ὅθεν

2162 2965 2257 3019 καὶ
2287 2966 2432 3028 ὅπως
2482 2965 2699 3032 γέγονε,
2731 2967 2914 3035 κρίσει
2941 2966 3035 3019 τοῦ
3063 2966 3393 3034 κρατοῦντος
3424 2966 3717 3036 ἀνευρεθέν-

374 3234 379 3239 ‘
474 3228 738 3284 delectus.
764 3231 935 3297 Quem
961 3238 1295 3292 Athanasius
1319 3253 1544 3309 propter
1570 3242 1769 3313 dogma
1787 3246 2052 3315 deprava-

480 3054 731 3111 repertus
790 3048 1146 3117 Stephanus,
1202 3064 1259 3107 ut
1314 3056 1510 3109 nefarii
1569 3058 1800 3113 sceleris
1854 3061 2055 3116 artifex

2161 3073 2274 3119 τος,
2302 3057 2378 3119 ὡς
2404 3058 2705 3126 αὐτουργὸς
2730 3059 2827 3126 τῆς
2851 3058 3110 3126 ἀθεμίτου
3137 3060 3393 3129 πράξεως
3423 3060 3715 3130 καθῄρηται

477 3138 863 3195 exauctoratus
890 3152 993 3207 est,
1027 3156 1081 3197 et
1117 3146 1384 3202 Leontius
1411 3150 1717 3206 Antiochiae
1758 3154 2054 3223 episc0pus

2163 3149 2456 3215 Στέφανος.
2488 3150 2739 3213 Λεόντιος
2768 3150 2825 3203 δὲ
2856 3154 2938 3214 εἰς
2967 3151 3272 3221 ἐπιτροπὴν
3295 3154 3396 3219 τῆς
3413 3153 3717 3221 Ἀντιοχέων

2171 3236 2501 3309 Ἑκκλησίας
2567 3239 2801 3309 ἐκρίθη·
2859 3240 2919 3293 δν
2976 3240 3298 3305 Ἀθανάσιος
3351 3242 3427 3307 ὡς
3494 3242 3620 3309 περὶ
3667 3239 3719 3292 τὸ

477 3334 592 3376 tum
635 3324 906 3389 devitans,
962 3343 1085 3383 cum
1138 3331 1534 3395 Eustathianis,
1568 3338 1663 3403 qui
1718 3336 1774 3390 iu
1828 3340 2056 3406 privatis

2161 3326 2338 3395 δόγμα
2392 3328 2651 3397 κίϐδηλον
2705 3330 3030 3400 ἐξετρέπετο
3054 3347 3068 3362 ·
3120 3333 3232 3393 τοῖς
3267 3330 3315 3384 δ’
3345 3332 3457 3386 ἀπὸ
3488 3330 3597 3384 ’τοῦ
3629 3331 3720 3382 Εὐ-

474 3413 685 3467 ardibus
711 3416 973 3471 ecclesias
1001 3432 1057 3472 et
1094 3432 1398 3476 conventus
1444 3422 1699 3492 agebant,
1732 3427 2051 3482 communi-

2161 3419 2379 3472 παθίου
2412 3422 2471 3474 ἐν
2507 3422 2737 3475 ἰδιωτῶν
2775 3423 2978 3486 οἰκίαις
3018 3422 3477 3494 ἐκκλησιάζουσιν
3516 3418 3721 3479 ἐκοινώ-

477 3522 495 3554 ι
512 3504 645 3558 avit.
1138 3540 1147 3547 ο
1829 3536 1838 3549 ·
2160 3528 2265 3568 νει.

1043 3623 1267 3680 CAPUT
1317 3624 1527 3690 XXIV.,
1578 3646 1616 3657 ’-

481 3710 549 3767 Ut
586 3713 912 3769 Athanasius
961 3715 1027 3795 sit
1076 3726 1348 3785 receptus,
1399 3724 1560 3791 atque
1612 3731 1895 3777 sectatores
1943 3725 2058 3795 ejus
2108 3764 2114 3769 -

935 3786 1080 3841 aedes
1112 3803 1240 3842 sua:
1281 3786 1593 3860 receperint.

436 3902 463 3927 ί
548 3899 613 3954 Ει
658 3897 1014 3957 Constantius
1063 3904 1285 3973 quidem
1318 3922 1427 3963 non
1469 3908 1748 3969 illibenter
1796 3925 1923 3965 eum
1964 3927 2059 3967 su-

474 3992 670 4060 scepit,
698 3993 1056 4051 nihilominus
1077 4007 1258 4053 tamen
1283 3999 1724 4057 benevolentiam
1746 4003 2057 4060 humanita-

478 4096 700 4154 temque
739 4088 861 4157 ejus
886 4094 1132 4146 tentavit.
1158 4092 1417 4161 Captioso
1441 4095 1589 4149 enim
1620 4110 1872 4151 sermone
1905 4110 2053 4162 eum,

474 4177 916 4233 adversariorum
959 4184 1306 4251 suggestione
1331 4225 1345 4249 ,
1380 4185 1571 4241 fallere
1618 4189 1844 4250 volens.
1879 4190 1960 4245 sic
1988 4191 2054 4246 ad

474 4286 598 4325 eum
636 4273 854 4328 locutus
895 4276 1147 4346 estzEgo
1175 4277 1397 4346 quidem
1432 4279 1500 4333 de
1532 4282 1806 4335 communi
1857 4285 2049 4351 synodi

476 4363 769 4429 sententia,
790 4363 1082 4433 fratrisque
1098 4376 1153 4421 et
1173 4382 1310 4431 mea,
1332 4369 1426 4424 tibi
1459 4371 1601 4440 quod
1622 4381 1777 4440 optas
1805 4372 2048 4441 perﬁcio,

474 4467 532 4510 et
569 4457 825 4511 thronum
858 4458 957 4512 tibi
1003 4468 1155 4511 tuum
1203 4460 1381 4514 trado.
1413 4459 1655 4529 Equum
1690 4479 1824 4518 vero
1862 4476 1965 4527 eat,
2002 4474 2053 4519 te

2216 3670 2239 3689 .
2742 3630 2996 3686 ΚΕΦΑΔ.
3031 3631 3158 3685 ΚΔν.
3434 3700 3438 3704 θ

2175 3716 2273 3785 Ὠς
2304 3720 2621 3789 εἰσεδέχθη
2672 3722 3058 3792 Ἀθανάσιος,
3119 3723 3218 3776 καί
3250 3725 3307 3777 ot
3369 3723 3503 3792 περὶ
3550 3721 3722 3776 αὐτὸν

2408 3793 2549 3856 τοὺς
2578 3794 2837 3859 οἰκείους
2860 3791 3170 3847 ἀπέλαϐον
3201 3791 3482 3862 θρόνους.

2230 3907 2613 3973 Κωνστάντιος
2646 3907 2746 3969 μὲν
2778 3906 2878 3959 οὐκ
2911 3906 3168 3976 ἀπεχθῶς
3201 3907 3368 3961 αὐτὸν
3403 3908 3680 3971 ἀνεδέξατο
3700 3921 3714 3937 ο

2159 4001 2308 4068 ὅμως
2337 3999 2383 4052 δ’
2411 3997 2569 4052 εὔνου
2598 3999 2695 4053 καὶ
2741 3998 3022 4062 ἐπιεικοῦς
3057 3998 3222 4052 αὐτοῦ
3249 4000 3537 4072 ἐπειρᾶτο.
3569 3999 3721 4067 Σοφί-

2159 4092 2350 4158 ζεσθαι
2396 4093 2453 4146 δὲ
2499 4092 2672 4146 θέλων
2722 4091 2834 4144 τῶν
2868 4092 2938 4145 δι’
2984 4093 3235 4155 ἐναντίας
3295 4094 3716 4149 ὑποϐαλλόντων,

2157 4185 2285 4238 τάδε
2320 4185 2455 4252 πρὸς
2488 4184 2650 4236 αὐτὴν
2688 4182 2877 4250 ἔλεγεν
2905 4200 2921 4213 ·
2948 4182 3092 4251 Ἐγὼ
3122 4184 3223 4252 μὲν
3256 4185 3361 4254 ἤδη
3391 4186 3556 4255 ψήφῳ
3578 4183 3717 4249 κοινῇ

2158 4274 2219 4328 τὸ
2250 4276 2334 4327 σοὶ
2364 4276 2502 4345 πρὸς
2540 4273 2734 4343 βουλῆς
2762 4275 3099 4345 ἐκπεραίνω,
3140 4276 3235 4328 καὶ
3273 4276 3366 4329 τὸν
3401 4276 3585 4346 θρόνον
3608 4274 3718 4341 ἄρτι

2160 4385 2243 4421 σοι
2273 4368 2589 4437 ἐγχειρίζω.
2624 4368 2846 4430 Δίκαιος
2893 4366 2939 4419 δ’
2970 4366 3035 4419 ἂν
3085 4367 3208 4434 εἴης
3245 4370 3342 4421 καὶ
3376 4370 3464 4431 σὺ,
3499 4366 3621 4437 μίαν
3648 4364 3721 4418 αἱ·

2158 4460 2346 4515 τοῦντι
2386 4461 2548 4531 χάριν
2593 4458 2914 4523 ἀντιδιδούς.
2954 4461 3020 4511 Ἦ
3053 4458 3109 4512 δέ
3162 4461 3280 4512 ἐστι
3332 4461 3466 4528 μίαν
3495 4458 3644 4512 ἐᾶσαί
3667 4473 3718 4508 σε

475 4564 696 4615 quoque
756 4549 894 4602 mihi
954 4548 1092 4602 hanc
1138 4551 1369 4606 reddere
1428 4553 1708 4622 gratiam,
1767 4564 1830 4609 ut
1885 4570 2046 4610 unam

2161 4555 2267 4608 τῶν
2309 4554 2397 4607 ἐπ’
2436 4552 2849 4623 Ἀλεξανδρείας
2885 4550 3196 4621 ἐκκλησιῶν
3238 4552 3292 4605 οἵ
3326 4570 3421 4605 σου
3465 4548 3719 4619 διακρινὸ-

472 4641 815 4695 Alexandria!
843 4641 1129 4697 ecclesiam
1152 4643 1233 4697 eis
1266 4645 1569 4711 permittas,
1611 4647 1708 4716 qui
1741 4661 1771 4701 a
1805 4656 1858 4702 te
1884 4647 2044 4703 dissi-

2161 4662 2299 4698 αενοι
2358 4643 2758 4715 παραιτοῦνται
2809 4645 2909 4711 τὴν
2944 4645 3252 4698 κοινωνίαν.
3303 4647 3616 4705 ’Δθανάσιος
3646 4643 3713 4699 δὲ,

475 4736 687 4796 dentes,
718 4748 747 4786 a
773 4736 1159 4789 communione
1193 4746 1282 4790 tua
1315 4736 1635 4793 abhorrent.
1659 4738 1840 4808 Atque
1876 4740 2046 4792 Atha-

2161 4737 2257 4790 Καὶ
2287 4735 2430 4805 μάλα
2456 4752 2520 4802 γε
2545 4736 2751 4789 δίκαιόν
2775 4753 2858 4789 σοι
2878 4735 3222 4805 πειθαρχεῖν,
3244 4736 3373 4804 ἔφη,
3400 4731 3443 4789 ὦ
3464 4732 3673 4804 βασιλεῦ
3700 4736 3712 4749 ⁸

472 4826 698 4880 nasius:
728 4824 1120 4894 Equissimum
1155 4845 1287 4884 sane
1311 4839 1415 4895 est,
1438 4845 1471 4883 ο
1497 4831 1819 4898 imperator,
1847 4831 2045 4899 inquit,

2161 4832 2242 4882 tat
2273 4830 2373 4900 τὴν
2406 4829 2580 4899 αὐτὴν
2617 4830 3019 4900 παραπλησίως
3049 4825 3204 4892 αὖθις
3236 4832 3399 4899 χάριν
3436 4830 3528 4882 καὶ
3559 4825 3711 4884 αὐτὸς

476 4928 536 4973 ut
558 4934 675 4973 mos
702 4918 795 4975 tibi
823 4931 1060 4991 geratur.
1094 4922 1196 4977 Sed
1225 4924 1473 4978 eamdem
1519 4938 1741 4978 rursum
1777 4939 1809 4979 a
1837 4934 1889 4980 te
1922 4939 2047 4993 gra—

2161 4923 2384 4974 Ξινταιτῶ
2408 4939 2425 4953 ο
2462 4920 2654 4991 ἐπειδὴ
2705 4922 2800 4973 καὶ
2827 4924 2885 4975 ἐν
2910 4924 2977 4990 τῇ
3015 4922 3293 4992 Ἀντιόχου
3315 4922 3443 5011 ,εἰσί
3475 4935 3634 4978 τινες.
3671 4911 3715 4966 οἶ

477 5007 607 5060 tiam
666 5017 812 5076 peto.
868 5009 1320 5079 quandoquidem
1373 5021 1430 5067 et
1459 5013 1767 5068 Antiochiae
1821 5015 2047 5084 quidam

2161 5014 2249 5084 τὴν
2278 5012 2512 5067 ἐνταῦθα
2562 5014 2866 5082 ἱερωσύνην
2906 5015 3294 5082 ἐκτρέπονται,
3315 5007 3327 5011 -
3351 5012 3540 5065 κέλευε
3591 5009 3711 5077 μίαν

477 5109 629 5161 sunt,
662 5103 754 5170 qui
805 5118 996 5157 eorum
1039 5107 1503 5171 communionem,
1544 5109 1637 5176 qui
1684 5109 1849 5162 aliter
1886 5123 2048 5177 quam

2161 5107 2249 5159 καὶ
2305 5108 2504 5166 αὐτοὺς
2559 5106 2860 5174 ἐκκλησίαν
2890 5106 3055 5174 ἔχειν,
3087 5107 3180 5158 καὶ
3240 5105 3412 5166 ἀδεῶς
3470 5104 3603 5170 αὐτῇ
3653 5101 3714 5147 τὰ

477 5209 577 5247 nos
602 5196 844 5249 sentiunt
868 5196 956 5250 hic
988 5208 1314 5252 aversantur
1337 5239 1351 5263 ,
1382 5200 1513 5267 jube
1550 5216 1645 5254 eos
1676 5217 1900 5270 quoque
1956 5217 2052 5256 cc-

475 5284 697 5336 clesiam
732 5299 881 5339 suam
917 5285 1137 5346 habere.
1166 5288 1220 5341 in
1257 5304 1360 5356 qua
1388 5289 1561 5343 libere
1596 5289 1829 5359 placitas
1856 5290 1960 5345 sibi
1998 5301 2055 5346 et

480 5382 711 5430 statutas
759 5385 1017 5446 peragant
1048 5380 1408 5433 ceremonias.
1438 5380 1515 5433 Ad
1561 5381 1677 5434 hmc
1708 5396 1833 5434 cum
1881 5382 2054 5445 impe-

481 5479 630 5521 rator
656 5469 801 5536 quod
828 5471 1037 5525 diceret
1067 5487 1172 5527 non
1221 5472 1486 5539 haberet,
1522 5475 1697 5529 satius
1731 5489 1854 5531 esse
1878 5475 2055 5537 duxit,

483 5561 829 5616 adversarios
876 5566 1095 5632 quietos
1141 5580 1263 5620 eSse
1289 5606 1302 5629 ,
1335 5567 1708 5637 petitioneque
1736 5583 1834 5622 sua
1875 5578 1934 5621 ut
1962 5584 2057 5637 pa-

484 5668 605 5705 rum
636 5655 918 5709 commoda
971 5658 1334 5724 supersedere
1367 5675 1380 5712 :
1434 5658 1616 5729 itaque
1652 5659 1788 5714 nihil
1820 5660 2057 5727 amplius

484 5759 729 5801 movere.
768 5747 930 5820 737
978 5751 1153 5819 Atque
1198 5750 1273 5806 illi
1319 5759 1466 5807 recte
1496 5752 1745 5823 profecto
1770 5751 1889 5809 eam
1943 5769 2056 5807 rem

561 5860 639 5933 (Ι)
671 5860 944 5920 Theodur.
979 5864 1078 5919 ιι).
1113 5880 1172 5929 ll,
1214 5882 1312 5933 cap
1368 5866 1420 5922 9.

2156 5201 2380 5271 θυμήρη
2423 5199 2518 5252 καὶ
2548 5199 2780 5252 εἰωθότα
2828 5200 3024 5252 ποιεῖν.
3065 5197 3207 5266 Πρὸς
3236 5197 3392 5250 ταῦτέ
3424 5194 3717 5260 ἀντιλέγειν

2159 5291 2233 5361 μὴ
2283 5291 2425 5362 ἔχων
2480 5294 2509 5345 ὁ
2567 5291 2841 5360 βασιλεὺς.
2894 5289 3120 5356 ἄμεινον
3168 5287 3458 5354 ἐδοκίμαζε
3483 5287 3605 5345 τοὺς
3631 5280 3691 5332 δι’

2155 5384 2407 5447 ἐναντίας
2441 5383 2674 5451 ἡσυχίαν
2699 5384 2872 5448 ἄγειν,
2903 5383 2999 5433 καὶ
3025 5382 3098 5439 ὡς
3130 5378 3420 5446 ἀλυσιτελῆ
3449 5377 3545 5446 τὴν
3567 5376 3711 5440 αἰτη-

2160 5490 2245 5528 σιν
2273 5473 2701 5546 ὑπερτίθεσθαι·
2738 5475 2834 5525 καὶ
2880 5473 3034 5524 οὐδὲν
3071 5472 3232 5524 πλέον
3264 5472 3481 5523 ἐκίνουν
3507 5467 3708 5519 ἐκεῖνοι.

2162 5566 2272 5618 Καὶ
2307 5565 2417 5634 γάρ
2440 5581 2555 5626 πως
2590 5561 2771 5625 καλῶς
2797 5561 3106 5628 ἐλογίζοντο
3135 5563 3210 5624 ὡς
3243 5560 3397 5613 οὐδὲν
3425 5558 3620 5628 μᾶλλον
3649 5552 3711 5603 τὰ

2161 5656 2342 5709 αὐτῶν
2377 5655 2621 5709 ἐπίδοσιν
2654 5655 2714 5706 ἐν
2756 5653 3134 5723 Ἀλεξανδρεία
3165 5652 3301 5716 ἕξει,
3333 5649 3528 5710 ἱκανῶς
3571 5646 3710 5715 ἔχον-

2160 5768 2253 5813 τος
2292 5750 2609 5805 Ἀθανασίου
2642 5749 2701 5801 τό
2732 5765 2791 5801 τε
2840 5750 3040 5801 οἰκεῖον
3084 5745 3341 5817 ἀσφαλῶς
3389 5745 3590 5814 τηρεῖν,
3625 5737 3710 5790 καὶ
