3990 6450
228 387 314 453 321
1150 389 1769 449 ECCLESIASTlCt-E
1812 389 2208 450 msrcma:
2251 354 2397 449 Lm.
2450 386 2554 447 lX.

3392 382 3502 446 32?.

228 502 283 557 τδ
304 498 587 567 ἀλλότριον
616 494 1101 568 προσεπάγεσθαι.
1139 497 1204 551 Ei
1247 497 1293 550 δ’
1333 501 1392 550 ὲν
1427 498 1733 570 Ἀντιοχείᾳ
1755 499 1814 551 τὸ

1921 508 2206 566 putarunt,
2239 499 2413 553 nihilo
2449 496 2665 552 scilicet
2701 494 2881 550 minus
2911 495 3256 550 Alexandrim
3294 512 3381 552 res
3411 514 3502 552 ca-

232 591 436 658 αῐτημα
465 586 711 658 γένηται,
738 589 852 642 τοῖς
883 586 1275 652 Εὑσταθιανοῖς
1303 590 1400 642 οὐκ
1426 587 1629 656 ὀλίγοις
1654 589 1805 643 οὖσιν

237 682 327 733 οὐκ
355 677 613 747 ἐλαχίστη
664 678 869 746 γένοιτ’
910 678 976 733 ἂν
1033 682 1066 749 ὴ
1134 682 1525 749 συγκρότησις.
1569 681 1729 743 Ἴσως
1759 682 1806 734 δ’

245 772 303 825 ἂν
334 772 428 825 καὶ
457 771 738 841 νεωτέρων
775 771 1093 840 πειραθεῖεν
1137 774 1486 843 πραγμάτων
1526 775 1803 839 ἐντεῦθεν,

246 866 351 917 ἐνὸν
384 863 640 919 κινδύνων
691 866 817 919 ἄνευ
875 866 1032 935 ἄγειν
1075 868 1212 939 ὅπερ
1261 869 1562 938 ἐκτήσαντο
1588 886 1601 899 ·
1635 869 1716 922 ὅτι
1743 885 1807 937 γε

246 960 327 1010 καὶ
350 959 469 1020 δέος
492 958 759 1028 ὑφεϊρπεν
787 960 1021 1022 ἐκείνοις
1050 961 1150 1013 οὐκ
1173 960 1417 1016 ἔλαττον.
1451 962 1667 1032 Καίπερ
1696 963 1807 1033 γὰρ

242 1051 337 1102 τῶν
370 1049 495 1120 τῇδε
526 1051 837 1121 ἐκκλησιῶν
865 1053 964 1122 τὴν
995 1054 1326 1107 ἐπιστασίαν
1363 1053 1597 1124 ἔχοντες,
1622 1053 1685 1105 οὺ
1715 1055 1805 1107 τὸν

240 1142 441 1194 ἅπαντα
474 1140 676 1213 κλῆρον
709 1144 802 1197 καὶ
844 1145 973 1198 λαὸν
1010 1146 1294 1216 πειθήνιον
1335 1143 1506 1218 εἶχον.
1551 1146 1662 1219 Τὴν
1698 1147 1807 1218 γὰρ

240 1235 497 1303 σφετέραν
543 1236 889 1307 προαίρεσιν,
926 1238 994 1309 ἢν
1024 1240 1153 1308 περὶ
1181 1239 1241 1292 τὴ
1278 1240 1432 1293 Θετον
1465 1242 1697 1304 ἕκαστος
1728 1236 1806 1294 εῖ-

238 1343 322 1397 χον
352 1328 491 1381 κατὰ
529 1330 692 1397 χορὸν
734 1332 990 1395 ἑστῶτες,
1029 1334 1165 1403 πρὸς
1203 1332 1283 1404 τῷ
1312 1333 1458 1387 τέλει
1491 1323 1767 1387 ἐδείκνυον
1789 1349 1803 1365 ·

237 1422 280 1473 οί
308 1420 403 1489 μὲν
450 1422 672 1492 Πατέρα
726 1425 824 1478 καὶ
875 1424 1005 1477 Υίὸν
1053 1425 1337 1495 ὀμοτίμως
1377 1426 1719 1493 δοξάζοντες,
1759 1429 1808 1480 ot

234 1513 285 1566 δὲ
315 1515 535 1586 Πατέρα
568 1516 627 1569 ὲν
650 1516 786 1588 Υίῷ,
821 1517 881 1569 τὸ
910 1517 1215 1589 δευτερεῖον
1247 1519 1336 1572 διὰ
1366 1519 1467 1589 τῆς
1489 1519 1808 1591 προθέσεως

233 1607 589 1677 αἰνιττόμενοι
636 1608 714 1678 τῷ
773 1609 913 1679 Υίῷ.
945 1611 1131 1664 ’Ἄλλοι
1182 1612 1262 1678 δὲ,
1293 1613 1453 1678 Δόξα
1508 1615 1689 1683 Πατρί
1729 1614 1806 1669 δι’

242 1695 366 1750 Υίοῦ
420 1695 497 1748 ἐν
529 1696 675 1765 ἁγίῳ
711 1698 1037 1766 Πνεύματι,
1068 1698 1255 1767 ἔλεγον
1281 1715 1296 1729 ⁸
1342 1701 1492 1755 ἄλλοι
1525 1702 1603 1765 δὲ,
1650 1702 1809 1768 Δόξα

235 1788 400 1858 Πατρὶ
462 1788 568 1843 καὶ
618 1787 728 1854 Υίῷ
771 1790 843 1844 ἐν
888 1790 1036 1861 ἁγίῳ
1088 1793 1410 1863 Πνεύματι.
1471 1794 1698 1865 Πρῶτον
1749 1795 1806 1849 δέ
1839 1796 1875 1865 _'

237 1899 351 1949 φασι
390 1883 740 1957 πάντωντὸν
778 1884 1117 1955 Ἀντιοχείας
1147 1885 1451 1942 Φλαὸιανὸν
1489 1890 1676 1959 στῖφος
1705 1905 1806 1957 μο-

244 1975 401 2045 ναχῶν
458 1977 873 2044 συναγαγόντα,
926 1976 1227 2050 διαρρήδην
1276 1978 1619 2049 ἐκφωνῆσαι,
1651 1980 1809 2046 Δόξα

239 2069 397 2137 Harp!
429 2069 541 2123 καὶ
572 2070 679 2136 Υἱῷ
710 2069 809 2124 καί
840 2071 991 2139 ἁγίῳ
1032 2072 1357 2143 Πνεύματι.
1387 2072 1567 2143 Ὅπερ
1595 2073 1672 2136 ὡς
1703 2091 1810 2144 μη-

235 2163 411 2232 δεμίαν
458 2163 593 2235 ἕχον
642 2164 925 2228 ὑπόνοιαν,
970 2167 1095 2229 ταῖς
1138 2166 1459 2236 ἐκκλησίαις
1509 2166 1644 2220 Θεοῦ
1679 2169 1811 2220 ἐπε-

236 2256 495 2327 κράτησε.
532 2257 598 2310 *Α
639 2256 777 2326 δῆτα
820 2256 962 2326 όρῶν
997 2256 1274 2321 Λεόντιος,
1315 2257 1548 2311 κωλύειν
1585 2259 1686 2328 μὲν
1712 2259 1812 2312 οὐκ

234 2346 421 2415 ἐτόλμα
445 2347 581 2409 τοὺς
612 2350 750 2399 κατὰ
776 2348 876 2418 τὴν
909 2349 1210 2418 παράδοσιν
1238 2348 1338 2419 τῆς
1359 2349 1418 2401 ἐν
1447 2348 1655 2421 Νικαίᾳ
1687 2365 1814 2403 συν-

233 2438 339 2491 όδου
374 2440 471 2494 τὸν
543 2439 680 2492 Θεὸν
728 2439 1073 2510 ὑμνοῦνταςο
1119 2441 1217 2512 τὴν
1274 2443 1384 2512 γὰρ
1436 2458 1627 2496 στασιν
1656 2443 1813 2495 ὑπεί-

234 2532 373 2584 δετοο
406 2531 513 2587 καί
542 2532 660 2585 ποτ’
694 2532 1044 2609 ἐφαψάμενον
1074 2534 1170 2606 τῆς
1198 2535 1440 2604 κεφαλῆς
1474 2534 1578 2588 ὑπὸ
1600 2537 1815 2598 πολιαῖς

236 2622 566 2695 ἐξανθούσης
623 2624 823 2695 θριξὶν,
857 2628 1108 2680 ἐπειπεῖν
1138 2643 1323 2696 φασιν,
1357 2626 1433 2691 ὡς
1482 2628 1592 2697 Τῆς
1630 2628 1810 2698 χιόνος

235 2716 426 2787 ταύτης
456 2716 749 2788 λυθείσης,
786 2718 951 2782 πολὺς
999 2718 1154 2773 ἔσται
1190 2718 1359 2789 πηλός
1393 2734 1407 2750 ⁸
1445 2719 1816 2791 αἰνιττόμενος

236 2805 302 2869 ὡς
335 2809 367 2877 ἡ
397 2808 506 2876 τῆς
535 2808 847 2877 δοξολογίας
876 2809 1169 2879 διαφωνία,
1214 2810 1296 2874 είς
1332 2809 1523 2863 στάσιν
1546 2808 1623 2879 τῷ
1674 2810 1817 2881 πλή-

239 2898 314 2952 θει
342 2902 472 2953 ποτε
523 2900 844 2970 καταλήξει,
878 2900 1014 2972 μηδὲ
1044 2899 1153 2953 τῶν
1186 2899 1309 2957 κατ’
1345 2900 1511 2954 αὑτὸν
1539 2918 1817 2972 συμπερι-

241 2990 506 3059 φέρεσθαι
544 2991 622 3061 τῷ
672 2978 868 3061 πλήθει
908 2993 1276 3063 ἀνεχομένων.
1336 2992 1723 3057 Κωνστάντιος
1768 2992 1815 3046 δ’

242 3080 535 3151 ἐγγράφως
558 3082 680 3142 ’τοῖς
716 3080 846 3151 περὶ
878 3079 1207 3133 Ἀθανάσιον
1237 3081 1366 3144 τοὺς
1420 3082 1647 3153 θρόνους
1680 3082 1817 3137 ἀπέ-

244 3171 394 3227 δωκε.
425 3174 832 3243 Προστάγμασι
875 3173 921 3227 δ’
949 3175 1165 3229 ἐκείνου
1212 3174 1295 3238 είς
1327 3176 1450 3237 τοὺς
1486 3175 1666 3228 αὐτῶν
1694 3174 1819 3246 θρό-

244 3283 355 3329 νους
383 3266 652 3335 ἐφοίτων,
686 3266 722 3320 ἃ
762 3266 1016 3319 ἐκέλευον
1043 3268 1298 3336 ἀσμένως
1328 3266 1526 3329 αὐτοὺς
1558 3267 1819 3339 ὑποδέχε-

248 3361 381 3414 σθαι.
407 3360 529 3415 Καὶ
558 3362 885 3433 ’Ἀσκληπᾱν
912 3362 1010 3432 μὲν
1032 3362 1274 3433 εὐχερῶς
1299 3361 1518 3425 Γαζαῖοι
1543 3362 1819 3433 ὲδέχοντοο

190 3460 200 3472 ⁸
247 3452 508 3517 ὡσαύτως
538 3455 597 3507 δὲ
628 3459 722 3508 καὶ
758 3457 993 3513 Λούκιον
1036 3457 1129 3510 τὶν
1169 3456 1688 3528 Ἀδριανουπόλεως.
1733 3454 1821 3508 Ἐν

246 3543 286 3597 δ’
329 3545 497 3616 ’Δγκύ
518 3564 586 3618 pq.
643 3548 907 3611 εἰσιόντος
932 3549 1263 3619 Μαρκέλλου
1298 3549 1386 3603 διὰ
1423 3549 1725 3615 Βασίλειον,
1758 3549 1818 3602 οὐ

252 3640 453 3709 σμικρά
516 3640 773 3708 κεκίνητο
830 3638 1082 3709 ταραχή·
1140 3640 1175 3709 ἢ
1239 3638 1514 3710 πρόφασις
1560 3638 1823 3708 λοιδορεῖν

254 3731 467 3799 ἐγένετο
496 3733 616 3795 τοῖς
640 3731 1006 3819 ὑπεναντίοις.
1039 3732 1217 3786 Ἐκὼν
1260 3731 1317 3785 δὲ
1364 3733 1458 3785 καὶ
1489 3732 1824 3796 Μακεδόνιος

254 3824 441 3896 Παύλῳ
465 3823 668 3898 ἐξέστη
720 3824 814 3879 τοῦ
845 3824 1035 3896 θρόνου
1057 3840 1071 3856 ⁸
1109 3825 1200 3879 καὶ
1261 3823 1481 3890 ίδιόιζων
1525 3824 1614 3878 ἐπ’
1639 3823 1822 3895 ὀλίγου

252 3920 332 3969 ὲπί
360 3935 469 3971 τινι
498 3918 654 3971 ἔνδον
685 3918 783 3990 τῆς
837 3920 1044 3982 πόλεως
1078 3917 1253 3988 σηκῷ,
1292 3919 1513 3985 σύναξιν
1563 3921 1823 3973 ἐποιεῖτο.

253 4008 321 4061 υύ
352 4009 460 4079 μὴν
512 4007 575 4061 δὲ
633 4010 728 4060 καὶ⁵
770 4007 1078 4076 Ἀθανασίῳ
1110 4007 1320 4077 χαλεπὴ
1368 4007 1402 4077 ἡ
1435 4008 1513 4069 εἰς
1544 4007 1826 4074 Αἴγυπτον

258 4100 457 4163 εἴσοδος
501 4100 785 4168 ἐγεγόνει.¹
819 4098 903 4151 Δι’
946 4098 1237 4168 ἐπιστολῆς
1268 4099 1379 4168 γὰρ
1422 4098 1517 4153 τὸν
1552 4097 1827 4167 Γεὼργιον

257 4193 460 4247 ἐκεῖθεν
492 4194 874 4255 Κωνστάντιος
925 4191 1312 4261 μετεστέλλετο
1338 4203 1354 4218 '
1382 4190 1410 4241 ὁ
1445 4191 1490 4243 δ’
1527 4193 1585 4244 ἐν
1616 4192 1681 4260 τῇ
1720 4206 1827 4243 πα-

257 4286 388 4353 τρίδι
423 4285 776 4356 χαλεπαίνων
824 4285 1088 4355 ἁφίκετο’
1142 4284 1308 4337 κάκεῖ
1357 4283 1544 4352 διῆγεν
1600 4286 1830 4336 ἐπισκο-

259 4378 530 4449 πούμενος
581 4379 649 4432 τὰ
703 4377 830 4431 καθ’
857 4378 1070 4432 ἑαυτόν.
1112 4377 1338 4448 Ἐκείνῳ
1364 4377 1409 4430 δ’
1432 4376 1610 4445 ηέτερα
1644 4376 1831 4446 γράμ-

1910 593 2242 648 tholicorum
2303 593 2706 647 incrementum
2771 606 2931 645 suum
3000 591 3326 652 habituras,
3369 606 3497 646 cum

1908 686 2245 739 Athanasius
2286 702 2394 740 non
2424 686 2603 741 solum
2649 702 2780 740 suos
2821 700 2849 738 a
2891 685 3138 755 periculo
3172 685 3338 744 tueri.
3400 684 3499 739 sed

1910 778 2119 831 alienos
2145 779 2307 832 etiam
2339 777 2407 831 ad
2441 768 2499 831 Se
2531 778 2773 839 allicere,
2806 793 2905 847 pro
2946 778 3210 832 industria
3241 793 3337 831 sua
3376 792 3501 845 pos-

1912 878 2012 922 set.
2051 868 2107 921 Si
2141 883 2271 921 vero
2325 860 2656 929 Antiochiae,
2698 868 2843 937 quod
2888 869 2981 923 ille
3014 870 3259 937 petebat,
3318 868 3496 931 ﬁeret,

1911 976 2018 1014 non
2055 963 2248 1029 exigua
2289 969 2580 1028 augmenta
2612 960 3018 1022 Eustathiauis,
3047 961 3140 1029 qui
3182 976 3290 1014 non
3335 961 3497 1029 pauci

1910 1058 2117 1110 essent,
2168 1049 2573 1106 acccssura.Et
2632 1048 2867 1103 fortasse
2926 1067 3022 1103 eos
3047 1051 3113 1102 ad
3180 1066 3268 1104 res
3327 1066 3499 1105 novas

1910 1145 2253 1215 aspiraturos
2277 1161 2419 1207 esse,
2463 1160 2587 1199 cum
2632 1145 2752 1198 siue
2785 1145 3031 1215 periculo
3086 1161 3207 1213 qua:
3266 1161 3501 1199 consue-

1912 1239 2141 1300 vissent,
2163 1254 2324 1308 agere
2357 1248 2600 1309 possent.
2636 1237 2729 1292 llle
2750 1255 2972 1310 quoque
3002 1252 3111 1292 non
3160 1238 3342 1291 minor
3385 1256 3499 1291 mc~

1913 1341 1998 1387 tus
2025 1333 2242 1386 animos
2271 1346 2463 1386 eorum
2503 1332 2693 1396 subiit,
2727 1332 2874 1400 quod
2932 1332 3149 1386 etiamsi
3204 1347 3374 1401 penes
3405 1347 3502 1385 eos

1910 1425 2271 1479 ecclesiarum
2298 1425 2439 1495 “eius
2482 1425 2589 1487 loci
2629 1434 2868 1494 potestas
2916 1438 3133 1477 summa
3184 1433 3354 1484 esset,
3390 1438 3499 1475 non

1911 1531 2128 1571 omnem
2160 1526 2339 1570 tamen
2370 1519 2579 1572 clerum
2623 1528 2674 1571 et
2710 1516 2970 1587 populum
3017 1516 3366 1569 obedientem
3403 1515 3503 1567 ha-

1918 1608 2137 1663 berent.
2158 1609 2500 1665 Sententiam
2546 1611 2690 1664 enini
2713 1626 2874 1678 quam
2910 1611 3143 1679 quisque
3165 1611 3231 1664 de
3266 1609 3377 1663 Deo
3406 1609 3504 1661 ob-

1914 1703 2135 1769 tineret,
2171 1702 2223 1755 in
2253 1702 2424 1756 choro
2475 1711 2706 1769 stantes,
2751 1703 2818 1756 ad
2852 1701 3016 1755 ﬁnem
3058 1702 3373 1771 psalmodiae
3406 1701 3504 1754 de-

1912 1797 2216 1851 clarabant.
2246 1796 2478 1862 Quidam
2514 1798 2660 1850 enim
2694 1796 2907 1849 Patrem
2956 1803 3013 1851 et
3050 1795 3248 1848 Filium
3301 1795 3495 1847 eodetu

1913 1891 2124 1944 honore
2154 1889 2518 1951 celebrantes,
2555 1888 2801 1941 nonnulli
2840 1888 3055 1940 Patrem
3091 1887 3147 1940 in
3183 1887 3501 1954 Filio(pr:e-

1912 1983 2186 2054 positione
2223 1983 2506 2052 interiecta
2535 1981 2831 2035 obscurius
2858 1981 3133 2034 secundas
3153 1990 3335 2050 partes
3359 1978 3500 2033 Filio

1913 2073 2274 2144 tribuentes).
2309 2075 2422 2138 alii,
2447 2073 2634 2129 Gloria
2672 2072 2831 2127 Patri
2856 2090 2951 2143 per
2981 2071 3182 2126 Filium
3209 2074 3263 2125 in
3296 2070 3501 2140 Spiritu

1912 2179 2140 2225 sancto:
2195 2168 2417 2237 quidam
2461 2168 2652 2230 etiam,
2698 2165 2882 2219 Gloria
2938 2164 3092 2218 Patri
3158 2174 3205 2218 et
3241 2163 3384 2218 Filio
3434 2170 3496 2241 in

1916 2264 2123 2333 Spiritu
2159 2271 2364 2324 sancto,
2403 2259 2697 2313 canebant.
2749 2257 2995 2312 Primum
3034 2257 3279 2309 omnium
3320 2258 3503 2309 lerunt

1914 2354 2321 2409 Antiochenum
2351 2351 2674 2420 episcopum
2707 2349 3026 2403 Flavianum
3047 2386 3062 2410 ,
3097 2356 3500 2402 monacuorum

1917 2457 2105 2499 coacta
2169 2455 2391 2498 caterva
2437 2443 2591 2495 clare
2644 2439 3205 2495 accinuissczﬂtoria
3267 2441 3419 2493 Patri
3451 2451 3501 2492 et

1916 2537 2052 2593 Filio
2077 2546 2125 2590 et
2157 2535 2386 2606 Spiritui
2414 2542 2621 2588 sancto.
2659 2532 2811 2600 Quod
2850 2536 3096 2604 quidem,
3130 2545 3189 2588 ut
3235 2535 3372 2587 nihil
3409 2535 3506 2587 ha-

1919 2633 2056 2687 bens
2082 2630 2438 2699 suspicionis,
2485 2630 2539 2684 in
2574 2628 2827 2683 ecclesiis
2858 2627 2952 2683 Dei
2990 2629 3250 2683 obtinuit.
3283 2628 3340 2682 Id
3372 2642 3504 2681 vero

1916 2721 2183 2777 Leontius
2206 2721 2414 2783 videns,
2437 2719 2690 2773 inhibere
2707 2735 2804 2773 eos
2827 2720 2919 2788 qui
2943 2719 3097 2790 juxta
3117 2719 3349 2772 Nicwuae
3375 2717 3502 2773 lidei

1917 2814 2271 2870 traditionem
2319 2813 2487 2867 Deum
2534 2811 2797 2867 laudibus
2826 2813 3330 2882 prosequebantur,
3391 2828 3503 2867 non

1916 2904 2176 2971 audebat,
2207 2902 2532 2958 seditionem
2568 2902 2787 2956 timens.
2808 2901 2989 2970 Atque
3020 2902 3316 2970 aiiquando
3338 2912 3505 2971 caput

1919 2997 2074 3053 canis
2099 2996 2397 3051 ﬂorescens
2434 3010 2600 3049 manu
2638 2994 2960 3048 demulcens
2984 3032 2998 3057 ,
3049 2993 3255 3047 dixisse
3302 2994 3504 3059 fertur,

1918 3091 2103 3144 nivem
2137 3105 2259 3143 eam
2296 3088 2527 3141 solutam
2567 3087 2744 3141 lutum
2796 3087 3028 3140 multum
3077 3088 3505 3142 subsecuturum

1845 3200 1892 3261 ρ
1922 3195 2042 3239 esse
2072 3197 2086 3234 :
2123 3180 2412 3249 aenigmate
2436 3178 2728 3235 obscurius
2768 3178 3131 3233 subindicans
3160 3220 3173 3242 ,
3212 3178 3507 3232 dissonan-

1923 3275 2054 3330 tiam
2106 3273 2422 3327 celebrandi
2458 3272 2551 3326 Dei
2604 3271 2747 3340 apud
2798 3272 3062 3340 populqu
3097 3272 3395 3340 aliqutudu
3447 3274 3502 3327 in

1922 3366 2245 3422 seditionem
2272 3380 2587 3430 evasuram,
2643 3380 2821 3432 neque
2851 3380 2947 3417 eos
2977 3366 3069 3433 qui
3104 3364 3360 3418 factionis
3395 3382 3508 3419 suae

1922 3468 2131 3522 essent,
2169 3473 2291 3513 eum
2321 3459 2531 3526 reliqua
2564 3458 2919 3511 multitudine
2952 3457 3509 3512 consensuros.Con-

1925 3551 2162 3608 stantius
2213 3548 2514 3605 Athanasio
2553 3558 2610 3604 et
2649 3552 2794 3616 aliis,
2820 3551 3026 3618 scripto
3070 3566 3292 3620 quoque
3338 3550 3509 3616 edito,

1926 3646 2188 3701 ecclesias
2216 3659 2344 3699 suas
2371 3643 2681 3698 reddendas
2705 3653 2921 3699 curavit
2953 3663 2965 3697 :
3001 3660 3126 3697 cum
3161 3660 3271 3713 quo
3302 3655 3512 3713 scrlpto

1928 3736 2174 3807 (iubebat
2196 3735 2342 3789 enim
2380 3749 2475 3789 eos
2498 3750 2607 3789 non
2641 3746 2865 3805 gravate
2896 3734 3167 3805 recipere)
3201 3736 3277 3788 illi
3325 3740 3377 3788 in
3410 3752 3508 3789 va-

1927 3845 2088 3884 cuam
2131 3827 2346 3882 sedium
2413 3842 2637 3909 suarum
2688 3827 3093 3897 possessionem
3148 3827 3389 3881 rediere.
3440 3827 3510 3881 Et

1925 3924 2213 3992 Asclepam
2242 3920 2420 3976 Gazzei
2458 3920 2617 3975 fac‘le
2645 3920 2942 3975 admisere.
2981 3921 3172 3973 Itidem
3222 3932 3278 3973 et
3312 3920 3511 3973 Adria-

1928 4015 2187 4084 nopolitte
2241 4011 2491 4066 Lucium.
2547 4010 2777 4081 Ancyrae
2810 4028 2960 4076 vero,
3006 4010 3266 4065 Marcello
3317 4028 3512 4064 rever—

1930 4117 2099 4171 tente,
2132 4115 2358 4176 propter
2381 4104 2644 4159 Basilium
2683 4104 2902 4173 pulsum
2949 4119 3058 4156 non
3092 4119 3295 4171 parvus
3327 4102 3516 4157 conci-

1932 4207 2079 4253 tatus
2115 4208 2201 4252 est
2234 4209 2417 4251 metus
2445 4214 2460 4248 :
2489 4194 2582 4265 qui
2628 4206 2811 4250 motus
2840 4195 3171 4249 adversariis
3208 4192 3276 4247 ad
3321 4196 3513 4249 convi-

1930 4291 2186 4344 ciandum
2219 4287 2844 4358 praebuitoccasionem.
2886 4288 3002 4342 Non
3032 4286 3238 4342 invitus
3287 4302 3508 4357 quoque

1934 4382 2101 4437 Paulo
2152 4379 2503 4435 Macedonius
2549 4380 2803 4432 thronum
2852 4364 3151 4443 concessit,
3187 4388 3384 4430 etnon
3438 4381 3509 4431 ita

263 4488 398 4540 ματα
432 4472 761 4543 παρασχὼν,
793 4472 891 4541 τὴν
942 4471 1031 4525 ἐπ’
1067 4471 1283 4539 ἐκείνην
1330 4472 1634 4541 ἐπέτρεπεν
1685 4472 1818 4524 εἴσο-

1933 4478 2027 4532 diu
2074 4470 2305 4531 seorsim
2346 4477 2400 4529 in
2439 4476 2670 4529 delubro
2701 4475 2961 4543 quodam,
2987 4473 3126 4528 intra
3160 4473 3352 4526 urbem
3384 4489 3516 4544 syn-

258 4563 359 4629 δον,
388 4563 633 4615 κελεύων
658 4563 836 4615 καὶτὰ
863 4563 982 4614 κατ’
1009 4561 1174 4614 αὐτοῦ
1194 4561 1467 4629 διαφόρως
1493 4558 1818 4639 πραχθέντα,

1936 4569 2080 4622 axim
2105 4576 2158 4621 et
2188 4576 2492 4621 conventus
2525 4565 2654 4635 egit.
2679 4563 2757 4618 Ne
2816 4565 2915 4634 ipsi
2963 4565 3183 4633 quidem
3215 4564 3518 4635 Athanasio

265 4655 496 4727 ἀφανείᾳ
549 4653 944 4725 παραδοθῆναι.
1002 4651 1081 4707 Τὰ
1143 4653 1198 4705 δὲ
1256 4654 1564 4723 γράμματα
1612 4655 1709 4706 καὶ
1766 4654 1832 4725 τῇ

266 4745 472 4818 ἱστορίᾳ
507 4746 727 4809 ἐντάξαι
758 4747 962 4798 δίκαιον
990 4746 1240 4816 ἥγημαιο
1279 4748 1461 4814 ἔχουσι
1501 4744 1557 4796 δὲ
1585 4737 1686 4797 ὦδε
1712 4761 1727 4778 ο

1936 4658 2176 4713 diﬂicilis
2210 4660 2264 4713 in
2297 4657 2593 4729 Egyptum
2635 4657 2847 4711 reditus
2878 4656 3002 4711 luit.
3036 4658 3202 4727 738
3245 4659 3516 4711 Constan-

1940 4752 2051 4805 tius
2072 4752 2221 4804 euitn
2253 4766 2349 4821 per
2390 4751 2681 4820 epistolam
2727 4750 3023 4821 Georgium
3061 4752 3336 4803 acciverat
3376 4769 3390 4803 ;
3424 4749 3519 4817 qui

265 4841 313 4894 in
364 4842 599 4913 patriant
648 4841 1092 4910 indignabundus
1144 4840 1460 4906 profectus,
1518 4838 1595 4893 ibi
1654 4841 1821 4894 vitam
1862 4843 1993 4912 egit,
2050 4859 2179 4899 suas
2233 4845 2338 4899 sibi
2426 4861 2514 4900 res
2558 4861 2773 4915 gerens.
2837 4847 3141 4898 Athanasio
3197 4858 3333 4896 vero
3383 4843 3521 4898 alias

263 4941 418 4995 etiam
451 4942 665 4994 litteras
696 4938 1048 5012 Constantius
1077 4936 1250 5002 dedit,
1280 4938 1481 5006 quibus
1544 4937 1593 4990 ei
1664 4938 1906 4992 reditum
1950 4940 2204 5009 permisit
2237 4951 2335 4995 :et
2361 4957 2424 4995 ea
2451 4958 2572 5011 qua:
2603 4943 2769 4996 variis
2799 4943 2975 4996 modis
3007 4942 3060 4995 in
3081 4942 3307 5012 judiciis
3331 4952 3520 4997 contra

265 5052 383 5091 eum
427 5047 581 5108 gesta
624 5037 858 5101 fuerant,
912 5035 1119 5089 aboleri
1167 5045 1332 5103 atque
1365 5034 1631 5087 oblivioni
1688 5034 1830 5089 tradi
1901 5036 2088 5107 jussit.
2122 5038 2359 5094 Litteras
2392 5054 2509 5106 eas,
2537 5049 2702 5107 atque
2750 5039 2940 5093 itidem
2979 5041 3202 5103 alteras,
3267 5041 3361 5095 hic
3393 5041 3526 5101 sub-

268 5131 524 5189 iiciendas
549 5147 667 5186 esse
694 5130 844 5197 duxi,
884 5146 1005 5200 quae
1031 5129 1111 5183 sic
1143 5128 1382 5213 habent:

847 5249 892 5299 li.
902 5247 1101 5298 ΕΦΑΑ.
1131 5241 1257 5298 KE'.

284 5366 610 5433 Ἐπιστολὴ
659 5363 1083 5419 Κωνσταγτίου
1132 5358 1646 5429 ’ᾼλεξανδρεῦσιν
1688 5357 1845 5427 ὑπὲρ

880 5433 1254 5487 Ἀθανασίου.

349 5567 368 5600 ι
407 5549 654 5619 Νικητὴς
675 5548 1060 5609 Κωνστάντιος
1087 5548 1360 5614 Μέγιστος
1400 5543 1677 5605 Σεϐαστὸς
1726 5546 1846 5597 ἐπι-

2511 5243 2737 5298 CAPUT
2788 5243 2956 5299 XXV.
3000 5268 3009 5276 ν

2068 5353 2312 5426 Epistola
2355 5352 2660 5410 Constantii
2728 5358 2798 5409 ad
2850 5357 3241 5412 Alexandrino:
3308 5372 3406 5424 pro

2580 5430 2893 5482 Athanasio.

2017 5541 2255 5597 «Victor
2303 5539 2699 5597 Constantinus
2752 5543 3019 5597 Maximus
3075 5544 3353 5611 Augustus
3407 5540 3527 5611 cpio

284 5643 501 5703 σκόποις
520 5644 616 5713 καὶ,
634 5642 1030 5712 πρεσϐυτέροις
1044 5642 1146 5711 τῆς
1170 5638 1471 5708 καθολικῆς
1507 5635 1818 5706 Ἐκκλησία

1950 5635 2134 5704 scopis
2196 5643 2254 5688 et
2288 5635 2627 5705 presbyteris
2658 5634 2941 5689 catholicae
2974 5634 3237 5691 Ecclesia:
3289 5634 3530 5691 Alexan~

293 5733 713 5804 Ἀλεξανδρείας.
764 5732 883 5788 Ούκ
912 5733 1217 5802 ἀπελείφθη
1250 5731 1349 5802 τῆς
1380 5728 1474 5783 τοῦ
1517 5729 1655 5781 Θεοῦ
1685 5730 1817 5799 χάρι

1951 5727 2148 5781 ᾶτίηιε.
2201 5724 2323 5779 Νοη
2358 5725 2660 5781 destitutus
2693 5736 2779 5780 est
2806 5724 2993 5779 divina
3047 5724 3390 5793 benignitate
3438 5739 3530 5779 re-

286 5840 370 5891 τος
413 5830 442 5881 ὁ
479 5826 901 5900 αίδισιμώτατος
935 5826 1091 5895 ὑμῶν
1143 5825 1449 5888 ἐπίσκοπος
1485 5823 1803 5886 ’Δθανάσιος
1825 5838 1840 5852 ο

1950 5818 2385 5875 verendissimus
2443 5819 2734 5889 episcopus
2760 5828 2944 5874 vester
2995 5817 3370 5876 Athanasius:
3427 5807 3561 5876 sed
