3990 6448
523 327 622 391 323

1697 326 2118 390 NiCEPHOlll
2162 329 2248 388 CA
2260 330 2507 392 LLlSTl
3635 339 3721 409 ³24

524 441 770 512 quamvis
811 441 876 496 ad
934 441 1101 497 breve
1130 448 1346 511 tempus
1399 441 1654 496 humanae
1704 442 1952 513 obiectus
2006 452 2094 498 est

2216 443 2316 497 nx
2348 445 2396 497 εί
2428 460 2523 498 και
2555 442 2751 513 βραχεῖ
2776 442 2953 514 χρόνῳ
2998 444 3061 514 τῇ
3096 444 3217 497 κατ’
3270 443 3565 516 ἀνθρώπους
3604 450 3725 504 δοκι-

525 535 915 603 cxpiorationi,
976 544 1158 588 tamen
1195 533 1441 587 debitum
1511 533 1581 587 ab
1634 549 1697 589 ea
1749 549 1871 604 quae
1917 534 2101 588 Omnia

525 626 752 695 respicit
814 625 1165 680 Providentia
1231 624 1358 678 tulit
1423 623 1722 686 calculum,
1819 624 2103 680 voluntate

526 719 618 772 ltei
662 719 739 786 (ί)
772 729 829 771 et
853 716 1061 787 judicio
1091 726 1284 771 nostro
1316 717 1492 786 patria
1529 717 1692 773 simul
1728 724 1785 770 et
1819 717 2056 772 ecclesia
2084 756 2099 778 ,

527 813 687 880 cujus
728 809 1055 877 praafectura
1085 810 1274 863 divino
1303 810 1352 863 ei
1390 819 1530 863 nutu
1565 810 1821 876 contigit,
1853 818 2099 879 recepta.

526 902 696 969 Quem
718 918 935 970 aequum
960 903 1085 964 fuit,
1126 911 1189 956 ut
1217 902 1487 957 sententia
1516 914 1888 957 consentanea
1913 911 2101 956 nostra

527 1009 750 1063 quoque
786 994 1103 1047 imitaretur
1157 993 1527 1048 mansuetudo
1556 1010 1570 1046 :
1607 994 1864 1049 videlicet
1896 1002 1955 1048 ut
1984 1008 2106 1048 om-

528 1088 617 1141 nia
650 1104 774 1155 quae
800 1088 1037 1141 antehac
1069 1095 1262 1142 contra
1291 1102 1386 1141 eos
1410 1087 1505 1156 qui
1540 1102 1664 1140 cum
1705 1087 1823 1153 ipso
1849 1100 2102 1140 commu-

529 1182 696 1232 nione
754 1181 833 1230 usi
869 1188 1074 1242 essent,
1139 1180 1357 1233 decreta
1406 1190 1556 1244 sunt,
1610 1193 1759 1233 nunc
1828 1180 2106 1234 oblivione

530 1274 948 1337 oblitterentur,
1012 1274 1369 1343 suspicioque
1420 1273 1688 1327 adversus
1739 1288 1865 1327 eum
1927 1274 2108 1328 omnis

531 1368 796 1434 deinceps
830 1367 1165 1421 intercidat:
1200 1376 1255 1420 et
1304 1367 1639 1432 immunitas,
1674 1382 1836 1435 quam
1899 1367 2106 1422 dudum

528 1461 780 1529 quicum
832 1475 899 1513 eo
925 1459 1080 1514 fuere
1110 1460 1299 1515 clerici
1356 1459 1619 1525 habuere,
1677 1475 1776 1529 pro
1828 1475 1895 1515 eo
1945 1468 2109 1530 atque

532 1552 714 1615 decet,
745 1551 944 1605 litteris
976 1551 1126 1606 hisce
1152 1552 1532 1607 confirmetur.
1565 1551 1708 1618 Quin
1737 1563 1793 1606 et
1826 1550 1961 1604 illud
2008 1567 2111 1605 no-

536 1654 667 1699 stra:
726 1659 853 1711 erga
914 1658 1040 1697 eum
1105 1644 1432 1713 benignitati
1488 1645 1685 1698 merito
1743 1644 2108 1707 adiiciendum

2211 535 2385 606 μασίᾳ
2413 534 2717 605 ύπεϐλήθη,
2758 535 2911 603 ὅμως
2955 534 3057 605 τὴν
3096 534 3451 606 ὀφειλομένην
3489 542 3622 610 παρὰ
3645 543 3728 611 τῆς

2209 626 2552 697 παντεφόρου
2588 627 2853 696 Προνοίας
2884 626 3239 697 ἀπηνέγκατο
3257 627 3453 697 ψῆφον,
3479 630 3730 684 ἀπολαϐὼν

2207 718 2463 788 βουλήσει
2519 717 2615 771 τοῦ
2678 720 2990 788 κρείττονος
3019 719 3116 772 καὶ
3166 719 3345 790 κρίσει
3396 722 3620 792 ἡμετέρα
3647 725 3729 790 τὴν

2208 809 2447 876 πατρίδα
2476 808 2612 878 ὁμοῦ
2646 810 2741 862 καὶ
2774 808 2873 878 τὴν
2905 809 3256 880 Ἐκκλησίαν,
3299 806 3364 883 ἦς
3391 810 3513 881 θείῳ
3535 812 3732 879 νεύματι

2211 902 2528 971 προστάτης
2560 900 2851 971 ἐτύγχανε.
2884 900 3075 969 Τούτῳ
3096 902 3165 954 τὰ
3197 902 3460 956 ἀκόλουθα
3489 904 3587 956 ἔδει
3608 908 3735 974 παρὰ

2208 993 2307 1062 τῆς
2338 994 2615 1062 ἡμετέρας
2655 994 2898 1062 ὑπάρξαι
2952 994 3289 1064 πραότητοςο
3325 992 3461 1047 ὥστε
3495 995 3656 1048 πάντα
3684 997 3740 1048 τά

2214 1080 2324 1150 προ
2352 1079 2542 1133 τούτου
2577 1080 2720 1134 κατὰ
2758 1081 2867 1133 τῶν
2917 1080 3068 1151 αύτῷ
3112 1083 3576 1153 κεκοινωνηκότων
3631 1083 3741 1153 ὡρι-

2213 1173 2387 1242 σμένα
2425 1171 2520 1225 νῦν
2549 1173 2825 1247 ἀμνηστίᾳ
2842 1154 3349 1243 παραδοθήσεσθαι·
3372 1174 3542 1229 πᾶσάν
3558 1191 3613 1229 τε
3636 1175 3743 1229 ὓπο-

2209 1264 2344 1334 ψίαν
2375 1264 2474 1336 τήν
2510 1264 2632 1318 κατ’
2687 1264 2852 1318 αὑτοῦ
2912 1265 3174 1335 σχολάσαι
3228 1266 3320 1320 τοῦ
3350 1266 3556 1321 λοιποῦ·
3582 1273 3669 1337 τήν
3693 1286 3742 1321 τε

2214 1356 2466 1409 ἀτέλειαν
2511 1352 2580 1428 ἦς
2611 1355 2808 1427 ἔτυχον
2854 1356 3026 1410 πάλαι
3083 1359 3135 1412 οι
3180 1359 3297 1430 ἅμα
3334 1359 3477 1429 αύτῷ
3523 1359 3745 1429 κληρικοὶ

2215 1446 2427 1511 τούτοις
2459 1447 2828 1518 βεϐαιωθῆναι
2863 1449 3273 1519 προσηκόντως.
3315 1450 3472 1505 Ἀλλὰ
3527 1451 3625 1522 μὴν
3665 1455 3743 1504 καὶ

2212 1538 2374 1594 τοῦτο
2406 1542 2472 1610 τῇ
2500 1542 2578 1602 είς
2619 1540 2783 1593 αὑτὸν
2812 1541 2997 1611 χάριτι
3039 1542 3407 1613 προστεθῆναι
3458 1542 3748 1596 ὲδικαιώσα-

2219 1643 2320 1695 μεν
2345 1642 2360 1657 ο
2391 1624 2532 1680 ὥστε
2579 1628 2787 1691 πάντας
2836 1630 2961 1691 τοὺς
2996 1629 3093 1682 τοῦ
3150 1630 3298 1702 ἱεροῦ
3348 1632 3634 1698 καταλόγου
3676 1648 3747 1698 γι-

535 1754 657 1791 esse
681 1736 1074 1806 judicavimus,
1107 1745 1166 1789 ut
1194 1736 1464 1799 universi,
1506 1738 1603 1806 qui
1628 1737 1681 1789 in
1722 1736 1860 1791 sacri
1896 1736 2105 1790 ordinis

2218 1720 2489 1779 νώσκειν.
2546 1720 2852 1774 ὲνδῖδόσθαι
2900 1722 2961 1775 τὸ
3012 1724 3218 1793 ἄφοϐον
3270 1727 3404 1778 πᾶσι
3458 1726 3579 1787 τοῖς
3618 1724 3747 1791 αὐτῷ

530 1829 654 1882 albo
676 1836 824 1889 sunt,
858 1835 1193 1896 cognoscant
1222 1826 1575 1882 securitatem
1637 1826 1924 1880 adauctam
1976 1841 2100 1881 esse

529 1920 809 1985 omnibus,
843 1923 936 1990 qui
972 1921 1022 1974 ei
1083 1921 1237 1975 fuere
1278 1922 1585 1991 conjuncti,
1635 1920 1910 1989 episc0pis
1939 1920 2101 1973 simul

527 2024 582 2068 et
609 2013 847 2068 clericis.
884 2011 1109 2067 Certum
1151 2028 1284 2067 vero
1314 2014 1750 2084 uniuscujusque
1784 2023 1947 2068 rectze
1973 2028 2099 2067 sen-

530 2108 714 2160 tentia).
760 2105 1026 2160 indicium
1058 2107 1185 2170 erit,
1212 2105 1257 2161 si
1288 2120 1413 2160 cum
1465 2105 1572 2160 hoc
1629 2106 1814 2160 unitus
1872 2106 2105 2175 conjun-

533 2211 771 2269 ctusque
812 2198 1000 2253 fuerit.
1037 2199 1367 2268 Quicunque
1399 2198 1542 2253 enim
1570 2199 1780 2253 meliori
1806 2198 2018 2269 judicio
2051 2207 2105 2252 et

529 2291 782 2361 Opinioni
810 2291 1020 2347 addicti
1068 2292 1514 2349 communionem
1556 2292 1729 2360 ipsius
1765 2290 2101 2358 sequendam

529 2386 635 2440 sibi
668 2384 993 2455 delegerint,
1024 2400 1123 2440 eos
1161 2400 1353 2439 onmes
1384 2385 1450 2440 ad
1486 2385 1933 2452 similitudinem,
1981 2401 2103 2453 quae

531 2488 637 2527 nos
671 2473 962 2541 praavenit,
990 2473 1375 2542 providentiae,
1409 2475 1512 2528 hac
1538 2484 1749 2539 nostra,
1776 2474 1871 2528 Dei
1906 2476 2104 2528 volun-

534 2572 645 2617 tate
671 2562 919 2617 exhibita
952 2563 1125 2633 gratia
1155 2573 1210 2615 et
1258 2562 1603 2632 benignitate
1663 2563 1876 2634 perfrui
1931 2562 2101 2632 jussi-

529 2669 674 2707 mus.
700 2652 887 2706 Victor
920 2651 1317 2705 Constantinus
1342 2650 1613 2705 Maximus
1673 2650 1878 2721 populo
1910 2650 2103 2705 catho-

532 2746 653 2800 lica:
691 2744 950 2800 Ecclesiae
983 2744 1390 2798 Alexandrinze.
1422 2742 1600 2810 Quum
1626 2744 1680 2797 in
1724 2743 1891 2797 rebus
1926 2741 2103 2797 omni-

529 2841 635 2895 bus
659 2838 947 2909 proposita
982 2837 1144 2893 nobis
1185 2838 1256 2890 sit
1283 2844 1486 2896 vestra,
1527 2849 1648 2905 qua:
1689 2849 1754 2888 ex
1785 2846 1933 2888 recta
1961 2833 2103 2905 juris

531 2932 827 3002 lcgumque
856 2930 1259 2985 constitutione
1293 2928 1566 2996 provenit,
1606 2925 1839 2981 felicitas
1864 2967 1879 2987 .
1904 2937 1959 2980 et
1992 2942 2101 2979 non

532 3027 875 3094 ignoremus,
909 3023 1043 3076 satis
1074 3022 1165 3076 diu
1226 3020 1471 3089 episcOpi
1505 3034 1603 3073 vos
1627 3017 1870 3074 caruisse
1922 3020 2107 3090 provi-

2222 1812 2745 1884 προστεθειμένοις,
2801 1812 2911 1866 εἴτε
2962 1815 3286 1881 ἐπισκόποις
3326 1816 3435 1871 εῐτε
3478 1819 3747 1887 κληρικοίς.

2227 1902 2436 1959 Ἱκανὸν
2459 1905 2514 1959 δὲ
2539 1906 2827 1979 γνώρισμα
2849 1910 2946 1976 τῆς
2968 1909 3199 1962 ἑκάστου
3223 1909 3391 1980 ὀρθῆς
3414 1911 3750 1983 προαιρέσεως

2218 1997 2375 2051 ἔσται
2396 2000 2430 2069 ἡ
2457 1999 2593 2069 πρὸς
2626 2000 2817 2053 τοῦτον
2841 2001 3222 2071 ἕνωσις.⁶’οσοι
3245 2002 3356 2072 γὰρ
3371 2004 3436 2057 ἂν
3453 2004 3545 2073 τῆς
3565 2002 3753 2057 καλλίο-

2223 2107 2314 2152 νος
2333 2088 2469 2157 όμοῦ
2498 2090 2731 2159 κρίσεώς
2755 2107 2814 2143 τε
2838 2092 2930 2144 καὶ
2954 2093 3147 2163 μοίρας
3165 2094 3448 2163 γενόμενοι
3473 2096 3566 2164 τὴν
3588 2092 3752 2146 τούτου

2216 2180 2448 2234 ἕλωνται
2473 2182 2777 2245 κοινωνίαν,
2795 2182 3019 2246 τούτους
3042 2185 3246 2248 πάντας
3268 2186 3625 2255 ἐκελεύσαμεν
3649 2184 3754 2238 καθ’

2221 2273 2521 2343 ὁμοιότητα
2552 2275 2651 2345 τῆς
2687 2273 2974 2345 φθασάσης
3008 2278 3291 2348 προνοίας,
3318 2279 3412 2333 καὶ
3441 2280 3536 2347 τῆς
3569 2277 3655 2331 νῦν

2220 2365 2381 2435 ήμῶν
2399 2365 2651 2435 βουλήσει
2670 2366 2763 2420 τοῦ
2781 2368 3090 2439 κρείττονος
3109 2372 3551 2443 παρασχεθείσης
3565 2372 3756 2442 χάριτος

2220 2457 2535 2511 ἀπολαύειν.
2560 2457 2804 2530 Νικητὴς
2828 2462 3205 2525 Κωνστάντιος
3225 2464 3497 2533 Μέγιστος
3517 2448 3754 2523 Sabaoth;

2218 2548 2296 2616 τῷ
2318 2546 2436 2618 λαῷ
2474 2549 2572 2619 τῆς
2608 2549 2733 2602 κατ’
2766 2550 3182 2624 Ἀλεξάνδρειαν
3217 2556 3516 2626 καθολικῆς
3553 2553 3756 2619 Ἐκκλη-

2220 2639 2364 2702 σίας.
2394 2640 2603 2695 Σκοπὸν
2652 2642 2964 2711 ποιούμενοι
3004 2646 3105 2714 τὴν
3155 2646 3434 2718 ὑμετέραν
3487 2648 3545 2699 ιν
3576 2647 3757 2700 ἅπασιν

2219 2733 2500 2803 εύνομίαν,
2534 2733 2734 2797 εἰδότες
2770 2751 2829 2788 τε
2875 2735 2953 2800 ὡς
2997 2737 3092 2790 ἐπὶ
3140 2739 3276 2792 πολὺ
3315 2740 3414 2807 τῆς
3441 2739 3536 2793 τοῦ
3569 2741 3755 2791 ἐπισκοο

2227 2823 2451 2889 ποῦντος
2500 2827 2758 2897 προνοίας
2807 2828 3126 2899 ἑστέρησθε,
3170 2829 3491 2887 ’Δθανάσιον
3546 2831 3631 2885 τὸν
3659 2828 3758 2882 ἐπί·

2222 2932 2446 2983 σκοπον,
2473 2917 2641 2989 ἄνδρα
2666 2918 2781 2982 τοῖς
2804 2919 2938 2973 πᾶσι
2962 2920 3057 2975 διά
3086 2936 3146 2974 τε
3177 2921 3274 2989 τὴν
3299 2922 3604 2994 προσοῦσαν
3631 2921 3755 2992 ὀρθό-

2218 3026 2358 3080 τητα
2383 3009 2478 3063 καὶ
2500 3009 2590 3064 διά
2618 3012 2719 3082 τὴν
2748 3010 2954 3065 οἰκείαν
2980 3014 3274 3085 εὐτροπίαν
3304 3017 3600 3086 γνώριμον,
3628 3014 3762 3066 πάλιν

531 3119 760 3172 dentia:
825 3113 1188 3170 Athanasium
1241 3112 1569 3177 antistitem,
1649 3112 1828 3166 virum
1890 3122 2105 3182 propter

2222 3101 2359 3169 πρὸς
2395 3102 2539 3170 ὑμᾶς
2589 3103 2912 3157 ἀποστεῖλαι
2945 3104 3373 3177 ὲδικαιώσαμεν.
3400 3108 3598 3162 Τοῦτον
3627 3107 3762 3173 συνή-

532 3210 753 3263 insitam
791 3207 895 3263 sibi
927 3206 1053 3260 ﬁdei
1087 3206 1461 3259 sinceritatem
1501 3220 1830 3274 morumque
1866 3204 2104 3257 nativam

534 3294 1211 3368 probitatemhominibus
1243 3294 1500 3348 Onmibns
1531 3302 1861 3363 spectatum.
1887 3309 2106 3361 aequum

533 3405 657 3444 esse
690 3390 968 3451 duximus,
997 3398 1054 3442 ut
1078 3387 1145 3442 ad
1166 3402 1264 3440 vos
1309 3390 1741 3442 remitteremus.
1780 3385 1942 3456 739
1970 3386 2105 3439 Eum

538 3483 615 3537 ita
647 3492 707 3536 ut
740 3481 1090 3535 consuetudo
1123 3480 1231 3535 fert
1262 3494 1318 3535 et
1344 3470 1526 3543 decet,
1555 3479 1945 3549 suscipientes,
1986 3494 2111 3547 pre-

538 3590 779 3643 cumque
796 3574 862 3628 ad
895 3574 1065 3629 Deum
1088 3583 1398 3629 vestrarum
1424 3573 1736 3653 adjutorem
1768 3573 2112 3627 constituen-

538 3676 643 3730 tes,
679 3682 802 3736 quae
840 3676 895 3721 et
928 3668 1083 3721 vobis
1107 3665 1385 3735 congruit,
1445 3674 1501 3719 et
1529 3664 1689 3719 nobis
1745 3673 1971 3729 accepta
2006 3673 2109 3730 est,

541 3758 896 3812 concordiam
932 3766 989 3813 et
1027 3773 1242 3828 pacem.
1266 3758 1422 3829 juxta
1460 3756 1722 3811 Ecclesia:
1747 3755 2108 3811 sanctionem.

539 3851 756 3920 prolixe
788 3865 1011 3905 servare
1077 3851 1317 3904 studete.
1379 3847 1603 3903 Minime
1662 3849 1809 3903 enim
1861 3849 2108 3902 omnium

538 3940 819 4003 convenit,
844 3941 1175 3996 discordiam
1208 3940 1447 4008 aliquam
1481 3946 1575 3991 aut
1606 3928 1935 3993 seditionem
1965 3938 2111 3991 inter

538 4049 639 4088 vos
669 4034 960 4097 concitari,
991 4034 1045 4087 in
1080 4034 1186 4088 ista
1238 4044 1551 4101 temporum
1593 4040 1907 4084 nostrorum
1966 4039 2114 4083 tran-

537 4125 834 4196 quillitate.
890 4125 1068 4194 Atque
1126 4139 1245 4177 eam
1298 4122 1521 4194 quidem
1597 4121 2108 4176 incommoditatem

541 4219 739 4273 abesse
776 4232 806 4271 a
843 4218 1002 4273 vobis
1033 4218 1265 4272 omnino
1300 4216 1576 4269 volumus.
1612 4214 1669 4268 1n
1700 4217 2113 4285 precationibus

534 4326 694 4376 vero,
728 4319 789 4364 ut
822 4326 889 4365 eo
911 4326 1081 4380 quem
1109 4309 1352 4364 diximus
1381 4314 1608 4362 auctore
1648 4316 1704 4362 et
1730 4308 1989 4379 adjutore
2020 4325 2110 4363 se-

535 4403 671 4457 dulo
700 4411 941 4467 utentes,
967 4402 1170 4458 divinis
1196 4401 1363 4455 rebus
1392 4415 1545 4455 more
1574 4410 1794 4470 recepto
1820 4401 2108 4464 insistatis,

478 4486 481 4493 ’
535 4510 635 4551 vos
688 4495 1097 4549 admonemus:
1164 4503 1226 4546 ut
1266 4493 1362 4546 tali
1434 4492 1744 4547 animorum
1788 4502 2107 4548 vestrorum

534 4586 821 4655 proposito
844 4587 911 4639 ad
942 4585 1329 4640 universorum
1384 4595 1514 4639 vota
1547 4594 1867 4640 transeunte
1894 4602 1959 4639 ex
1983 4602 2115 4656 gen-

535 4675 688 4730 tibus
720 4676 889 4729 etiam
925 4676 1017 4745 qui
1053 4675 1238 4729 adhuc
1280 4675 1550 4730 idolorum
1608 4676 1786 4730 errori
1847 4687 1977 4729 sunt
2015 4677 2115 4729 im-

536 4768 751 4837 plicati,
786 4768 853 4821 ad
904 4769 1242 4822 sacrosancti
1278 4766 1535 4823 sacriﬁcii
1573 4771 1948 4840 cognitionem
1988 4786 2113 4839 per-

537 4860 749 4923 venire,
784 4859 1142 4914 Alexandrini
1176 4861 1513 4925 charissimi,
1574 4872 1873 4915 maturent.
1929 4862 2108 4927 Quare

537 4967 635 5006 vos
680 4955 882 5006 iterum
932 4952 1309 5020 admonemus,
1341 4965 1396 5010 ut
1450 4955 1503 5007 in
1569 4954 1637 5009 iis
1688 4971 1808 5023 qua:
1870 4956 2108 5008 diximus

535 5043 866 5111 persistatis,
903 5043 1219 5112 episc0pum
1254 5061 1383 5099 vero
1409 5085 1423 5109 ,
1462 5044 1555 5099 Dei
1616 5046 1789 5115 ipsius
1848 5055 1985 5099 nutu
2050 5055 2106 5098 et

534 5134 807 5189 sententia
846 5145 1034 5189 nostra
1061 5136 1127 5189 ad
1148 5151 1249 5190 vos
1285 5138 1537 5195 missum.
1597 5136 1834 5190 libenter
1871 5135 2105 5204 recipia-

537 5231 627 5286 tis.
681 5238 848 5293 atque
880 5240 1007 5280 eum
1048 5243 1114 5281 ex
1173 5228 1357 5283 animo
1408 5228 1887 5298 complcctendum
1949 5228 2105 5282 vohis

536 5331 659 5370 esse
685 5317 1038 5373 existimetis.
1076 5319 1130 5374 Id
1161 5320 1307 5389 quod
1340 5328 1399 5374 et
1420 5336 1517 5373 vos
1546 5320 1728 5380 decet,
1756 5329 1811 5372 et
1842 5328 2104 5373 mansue-

541 5409 717 5461 tudini
752 5418 956 5463 nostra:
983 5413 1345 5469 convenit.Ut
1375 5414 1522 5467 enim
1559 5415 1831 5465 tumultus
1863 5421 1919 5465 et
1957 5413 2107 5465 scili-

538 5495 707 5551 tionis
738 5501 1078 5554 occasionem
1105 5517 1323 5555 omnem
1356 5517 1548 5555 eorum
1605 5504 1696 5569 qui
1730 5503 1981 5556 consulto
2011 5504 2106 5556 de-

540 5586 743 5643 teriora
774 5599 952 5660 erepta
980 5603 1390 5658 consectantur,
1420 5593 1868 5661 praecideremus,
1888 5593 2094 5664 judici-

610 5768 684 5839 (1)
711 5770 911 5827 Christi
948 5774 1134 5843 gratia.
1172 5772 1325 5829 Socr.

2218 3190 2326 3256 θως
2364 3193 2461 3247 καὶ
2485 3195 2878 3263 προσηκόντως
2910 3194 3329 3266 ὑποδεξάμενοι,
3375 3200 3469 3254 καὶ
3500 3201 3615 3262 ταῖς
3648 3199 3762 3267 πρὶς

2217 3285 2310 3338 τὸν
2341 3285 2474 3338 Θεὸν
2506 3286 2693 3355 εὐχαῖς
2728 3285 2925 3356 βοηθὸν
2954 3292 3432 3362 προστησάμενοι,
3454 3293 3551 3363 τὴν
3575 3294 3692 3361 ὑμῖν
3715 3307 3763 3340 τε

2218 3377 2534 3444 πρέπουσαν
2583 3378 2675 3430 καὶ
2724 3380 2857 3449 ἡμῖν
2888 3379 3117 3457 ἀρετήν,
3147 3385 3407 3451 ὁμόνοιαν
3428 3388 3532 3442 ,καὶ
3566 3384 3765 3452 εἰρήνην

2216 3469 2362 3521 κατὰ
2390 3469 2484 3521 τὸν
2516 3469 2617 3539 τῆς
2652 3471 2989 3541 Ἐκκλησὶας
3026 3472 3229 3544 θεσμὸν
3264 3476 3467 3547 διαρκῆ
3504 3476 3767 3545 φυλάττειν

2220 3562 2561 3617 σπουδάσατε
2582 3581 2596 3597 ο
2621 3563 2744 3617 οὐδὲ
2777 3566 2885 3636 γὰρ
2932 3565 3158 3634 εὔλογόν
3205 3568 3329 3621 εστι
3377 3569 3639 3640 διχόνοιάν
3670 3582 3767 3619 τινα

2215 3654 2248 3724 ἢ
2282 3654 2473 3708 στάσιν
2507 3657 2565 3708 ὲν
2615 3656 2744 3725 ὑμῖν
2778 3659 3093 3729 κινηθῆναι,
3155 3661 3496 3716 ὑπεναντίαν
3542 3662 3639 3728 τῆς
3678 3660 3769 3711 τῶν

2216 3748 2502 3818 ἡμετέρων
2530 3749 2739 3819 καιρῶν
2772 3751 3086 3821 εὐμοιρίας.
3112 3754 3221 3807 Καὶ
3258 3754 3422 3810 τοῦτο
3453 3755 3552 3827 μὲν
3580 3754 3768 3811 ἀπεῖνῖι

2216 3841 2310 3910 ἀφ’
2346 3841 2500 3910 ὑμῶν
2531 3842 2813 3906 παντελῶς
2835 3843 3144 3915 βουλόμεθα
3167 3832 3183 3878 έ
3211 3848 3275 3901 τδ
3297 3849 3354 3902 δέ
3376 3865 3440 3917 γε
3467 3851 3585 3910 ταῖς
3606 3848 3771 3916 εὐχαῖς

2217 3933 2363 4003 ὑμᾶς
2402 3933 2641 4005 διαρκῶς
2683 3936 2851 4008 αὐτῷ,
2882 3936 2958 4002 ὡς
2998 3939 3351 4011 προείρηται,
3390 3941 3665 4011 προστάτῃ
3691 3937 3769 3990 κα)

2218 4024 2497 4097 ἐπικούρῳ
2519 4027 2863 4098 χρωμένους,
2881 4029 3016 4098 πρὸς
3035 4030 3094 4083 τὸ
3111 4030 3255 4085 θεῖον
3273 4032 3536 4104 ἐμμένειν
3554 4029 3772 4101 συνήθως

2221 4116 2610 4189 παραινοῦμεν
2632 4136 2647 4153 ο
2680 4118 2755 4202 ti);
2789 4120 2856 4174 ἂν
2879 4122 2979 4192 τῆς
3010 4124 3268 4193 τοιαύτης
3297 4126 3456 4196 ὑμῶν
3489 4125 3771 4196 προθέσεως

2216 4213 2296 4274 εἰς
2330 4213 2430 4275 τὰς
2488 4212 2744 4267 ἁπάντων
2783 4214 2946 4284 εὐχάς
2980 4216 3399 4291 διαὸαινούσης,
3441 4223 3538 4274 καὶ
3582 4223 3643 4272 εκ
3680 4216 3774 4269 τῶν

2218 4303 2390 4358 ἐθνῶν
2417 4303 2467 4357 οἱ
2507 4307 2574 4375 τῇ
2599 4306 2711 4358 τῶν
2760 4307 2995 4361 εἰδώλων
3048 4309 3228 4383 πλάνῃ
3261 4312 3343 4366 ἔτι
3372 4315 3471 4368 καὶ
3505 4313 3596 4367 νῦν
3624 4324 3774 4381 προσ·

2220 4398 2546 4467 ανέχοντες,
2584 4397 2678 4451 ἐπὶ
2724 4397 2824 4470 τὴν
2879 4400 2975 4469 τῆς
3032 4402 3184 4471 ἱερᾶς
3240 4403 3437 4470 θυσίας
3501 4408 3776 4473 ἐπίγνωσιν

2219 4489 2524 4553 σπεύδοιεν,
2573 4487 2948 4559 ’Δλεξανδρεῖς
2972 4492 3462 4563 προσφιλέστατοι.
3505 4498 3611 4550 Καὶ
3639 4489 3776 4552 αὖθις

2213 4580 2307 4634 οὖν
2360 4578 2738 4652 παραινοῦμεν
2770 4586 2882 4644 τοῖς
2916 4588 3339 4655 προειρημένοις
3385 4591 3665 4659 ἐμμένειν.
3690 4585 3778 4637 Τέν

2212 4671 2269 4724 δὲ
2294 4673 2595 4726 ἐπίσκοπον
2622 4671 2789 4744 ψήφῳ
2822 4675 2916 4727 τοῦ
2963 4677 3276 4744 κρείττονος
3309 4682 3406 4733 καὶ
3454 4683 3519 4752 τῇ
3554 4677 3777 4750 ἡμετέρα

2212 4762 2410 4835 γνώμῃ
2455 4763 2894 4835 ἀπεσταλμένον,
2951 4767 3123 4837 ἡδέως
3174 4768 3443 4835 δέξασθεο
3498 4776 3593 4826 καὶ
3645 4772 3779 4838 πάσῃ

2212 4852 2418 4924 ψυχικῇ
2444 4853 2640 4927 γνώμῃ
2675 4856 2959 4910 ἀσπαστὸν
3010 4860 3313 4931 ἡγήσασθε.
3355 4865 3533 4918 Τοῦτο
3565 4867 3670 4933 γὰρ
3698 4864 3777 4916 καὶ

2219 4945 2346 5014 ὑμῖν
2390 4948 2613 5021 πρέπει,
2657 4951 2752 5002 καὶ
2791 4953 2856 5021 τῇ
2910 4952 3159 5026 ἡμετέρᾳ
3194 4956 3469 5029 πραότητι
3502 4959 3781 5029 προσήκειν

2219 5040 2582 5111 συνέστηκεν.
2627 5041 2798 5114 ’Υπὲρ
2851 5045 2960 5116 γὰρ
3006 5047 3100 5100 τοῦ
3153 5049 3339 5104 πᾶσαν
3375 5053 3650 5121 ἀνασοόὴν
3698 5049 3779 5101 καὶ

2220 5131 2465 5195 στάσεως
2499 5134 2776 5205 πρόφασιν
2833 5139 3260 5211 περιαιρεθῆναι
3318 5143 3433 5196 τῶν
3471 5142 3780 5207 ὲθελοκακίςι

2218 5228 2520 5295 χρωμένων
2555 5230 2665 5291 τοῖς
2694 5228 2826 5298 παρ’
2861 5231 2991 5300 ὑμῖν
3014 5232 3296 5298 δικασταῖς
3319 5236 3414 5290 διὰ
3452 5236 3782 5307 γραμμάτων

2218 5322 2662 5391 προσετάξαμεν,
2692 5323 2940 5388 ἅπαντας
2967 5324 3062 5389 οὓς
3096 5327 3164 5382 ἂν
3195 5327 3525 5393 στασιώδεις
3545 5328 3783 5395 κατειμὲ⁴

2216 5413 2383 5479 θοιεν,
2407 5418 2473 5485 τῇ
2502 5416 2610 5468 τῶν
2637 5416 2817 5486 νόμων
2840 5417 3171 5473 ύποδάλλειν
3201 5421 3443 5494 ἐκδικίᾳ.
3486 5422 3777 5492 Ἀμφότερη

2215 5505 2398 5557 τοίνυν
2457 5507 2815 5577 συνορῶντες,
2882 5512 2979 5562 καὶ
3029 5513 3132 5581 τὴν
3196 5516 3484 5586 ἡμετέραν
3521 5516 3659 5586 μετὰ
3695 5509 3783 5562 τσῦ

2221 5599 2534 5670 κρείττονος
2572 5601 2826 5675 γνώμην,
2860 5608 2956 5659 καὶ
3004 5608 3098 5661 τὸν
3142 5609 3281 5681 ὑπὲρ
3336 5610 3498 5680 ὑμῶν
3554 5609 3649 5662 καὶ
3691 5602 3782 5672 τῆς
