3990 6440
537 344 645 407 397

1767 323 2187 389 NICEPHORI
2219 321 2562 382 CALLISTI

3669 326 3753 393 328

540 453 745 510 invidia
776 462 833 505 et
857 447 1241 519 reprehensio,
1268 443 1417 515 quod
1446 442 1539 513 qui
1569 448 1732 496 antea
1756 438 1889 508 Tyri
1925 435 2121 491 suﬂra-

2229 434 2485 502 ἀπεχθῶς
2536 432 2674 502 πρὸς
2718 431 3034 488 Ἀθανάτων
3084 427 3250 505 εἶχον,
3306 433 3560 507 Μαξίμῳ,
3610 434 3683 505 οἷς
3708 445 3756 497 tv

540 558 698 618 gator
733 531 1092 601 Athanasium
1152 536 1638 594 exauctorantium
1684 533 1908 594 luisset,
1974 543 2123 583 uuuc

542 643 774 693 seorsim
801 635 1132 692 sententiam
1161 646 1262 701 pro
1305 645 1373 684 eo
1399 629 1565 683 talem
1603 626 1846 686 tulisset,
1881 620 2126 677 auctori-

545 741 652 784 tate
678 744 775 783 sua
809 728 1130 796 dignitatem
1171 722 1319 776 illius
1375 720 1788 777 conﬁrmasset,
1829 723 1886 767 et
1927 713 2121 767 alacri-

544 835 651 879 tate
681 839 892 877 summa
922 835 1045 874 cum
1089 834 1157 873 eo
1186 816 1670 872 communicasset.
1704 811 1837 875 Qua:
1869 825 1999 864 vero
2023 822 2124 877 pro

543 932 611 969 eo
647 916 890 986 synodus
916 911 1409 981 llierosolymitana
1441 907 1496 960 iu
1532 904 1851 974 Egyptum,
1874 900 2124 970 Libyam,

542 1019 597 1062 et
628 1009 798 1077 ipsam
842 1005 1231 1061 Alexandriam
1289 1002 1355 1055 ad
1393 1000 1750 1069 presbyteros
1773 1005 1827 1049 et
1862 995 2125 1049 diaconos

542 1111 598 1151 et
648 1098 859 1166 plebem
910 1097 1180 1165 reliquam
1240 1091 1486 1161 scripsit,
1546 1090 1672 1144 talia
1728 1088 1916 1142 fuere:
1961 1084 2119 1157 74],

545 1207 569 1244 ι
589 1190 783 1244 Sancta
810 1189 1053 1260 synodus
1072 1184 1467 1255 Hierosolymis
1482 1189 1830 1251 congregata,
1847 1178 1928 1234 eis
1949 1177 2043 1246 qui
2068 1178 2124 1231 in

540 1282 871 1349 ASgypto,et
898 1270 1092 1348 Libya,
1123 1285 1178 1330 et
1205 1276 1261 1329 in
1297 1275 1413 1343 ipsa
1448 1270 1780 1328 Alexandria
1803 1277 1955 1332 sunt,
1974 1283 2126 1337 pres-

540 1373 774 1444 bytcris,
800 1371 1066 1430 diaconis.
1100 1379 1155 1423 et
1193 1367 1416 1436 populo,
1444 1364 1666 1420 dilectis
1687 1361 2124 1430 desideratisque

541 1463 898 1518 fratribus'in
926 1461 1151 1516 Christo
1203 1460 1462 1515 salutem.
1492 1455 1887 1535 Universarum
1936 1466 2123 1507 rerum

540 1557 675 1620 Deo,
709 1555 923 1618 dilecti,
967 1569 1067 1623 pro
1120 1552 1200 1607 rei
1236 1551 1504 1620 dignitate
1538 1548 1756 1605 debitas
1790 1560 1954 1616 agere
1992 1560 2124 1616 gra-

544 1651 668 1709 tias.
706 1658 933 1718 propter
961 1662 1025 1702 ea
1058 1660 1180 1716 qua:
1210 1657 1430 1713 semper
1457 1641 1590 1696 fecit
1639 1638 1981 1701 admiranda,
2012 1652 2122 1691 non

543 1757 859 1811 possumus.
896 1739 1047 1794 Fecit
1080 1749 1263 1794 autem
1294 1752 1443 1793 nunc
1471 1748 1691 1804 quoque
1734 1748 1859 1786 cum
1888 1729 2123 1785 ecclesia

539 1845 742 1890 vestra.
771 1842 991 1903 pastore
1019 1839 1205 1884 vestro
1231 1837 1289 1881 et
1322 1827 1546 1881 domino
1571 1824 1898 1891 collegaque,
1929 1828 2124 1874 nostro

540 1925 865 1986 Athanasio,
910 1922 1069 1976 vobis
1101 1919 1338 1974 reddito.
1369 1917 1506 1983 Quis
1566 1915 1778 1970 etenim
1836 1928 1897 1967 se
1944 1911 2124 1966 oculis

538 2020 653 2073 suis
682 2020 935 2089 visurum
966 2013 1388 2084 speravit,iquat
1440 2025 1587 2064 nunc
1619 2024 1717 2062 vos
1769 2006 1937 2061 rebus
1990 2005 2123 2072 ipsis

538 2107 865 2177 percipitis?
894 2106 1154 2161 Sedenim
1188 2119 1317 2156 vere
1359 2101 1604 2170 profecto
1634 2100 1916 2155 orationes
1932 2107 2124 2151 vestra;

537 2198 812 2253 exaudita:
848 2206 976 2250 sunt
1006 2196 1075 2249 ab
1103 2192 1486 2246 universitatis
1518 2190 1682 2259 hujus
1715 2189 1847 2253 Deo,
1890 2187 1982 2256 qui
2016 2188 2122 2241 Ec-

538 2290 721 2344 (‘lesite
755 2305 869 2342 suae
896 2301 1085 2342 curam
1118 2284 1301 2353 gerit,
1352 2283 1558 2351 quique
1610 2282 1883 2351 lacrymas
1907 2289 2119 2339 Vestras

539 2392 596 2436 et
632 2382 840 2435 luctum
875 2370 1153 2449 respexit,
1191 2388 1250 2431 et
1314 2386 1608 2445 pr0pterea
1667 2388 1861 2451 preces
1914 2385 2124 2426 vcsmts

540 2474 848 2526 exaudivit.
909 2472 1092 2525 Eratis
1120 2484 1358 2537 namque
1408 2467 1568 2521 sicuti
1609 2481 1742 2519 ores
1794 2466 2008 2535 iactatae
2068 2472 2124 2518 et

540 2567 823 2634 diSpersar,
848 2581 953 2619 non
979 2565 1248 2618 habentes
1272 2575 1570 2632 pastorem.
1609 2561 1672 2613 Et
1705 2574 1871 2613 verus
1901 2560 1953 2610 in
1982 2558 2122 2611 cmlo

539 2668 750 2729 pastor,
782 2673 915 2712 oves
941 2672 1071 2712 suas
1104 2671 1328 2718 curans,
1362 2652 1605 2709 reddidit
1637 2652 1797 2706 vobis
1825 2665 1989 2720 quem
2027 2650 2122 2704 de-

540 2751 848 2805 siderastis.
878 2749 1022 2804 Ecce
1050 2748 1200 2803 enim
1230 2756 1285 2800 et
1315 2762 1433 2810 nos,
1468 2746 1564 2815 qui
1619 2744 1755 2797 nihil
1792 2758 1888 2812 pro
1947 2742 2124 2796 eccle-

539 2846 762 2899 siastica
802 2859 934 2914 pace
959 2859 1070 2899 non
1108 2841 1425 2913 agimus.et
1449 2856 1575 2894 cum
1612 2849 1797 2893 vestra
1836 2837 2122 2906 conspira-

540 2953 666 2992 mus
727 2937 1022 3000 cbaritate,
1077 2937 1233 2990 illum
1290 2935 1446 3005 prius
1498 2942 1783 3003 receptum
1850 2929 2120 2998 compti-xi

536 3042 747 3083 sumus.
790 3028 858 3082 Et
887 3043 983 3097 per
1006 3043 1132 3081 eum
1162 3030 1215 3081 in
1241 3025 1691 3080 communionem
1719 3039 1817 3078 vos
1850 3023 2124 3091 recipien-

538 3130 640 3183 tes,
672 3120 779 3174 hoc
825 3119 1095 3188 scriptum
1131 3129 1185 3173 et
1216 3121 1514 3188 gratiarum
1568 3116 1839 3170 actionem
1878 3123 2118 3167 nostram

538 3214 605 3266 ad
638 3228 736 3266 vos
770 3213 1046 3273 dedimus,
1083 3220 1143 3265 ut
1173 3210 1493 3264 dilectionis
1519 3209 1741 3262 vinculo
1795 3224 1893 3261 nos
1936 3217 1992 3261 et
2045 3204 2123 3259 illi

538 3315 595 3359 et
626 3307 784 3360 vobis
836 3307 1021 3358 unitos
1056 3315 1221 3373 atque
1252 3305 1579 3374 conjunctos
1629 3317 1749 3356 esse
1780 3301 2122 3369 intelligetis.

541 3398 773 3453 Debetis
797 3413 927 3451 vero
951 3399 1114 3450 etiam
1140 3412 1239 3466 pro
1268 3400 1469 3465 pietate
1502 3395 1595 3447 Dei
1619 3393 2126 3447 amantissimorum

541 3492 939 3559 imperatorum
969 3505 1152 3543 orare.
1186 3490 1287 3555 Qui
1323 3504 1455 3543 sane
1480 3499 1536 3541 et
1587 3487 1856 3555 ipsi,tum
1911 3485 2129 3538 deside-

546 3583 627 3636 tio
663 3584 713 3636 in
741 3583 896 3637 illum
947 3595 1158 3647 vestro,
1186 3594 1302 3637 tum
1338 3581 1662 3635 sinceritate
1702 3580 1826 3648 ejus
1882 3580 2125 3648 cognita,

541 3675 842 3731 restituere
891 3692 1019 3730 eum
1052 3675 1212 3729 vobis
1247 3690 1372 3727 cum
1404 3673 1554 3727 omni
1597 3672 1806 3725 honore
1856 3680 1985 3725 sunt
2041 3670 2127 3724 di-

538 3770 711 3840 gnati.
740 3770 929 3838 Itaque
961 3769 1142 3823 obviis
1175 3784 1300 3821 eum
1329 3766 1569 3835 excipite
1603 3766 1772 3827 ulnis,
1826 3774 1884 3819 et
1913 3763 2129 3818 debitas

539 3879 642 3933 pro
671 3878 738 3916 eo
798 3863 1097 3931 gratiarum
1156 3862 1429 3924 actiones,
1476 3875 1507 3913 a
1547 3875 1657 3937 quo
1722 3857 1863 3911 hanc
1908 3866 2128 3939 tantam

541 3955 831 4024 recepistis
848 3954 1077 4023 gratiam
1106 3954 1218 4007 Deo
1249 3952 1479 4006 reddere
1498 3934 1739 4011 studcte,
1776 3962 1835 4004 ut
1867 3934 2132 4019 perpetuo

542 4062 666 4100 cum
703 4048 812 4099 Deo
843 4046 1014 4100 laatari
1063 4052 1119 4098 et
1167 4042 1463 4096 Dominum
1490 4042 1772 4095 celebrare
1796 4038 2043 4100 valeatis,
2074 4040 2129 4092 in

2225 524 2388 594 Τύρῳ
2434 524 2703 594 πρότερον
2741 524 3038 594 σύμψηφος
3080 527 3196 589 τοῖς
3238 525 3525 582 καθελοῦσι
3560 546 3761 600 γεγενη.

2228 618 2410 689 μένος,
2451 615 2546 669 νῦν
2578 616 2752 679 οὕτως
2806 616 2914 686 ίδίᾳ
2957 617 3028 671 τὰ
3050 616 3211 688 ῐύπὲρ
3248 618 3417 673 αὐτοῦ
3467 619 3760 690 ἐψηφίζετο·

2226 708 2425 778 ἐκύρου
2456 724 2515 760 τε
2552 709 2614 760 τὸ
2665 708 2908 777 ἀξίωμα,
2946 708 3040 761 καὶ
3073 708 3463 779 προθυμότατα
3497 712 3761 769 ἐκοινώνει.

2232 802 2296 852 "A
2320 800 2376 852 δὲ
2416 800 2555 869 ὑπὲρ
2587 797 2754 852 αὐτοῦ
2787 801 2820 869 ή
2855 802 2913 851 ὲν
2960 799 3367 869 Ἰεροσολύμοις
3394 799 3595 870 ἔγραψε
3631 803 3769 857 σύνο-

2224 893 2313 956 δος
2351 894 2466 956 τοῖς
2504 894 2562 944 ἐν
2606 891 2873 961 Αἰγύπτῳ
2912 890 3008 946 καὶ
3037 890 3214 963 Λιϐύῃ
3261 893 3355 947 καὶ
3383 892 3520 962 αὐτῇ
3553 893 3771 959 Ἀλεξανο

2223 985 2380 1056 δρείᾳ
2404 983 2800 1055 πρεσϐυτέροις
2824 984 2923 1039 καὶ
2945 984 3216 1047 διακόνοις
3246 984 3341 1037 καὶ
3362 983 3440 1053 τῷ
3469 985 3633 1055 λοιπῷ
3652 986 3769 1056 λαῷ,

2225 1077 2426 1131 οὑτωσὶ
2458 1076 2744 1150 διεξῄεσαν
2768 1089 2785 1107 ⁸
2830 1096 2849 1129 ι
2889 1078 3027 1131 Κατ’
3048 1077 3209 1144 ἀξίαν
3262 1076 3342 1147 τῷ
3370 1079 3479 1131 τῶν
3506 1079 3634 1132 ὅλων
3671 1081 3772 1151 Θεῷ

2226 1171 2575 1240 εὐχαριστεῖν
2616 1170 2718 1222 οὐκ
2749 1168 3052 1241 ἀρκοῦμεν,
3094 1170 3397 1241 ἀγαπητοὶ,
3436 1171 3523 1239 ἐφ’
3552 1166 3630 1234 οἷς
3656 1170 3772 1225 θαυ-

2229 1262 2448 1332 μασίοις
2478 1262 2707 1332 ἐποίησε
2737 1263 2978 1317 πάντοτε
3003 1277 3019 1296 ο
3053 1263 3281 1333 εποίησε
3328 1262 3387 1315 δὲ
3418 1263 3516 1317 καὶ
3538 1267 3629 1319 νῦν
3655 1265 3776 1335 μετά

2226 1358 2326 1426 τῆς
2365 1356 2643 1425 ὑμετέρας
2687 1355 3011 1425 ἐκκλησίας,
3067 1338 3161 1410 τὸν
3205 1356 3449 1425 ποιμένα
3500 1356 3649 1427 ὑμῶν
3695 1360 3776 1411 καὶ

2226 1450 2422 1519 κύριον
2458 1452 2555 1502 καὶ
2578 1449 2999 1521 συλλειτουργὸν
3030 1452 3190 1522 ἡμῶν
3220 1451 3544 1506 Ἀθανάσιον
3569 1452 3776 1515 ἀποδοὺς

2228 1543 2373 1613 ὑμῖν.
2410 1542 2510 1605 Τίς
2548 1543 2661 1611 γὰρ
2693 1539 2899 1613 ἧλπισε
2927 1541 3104 1597 ταῦτα
3130 1541 3437 1613 ὀφθαλμοῖς
3472 1544 3617 1609 ἰδεῖν,
3643 1542 3677 1598 ἀ
3696 1542 3777 1596 νῦν

2229 1635 2387 1705 ὑμεῖς
2418 1633 2566 1706 ἔργῳ
2587 1634 3052 1705 ἀπολαμϐάνετες
3097 1636 3268 1691 ’Λλλά
3302 1636 3525 1705 ἀληθῶς
3550 1639 3604 1690 αἱ
3641 1638 3778 1707 εὐχαὶ

2229 1724 2382 1796 ὑμῶν
2409 1724 2849 1796 είσηκούσθησαν
2876 1727 3031 1797 παρὰ
3057 1726 3137 1798 τῷ
3161 1727 3271 1783 τῶν
3294 1729 3433 1783 ὅλων
3449 1729 3589 1801 Θεῷ,
3609 1729 3680 1799 τῷ
3698 1747 3782 1799 κη-

2159 1790 2201 1844 B
2226 1790 2438 1890 δομὲνῳ
2463 1790 2568 1890 cii;
2613 1790 2974 1893 Ἐκκλησίας
3006 1790 3199 1887 αὐτοῦ,
3224 1823 3328 1874 καὶ
3365 1790 3602 1875 ἐπιδόντι

2224 1919 2293 1972 τά
2319 1919 2533 1989 δάκρυα
2584 1920 2839 1984 καὶτοὺς
2894 1918 3190 1990 ὀδυρμοὺς,
3240 1920 3338 1974 xa‘t
3382 1920 3471 1973 διὰ
3510 1918 3662 1971 τοῦτο
3688 1917 3780 1969 τῶν

2220 2008 2475 2083 δεήσεων
2510 2014 2664 2086 ὑμῶν
2703 2015 3099 2071 ἐπακούσαντα
3128 2011 3270 2070 Ἦτε
3300 2016 3423 2086 Ιγάρ
3456 2013 3531 2077 ὡς
3558 2013 3779 2082 πρόϐατα

2224 2105 2537 2174 ἐσκυλμένα
2581 2108 2676 2160 καὶ
2700 2109 3037 2179 ἐρριμμένα,
3076 2110 3152 2177 μὴ
3174 2109 3373 2178 ἔχοντα
3409 2107 3782 2178 ποιμέναπκαὶ

2223 2199 2252 2251 ὁ
2282 2199 2541 2269 ἀληθινὸς
2571 2201 2775 2271 ποιμὴν
2798 2202 3112 2272 οὐρανόθεν,
3145 2205 3173 2256 ό
3198 2203 3309 2256 τῶν
3341 2203 3487 2256 ίδίων
3516 2200 3779 2272 προϐάτων

2226 2292 2566 2361 κηδόμενος,
2597 2293 2834 2356 ἀποδοὺς
2862 2295 2991 2364 ὑμῖν
3012 2295 3071 2348 ὃν
3105 2295 3377 2348 ἐποθεϊτε.
3415 2295 3547 2348 ’1δού
3580 2292 3682 2362 γὰρ
3701 2295 3782 2344 καὶ

2224 2387 2389 2455 ἡμεῖς
2450 2385 2629 2439 πάντα
2692 2386 2835 2456 ὑπὲρ
2886 2387 2985 2456 τῆς
3056 2386 3527 2456 ὲκκλησιαστικῆς
3586 2384 3781 2454 εἰρήνης

2227 2475 2586 2543 πράττοντες,
2637 2478 2732 2529 καὶ
2765 2478 2832 2547 τῇ
2867 2477 3115 2548 ὑμετέρα
3166 2479 3546 2548 συμπνόοντες
3596 2478 3777 2546 ἀγάπῃ.

2228 2566 2594 2635 προλαϐόντες
2621 2568 2782 2620 αὐτὸν
2806 2569 3181 2638 ἠσπασάμεθα
3207 2586 3220 2598 ·
3254 2571 3351 2623 καὶ
3380 2570 3778 2638 κοινωνήσαντες

2225 2657 2293 2710 δι’
2327 2658 2495 2710 αὐτοῦ
2541 2659 2692 2729 ὑμῖν,
2724 2659 2931 2722 ταύτας
2959 2662 3065 2723 τὰς
3119 2664 3462 2731 προσρήσεις
3505 2660 3775 2727 διαπεμπὸι

2230 2757 2394 2820 μεθα,
2427 2751 2525 2804 καὶ
2568 2754 2670 2814 τὰς
2705 2752 3165 2823 εὐχαριστηρίους
3203 2756 3370 2825 ἡμῶν
3400 2755 3566 2825 εὐχάς
3586 2770 3600 2785 ·
3626 2753 3687 2807 ἶν’
3713 2751 3772 2802 εί-

2225 2843 2352 2911 δῆτε
2409 2843 2488 2913 τῷ
2531 2844 2815 2914 συνδέσμῳ
2844 2846 2943 2916 τῆς
2973 2847 3194 2917 ἀγάπης
3245 2849 3383 2917 πρὸς
3414 2849 3577 2903 αὐτὸν
3605 2847 3691 2901 καὶ
3728 2845 3779 2913 ή-

2231 2936 2338 3004 μᾶς
2371 2935 2933 3005 ἡνῶσθαι.’οφείλετε
2962 2938 3019 2991 δὲ
3072 2940 3168 2992 καὶ
3202 2940 3347 3009 ὑπὲρ
3394 2939 3496 3007 τῆς
3530 2937 3778 2996 εὐσεϐείας

2224 3026 2334 3078 τῶν
2366 3027 2802 3096 θεοφιλεστάτων
2843 3029 3113 3100 βασιλέων
3159 3030 3454 3100 εὔχεσθαι·
3497 3033 3682 3091 οἵτινες
3705 3028 3780 3081 καὶ
3872 3050 3875 3053 ·

2227 3121 2382 3173 αὐτοὶ
2400 3120 2627 3185 γνόντες
2656 3121 2748 3175 τὸν
2799 3123 2965 3177 πόθον
3018 3122 3175 3193 ὑμῶν
3216 3125 3307 3175 τὸν
3349 3126 3478 3194 περὶ
3505 3124 3679 3185 αὐτὸν,
3707 3118 3784 3172 καὶ

2227 3214 2329 3282 τὴν
2363 3211 2535 3265 αὐτοῦ
2568 3214 2947 3285 καθαρότητα,
2981 3216 3446 3286 ἀποκαταστῆσαι
3481 3217 3604 3286 ὑμῖν
3648 3214 3783 3267 αὑτὸν

2235 3307 2373 3376 μετά
2401 3309 2582 3378 πάσης
2614 3309 2782 3376 τιμῆς
2816 3310 3186 3378 κατηξίωσαν.
3234 3310 3493 3375 ’Υπτίαις
3523 3307 3613 3363 οὖν
3654 3308 3784 3371 δεξά-

2237 3413 2391 3465 μενοι
2415 3398 2578 3449 αὐτὸν
2608 3399 2790 3468 χερσὶ,
2818 3400 2910 3451 καὶ
2935 3401 3029 3461 τὰς
3076 3400 3441 3469 ὀφειλομένας
3481 3402 3616 3470 ὑπὲρ
3647 3395 3784 3451 αὐτοῦ

2233 3489 2699 3558 εὐχαριστηρίους
2750 3491 2917 3559 εὐχὰς
2967 3492 3293 3562 ἀναπέμψαι
3340 3493 3417 3561 τῷ
3465 3491 3629 3545 ταῦτα
3684 3488 3787 3556 ὑμῖν

2237 3582 2594 3652 χαρισαμένῳ
2621 3582 2762 3652 Θεῷ,
2805 3584 3151 3638 σπουδάσατε
3184 3585 3329 3655 ὑπὲρ
3375 3585 3470 3639 τοῦ
3510 3586 3595 3639 διὰ
3620 3580 3787 3638 παντδς

2235 3671 2383 3740 ὗμᾶς
2429 3674 2643 3743 χαίρειν
2679 3678 2776 3729 σὺν
2814 3673 2936 3747 Θεῷ
2989 3680 3083 3731 καὶ
3116 3678 3365 3745 δοξάζειν
3409 3681 3500 3732 τὸν
3534 3677 3721 3745 Κύριον
3744 3675 3788 3724 ὲν

2234 3763 2460 3836 Χριστῷ
2510 3767 2687 3838 Ἰηςοῦ
2716 3768 2795 3837 τῷ
2825 3771 3018 3839 Κυρίῳ
3055 3772 3213 3847 ημῶν
3237 3789 3251 3803 ο
3279 3771 3350 3824 δι’
3373 3767 3434 3826 οὗ
3468 3771 3544 3841 τῷ
3582 3772 3735 3837 Πατρὶ
3761 3765 3787 3832 ἢ

2233 3856 2363 3923 δόξα
2386 3860 2463 3920 είς
2498 3860 2625 3922 τοὺς
2665 3861 2873 3923 αἰῶνας
2900 3863 3010 3915 τῶν
3055 3864 3289 3917 αἰώνων.
3327 3867 3534 3934 Ἃμήν.
3573 3882 3591 3914 ι
3642 3857 3791 3921 Mair?“

2239 3969 2337 4021 μος
2377 3951 2476 4021 μὲν
2512 3949 2608 4005 οὖν
2648 3954 2746 4005 καὶ
2777 3956 2809 4019 ἡ
2841 3955 2898 4006 ὲν
2959 3954 3296 4027 Παλαιστίνῃ
3332 3956 3553 4012 σύνοδος
3596 3948 3789 4003 τοιαῦτα

2237 4042 2379 4112 ὑπὲρ
2429 4042 2756 4097 Ἀθανασίου
2783 4043 3050 4114 ἔγραφον.

542 4141 764 4195 Christo
792 4142 919 4196 Jesu
950 4139 1185 4193 Domino
1240 4148 1464 4191 nostro:
1537 4152 1634 4205 per
1674 4149 1838 4204 quem
1902 4135 2053 4190 Patri
2126 4135 2198 4190 sit
2235 4138 2409 4207 gloria
2468 4139 2522 4193 in
2582 4143 2782 4195 sazcula
2845 4144 3193 4198 saeculorum.
3234 4162 3256 4195 ι
3299 4142 3426 4198 llaec
3462 4144 3705 4198 Maximus
3745 4141 3792 4188 el

542 4235 832 4292 Palaestina
857 4234 1101 4307 synodus
1136 4248 1234 4301 pro
1264 4232 1567 4285 Athanasio
1610 4231 1852 4299 scripsit.

1044 4380 1065 4403 ο
1099 4350 1324 4407 CAPUT
1356 4349 1565 4405 XXVII.

2825 4354 3073 4406 ΚίῙΦΑΛ.
3113 4355 3235 4408 KZ'.

548 4446 982 4532 διιξτςῖελαεξε
1018 4438 2126 4532 Vetas;-,A.'32ai_!i_‘te!‘teeraritatis

2253 4441 2357 4532 Ὠς
2389 4441 2512 4532 ’καί
2564 4445 2619 4495 οἱ
2684 4444 2987 4532 Ἀρειον-οὲ
3012 4447 3379 4532 Ὀίκρσςίκιος⁹
3424 4453 3521 4527 καὶ
3556 4444 3791 4532 (dixtian

613 4519 761 4573 Julia
794 4517 1034 4569 Romano
1063 4510 1297 4583 pontiﬁci
1325 4510 1647 4565 obtulerint:
1676 4519 1724 4565 et
1759 4522 1814 4563 ut
1855 4510 2133 4565 Nicwnam

613 4591 775 4659 ﬁdem
827 4584 1079 4653 amplexi,
1130 4597 1250 4634 cum
1299 4583 1595 4636 Athanasio
1650 4583 1708 4636 in
1762 4584 1995 4651 gratiam
2046 4598 2136 4636 re-

616 4662 836 4713 diermt.

615 4768 890 4825 Caeterum
928 4764 1020 4819 alii
1043 4771 1290 4834 quoque,
1330 4763 1545 4818 tametsi
1580 4763 1789 4833 ingenti
1823 4778 1951 4834 erga
1978 4765 2134 4819 Ariao

549 4877 676 4917 nam
703 4858 1030 4926 religionem
1065 4854 1264 4909 ardore
1294 4864 1502 4917 essent,
1530 4855 1585 4907 in
1612 4855 1763 4909 illius
1800 4865 1979 4908 tamen
2004 4872 2137 4910 con-

547 4966 771 5008 cessere
805 4948 1143 5004 sententiam
1171 4965 1183 5001 :
1210 4946 1267 5001 id
1296 4947 1443 5017 quod
1470 4956 1527 5003 et
1557 4947 1811 5003 Ursicius
1837 4948 1913 5017 (l)
1944 4958 2003 5002 et
2028 4949 2136 5003 Va-

546 5045 668 5099 lens
723 5043 927 5104 fecere.
985 5042 1081 5111 qui
1141 5055 1266 5095 cum
1328 5039 1649 5110 Theognide
1705 5051 1763 5096 et
1809 5042 1932 5096 aliis
1987 5041 2134 5111 apud

546 5136 849 5189 Mareotem
882 5134 1057 5201 luere,
1100 5148 1319 5203 eaquae
1352 5133 1604 5205 lscbyras
1636 5132 1872 5197 dixerat,
1906 5135 1973 5186 de
1998 5148 2136 5194 cons

549 5228 727 5282 fracto
756 5228 987 5299 mystico
1034 5228 1259 5297 poculo,
1290 5237 1351 5281 et
1398 5227 1523 5282 aliis
1562 5227 1731 5281 rebus
1762 5226 2133 5296 inquirentes.

552 5320 714 5391 742
756 5319 796 5373 li
840 5321 1025 5389 priore
1051 5320 1311 5389 opinione
1352 5329 1585 5381 mutata,
1622 5318 1852 5373 Romam
1898 5319 2135 5388 profecti

552 5424 721 5465 sunt:
754 5422 923 5480 atque
961 5411 1035 5466 ibi
1060 5411 1210 5466 Julio
1238 5412 1503 5480 episcOpo
1559 5411 1747 5467 libello
1798 5411 2138 5480 paenitentia:

554 5501 765 5563 oblato,
798 5504 978 5556 victos
1014 5517 1074 5556 se
1117 5502 1185 5556 ab
1211 5502 1513 5557 Athanasio
1544 5516 1667 5558 esse
1699 5512 1832 5557 sunt
1874 5500 2133 5567 confessi,

627 5638 704 5704 (l)
737 5637 1010 5692 Ursicium
1053 5640 1145 5694 alii
1188 5639 1478 5695 Ursacium
1527 5650 1750 5712 vocant,
1777 5639 2132 5695 convenienti

556 5707 938 5780 Hungarorum
974 5712 1170 5779 linguae
1212 5712 1460 5775 nomine,
1490 5711 1645 5780 quasi
1687 5710 1956 5766 Orsacum
1987 5712 2136 5765 dice-

555 5789 684 5833 reut
714 5794 729 5833 :
766 5778 1004 5837 Orsacus
1034 5778 1218 5839 autem
1253 5784 1398 5854 apud
1455 5778 1552 5837 eos
1585 5782 1788 5837 nobilis
1812 5790 1868 5836 et
1898 5795 2132 5854 genero-

2308 4513 2912 4585 ﬁlGJ/VOVIISTGVOIUC
2950 4516 3161 4579 δόντες
3200 4518 3424 4585 Ἰουλίῳ
3454 4517 3529 4583 τῷ
3573 4517 3791 4585 Ῥώμης,

2313 4583 2431 4649 ’τὴν
2461 4584 2532 4636 ἐν
2560 4584 2778 4652 Numici
2816 4588 3032 4638 πίστιν
3076 4581 3466 4654 ἠσπάσαντο,
3500 4581 3612 4642 Ἵκαὶ
3664 4581 3796 4654 μετὰ

2314 4657 2681 4708 Ἀθανασίυυ
2715 4656 3112 4713 ἐσπείσαντο.

2309 4769 2387 4820 Οὐ
2434 4771 2542 4837 μὴν
2579 4769 2717 4821 ἀλλὰ
2773 4770 2868 4822 καὶ
2899 4771 3071 4833 ἄλλοι,
3110 4772 3318 4843 καίπερ
3371 4774 3647 4846 διαπύρως
3678 4768 3794 4840 πρὸς

2238 4857 2342 4927 τὴν
2412 4860 2760 4931 Ἀρειανικὴν
2824 4864 3130 4932 θρησκείαν
3194 4866 3452 4934 ἔχοντες,
3513 4866 3642 4933 πρὸς
3710 4865 3792 4928 τὴν

2239 4951 2453 5004 ἐκείνου
2523 4954 2913 5024 μετερρύησαν
2972 4957 3163 5020 δόξαν·
3226 4955 3316 5012 οἶα
3367 4961 3430 5028 δὴ
3493 4966 3585 5013 καὶ
3623 4952 3795 5027 Οὐρσί-

2238 5060 2356 5107 κιος
2412 5047 2510 5098 καὶ
2564 5047 2788 5119 Οὐάλης
2850 5050 3213 5118 πεπόνθασιν,
3260 5054 3312 5107 οἳ
3366 5058 3464 5108 σύν
3509 5059 3617 5116 τοῖς
3669 5048 3793 5118 ἀμφὶ

2236 5136 2466 5204 Θέογνιν
2522 5139 2581 5193 ἑν
2633 5140 2715 5211 τῷ
2768 5143 3045 5215 Μαρεώτῃ
3094 5145 3380 5215 γενόμενοι
3435 5150 3501 5201 τὰ
3548 5148 3792 5217 εἰρημένα

2252 5228 2560 5301 Ἰσχυρίωνι
2606 5233 3023 5305 διαψηλαφῆσαι
3076 5243 3208 5310 περί
3259 5258 3316 5293 τε
3346 5241 3438 5295 τοῦ
3492 5238 3792 5305 κατεαγότος

2242 5324 2511 5393 μυστικοῦ
2538 5328 2822 5401 ..ποτηρίου
2876 5329 2972 5382 καὶ
3018 5328 3128 5383 τῶν
3182 5331 3410 5400 λοιπῶν,
3464 5331 3792 5404 μεταθέμενῠι

2237 5415 2338 5484 τῆς
2396 5418 2671 5488 προτέρας
2721 5419 2983 5489 σπουδῆς,
3036 5423 3090 5485 ὲς
3152 5423 3376 5497 Ῥώμην
3422 5427 3683 5497 ἀνῄεσαν·
3712 5416 3795 5473 καὶ

2252 5508 2461 5581 Ἰουλίῳ
2489 5511 2570 5581 τῷ
2598 5514 2806 5585 ταύτης
2836 5516 3123 5589 ὲπισκόπῳ
3157 5516 3365 5590 βιϐλίον
3395 5517 3671 5590 μετανοίας
3694 5513 3795 5567 δὸν·

2240 5663 2337 5702 sus
2375 5649 2757 5731 dicitur.__s_iv_e
2785 5655 3050 5731 nobilitas
3081 5658 3219 5727 ipsa.
3261 5658 3459 5718 Ursicii
3489 5664 3544 5711 et
3573 5644 3792 5712 Valentis

2239 5723 2583 5788 poenitentia:
2608 5723 2829 5779 libellus
2858 5725 3005 5783 Julio
3038 5723 3301 5802 episcopo
3328 5731 3483 5785 Rom.
3510 5731 3728 5782 oblatus.
