3990 6454
225 392 319 453 32.9
1152 389 1610 451 ECCLESIAST
1622 389 1760 448 leE

1899 389 2195 449 ΞΤΟΒΙᾸΞ
2238 390 2390 450 LIB.
2434 390 2540 450 1X.

3374 396 3480 460 33d

231 520 334 566 τες,
360 503 461 570 τὴν
508 500 601 552 ἐπὶ
647 501 953 572 Ἀθανασίῳ
990 500 1160 577 ἧτταν
1208 504 1547 572 ὡμολόγουν,
1591 500 1796 566 καὶτῷ

1906 499 2183 571 simulque
2211 502 2266 557 in
2290 514 2579 571 posterum
2603 518 2661 559 se
2690 504 2768 573 τῷ
2799 505 3096 576 ὁμοουσίῳ,
3122 509 3485 566 consubstan-

234 592 487 661 ὁμοουσίῳ
513 592 605 645 τού
635 593 827 647 λοιποῦ
859 600 1093 667 στοιχεῖν
1125 597 1432 666 ἐπεκύρουν
1454 612 1470 628 ο
1522 597 1618 648 καὶ
1648 594 1797 662 αὑτῷ

235 687 284 738 δὲ
347 683 646 752 Ἀθανασίῳ
700 688 1045 755 γράφοντες,
1110 687 1451 757 φιλοφρόνως
1513 686 1795 740 κοινωνεῖν

235 776 372 845 αὐτῷ
407 776 623 839 ἠξίουν·
650 778 677 829 ὃ
700 777 835 844 δῆτα
867 781 1188 850 περιφανῶς
1216 783 1296 841 είς
1339 781 1597 847 μέγιστον
1637 777 1796 831 καθί-

237 888 385 922 στατο
412 870 679 939 θρίαμϐον
708 872 781 933 ὼς
826 871 1029 935 ἀδίκως
1071 875 1120 926 οί
1146 875 1204 925 ὲν
1237 873 1401 943 Τύρῳ
1449 871 1592 925 κατὰ
1634 870 1798 923 Ἀθαο

235 960 403 1011 νασίου
455 960 554 1035 τᾲς
588 961 801 1028 ψήφους
858 964 1184 1031 ἐξήνεγκαν.
1222 964 1292 1014 'A
1347 963 1405 1014 δὲ
1456 960 1537 1027 τῷ
1577 961 1796 1029 Ῥώμης

235 1055 465 1120 ἔγραφον
503 1053 729 1120 Ἰουλίῳ,
782 1050 924 1123 ἦσαν
963 1053 1136 1106 ταῦτα
1159 1070 1176 1085 ⁸
1215 1074 1235 1105 ι
1287 1053 1476 1122 Κυρίῳ
1510 1069 1798 1121 μακαριω-

227 1147 362 1213 τάτῳ
394 1147 594 1215 πάππα
632 1144 837 1211 Ἰουλίῳ
864 1146 1156 1213 Οὖρσίκιος
1189 1147 1283 1199 καὶ
1298 1145 1534 1212 Οὐάλης.
1575 1144 1795 1214 Ἐπειδὴ

230 1242 550 1302 συνέστησεν
585 1238 732 1306 qua;
792 1238 964 1291 πολλά
1007 1254 1069 1290 τε
1118 1241 1227 1307 πρὸ
1271 1242 1468 1291 τούτου
1505 1238 1600 1289 καὶ
1645 1236 1797 1288 δεινὰ

229 1332 346 1400 περὶ
392 1330 719 1383 Ἀθανασιου
778 1329 874 1383 τοῦ
933 1331 1240 1383 ἐπισκόπου
1300 1330 1389 1382 διὰ
1447 1345 1797 1399 γραμμάτιον

224 1422 367 1489 ἡμῶν
416 1421 885 1489 ὑποϐεϐληκέναι,
936 1424 1237 1493 γράμμασι
1274 1426 1376 1493 τῆς
1427 1422 1529 1492 σῆς
1560 1424 1798 1492 χρηστό⁴

222 1530 371 1583 τητος
405 1506 976 1582 μεθιιδευθέντες,“τοὺ
1008 1515 1337 1584 πράγματος
1381 1514 1544 1584 χάριν
1581 1516 1709 1583 περὶ
1733 1513 1794 1567 οὑ

221 1609 449 1679 ἐδηλώσα
467 1626 585 1678 μεν.
611 1610 710 1661 οὑκ
730 1609 1083 1678 ἠδυνήθημεν
1113 1609 1272 1677 λόγον
1299 1610 1595 1664 ἀποδοῦναι
1625 1626 1639 1640 ·
1666 1611 1798 1678 ὁμο-

220 1702 485 1771 λογοῦμεν
533 1703 685 1771 παρὰ
714 1704 782 1772 τῇ
841 1706 908 1772 σῇ
942 1702 1297 1772 χρηστότητι,
1356 1706 1644 1773 παρόντων
1686 1705 1796 1757 τῶν

218 1795 451 1861 ἀδελφῶν
485 1795 646 1863 ἡμῶν
673 1795 895 1847 πάντων
921 1795 1031 1846 τῶν
1062 1795 1471 1864 πρεσϐυτέρων,
1500 1797 1584 1849 ὅτι
1613 1798 1795 1850 πάντα

218 1888 276 1941 τὰ
307 1857 410 1956 πρὸ
478 1857 670 1940 τούτου
719 1886 947 1939 ἐλθόντα
1002 1887 1081 1948 είς
1107 1857 1214 1949 ’τάς
1243 1857 1418 1950 ἀκοὰς
1459 1857 1631 1957 ὑμῶν
1662 1890 1795 1960 περὶ
1825 1857 1869 1911 Β

223 1981 299 2033 τοῦ
326 1982 600 2049 ὀνόματος
652 1980 748 2032 τοῦ
796 1981 1205 2049 προειρημένου
1245 1980 1574 2034 ’Λθανασίου
1622 1982 1793 2051 ψευδῆ

223 2074 298 2126 καὶ
337 2071 567 2126 πλαστά
612 2073 752 2136 ἐστι,
783 2072 920 2125 πᾶσί
947 2089 1008 2124 τε
1055 2072 1289 2142 δυνάμει
1319 2074 1579 2141 ἀλλότρια.
1626 2074 1793 2126 αὑτοῦ

217 2167 497 2237 τυγχάνει.
535 2168 632 2219 Διά
679 2183 765 2218 τοι
797 2167 963 2218 τοῦτο
1005 2166 1179 2235 ⁴ἡδέως
1222 2166 1657 2237 ἀντιποιούμεθα
1691 2167 1792 2236 τῆς

216 2260 500 2321 κοινωνίας
548 2258 646 2312 τοῦ
692 2261 1104 2330 προειρημένου
1150 2260 1477 2313 ’Δθαναοίου
1506 2277 1521 2292 ⁸
1558 2261 1795 2329 μάλιστα

212 2352 283 2403 ὅτι
313 2352 344 2421 ἡ
375 2351 467 2402 θεο
482 2348 672 2401 σέϐειά
709 2365 802 2402 σου
835 2350 978 2400 κατὰ
1007 2346 1109 2417 τὴν
1140 2349 1382 2417 ἔμφυτον
1411 2348 1583 2417 αὑτῆς
1627 2350 1793 2401 καλου

213 2442 483 2508 καγαθίαν
532 2443 597 2510 τῇ
653 2442 833 2510 πλάνῃ
882 2438 1040 2509 ἡμῶν
1090 2439 1429 2508 συγγνώμην
1482 2439 1793 2507 κατηξίωσε

210 2534 403 2588 δοῦναι.
443 2530 865 2603 Ὀμολογοῦμεν
898 2535 991 2584 καὶ
1018 2532 1200 2593 τοῦτο,
1247 2531 1329 2582 ὃτι
1360 2533 1455 2583 ἐάν
1480 2547 1609 2581 ποτε
1645 2530 1794 2599 ἡμᾶς

210 2629 253 2679 οἱ
282 2628 604 2681 ἁνατολικοι
657 2626 984 2694 θελήσωσιν,
1033 2623 1067 2694 ἢ
1105 2624 1204 2677 καὶ
1260 2624 1426 2685 αὑτὸς
1472 2623 1792 2685 Ἀθανάσιος

209 2721 571 2791 κακοτρόπως
623 2721 754 2788 περὶ
808 2717 1003 2769 τούτου
1057 2718 1139 2778 είς
1187 2715 1372 2785 κρίσιν
1412 2715 1663 2779 καλέσαι,
1719 2715 1795 2786 μὴ

208 2810 549 2881 ἀπέρχεσθαι
581 2810 738 2879 παρὰ
782 2808 1017 2878 γνώμην
1046 2808 1146 2869 τῆς
1198 2807 1296 2876 σῆς
1331 2805 1654 2868 διαθέσεως.
1689 2806 1795 2858 Τὸν

210 2904 261 2958 δὲ
288 2902 589 2973 αἱρετικὸν
614 2903 835 2972 Ἀρειον
872 2903 968 2953 καὶ
1013 2900 1139 2960 τοὺς
1174 2900 1653 2968 ὑπερασπίζοντας
1697 2900 1797 2951 αὑι

209 2997 470 3061 τοῦ,τοὺς
510 2996 790 3064 λέγοντας,
815 2990 924 3047 Ἦν
953 3004 1087 3045 ποτε
1112 2992 1203 3044 ὅτε
1238 2992 1344 3043 οὑκ
1367 2986 1437 3060 ἦν
1458 2993 1486 3043 ὁ
1513 2988 1665 3054 Υἱὸς,
1699 2989 1797 3041 καὶ

209 3089 284 3143 ὅτι
314 3091 376 3142 ἐκ
406 3087 518 3142 τοῦ
569 3089 646 3158 μὴ
690 3087 844 3147 ὄντος
887 3087 917 3137 ὁ
945 3084 1182 3155 Χριστός
1218 3085 1362 3148 ἐστι,
1397 3083 1493 3135 καὶ
1532 3084 1659 3145 τοὺς
1695 3083 1797 3151 ἁρ-

1902 588 2050 654 tiali,
2076 607 2400 647 assensuros
2446 610 2568 650 esse
2600 605 2953 665 receperunt.
2976 597 3056 651 Ad
3088 601 3270 665 ipsum
3314 601 3482 656 etiam

1897 681 2260 736 Athanasium
2293 685 2622 752 scribentes,
2644 686 2881 757 benigne
2904 703 2964 742 se
2993 704 3118 743 cum
3146 705 3211 743 eo
3234 706 3482 745 commu-

1902 774 2188 829 nit-aturos
2225 777 2773 853 essesignilicamnt.
2802 778 2935 846 Quae
2977 796 3111 836 sane
3162 798 3250 838 res
3295 784 3480 853 publi-

1901 865 2046 918 citus
2096 866 2150 919 in
2210 867 2505 921 maximum
2560 848 2736 923 evasit
2787 870 2960 924 veluti
3007 871 3350 941 triumphum
3425 883 3483 927 et

1899 955 2297 1011 documentum
2363 969 2598 1021 certum,
2656 960 2875 1029 iniquas
2930 977 3055 1018 esse
3114 963 3241 1035 Tyri
3303 965 3481 1020 dirtas

1900 1048 2148 1119 latasque
2202 1051 2257 1103 in
2320 1051 2678 1106 Athanasium
2746 1055 3068 1110 sententias.
3130 1056 3211 1110 Ad
3270 1056 3481 1113 Juliutn

1900 1144 2223 1212 episcOpum
2255 1145 2567 1199 Romanum
2592 1161 2715 1215 qua:
2745 1148 3109 1216 scripserant,
3142 1149 3258 1205 haec
3288 1149 3478 1205 fuere:

1907 1236 2261 1291 «Beatissimo
2305 1237 2532 1293 domino
2559 1254 2712 1310 pape
2757 1240 2924 1304 Julio,
2984 1241 3230 1298 Ursicius
3270 1253 3327 1298 et
3378 1244 3487 1300 Va-

1899 1328 2056 1383 lens:
2093 1326 2550 1399 Quandoquidem
2576 1332 2809 1387 antehac
2841 1335 3013 1388 multa
3071 1344 3127 1389 et
3186 1335 3371 1406 gravia
3414 1336 3483 1391 de

1900 1420 2210 1476 Athanasio
2257 1424 2521 1492 episcopo
2584 1426 2807 1494 scriptis
2862 1427 3067 1481 nostris
3117 1442 3220 1482 nos
3267 1424 3484 1484 constat

1900 1512 2261 1581 snggessissc,
2295 1529 2475 1584 neque
2498 1514 2761 1570 bonitatis
2800 1527 2909 1572 tua:
2936 1518 3141 1574 litteris
3171 1521 3224 1574 in
3252 1532 3483 1576 senten-

1902 1605 2036 1658 tiam
2071 1605 2234 1659 aliam
2287 1607 2608 1663 traductos:
2675 1611 2897 1679 negetio
2927 1627 2995 1667 eo
3030 1614 3099 1667 de
3146 1627 3256 1683 quo
3307 1616 3374 1668 ad
3430 1626 3484 1670 te

1900 1700 2232 1768 scripsimus
2295 1699 2614 1771 impeditos,
2667 1704 2938 1757 rationem
3004 1720 3195 1759 eorum
3247 1705 3484 1762 reddere

1902 1791 2190 1861 potuisse:
2227 1791 2433 1848 idcirco
2472 1795 2842 1864 prazsentibus
2876 1813 3024 1851 nunc
3057 1796 3325 1853 fratribus
3379 1815 3482 1853 no-

1897 1885 2029 1935 stris
2069 1883 2407 1951 presbyteris
2444 1884 2705 1939 omnibus
2729 1885 2871 1955 apud
2902 1888 3299 1943 humanitatem
3334 1899 3481 1943 tuam

1899 1974 2225 2042 proﬁtemur
2279 1975 2465 2028 onmia
2503 1992 2846 2049 quaecunque
2900 1988 3059 2033 antea
3113 1979 3181 2033 de
3234 1981 3482 2041 nomine.

1897 2080 2060 2132 quem
2097 2066 2364 2131 diximus,
2388 2069 2673 2122 Athanasii
2715 2070 2782 2122 ad
2838 2086 3002 2125 aures
3042 2084 3255 2127 vestras
3290 2089 3483 2142 pelve-

1899 2172 2055 2221 ncre,
2100 2157 2234 2211 falsa
2263 2168 2319 2211 et
2364 2160 2621 2225 conﬁcta,
2652 2161 2944 2231 modisque
2997 2164 3259 2219 ommbus
3302 2165 3481 2221 aliena

1896 2251 1964 2303 ab
2002 2266 2070 2303 eo
2104 2266 2245 2304 esse.
2279 2251 2628 2320 Quapropter
2657 2256 3106 2309 communionem
3131 2257 3251 2326 ejus
3282 2259 3484 2327 cupide

1896 2344 2240 2405 allectamus,
2278 2347 2555 2413 pra:cipue
2596 2361 2721 2398 cum
2756 2347 2933 2415 pietas
2990 2358 3101 2411 tua,
3165 2365 3262 2418 pro
3316 2350 3482 2404 insita

1897 2435 2003 2489 sibi
2031 2436 2373 2506 integritate,
2422 2438 2652 2506 gratiam
2688 2438 2849 2493 nobis
2895 2440 3103 2494 erroris
3159 2442 3340 2495 facere
3393 2453 3481 2496 est

1897 2528 2146 2597 dignata.
2179 2528 2518 2583 Proﬁtemur
2554 2540 2610 2583 et
2643 2528 2802 2592 illud,
2829 2532 2872 2584 si
2918 2532 3142 2600 quando
3171 2531 3483 2587 Orientales

1902 2619 2163 2689 maligne,
2199 2630 2294 2674 aut
2330 2621 2445 2689 ipse
2473 2621 2642 2676 etiam
2668 2622 3025 2689 Athanasius,
3062 2639 3163 2677 nos
3192 2623 3260 2677 de
3298 2626 3396 2679 hac
3425 2638 3483 2678 re

1901 2712 2065 2782 injus
2090 2728 2288 2767 vocare
2325 2712 2625 2778 voluerint,
2644 2729 2745 2768 nos
2772 2724 2974 2784 prmter
3023 2715 3193 2769 animi
3222 2715 3301 2769 tui
3357 2730 3486 2770 sen-

1899 2805 2129 2857 tentiam
2161 2820 2227 2859 eo
2280 2820 2389 2859 non
2427 2806 2623 2863 ituros.
2660 2808 2851 2861 Arinnt
2904 2816 3088 2862 autem
3141 2808 3482 2875 hzercticum,

1898 2901 2128 2969 ejusque
2184 2900 2528 2967 defensores,
2597 2902 2691 2969 qui
2753 2902 2966 2969 dicunt,
3035 2903 3141 2960 fuit
3183 2905 3484 2976 aliquando

1902 3001 2117 3062 tempus
2147 3010 2275 3048 cuni
2310 3010 2419 3047 non
2459 2995 2563 3050 fuit
2599 2996 2771 3050 Filius
2799 3015 2810 3052 :
2835 3006 2913 3063 et,
2946 2996 3227 3053 Christum
3258 3017 3319 3053 ex
3374 3015 3484 3053 non

1897 3087 2203 3142 exsistente
2242 3104 2406 3143 esse:
2441 3102 2524 3151 et,
2568 3091 2663 3158 qui
2714 3089 2993 3144 Christum
3028 3090 3196 3143 Deum
3243 3104 3368 3144 esse
3428 3105 3487 3147 et

213 3185 509 3254 νουμένους
555 3182 647 3235 τὸν
685 3181 922 3251 Χριστὸν
955 3178 1094 3233 Θεὸν
1144 3174 1309 3244 εἶναι,
1361 3179 1458 3230 καὶ
1495 3176 1623 3229 re»
1655 3174 1793 3227 Θεοῦ

1900 3179 2098 3235 Filium
2124 3180 2219 3234 Dei
2247 3191 2373 3236 ante
2401 3181 2598 3237 sarcula
2628 3192 2833 3251 negant
2859 3223 2874 3245 ,
2902 3182 3065 3236 sicuti
3100 3193 3156 3236 et
3193 3183 3247 3236 in
3303 3184 3486 3251 priore

213 3277 311 3345 πρὸ
337 3275 585 3337 αἰώνων,
629 3271 813 3334 καθὼς
873 3274 962 3325 καὶ
1013 3272 1073 3324 ἐν
1126 3268 1206 3339 τῷ
1259 3268 1515 3338 προτέρῳ
1563 3266 1793 3324 λιῦέλλῳ

215 3370 413 3424 ἑαυτῶν
450 3372 518 3422 ὲν
561 3371 627 3440 τῇ
664 3366 1015 3421 Μεδιολάνων
1065 3361 1502 3430 ὲπιδεδώκαμεν,
1553 3362 1650 3413 καὶ
1699 3358 1795 3411 νύν

212 3462 711 3533 ἀναθεματίζιιμεν.
745 3460 936 3514 Ταῦτα
962 3457 1018 3511 δὲ
1049 3460 1116 3528 τῇ
1145 3456 1298 3527 χειρὶ
1333 3455 1515 3508 αὑτῶν
1548 3453 1798 3524 γράψαν-

211 3573 314 3623 τες,
337 3554 721 3627 ὁμολογοῦμεν
742 3552 906 3606 πάλιν
931 3552 1015 3605 ὅτι
1044 3551 1145 3619 τὴν
1177 3547 1529 3619 Ἀρειανικὴν
1558 3547 1794 3613 αἵρεσιν,

214 3651 350 3703 καθὰ
374 3646 753 3717 προείπομεν,
779 3646 875 3700 καὶ
905 3643 1035 3707 τοὺς
1063 3642 1272 3713 ταύτης
1326 3641 1595 3703 αὐθέντας
1632 3658 1797 3694 κατε-

215 3740 473 3808 κρίναμεν
512 3736 593 3798 εἰς
634 3734 728 3786 τὸν
760 3733 961 3788 αἰῶνα.
1008 3730 1152 3799 Ἐγὼ
1199 3730 1510 3802 Οὑρσάκιος
1548 3732 1616 3801 τῇ
1664 3731 1796 3799 6pc-

215 3831 358 3902 λογίᾳ
418 3848 532 3900 μου
582 3828 758 3899 ταύτῃ
800 3827 1019 3898 παρὼν,
1054 3825 1358 3896 ὑπέγραψα
1385 3840 1402 3857 ο
1446 3822 1709 3885 ὡσαύτως
1739 3823 1797 3874 δὲ

216 3930 298 3977 και
344 3924 593 3993 Οὐάλης.
634 3940 654 3973 ι
692 3919 882 3975 Ταῦτα
917 3919 1020 3989 μὲν
1065 3919 1203 3990 πρὸς
1249 3916 1505 3971 Ἰούλιον
1530 3913 1566 3969 ἃ
1598 3916 1657 3968 δὲ
1701 3915 1796 3967 καὶ

226 4014 530 4082 ’Δθανασίῳ
587 4012 840 4082 ἔπεμπον
897 4012 957 4065 ὲν
1016 4010 1232 4071 τούτοις
1288 4005 1470 4079 ἦσαν’
1525 4028 1543 4058 ι
1607 4009 1796 4075 Κυρίῳ

218 4107 416 4179 ἁδελφῷ
448 4105 765 4175 Ἀθανασίῳ
792 4104 1087 4171 ὲπισκόπῳ
1116 4103 1425 4173 Οὑρσάκιος
1455 4103 1549 4156 καὶ
1577 4104 1794 4167 Oeam;

218 4201 528 4254 ἐπίσκοποι.
579 4197 869 4268 Ἀφορμὴν
897 4198 1151 4266 εὑρόντες
1182 4195 1272 4247 διὰ
1303 4194 1399 4247 τοὺ
1437 4193 1671 4263 ἀδελφοῦ
1700 4193 1795 4245 καὶ

219 4290 711 4362 συμπρεσϐυτέρου
744 4289 907 4359 ἡμῶν
955 4289 1258 4353 Μουσαίου,
1298 4288 1605 4357 ἐρχομένου
1654 4288 1794 4356 πρὸς

215 4383 304 4453 τὴν
331 4385 432 4454 σὴν
462 4383 723 4452 ἀγάπην,
762 4380 964 4448 ἀδελφὴ
995 4379 1277 4448 άγαπητὲ,
1301 4378 1393 4430 διὰ
1419 4376 1581 4429 τοὺτό
1607 4392 1668 4429 σε
1701 4376 1795 4429 καὶ

216 4477 348 4530 πάνυ
377 4475 880 4546 προσαγορεύομεν
926 4474 1036 4525 ἀπὸ
1066 4473 1164 4541 τῆς
1209 4471 1488 4531 Ἀκυλιίας
1516 4487 1531 4501 ’
1566 4475 1663 4524 καὶ
1706 4471 1795 4523 εὑ-

1899 3270 2088 3325 libello
2110 3282 2302 3326 nostro
2336 3272 2631 3327 Mediolani
2680 3274 2887 3340 oblato,
2952 3274 3025 3328 ita
3072 3291 3219 3329 nunc
3264 3290 3486 3345 quoque

1898 3364 2247 3420 anathemate
2281 3376 2611 3421 mactamus.
2648 3364 2774 3421 Haec
2821 3379 3006 3422 autem
3066 3383 3327 3421 manuum
3382 3383 3485 3422 no-

1899 3466 2139 3511 strarum
2167 3457 2577 3527 subscriptione
2607 3458 2960 3524 adnotantes,
3020 3459 3221 3514 iterum
3254 3459 3486 3513 iterum—

1899 3562 2008 3618 que
2033 3548 2383 3618 proﬁtemur,
2417 3564 2541 3613 nos,
2588 3552 3059 3618 quemadmodum
3122 3550 3285 3605 modo
3334 3553 3481 3607 dixi-

1901 3656 2046 3704 mus,
2076 3640 2335 3695 Arianam
2377 3641 2636 3697 haeresim
2662 3651 2719 3697 et
2749 3654 3013 3698 auctores
3071 3646 3193 3715 ejus
3221 3646 3488 3702 damnare

1903 3734 1959 3786 in
1992 3734 2255 3788 saeculum
2289 3772 2303 3786 .
2364 3734 2480 3803 Ego
2518 3733 2784 3798 Ursacius
2818 3735 3151 3804 professioni
3180 3735 3487 3808 huicnuea:

1902 3840 2147 3891 praesens
2175 3825 2481 3897 subscripsi
2509 3844 2522 3879 :
2555 3827 2745 3881 itidem
2778 3843 2913 3881 vero
2943 3837 2998 3883 et
3055 3829 3274 3885 Valens.
3307 3848 3323 3879 ι
3359 3829 3489 3884 Haec

1901 3915 2126 3985 quidem
2156 3918 2222 3971 ad
2262 3917 2497 3973 Julium.
2548 3922 2682 3986 Qua:
2706 3935 2841 3975 vero
2865 3924 2931 3975 ad
2958 3921 3318 3976 Athanasium
3343 3924 3487 3977 seri-

1901 4025 2083 4079 psere,
2125 4012 2203 4065 sic
2268 4011 2583 4066 habebant:
2642 4031 2661 4063 ι
2704 4013 2938 4068 Domino
2973 4014 3128 4069 fratri
3184 4016 3489 4072 Athanasio

1898 4105 2183 4172 episcopo,
2213 4101 2477 4159 Ursacius
2506 4113 2562 4159 et
2584 4105 2791 4160 Valens
2810 4108 3054 4177 episcopi
3077 4129 3089 4161 :
3114 4108 3481 4163 Occasionem

1899 4212 2000 4265 per
2030 4195 2255 4250 fratrem
2275 4206 2331 4250 et
2368 4198 2887 4268 compresbyterum
2915 4211 3167 4254 nostrum
3202 4201 3484 4269 Musaeum,
3522 4198 3533 4207 Χ

1898 4286 2062 4358 743
2091 4286 2186 4357 qui
2213 4288 2281 4341 ad
2308 4287 2661 4342 dilectionem
2690 4298 2837 4343 tuam
2867 4292 3260 4361 proliciscitur,
3314 4294 3488 4348 frater

1898 4382 2121 4447 dilecte,
2154 4381 2322 4446 nacti,
2358 4382 2804 4450 compellandum
2842 4394 2895 4438 te
2936 4399 3005 4439 ex
3056 4386 3172 4454 ipsa
3229 4388 3485 4457 Aquileia

1900 4473 2197 4527 duximus:
2225 4484 2504 4544 optantes,
2530 4486 2585 4528 ut
2628 4476 2815 4530 saluts
2832 4476 3049 4533 litteras
3070 4488 3287 4533 nostras
3313 4479 3484 4550 legas.

217 4569 419 4638 χὸμεθά
484 4586 546 4621 σε
586 4569 902 4634 ὑγιαίνοντα
952 4567 1021 4618 τά
1072 4565 1384 4634 γράμματα
1422 4565 1491 4617 τὰ
1545 4566 1793 4636 ἡμέτερα

1901 4567 2089 4622 Addes
2115 4578 2298 4622 autem
2324 4568 2486 4623 nobis
2547 4570 2827 4637 ﬁduciam,
2862 4571 2906 4624 si
2965 4581 3022 4625 tu
3068 4587 3289 4641 quoque
3348 4548 3487 4627 scri-

216 4665 543 4732 ἁναγνῶναι.
576 4661 779 4723 Δὼσεις
805 4660 918 4730 γὰρ
945 4661 1076 4728 ἡμῖν
1111 4659 1355 4730 θαρρεῖν,
1384 4658 1483 4711 ἐὰν
1518 4659 1614 4711 καὶ
1648 4658 1711 4709 ob
1735 4661 1792 4709 ὲν

215 4754 285 4824 τῷ
313 4757 553 4827 γράφειν
579 4753 794 4822 ἀποδῷς
825 4753 960 4821 ἡμῖν
987 4751 1086 4821 τὴν
1117 4751 1380 4821 ἀμοιϐήν.
1414 4751 1659 4803 Γίνωσκε
1683 4749 1791 4820 γὰρ

217 4848 349 4914 ἡμᾶς
385 4849 619 4918 εἰρήνην
644 4847 790 4915 ἔχειν
823 4845 964 4913 μετὰ
1016 4844 1110 4899 σοῦ
1142 4845 1235 4897 καὶ
1262 4843 1565 4897 ¹ειιοινωνίοιν
1591 4842 1794 4912 ἐκκλη-

218 4944 520 5010 σιλστικήν.
555 4941 664 4992 Καὶ
692 4941 899 4993 τούτων
925 4939 1216 5009 γνώρισμα
1250 4939 1284 5009 ἡ
1321 4936 1412 4990 διὰ
1443 4935 1653 4988 τούτων
1680 4936 1791 4988 τῶν

217 5035 558 5103 γραμμάτων
611 5034 985 5103 προσηγορία.
1026 5052 1046 5085 ι
1080 5034 1165 5085 Τὰ
1193 5033 1294 5101 μὲν
1323 5027 1420 5085 οὖν
1460 5032 1602 5085 κατὰ
1642 5031 1800 5083 Ἀθα-

216 5130 386 5178 νασιον
430 5131 490 5179 ἐν
521 5125 735 5189 τούτοις
769 5122 910 5199 ἦσαν
931 5142 946 5157 ·
974 5128 1070 5178 καὶ
1122 5124 1297 5187 οὑτως
1339 5124 1398 5189 ἐξ
1445 5123 1687 5192 ἑσπέρας
1718 5124 1799 5184 είς

216 5220 307 5287 τὴν
343 5222 482 5287 πρὸς
517 5221 634 5273 Ἕω
662 5220 978 5289 ἁρχομενην
1007 5217 1320 5272 ἐπανελθὼν
1352 5218 1475 5271 κατ’
1489 5218 1795 5285 Αἴγυπτον,

217 5322 311 5372 τις
354 5311 654 5380 ἐκκλησίας
692 5311 920 5364 διεῖπεν.
970 5310 1254 5372 Ὡσαύτως
1298 5310 1355 5362 δὲ
1408 5310 1504 5362 καὶ
1556 5308 1795 5371 Παῦλος,

218 5404 304 5453 καὶ
349 5402 698 5473 Μάρκελλος,
764 5402 1077 5473 Ἀσκληπάς
1105 5418 1168 5455 τε
1216 5402 1314 5454 καὶ
1369 5402 1624 5466 Λούκιος,
1659 5402 1791 5467 τοὺς

223 5493 374 5559 ἰδίους
402 5498 608 5558 τόπους
639 5496 937 5549 ἁπέλαΰον.

430 5915 700 5972 ιἈῑιιυι..
733 5915 852 5975 (in.
884 5912 1129 5975 CXLVI

1902 4660 2082 4717 bendo
2111 4661 2272 4717 nobis
2305 4660 2682 4729 responderis.
2716 4663 2867 4717 Scito
2892 4677 3133 4733 namque
3169 4678 3269 4718 nos
3290 4679 3482 4733 pacem

1902 4763 2086 4806 tecum
2135 4754 2360 4817 habere,
2400 4765 2455 4808 et
2485 4753 2914 4810 ecclesiasticam
2950 4767 3129 4810 tecum
3176 4758 3487 4812 communi-

1899 4859 2027 4899 care
2048 4845 2523 4913 conjunctionem.
2573 4843 2840 4899 Indicium
2897 4862 3089 4900 carum
3160 4862 3347 4921 rerum
3399 4859 3486 4904 est

1899 4936 2214 4991 litterarum
2251 4942 2566 4991 nostrarum
2603 4937 2793 4991 isthzec
2819 4938 3226 5007 compellatio.»
3264 4940 3373 4997 lies
3406 4940 3485 4996 A-

1901 5030 2144 5084 thanasii
2174 5030 2251 5084 ita
2284 5044 2344 5084 se
2369 5030 2638 5084 habuere.
2666 5029 2732 5083 Et
2758 5040 2838 5085 sic
2870 5030 2961 5086 ille
2988 5047 3056 5087 ex
3103 5031 3400 5095 Occidente
3425 5033 3483 5090 in

1896 5120 2215 5178 Orientales
2240 5131 2427 5191 partes
2479 5137 2764 5187 reversus,
2814 5124 3075 5181 ecclesias
3133 5126 3189 5179 in
3243 5124 3483 5198 JEgypto

1898 5229 2096 5270 rursus
2126 5214 2480 5284 gubernavit.
2513 5215 2712 5270 Itidem
2745 5232 2879 5270 vero
2908 5225 2964 5271 et
2990 5217 3199 5274 Paulus
3239 5230 3295 5273 et
3342 5221 3485 5273 Μαῖα

1897 5309 2092 5377 celius,
2114 5310 2467 5382 etAsclepas,
2498 5320 2555 5366 et
2585 5311 2814 5379 Lucius,
2846 5313 3008 5370 sedes
3038 5328 3168 5369 Suas
3199 5331 3480 5385 rerepete.

3036 5914 3112 5978 11
