3990 6448
532 328 632 393 331

1061 440 1289 498 CAPUT
1323 440 1562 497 XXVIII.

537 531 601 586 Ut
633 548 690 585 eo
730 540 962 602 tempore
1003 548 1084 585 res
1115 549 1315 601 quoque
1371 532 1580 601 publica
1622 535 1781 602 male
1807 529 2050 585 habuerit
2088 544 2105 582 :

604 611 653 657 rt
691 604 754 656 de
789 600 1004 671 saporis
1045 600 1328 655 Persarum
1361 605 1495 670 regis
1522 612 1706 657 contra
1731 600 1933 657 Nisibin
1955 613 2112 671 expe-

602 674 799 726 ditione
830 669 917 726 εει
958 673 1022 725 de
1060 669 1473 725 orcidentalibus
1504 676 1749 740 tyrannis
1778 669 2107 740 Magnentio,

611 744 917 813 Britanione
970 744 1193 813 aliisque
1242 744 1331 810 qui
1377 754 1489 812 post
1537 754 1760 798 mortem
1804 740 2110 800 Constantis

603 812 828 867 Ca’saris
860 812 1121 866 exstitere.

604 925 677 978 Ea
731 932 1055 993 tempestate
1111 934 1166 978 et
1224 940 1315 980 res
1365 925 1602 994 publica;
1652 926 1996 983 laborarunt.
2032 929 2109 984 Ex

537 1018 716 1073 tribus
768 1019 915 1072 enim
966 1017 1312 1073 Constantini
1368 1018 1491 1073 ﬁliis
1528 1019 1627 1087 (l),
1679 1022 1772 1088 qui
1823 1032 1951 1076 natu
2006 1023 2110 1078 mi-

537 1111 740 1174 nimus,
773 1108 913 1179 patri
944 1110 1291 1179 cognominis
1321 1120 1462 1176 erat,
1486 1127 1514 1163 a
1535 1112 1774 1168 ducibus
1793 1112 2111 1170 Constantis

530 1202 715 1259 fratris
747 1204 1056 1260 trucidatus
1083 1203 1285 1265 fuerat,
1322 1219 1431 1257 non
1467 1205 1697 1274 jubente
1727 1206 1823 1260 illo
1859 1207 2109 1276 quidem,
2156 1232 2159 1237 ν

530 1296 625 1349 sed
678 1311 781 1350 nec
826 1294 1159 1365 prohibente
1204 1295 1369 1350 etiam
1403 1313 1415 1347 :
1447 1294 1611 1349 sicuti
1654 1311 1683 1349 a
1736 1298 1901 1352 nobis
1942 1314 2109 1369 supra

529 1398 619 1441 est
647 1388 873 1441 dictum.
904 1385 1044 1440 Illud
1065 1400 1289 1455 quoque
1324 1402 1431 1440 non
1460 1376 1828 1443 omittendum
1857 1390 2108 1457 videtur,

534 1494 641 1533 una
676 1494 798 1533 cum
826 1478 1200 1542 Constantini,
1235 1488 1356 1548 post
1382 1490 1616 1534 mortem
1644 1481 1790 1548 ejus,
1827 1482 1975 1549 ﬁliis,
2005 1485 2110 1538 im-

532 1584 758 1640 perasse
788 1570 929 1639 patri
960 1584 1062 1624 suo
1099 1570 1432 1640 cognomine
1460 1569 1789 1627 Dalmatium
1813 1572 2107 1641 Caesarem,

535 1660 907 1730 prosperrima
962 1660 1149 1715 indole
1209 1660 1383 1728 patris
1436 1661 1776 1730 persimilem
1823 1664 2109 1731 juvenem,

1742 326 2167 389 NICEPHORI
2210 327 2557 393 CALLISTI

2137 438 2187 498 Δ

3656 334 3742 395 332

2786 440 3041 496 ΚΕΦΔΔ.
3103 436 3238 492 κη’.

2214 544 2343 598 Ὀτι
2367 540 2468 595 καὶ
2501 538 2573 592 τὰ
2602 533 2775 588 κοινὰ
2809 534 2945 587 τότε
2974 530 3174 596 κακῶς
3195 527 3357 599 εἶχε·
3381 532 3472 586 καὶ
3513 534 3631 602 περὶ
3651 536 3744 602 τῆς

2283 615 2371 677 εις
2400 609 2640 665 Νίσιϐιν
2663 603 3055 677 ἐκστρατείας
3073 601 3388 677 ξαπωρίρυ
3414 601 3746 677 τοῦ-Περσῶν

2278 671 2590 748 βασιλέως
2615 692 2629 708 ·
2696 675 2797 728 xal
2859 675 2993 748 περὶ
3027 672 3168 748 τῶν.
3198 671 3347 748 ngat
3371 672 3481 748 τὴν·
3514 671 3745 748 ἑσπέραν

2283 741 2620 819 τυράννων,
2643 744 3029 819 -Μαγρνεντίορ
3075 742 3172 794 καὶ
3225 741 3628 819 Βρεζακίωνος,
3648 741 3748 799 καί

2283 812 2492 877 ἄλλων·
2513 816 2667 886 μετὰ
2699 812 2894 885 μόρον
2921 812 3177 866 Κώνστα
3210 812 3316 866 τοῦ
3347 814 3645 882 Καίσαρος.

2284 932 2422 986 Κατ’
2453 931 2633 984 ἐκεῖνο
2658 926 2717 980 δὲ
2743 924 2942 994 καιροῦ
2971 924 3068 976 καὶ
3091 924 3159 977 τὰ
3193 923 3351 976 κοινὰ
3380 924 3556 987 κακῶς
3578 925 3751 995 ἔπρατ.

2210 1041 2324 1079 τον,
2354 1020 2537 1093 Τριῶν
2574 1021 2680 1089 γὰρ
2730 1016 2941 1070 παίδων
2985 1015 3155 1068 δντων
3186 1014 3265 1084 τῷ
3312 1016 3700 1088 Κωνσταντίνῳ,
3727 1021 3752 1072 6

2217 1115 2315 1185 μὲν
2342 1113 2611 1182 νεώτερος
2642 1110 2739 1163 καὶ
2764 1106 3059 1178 ὁμώνυμος
3088 1106 3167 1174 τῷ
3193 1107 3359 1176 πατρὶ
3395 1106 3526 1178 πρὸς
3552 1109 3647 1161 τῶν
3670 1110 3750 1163 τοῦ

2213 1205 2449 1276 ἀδελφοῦ
2494 1206 2727 1259 Κώνστα
2768 1199 3124 1272 στρατιωτῶν
3165 1200 3462 1265 κτίννυται,
3505 1201 3562 1253 οὐ
3588 1202 3753 1255 κελεύ-

2215 1316 2410 1362 σαντος
2444 1299 2544 1369 τὴν
2574 1295 2810 1367 σφαγὴν,
2834 1296 2970 1349 ἀλλὰ
2995 1293 3130 1365 μηδι
3150 1292 3489 1357 κωλύσαντος
3509 1310 3524 1326 ’
3560 1298 3683 1364 μετὰ
3703 1294 3753 1348 δὲ

2214 1391 2374 1444 τοῦτο
2398 1389 2500 1441 οὐκ
2522 1387 2765 1457 εὐτυχῶς
2793 1385 2861 1439 τὰ
2886 1383 3027 1438 κατὰ
3051 1383 3149 1454 τὴν
3180 1383 3298 1437 Ἕω
3337 1379 3493 1454 εῐχον,
3513 1383 3586 1454 τῷ
3622 1385 3752 1438 Κων-

2215 1480 2472 1551 σταντίῳ,
2513 1479 2780 1549 μεγίστης
2814 1477 3007 1545 ἑφόδου
3060 1479 3126 1528 εκ
3175 1475 3403 1545 Περσῶν
3447 1476 3752 1546 κινηθείσης.

2214 1568 2317 1627 Οἷα
2350 1572 2458 1640 γάρ
2501 1588 2645 1634 τινος
2674 1570 2871 1632 νυκτὸς
2919 1567 3121 1638 ἀθρόον
3156 1568 3454 1638 Ῥωμαίοις
3502 1568 3754 1640 ἐπιχυθείο

2216 1682 2283 1732 ση
2299 1683 2339 1730 τ,
2365 1664 2436 1717 τὰ
2459 1665 2560 1735 τῆς
2583 1662 2743 1734 νίκης
2771 1662 3011 1729 Πέρσαις
3031 1660 3253 1730 ἐγένετο
3269 1676 3284 1691 ’
3314 1662 3544 1728 ὁπηνίκα
3567 1662 3628 1713 τὰ
3652 1659 3755 1714 κατ’

534 1755 629 1807 sed
678 1768 804 1808 cum
863 1754 1015 1808 brevi
1064 1754 1375 1825 iugulatum
1413 1770 1537 1809 esse
1573 1771 1605 1810 a
1645 1756 1937 1823 militibus,
1962 1757 2110 1814 Con-

2227 1756 2553 1811 ’Λθανάσιον
2579 1753 2675 1808 καὶ
2706 1754 2736 1806 6
2780 1754 2913 1823 περὶ
2940 1753 3036 1807 τοῦ
3066 1752 3358 1823 ὁμοουσίου
3402 1753 3758 1824 ἀνερριπίζετο

534 1845 743 1900 stantio
816 1847 1036 1902 sinente
1109 1848 1297 1917 potius
1348 1863 1510 1918 quam
1571 1850 1827 1919 jubente.
1901 1852 2111 1907 Deinde

2219 1849 2476 1917 πόλεμος.
2530 1847 2619 1900 Ἐν
2660 1846 2849 1917 μέντοι
2896 1844 3138 1900 Νισίσιδι
3180 1844 3282 1914 τῆς
3318 1845 3636 1914 Ἀντιοχείας
3675 1845 3759 1897 Σα-

535 1938 718 1991 minus
741 1953 961 2007 quoque
990 1938 1230 1996 feliciter
1271 1940 1602 1997 Constantio
1651 1958 1736 1997 res
1779 1944 1833 1997 in
1885 1943 2112 1999 Oriente

534 2042 851 2083 successere
892 2027 969 2097 (2)
1006 2045 1019 2082 :
1052 2030 1291 2083 maxima
1340 2045 1580 2100 namque
1612 2046 1641 2085 a
1671 2031 1857 2085 Persis
1886 2030 2114 2098 expedi-

536 2119 683 2173 tione
719 2127 1000 2189 suscepta,
1029 2120 1263 2190 perinde
1309 2132 1473 2191 atque
1535 2137 1643 2176 nox
1688 2121 1939 2190 qua'dam
1973 2137 2112 2175 con-

532 2211 715 2265 fertim
775 2211 1041 2266 Romanis
1104 2211 1282 2267 oﬁ'usa
1344 2223 1512 2278 esset,
1568 2213 1806 2268 victoria
1858 2229 1988 2268 vere
2044 2214 2112 2267 ad

536 2304 732 2356 Persas
784 2300 1126 2357 inclinavit:
1165 2317 1288 2357 cum
1325 2304 1669 2360 Athanasius
1722 2308 1890 2360 etiam
1945 2307 2116 2362 variis

533 2394 754 2448 casibus
789 2395 1053 2465 iactatus,
1104 2405 1162 2449 et
1208 2396 1276 2451 de
1322 2397 1791 2452 consubstantiali
1848 2399 2115 2454 adversus

535 2501 664 2539 eum
706 2486 913 2541 bellum
962 2496 1046 2543 est
1091 2489 1418 2543 excitatum.
1480 2490 1737 2554 Nisibim,
1791 2505 1915 2559 quae
1948 2491 2115 2545 etiam

535 2579 831 2633 AntiOchia
855 2578 1161 2652 Mygdoniae
1189 2596 1220 2635 a
1255 2581 1586 2650 quibusdam
1620 2582 1848 2651 dicitur,
1880 2583 2116 2653 Sapores

537 2673 607 2728 ad
664 2657 795 2727 dies
850 2671 1201 2741 septuaginta
1252 2673 1617 2741 oppugnavit,
1682 2675 1976 2729 tormentis
2021 2689 2119 2743 per

535 2765 834 2820 circuitum
865 2763 1172 2833 dispositis,
1204 2765 1347 2819 vallo
1381 2764 1436 2818 in
1479 2779 1729 2834 magnam
1769 2765 2117 2820 altitudinem

535 2857 797 2923 excitato,
828 2857 979 2911 omni
1010 2872 1213 2924 genere
1244 2873 1526 2913 armorum
1558 2858 1993 2930 bellicarumque
2048 2862 2117 2916 ad

534 2948 938 3019 expugnandae
1004 2950 1171 3004 urbes
1231 2960 1678 3019 comparatarum
1731 2951 2118 3008 machinarum

536 3043 763 3105 emisso,
806 3041 1081 3112 fossisque
1120 3050 1177 3097 et
1222 3042 1518 3112 aggeribus
1541 3042 1761 3099 .ductis.
1820 3042 1889 3100 Ut
1929 3054 2115 3099 autem

2214 1940 2413 2009 δώριος
2449 1940 2715 2007 γεγονὼς,
2765 1937 3084 2009 πολιορκεῖν
3119 1938 3384 2005 ἐπειρᾶτο
3416 1936 3507 1991 επὶ
3557 1936 3760 2005 ἑϐδομη-

2216 2033 2424 2100 κοστὴν
2456 2030 2693 2100 ἡμέραν,
2739 2029 2841 2092 τὰς
2872 2029 3126 2099 μηχανὰς
3153 2030 3443 2099 περιιστὰς
3486 2028 3657 2098 κύκλῳ
3680 2027 3760 2080 καὶ

2215 2122 2448 2193 χώματα
2479 2125 2559 2185 είς
2601 2122 2735 2191 ὕψος
2790 2122 2933 2191 μέγα
2964 2120 3220 2191 ἐγείρων,
3253 2121 3350 2174 καὶ
3389 2121 3482 2183 τὰς
3511 2120 3758 2181 ἑλεπόλεις

2215 2217 2396 2285 ἀφεὶς,
2430 2215 2670 2284 τάφρους
2693 2231 2753 2267 τε
2777 2212 3104 2282 ὑπορύσσων
3134 2214 3230 2268 καὶ⁵
3269 2213 3655 2283 χαρακώματα.
3684 2211 3759 2272 Ὠς

2215 2309 2274 2364 δὲ
2300 2310 2485 2383 ,πάντα
2518 2309 2777 2378 πράττων
2823 2308 2979 2361 οὐδὲν
3007 2308 3161 2379 ἤνυε,
3191 2307 3289 2360 τὸν
3337 2308 3499 2377 μέσον
3523 2306 3760 2372 τέμνοντα

2219 2404 2468 2473 ποταμίν
2500 2402 2601 2471 τὴν
2643 2400 2820 2465 πόλιν,
2853 2400 2913 2464 ὃς
2944 2400 3250 2468 Μυγδόνιος
3301 2398 3538 2466 λέγεται,
3578 2395 3761 2467 πόρρωυ

2218 2493 2310 2548 θεν
2347 2490 2610 2561 ἐπισχὼν,
2637 2493 2736 2546 καὶ
2759 2490 3105 2561 ἑκατέρωθεν
3138 2490 3373 2560 τάφροις
3403 2489 3542 2543 τισὶν
3568 2485 3761 2557 ὑψηλοῖς

2220 2586 2565 2657 περιφράξας
2620 2585 2681 2638 τὸ
2729 2586 2933 2655 ῥεῦμα,
2985 2584 3219 2650 ἐξάπινα
3252 2579 3346 2639 οἷά
3397 2599 3519 2636 τινα
3547 2579 3760 2652 μηχανὴν

2218 2679 2361 2732 κατὰ
2389 2679 2484 2730 τοῦ
2516 2678 2728 2747 τείχους
2765 2676 2939 2745 ἠφίει.
2983 2676 3059 2729 Tb
3088 2676 3147 2731 δι
3176 2675 3280 2747 τὴν
3294 2662 3491 2748 ρύμην
3527 2676 3598 2744 μὴ
3641 2676 3760 2726 ἀντι-

2220 2770 2370 2839 σχὸν,
2403 2765 2514 2834 εἶξέ
2567 2785 2627 2822 τε
2659 2768 2755 2822 καὶ
2797 2768 3107 2822 κατέπεσεν
3157 2767 3530 2839 ἑκατέρωθεν,
3564 2765 3756 2832 διέξοδον

2217 2858 2296 2929 τῷ
2329 2857 2488 2913 ὕδατι
2529 2857 2786 2921 δεδωκάς.
2833 2858 2922 2912 Ἐν
2952 2858 3136 2912 ἐλπίσι
3165 2857 3212 2911 δ’
3245 2860 3275 2911 6
3322 2859 3541 2930 Πέρσης
3571 2854 3762 2924 γενόμε-

2218 2969 2309 3016 νος
2332 2951 2433 3022 τὴν
2461 2950 2619 3004 πόλιν
2650 2951 2816 3011 ἑλεῖν,
2842 2950 2941 3005 καὶ
2972 2952 3040 3021 τῇ
3077 2950 3351 3022 ὑστεραίᾳ
3379 2951 3519 3021 μετὰ
3540 2950 3599 3003 τὸ
3624 2948 3761 3002 ἀναν-

2220 3045 2385 3110 θῆναι
2436 3044 2497 3096 ab
2541 3044 2739 3112 τέλμα,
2768 3042 2860 3097 διὰ
2900 3043 3011 3097 τῶν
3061 3045 3578 3100 καταπεπτωκότων
3605 3040 3761 3114 μερῶν

535 3149 625 3187 res
654 3148 849 3188 omnes
877 3143 1144 3203 expertus
1169 3133 1306 3188 nihil
1333 3133 1462 3203 egit,
1494 3133 1724 3190 ﬂuvium
1755 3133 2110 3207 Mygdonium

2221 3138 2526 3206 πανστρατὶ
2578 3135 2770 3203 ἐλθὼν,
2798 3138 2903 3207 ὁρᾷ
2929 3136 2991 3189 τὸ
3024 3139 3207 3207 τεῖχος
3248 3133 3473 3202 οἷόνπερ
3498 3136 3559 3191 τὸ
3596 3136 3763 3205 πρότε-

535 3228 634 3299 (ita
674 3230 820 3282 enim
860 3227 1085 3292 dicitur,
1128 3228 1221 3298 qui
1263 3228 1498 3282 mediam
1535 3238 1687 3284 secat
1723 3230 1943 3293 urbem)
1990 3230 2116 3286 lon-

536 3321 660 3388 gius
686 3335 715 3373 a
744 3335 904 3373 muro
933 3319 1230 3389 aggeribus
1262 3334 1327 3373 ex
1362 3329 1593 3389 utraque
1629 3332 1787 3391 parte
1812 3337 1924 3391 prie
1966 3323 2116 3387 altis,

535 3413 633 3484 qui
669 3414 844 3467 undas
885 3414 1233 3480 cohiberent,
1264 3414 1602 3468 constructis
1629 3414 1897 3477 inhibuit,
1930 3425 1988 3469 et
2021 3416 2118 3471 de-

537 3514 765 3575 repente
797 3506 952 3575 quasi
989 3513 1327 3561 tormentum
1366 3506 1644 3574 quoddam
1689 3507 1971 3563 nitentibus
2014 3510 2118 3563 im-

536 3596 710 3652 misit.
752 3596 932 3666 Atque
984 3596 1074 3651 illa
1109 3597 1255 3666 quod
1287 3597 1394 3651 vim
1441 3606 1498 3652 et
1531 3598 1798 3667 impetum
1838 3599 2114 3656 undarum

534 3706 645 3746 non
675 3692 1040 3754 sustinerent,
1065 3690 1120 3745 in
1154 3701 1307 3760 parte
1335 3701 1570 3761 utraque
1600 3701 1839 3748 meatum
1866 3694 1947 3748 illi
1976 3710 2118 3764 pra:-

534 3782 749 3847 bentia,
765 3796 985 3836 cessere
1007 3790 1172 3851 atque
1194 3782 1511 3837 concidere.
1558 3780 1722 3853 744
1741 3782 1904 3837 Persa
1931 3795 2117 3841 autem

536 3874 591 3930 in
628 3891 781 3946 spem
816 3876 969 3931 urbis
1012 3875 1297 3945 potiundae
1330 3885 1576 3942 erectus,
1620 3877 1887 3948 postridie
1920 3880 2118 3937 lutosis

533 3969 867 4038 aquosisquc
889 3968 1028 4024 locis
1057 3967 1375 4032 exsiccatis,
1395 3969 1462 4022 ad
1484 3968 1626 4022 muri
1651 3972 1746 4039 qui
1774 3970 2113 4036 conciderat,

537 4073 721 4133 partes
750 4080 877 4119 eum
915 4064 1094 4135 copiis
1118 4063 1382 4120 omnibus
1412 4063 1707 4132 accedens,
1754 4052 1954 4121 riimnia
1999 4064 2115 4134 ipsa

535 4171 605 4214 Ita
643 4170 704 4215 ut
731 4168 893 4214 antea
932 4159 1176 4223 fuerant,
1214 4167 1522 4212 restaurata
1554 4157 1718 4212 vidit.
1761 4157 1926 4214 Urbis
1954 4173 2117 4211 nam-

534 4266 644 4319 que
679 4249 974 4318 episcopus
1009 4248 1270 4311 Jacobus,
1302 4247 1506 4302 divinat
1556 4247 1725 4301 sortis
1755 4247 1984 4301 minime
2012 4263 2113 4302 ex-

532 4357 683 4411 pers,
714 4341 964 4394 oratione
1006 4339 1265 4394 celeriter
1287 4354 1352 4393 ea
1402 4338 1664 4393 restituit.
1696 4338 1764 4393 Et
1785 4340 2115 4395 accedentes

533 4442 798 4503 praetcrea
831 4433 899 4488 ed
933 4449 998 4487 ea
1052 4431 1271 4495 Persas,
1321 4447 1444 4502 quae
1494 4431 1550 4484 in
1597 4440 1958 4501 conspectum
1996 4447 2108 4486 non

530 4526 819 4590 caderent,
883 4526 1097 4596 depulit
1169 4525 1315 4580 telis.
1374 4525 1534 4590 Quod
1586 4523 1823 4594 Sapores
1849 4539 2107 4590 cernens,

530 4628 923 4674 consternatus
975 4618 1288 4687 obstupuit.
1346 4616 1415 4670 Et
1468 4618 1613 4686 «ιιιυά
1672 4617 1817 4672 circa
1885 4631 2109 4670 murum

530 4712 712 4766 virum
746 4709 1037 4781 splendido
1070 4710 1334 4777 regioque
1384 4709 1535 4762 cultu
1566 4716 1823 4763 ornatum
1861 4709 2112 4773 vidisset,

529 4802 915 4858 Constantium
944 4816 1074 4854 eum
1125 4815 1246 4854 esse
1288 4801 1607 4866 arbitratus,
1633 4800 1841 4855 caedem
1893 4800 1976 4855 eis
2008 4802 2111 4855 mi-

533 4904 698 4949 natus
750 4901 855 4957 est,
900 4891 994 4961 qui
1050 4904 1178 4946 eum
1228 4906 1339 4946 non
1388 4891 1582 4947 adesse
1633 4892 2114 4948 renuntiaverant.

533 4974 638 5041 Ubi
672 4999 804 5039 vero
837 4984 913 5037 illi
938 4997 1068 5039 vera
1098 4996 1220 5038 esse
1246 4998 1370 5054 qua:
1398 4983 1690 5050 dixissent,
1712 4984 2107 5039 Constantium

531 5076 747 5129 scilicet
775 5074 1083 5129 Antiochiae
1108 5089 1255 5139 esse,
1300 5075 1725 5141 conﬁrmarunt,
1778 5076 2003 5145 agnovit
2028 5076 2114 5131 vi-

532 5169 710 5223 sionis
764 5169 886 5239 ejus
952 5168 1287 5238 prodigium,
1349 5169 1637 5238 Deumque
1697 5184 1787 5223 res
1830 5169 2115 5223 Romanas

532 5273 888 5329 propugnare
943 5258 1104 5313 dixit.
1152 5258 1343 5326 anue
1400 5259 1468 5313 de
1526 5274 1584 5312 re
1632 5258 1699 5312 ad
1750 5260 1886 5311 iram
1925 5260 2115 5328 prola-

535 5365 686 5420 psus,
720 5350 770 5401 iu
797 5364 980 5403 acrem
1007 5349 1133 5414 tela,
1164 5351 1585 5405 vulneraturum
1619 5364 1679 5403 se
1712 5364 1836 5403 esse
1862 5364 1988 5402 eum
2015 5349 2112 5418 qui

606 5484 683 5551 (Ι)
715 5481 789 5536 De
826 5480 1175 5536 Constantini
1214 5482 1393 5536 tribus
1450 5482 1575 5535 ﬁliis
1641 5482 1714 5534 ita
1765 5482 1957 5535 scribit
2006 5484 2113 5539 Eu-

532 5561 653 5619 trop
704 5552 803 5605 lib.
837 5568 925 5606 XXI
970 5572 981 5607 :
1026 5552 1432 5617 Constantinam
1459 5554 1689 5619 primum
1725 5553 1899 5619 [illam
1928 5555 2116 5608 decen-

531 5624 641 5675 nali
708 5639 803 5675 suo
853 5623 1203 5693 transalpinis
1250 5623 1488 5692 gentibus
1538 5624 1796 5692 pra'frcit.
1845 5623 2110 5678 Carman-

529 5694 662 5745 tiam
704 5696 1022 5755 secundum,
1069 5695 1334 5747 vicennali
1372 5694 1427 5745 in
1457 5693 1721 5745 Orientem
1760 5695 1921 5747 misit.
1968 5696 2108 5750 Con-

527 5770 689 5816 stanti
727 5775 852 5819 nata
901 5768 1118 5819 minnno
1157 5764 1537 5817 trtcennalibas
1566 5763 2107 5833 illyricunt,ltalium

2222 3247 2316 3301 ρον
2344 3226 2433 3302 ἦν.
2477 3230 2539 3283 '0
2573 3231 2682 3301 γὰρ
2712 3230 2814 3301 τῆς
2877 3230 3089 3293 πόλεως
3136 3230 3444 3295 ἐπίσκοπος
3491 3228 3764 3301 τηνικαῦτα

2236 3324 2512 3387 Ἰάκωϐος,
2545 3325 2699 3386 θείας
2754 3322 2951 3394 μοίρας
3005 3323 3080 3394 μὴ
3118 3323 3393 3393 ἀμοιρῶν,
3443 3324 3573 3394 εὐχῇ
3601 3322 3766 3375 θᾶττον

2219 3415 2280 3468 τὸ
2313 3420 2494 3486 τεῖχος
2520 3415 2713 3486 ἀνίστη
2735 3430 2749 3447 ·
2781 3416 3032 3479 καὶτοὺς
3064 3417 3284 3489 Πέρσας
3335 3417 3513 3480 ίὸντας
3540 3414 3766 3485 ἁοράτοις

2219 3507 2486 3578 δξήλαυνε
2522 3510 2729 3579 βέλεσι.
2782 3512 3061 3581 Σαὸὠριος
3092 3512 3138 3563 δ’
3188 3512 3462 3583 ἀθρήσας,
3500 3512 3557 3564 ὲν
3588 3507 3768 3575 ἐκπλή-

2223 3600 2303 3667 ξει
2333 3598 2402 3674 ἦν
2420 3602 2509 3657 διὰ
2536 3605 2713 3659 ταῦτα
2737 3618 2750 3632 ·
2780 3606 2873 3658 καὶ
2904 3605 2986 3658 ὅτι
3013 3605 3183 3675 ἄνδρα
3212 3607 3344 3676 περὶ
3368 3608 3429 3660 τὸ
3449 3608 3621 3676 τεῖχος
3644 3602 3768 3671 ἐώρα

2223 3694 2477 3767 βασιλικῇ
2500 3696 2962 3767 περιηνθισμένον
2992 3696 3277 3767 ἁϐρότητι.
3308 3698 3555 3768 Νομίσας
3582 3696 3627 3750 δ’
3647 3691 3767 3747 εἶναι

2183 3814 2199 3835 κ
2221 3788 2629 3853 Κωνστάντιον,
2684 3787 2917 3843 θάνατον
2951 3789 3220 3859 ἠπείλησε
3252 3791 3371 3854 τοῖς
3413 3789 3487 3862 μὴ
3535 3787 3767 3858 παρεῖναι

2218 3880 2409 3934 τοῦτον
2462 3882 2896 3952 ἀπηγγελκόσιν.
2957 3883 3419 3953 ’ἰσχυριζομένων
3467 3882 3523 3936 δὲ
3567 3879 3769 3934 ἐκείνων

2220 3972 2399 4043 ἁληοῆ
2425 3969 2567 4027 εἰναι
2594 3974 2662 4026 τὰ
2701 3972 2837 4045 παρ’
2869 3974 3054 4027 αὐτῶν
3081 3975 3377 4047 εἰρημένα,
3410 3976 3505 4029 καὶ
3524 3972 3612 4026 τὸν
3639 3972 3771 4024 Κων-

2223 4064 2471 4118 στάντιον
2508 4064 2565 4116 ὲν
2612 4063 2918 4134 Ἀντιοχείᾳ
2964 4063 3178 4132 διάγειν
3210 4064 3534 4135 εἰρηκότων,
3580 4058 3770 4123 ἐπέγνω

2219 4152 2318 4221 τῆς
2349 4150 2529 4220 ὅψεως
2577 4150 2895 4221 μηνύματα,
2922 4153 3021 4206 καὶ
3048 4153 3139 4205 τὸν
3171 4152 3305 4205 Θεὸν
3332 4152 3485 4220 ἔλεγε
3524 4148 3629 4203 τῶν
3659 4144 3772 4198 Ῥω-

2223 4244 2402 4312 μαίων
2453 4244 2822 4314 ὑπερμαχεῖν.
2872 4243 2990 4312 Ἐφ’
3030 4237 3075 4311 ᾧ
3130 4244 3493 4314 δυσχεράνας,
3536 4242 3614 4304 εἰς
3647 4239 3771 4305 ἀέρα

2221 4335 2349 4406 βέλη
2385 4337 2562 4405 ἠφίει,
2592 4335 2791 4405 πλῆξαι
2817 4335 2911 4389 τὸν
2936 4336 3231 4405 ἀσώματον
3260 4340 3289 4390 6
3312 4338 3543 4399 δείλαιος
3569 4328 3769 4402 οἰηθείς·

2146 4480 2199 4535 ο,
2232 4426 2475 4497 Ἐφραὶμ
2523 4427 2570 4479 δ’
2600 4427 2629 4479 ὁ
2673 4427 2825 4499 παρά
2852 4427 3047 4499 Σύροις
3080 4428 3305 4497 ἄριστος
3349 4429 3631 4497 γενόμενος
3659 4435 3769 4484 συγ-

2218 4518 2488 4588 γραφεὺς,
2517 4517 2690 4573 ἀνιὼν
2723 4518 2784 4572 τὸ
2811 4522 3012 4589 τεῖχος,
3042 4523 3137 4573 καὶ
3169 4522 3230 4572 τὸ
3256 4520 3587 4590 μυρίανδρον
3615 4514 3769 4567 éxeLo

2220 4613 2405 4676 στῖφος
2432 4611 2579 4677 ἰδὼν,
2624 4611 2796 4665 ἐδεῖτο
2824 4611 2921 4665 τοῦ
2966 4611 3251 4675 ἰχκώὸου,
3285 4611 3433 4665 οὕτω
3476 4611 3580 4679 γὰρ
3621 4610 3647 4661 6
3671 4602 3773 4658 ὲπί-

2221 4718 2421 4765 σκοπος
2451 4705 2794 4775 ὠνομάζετο,
2824 4710 3026 4770 κνίπας
3055 4708 3398 4777 ἐπιπέμπειν
3423 4708 3534 4768 τοῖς
3556 4704 3769 4772 Πέρσαις

2220 4798 2315 4849 καὶ⁵
2346 4795 2638 4863 κώνωπας,
2672 4798 2747 4861 ὡς
2771 4797 2838 4852 ἂν
2873 4800 2969 4852 καὶ
2998 4798 3086 4851 διὰ
3114 4797 3221 4852 τῶν
3268 4798 3516 4869 σμικρῶν
3541 4793 3771 4863 ζωῦφίων

2219 4887 2391 4955 τνῶσι
2430 4888 2667 4959 Πέρσαι,
2716 4889 2792 4954 ὡς
2827 4892 3007 4959 μέγας
3041 4892 3194 4960 σφίσι
3224 4891 3357 4955 Θεὸς
3400 4889 3644 4959 ἐπαρκεῖ.
3677 4882 3771 4936 Καὶ

2216 4979 2282 5051 δὴ
2321 4979 2442 5051 ἅμα
2474 4983 2539 5051 τῇ
2584 4981 2717 5052 εὐχῇ
2756 4983 2988 5053 στρατὸς
3032 4984 3275 5054 διαέριος
3319 4986 3499 5054 νεφῶν
3540 4984 3688 5048 δίκην
3714 4976 3771 5027 τὰ

2219 5072 2435 5142 ζωύφια
2463 5073 2649 5138 αὐτοῖς
2678 5073 2875 5145 ἁθρόον
2920 5076 3190 5144 ὲφίπτατο
3208 5093 3222 5106 ⁸
3250 5078 3343 5131 καὶ
3385 5080 3504 5139 ταῖς
3527 5073 3631 5129 τῶν
3666 5070 3768 5121 ἑλε-

2220 5167 2440 5234 φάντων
2474 5168 2845 5237 προνομαίαις
2877 5168 3063 5223 αὐλῶν
3089 5170 3261 5241 ,δίκην
3296 5171 3642 5242 ᾐωρημέναις
3672 5162 3768 5216 τῶν

2215 5274 2275 5309 τε
2310 5257 2498 5311 ἵππων
2529 5260 2621 5312 καὶ
2668 5258 2848 5313 ἄλλων
2894 5259 3051 5325 ζώων
3086 5264 3202 5324 τοῖς
3235 5277 3295 5313 τε
3347 5260 3481 5313 ὠσὶν
3526 5260 3615 5312 καὶ
3646 5254 3770 5327 ῥισὶν

2217 5351 2518 5421 είσέρῤεον.
2556 5353 2619 5405 Ui
2652 5352 2709 5406 δὲ
2738 5353 2848 5405 τῶν
2886 5353 3141 5421 ζιυῦφίων
3168 5355 3243 5423 μὴ
3268 5353 3521 5422 φέροντες
3553 5352 3644 5422 τὴν
3670 5347 3772 5400 ἐπί·

2213 5497 2261 5541 et
2294 5486 2527 5556 Africam
2554 5489 2851 5557 provincias
2881 5490 3047 5546 dedit.

2288 5561 2362 5627 (2)
2402 5558 2678 5631 Nocturna
2720 5559 2994 5628 siQuidem
3031 5576 3209 5631 pugna
3252 5563 3399 5616 inter
3428 5562 3689 5631 Romanos
3718 5560 3766 5606 ct

2214 5627 2410 5683 Persas
2442 5631 2493 5681 in
2526 5627 2815 5683 collimitia
2847 5627 3142 5686 commissa
3172 5651 3183 5686 :
3217 5634 3490 5686 ﬁrmiores
3521 5629 3581 5681 ad
3618 5628 3763 5678 breve

2216 5709 2432 5819 ιειιινὲε
2459 5714 2572 5838 )res
2620 5699 2914 5754 Persarum
2963 5713 3093 5755 sunt
3140 5703 3284 5759 visre.
3318 5704 3550 5773 (δυοῖσι.
3587 5698 3676 5750 lib.
3710 5707 3763 5755 ιὶρ

2216 5785 2331 5838 (ξιιμ.
2401 5787 2451 5821 .‘i.

2214 5785 2331 5838 Cap.
2365 5785 2451 5821 2;).
