3990 6496
457 409 563 473 {‘4}

1660 413 2084 479 NICEPUORI
2123 420 2476 485 CALLISTI

3635 423 3734 487 3—“

455 518 527 576 ibi
557 531 867 584 manentes.
898 522 1128 591 perinde
1158 534 1323 593 atque
1354 523 1565 593 priores
1600 525 1725 579 fidei
1765 526 2032 580 formulas

2150 530 2478 598 Βπηγόρευον
2539 530 2775 593 πίστεις.
2822 528 2935 601 Τὴν
2971 529 3075 597 μὲν
3120 526 3212 582 οὑν
3277 528 3419 599 μίαν
3467 529 3736 602 Ἑλλήνων

453 616 807 682 damnarent,
842 625 957 671 tres
1000 617 1135 671 alias
1175 618 1622 688 promulgarunt.
1652 619 1832 687 Atque
1865 631 2028 671 unam

404 750 409 755 .
457 706 681 776 quidem
729 707 918 762 Graeca
960 708 1149 779 lingua
1182 708 1395 765 Marcus
1427 710 1762 766 Aretbusius
1804 725 2031 779 compo-

458 799 591 864 suit,
631 799 855 869 reliquae
887 800 1085 855 Latino
1119 817 1379 858 sermone
1409 802 1630 858 fuerant
1658 803 1985 871 conscriptae
2014 820 2028 855 :

352 898 367 903 “
457 906 581 960 quae
632 891 795 953 simul
839 900 896 947 et
944 893 1132 947 verbis
1183 902 1240 946 et
1289 909 1482 948 eorum
1529 902 1806 948 structura
1866 902 2032 960 atque

456 983 860 1052 compositione
924 985 994 1038 ab
1047 983 1329 1039 Arethusii
1392 986 1740 1054 expositione
1806 998 2033 1053 prorsus

456 1075 824 1129 dissidebant.
864 1074 1010 1141 Quin
1061 1092 1241 1146 neque
1282 1077 1478 1132 eadem
1514 1092 1637 1147 quae
1671 1077 1882 1146 priores
1922 1075 2036 1129 ior-

457 1165 618 1221 mulae
695 1168 1231 1238 complectebantur.
1290 1167 1477 1224 Graeca
1557 1183 1794 1239 namque
1854 1183 2035 1236 neque

453 1254 766 1325 ὀμοούσιον,
786 1261 1347 1327 consubstantialem,
1367 1276 1546 1330 neque
1577 1260 1941 1331 ὁμοιοούσιον,
1961 1259 2035 1313 si—

454 1349 643 1404 milem
677 1350 1008 1415 substantia,
1033 1351 1179 1409 Patri
1210 1352 1409 1406 Filium
1449 1352 1683 1407 dicebat.
1716 1352 1783 1406 Et
1817 1366 1912 1406 eos
1942 1350 2035 1418 qui

455 1443 727 1498 docerent
764 1444 964 1498 Filium
1004 1443 1266 1514 principii
1314 1454 1601 1514 expertem
1632 1459 1778 1505 esse.
1818 1455 1913 1498 aut
1940 1444 2033 1514 qui

456 1530 661 1587 Filium
685 1534 966 1588 dilatatam
999 1535 1092 1588 Dei
1126 1534 1490 1589 substantiam
1519 1535 1790 1593 facerent.
1820 1543 1916 1587 aut
1940 1535 2034 1604 qui

454 1625 627 1680 etiam
658 1628 1038 1696 conjunctum,
1073 1643 1179 1680 non
1212 1636 1395 1681 autem
1430 1626 1742 1697 subjectum
1772 1627 1919 1682 Patri
1953 1627 2041 1680 di-

456 1726 649 1771 cerent
668 1757 683 1781 ,
734 1718 1273 1774 cxcommunicabat.
1298 1717 1454 1788 751
1488 1719 1682 1773 Itidem
1707 1735 1842 1773 vero
1873 1728 1929 1773 et
1958 1721 2041 1773 al-

458 1818 572 1861 tera
590 1807 783 1862 Latina
814 1808 883 1863 de
899 1810 1207 1864 substantia
1253 1811 1773 1879 agens,6jtoodciov,
1799 1812 2037 1865 consub-

457 1898 963 1971 stantialem,juxta
1016 1911 1072 1953 et
1114 1902 1463 1968 ὁμοιοούσιον
1495 1902 1731 1957 similem
1774 1902 2035 1956 substan-

459 1989 535 2043 tia
558 1992 785 2045 omnino
809 1990 1104 2046 dicendum
1131 2006 1254 2046 esse
1280 1992 1570 2047 inhibebat
1595 2011 1609 2047 :
1634 2002 1696 2047 ut
1717 2008 1841 2062 quas
1867 1993 2034 2048 verba

457 2095 639 2151 neque
686 2084 740 2137 in
792 2084 1098 2153 Scripturis
1145 2084 1319 2140 sacris
1365 2084 1582 2155 uspiam
1628 2085 2036 2149 invenirentur,

456 2190 641 2246 neque
679 2176 1109 2246 cogitationibus
1140 2177 1338 2247 primis
1380 2188 1477 2231 aut
1509 2178 1827 2248 cognitione
1861 2178 2038 2233 homi-

458 2282 593 2323 num
628 2270 836 2339 percipi
869 2281 1116 2339 possent.
1146 2268 1453 2324 Constituit
1482 2284 1635 2333 sane,
1665 2269 1884 2324 Patrem
1921 2285 2040 2324 ma-

456 2364 634 2433 jorem
669 2362 965 2417 dicendqu
1001 2377 1125 2429 esse
1161 2376 1287 2416 cum
1329 2363 1543 2416 honore
1580 2370 1640 2416 et
1677 2363 1943 2430 dignitate
1985 2369 2043 2416 et

459 2446 778 2520 divinitate,
808 2464 924 2508 tum
966 2454 1087 2523 ipso
1123 2454 1475 2522 paternitatis
1499 2454 1747 2508 nomine.
1782 2454 2045 2509 Decernit

461 2546 632 2602 etiam
671 2561 797 2601 cum
841 2547 1104 2601 omnibus
1133 2547 1331 2601 Filium
1364 2548 1674 2618 subjectum
1708 2561 1830 2601 esse
1863 2547 2039 2602 Patri.

458 2639 535 2693 Et
562 2638 823 2708 principii
862 2640 1083 2709 quidem
1119 2648 1404 2708 expertem
1437 2654 1557 2694 esse
1589 2640 1822 2703 Patrem,
1858 2642 2041 2694 omni-

460 2727 569 2785 bus
599 2743 734 2784 vero
770 2730 955 2802 (Patre
989 2734 1244 2799 excepto}
1279 2732 1404 2786 Filii
1451 2732 1861 2800 generationem
1916 2746 2042 2788 esse

463 2819 827 2892 incognitam.
860 2823 1034 2889 Quam
1068 2823 1361 2877 formulam
1397 2833 1459 2878 ut
1491 2823 1675 2879 minus
1706 2834 1855 2880 recte
1884 2840 2041 2879 cont-

461 2910 726 2982 positam.
763 2921 1124 2983 posteaquam
1177 2915 1368 2969 multis
1417 2916 1758 2986 promulgata
1814 2918 2044 2973 tradita-

2137 621 2361 693 γλώσσῃ
2404 622 2633 691 Μάρκος
2659 624 2688 675 ὁ
2710 621 3043 693 Ἀρεθούσης
3090 620 3333 687 ἐξετίθει
3361 640 3376 653 ·
3412 625 3471 676 αἱ
3506 623 3566 676 δὲ
3604 625 3737 680 Ῥω-

2139 712 2331 781 μαῖστὶ
2362 712 2757 783 ἀνεγράφοντο.
2789 711 2857 767 Αἱ
2881 712 2946 780 δὴ
2983 713 3077 764 καὶ
3124 713 3467 783 ἀσύμφωνοι
3511 716 3740 783 πάμπαν

2137 802 2281 855 κατά
2314 821 2374 856 τε
2403 803 2549 869 λέξιν
2574 804 2672 857 καὶ
2699 805 2956 857 σύνθεσιν
2984 800 3126 874 ἦσαν
3160 804 3307 874 πρὸς
3350 804 3459 873 τὴν
3483 804 3741 875 Ἀρεθου-

2139 895 2280 950 σίου.
2315 894 2452 949 Οὔτε
2485 897 2594 967 μὴν
2623 900 2745 961 ταῖς
2776 898 3077 968 προτέραις
3102 897 3169 950 τὰ
3199 899 3296 952 [σα
3336 899 3637 967 ἐφρόνουν.
3678 900 3740 953 Ἡ

2137 989 2247 1059 γὰρ
2284 988 2588 1058 Ἑλληνιστὶ
2609 990 2867 1060 λεχθεῖσα
2895 988 3018 1043 οὔτε
3047 990 3372 1060 ὁμοούσιον,
3402 991 3535 1043 οὔτε
3565 995 3740 1060 ὁμοιοο

2140 1079 2322 1134 ούσιον
2347 1081 2425 1148 τῷ
2460 1081 2637 1149 Πατρὶ
2667 1081 2759 1134 τὸν
2789 1081 2918 1134 Tib-1
2952 1078 3098 1135 εἶπε.
3128 1082 3272 1145 Τούς
3302 1098 3372 1151 γε
3409 1085 3526 1152 μὴν
3559 1083 3741 1136 εἰπόν-

2136 1188 2238 1235 τας
2259 1171 2352 1224 τὸν
2385 1173 2513 1225 Υἱὸν
2531 1173 2773 1243 ἄναρχον
2807 1170 3026 1243 εἶναι,ἣ
3067 1174 3318 1227 πλατυνο
3328 1175 3513 1245 μένην
3536 1176 3634 1244 τὴν
3656 1177 3742 1228 οὑ-

2140 1263 2261 1315 σίαν
2280 1262 2374 1316 τοῦ
2388 1264 2521 1315 Θεοῦ
2549 1265 2824 1317 ποιεῖντὸν
2851 1265 3001 1329 Υἰδν,
3025 1267 3058 1337 ἦ
3082 1268 3486 1337 συντετάχθαι,
3515 1269 3652 1322 ἀλλὰ
3672 1269 3741 1341 μὴ

2139 1354 2509 1426 ὑποτετάχθαι
2524 1357 2600 1424 τῷ
2622 1357 2819 1426 Πατρί,
2842 1357 3216 1428 ὲκκηρύκτους
3231 1363 3411 1413 ποιεῖ.
3443 1359 3503 1413 Ἐ
3512 1360 3674 1430 πίσης
3690 1362 3741 1414 δὲ

2142 1447 2235 1497 καὶ
2254 1446 2422 1512 ἀτέρα
2436 1447 2545 1499 τῶν
2562 1446 2892 1513 Ῥωμαϊκῶν
2914 1451 3040 1519 περὶ
3056 1452 3114 1503 οὑ
3124 1450 3242 1513 σίας
3256 1452 3329 1523 ἢν
3350 1455 3741 1505 σουνσταντεαν

2153 1536 2418 1606 Ῥωμαῖοι
2443 1539 2724 1600 καλοῦσιν,
2753 1540 2863 1592 εἴτε
2889 1543 3201 1611 ὁμοούσιος,
3224 1542 3343 1596 εἴτε
3371 1544 3739 1612 ὀμοιοούσιος,

2145 1631 2462 1684 παντάπασι
2497 1631 2678 1699 λέγειν
2703 1632 3047 1702 ἀπαγορεύει
3070 1649 3083 1664 ·
3121 1635 3196 1697 ὡς
3227 1634 3365 1688 οὔτε
3403 1639 3528 1699 ταῖς
3563 1638 3738 1706 ἱεραῖς

2143 1723 2409 1791 εἰρημένα
2443 1722 2707 1792 Γραφαῖς,
2737 1722 2861 1776 οὔτε
2889 1725 3196 1794 ἀνθρώπων
3257 1726 3507 1788 ἐννοίαις
3544 1726 3575 1792 ἢ
3603 1725 3741 1791 γνὼο

2144 1826 2229 1862 σει
2256 1809 2459 1879 ληπτά.
2492 1812 2860 1864 Διατάσσεταί
2890 1828 2951 1880 γε
2978 1812 3105 1882 μὴν,
3137 1810 3375 1882 μείζονα
3409 1813 3505 1866 τὸν
3533 1814 3741 1883 Πατέρα

2147 1900 2330 1968 λέγειν
2362 1901 2420 1953 ἓν
2456 1918 2515 1954 τε
2548 1904 2682 1971 τιμῇ
2726 1904 2821 1954 καὶ
2869 1903 3167 1972 ἀξιώματι,
3208 1905 3310 1957 καὶ
3349 1905 3503 1974 αύτῷ
3534 1905 3598 1975 δὴ
3634 1906 3740 1958 ὁνόο

2156 2008 2287 2061 ματι
2320 1991 2419 2059 τῆς
2461 1994 2827 2061 πατρότητος.
2865 1994 3166 2063 Νομοθετεϊ
3189 1995 3269 2054 δὲ.
3312 1996 3392 2059 ὡς
3440 1998 3582 2065 μετὰ
3614 1998 3741 2048 πάν-

2152 2100 2260 2135 των
2286 2084 2378 2136 καὶ
2413 2086 2441 2136 ὁ
2468 2084 2597 2144 Υἱὸς
2623 2085 2989 2138 ὑποτέτακται
3016 2087 3090 2155 τῷ
3125 2087 3307 2157 Πατρξ
3334 2104 3351 2117 ⁸
3384 2092 3481 2140 καί
3513 2090 3741 2158 ἄναρχον

2155 2178 2254 2247 μὲν
2284 2173 2427 2229 εἶναι
2459 2179 2553 2229 τὸν
2582 2178 2801 2247 Πατέρα
2820 2194 2834 2207 ο
2864 2179 3000 2230 πᾶσι
3030 2178 3087 2230 δὲ
3116 2178 3211 2231 τοῦ
3250 2180 3472 2248 [ἰατρὸς
3499 2181 3623 2249 δῖχα
3647 2182 3741 2247 τὴν

2152 2268 2248 2321 τοῦ
2282 2267 2418 2321 Υἰοῦ
2446 2269 2703 2337 γέννησιν
2736 2268 3015 2337 ἄγνωστον
3045 2265 3208 2323 εἶναι.
3248 2271 3363 2323 ’Ἦν
3395 2270 3461 2341 δὴ
3505 2270 3736 2333 ἔκθεσιν,

2151 2362 2226 2423 ὡς
2257 2363 2331 2431 μὴ
2379 2349 2608 2424 δεόντως
2641 2362 3011 2428 συντεθεῖσαν,
3067 2364 3209 2431 μετὰ
3245 2363 3351 2433 τὴν
3381 2365 3466 2426 εἰς
3495 2364 3737 2424 ,πολλοὺς

2152 2450 2365 2502 ἔκδοσιν
2427 2448 2724 2502 ἀναλαϐεῖν
2775 2449 2931 2512 αὖθις
2981 2450 3286 2503 σπουδάσαι
3334 2454 3468 2516 τοὺς
3518 2451 3736 2505 ἐπισκό-

2154 2560 2291 2607 πους
2311 2560 2326 2572 °
2364 2541 2707 2595 ἐντείλασθαι
2735 2541 2790 2595 δὲ
2822 2543 2917 2595 καὶ
2961 2541 3172 2609 βασιλεῖ
3201 2544 3485 2612 σφοδρῶς,
3525 2543 3733 2595 κόλασιν

2150 2633 2485 2688 ἀπειλοῦντα
2515 2635 2608 2685 τὸν
2656 2636 2731 2704 μὴ
2769 2636 3130 2704 φανεροῦντα.
3169 2636 3228 2687 Ἥ
3288 2636 3349 2689 δὲ
3389 2639 3473 2695 εἰς
3518 2635 3732 2695 πολλοὺς

2151 2726 2407 2786 διαὸᾶσα,
2431 2725 2493 2778 οὐ
2520 2727 2873 2778 παντάπασιν
2897 2725 3196 2794 ἠφανίσθη.
3217 2726 3338 2796 Τὴν
3368 2727 3469 2795 μὲν
3496 2723 3592 2779 οὖν
3619 2724 3728 2795 μίαν

2153 2818 2261 2870 τῶν
2302 2816 2650 2885 Ῥωμαϊκῶν,
2682 2818 2749 2886 τῇ
2799 2817 2894 2869 τοῦ
2942 2817 3274 2887 ’Δρεθούσης
3307 2818 3545 2887 Μάρκου
3594 2814 3730 2868 ἐκδο-

2154 2907 2311 2980 θείσῃ
2363 2907 2636 2977 συνάψας,
2682 2907 2760 2976 τῷ
2794 2906 3030 2975 παρόντι
3076 2907 3319 2977 ἐκθήσω.
3357 2908 3613 2976 Θατέρσν
3662 2904 3727 2966 δὲ,

463 2965 486 2982 ,
551 2965 560 2967 ,
713 2965 725 2973 ,
766 2965 915 2981 rw,
980 2965 991 2983 ,
1045 2965 1123 2967 me
1417 2965 1758 2986 Γνωωυηη
1817 2965 2010 2973 ______-_

462 3017 573 3073 que
620 3003 825 3069 fuerat,
861 3006 1105 3075 episcopi
1157 3017 1458 3063 retractare
1504 3010 1932 3065 contenderunt.
1973 3012 2043 3065 Et

2154 3002 2279 3070 ἥτις
2309 3000 2536 3068 ὕστερον
2585 2998 2928 3069 ἀνεγνώσθη,
2967 3002 3024 3051 ἐν
3071 2993 3246 3069 καιρῖξ)
3307 2999 3626 3063 κατατάξαι,
3654 2996 3729 3048 ὅτε

462 3095 767 3165 imperator
798 3098 916 3164 ipse
964 3096 1017 3150 id
1069 3098 1237 3160 serio,
1270 3099 1664 3153 coercitionem
1704 3103 1786 3156 eis
1826 3112 1882 3155 et
1926 3116 2043 3171 pte-

2152 3092 2224 3147 τὰ
2260 3094 2320 3145 ἐν
2348 3090 2621 3161 ’Δριμίνῳ
2652 3092 2920 3160 γενόμενα
2952 3091 3267 3159 διηγεῖσθαι
3305 3109 3374 3160 με
3403 3092 3633 3159 γένοιτο.
3664 3087 3731 3140 Ἦ

462 3203 593 3243 nam
624 3190 717 3258 qui
751 3204 871 3244 eam
903 3191 957 3244 in
981 3190 1160 3245 lucent
1209 3193 1474 3259 prolatam
1516 3209 1626 3247 non
1670 3195 2043 3251 reddidissent

2155 3201 2219 3254 γε
2264 3185 2370 3254 μὴν
2399 3184 2631 3254 ρηθεϊσα
2662 3182 2743 3253 τῷ
2769 3183 2983 3253 Μάρκῳ
3009 3183 3205 3235 οὑτωσὶ
3225 3182 3525 3253 διηγόρευε
3547 3198 3560 3212 ·
3596 3199 3614 3231 ι
3649 3180 3732 3231 [it-

461 3281 740 3345 minatus,
797 3280 1099 3335 mandavit.
1154 3282 1366 3341 Verum
1413 3299 1476 3337 ea
1532 3285 1682 3352 quod
1742 3287 2042 3341 multorum

462 3386 665 3425 manus
707 3382 1062 3441 pervenerat,
1091 3388 1202 3426 non
1248 3388 1478 3442 prorsus
1520 3385 1606 3430 est
1646 3377 1869 3433 abolita.
1899 3378 2048 3434 Alte-

462 3478 585 3518 ram
611 3462 837 3533 quidam
863 3477 929 3516 ex
961 3462 1190 3529 Latinis,
1216 3466 1266 3519 ei
1295 3482 1418 3535 quae
1447 3467 1517 3522 ab
1536 3467 1836 3523 Aretltusio
1862 3470 2045 3524 Marco

463 3553 615 3610 edita
650 3563 738 3610 est
770 3569 1099 3615 connexam.
1136 3556 1191 3611 in
1246 3560 1537 3626 praesentia
1592 3560 1846 3614 referam.
1891 3562 2045 3616 Alte-

460 3661 583 3701 ram
619 3656 804 3701 autem
845 3663 969 3717 qua:
1007 3658 1196 3717 postea
1237 3650 1380 3705 lecta
1422 3659 1530 3713 est,
1572 3650 1697 3704 loco
1744 3666 1845 3706 suo
1886 3668 2050 3720 repo-

462 3753 618 3805 nam,
646 3752 773 3795 cum
805 3755 894 3795 res
918 3741 1155 3795 Arimini
1190 3754 1344 3797 actas
1369 3745 1840 3799 commemorabo.
1870 3745 2045 3810 Quam

464 3831 682 3887 Marcus
706 3832 955 3896 dictavit,
984 3832 1065 3889 sic
1088 3847 1147 3888 se
1171 3833 1377 3888 habet:
1413 3851 1432 3886 ι
1467 3834 1760 3889 Credimus
1788 3837 1842 3889 in
1873 3850 2044 3890 unum

464 3924 911 3989 Deum,Patrem
948 3927 1408 3995 omnipotentem,
1444 3935 1749 3980 creatorem
1795 3940 1850 3983 et
1872 3928 2048 3983 facto-

463 4030 586 4071 rem
621 4017 1011 4071 universorum
1047 4034 1060 4070 :
1095 4034 1161 4072 ex
1193 4033 1305 4088 quo
1347 4019 1528 4071 omnis
1566 4023 1869 4087 paternitas
1905 4029 1962 4076 et
1992 4022 2046 4075 iu

465 4107 612 4169 emlo
640 4116 698 4163 et
729 4109 783 4163 iu
815 4119 959 4165 terra
991 4111 1336 4163 nominatur.
1369 4109 1436 4163 Et
1463 4111 1517 4165 in
1553 4112 1894 4180 unigenitum
1929 4114 2049 4185 ejus

465 4198 670 4256 Filium
712 4202 1005 4256 Dominum
1060 4213 1314 4257 nostrum
1355 4202 1541 4258 Jcsum
1576 4203 1881 4263 Christum.
1921 4220 2049 4262 ante

466 4295 652 4352 omnia
697 4296 898 4350 saecula
947 4311 1013 4350 ex
1068 4298 1224 4351 Patre
1274 4297 1544 4366 genitum,
1578 4297 1752 4352 Deum
1797 4299 1865 4352 de
1911 4301 2045 4361 Deo,

464 4389 655 4444 lumen
687 4387 756 4444 de
790 4388 1006 4443 lumine
1040 4407 1053 4443 τ
1088 4404 1186 4457 per
1214 4404 1381 4458 quem
1414 4390 1553 4444 facta
1585 4400 1716 4445 sunt
1745 4393 1954 4452 omnia,
1991 4394 2046 4447 iu

466 4481 626 4538 cmlis
673 4490 731 4536 et
771 4482 828 4535 in
870 4490 1045 4542 terra,
1081 4481 1319 4551 visibilia
1369 4491 1427 4536 et
1461 4482 1784 4538 invisibilia.
1816 4485 1922 4551 Qui
1967 4496 2047 4539 est

464 4572 723 4631 verbum.
758 4581 817 4627 et
861 4572 1049 4625 lumen
1092 4550 1310 4634 verum,
1356 4580 1413 4625 et
1445 4573 1582 4627 vita.
1630 4573 1734 4638 Qui
1781 4574 2048 4628 extremis
2084 4549 2125 4603 υ

467 4663 696 4729 diebus,
726 4674 958 4734 propter
1001 4678 1104 4717 nos
1152 4664 1320 4719 homo
1358 4666 1560 4730 factus,
1590 4674 1645 4720 et
1677 4677 1840 4720 natus
1869 4682 1897 4721 ο
1932 4668 2046 4720 Vir-

468 4759 598 4830 gine
633 4763 845 4821 sancta,
875 4765 933 4810 et
975 4756 1277 4810 cruciﬁxus
1321 4766 1377 4812 et
1420 4766 1676 4813 mortuus
1711 4767 1766 4811 et
1798 4759 2051 4828 sepultus

467 4859 578 4906 est.
604 4848 668 4903 Et
700 4848 1010 4903 resurrexit
1040 4864 1070 4901 a
1099 4848 1338 4904 mortuis
1367 4851 1529 4905 tertia
1561 4850 1674 4913 die,
1705 4860 1762 4905 et
1788 4862 2050 4921 receptus

467 4949 558 4998 est
603 4941 658 4994 in
706 4939 931 5003 calum,
968 4949 1027 4994 et
1077 4940 1333 4996 consedit
1378 4942 1444 4996 ad
1486 4942 1770 4997 dexteram
1818 4942 2049 4997 Patris:

469 5042 747 5089 venturus
780 5031 835 5085 in
868 5033 1346 5088 consummatione
1377 5033 1587 5097 saeculi,
1611 5034 1867 5104 judicare
1897 5036 2052 5088 vivos

472 5133 530 5179 et
556 5133 829 5189 mortuos,
856 5132 913 5179 et
947 5124 1177 5179 reddere
1214 5123 1514 5194 unicuique
1542 5125 1849 5179 secundum
1878 5140 2046 5194 opera

471 5232 594 5273 sua.
617 5216 791 5289 Cujus
814 5232 1045 5289 regnum
1077 5218 1494 5272 interminatnm
1511 5219 1578 5273 .in
1611 5218 1826 5272 inﬁnita
1851 5218 2049 5289 saecula

471 5288 783 5379 permanet:
815 5288 982 5366 Sedet
1010 5326 1249 5381 namque
1293 5312 1347 5366 in
1387 5312 1579 5366 dextra
1610 5311 1789 5367 Patris
1818 5288 2053 5365 nonso-

472 5401 591 5455 lum
624 5401 678 5455 in
706 5403 909 5458 saeculo
941 5405 1067 5468 isto,
1101 5404 1199 5460 sed
1233 5412 1290 5459 et
1334 5405 1389 5458 in
1418 5404 1626 5459 futuro.
1663 5402 1732 5458 Et
1779 5403 1834 5458 in
1876 5402 2054 5472 Spiri-

471 5502 593 5548 tum
624 5503 901 5562 sanctum,
931 5495 1036 5550 hoc
1066 5507 1172 5562 est,
1201 5495 1573 5562 Paracletum,
1606 5510 1771 5565 quem
1820 5510 1947 5549 cum
1993 5509 2053 5549 se

473 5585 742 5654 apostolis
793 5599 919 5656 post
979 5590 1359 5645 ascensionem
1410 5589 1467 5642 in
1521 5588 1695 5643 caelos
1747 5588 2050 5641 missurum

474 5677 843 5745 promisisset,
871 5688 933 5734 ιιι
959 5696 1056 5736 eos
1086 5682 1313 5736 doceret
1355 5691 1412 5736 et
1456 5689 1776 5750 suggereret
1810 5679 1893 5733 eis
1929 5694 2051 5732 om-
2080 5734 2091 5737 Α

475 5767 593 5829 nia,
626 5767 771 5823 utisit
800 5789 815 5826 :
848 5771 1009 5843 752
1070 5787 1169 5840 per
1210 5788 1373 5841 quem
1422 5772 1587 5826 etiam
1629 5773 2050 5827 sanctiﬁcantur

2151 3283 2419 3348 στεύομεν
2448 3278 2529 3339 εἰς
2575 3276 2673 3328 ἕνα
2704 3277 2859 3341 Θεὸν,
2898 3274 3113 3345 πατέρα
3163 3276 3617 3344 παντοκράτορα,
3648 3269 3730 3322 τδν

2151 3371 2382 3438 κτίστην
2422 3370 2515 3421 καὶ
2546 3367 2781 3436 ποιητὴν
2814 3365 2925 3418 τῶν
2958 3366 3179 3419 πάντων
3203 3382 3217 3395 ·
3260 3367 3325 3431 ἐξ
3359 3359 3422 3419 οὗ
3457 3367 3611 3418 πᾶσα
3637 3378 3730 3414 πα-

2147 3464 2277 3532 τριὰ
2323 3465 2384 3515 ἐν
2420 3462 2678 3531 οὐρανοῖς
2709 3460 2804 3512 καὶ
2836 3461 2932 3511 ἐπὶ
2972 3461 3077 3530 γῆς
3115 3461 3493 3528 ὀνομάζεταιο
3544 3459 3637 3510 καὶ
3661 3456 3731 3515 εἰς

2149 3556 2240 3607 τὴν
2274 3556 2539 3624 μονογενῆ
2575 3551 2742 3605 αὑτοῦ
2774 3553 2923 3613 Υἰὸν,
2970 3553 3060 3604 τὸν
3092 3553 3305 3623 Κύριον
3346 3553 3506 3623 ἡμῶν
3536 3547 3731 3619 Ἰησοῦν

2149 3649 2385 3717 Χριστὸν
2406 3687 2421 3712 ,
2476 3648 2570 3699 τὸν
2600 3646 2707 3716 πρὸ
2752 3646 2972 3699 πάντων
3001 3647 3113 3698 τῶν
3146 3647 3368 3699 αἰώνων
3400 3648 3465 3698 ἐκ
3513 3643 3602 3697 τοῦ
3635 3642 3729 3693 [Ia-

2149 3741 2276 3810 τρὸς
2303 3739 2638 3810 γεννηθέντα
2658 3754 2672 3769 ·
2709 3738 2842 3790 Θεὸν
2870 3741 2935 3791 ἐκ
2968 3738 3128 3805 Θεοῦ,
3164 3739 3279 3806 φῶς
3326 3742 3392 3791 ἐκ
3426 3739 3603 3807 φωτός
3625 3749 3637 3762 ·
3665 3729 3726 3784 δι’

2151 3828 2212 3886 οὗ
2244 3834 2463 3901 ἐγένετο
2511 3832 2579 3883 τὰ
2617 3831 2816 3893 πάντα,
2865 3831 2934 3884 τὰ
2998 3831 3054 3882 ὲν
3103 3834 3215 3891 τοῖς
3248 3831 3503 3900 οὐρανοξ
3555 3826 3643 3878 καὶ
3664 3822 3725 3875 τὰ

2152 3930 2244 3981 ἐπὶ
2272 3929 2374 3999 τῆς
2414 3931 2541 3997 γῆς,
2582 3928 2650 3980 τὰ
2683 3927 2856 3996 ὁρατὰ
2900 3925 2996 3980 καὶ
3027 3925 3096 3979 τὰ
3126 3927 3340 3993 ἀόρατα
3367 3941 3380 3954 °
3412 3926 3585 3991 Λόγον
3611 3920 3726 3971 ὄντα

2152 4024 2246 4075 καὶ
2280 4022 2398 4090 φῶς
2447 4020 2706 4087 ἀληθινὸν
2736 4021 2831 4072 καὶ
2864 4018 3011 4087 ζωήν
3036 4035 3050 4049 °
3087 4018 3180 4070 τὸν
3228 4019 3323 4070 ἐπὶ.
3355 4018 3599 4086 ἐσχάτων
3626 4008 3723 4061 τῶν

2153 4113 2375 4182 ἡμερῶν
2413 4112 2481 4164 δι’
2512 4113 2661 4180 ἡμᾶς
2699 4109 3229 4181 ὲνανθρωπήσαντα,
3266 4112 3362 4163 καὶ
3414 4103 3723 4177 γεννηθέντα

2153 4208 2218 4257 ἐκ
2240 4204 2344 4273 τῆς
2367 4204 2527 4270 ἁγίας
2562 4200 2842 4270 Παρθένου
2869 4217 2886 4231 ’
2911 4202 3007 4255 καὶ
3040 4204 3456 4271 σταυρωθέντα,
3492 4199 3580 4251 καὶ
3602 4196 3722 4245 ἀπο·

2154 4300 2411 4360 θανόντα,
2464 4297 2561 4350 καὶ
2591 4297 2836 4362 ταφέντα
2864 4313 2879 4326 ·
2929 4297 3024 4349 καὶ
3074 4297 3388 4349 ἀναστάντα
3422 4296 3485 4345 ἐκ
3527 4285 3721 4355 νεκρῶν

2153 4394 2218 4461 τῇ
2244 4391 2403 4462 τρίτῃ
2438 4390 2646 4461 ἡμέρᾳ,
2677 4391 2775 4442 καὶ
2822 4387 3211 4457 ἀναληφθέντα
3247 4390 3329 4451 εἰς
3362 4386 3603 4456 οὑρανὸν,
3634 4375 3719 4431 καὶ

2154 4484 2458 4537 καθίσαντα
2501 4487 2568 4535 ἐκ
2620 4481 2816 4546 δεξιῶν
2863 4481 2960 4534 τοῦ
3013 4482 3262 4549 Πατρόςο
3299 4483 3393 4533 καὶ
3441 4477 3718 4547 ἐρχόμενον

2157 4579 2251 4629 ἐπὶ
2303 4575 2590 4646 συντελείᾳ
2636 4575 2733 4627 τοῦ
2784 4574 2983 4636 αἰῶνος
3014 4575 3199 4645 κρῖναι
3239 4575 3453 4638 ζῶντας
3504 4569 3594 4620 καὶ
3638 4578 3716 4612 νε⁴

2158 4665 2349 4735 κροὺς,
2379 4666 2478 4718 καὶ
2507 4666 2800 4718 ἀποδοῦναι
2844 4666 3063 4735 ἑκάστῳ
3092 4666 3235 4717 κατὰ
3258 4665 3328 4716 τὰ
3362 4664 3499 4731 ἔργα
3529 4649 3680 4709 αὑτοῦ
3701 4663 3713 4676 ⁸

2157 4752 2217 4811 οὑ
2248 4759 2280 4822 ἡ
2313 4757 2566 4826 βασιλεία
2595 4757 3022 4819 ἀκατάπαυστος
3050 4751 3208 4821 οὖσα,
3234 4754 3477 4824 διαμένει
3506 4751 3581 4806 εἰς
3604 4741 3717 4800 τοὺς

2157 4851 2421 4919 ἀπείρους
2452 4849 2676 4910 αἰῶνας.
2717 4848 2916 4901 Ἔσται
2945 4850 3057 4919 γὰρ
3101 4848 3467 4916 καθεζόμενος
3497 4843 3549 4892 ἐν
3581 4829 3715 4898 δεξιᾷ

2157 4940 2252 4992 τοῦ
2288 4940 2525 5010 Πατρδς,
2556 4941 2619 4993 οὑ
2652 4940 2818 5009 μόνον
2855 4940 2914 4992 ἐν
2950 4939 3028 5006 τῷ
3062 4939 3225 4991 αἰῶνι
3257 4938 3449 5001 τούτῳ,
3477 4929 3606 4983 ἀλλὰ
3632 4919 3714 4975 καὶ

2160 5034 2219 5085 έν
2244 5031 2323 5103 τῷ
2347 5034 2632 5102 μέλλοντιο
2662 5034 2759 5087 και
2788 5034 2869 5095 εἰς
2898 5033 2959 5083 τδ
2996 5030 3221 5095 Πνεῦμα
3262 5032 3322 5084 τὸ
3370 5028 3541 5093 ἅγιον,
3570 5029 3713 5069 τουτ-

2160 5125 2278 5179 έστι
2337 5126 2431 5179 τὸν
2487 5125 2847 5196 Παράκλητον
2873 5140 2890 5157 ο
2925 5126 3063 5194 ὅπερ
3104 5123 3564 5192 ἐπαγγειλάμενος
3613 5108 3712 5196 τοῖς

2162 5219 2505 5281 ἀποστόλοις.
2543 5218 2681 5289 μετὰ
2715 5217 2814 5287 τὴν
2842 5219 2924 5280 εἰς
2957 5219 3223 5288 οὐρανοὺς
3265 5215 3447 5269 ἄνοδον
3478 5195 3710 5259 ἀποστεῖ-

2157 5315 2247 5366 λαι
2265 5313 2360 5365 καὶ
2380 5312 2590 5379 διδάξαι
2607 5313 2701 5365 καὶ
2719 5312 3034 5382 ὑπομνῆσαι
3057 5311 3256 5372 αὐτοὺς
3278 5308 3471 5360 πάντα.
3496 5290 3706 5382 ἔπεμψ’

2157 5405 2226 5457 δι’
2252 5399 2315 5457 οὗ
2345 5405 2440 5457 καὶ
2489 5405 2812 5471 ἁγιάζονται
2845 5406 2901 5457 αἰ
2947 5404 3055 5455 τῶν
3098 5398 3410 5470 εἰλικρινῶς
3440 5395 3510 5453 εἰς
3558 5380 3704 5438 αὖτδν

2160 5498 2614 5551 πεπιστευκότων
2640 5496 2831 5567 ψυχαί.
2868 5497 3008 5560 Τοὺς
3045 5496 3103 5551 δὲ
3134 5497 3395 5563 λέγοντας
3428 5483 3604 5577 ἐξώθῖ
3629 5474 3707 5577 6:,

2159 5607 2269 5642 των
2312 5589 2406 5642 τὸν
2434 5589 2584 5653 Υἰὸν,
2615 5589 2648 5660 ἢ
2684 5590 2743 5654 ἐξ
2770 5589 2967 5659 ἐτέρας
3013 5590 3388 5646 ὑποστάσεως,
3417 5575 3507 5631 καὶ
3553 5568 3705 5660 WE"

2160 5679 2255 5732 τοῦ
2289 5678 2451 5743 θεοῦ,
2484 5680 2581 5733 καὶ
2611 5652 2694 5733 ὅτι
2718 5652 2788 5750 ἦν
2817 5652 3013 5751 χρόνος
3043 5680 3076 5750 ἢ
3112 5679 3246 5733 αἰὼν
3275 5679 3359 5731 ὅτε
3389 5672 3485 5724 οὐκ
3512 5660 3592 5735 ἦν,
3622 5652 3704 5708 ἅλ’

2158 5769 2406 5839 λοτρίους
2437 5768 2579 5826 οἶδεν
2605 5773 2638 5843 ἡ
2668 5772 2801 5840 ἁγία
2837 5772 3105 5842 καθολικὴ
3129 5765 3447 5839 Ἐκκλησία.

473 5877 688 5929 eorum,
728 5867 821 5931 qui
869 5869 926 5921 in
970 5884 1096 5923 eum
1148 5868 1364 5925 sincere
1404 5870 1659 5938 credunt,
1694 5870 1889 5924 animo:
1924 5868 2195 5933 omnium.
2268 5867 2378 5925 Eos
2446 5884 2577 5923 vero
2624 5871 2719 5940 qui
2761 5870 2977 5934 dicunt,
3043 5885 3108 5924 ex
3173 5885 3282 5923 non
3324 5845 3686 5920 exsistentibus
