3990 6478
398 425 503 487 347

1514 420 1523 428 ·
1632 373 2451 472 ΝιεΕΡιιοΒΓεΑιιιετι

3590 400 3704 463 348'

402 541 788 603 l‘araclctum;
840 535 978 590 dixit
1034 536 1180 588 enim
1233 550 1247 586 :
1297 532 1362 585 Et
1419 530 1587 586 alium
1650 527 1992 586 Paraclelum

2108 539 2226 606 γάρ,
2265 537 2373 591 Καὶ
2409 538 2608 590 ἄλλον
2639 533 3042 601 Παριὶκλητον
3069 530 3295 601 πέμψει
3327 534 3469 601 ὑμῖν
3507 539 3542 589 ό
3576 541 3694 593 Πα-

404 635 576 687 mittet
628 629 764 684 vobis
809 628 992 692 Pater,
1037 641 1188 696 quem
1227 640 1320 693 ego
1369 624 1565 693 rogabo
1599 625 1641 688 ¹,
1691 620 1985 676 anathema

404 725 497 780 sit.
533 722 590 779 Si
624 722 748 790 quis
781 719 1045 788 Spiritum
1094 731 1300 779 partem
1365 715 1513 771 dicat
1546 715 1727 768 Patris
1769 723 1865 767 aut
1891 711 1984 764 Fi-

404 815 502 875 lii,
550 813 841 867 anathema
888 811 983 865 sit.
1021 810 1076 864 Si
1129 810 1254 879 quis
1304 810 1522 864 Patrem
1571 816 1629 863 et
1680 806 1880 861 Filium
1930 810 1987 858 et

406 907 678 976 Spiritum
717 914 970 960 Sanctum
1021 914 1132 956 tres
1175 902 1325 956 dicat
1362 903 1522 967 Deos,
1561 901 1855 955 anathema
1891 897 1982 952 sit.

410 999 464 1055 Si
497 1001 618 1067 quis
649 1000 931 1067 preposilo
959 996 1056 1050 Dei
1100 995 1298 1048 Filium
1339 993 1433 1047 Dei
1469 1001 1526 1046 ttt
1571 1007 1735 1048 unam
1769 997 1987 1044 creatu-

405 1105 592 1144 rarum
650 1091 851 1142 factum
900 1102 1020 1141 esse
1069 1085 1238 1152 dicat,
1275 1085 1569 1138 anathema
1621 1083 1711 1138 sit.
1757 1082 1814 1136 Si
1862 1081 1987 1152 quis

403 1195 515 1232 non
547 1177 768 1230 volente
798 1176 961 1230 Patre
991 1173 1238 1240 genitum
1265 1172 1466 1225 Filium
1491 1172 1660 1232 dicat.
1695 1171 1986 1226 anathema

405 1273 522 1336 sit;
557 1285 666 1322 non
701 1269 910 1322 etenim
940 1266 1116 1320 invito
1155 1265 1339 1325 Patre,
1375 1264 1609 1317 naturali
1653 1264 1988 1319 necessitate

404 1373 632 1418 coactus
664 1361 776 1423 ille,
813 1360 1002 1413 volens
1035 1358 1224 1426 genuit
1253 1357 1481 1421 Filium,
1506 1371 1695 1412 verum
1723 1371 1826 1409 una
1859 1372 1984 1410 cum

407 1455 528 1524 ipsa
560 1453 866 1513 voluntate,
903 1459 959 1504 et
991 1449 1199 1518 absque
1231 1457 1502 1517 tempore,
1538 1457 1595 1503 et
1624 1449 1834 1517 absque
1863 1462 1988 1516 pcr-

405 1546 686 1616 pcssione,
719 1559 786 1597 ex
820 1559 879 1597 se
914 1543 1162 1612 genitum
1205 1540 1386 1610 ipsum
1434 1541 1709 1596 exhibuit.
1763 1540 1819 1596 Si
1863 1541 1989 1609 quis

407 1639 716 1707 ingenitum
742 1645 798 1689 et
825 1635 1084 1705 principii
1115 1641 1400 1704 expertem
1432 1634 1580 1688 dicat
1610 1633 1834 1698 Filium,
1871 1642 1991 1687 tan-

408 1743 575 1799 quam
619 1729 730 1782 duo
764 1728 1007 1798 ingenita
1053 1738 1110 1781 et
1142 1726 1252 1780 duo
1289 1726 1563 1795 principio
1609 1726 1852 1780 carentia
1899 1725 1988 1780 di-

2089 625 2202 695 τὴρ
2221 625 2295 679 ὃν
2311 625 2428 693 ἐγὼ
2445 621 2920 691 ἐρωτήσω,άνάθε
2932 639 3008 690 μα
3024 621 3261 674 ἕστωΕῖ
3277 641 3371 686 τις
3393 625 3457 676 τὺ
3473 627 3710 697 Πνεῦμα-

2093 717 2257 785 μέρος
2281 716 2432 782 λέγοι
2451 714 2566 788 τοῦ.
2591 715 2801 784 [ἰατρὸς
2829 713 2862 780 ἢ
2894 713 2988 764 τοῦ
3021 712 3173 779 Υίοῦ,
3220 713 3490 783 ἀνάθεμα
3529 716 3692 770 ἔστω.

2091 808 2160 863 Εἴ
2184 826 2268 871 τις
2290 811 2381 861 τὸν
2418 808 2638 877 Πατέρα
2659 807 2754 860 καὶ
2781 806 2874 858 τὸν
2899 805 3027 857 Υίδν
3061 808 3156 858 καὶ
3180 805 3240 858 τὸ
3267 807 3439 874 διγιον
3464 809 3693 878 Πνεῦμα

2093 905 2246 972 τρεῖς
2298 901 2450 968 λέγοι
2480 901 2669 964 Θεοὺς,
2715 899 2966 970 ἀνάθεμα
2996 899 3157 953 έστω.
3187 899 3253 952 Ei
3281 917 3374 962 τις
3437 901 3700 972 βουλήσει

2089 993 2226 1047 Θεοῦ
2259 994 2334 1056 ὡς
2364 993 2422 1046 ἒν
2453 993 2562 1046 τῶν
2583 993 2901 1060 κτισμάτων
2923 991 3212 1060 γεγονέναι
3237 991 3396 1060 λέγοι
3431 993 3526 1046 τὸν
3571 995 3712 1049 Υίὸν-

2091 1085 2188 1138 τοῦ
2227 1086 2387 1151 Θεοῦ,
2421 1086 2670 1155 ἀνάθεμα
2701 1085 2859 1138 ἔστω.
2899 1084 2967 1137 Εἴ
2993 1101 3078 1146 τις
3113 1083 3191 1154 μὴ
3221 1083 3568 1152 θελήσαντος
3597 1085 3695 1139 τοῦ

2091 1179 2309 1250 [ἰατρὸς
2334 1179 2702 1248 γεγεννῆσθαι
2733 1179 2826 1230 τὸν
2855 1177 2984 1230 Υίδν
3014 1176 3186 1244 λέγοι,
3223 1176 3492 1246 ἀνάθεμα
3521 1177 3695 1232 ἔστω.

2090 1271 2166 1324 Οὐ
2182 1272 2293 1341 γὰρ
2315 1271 2388 1342 μὴ
2421 1270 2748 1341 βουλομένου
2766 1269 2863 1322 τοῦ
2891 1269 3128 1339 Πατρδς,
3172 1267 3428 1337 βιασθεὶς
3451 1271 3480 1321 ὁ
3511 1267 3702 1338 Πατὴρ

2091 1366 2196 1418 ὑπὸ
2226 1365 2473 1434 ἀνάγκης
2498 1365 2760 1435 φυσικῆς,
2788 1359 2950 1425 αὖθις
2973 1361 3050 1425 ὡς
3078 1362 3180 1414 οὐκ
3209 1360 3410 1432 ἤθελεν
3436 1361 3697 1430 ἐγέννησε

2089 1458 2182 1510 τὸν
2213 1458 2344 1510 Υἰόν
2367 1474 2380 1488 ⁸
2411 1457 2526 1510 ἀλλ’
2559 1456 2678 1525 ἄμα
2722 1472 2782 1508 τε
2815 1453 3087 1524 ἐϐουλήθη
3115 1495 3129 1518 ,
3169 1455 3266 1508 καὶ
3320 1454 3582 1523 ἀχρόνως
3610 1455 3703 1505 καὶ

2089 1548 2318 1612 ἀπαθῶς
2360 1549 2420 1613 ἐξ
2454 1547 2621 1601 αὐτοῦ
2657 1546 2823 1600 αὐτὸν
2869 1547 3145 1614 γεννήσας
3176 1544 3488 1608 ἐπέδειξεν.
3525 1545 3592 1598 ΕΞ
3618 1561 3702 1607 τις

2089 1639 2387 1706 ἀγέννητον
2411 1638 2505 1690 καὶ
2520 1637 2762 1706 ἄναρχον
2782 1636 2934 1703 λέγοι
2956 1635 3045 1688 τὸν
3073 1633 3223 1697 Υἰδν,
3251 1631 3332 1697 ὡς
3353 1633 3453 1686 δύο
3486 1635 3699 1704 ἄναρχα

2089 1734 2187 1786 καὶ
2216 1730 2310 1784 δύο
2348 1731 2622 1800 ἀγέννητοι
2660 1730 2860 1798 λέγων,
2901 1727 3120 1781 καὶδύο
3145 1726 3318 1780 ποιῶν
3359 1727 3545 1793 θεοὺς,
3576 1729 3704 1781 ἀνά.

409 1837 566 1887 cens,
594 1833 650 1875 et
687 1820 826 1874 duos
867 1819 1299 1882 deosstatuens,
1334 1818 1634 1872 anathema
1675 1817 1750 1872 sit
1779 1835 1793 1872 :
1821 1826 1990 1888 caput

2108 1825 2239 1892 ὶεμα
2283 1823 2448 1876 ἔστω.
2495 1822 2722 1892 Κεφαλὴ
2767 1822 2878 1892 γάρ
2928 1821 3048 1873 ἐστι
3081 1821 3175 1872 καὶ
3203 1819 3356 1890 ἀρχὴ
3411 1819 3637 1871 πάντων
3675 1821 3704 1872 ὁ

409 1928 650 1981 namque
680 1923 764 1966 est
817 1925 870 1965 et
924 1911 1254 1980 principium
1303 1911 1550 1964 omnium
1586 1909 1778 1973 Filius,
1825 1920 1993 1979 caput

410 2013 596 2056 autem
628 2000 832 2056 Christi
877 1999 1035 2054 Deus.
1074 2000 1150 2054 Ita
1188 1999 1335 2054 enim
1375 2001 1440 2053 ad
1483 2014 1658 2053 unum
1707 1998 1869 2053 initio
1899 2014 1994 2053 ca-

412 2108 543 2146 rens
594 2108 780 2147 rerum
831 2093 1079 2145 omnium
1120 2091 1479 2160 principium,
1511 2106 1610 2159 per
1653 2090 1856 2145 Filium
1903 2090 1994 2160 pie

413 2187 596 2239 omnia
639 2183 955 2238 referimus.
991 2185 1070 2236 Ac
1105 2183 1294 2264 denuq
1334 2181 1749 2239 Christianismi
1781 2182 1995 2237 certius

412 2275 835 2343 accuratiusque
885 2275 1216 2329 sententiam
1269 2276 1652 2346 inquirentes,
1707 2274 1992 2330 dicimus:

415 2367 472 2424 Si
498 2369 622 2438 quis
652 2370 932 2423 Christqu
956 2369 1143 2424 Jesum
1179 2367 1378 2422 Filium
1417 2369 1514 2423 Dei
1547 2368 1996 2422 antesaecularem

417 2458 742 2513 inserviisse
788 2460 936 2515 Patri
976 2461 1028 2513 in
1063 2475 1250 2515 rerum
1282 2459 1672 2514 universarum
1715 2458 1998 2514 creatione

415 2565 530 2604 non
561 2551 730 2613 dicat,
766 2552 862 2606 sed
905 2568 970 2606 ex
1015 2567 1126 2621 quo
1171 2551 1339 2605 Maria
1370 2551 1593 2620 genitus
1620 2561 1725 2613 est,
1766 2560 1878 2605 tum
1913 2549 2002 2604 Fi-

416 2641 556 2696 lium
597 2653 650 2697 et
679 2643 963 2699 Christum
1005 2656 1260 2699 vocatum
1308 2664 1452 2712 esse,
1483 2652 1539 2696 et
1570 2642 1905 2712 principium
1937 2651 2001 2697 ut

417 2735 567 2791 Deus
613 2747 760 2790 esset
818 2738 920 2808 (l),
974 2739 1208 2808 coepiSse
1255 2750 1504 2805 asserat,
1558 2740 1650 2794 ille
1703 2737 2001 2792 anathema

420 2837 545 2883 esto
587 2847 600 2882 :
649 2831 812 2886 sicuti
869 2830 1265 2888 Samosatenus
1301 2835 1524 2889 Paulus.
1563 2834 1716 2889 Fidei
1767 2833 2002 2888 formula

421 2923 585 2976 aliter
617 2924 760 2992 apud
789 2923 1048 2978 Sirmium
1079 2925 1272 2981 Latine
1295 2927 1468 2990 edita,
1491 2937 1548 2980 et
1570 2925 1758 2981 Graece
1785 2940 1946 2980 versa
1984 2942 1999 2978 :

421 3015 879 3085 Quandoquidem
916 3018 1098 3072 visum
1135 3030 1242 3082 est,
1280 3028 1341 3072 ut
1373 3020 1441 3073 de
1473 3019 1578 3073 {ide
1615 3019 2003 3074 considerare-

425 3117 536 3172 tur,
573 3110 760 3162 omnia
790 3120 945 3164 certo
973 3111 1249 3180 exquisita
1283 3122 1339 3166 et
1364 3111 1616 3180 exposita
1645 3121 1775 3167 sunt
1813 3111 2001 3167 Sirmii

2095 1917 2262 1980 Θεός’
2298 1915 2510 1985 κεφαλὴ
2551 1915 2607 1969 δέ
2644 1917 2765 1968 ἐστι
2796 1914 2894 1993 τοῦ
2948 1913 3190 1985 Χριστοῦ
3235 1915 3264 1966 ὁ
3314 1913 3476 1974 Θεός.
3511 1911 3701 1974 Οὕτως

2096 2010 2206 2081 γάρ
2231 2012 2312 2072 εἰς
2348 2009 2478 2080 μίαν
2502 2008 2740 2078 ἄναρχον
2763 2007 2873 2060 τῶν
2901 2007 3041 2060 ὅλων
3072 2007 3253 2076 ἀρχὴν
3279 2007 3353 2059 δι’
3384 2005 3520 2058 Υίοῦ
3550 2006 3702 2057 εὐσε-

2097 2102 2207 2166 ϐῶς
2241 2102 2308 2154 τὰ
2339 2102 2518 2154 πάντα
2547 2103 2844 2170 ἀνάγομεν.
2873 2097 2985 2153 Καὶ
3014 2099 3181 2153 πάλιν
3215 2099 3314 2152 οὖν
3348 2097 3672 2167 διακριϐοῦν

2096 2207 2190 2254 τες
2219 2189 2312 2242 τοῦ
2346 2189 2778 2258 Χριστιανισμοῦ
2825 2189 2926 2258 τὴν
2967 2188 3179 2242 ἔννοιαν
3202 2228 3217 2252 ,
3245 2188 3510 2257 λέγομεν,
3545 2189 3626 2240 ὃτι
3655 2185 3706 2238 εί

2097 2299 2182 2346 τις
2206 2282 2443 2352 Χριστὸν
2469 2280 2678 2348 Ἰησοῦν
2706 2281 2833 2341 Υἱὸς)
2863 2279 2958 2332 τοῦ
2981 2279 3120 2334 Θεοῦ
3159 2279 3267 2349 πρὸ
3299 2280 3523 2332 αἰώνων
3554 2279 3708 2340 ὄντα,

2099 2374 2496 2446 ὐπυργηκότα
2534 2372 2611 2440 τῷ
2642 2374 2818 2442 Ilath
2863 2372 2945 2434 είς
2980 2372 3080 2443 τὴν
3111 2372 3221 2424 τῶν
3255 2371 3404 2426 ὅλων
3435 2371 3502 2440 δη
3516 2387 3706 2439 μιουρ-

2099 2469 2227 2537 γίαν
2261 2467 2335 2538 μή
2369 2467 2540 2535 λέγοι,
2571 2464 2686 2520 ἀλλ’
2722 2466 2782 2530 ἐξ
2820 2458 2881 2518 οὗ
2922 2465 3189 2535 ἐγεννήθη
3221 2467 3289 2517 ὲκ
3324 2465 3574 2532 Μαρίας,
3608 2462 3697 2514 ἐκ-

2101 2577 2222 2614 τοτε
2255 2561 2348 2614 καὶ
2375 2559 2505 2612 Υιὺν
2540 2559 2638 2612 καὶ
2664 2557 2902 2628 Χριστὸν
2934 2557 3264 2626 κεκλῆσθαι,
3292 2558 3391 2610 καὶ
3420 2555 3598 2626 ἀρχὴν
3629 2555 3701 2606 εί-

2101 2653 2334 2723 ληφέναι
2358 2652 2453 2704 τοῦ
2477 2651 2612 2704 Θεὸν
2639 2647 2802 2716 εἶναι,
2836 2651 3090 2721 ἀνάθεμα
3130 2649 3300 2715 ἔστω,
3337 2650 3414 2712 ὡς
3465 2652 3494 2702 ὁ
3530 2648 3699 2716 Σαμο·

2105 2743 2324 2803 σατεύς.
2371 2742 2594 2814 Ἐπειδὴ
2624 2743 2751 2812 περὶ
2803 2743 3040 2805 πίστεως
3079 2740 3229 2805 ἔδοξέ
3264 2757 3395 2795 τινα
3419 2737 3698 2806 διάσκεψιν

2104 2835 2462 2906 γεγενῆσθαι,
2491 2837 2585 2888 καὶ
2641 2835 2820 2889 πάντα
2852 2833 3117 2903 ἀσφαλῶς
3149 2831 3398 2902 ὲζητήθη
3427 2831 3526 2884 καὶ
3555 2830 3710 2900 διηρορ

2110 2930 2359 3003 μηνεύθη
2398 2932 2457 2984 ἐν
2507 2929 2586 2998 τῷ
2620 2929 2840 2999 Σιρμίῳ
2892 2929 2988 2981 ἐπὶ
3020 2925 3304 2999 παρουσίᾳ
3365 2925 3694 2988 Οὐάλεντος,

2107 3023 2444 3093 Οὑρσακίου,
2495 3024 2591 3074 καὶ
2621 3020 2954 3090 Γερμηνίου,
2986 3018 3083 3071 καὶ
3115 3017 3226 3070 τῶν
3271 3017 3508 3070 λοιπῶν.
3544 3014 3696 3067 Συνέο

2109 3132 2310 3186 στηκεν
2331 3106 2426 3168 ἕνα
2453 3112 2591 3166 Θεὸν
2626 3109 2768 3164 εἶναι
2804 3112 3026 3180 Πατέρα
3046 3112 3501 3180 παντοκράτορα,
3524 3105 3697 3166 καθὼς

425 3197 590 3270 754.
635 3201 688 3252 in
727 3186 1018 3268 przesentia
1048 3201 1314 3264 Valentis,
1358 3202 1589 3265 Ursacii,
1620 3203 1889 3258 Germinii
1947 3211 2005 3257 et

2110 3207 2205 3260 καὶ
2238 3208 2297 3258 ὲν
2333 3204 2482 3274 πάσῃ
2524 3205 2589 3272 τῇ
2617 3202 2912 3271 οἰκουμένῃ
2963 3199 3449 3266 καταγγέλλεται·
3486 3198 3580 3250 καὶ
3611 3197 3697 3248 ἕνα

425 3292 772 3358 reliquorum
826 3311 839 3345 :
894 3295 1146 3349 constitit
1197 3294 1381 3363 itaque
1439 3310 1608 3349 unum
1656 3311 1778 3350 csse
1833 3296 2004 3349 Deum

426 3381 648 3435 Patrem
691 3383 1149 3451 omnipotentem,
1181 3385 1648 3452 quemadmodum
1669 3384 1742 3440 'et
1774 3387 1829 3441 in
1877 3387 2006 3440 uni-

426 3489 591 3527 verso
621 3474 758 3527 orbe
787 3474 1172 3528 aununtiatur.
1210 3475 1280 3530 Et
1309 3492 1480 3530 unum
1514 3477 1862 3546 unigenitum
1889 3479 2011 3548 ejus

428 3565 629 3619 Filium
683 3565 871 3619 Jesum
911 3567 1219 3626 Christum.
1277 3567 1570 3622 Dominum
1628 3577 1685 3623 ει
1732 3568 1904 3622 Deum
1955 3574 2013 3621 et

433 3657 792 3711 Servatorem
829 3665 1105 3719 nostrum,
1141 3674 1206 3711 ex
1250 3674 1316 3712 eo
1349 3669 1476 3713 ante
1509 3658 1707 3712 saecula
1741 3659 2010 3728 genitum.

433 3744 556 3800 Non
589 3756 771 3799 autem
817 3745 958 3798 duos
995 3739 1263 3815 Oportere‘
1300 3748 1482 3802 dicere
1514 3749 1655 3802 Deos
1693 3766 1706 3802 :
1741 3748 2012 3818 siquidem

439 3850 491 3892 et
526 3839 646 3906 ipse
679 3838 940 3892 Servator
969 3839 1110 3893 dixit
1144 3857 1160 3893 :
1214 3840 1361 3894 Vado
1399 3841 1469 3894 ad
1499 3839 1719 3894 Patrem
1759 3856 1934 3894 meum
1966 3849 2016 3896 et

442 3929 664 3982 Patrem
689 3937 940 3992 vestrum,
967 3941 1014 3982 et
1034 3929 1202 3984 Deum
1227 3947 1402 3984 meum
1432 3941 1482 3984 et
1512 3931 1681 3984 Deum
1711 3941 1942 3987 uestrum
1969 3935 2014 3988 '.

440 4022 674 4089 Propter
703 4021 849 4090 quod
889 4031 946 4074 et
985 4023 1231 4077 onmium
1264 4023 1409 4078 Deus
1436 4035 1547 4088 est,
1588 4025 1753 4078 sicuti
1780 4024 2016 4095 Aposto-

438 4113 528 4166 lus
567 4129 788 4181 quuque
845 4114 1075 4168 docuit:
1113 4116 1198 4168 An
1243 4108 1552 4168 Judceoi-um
1588 4115 1726 4170 Deus
1764 4119 2019 4172 tantum?

441 4220 548 4256 non
590 4214 769 4259 autem
815 4213 863 4257 et
902 4207 1186 4274 gentium?
1237 4205 1472 4276 profecto
1507 4208 1743 4277 gentium
1790 4226 2016 4282 quoque.

441 4295 710 4366 Siquidem
740 4313 876 4350 unus
910 4298 1072 4364 Deus,
1097 4299 1188 4368 qui
1218 4296 1538 4368 justiﬁeabt’t
1565 4301 2019 4359 circumcisionem

443 4403 508 4440 ex
534 4387 636 4455 ﬁde
664 4387 705 4440 ⁸.
741 4386 806 4442 Et
838 4389 1049 4457 reliqua
1093 4389 1318 4457 quidem
1351 4389 1536 4445 omnia
1576 4407 1821 4448 consona
1864 4402 2018 4459 sunt,

2113 3293 2381 3365 μονογενῆ
2418 3291 2586 3345 αὑτοῦ
2640 3291 2768 3343 Υίὸν
2815 3290 3025 3358 Ἰησοῦν
3053 3289 3321 3358 Χριστὸν,
3353 3289 3447 3342 τὸν
3499 3286 3696 3354 Κύριον

2111 3387 2208 3439 καὶ
2252 3384 2384 3437 Θεὸν
2426 3385 2524 3436 καὶ
2555 3383 2788 3452 Σωτῆρα
2818 3381 3001 3450 ἡμῶν,
3037 3379 3098 3444 ἐξ
3141 3380 3320 3434 αὑτοῦ
3361 3380 3470 3452 πρὸ
3497 3377 3701 3431 αἰώνων

2111 3477 2464 3547 γεννηθέντα.
2489 3475 2592 3528 Δύο
2613 3474 2670 3527 δὲ
2703 3473 2873 3536 Θεοὺς
2908 3473 2990 3543 μὴ
3016 3475 3219 3543 χρῆναι
3250 3472 3444 3542 λέγειν
3464 3487 3481 3504 ·
3515 3467 3698 3526 ἐπειδὴ

2113 3569 2210 3624 καὶ
2247 3569 2410 3630 αὐτὸς
2456 3567 2681 3637 εἴρηκεν
2713 3565 2741 3617 ὁ
2775 3565 2986 3634 Σωτήρ,
3027 3563 3561 3639 Πορεύομαινπρὸς
3604 3560 3700 3612 τὸν

2114 3661 2350 3728 Πατέρα
2390 3676 2534 3728 μου.
2583 3657 2681 3712 καί
2728 3657 2965 3725 Πατέρα
3007 3655 3198 3726 ὑμῶν,
3245 3657 3348 3713 καὶ
3386 3658 3534 3711 Θεόν
3566 3669 3697 3722 μου,

2116 3747 2215 3802 καὶ
2251 3749 2402 3800 Θεὸν
2442 3744 2631 3814 ὑμῶν.
2668 3745 2768 3797 Διὰ
2804 3745 2964 3797 τοῦτο
2999 3748 3095 3799 καὶ
3135 3747 3361 3800 πάντων
3394 3746 3528 3806 Θεὸς
3564 3744 3695 3800 ἐστι,

2117 3839 2304 3903 καθὼς
2340 3842 2485 3892 καὶὸ
2536 3838 2866 3902 Ἀπόστολος
2920 3837 3198 3903 ἐδίδαξεν·
3256 3840 3341 3893 Ἦ
3406 3834 3698 3893 Ἰουδαίων

2115 3933 2330 4003 μόνον,
2363 3929 2502 3998 οὐχί
2529 3929 2598 3982 δὲ
2628 3929 2729 3983 καὶ
2768 3928 2997 3994 sor-6w;
3025 3929 3125 3982 ναὶ
3155 3929 3256 3982 καὶ
3300 3929 3521 3984 ἐθνῶν·
3545 3925 3709 3989 ειπερ

2118 4021 2208 4092 εἷς
2270 4023 2434 4090 Θεὸς,
2467 4022 2536 4088 ὃς
2577 4020 2882 4075 δικαιώσει
2931 4021 3262 4090 περιτομὴν
3310 4023 3380 4076 ἐκ
3425 4022 3690 4078 πίστεως.

2120 4119 2232 4172 Καὶ
2257 4116 2325 4169 τὰ
2358 4117 2458 4184 μὲν
2499 4114 2663 4166 λοιπά
2712 4114 2894 4167 πάντα
2956 4116 3263 4181 συμφωνεῖ,
3300 4117 3397 4168 καὶ⁵
3449 4108 3692 4178 οὐδεμίαν

2121 4208 2455 4280 ἀμφιὸολίαν
2487 4206 2601 4276 ἔχει
2629 4220 2645 4240 ο
2676 4205 2801 4258 ἐπεὶ
2840 4205 2899 4257 δὲ
2934 4204 3167 4268 πολλούς
3197 4222 3354 4268 τινας
3385 4205 3525 4268 κινεῖ
3577 4197 3695 4264 περὶ

2120 4305 2220 4373 τῆς
2259 4301 2561 4370 λεγομένης
2616 4297 2919 4369 Ῥωμαϊστὶ
2965 4299 3384 4364 σουνσταντίας,
3437 4289 3695 4361 ἑλληνιστὶ

2121 4394 2179 4448 δὲ
2230 4393 2535 4464 λεγομένης
2590 4391 2797 4455 οὐσίας,
2842 4391 3129 4444 τουτέστιν
3179 4391 3269 4444 ἵνα
3319 4387 3698 4460 ἀκριϐέστερον,

443 4487 500 4531 ει
542 4479 675 4532 nihil
722 4481 928 4536 habent
972 4480 1150 4534 dubii.
1200 4479 1472 4546 Quoniam
1520 4498 1652 4538 vero
1708 4486 2005 4554 permultos

2123 4485 2343 4556 γνωσθῇ
2376 4485 2437 4537 τὸ
2458 4483 2822 4554 ὁμοιοούσιον,
2843 4481 2965 4552 ἦτοι
2991 4481 3052 4533 τὸ
3083 4482 3378 4551 λεγόμενον
3405 4475 3691 4548 ὁμοούσιοψ

445 4583 629 4626 movet
661 4574 986 4628 substantiae
1012 4572 1270 4640 verbum,
1305 4573 1412 4629 hoc
1456 4583 1540 4630 est
1574 4582 1659 4648 (ut
1693 4578 1902 4634 certius
1933 4579 2016 4634 in-

448 4664 746 4736 telligatur)
780 4666 842 4717 τδ
877 4666 1238 4733 ὁμοιοούσιον,
1275 4665 1444 4722 simili
1480 4669 1868 4736 substantiale,
1903 4671 2020 4726 sive

445 4755 506 4806 τὸ
544 4756 860 4823 ὁμοούσιον,
917 4754 1412 4822 consubstantiale,
1461 4761 1738 4814 neminem
1790 4775 2022 4830 prorsus

449 4850 789 4902 mentionem
823 4849 1129 4903 dictionum
1163 4864 1353 4903 earum
1383 4849 1584 4915 facere,
1625 4867 1808 4922 neque
1835 4868 1930 4908 eas
1964 4853 2022 4907 in

451 4938 694 4991 Ecclesia
731 4937 934 4991 docere
974 4947 1220 5006 oportet,
1253 4947 1479 5008 propter
1526 4943 1666 4998 hanc
1711 4958 1934 4998 causam
1967 4952 2025 4998 et

451 5031 739 5094 rationem,
773 5029 922 5097 quod
967 5029 1021 5082 in
1067 5029 1269 5086 divinis
1312 5030 1617 5102 Scripturis
1657 5034 1728 5090 de
1775 5037 1842 5090 iis
1888 5037 2028 5092 scri—

452 5130 608 5189 ptum
661 5137 770 5175 non
811 5121 902 5185 sit,
935 5131 993 5176 et
1033 5132 1254 5192 captum
1306 5124 1562 5179 humana:
1612 5129 1812 5180 mentis
1840 5135 1898 5181 ct
1938 5141 2030 5180 co-

452 5213 720 5282 gnitionis
753 5214 1024 5267 excedant
1065 5233 1077 5268 :
1121 5216 1382 5286 quodque
1417 5231 1580 5270 nemo
1605 5218 2021 5286 generationem

456 5301 584 5355 Filii
635 5303 916 5370 explicare
967 5307 1183 5374 possit,
1233 5307 1701 5376 quemadmodum
1756 5310 2028 5377 scriptum

455 5400 561 5453 est,
587 5392 994 5449 Geuerationem
1023 5397 1136 5466 ejus
1156 5398 1272 5467 quis
1303 5398 1577 5452 euarrabit
1602 5399 1667 5451 ‘?
1696 5399 1811 5453 Soli
1843 5402 2028 5453 autem

458 5481 607 5536 Patri
645 5485 997 5541 manifestum
1025 5498 1132 5554 est,
1165 5489 1444 5556 quomodo
1475 5489 1674 5542 Filium
1705 5491 1896 5558 genuit
1929 5508 1942 5544 :
1975 5498 2032 5544 et

460 5570 591 5626 item
641 5575 798 5643 FlliO,
833 5581 1110 5648 quomodo
1149 5581 1266 5650 ipse
1297 5582 1516 5650 genitus
1546 5581 1618 5634 sit
1649 5596 1680 5634 a
1711 5581 1892 5635 Patre.
1931 5581 2034 5637 Nc-

2124 4578 2186 4631 οὐ
2245 4576 2352 4647 χρή
2399 4592 2522 4627 τινα
2569 4573 2854 4636 παντελῶς
2891 4571 3101 4626 τούτων
3159 4573 3382 4642 μνήμην
3434 4563 3689 4637 γενέσθαι,

2125 4669 2246 4723 οὐδὲ
2268 4671 2400 4739 περὶ
2427 4668 2634 4720 τούτων
2663 4665 2984 4734 ἐξηγεῖσθαι
3013 4668 3082 4736 τῇ
3121 4663 3448 4735 Ἐκκλησίᾳ’
3470 4660 3554 4712 διὰ
3572 4651 3690 4708 ταύ-

2125 4779 2226 4833 την
2258 4761 2375 4831 [τὴν
2419 4759 2602 4812 αἰτίαν
2642 4759 2738 4811 καὶ
2763 4757 2854 4810 διά
2891 4757 3085 4811 τοῦτον
3117 4761 3209 4811 τὸν
3236 4749 3604 4824 λογισμὸν,ὄτι
3640 4747 3700 4796 ἐν.

2126 4855 2249 4917 ταῖς
2280 4853 2452 4915 θείαις
2481 4851 2725 4921 Γραφαῖς
2753 4850 2813 4901 οὐ
2843 4851 3156 4920 γέγραπται
3193 4851 3323 4920 περὶ
3347 4846 3546 4902 τούτων
3573 4856 3589 4873 ·
3609 4835 3692 4889 καὶ

2128 4948 2210 5000 ὅτι
2245 4944 2420 4999 ταῦτα
2448 4944 2590 5010 ὑπὲρ
2628 4943 2729 5012 τὴν
2764 4941 2874 4994 τῶν
2907 4942 3215 5010 ἀνθρώπων
3243 4941 3446 5010 γνῶσιν
3489 4935 3579 4988 καὶ
3611 4928 3691 4979 τὸν

2135 5033 2479 5105 ἀνθρώπινον
2530 5030 2657 5086 νοῦν
2705 5032 2860 5083 ἐστι’
2899 5031 2999 5084 καὶ
3038 5032 3120 5083 ὅτι
3145 5030 3323 5092 οὐδεὶς
3363 5025 3576 5078 δύναται
3603 5014 3690 5082 τὴν

2136 5130 2331 5197 γενεὰν
2361 5122 2751 5194 διηγήσασθαι,
2782 5123 2968 5186 καθὼς
2999 5123 3336 5193 γέγραπται’
3365 5117 3480 5185 Τὴν
3496 5107 3691 5182 γενεὰν

2129 5218 2317 5278 αὐτοῦ
2367 5217 2461 5281 τίς
2498 5214 2850 5283 διηγήσεται
2878 5233 2899 5278 ;
2927 5216 3107 5268 Μόνον
3144 5215 3202 5267 δὲ
3243 5213 3437 5266 εἰδέναι
3472 5205 3558 5257 τὸν
3589 5199 3686 5250 [Ια-

2127 5314 2264 5383 τέρα
2292 5309 2526 5380 φανερόν
2559 5307 2675 5360 ἐστι
2703 5307 2822 5370 πῶς
2854 5308 2943 5360 τὸν
2981 5308 3104 5360 Υἱὸν
3137 5308 3392 5376 ἐγέννησε
3419 5315 3432 5330 ·
3462 5297 3552 5350 καὶ
3587 5288 3683 5383 πέ-

2131 5378 2215 5456 λερ
2246 5402 2337 5454 τὸν
2370 5378 2519 5461 Υἱον,
2550 5398 2667 5462 πῶς
2695 5399 2860 5462 αὐτὸς
2882 5399 3207 5469 γεγέννηται
3234 5398 3340 5450 ἀπὸ
3366 5378 3690 5469 τοῦίΠατρόςο-

2136 5492 2325 5548 Οὐδενὶ
2354 5491 2410 5544 δὲ
2439 5489 2744 5561 ἀμφίϐολόν
2770 5491 2889 5542 ἐστι
2922 5467 3155 5559 μείζονα
3207 5483 3345 5539 εἶναι
3372 5481 3459 5533 τὸν
3487 5467 3685 5532 Πατέρα

2136 5587 2269 5653 τιμῇ
2319 5583 2416 5637 καί⁵
2457 5583 2586 5652 ἀξίᾳ
2618 5584 2712 5635 καὶ
2755 5581 2971 5653 θεότητι
2999 5598 3011 5613 ⁸
3067 5581 3161 5635 καὶ
3203 5575 3350 5648 αὐτῷ
3378 5572 3451 5644 τῷ
3479 5567 3681 5633 ὀνόματι

536 5695 550 5725 ³
580 5695 737 5752 Joan.
759 5713 867 5767 XIV,
891 5697 977 5757 16.
1054 5702 1074 5732 ²
1103 5698 1339 5754 ἱ1›ἰι1.28.
1421 5698 1441 5728 ³
1469 5698 1625 5752 Rom.
1669 5713 1750 5757 tu,
1784 5695 1874 5751 29.
1953 5699 1973 5731 ⁵

2108 5738 2119 5753 .
2157 5714 2273 5766 Llll,
2313 5698 2364 5753 8.

537 5859 611 5928 (l)
648 5854 754 5911 Τοῦ
791 5855 926 5910 Θεοῦ
964 5852 1126 5922 εἶναι,
1154 5864 1208 5908 ut
1239 5853 1332 5908 Dei
1365 5864 1517 5908 esset.
1553 5853 1767 5911 Sucrat.
