3990 6498
413 427 509 492 351

869 542 1032 615 756
1057 541 1285 597 CAPUT
1324 540 1541 595 xxx".

419 633 735 707 Uttgranni
771 634 1139 707 Occidentales,
1176 636 1278 707 sint
1332 635 1544 707 (iecisti.
1580 634 1994 707 flritmmiorsci-

488 704 607 760 licet
642 716 690 759 et
730 706 1085 775 Magnentius.
1120 706 1194 757 De
1228 704 1432 757 Indicis
1468 704 1991 770 Diocwsaricnsibus,

485 786 536 830 et
561 786 618 829 ut
645 774 837 832 Callus
865 774 1050 829 Cresar
1078 776 1148 828 sit
1174 776 1500 844 interfectus.

485 960 793 1031 Imperator
828 966 1009 1013 autem
1058 958 1325 1012 adversus
1379 963 1642 1027 tyrannos
1689 956 1991 1011 exercitum

415 1054 590 1115 duxit,
621 1066 677 1107 et
698 1051 1113 1106 conditionibus
1137 1051 1421 1119 pactisque
1446 1050 1611 1104 certis
1633 1050 1837 1104 bellum
1867 1065 1990 1103 cum

414 1143 767 1198 Britannione
818 1143 1068 1207 decidit,
1124 1140 1400 1196 militibus
1459 1142 1613 1195 illius
1667 1150 1728 1194 ut
1776 1141 1993 1195 animos

414 1244 717 1299 mutarent,
759 1243 817 1289 et
856 1250 915 1289 se
956 1226 1125 1288 unum
1154 1234 1544 1302 imperatorem
1576 1232 1992 1286 acclamatiOni-

413 1328 521 1382 bus
581 1328 995 1391 renuntiarent,
1058 1326 1368 1395 persuasis.
1439 1324 1574 1379 Nam
1641 1324 1856 1378 insidiis
1912 1325 1994 1378 cis

411 1419 671 1488 cognitis,
709 1417 995 1473 Britannic
1030 1418 1097 1471 ad
1132 1416 1299 1487 pedes
1340 1417 1690 1485 imperatoris
1726 1416 1994 1485 supplicis

411 1511 608 1567 habitu
643 1511 1032 1565 miserabiliter
1052 1519 1137 1563 est
1164 1510 1509 1580 provolutus.
1545 1510 1607 1562 Et
1631 1508 1992 1565 Constantius

408 1603 464 1658 ei
507 1604 728 1672 imperii
755 1604 1329 1672 insignia,purpuram
1359 1611 1412 1655 et
1435 1617 1694 1655 coronam
1729 1602 1989 1664 detraxit,

412 1697 774 1766 quietumque
806 1704 863 1750 et
901 1694 1177 1765 privatum
1223 1709 1345 1747 esse
1384 1694 1546 1762 iussit
1593 1710 1607 1746 :
1655 1693 1770 1747 ειιηὶ
1820 1693 1992 1762 magis

414 1789 717 1843 convenire
743 1787 958 1852 dicens,
1003 1795 1063 1840 ut
1095 1788 1147 1841 in
1190 1786 1304 1839 0tio
1332 1767 1563 1846 viveret,
1588 1801 1753 1854 quam
1788 1799 1987 1837 nomen

1632 428 2055 490 NiCEPIlOilI
2098 426 2441 490 CALlJSTI
2512 430 2519 433 ⁷

3581 436 3684 501 οδε

2679 548 2903 600 ΚΕψᾹΛ
2916 587 2930 600 .
2970 549 3011 599 Λ
3021 546 3094 603 B'.

2098 638 2235 705 Περὶ
2270 637 2381 705 τῆς
2410 637 2594 704 ἥττης
2641 637 2759 690 τῶν
2803 640 3130 704 Ἑσπερίων
3175 637 3524 705 τυράννων,
3557 645 3689 694 οἴει-τ’-

2169 709 2497 775 τρανίωνος
2549 708 2646 760 καὶ
2702 711 3078 771 Matrem/'02;
3105 726 3118 738 ο
3178 710 3275 761 καὶ
3304 711 3445 775 περὶ
3482 709 3598 761 τῶν
3622 714 3689 761 ἐν

2172 780 2588 845 Διοπαισίιρείᾳ
2615 776 2925 831 Ἰουδαίων
2952 797 2962 808 '
2989 778 3088 831 καὶ
3121 780 3200 845 ὡς
3224 779 3499 848 ἀνῃρέθη
3530 777 3687 834 Γάλ-

2170 851 2280 913 λος
2312 850 2345 901 ὀ
2376 848 2628 917 Καῖσαρ.

2182 954 2240 1007 Ὀ
2273 955 2331 1008 δέ
2369 955 2624 1042 βασιλεὺς
2650 956 2718 1009 τὰ
2747 957 2856 1010 τῶν
2889 958 3169 1026 τυράννων
3218 960 3559 1031 μετήρχετο,
3597 962 3689 1014 καὶ

2096 1049 2188 1098 ἐπὶ
2240 1048 2433 1116 ῥηταῖς
2488 1047 2791 1119 συνθήκαις
2842 1050 2899 1110 ἐς
2946 1050 3113 1101 ταυτὸ
3169 1050 3401 1118 πρῶτον
3448 1045 3553 1120 ἧκε
3614 1052 3688 1120 τῷ

2097 1137 2443 1206 Βρετανὶωνι.
2476 1141 2674 1201 Πείσας
2704 1140 2759 1193 δέ
2805 1143 2933 1203 τοὺς
2963 1141 3056 1193 ὑπ’
3094 1144 3307 1194 ἐκεῖνον
3341 1145 3689 1210 στρατιώτας

2100 1226 2433 1297 μεταθέσθαι
2488 1227 2587 1297 τῆς
2635 1228 2882 1298 γνώμης,
2924 1229 3021 1281 καὶ
3087 1231 3250 1298 μόνον
3314 1230 3689 1298 ἀναγορεῦσαι

2095 1322 2480 1374 Κωνστὰντιον
2508 1361 2522 1383 ,
2550 1321 2713 1389 γνοὺς
2743 1323 2952 1383 ἐκεῖνος
2972 1323 3069 1393 τὴν
3087 1322 3414 1393 ἐπιϐουλὴν,
3452 1325 3560 1390 πρὸ
3583 1323 3688 1375 τῶν

2099 1414 2278 1466 ποδςῖιν
2310 1431 2407 1466 του
2448 1414 2710 1485 βασιλέως
2742 1414 3070 1469 ἐκαλινδεῖτο
3095 1417 3311 1486 πρηνής
3337 1432 3351 1445 ο
3383 1419 3479 1469 καὶ
3512 1416 3689 1485 ἱκέτης

2098 1508 2334 1570 ἐλεεινὸς
2368 1504 2460 1579 ἦν.
2504 1507 2886 1560 Κωνστάντιοε
2911 1508 2967 1560 δὲ
3007 1510 3075 1561 τὰ
3115 1508 3372 1577 σύμϐολα
3407 1508 3511 1577 τῆς
3536 1509 3688 1579 βασιοο

2094 1600 2246 1661 λείας
2277 1599 2472 1669 ἐκείνῳ
2506 1598 2797 1669 περιελὼν,
2825 1600 3090 1669 ἁλουργὶς
3123 1602 3180 1653 δέ
3210 1599 3393 1653 ταῦτα
3423 1596 3567 1670 ἦσαν
3599 1601 3690 1653 καὶ

2097 1691 2385 1758 στέφανος,
2416 1693 2472 1743 ἐν
2508 1692 2708 1762 ἡσυχίᾳ
2744 1694 2928 1760 μένειν
2974 1693 3068 1744 καὶ
3121 1693 3353 1757 ίδιὰζειν
3389 1694 3690 1762 προσέτατ-

2095 1798 2151 1833 τε
2179 1798 2192 1811 ·
2245 1782 2335 1833 τὸν
2368 1783 2476 1850 γὰρ
2531 1782 2848 1851 πρεσϐύτην
2878 1783 3253 1851 ἀπραγμόνως
3297 1782 3508 1850 μᾶλλον
3542 1780 3687 1851 βιοῦν

415 1880 756 1933 tumultuum
804 1880 1028 1948 plenum
1062 1879 1358 1933 obtineret.
1405 1876 1670 1946 Sumptus
1699 1886 1882 1929 autem
1923 1890 1989 1928 ex

2108 1873 2378 1943 προσῆκον
2414 1874 2625 1941 ἔλεγεν,
2657 1873 2688 1943 ἦ
2723 1874 2898 1938 ὄνομα
2947 1873 3092 1943 ἔχειν
3124 1873 3380 1942 θορύϐων
3409 1872 3684 1941 ἔμπλεων.

417 1971 654 2040 publicis
682 1972 1042 2042 vectigalibus
1082 1973 1157 2033 ei,
1192 1979 1253 2024 ut
1297 1970 1439 2031 seni,
1476 1970 1542 2024 ad
1582 1968 1811 2022 Prusam
1841 1969 1989 2023 circa

414 2064 703 2134 Olympum
737 2065 951 2133 amplos
975 2065 1233 2118 attribuit
1269 2084 1282 2118 :
1312 2063 1403 2117 ubi
1429 2063 1519 2116 ille
1544 2061 1771 2132 degens,
1803 2073 1988 2131 postea

413 2153 480 2207 ad
518 2155 905 2225 imperatorem
938 2157 1185 2225 scripsit.
1223 2156 1537 2225 gratiasque
1562 2158 1614 2208 ei
1642 2154 1777 2220 egit,
1808 2156 1901 2224 qui
1932 2171 1991 2211 se

418 2246 585 2302 tantis
616 2258 672 2302 et
701 2258 807 2302 tam
839 2250 1030 2303 multis
1059 2249 1219 2302 malis
1249 2257 1305 2301 et
1331 2247 1621 2308 mrumnis,
1648 2263 1772 2316 qua:
1801 2247 1854 2301 in
1887 2249 1992 2301 im-

410 2340 570 2408 pez'io
597 2350 807 2402 essent,
838 2340 1150 2397 liberasset.
1194 2330 1385 2394 Rebus
1425 2340 1492 2393 de
1522 2340 1883 2395 Britannione
1914 2341 1991 2411 (l)

410 2447 681 2500 prospere
723 2433 1016 2497 confertis,
1073 2438 1369 2490 maximam
1420 2435 1705 2504 copiarum
1741 2455 1991 2502 suarum,

412 2538 557 2590 quas
582 2538 770 2578 secum
803 2525 1068 2591 habebat,
1103 2538 1340 2596 partem,
1379 2528 1433 2581 in
1467 2529 1681 2584 Italiam
1725 2532 1996 2585 adversus

414 2615 791 2684 Magnentium
825 2616 995 2672 misit.
1025 2617 1332 2674 Patruelem
1363 2629 1547 2675 autem
1581 2622 1804 2677 fratrem
1831 2637 1993 2676 suum

413 2704 655 2771 Gallum,
687 2707 994 2765 Constantii
1043 2710 1238 2777 (frater
1278 2723 1461 2769 autem
1512 2717 1601 2771 hic
1643 2716 1993 2774 Constantini

424 2801 606 2871 Magni
637 2802 811 2870 patris
835 2800 1031 2872 fuerat)
1064 2802 1259 2863 ﬁlium.
1296 2804 1349 2858 in
1377 2805 1661 2861 Orientem
1687 2817 1742 2860 et
1779 2806 1993 2878 Syriam

417 2894 500 2947 ire
522 2893 709 2963 jussit,
750 2902 808 2947 ut
836 2895 1140 2964 provinciis
1180 2895 1347 2950 isthic
1392 2900 1661 2952 adversus
1697 2900 1992 2953 Persarum

415 2985 779 3040 excursiones
809 2985 1067 3054 prasidio
1100 2997 1250 3041 esset
1280 3005 1293 3039 :
1324 2987 1616 3058 eidemque
1641 2989 1874 3046 Caesaris
1906 2992 1992 3046 di-

419 3077 683 3142 gnitatem
728 3076 983 3139 contulit,
1024 3084 1080 3130 et
1118 3091 1243 3130 eum
1292 3077 1532 3131 nominis
1573 3080 1655 3134 sui
1689 3080 1994 3149 adiectione

418 3168 693 3221 Caesarem
725 3166 1111 3223 Constantium
1141 3171 1495 3223 renuntiavit.
1531 3170 1651 3236 Quo
1691 3189 1822 3228 sane
1855 3184 1994 3227 tem-

420 3276 577 3330 pore,
608 3259 701 3312 illo
728 3260 1077 3313 Antiochiam
1117 3260 1531 3329 proﬁciscente,
1568 3279 1786 3317 rursum
1816 3266 1999 3321 crucis
2027 3243 2067 3297 ο

421 3356 639 3421 signum
689 3353 743 3404 in
795 3349 938 3404 ccelo
979 3350 1047 3404 ad
1083 3350 1462 3421 Hierosolyma
1502 3357 1782 3422 apparuit,
1826 3355 1999 3411 solem

422 3444 592 3500 radiis
619 3444 738 3498 suis
769 3443 1107 3512 praecellens,
1153 3459 1284 3496 arcu
1317 3460 1478 3513 quem
1528 3446 1653 3499 irim
1687 3461 1884 3503 vocant
1916 3448 2004 3501 iu-

420 3536 573 3604 genti
628 3537 695 3589 ad
746 3536 921 3590 instar
975 3551 1197 3590 coronae
1241 3537 1660 3599 circumfusum,
1706 3540 1840 3593 hora
1892 3539 2002 3594 diei

423 3626 609 3691 tertia,
643 3625 998 3681 Pentecostes
1030 3625 1190 3681 feriis
1224 3626 1547 3684 ineuntibus
1577 3647 1592 3684 :
1638 3629 1848 3698 Cyrillo
1886 3639 2003 3684 tum

426 3718 825 3790 llierqsolymis
855 3727 981 3787 post
1010 3717 1308 3773 Maximum
1351 3735 1441 3775 res
1473 3720 1879 3775 ecclesiasticas
1906 3737 2007 3791 gu-

426 3813 721 3866 bernante.
772 3811 1048 3866 Catterum
1097 3814 1284 3867 crucis
1335 3814 1425 3867 illa
1481 3815 1573 3868 lux
1619 3816 1853 3882 sparsim
1894 3829 2004 3868 non

422 3904 729 3969 tliﬂlucbat,
755 3903 902 3974 quod
951 3904 1007 3958 in
1057 3914 1271 3959 cometa
1310 3905 1429 3959 lieri
1461 3905 1605 3960 solet
1639 3942 1655 3969 ,
1704 3903 1800 3958 sed
1831 3906 2006 3962 multo

424 4010 740 4065 magnoque
778 3995 991 4066 fulgore
1029 3995 1200 4050 densa
1236 4006 1292 4051 ct
1324 3996 1616 4066 perspicua
1646 3995 2003 4052 consistebat.

420 4087 807 4156 Occupaverat
836 4098 1022 4142 autem
1056 4088 1202 4143 caelo
1234 4088 1563 4143 incumbens
1588 4087 1816 4141 circiter
1844 4089 2008 4156 quin-

427 4178 607 4233 decim
643 4177 842 4233 stadia.
885 4178 1199 4251 Longitudo
1244 4180 1390 4250 ejus.
1434 4188 1702 4248 quantum
1749 4179 2008 4249 colligere

426 4271 607 4334 licuit,
633 4286 662 4324 a
689 4270 957 4326 Calvariae
988 4281 1175 4327 monte
1201 4271 1269 4325 ad
1295 4285 1422 4325 eum
1458 4269 1550 4339 qui
1579 4269 1783 4325 dicitur
1807 4269 2004 4326 Oliveti

425 4363 775 4435 pertingebat
823 4381 838 4418 :
887 4363 1122 4417 latitudo
1154 4372 1365 4423 autem,
1419 4377 1543 4430 qua:
1573 4361 1904 4433 longitudini
1950 4364 2003 4419 ei

426 4456 789 4526 proportione
811 4455 1152 4511 conveniret.
1176 4454 1257 4509 Ad
1286 4453 1607 4509 miraculum
1633 4455 1796 4509 timor
1814 4455 2005 4520 etiam,

428 4550 485 4603 in
520 4563 578 4603 re
615 4556 724 4603 tam
764 4548 986 4603 insolita
1018 4556 1077 4603 et
1110 4546 1504 4615 inexspectata,
1535 4548 1794 4604 omnibus
1826 4549 2005 4604 inces-
2038 4572 2083 4628 π)

427 4642 520 4696 sit.
563 4640 752 4711 Itaque
809 4654 1003 4695 omnes
1053 4653 1180 4693 cum
1230 4638 1558 4708 conjugibus
1602 4649 1662 4695 et
1702 4641 1893 4697 liberis
1934 4642 2004 4696 ad

426 4735 696 4804 templum
738 4734 918 4803 majus
946 4733 1121 4786 Deum
1156 4729 1417 4785 laudibus
1440 4730 1707 4795 ferentes,
1750 4733 1946 4788 relicto
1975 4750 2007 4790 a

426 4840 650 4895 quoque
681 4823 826 4893 quod
856 4832 970 4876 tum
1003 4821 1144 4876 forte
1167 4821 1395 4889 faceret,
1418 4836 1586 4891 opere
1608 4822 2001 4894 confugerunt.

425 4916 682 4993 757'Et
709 4932 774 4971 ea
805 4930 896 4970 res
923 4915 977 4968 in
1009 4923 1184 4969 terras
1210 4929 1404 4969 omnes
1433 4915 1804 4986 promulgata,
1829 4917 2009 4971 homi-

430 5026 530 5064 nes
558 5007 956 5071 consternavit,
991 5005 1137 5076 quod
1171 5021 1291 5062 eam
1336 5022 1404 5062 ex
1433 5007 1737 5077 proirinciis
1766 5007 2005 5072 cunctis,

427 5101 526 5171 qui
571 5115 802 5170 peregre
837 5098 1177 5168 precationis
1230 5114 1361 5169 ergo
1416 5099 1795 5172 Hierosolyma
1840 5116 2009 5155 vene-

433 5203 577 5255 rant,
608 5193 813 5260 ubique
852 5191 1166 5261 vulgarent.
1198 5191 1399 5246 Multos
1432 5207 1564 5246 sane
1591 5199 1650 5246 et
1677 5207 1744 5246 ex
1779 5191 2007 5259 Judzcis,

431 5295 488 5339 et
517 5301 584 5338 ex
611 5284 841 5347 Graecis,
878 5283 946 5338 ad
977 5283 1458 5339 Christianismum
1495 5284 1777 5353 perduxit.
1806 5285 2010 5340 Factus

432 5376 598 5430 etiam
651 5374 719 5427 de
773 5389 837 5427 ea
898 5375 1101 5429 certior
1148 5383 1230 5429 est
1281 5375 1607 5444 imperator,
1654 5374 2008 5431 familiarium

434 5479 666 5520 suorum
711 5474 767 5520 et
812 5464 987 5534 ipsius
1029 5465 1216 5536 Cyrilli
1265 5465 1487 5521 litteris.
1520 5464 1588 5519 Et
1633 5466 1901 5522 divinitus
1945 5483 2010 5523 ea

509 5643 584 5716 (ἱ)
619 5644 1026 5718 llritanmonem
1060 5656 1381 5718 magistrum
1422 5648 1656 5704 militum
1690 5650 1745 5702 in
1793 5650 2005 5704 Panno-

436 5718 527 5768 nia
575 5716 642 5768 ad
694 5717 930 5770 Μαι-δοίη
981 5716 1183 5771 milites
1216 5723 1604 5784 imperatorem
1659 5724 2007 5773 renuntiave-

440 5795 579 5857 rant,
614 5799 959 5854 grandaevum
985 5792 1118 5857 jam,
1147 5797 1201 5842 et
1231 5788 1491 5841 omnibus
1517 5791 1747 5844 charum
1781 5790 1959 5842 virum
1997 5806 2010 5841 :

438 5856 640 5927 quippe
684 5858 968 5927 probrum,
1002 5868 1059 5912 et
1099 5859 1408 5927 priscorum
1459 5873 1697 5922 murum.
1725 5860 2012 5930 ῇιιοιιηαίιι-

2101 1966 2308 2035 Πολλὴν
2355 1966 2412 2018 δὲ
2458 1966 2603 2035 αὐτῷ
2635 1967 2729 2017 καὶ
2780 1965 3031 2034 δαπάνην
3064 1966 3351 2036 δημοσίων
3382 1968 3447 2017 ἐκ
3506 1965 3686 2031 φόρων

2099 2056 2269 2123 ἀνῆκε
2309 2055 2451 2107 κατὰ
2508 2055 2761 2125 ιῖροῦσαν
2812 2057 2912 2123 τὴν
2968 2057 3097 2125 περὶ
3141 2058 3465 2124 Ὄλυμπον,
3503 2048 3591 2107 οἷά
3623 2070 3683 2121 γε

2100 2148 2418 2218 πρεσϐύτῃ·
2458 2149 2596 2200 ὅπου
2623 2149 2686 2217 δὴ
2728 2150 3053 2219 ποιούμενος
3103 2150 3203 2211 τὰς
3263 2148 3576 2217 διατριϐὰς,
3632 2151 3685 2209 ἐς

2101 2239 2329 2309 ὕστερον
2349 2241 2575 2309 γράφων
2599 2242 2809 2310 βασιλεῖ
2839 2242 3067 2311 χάριτας
3087 2241 3390 2310 ὡμολόγει,
3421 2241 3687 2293 τοσούτων

2100 2332 2306 2395 κακῶν,
2358 2335 2457 2385 ὅσα
2508 2335 2574 2401 τῇ
2607 2333 2751 2403 ἀρχῇ
2791 2333 3010 2385 σύνεστι
3061 2334 3157 2385 καὶ
3188 2334 3499 2401 φροντίδων
3551 2332 3687 2383 οὕτω

2101 2424 2314 2477 πολλῶν
2344 2425 2739 2489 ἀπαλλάξαντι.
2787 2424 2875 2489 Ὣς
2903 2426 2958 2478 δέ
3003 2427 3184 2489 καλῶς
3214 2426 3370 2497 αὐτῴ
3403 2425 3582 2493 ἀπέϐη
3622 2426 3684 2475 τὰ

2102 2519 2246 2572 κατὰ
2277 2519 2641 2590 Βρετανίωνα,
2676 2519 2989 2586 ἀπόμοιραν
3017 2521 3281 2591 πλείστην
3312 2521 3415 2587 τῆς
3446 2522 3577 2586 περὶ
3594 2520 3684 2572 αὖ·

2102 2612 2192 2664 τὸν
2218 2614 2481 2679 στρατιᾶς
2512 2614 2655 2665 κατὰ
2685 2613 3024 2681 Μαγνεντίου
3054 2616 3134 2676 είς
3171 2613 3413 2667 Ἰταλίαν
3440 2613 3677 2680 ἔπεμπε.

2102 2704 2205 2756 Τὸν
2238 2703 2284 2756 δ’
2313 2704 2531 2771 ἀνεψιὸν
2556 2703 2779 2766 Γάλλον,
2811 2703 2868 2765 ὅς
2892 2706 3021 2767 παῖς
3054 2706 3151 2773 μὲν
3177 2700 3244 2775 ἦν
3275 2704 3680 2765 Κωνσταντίου,

2102 2790 2259 2858 οὗτος
2293 2795 2348 2848 δὲ
2375 2794 2606 2863 ἀδελφὸς
2630 2797 3042 2849 Κωνσταντίνου
3070 2796 3162 2849 τοῦ
3197 2799 3410 2867 πατρὸς
3438 2792 3527 2867 ἦν,
3557 2796 3680 2866 πρὸς

2116 2887 2293 2958 Ἐᾠαν
2314 2888 2409 2942 ἐπὶ
2445 2887 2659 2957 φυλακῇ
2699 2890 2808 2942 τῶν
2840 2889 3018 2942 ἐκεῖσε
3042 2889 3348 2958 ,κλιμάτων
3401 2890 3680 2959 Περσικοῖς

2106 2978 2513 3049 ἐνοχλουμένων
2568 2979 2777 3048 ἐφόδοις
2815 2981 2896 3043 εἱς
2922 2980 3122 3050 Συρίαν
3171 2981 3424 3046 ἔστελλε,
3452 2982 3553 3047 τὴν
3597 2979 3679 3032 τοῦ

2078 3072 2386 3157 *Καίσαρος
2439 3071 2620 3136 ἀξίαν,
2671 3071 2810 3142 πρὸς
2841 3072 2899 3124 δέ
2940 3073 3035 3126 καὶ
3079 3074 3175 3144 τὴν
3229 3075 3447 3128 οἰκείαν
3498 3075 3679 3145 κλῆσιν

2103 3162 2281 3233 τούτῳ
2313 3163 2645 3231 περιϐαλὼν,
2702 3165 2955 3234 Καίσαρα
2991 3167 3378 3222 Κωνστάντιον
3417 3169 3678 3221 ἀνειπὼν·

2102 3255 2192 3308 ὅτε
2241 3255 2305 3324 δὴ
2345 3256 2610 3318 εἰσιόντος
2651 3256 2860 3310 ἐκείνου
2888 3257 2988 3329 τὴν
3017 3260 3382 3329 Ἀντιόχειαν,
3425 3262 3577 3324 αὖθις
3624 3266 3678 3313 ἐν

2104 3348 2322 3417 οὐρανῷ
2354 3348 2415 3401 τδ
2445 3349 2539 3401 τοῦ
2575 3350 2813 3419 σταυροῦ
2866 3354 3094 3421 σημεῖον
3140 3352 3302 3425 ὤφθη
3339 3355 3681 3427 ὑπεραστρά-

2106 3457 2238 3491 πτον
2269 3438 2361 3491 τὸν
2390 3440 2561 3509 ἣλιον,
2594 3441 2759 3511 ἴριδος
2788 3444 3032 3512 μεγάλης
3056 3452 3325 3515 στεφάνου
3354 3450 3556 3518 τρόπον
3588 3464 3678 3502 πε-

2109 3531 2481 3602 ριελιττοὺσης
2513 3535 2694 3590 αὐτόν.
2722 3536 2900 3606 Τρίτη
2935 3537 3054 3609 ὥρα
3083 3539 3183 3607 τῆς
3217 3542 3436 3613 ἡμέρας
3467 3537 3554 3613 ἦν,
3589 3539 3679 3607 τῆς

2107 3626 2495 3696 Πεντηκοστῆς
2524 3628 2885 3699 ἐνισταμένης
2915 3631 3024 3683 τῶν
3048 3633 3269 3701 ἑορτῶν,
3301 3634 3566 3705 Κυρίλλου
3590 3648 3677 3699 τη-

2105 3715 2336 3769 νικαῦτα
2384 3720 2443 3772 ἐν
2484 3719 2881 3790 Ἱεροσολύμοις
2932 3725 3071 3791 μετὰ
3099 3725 3358 3795 Μάξιμον
3396 3726 3493 3790 τὰς
3532 3725 3676 3794 ἱερὰς

2110 3807 2266 3874 ἡνίας
2295 3807 2744 3880 διαχειρίζοντος.
2782 3812 2927 3882 Πλὴν
2957 3815 3057 3885 οὐχ
3085 3815 3276 3888 ὥσπερ
3311 3836 3395 3882 τις
3441 3820 3674 3888 κομήτης

2105 3892 2174 3968 ἦν
2217 3897 2278 3949 τὸ
2315 3901 2430 3967 φῶς
2480 3902 2792 3973 ἀπορρέων,
2841 3904 2981 3958 ἀλλὰ
3026 3907 3230 3961 πυκνὸν
3286 3912 3385 3963 καὶ
3427 3907 3673 3979 διαφανὲς
3716 3974 3727 3983 ί

2110 3988 2382 4052 συνεστὼς
2413 3993 2471 4043 ἐν
2499 3992 2679 4061 πολλῷ
2706 3997 2797 4046 καὶ
2834 3995 3057 4068 μεγάλῳ
3085 3998 3225 4066 φωτί
3242 4015 3259 4031 θ
3291 3999 3441 4069 διῆκε
3472 3998 3524 4051 δὲ
3549 4015 3670 4050 κατ-

2108 4081 2231 4152 έχον
2265 4086 2396 4153 περὶ
2436 4083 2499 4136 τὸ
2547 4087 2799 4157 οὐράνιον
2836 4087 2999 4152 κύτος
3039 4092 3183 4160 ἀμφὶ
3227 4091 3362 4144 δέκα
3397 4094 3487 4144 καὶ
3523 4092 3669 4142 πέντε

2110 4171 2322 4236 στάδια,
2355 4173 2416 4226 τὸ
2448 4175 2550 4244 μὲν
2606 4176 2804 4245 μῆκος,
2846 4177 2970 4231 ὅσον
3015 4180 3257 4246 εἰκάσαι,
3292 4182 3400 4234 ἀπὸ
3431 4181 3522 4234 τοῦ
3550 4196 3670 4248 κρα-

2108 4263 2224 4316 νίου
2247 4264 2432 4333 διῆκεν
2447 4266 2577 4337 ἄχρι
2606 4269 2703 4320 καὶ
2718 4268 2812 4321 τοῦ
2845 4268 3030 4339 ὅρους,
3062 4270 3091 4323 ὃ
3131 4271 3365 4326 Ἐλαιῶν
3392 4270 3671 4337 ἐπικέκλη-

2109 4370 2233 4410 ται·
2265 4358 2325 4410 τὸ
2355 4358 2412 4411 δέ
2442 4354 2622 4423 εὖρος,
2650 4359 2774 4412 ὅσον
2805 4359 2884 4430 τῷ
2916 4361 3080 4431 μήκει
3113 4363 3418 4434 ἀναλογεῖν.
3455 4363 3587 4432 Πρὸς
3619 4358 3669 4410 δὲ

2108 4447 2187 4519 τῷ
2234 4448 2481 4519 θαύματι
2507 4452 2602 4503 καὶ
2646 4451 2785 4505 πᾶσι
2815 4449 2935 4514 δέος
2988 4452 3082 4504 ἐπὶ
3107 4453 3184 4522 τῷ
3216 4453 3500 4526 παραδόξῳ
3529 4450 3666 4520 ἐνῆν,

2110 4542 2220 4596 Καὶ
2239 4542 2391 4596 ἔθεον
2418 4542 2621 4605 πάντες
2653 4544 2750 4597 ἐπὶ
2773 4543 2834 4597 τὸ
2867 4543 3032 4615 ἱερὸν,
3067 4547 3159 4599 τὸν
3186 4548 3361 4617 μέγαν
3390 4541 3671 4614 ἁνυμνοῦν-

2108 4649 2201 4693 τες
2232 4632 2401 4700 Θεὸν,
2436 4633 2665 4697 ἕκαστος
2705 4635 3039 4705 καταλείψας
3067 4637 3095 4692 ὅ
3123 4654 3176 4692 τι
3212 4644 3429 4710 τύχοιεν
3457 4631 3669 4708 ἐργαξό“

2115 4743 2293 4797 μενοι.
2328 4728 2489 4800 Πάσῃ
2513 4727 2571 4780 δὲ
2594 4731 2665 4799 γῇ
2696 4729 2758 4782 τὸ
2781 4728 2965 4800 θαῦμα
2998 4731 3290 4802 φοιτῆσαν,
3320 4731 3665 4796 κατέπληττεν

2112 4818 2221 4871 τῶν
2251 4818 2373 4872 κατ’
2409 4818 2576 4890 εὐχὴν
2603 4822 2720 4885 τοῖς
2759 4819 3028 4892 Ἱεροσολύ
3037 4837 3162 4889 μοις
3187 4821 3590 4893 ἐπιδημούντων
3611 4812 3666 4877 ἐξ

2114 4911 2334 4982 ἁπάσης
2365 4912 2467 4981 γῆς
2489 4912 2968 4984 διαμψυσάντων.
3011 4920 3078 4971 ’0
3108 4921 3203 4972 καὶ
3233 4919 3461 4979 πολλοὺς
3484 4911 3586 4965 τῶν
3611 4923 3664 4959 τε

2125 5004 2398 5057 Ἰουδαίων
2415 5006 2511 5058 καὶ
2547 5005 2814 5076 Ἐλλήνων
2835 5007 2973 5079 πρὸς
2995 5010 3088 5064 τὸν
3103 5011 3148 5062 Χ
3157 5004 3525 5081 ριστιανισμὺν
3549 4998 3667 5071 μεθ’

2112 5097 2388 5152 είλκυσεν.
2425 5099 2612 5165 Ἔγνω
2638 5098 2695 5152 δέ
2721 5102 2815 5153 καὶ
2839 5103 2866 5153 ὀ
2902 5101 3157 5170 βασιλεὺς
3186 5102 3339 5173 παρά
3375 5116 3433 5152 τι
3464 5095 3564 5147 τῶν
3594 5092 3665 5142 oi-

2112 5190 2275 5243 κείων
2300 5191 2393 5243 καὶ
2433 5190 2708 5260 Κυρίλλου
2748 5192 3084 5263 γράψαντος.
3116 5196 3271 5248 Κατά
3299 5194 3422 5248 τιδέ
3450 5182 3661 5253 θεοπρά⁹

2112 5299 2237 5335 πιον
2269 5281 2527 5349 γενέσθαι
2559 5282 2779 5350 ἐλέγετο
2809 5288 2922 5347 τοῖς
2954 5286 3141 5348 εἰδόσι,
3184 5288 3351 5340 πάλαι
3381 5282 3574 5356 βιὸλοις
3597 5276 3664 5327 ίε·

2116 5377 2234 5443 ραῖς
2266 5376 2663 5446 ἐμφερόμενον.
2692 5377 2766 5429 Τὸ
2793 5377 2851 5431 δέ
2891 5378 3226 5451 σελασφόρον
3256 5383 3426 5434 ἐκεῖνο
3462 5374 3550 5427 καὶ
3580 5385 3661 5429 σε-

2112 5466 2348 5537 ϐάσμιον
2381 5468 2564 5533 θέαμα
2588 5468 2708 5522 οὐδὲ
2738 5471 2848 5532 τοῖς
2876 5473 2968 5523 ἐπὶ
2999 5474 3092 5525 τοῦ
3127 5472 3485 5545 στρατοπέδου
3513 5464 3663 5518 ἀοέα-

2648 5656 2741 5707 sed
2804 5668 3053 5710 omntum
3116 5654 3420 5710 liberalium
3474 5642 3652 5700 artium

2109 5730 2412 5796 expertem,
2440 5725 2669 5796 adeo‘ut
2693 5739 2760 5777 ne
2794 5725 3094 5791 primarum
3126 5728 3343 5796 quidem
3374 5722 3651 5796 litteraljjlll

2109 5780 2410 5855 ele'mcnta,
2434 5791 2539 5845 nisi
2582 5793 2634 5845 in
2676 5780 2925 5850 extrema
2971 5780 3159 5863 aetate;
3185 5780 3519 5851 atldidicerit.
3556 5780 3654 5835 Ευ-

2114 5873 2255 5928 lrup.
3444 5878 3449 5883 ‘

2108 5667 2219 5721 que
2267 5649 2510 5705 civitatis
2569 5669 2583 5704 :
