3990 6452
274 370 368 431 353

1221 351 1822 415 ECCLESIASTIC.‘E
1863 352 2252 439 llib'l‘tingFi
2296 356 2443 413 LIB.
2498 357 2597 416 IX.

3426 357 3533 421 354

277 503 355 538 τον
382 475 464 552 ἦν.
500 475 681 547 Ὠφθη
711 475 806 530 καλ⁵
838 474 947 545 γὰρ
992 471 1055 561 τί)
1080 471 1334 540 σημεῖον,
1366 467 1532 537 ἡνίκα
1573 466 1684 518 τῶν
1716 463 1843 518 καθ’

1950 468 2110 535 quasi
2142 469 2455 540 prodigiqu
2489 470 2736 526 exhibita
2768 486 2894 525 esse
2927 470 3221 525 dicebatur
3254 486 3287 525 a
3318 474 3532 539 peritis,

280 573 537 643 Ἕσπέραν
555 569 926 639 ’Βρετανίωνος
955 558 1051 618 καὶ
1072 560 1414 631 Μαγνεντίου
1442 558 1723 629 τυράννων
1740 573 1839 609 πε-

274 666 548 740 ριεγένετο,
590 661 691 730 τῆς
722 661 923 714 ἐκεῖσε·
944 654 1221 724 πονούσης
1252 651 1517 724 στρατιᾶς
1544 649 1754 704 ἐκεῖθεν
1772 652 1837 719 τῇ

275 757 542 830 περιουσίᾳ
569 756 669 825 τῆς
696 754 888 821 αίγλης
910 748 1504 819 καταστραπτομένης,
1535 745 1632 797 καὶ
1659 744 1720 796 τὸ
1745 760 1845 813 ση-

279 854 408 921 μεῖον
441 848 681 918 ὁρώσης.
718 845 782 897 Ὀ
806 844 914 913 γὰρ
946 841 1295 927 Μαγνέντιος
1318 838 1420 909 τὴν
1451 837 1842 907 πρεσϐυτέραν

269 942 662 1015 χειρωσάμενος
727 937 974 1005 Ῥώμην,
1006 936 1074 987 τὰ
1103 931 1368 986 πάνδεινα
1416 929 1678 1001 ἔπραττε,
1711 929 1843 980 πολ-

270 1034 381 1097 λοὺς
418 1050 476 1085 τε
517 1032 616 1099 τῆς
666 1030 979 1097 συγκλήτου
1025 1026 1239 1097 ἀνῄρει,
1271 1025 1372 1078 καὶ⁹
1401 1022 1495 1075 τὸν
1520 1022 1694 1091 δῆμον
1727 1021 1842 1072 διέ-

270 1128 499 1195 φθειρεν.
546 1123 635 1186 Ὠς
672 1122 727 1175 δὲ
780 1120 920 1187 ἔγνω
955 1120 1055 1188 τὴν
1104 1117 1369 1184 στρατιὰν
1420 1113 1841 1167 Κωνσταντίνου

270 1221 485 1286 ἄγχιστα
526 1209 690 1277 εἶναι,
740 1213 939 1280 μικρὸν
974 1212 1360 1280 ὑποχωρήσας,
1420 1205 1558 1273 πρὸς
1607 1203 1840 1265 Γαλλίας

264 1308 445 1378 ἐχώρει
472 1307 561 1360 διὰ
586 1306 697 1358 τῶν
737 1305 980 1357 Ἰούλιων
1011 1302 1292 1356 Ἀλπεων.
1329 1299 1500 1351 Δῐοδοι
1531 1297 1589 1351 δέ
1619 1297 1761 1348 εἰσιν
1786 1297 1841 1348 αἱ

268 1395 488 1456 Ἄλπεις
523 1393 729 1457 στεναὶ,
771 1392 1051 1459 μεγίστων
1085 1389 1229 1458 ὁρῶν
1276 1386 1620 1455 ἑκατέρωθεν
1655 1385 1747 1452 ὑφ’
1782 1380 1841 1436 ἒ)

264 1485 448 1556 χωρίον
478 1486 646 1551 ἐγγὺς
679 1483 777 1536 τοῦ
808 1468 1263 1550 συμπτύσσεσθαι
1298 1477 1743 1545 συγ-κλειομένων
1762 1493 1777 1509 ο
1806 1473 1842 1528 ἃ

262 1578 320 1646 δὴ
357 1577 614 1646 ἑμφερεῐς
654 1577 762 1628 είσι
795 1575 910 1636 τοῖς
946 1576 1006 1626 ὲν
1058 1570 1448 1642 Θερμοπύλαις
1494 1570 1724 1629 στενοῖς.
1776 1566 1842 1619 Ai

268 1669 354 1735 μὲν
383 1665 476 1721 οὖν
537 1667 756 1720 Ἰούλιαι
794 1666 1026 1726 ’Ἄλπεις
1076 1664 1177 1726 τὰς
1226 1662 1460 1725 Γαλλίας
1484 1661 1593 1714 τῶν
1622 1659 1845 1713 Ἰταλῶν

260 1760 581 1830 διορίζουσιν
611 1776 624 1790 ’
654 1760 713 1812 αἱ
758 1758 814 1811 δὲ
847 1757 1081 1819 ’Ἄλπεις
1119 1755 1177 1809 αἳ
1212 1754 1511 1808 καλοῦνται
1541 1752 1843 1813 Σουσάκεις

263 1849 456 1918 μεταξὺ
491 1849 696 1912 Δακίας
722 1852 815 1903 καὶ
847 1847 1075 1917 Θρᾴκης
1113 1845 1242 1899 είσί.
1277 1845 1497 1914 Συχνῶς
1545 1842 1680 1911 γοῦν
1711 1843 1843 1895 ἑκα-

263 1941 423 2011 τέρων
472 1940 898 2011 προσϐαλόντων
930 1940 1041 1992 τῶν
1074 1937 1534 2007 στρατευμάτων,
1570 1934 1703 1987 ποτὲ
1744 1932 1844 2002 μὲν

260 2033 419 2096 οὗτοι,
448 2036 588 2087 ποτὲ
614 2033 661 2086 δ’
697 2035 896 2087 ἐκείνοι
927 2030 1327 2104 περιεγίνοντο.
1365 2029 1641 2082 ’Υστατον
1670 2025 1713 2079 δ’
1746 2028 1843 2096 ἠτ-

264 2127 433 2194 τηθεὶς
462 2127 831 2194 Μαγνέντιος,
873 2123 1002 2192 περί
1052 2141 1105 2176 τι
1139 2122 1404 2193 φρούριον
1433 2122 1533 2189 τῆς
1568 2119 1842 2179 Γαλατίας

260 2220 589 2287 κατέφυγενο
641 2218 874 2288 Μούρσα
926 2213 996 2287 ἧν
1040 2215 1190 2283 αὑτῴ
1230 2214 1423 2283 ὄνομα.
1458 2212 1635 2264 Ὅπου
1688 2209 1753 2279 δὴ
1783 2210 1845 2261 τὸ

261 2310 556 2379 ἀδημονοῦν
595 2311 696 2379 τῆς
728 2309 1022 2378 στρατείας
1077 2306 1317 2359 διαλύειν
1352 2305 1717 2371 πειρώμενος,
1750 2300 1846 2351 καὶ

260 2404 697 2473 παρασκευάζειν
721 2403 969 2471 θαρρεῖν,
1001 2402 1126 2452 ἐπεὶ
1162 2400 1418 2452 κάκεῖνον
1451 2396 1723 2464 εὐφημεῖν
1754 2387 1843 2444 οἷα

260 2493 372 2555 ἔθος
412 2492 734 2563 βασιλεῦσιν
768 2493 957 2562 ἐχρῆν,
996 2492 1299 2560 ἠλέγχοντο
1336 2490 1436 2557 οὐχ
1485 2487 1705 2547 ἑκόντες
1739 2483 1845 2536 Αὕ-

260 2598 474 2648 γουσιον
518 2581 902 2634 Κωνστάντιον
935 2580 1059 2632 ἀντὶ
1093 2577 1440 2647 Μαγνεντίου
1474 2575 1847 2645 ἀναγορεύον-

255 2692 364 2737 τες.
404 2674 694 2727 Ἐντεῦθεν
745 2674 925 2738 συνεὶς
954 2674 1161 2734 ἐκεῖνος
1196 2670 1273 2742 μὴ
1319 2672 1383 2723 ἐκ
1425 2669 1563 2722 Θεοῦ
1592 2671 1654 2721 τε)
1691 2669 1849 2738 βασι-

256 2767 426 2823 λεύειν
454 2767 704 2822 δεδόσθαι
727 2766 901 2836 αὐτῷ,
932 2766 991 2819 τδ
1009 2764 1276 2835 φρούριον
1315 2762 1625 2827 ἀπολιπὼν,
1658 2763 1848 2830 πρόσω

255 2861 531 2930 ἠπείγετο.
556 2860 801 2913 Κατόπιν
827 2859 884 2912 δὲ
901 2861 1001 2927 τῆς
1033 2857 1298 2927 στρατιᾶς
1331 2855 1716 2907 Κωνσταντίου
1749 2870 1848 2906 κα-

254 2950 687 3021 τασπευδούσης,
722 2951 880 3019 μόνος
914 2946 1221 3015 διαφυγὼν,
1254 2947 1334 3008 εἰς
1367 2943 1702 3010 Λουγδοῦνον
1748 2944 1848 2995 πό-

253 3046 332 3097 λιν
375 3045 794 3113 ἁποδιδράσκει.
832 3042 1075 3095 Κάκεῖσε
1122 3040 1215 3092 τὸν
1244 3039 1479 3104 ἀδελςὸν
1526 3040 1585 3090 ὲν
1630 3036 1847 3098 εὐνοίας

1946 566 2005 608 ut
2027 573 2148 626 quae
2173 558 2478 628 antiquitus
2515 560 2570 613 in
2600 559 2771 613 sacris
2803 576 3065 629 eitpressa
3103 569 3251 613 esset
3288 558 3529 612 Lillel‘ls.

1946 648 2310 717 Splendidum
2347 651 2450 705 hoc
2485 660 2540 704 et
2575 651 2955 705 venerandum
2986 651 3391 720 spectaculum,
3430 653 3533 722 ipsi

1944 740 2166 809 quoque
2200 741 2467 795 exercitui
2510 759 2616 796 non
2651 743 2756 796 fuit
2785 743 3048 817 invisum.
3077 744 3349 812 Apparuit
3376 761 3504 798 nam

1944 841 2053 896 que
2107 828 2327 897 signum
2378 828 2473 893 id,
2528 830 2649 883 mm
2708 833 3008 900 imperator
3058 833 3126 886 ad
3177 830 3533 886 Occidentem

1947 919 2365 974 Britannionem
2393 928 2446 976 et
2479 923 2848 993 Magnentium
2880 934 3146 994 tyrannos
3168 923 3489 978 devinceret
3519 942 3530 977 :

1946 1011 2040 1065 ubi
2084 1013 2360 1066 exercitus
2408 1016 2558 1066 vario
2598 1015 2785 1068 labore
2819 1015 3081 1085 fatigatus
3117 1016 3220 1085 il),
3261 1017 3529 1068 miraculo

1949 1114 2101 1159 tanto
2130 1107 2267 1169 viso,
2308 1107 2580 1160 immensa
2615 1108 2734 1178 ejus
2767 1109 2889 1162 lucc
2921 1110 3139 1164 adlatus
3185 1121 3241 1165 et
3268 1111 3535 1164 lustratus

1944 1207 2050 1248 est.
2093 1193 2228 1248 Nam
2262 1196 2628 1267 Magnentius,
2658 1199 2830 1252 veteri
2868 1196 3042 1253 Roma
3076 1182 3259 1268 capta,
3297 1204 3538 1270 graviter

1947 1287 2025 1341 ibi
2052 1290 2332 1351 saeviebat,
2361 1301 2417 1344 et
2448 1296 2652 1344 multos
2681 1307 2747 1345 ex
2798 1300 2990 1346 senatu
3023 1301 3189 1361 atque
3222 1292 3335 1360 ipsa
3365 1293 3535 1345 etiam

1949 1381 2109 1450 plebe
2168 1382 2474 1437 crudeliter
2523 1385 2776 1439 necabat.
2830 1385 2933 1440 Ubi
2987 1395 3173 1438 autem
3223 1383 3538 1439 Constantii

1946 1474 2250 1530 exercitum
2287 1477 2488 1531 adesse
2529 1477 2811 1547 cognovit,
2848 1478 3054 1532 cedens
3080 1477 3266 1539 istinc,
3300 1476 3535 1529 Galliam

1946 1580 2047 1635 per
2076 1567 2242 1634 Alpes
2265 1567 2436 1621 Julias
2468 1568 2648 1637 petiit.
2678 1568 2754 1622 ita
2782 1570 2931 1623 enim
2957 1577 3324 1638 perangustus
3357 1575 3538 1620 trans-

1948 1660 2060 1713 itus
2098 1660 2325 1727 dicitur,
2368 1662 2655 1716 altissimis
2700 1678 2769 1717 ex
2843 1672 3082 1730 utraque
3132 1671 3288 1729 parte
3328 1661 3535 1713 monti-

1950 1752 2057 1807 bus
2095 1753 2148 1806 in
2178 1753 2364 1808 locum
2400 1770 2593 1818 tinum,
2627 1763 2685 1809 ut
2732 1770 2902 1823 pmpe
2932 1754 3359 1823 complicentur,
3406 1768 3538 1807 coe-

1948 1844 2222 1907 untibus,
2289 1845 2568 1915 angustiis
2630 1861 2753 1914 quae
2826 1847 2878 1898 in
2948 1845 3340 1915 Thermopylis
3406 1852 3538 1897 sunt

1948 1951 2215 2006 perquam
2241 1938 2474 1992 similes.
2504 1938 2569 1993 Et
2596 1939 2765 2009 Alpes
2788 1939 3013 2007 quidem
3041 1937 3202 1992 Iuliae
3229 1936 3435 1992 Callias
3465 1939 3536 1992 ab

1948 2031 2103 2087 italia
2155 2032 2430 2088 dividunt.
2486 2035 2619 2100 Quae
2680 2050 2815 2088 vero
2872 2043 3146 2088 vocantur
3196 2034 3538 2089 Susacenses

1947 2127 2146 2195 Alpes,
2183 2122 2331 2180 inter
2366 2125 2585 2180 Daciam
2624 2134 2679 2181 et
2717 2126 3009 2180 Thraciam
3042 2136 3194 2181 sunt.
3232 2127 3407 2180 Porro
3441 2127 3537 2181 ubi

1948 2220 2243 2287 aliquoties
2292 2219 2442 2273 acies
2490 2220 2634 2273 inter
2671 2233 2731 2274 se
2782 2234 3142 2283 concurrere,
3196 2230 3252 2274 et
3284 2237 3433 2275 nunc
3477 2221 3536 2275 hi

1949 2324 2099 2363 nunc
2133 2298 2211 2364 illi
2247 2311 2440 2379 praelio
2473 2312 2799 2378 superiores
2834 2312 3010 2377 fuere,
3043 2324 3325 2382 pustremo
3354 2314 3539 2366 victus

1949 2403 2295 2474 Magnentius
2327 2405 2393 2459 ad
2442 2404 2679 2459 Mursam
2714 2406 2789 2476 (‘2)
2839 2405 3030 2460 Galliae
3078 2406 3367 2460 castellum
3404 2422 3535 2474 pro-

1949 2495 2112 2566 fugit.
2142 2496 2264 2562 Quo
2295 2497 2417 2551 loco
2449 2498 2639 2565 copias
2677 2512 2808 2551 suas
2832 2513 2961 2551 casu
2994 2513 3061 2552 eo
3103 2500 3382 2567 perculsas
3418 2498 3539 2550 ani-

1950 2605 2136 2656 mare,
2172 2599 2229 2643 et
2262 2589 2331 2643 ad
2365 2588 2746 2643 fortitudinem
2779 2602 2943 2659 atque
2985 2589 3244 2643 fiduciam
3290 2592 3536 2643 excitare

1948 2691 2182 2736 conatus
2236 2692 2343 2736 est.
2394 2681 2531 2736 Cum
2583 2691 2768 2735 autem
2816 2691 2872 2735 et
2915 2681 3046 2751 ipsae
3095 2682 3320 2734 militari
3377 2698 3535 2735 more

1950 2774 2352 2829 acclamatione
2384 2790 2482 2828 sua
2520 2775 2597 2829 illi
2633 2786 2692 2829 ut
2720 2774 3048 2843 imperatori
3078 2774 3259 2829 fausta
3293 2775 3537 2829 ominari

1949 2868 2255 2933 deberent,
2293 2869 2377 2923 vel
2427 2870 2611 2924 invita:
2647 2887 2746 2939 pro
2785 2870 3104 2941 Magnentio
3145 2870 3535 2927 Constantium

1950 2960 2260 3031 Augustum
2298 2962 2746 3032 promulgarunt.
2779 2964 2934 3020 Unde
2967 2965 3059 3018 ille
3091 2966 3383 3034 imperium
3426 2965 3535 3019 sibi

1952 3068 2062 3107 non
2096 3066 2216 3108 esse
2250 3070 2280 3107 a
2328 3053 2436 3108 Deo
2470 3054 2710 3108 delatum
2744 3053 3016 3108 intellexit
3063 3071 3077 3107 :
3115 3063 3171 3108 et
3202 3055 3429 3109 castello
3464 3069 3536 3109 co

251 3137 428 3207 τρόπῳ
474 3136 640 3205 δῆθεν
674 3133 1061 3203 -αποσφᾶττει,
1120 3130 1393 3200 πολεμίας
1452 3129 1839 3199 προαρπάζων

1951 3150 2241 3210 derelicto,
2279 3148 2510 3203 ulterius
2536 3158 2621 3203 est
2656 3148 2960 3219 profeetus.
2999 3150 3202 3204 Verum
3243 3166 3366 3204 cum
3398 3164 3529 3205 eum

252 3225 461 3298 ὕϐρεως
491 3228 590 3280 καὶ
619 3228 823 3297 χειρὸς,
845 3224 904 3277 ὃν
929 3225 1184 3293 Καίσαρα
1211 3223 1484 3293 πρότερον
1522 3221 1841 3289 πεποιήκει,

252 3315 373 3376 εἷτα
392 3322 491 3390 τὴν
525 3322 738 3389 μητέρα
760 3335 774 3348 ·
803 3318 999 3369 ἔπειτα
1032 3317 1090 3368 δὲ
1123 3318 1215 3368 καὶ
1244 3316 1295 3368 εί
1319 3329 1401 3375 τις
1430 3311 1589 3375 ἄλλος
1627 3312 1736 3364 τῶν
1768 3312 1849 3363 οἰ-

252 3416 548 3467 κειοτάτων
590 3414 793 3482 παρῆν.
849 3409 1174 3463 Τελευταίον
1232 3409 1288 3459 δὲ
1336 3408 1397 3460 τὸ
1453 3405 1605 3474 ξίφος
1664 3403 1848 3474 ἐαυτῷ

253 3506 593 3576 ὑποστήσας,
617 3504 946 3575 ὲπηρῤἁχθη
969 3519 1029 3554 τε
1060 3501 1253 3565 αὑτοῦ,
1290 3502 1387 3552 καὶ
1413 3500 1682 3561 διελὰθεὶς
1704 3500 1851 3552 κατὰ

253 3600 311 3653 τὸ
341 3603 713 3669 μετάφρενον,
756 3596 1036 3665 ἐξέψυξεν,
1085 3593 1196 3648 οὐδ’
1233 3595 1331 3647 ὅλα
1364 3595 1607 3662 τέσσαρα
1650 3610 1849 3662 τυραν-

254 3696 421 3763 νήσας
465 3695 590 3761 ἔτη.
636 3691 852 3761 Μικρὸν
902 3691 959 3742 δὲ
1006 3688 1258 3759 ὕστερον,
1299 3689 1396 3742 καὶ
1437 3686 1494 3750 ὃς
1545 3687 1733 3755 ἕτερος
1779 3682 1848 3757 ἦν

255 3787 675 3858 αὑτῷἀδελφὺς,
706 3788 987 3844 Δεκὲννιος
1018 3783 1208 3851 ὄνομα,
1242 3781 1416 3852 ἀγχόῃ
1440 3779 1536 3832 τοῦ
1573 3781 1689 3850 βίου
1723 3782 1850 3833 ἑαυ-

254 3879 341 3931 τὸν
390 3880 769 3947 ὑπεξῂγαγεν.
810 3876 956 3929 Ἀλλ’
991 3878 1111 3928 οὐδὲ
1145 3875 1320 3935 οὕτως
1354 3877 1408 3926 αἱ
1441 3875 1683 3942 ταραχαὶ
1713 3873 1849 3926 ἀπέο

253 3972 408 4025 λιπον
435 3977 506 4025 τὰ
540 3972 954 4036 κοινά..Ἒτερος
986 3974 1094 4039 γὰρ
1126 3969 1289 4030 εὐθὺς
1326 3967 1619 4038 τύραννος,
1651 3966 1850 4018 Σιλϐα-

252 4068 335 4129 νὸς
366 4067 566 4135 δνομα,
606 4067 734 4132 περὶ¹
775 4065 899 4124 τοὺς
922 4052 1069 4129 πρὸς
1118 4060 1269 4112 δύσιν
1304 4059 1551 4121 Γαλάτας
1584 4055 1719 4129 ἦρτο
1741 4075 1754 4088 ·
1790 4058 1848 4111 ὃν

255 4161 351 4213 οὐκ
383 4160 623 4213 ἐπιπολὺ
645 4157 1018 4226 διαρκέσαντα
1044 4155 1095 4206 οἱ
1121 4157 1424 4224 στρατηγοὶ
1457 4152 1846 4205 Κωνσταντίου

258 4253 595 4322 διέφθειραν.
634 4252 708 4304 Οὐ
742 4253 852 4319 μὴν
891 4249 949 4301 δὲ
978 4247 1112 4300 ἀλλὰ
1149 4249 1244 4298 καὶ
1280 4246 1328 4297 oi
1364 4248 1419 4296 ὲν
1451 4244 1847 4314 Διοκαισαρεία

266 4343 828 4411 ἸουδιίοιῬωμαίοις
853 4341 1283 4402 ἐπαναστάντες,
1313 4339 1411 4390 καὶ
1437 4337 1525 4389 τὸν
1559 4337 1720 4403 ζυγὸν
1749 4338 1847 4405 τῆς

254 4438 497 4501 δουλείας
525 4439 979 4504 ἀποσεισάμενοι,
1015 4429 1154 4502 ἦραν
1183 4431 1345 4495 ὄ.;λα,
1383 4432 1477 4483 καὶ
1505 4431 1601 4501 τὴν
1637 4430 1842 4483 Παλαι-

257 4535 437 4601 στίνην
472 4534 570 4584 καὶ
606 4531 673 4580 τὰ
714 4528 875 4597 πέριξ
930 4527 1098 4595 αὐτῆς
1134 4526 1461 4594 κατέτρεχον
1509 4523 1842 4593 ληϊζόμενοι.
1876 4516 1923 4571 ι)
1955 4550 2017 4604 ιη

256 4624 386 4676 Καθ’
409 4619 487 4677 ὧν
518 4625 665 4691 μέγα
694 4622 887 4672 ανίστα
909 4620 1190 4688 τρόπαιον,
1223 4617 1394 4668 ἐπιὼν
1418 4616 1479 4679 ἐξ
1515 4615 1846 4685 Ἀντιοχείας

256 4714 381 4769 ἔνθα
410 4718 685 4782 ὁιετριῦεν
717 4715 744 4766 ὁ
778 4714 1160 4773 Κωνστὰντιος
1210 4709 1410 4769 ι’άιλος
1436 4725 1452 4741 σ
1484 4711 1578 4760 καὶ
1612 4710 1709 4777 τὴν
1753 4708 1849 4759 πό-

253 4806 332 4859 λιν
364 4809 555 4860 αὐτῶν
593 4809 656 4857 ἐκ
693 4805 913 4875 βάθρων
942 4806 1265 4874 ἁνέτρεπεν.
1311 4802 1468 4854 Οὕτω
1500 4801 1555 4853 δὲ
1582 4802 1705 4854 κατ’
1753 4803 1849 4854 αὖ-

257 4900 358 4951 τῶν
383 4903 721 4970 εὐτυχήσας,
750 4901 847 4969 τὴν
879 4899 1188 4969 εὐημερίαν
1218 4900 1319 4951 οὐκ
1344 4899 1581 4969 ἧνεγκεν
1609 4914 1624 4930 ο
1652 4916 1850 4951 νεωτε-

259 4995 424 5059 ρίζειν
461 4998 519 5047 οὲ
546 4998 640 5047 καὶ
670 4996 835 5052 αὐτὸς
863 4995 1047 5061 ἡρέμα
1077 4995 1410 5062 κατήρχετο,
1436 4993 1529 5044 καὶ
1564 4994 1847 5061 τυραννεῖν

257 5087 510 5153 ἐμελέτα.
533 5088 646 5139 Οὐκ
667 5090 742 5148 εἰς
769 5092 988 5157 μακρὰν
1014 5087 1068 5138 δὲ
1102 5090 1430 5157 κατάφωρος
1446 5086 1523 5156 τῷ
1560 5088 1849 5139 Κωνσταν-

256 5181 349 5246 τίῳ
387 5184 606 5247 εγενετο
628 5197 641 5210 ·
676 5182 912 5250 θράσους
945 5184 1051 5250 γὰρ
1081 5182 1321 5251 ἀμετρίᾳ
1345 5179 1596 5250 ληφθεὶς,
1629 5179 1718 5232 τὸν
1748 5182 1845 5249 τῆς

267 5270 436 5343 Ἕῲας
469 5275 713 5344 ἔπαρχον
739 5274 1087 5343 Δομετιανὸν,
1108 5273 1203 5326 καὶ
1225 5271 1317 5326 τὸν
1349 5272 1687 5342 κοιαίστωρα
1705 5273 1849 5325 Μόν-

258 5378 386 5427 τιον,
406 5367 532 5417 κατ’
565 5369 812 5432 ἐξουσίαν
840 5368 1040 5432 ἀνεῖλε,
1079 5368 1156 5436 μὴ
1187 5365 1264 5435 τῷ
1294 5366 1511 5435 βασιλεῖ
1540 5367 1637 5427 τὰς
1663 5365 1846 5428 αἰτίας

266 5459 511 5525 μηνύσας
551 5461 649 5529 τῆς
683 5462 1047 5529 ἀναιρέσεως.
1092 5458 1185 5523 Ἐξ
1216 5455 1281 5531 ἦς
1318 5460 1505 5522 αἰτίας
1544 5460 1640 5511 καὶ
1669 5457 1846 5511 ἄλλων

263 5553 757 5623 συνεπιρῤυέντων,
811 5556 1031 5624 θανάτῳ
1088 5552 1182 5606 τὸν
1234 5553 1501 5624 ὑϐριστὴν
1569 5549 1846 5621 μετελθεῖν

328 5739 404 5803 (ι)
438 5738 651 5796 ΡΓενΙὶἱδ
700 5744 820 5797 istis
868 5741 1014 5796 vires
1055 5741 1314 5795 ltoinanze
1345 5738 1459 5794 fere
1498 5752 1841 5807 consumptae

268 5818 411 5863 sunt.
436 5810 771 5866 Bellatorum
800 5814 945 5867 enim
980 5825 1379 5881 qumquaginta
1408 5823 1645 5879 quatuor
1678 5814 1845 5865 millia

1951 3242 2263 3299 Constantii
2299 3244 2581 3297 exercitus
2611 3259 2808 3314 magna
2845 3244 3131 3299 celeritate
3173 3260 3538 3314 persequere-

1953 3348 2062 3399 tur,
2095 3340 2246 3391 solus
2278 3336 2599 3405 profugiens
2628 3337 2683 3390 in
2718 3338 2911 3390 urbem
2941 3336 3369 3406 Lugdunensem
3407 3353 3541 3408 per-

1952 3430 2125 3485 venit.
2185 3430 2364 3498 Atque
2411 3429 2485 3482 ibi
2532 3427 2756 3483 fratrem
2800 3429 3171 3491 besiderium,
3218 3444 3317 3497 per
3364 3428 3538 3484 bene-

1951 3524 2209 3578 volentia:
2235 3539 2455 3578 causam
2493 3523 2730 3587 scilicet,
2760 3533 2814 3576 ut
2844 3539 2971 3577 eum
3003 3523 3245 3578 hostium
3280 3523 3539 3577 manibus

1948 3624 2005 3669 et
2042 3615 2263 3686 injuriis
2301 3616 2569 3685 eriperet.
2609 3614 2810 3669 deinde
2850 3625 3105 3681 matrem,
3141 3624 3329 3684 postea
3361 3617 3531 3670 etiam

1950 3709 1997 3763 si
2035 3711 2160 3778 quis
2185 3725 2251 3762 ex
2285 3705 2619 3780 propinquis
2653 3709 2771 3763 suis
2800 3709 2943 3763 alius
2972 3709 3212 3775 adesset,
3239 3709 3537 3780 iugulavit.

1950 3798 2115 3872 758
2150 3801 2212 3855 Et
2246 3804 2465 3856 tandem
2501 3803 2555 3855 in
2601 3801 2845 3872 gladium
2895 3803 3001 3856 sibi
3042 3803 3145 3871 ipsi
3194 3804 3533 3858 intentatqu

1949 3894 2306 3958 incumbens,
2330 3894 2496 3948 dorso
2520 3894 2685 3948 etiam
2713 3895 2835 3962 ipso
2859 3898 3134 3963 perfosso,
3165 3895 3333 3949 vitam
3367 3896 3536 3963 finiit,

1950 4005 2076 4043 cum
2128 4006 2238 4044 non
2288 3999 2436 4045 totos
2482 4001 2725 4060 quatuor
2762 4006 2936 4045 annos
2983 3992 3273 4060 tyrannide
3326 3994 3538 4059 potitus

1947 4094 2117 4137 esset.
2142 4082 2312 4136 Paulo
2352 4082 2558 4137 deinde
2588 4092 2733 4152 post,
2775 4083 2870 4152 qui
2917 4083 2966 4136 ei
3011 4084 3152 4136 alter
3186 4094 3306 4138 erat
3337 4084 3534 4145 frater.

1948 4175 2262 4229 Deccnuius
2321 4173 2506 4229 Caesar
2554 4175 2622 4228 ab
2678 4175 2801 4243 ipso
2854 4174 3058 4238 dictus,
3110 4176 3309 4244 laqueo
3368 4178 3535 4231 etiam

1949 4268 2190 4338 seipsum
2224 4267 2526 4322 interemit.
2579 4266 2687 4321 Sed
2738 4266 2889 4320 enim
2931 4281 3000 4321 ne
3030 4267 3112 4321 sic
3151 4267 3373 4336 quidem
3422 4284 3539 4323 rcs—

1947 4361 2181 4431 publica:
2206 4369 2411 4430 pacata:
2443 4360 2619 4413 fuere.
2659 4358 2858 4413 Statim
2890 4358 3035 4412 enim
3073 4368 3341 4430 tyrannus
3369 4361 3535 4423 alius,

1946 4452 2171 4508 neruine
2205 4451 2500 4521 Sylvanus,
2534 4450 2679 4519 apud
2702 4449 3092 4505 Occidentales
3148 4450 3333 4507 Gallos
3359 4456 3536 4507 exsti-

2059 4566 2072 4601 :
2117 4560 2280 4616 quem
2321 4560 2431 4598 non
2469 4544 2543 4597 ita
2581 4545 2674 4596 diu
2720 4560 2807 4597 res
2844 4544 3534 4610 turbantem,Constantii

1952 4642 2122 4696 duces
2152 4641 2511 4694 interemcrc.
2539 4638 2839 4694 Enimvero
2867 4637 3040 4693 Judaei
3071 4654 3293 4708 quoque
3329 4641 3536 4696 Dioce-

1950 4755 2121 4794 sare.e
2172 4738 2438 4792 Romanis
2492 4736 2865 4802 rebellantes,
2904 4745 2961 4791 et
3010 4738 3297 4792 servitutis
3340 4738 3539 4809 jugunt

1950 4831 2293 4888 excutientes
2339 4846 2491 4883 arma
2541 4844 2873 4898 sumpsere,
2908 4837 2963 4882 et
3010 4827 3359 4884 Palaestinam
3399 4830 3537 4886 vici-

1950 4937 2161 4990 nasque
2187 4922 2239 4973 in
2265 4920 2503 4973 circuitu
2533 4935 2784 4989 regiones
2809 4930 3204 4989 percurrentes
3223 4933 3531 4978 vaSIarum.

1952 5014 2159 5069 Contra
2202 5028 2342 5082 quos
2375 5028 2441 5067 ex
2492 5013 2808 5077 Antiochia,
2847 5013 2940 5068 ubi
2990 5014 3208 5078 agebat,
3251 5017 3539 5084 profectus

1953 5118 2038 5163 est
2084 5105 2447 5162 Constantius
2474 5103 2687 5171 Gallus,
2724 5107 2919 5174 eisque
2949 5109 3228 5177 superatis
3267 5120 3535 5177 tmpatum

1951 5202 2141 5270 ingens
2188 5199 2401 5259 statuit,
2451 5210 2510 5253 et
2562 5201 2752 5252 urbem
2804 5216 3001 5255 eorum
3052 5216 3116 5255 ex
3169 5200 3301 5270 ipsis
3335 5202 3537 5256 funda-

1952 5293 2154 5348 mentis
2186 5293 2382 5345 diruit.
2419 5290 2524 5344 Sed
2555 5292 2707 5345 cnim
2742 5295 2909 5347 rebus
2938 5293 3171 5349 feliciter
3198 5296 3388 5362 gestis,
3414 5295 3535 5347 for-
3569 5351 3575 5357 ,

1951 5398 2137 5440 tunam
2164 5384 2534 5439 blandientem
2560 5374 3093 5455 prosperitatemque
3118 5401 3238 5440 eam
3259 5402 3365 5440 non
3394 5387 3538 5441 bene

1952 5474 2079 5527 tulit
2109 5490 2123 5526 :
2155 5489 2280 5526 nam
2310 5482 2365 5527 et
2394 5473 2510 5541 ipse
2543 5474 2610 5527 ad
2640 5489 2728 5528 res
2758 5491 2927 5529 novas
2957 5477 3210 5544 aspirare
3250 5486 3305 5530 et
3354 5486 3538 5546 tyran-

1950 5566 2137 5621 nidem
2197 5565 2453 5621 meditari
2499 5568 2691 5636 C(Bpll.
2745 5566 2850 5622 Sed
2910 5566 3065 5622 brevi
3125 5576 3360 5623 conatus
3411 5568 3538 5639 ejus

1954 5739 2193 5810 petiere.
2231 5736 2420 5810 Orns.,
2458 5740 2685 5809 Eutrop.

2028 5812 2102 5882 (“2}
2142 5812 2220 5862 Ad
2256 5809 2537 5875 Mut‘tiUttt,
2568 5810 2763 5880 Egttal.
