3990 6504
416 321 525 385 355
1641 317 2067 380 NICEPHORI
2109 316 2463 381 CALLISTI
3634 313 3745 381 356

415 438 708 493 manifesto
738 440 1013 510 comperit
1040 438 1422 496 Constantius.
1455 438 1745 511 Siquidem
1774 439 1866 495 ille
1900 454 1991 508 per

2168 439 2388 507 ςειρᾶτο.
2409 439 2525 495 Καὶ
2550 437 2851 509 περιοργὴς
2882 436 3150 504 γεγονὼς,
3170 434 3327 507 πρδς
3362 434 3578 489 ἑαυτὸν
3616 453 3744 506 μετ-

414 532 683 587 eﬂrenem
735 532 1022 588 audaciam
1076 530 1322 588 Orientis
1366 532 1689 602 praefectum
1740 530 1990 586 Domitia-

2171 530 2410 586 τέλλετο.
2440 529 2499 586 Ὀ
2524 530 2569 584 δ’
2594 530 2700 584 οὐκ
2725 530 2817 585 ἐπ’
2846 528 3039 600 ἀγαθῷ
3069 529 3170 599 τὴν
3193 527 3568 599 μετάκλησιν
3604 543 3747 597 συμ-

416 638 550 676 num
590 632 643 678 et
697 634 1026 693 qua-storem
1078 623 1346 679 Montium
1387 623 1683 693 (l)suapte
1733 630 1992 693 potestate

2168 622 2346 688 ὶλλων,
2374 622 2633 686 δεδοικὼς
2662 621 2709 676 δ’
2738 622 2890 693 ὅμως
2918 621 3017 676 καὶ
3041 621 3190 675 ἄκων
3212 619 3429 691 ἀπῄει,
3463 618 3572 689 τὴν
3600 618 3744 674 ἰδίαν

418 715 659 780 necavit,
692 716 858 771 czedis
898 716 1018 786 ejus
1050 731 1215 770 causa
1260 716 1585 786 imperatori
1630 730 1742 769 non
1790 713 1994 786 signiﬁ-

2166 719 2364 791 ιμετὴν
2413 706 2806 772 Κωνσταντίαν
2841 714 3181 787 προπέμψας
3229 713 3742 785 πρεσϐεύσουσαν.

421 815 564 861 cata.
593 806 728 873 Quae
762 824 851 863 res
883 809 1119 878 aliaque
1155 810 1384 879 insuper
1415 808 1483 863 ad
1509 823 1634 863 eam
1671 806 1997 862 accedentes

2167 810 2266 864 me
2310 812 2344 879 ἡ
2379 809 2481 880 μὲν
2504 807 2707 873 ὲνόδιος
2741 805 3015 879 ἐπεσχέθη
3059 805 3311 873 Θανάτῳ.
3346 804 3666 857 Συνείπετο
3698 802 3743 856 δ’

418 896 693 964 effecere,
744 906 807 953 ut
868 900 1170 969 imperator
1218 914 1384 963 eum,
1442 905 1503 953 ut
1551 896 1656 953 sibi
1710 895 1994 966 injurium,

2170 906 2303 974 ιείνῳ
2332 903 2428 957 καὶ⁵
2458 901 2721 971 Θεόφιλος
2759 903 2788 955 ὁ
2826 899 3012 964 Ἰνδὸς,
3050 899 3183 970 περὶ
3212 890 3279 951 οὗ
3325 898 3548 968 μικρὸν
3580 895 3746 948 ὕστε-

419 991 696 1044 sublatum
730 989 917 1048 vellet.
966 989 1031 1044 Et
1070 991 1154 1046 ira
1192 991 1479 1052 incitatus,
1519 990 1585 1045 ad
1625 1003 1685 1044 se
1713 1004 1841 1045 eum
1872 1003 1995 1042 evo-

2159 1014 2207 1050 w
2251 994 2510 1067 ἐροῦμεν.
2541 994 2723 1065 Συνῆν
2769 994 2880 1065 γὰρ
2933 992 3101 1064 μίσος
3135 993 3260 1055 ταῖς
3310 989 3466 1061 πρὸς
3525 989 3735 1044 Γάλλον

419 1085 586 1141 cavit.
622 1084 800 1154 Atque
840 1084 931 1140 ille
972 1085 1030 1139 in
1064 1083 1401 1140 deteriorem
1439 1095 1652 1155 partem
1686 1098 1809 1140 eam
1841 1098 1995 1138 voca-

2164 1088 2208 1141 ti.
2238 1088 2627 1142 Κωνστάντιον
2656 1086 2975 1155 συνθήκαις,
3002 1086 3164 1157 ἡνίκα
3194 1085 3440 1154 Καῖσαρ
3476 1098 3740 1152 κεχειρο-

422 1175 628 1230 tionem
655 1174 772 1230 ﬁeri
796 1175 1134 1246 suspicatus,
1161 1174 1381 1244 sibique
1406 1187 1697 1244 propterea
1724 1183 1998 1235 metuens.

2165 1179 2324 1250 ἱνητο,
2355 1178 2596 1249 συνέχων
2621 1177 2803 1232 αὐτῶν
2831 1176 2931 1247 τὴν
2982 1177 3259 1246 ὁμόνοιαν.
3299 1173 3643 1244 Γυμνωθεὶς
3686 1176 3741 1228 δι

418 1268 586 1323 etiam
617 1268 828 1324 invitus
861 1268 1146 1339 profectus
1178 1278 1286 1331 est,
1321 1283 1494 1322 uxore
1524 1283 1623 1322 sua
1653 1266 1994 1330 Constantia1

2162 1271 2212 1339 ἧς
2235 1269 2565 1341 ἁλουργίδος
2582 1271 2610 1323 δ
2627 1269 2832 1334 Γάλλος
2860 1269 2958 1323 καὶ
2984 1267 3127 1321 κατὰ
3147 1265 3402 1320 Φαλῶνα
3430 1265 3539 1334 τὴν
3568 1266 3738 1333 νῆσον

420 1373 544 1427 quae
583 1373 689 1427 pro
726 1372 794 1413 eo
846 1367 1189 1428 precaretur,
1240 1358 1543 1428 praemissa.
1596 1357 1671 1411 Ea
1707 1356 1764 1411 in
1804 1356 1996 1412 itinere

2166 1359 2404 1427 ινόμενος
2438 1359 2569 1428 περὶ
2593 1357 2738 1429 μέρη
2759 1356 2828 1428 δὴ
2854 1356 2926 1412 τὰ
2954 1356 3246 1429 Ἐσπέρια,
3271 1354 3618 1418 ἐπιϐουλαῖς
3639 1352 3742 1406 Εὐ-

420 1456 640 1502 mortua
690 1457 799 1504 est.
852 1447 911 1502 In
953 1450 1220 1504 comitatu
1260 1447 1400 1503 Galli
1456 1447 1799 1518 Theophilus
1837 1448 1996 1502 etiam

2165 1449 2295 1504 ;ϐίου
2316 1449 2410 1503 τοῦ
2433 1450 2693 1522 εὐνούχου
2718 1451 3030 1521 ἀναιρεῖται
3051 1466 3066 1481 ·
3090 1449 3481 1511 κελεύσαντος
3507 1449 3615 1519 μὲν
3643 1447 3741 1517 τὴν

419 1541 590 1597 Indus
612 1541 734 1606 fuit,
771 1542 841 1597 de
879 1558 988 1611 quo
1027 1557 1191 1612 supra
1219 1541 1478 1596 diximus.
1514 1540 1648 1594 Nam
1683 1539 1732 1594 is
1760 1539 1995 1594 medium

2164 1543 2397 1613 ραίρεσιν
2434 1543 2530 1598 τοῦ
2563 1544 2976 1609 Κωνσταντίου,
3008 1543 3310 1614 μεταμέλῳ
3343 1543 3406 1596 δὲ
3442 1541 3740 1612 χρησαμέ-

420 1648 483 1688 se
531 1634 675 1687 inter
705 1631 919 1689 Gallum
951 1643 1008 1688 et
1055 1633 1445 1688 Constantium
1490 1632 1738 1702 gerebat,
1771 1634 1996 1703 conjun-

2163 1652 2205 1687 »υ
2237 1636 2296 1699 ἐς
2346 1634 2598 1707 ὕστερον.
2630 1636 2770 1690 Μετ’
2804 1636 2985 1707 ὀλίγον
3017 1637 3076 1691 δὲ
3097 1637 3189 1690 τὸν
3230 1636 3470 1690 ἐκείνου
3501 1633 3739 1702 ἀδελφδν

422 1724 664 1778 ctiouem
713 1738 907 1777 eorum
955 1731 1010 1777 et
1059 1723 1415 1777 concordiam
1470 1721 1829 1788 conﬁrmans,
1881 1735 1998 1777 cum

2163 1729 2414 1783 ουλιανδν
2444 1731 2511 1784 ὲκ
2563 1730 2664 1794 τ’ἦς
2700 1731 2906 1793 Ἰωνίας
2961 1730 3518 1801 μεταπεμψάμενος,
3556 1745 3736 1798 χειρο-

422 1813 606 1870 Caesar
649 1814 835 1870 Gallus
883 1814 1300 1885 designaretur,
1356 1821 1414 1868 et
1458 1820 1616 1883 pacta
1670 1779 1887 1867 tierent.
1938 1811 1998 1866 At

2162 1824 2261 1874 wsi'
2290 1823 2567 1889 Καίσαρι.
2601 1779 2662 1878 τί
2696 1825 2794 1894 τῆς
2826 1779 3002 1894 ἀρχῆέ
3031 1779 3204 1894 βάρος
3230 1779 3405 1886 ίδιξιν,
3445 1779 3738 1891 {sine};

422 1902 634 1971 Gallus,
666 1907 920 1978 adempta
969 1907 1017 1961 ei
1058 1908 1302 1978 primum
1351 1920 1620 1982 purpura,
1654 1905 1805 1960 circa
1849 1905 1998 1961 Pbla-

2159 1913 2244 1977 ab;
2259 1914 2317 1966 ὲν
2335 1913 2539 1987 Γαλλίᾳ
2554 1915 2864 1987 βαρϐάρους
2881 1916 3203 1981 ἀπέστελλε,
3220 1917 3490 1986 ταραχῆς
3508 1912 3735 1984 ἔμπλεω

424 2016 624 2055 nonem
665 2000 742 2071 (2)
784 2000 1020 2054 insulam
1052 2000 1106 2054 in
1138 1998 1596 2055 Occidentalibus
1653 1998 1908 2070 partibus
1945 2016 2000 2056 ει

2159 2005 2189 2059 ὰ
2232 1990 2416 2059 ἐκεῖσε
2436 2008 2502 2078 δὴ
2550 2008 2928 2063 καθιστῶντα.
2948 2008 3110 2062 Ἀλλὰ
3136 2008 3263 2078 περὶ
3293 2008 3405 2078 μὲν
3435 2002 3735 2059 Ἰουλιανού

424 2090 646 2146 insidiis
687 2090 902 2146 Eusebii
927 2089 1172 2145 eunuchi
1217 2082 1529 2144 trucidatus
1557 2097 1663 2145 est.
1701 2088 1858 2156 Quod
1885 2091 2000 2162 qui-

2010 2123 2011 2131 ι
2124 2098 2184 2151 ἐν
2207 2101 2273 2171 τῇ
2306 2100 2507 2171 ἑφεξῆς
2540 2102 2754 2173 ἱστορία
2781 2103 2922 2171 πρὸς
2949 2101 3148 2156 λεπτὸν
3182 2101 3586 2171 διηγήσομαι.

424 2185 550 2240 dem
576 2186 650 2239 ita
678 2194 791 2239 tum
824 2184 938 2238 ﬂeri
966 2185 1134 2256 jussit
1162 2184 1526 2240 Constantius
1566 2201 1580 2238 :
1609 2194 1802 2255 postea
1835 2197 2021 2243 autem
2062 2206 2189 2246 eum
2220 2191 2349 2248 facti
2383 2195 2664 2265 paenituit.
2700 2196 2858 2252 Brevi
2894 2204 3018 2267 post
3057 2195 3287 2251 fratrem
3364 2194 3497 2264 ejus
3565 2190 3735 2246 Julia-

424 2293 559 2333 num
607 2293 673 2333 ex
718 2278 870 2333 lonia
918 2279 1181 2343 accitum,
1226 2277 1374 2348 quod
1423 2277 1647 2348 imperii
1725 2281 2058 2350 gravitatem
2100 2299 2288 2341 secum
2318 2290 2710 2358 perpenderet,
2740 2290 3010 2346 ϐαθεῖαι-ειη
3038 2290 3292 2345 creavit:
3363 2298 3423 2343 ct
3460 2286 3731 2340 adversus

426 2370 690 2426 barbaros
721 2368 776 2423 in
807 2371 1039 2427 Galliam
1085 2371 1256 2436 misit,
1295 2369 1391 2440 qui
1453 2385 1545 2425 res
1584 2371 1659 2426 ibi
1731 2373 2085 2433 turbulentas
2123 2390 2353 2448 pacaret
2378 2383 2859 2446 etﬁconstitueret.
2882 2383 3048 2455 759
3075 2384 3184 2441 Sed
3212 2383 3283 2440 de
3307 2382 3533 2440 Iuliani
3566 2380 3731 2436 rebus

427 2465 483 2520 in
522 2465 752 2522 historia
785 2465 1041 2537 sequenti
1072 2464 1390 2520 accuratius
1423 2464 1611 2520 omnia
1644 2480 2013 2537 exponemus.
2040 2480 2047 2487 '

962 2580 1190 2639 CAPUT
1234 2580 1481 2638 XXXIII.
2020 2614 2071 2646 κ.

2020 2614 2043 2623 κ
2065 2641 2071 2646 _
2700 2586 2952 2643 ΚΕΦΑΛ.
2984 2589 3107 2644 ΛΡ.

434 2683 502 2740 Ut
554 2682 727 2759 denuo
782 2678 974 2759 Arigui
1020 2677 1246 2759 synodos
1280 2675 1573 2758 Antiochia:
1602 2683 1676 2759 _et
1715 2673 2010 2759 ΔΜείίίοίαηί

2142 2678 2233 2743 Ὡς
2261 2678 2452 2759 ἐξομιξ·
2474 2682 2537 2759 ol_
2554 2678 2623 2759 ἦτε
2648 2680 2880 2748 Ἀρείου
2900 2683 3247 2759 Δσυνόδους
3280 2683 3359 2739 ἐν
3394 2687 3718 2759 Ἀντιοχείᾳ

500 2752 844 2823 celebrantes.
874 2748 1616 2823 Athanasiumoppugnarint
1636 2759 1655 2797 :
1678 2753 1727 2799 et
1752 2760 1869 2823 qua
1896 2762 2019 2800 cou-

2196 2749 2295 2803 καὶ
2319 2748 2717 2823 Μεδιολὰκοις
2751 2753 3093 2823 ποιοῦντες,
3145 2753 3278 2823 τρῖς
3311 2756 3455 2823 περὶ
3486 2748 3718 2811 Mod-rd.-

499 2823 629 2879 eilia
659 2822 724 2874 de
750 2820 1085 2891 perversione
1116 2817 1243 2884 ﬁdei
1276 2815 1622 2871 Cbuttantius
1653 2816 1872 2884 ceperit.

2195 2833 2339 2899 σιρν
2361 2815 2773 2899 πρλεμρῦντες
2796 2819 2966 2899 ﬂuat:-
2983 2841 2997 2854 ο
3028 2815 3126 2899 2g:
3152 2815 3418 2899 ola'asep—l
3450 2826 3720 2896 διαστρο-

2196 2887 2321 2959 φῆς
2350 2887 2463 2957 τῆς
2495 2887 2760 2958 πίστεως
2783 2887 3033 2961 ἐμελέτα
3056 2887 3524 2964 Κωνστάῦτιος.

503 3023 859 3097 Constantius
908 3037 1042 3077 cura
1097 3029 1153 3076 et
1191 3018 1444 3092 periculo
1483 3027 1844 3090 tyrannorum
1876 3018 2013 3074 lihe-

2198 3000 2582 3062 Κωνστὰντιος
2630 3003 2726 3055 καὶ
2777 3002 2878 3072 τῆς
2928 3004 3042 3056 τῶν
3090 3005 3387 3075 τυράννων
3439 3007 3718 3078 φροντίδος

431 3095 610 3185 ratus,
631 3117 783 3171 venit
816 3117 1080 3179 Romam,
1121 3113 1214 3166 ubi
1256 3111 1327 3166 de
1368 3111 1620 3183 tyrannis
1675 3112 2007 3182 triumphum

2141 3095 2482 3165 ἱπαλλαγεὶς,
2509 3100 2575 3151 ὲκ
2606 3099 2841 3169 Σιρμίου
2876 3101 3123 3172 ἀπάρας.
3168 3104 3312 3173 πρὸς
3351 3106 3460 3170 τὴν
3503 3104 3717 3170 Ῥώμην

433 3211 536 3267 δίινί
581 3206 852 3278 agendum
878 3220 1002 3260 esse
1027 3202 1204 3260 duxit.
1233 3203 1440 3258 Eodem
1478 3211 1727 3271 tempore
1778 3201 1844 3255 ad
1876 3216 2009 3256 con-

2140 3189 2371 3256 ιγένετο·
2402 3188 2538 3244 ὅπου
2563 3191 2627 3261 δὴ
2658 3192 2756 3245 καὶ
2778 3193 2871 3246 τὸν
2896 3195 3038 3248 κατὰ
3059 3197 3169 3248 τῶν
3195 3198 3495 3265 τυράννων
3525 3197 3716 3266 θρίαμ-

432 3301 676 3355 (ιοτιιὶίιιη
714 3297 990 3368 dogmatis
1018 3295 1336 3351 Orientales
1355 3295 1521 3349 simul
1549 3305 1606 3349 et
1630 3292 2008 3349 Occidentales

2140 3282 2218 3335 50v
2246 3282 2422 3337 τελεῖν
2469 3285 2621 3355 αὖτῷ
2677 3287 2775 3339 καὶ
2832 3289 3099 3356 κατάγειν
3149 3290 3409 3345 ἐδέδοκτο
3448 3291 3583 3348 δεῖν.
3634 3291 3716 3344 Ἐν

433 3397 745 3467 episcopos,
766 3391 928 3446 sicuti
951 3389 1200 3460 putabat,
1224 3387 1590 3453 adducturus,
1605 3388 1878 3457 synodum
1899 3388 2009 3456 cogi

2140 3374 2306 3467 ταυτῴ
2353 3374 2411 3429 δὲ
2467 3375 2789 3446 σύμφρονας
2845 3379 3111 3450 καθιστᾷν
3157 3383 3419 3452 οίόμενος
3472 3385 3606 3455 περὶ
3661 3383 3716 3434 τὸ

435 3465 493 3543 in
513 3487 665 3543 Italia
687 3484 973 3556 praecepit.
993 3481 1172 3538 Julius
1208 3491 1348 3546 tum,
1370 3480 1563 3551 viginti
1589 3481 1835 3550 quinque
1857 3480 2011 3534 annis

2138 3466 2301 3556 ςύγμα
2351 3469 2482 3531 τούς
2529 3486 2587 3522 τε
2639 3470 2737 3538 τῆς
2772 3471 2889 3525 Ἕω
2939 3476 3031 3526 καὶ
3069 3473 3351 3545 Ἐσπέρας
3392 3477 3602 3546 ἱερέας,
3626 3475 3714 3527 καὶ

436 3580 685 3635 Romana
753 3574 1001 3631 Ecclesia
1060 3573 1467 3638 administrata,
1503 3571 1762 3634 decessit,
1797 3571 2012 3640 provin-

2138 3555 2345 3608 τύνοδον
2392 3557 2457 3608 ὲν
2497 3557 2701 3629 Ἰταλία
2752 3561 3011 3627 γενέσθαι
3061 3565 3433 3632 προσέταξεν.
3469 3567 3607 3619 Τότε
3661 3562 3714 3616 δὲ

435 3674 690 3742 ciamque
754 3671 875 3740 ejus
929 3665 1184 3723 Liberius
1237 3666 1467 3721 sortitus
1530 3648 1637 3719 est.
1689 3662 1830 3717 Tum
1890 3676 2011 3715 vero

2137 3648 2358 3711 Ἰούλιος
2398 3649 2576 3705 εἴκοσι
2613 3655 2708 3705 καὶ
2743 3654 2908 3708 πέντε
2936 3654 3085 3709 ἔτεσι
3118 3658 3219 3727 τῆς
3248 3660 3312 3712 ὲν
3357 3660 3553 3729 Ῥώμῃ
3600 3656 3713 3710 Ἐκ-

436 3763 906 3834 opportunitatem
971 3761 1080 3816 sibi
1140 3761 1380 3815 oblatam
1432 3771 1555 3812 esse
1615 3756 2012 3820 existimantes,

2135 3742 2358 3812 κλησίας
2396 3744 2661 3813 προστὰς,
2688 3746 2905 3801 ἀπεϐίω
2926 3765 2942 3782 ο
2972 3749 3231 3821 Λιϐἐριος
3281 3752 3346 3806 δὲ
3375 3753 3474 3806 τὸν
3519 3752 3711 3821 κλῆρον

439 3857 532 3928 qui
560 3856 953 3926 promssionem
1006 3854 1134 3909 lidci
1160 3852 1441 3908 Nicaenam
1466 3849 1892 3919 abrogaverant,
1925 3862 2015 3902 ea.

2133 3837 2223 3907 τῆς
2254 3836 2467 3892 ἐκείνου
2521 3840 2802 3904 διακονίας
2850 3842 3160 3912 ἐλάμϐανεν
3185 3856 3202 3874 ⁸
3237 3846 3489 3917 ὁπηνίκα
3521 3844 3709 3914 καιρὸν

439 3949 679 4003 lunmias
719 3960 941 4002 rursum
964 3950 1398 4006 contexucrunt,
1454 3949 1518 3995 ut
1566 3940 1663 3993 τοῦ
1698 3940 2015 4006 ὁμοουσίου,

2131 3928 2478 3998 προσήκοντα
2527 3929 2674 4001 ἔχειν
2735 3935 3063 4003 νομίσαντες
3114 3936 3166 3991 oi
3222 3940 3326 4008 τὴν
3390 3942 3450 3993 ἐν
3506 3938 3707 4006 Νικαίᾳ

440 4038 950 4101 consubstantialis,
979 4038 1343 4108 professores,
1363 4047 1504 4102 quos
1530 4042 1689 4086 antea
1722 4040 1783 4085 ut
1802 4040 2016 4086 senten-

2130 4022 2312 4073 πίστιν
2383 4023 2740 4092 ἠθετηκὸτες,
2793 4026 3177 4098 συνέρῤαπτον
3248 4031 3538 4095 διαϐολὰς,
3582 4025 3706 4084 ὥστ’

443 4130 534 4185 tite
559 4129 793 4184 alterius
821 4137 1130 4183 sectatores
1177 4130 1705 4185 exauctoraverant,
1769 4120 2019 4176 ecclesiis

2132 4111 2350 4179 ἐξωθεῖν
2403 4113 2513 4166 τῶν
2579 4115 2910 4187 ἐκκλησιῶν,
2943 4117 3039 4183 οὓς
3088 4122 3367 4196 πρότερον
3424 4125 3580 4178 αὐτοὶ
3635 4121 3708 4181 ὡς

441 4237 671 4293 prorsus
690 4221 995 4292 exigerent.
1011 4217 1311 4275 Constante
1330 4228 1569 4282 namque
1595 4211 1779 4268 adhuc
1831 4226 2017 4280 supcr-

2125 4205 2469 4274 ὲτεροδὸξους
2531 4209 2784 4263 καθεῖλον
2857 4212 2935 4281 τῷ
2998 4217 3278 4288 ὁμοουσίῳ
3342 4216 3701 4289 στοιχοῦντας.

443 4317 590 4383 stite,
627 4328 739 4369 non
765 4312 882 4367 ausi
906 4310 1129 4366 fuerant
1160 4306 1513 4362 fraudulenta
1548 4305 1860 4360 temeritate
1909 4304 2016 4357 imo

2128 4300 2363 4355 Κώνστα
2412 4304 2513 4372 μὲν
2549 4305 2661 4373 γὰρ
2693 4306 2978 4376 περιόντος
3024 4307 3129 4373 in,
3159 4311 3262 4365 οὐκ
3292 4311 3545 4380 ἐτόλμων
3584 4321 3703 4374 συγ-

442 4408 599 4478 pcria
654 4407 802 4460 inter
831 4420 890 4460 se
921 4401 1292 4458 committere.
1344 4396 1556 4468 Quippe
1607 4397 1816 4453 bellum
1862 4394 2018 4450 fratri

2127 4393 2350 4462 κρούειν
2402 4400 2504 4461 τὰς
2548 4396 2871 4466 βασιλείας·
2924 4401 3189 4471 πολεμεῖν
3243 4405 3354 4477 γὰρ
3399 4406 3601 4464 ἐκεῖνος
3629 4398 3700 4467 τῷ

443 4495 716 4551 Constans
763 4492 1194 4548 demtutiaverat
1259 4486 1366 4542 nisi
1416 4487 1803 4550 Athanasium,
1852 4485 2019 4541 sicuti

2128 4486 2343 4556 ἀδελφῷ
2391 4488 2784 4559 ἐπηγγέλλετο,
2816 4493 2865 4544 εί
2917 4493 2995 4563 μὴ
3040 4494 3265 4566 δέξηται
3298 4500 3430 4561 τοὺς
3467 4494 3593 4565 περὶ
3616 4490 3701 4544 τὸν

448 4589 657 4644 dictum
678 4595 784 4651 est,
803 4585 1095 4655 reciperet.
1126 4580 1482 4636 Potissimum
1505 4594 1641 4634 vero
1664 4578 2024 4634 Athanasium

2140 4577 2481 4644 ’AOavdatov,
2512 4580 2703 4654 ὥσπερ
2743 4583 2984 4654 είρηται.
3020 4587 3274 4642 Μάλιστα
3298 4590 3349 4644 δ’
3391 4586 3698 4643 Ἀθανάσιον

449 4678 528 4733 illi
553 4677 831 4748 expellere
863 4673 1053 4729 studio
1082 4670 1231 4727 omni
1261 4669 1666 4725 contendebant
1696 4687 1708 4723 :
1740 4667 1835 4737 qui
1889 4680 2024 4723 sane

2128 4670 2380 4723 ἐλαύνειν
2430 4671 2519 4726 διὰ
2558 4674 2798 4744 σπουδῆς
2848 4677 3141 4733 ἐποιοῦντο
3167 4694 3180 4708 ·
3217 4681 3267 4735 οἳ
3305 4680 3371 4752 δὴ
3423 4680 3518 4735 καὶ
3557 4674 3699 4730 Κών-

447 4772 614 4827 etiam
654 4770 958 4824 Ccnstante
994 4762 1238 4818 nondum
1265 4776 1428 4826 caeso,
1478 4759 1809 4815 Constantio
1839 4769 2023 4812 autem

2132 4776 2357 4824 σταντος
2436 4763 2606 4831 μήπω
2670 4763 3014 4834 φθαρέντος,
3085 4770 3469 4824 Κωνσταντίου
3526 4767 3581 4820 δὲ
3634 4763 3696 4816 δι’

452 4871 679 4934 propter
713 4860 892 4921 illum,
924 4853 1288 4911 Athanasium
1334 4868 1393 4909 se
1444 4851 1738 4921 complecti
1795 4852 2027 4906 assimu-

2131 4852 2340 4933 ἐκεῖνον
2391 4856 2868 4926 προσποιουμένου
2930 4859 3107 4928 φιλεῖν
3166 4861 3508 4924 Ἀθανάσιον,
3537 4859 3694 4927 ὕπερ-

451 4954 601 5010 lante
651 4952 885 5023 (tantum
931 4948 1153 5002 illorqu
1207 4955 1328 5000 erat
1358 4941 2027 5021 odium),conquiescere

2132 4943 2261 5013 ϐολῇ
2309 4943 2524 5015 μίσους,
2560 4947 2760 5000 ἐκεῖνοι
2819 4949 2944 5002 οὐδὲ
3001 4950 3176 5016 οὕτως
3227 4952 3522 5025 ἡσυχάζειν
3559 4946 3694 5018 ἡνεί·

453 5060 565 5100 non
616 5048 938 5113 potuerunt.
995 5037 1106 5093 Sed
1157 5039 1303 5093 enim
1357 5036 1621 5105 tringiuta
1685 5049 1753 5087 ex
1787 5033 2025 5101 maligna

2131 5052 2309 5106 χοντο.
2367 5038 2675 5107 Τριάκοντα
2721 5040 2769 5093 δ’
2826 5043 2885 5095 ἐν
2950 5044 3255 5117 Ἀντιοχείᾳ
3315 5048 3410 5101 τοῦ
3470 5033 3692 5108 πονηροῦ

450 5150 646 5192 eorum
672 5131 1020 5187 multitudine
1046 5130 1353 5185 Antiochiae
1374 5128 1745 5198 congregatis,
1769 5125 2026 5180 Narcisso

2135 5130 2360 5197 στίφους
2431 5131 2853 5201 ἀθροισθέντες,
2911 5136 2959 5188 oi
3027 5138 3160 5207 περὶ
3211 5138 3557 5207 Νάρκισσον.
3609 5126 3694 5185 τὸν

455 5228 711 5283 videlicet
736 5225 930 5291 Cilice,
972 5223 1255 5278 Theodoto
1305 5222 1539 5285 Thrace,
1565 5219 1815 5289 Ellgt'nitt
1853 5218 2029 5273 Nicae-

2136 5220 2339 5274 Κίλικα
2363 5220 2526 5289 λέγω,
2562 5223 2837 5296 Θεόδωρον
2865 5225 2958 5280 τὸν
2999 5228 3214 5300 Θρᾷκα,
3244 5230 3336 5284 τὸν
3367 5226 3570 5295 Νικαὲα
3595 5218 3689 5275 Εὗ-

455 5316 893 5387 no,Patrophilo
940 5315 1414 5387 Scythopolitano,
1442 5312 1810 5381 Mcnophanto
1846 5310 2028 5379 Ephe-

2134 5311 2340 5379 γένιον,
2380 5314 2723 5385 Πατρόφιὶόν
2769 5334 2826 5369 τε
2877 5318 2972 5371 καὶ
3004 5318 3385 5388 Μηνόφαντον,
3420 5311 3494 5371 ὧν
3532 5314 3559 5365 ὁ
3598 5306 3690 5378 μὲν

458 5412 560 5475 sio,
603 5418 768 5478 atque
819 5409 977 5474 aliis,
1025 5410 1260 5464 reditqu
1301 5406 1589 5462 Athanasii
1648 5405 1727 5461 illi
1768 5414 2029 5475 tanquam

2136 5403 2552 5469 Σκυθοπόλεως,
2597 5406 2625 5459 ὁ
2673 5408 2717 5459 δ’
2762 5409 2992 5477 Ἐφέσου
3047 5407 3117 5482 ἦν
3168 5412 3197 5462 ὁ
3243 5410 3607 5482 Μηνόφαντοςν
3635 5397 3688 5449 έν

458 5502 801 5574 illegitimqu
825 5502 1147 5571 culpabunt,
1187 5509 1244 5554 et
1273 5499 1534 5553 omnibus
1579 5498 1782 5567 ubique
1816 5498 2034 5567 episco-

2135 5497 2340 5562 αἰτίαις
2393 5498 2676 5554 ἐποιοῦντο
2727 5502 2827 5570 τὴν
2872 5502 3085 5556 ἐκείνου
3145 5502 3409 5556 κάοοδονο
3459 5495 3547 5549 καὶ
3587 5486 3689 5546 τοῖς

459 5597 543 5665 pis
573 5597 912 5655 scribebant.
937 5612 1007 5653 ne
1034 5611 1159 5651 cum
1200 5594 1295 5649 illo
1342 5593 1844 5656 communicarent,
1896 5606 2032 5646 neve

2137 5589 2456 5665 ἁπανταχοῦ
2515 5590 2756 5661 ἔγραφον
2810 5592 3158 5659 ἐπισκόποις,
3218 5593 3408 5663 ἐκείνῳ
3465 5584 3537 5657 μὴ
3584 5593 3685 5630 κοι-

530 5732 606 5802 (l)
642 5731 912 5802 Magnum.
947 5731 1161 5788 Socrat.
1197 5742 1252 5785 et
1283 5730 1506 5785 Summ.
1559 5799 1584 5802 ξ
2137 5730 2389 5802 cap'._5-i.
2421 5729 2565 5785 Plin.
2604 5730 2889 5802 inlllyrici
2926 5731 3303 5801 descriptione
3333 5725 3570 5784 meminit
3596 5726 3680 5802 Iatr-

535 5781 611 5876 ‘(éj
642 5781 1251 5878 ἰίὲ’βέ’“‹ιὶὶῖάῦᾠὺὲι”ῗεὴῖί
1287 5781 1503 5872 κήτεα
1553 5799 1765 5855 Socrat.
1814 5798 1913 5854 lib.
1969 5816 2031 5867 ιι,
2139 5781 3305 5875 1.};‘riu‘.so}.seritg;em‘inuenit};
3335 5781 3426 5862 1...
3457 5805 3567 5856 cap.
3596 5781 3676 5835 ‘31-
