3990 6438
305 325 408 389 357

1272 317 1878 383 ΕΕΕΙΕΞῙΛΞΤῙΟίΕ
1918 315 2308 379 HISTORLE
2349 320 2641 410 i.lB._IX.

3471 321 3579 383 353

304 436 516 496 νωνεῖν,
577 432 717 503 μήτε
796 429 902 502 μὴν
957 437 1235 501 γράφειν’
1295 429 1434 483 ἀλλὰ
1497 428 1774 496 Γειὶεργιον
1833 428 1892 478 ἐν

2003 425 2064 480 ad
2106 427 2257 480 illum
2292 428 2635 482 scriberent:
2661 426 2754 483 sed
2781 427 3079 499 Georgium
3119 426 3329 482 honore
3389 443 3583 498 prosc-

304 530 494 598 τιμαῖς
553 525 720 595 ἔχειν,
769 523 830 576 δν
877 521 1036 575 αὐτοὶ
1077 521 1515 590 κατεστήσαντο.
1570 518 1891 579 Ἀθανάσιος

303 624 360 675 δέ
390 621 501 675 οὔδ’
548 616 888 687 ἐπιστροφὴν
938 614 1118 669 αὐτῶν
1168 614 1429 667 ἐποιεῖτο.
1478 611 1594 665 Καὶ
1631 610 1790 664 τοῦτο
1822 604 1892 680 ἦν

304 716 408 777 tu);
439 713 498 766 ού
534 712 911 773 Κωνστάντιος
942 709 1070 773 τοὺς
1098 707 1405 778 τυράννους
1429 704 1697 771 καθελὼν,
1731 704 1893 773 μόνος

312 810 412 878 τῆς
442 808 556 861 Ἕω
581 805 683 859 καὶ
708 803 982 874 Ἐσπέρας
1011 802 1284 873 κατῆρξεν
1305 815 1321 831 ⁸
1337 802 1451 862 τοῖς
1468 802 1577 870 γὰρ
1596 803 1653 851 ἐν
1686 798 1895 868 ἑσπέρᾳ

307 902 596 971 γενόμενος
649 900 680 952 ὁ
729 897 1138 960 Κωνστάντιος,
1165 897 1281 957 τοῖς
1319 895 1502 947 ἐκεῖσε
1544 893 1655 946 τῶν
1697 892 1892 962 ίερέων

308 998 376 1066 τῇ
420 992 717 1064 δμοσυσίου
772 988 1053 1061 στοιχοῦσι
1094 989 1305 1051 πίστει,
1338 986 1723 1058 προσεποιεῖτο
1772 982 1896 1035 κολ-

312 1085 507 1140 λᾶσθαι
538 1084 636 1136 καὶ
678 1082 1016 1150 συμφρονεῖν
1040 1096 1055 1111 ο
1094 1081 1189 1133 κα)⁸
1222 1079 1399 1132 διόλου
1456 1077 1701 1130 συνεῖναι
1751 1074 1896 1144 τάχα

314 1177 515 1248 ᾑρεῖτο.
547 1176 720 1245 Τέχνῃ
774 1172 831 1225 δὲ
865 1172 1172 1242 μετήρχετο
1217 1170 1286 1223 τά
1336 1168 1530 1239 πρῶτοι
1574 1164 1649 1236 μὴ
1706 1163 1898 1235 βιαζό-

312 1281 500 1338 μενος,
545 1265 651 1330 ἕως
708 1257 771 1318 οὗ
832 1264 1125 1327 κάκείνους
1181 1258 1624 1332 ἐπιψηφίσασθαι
1683 1257 1896 1311 πείσειε

319 1362 430 1423 τοῖς
458 1360 580 1413 κατ’
619 1356 943 1412 Ἀθανασίου
981 1352 1606 1425 γεγενημένοιςιὲπίσης
1638 1351 1754 1413 τοῖς
1791 1349 1899 1402 ἀνὰ

317 1449 420 1519 τὴν
451 1448 563 1501 Ἕω
600 1445 939 1507 ἐπισκόποις.
975 1444 1083 1497 Καὶ
1126 1442 1236 1511 γάρ
1274 1459 1392 1504 πως
1427 1438 1814 1508 ἐλογίζετο,ὡς
1850 1438 1900 1489 εί

318 1542 484 1611 ψήφῳ
532 1540 749 1593 πάντων
778 1537 888 1591 τῶν
928 1535 1114 1608 Ἐῴων
1143 1537 1239 1590 καὶ
1291 1532 1602 1603 Ἐσπερίων
1655 1530 1901 1584 ἐκποδὼν

332 1632 643 1695 ’Δθανάσιος
674 1632 906 1700 γένοιτο,
951 1631 1014 1681 ἐκ
1044 1628 1139 1682 τοῦ
1182 1628 1386 1700 ῥᾴστου
1432 1630 1634 1683 ἐνεῖναι
1665 1626 1734 1679 τὰ
1771 1624 1902 1696 περὶ

320 1731 418 1796 τὴν
443 1725 742 1796 θρησκείαν
777 1723 852 1786 ὡς
890 1721 1138 1793 βούλοιτο
1169 1721 1495 1793 κατορθοῦν.
1529 1721 1640 1775 Καὶ
1673 1721 1737 1790 δὴ
1769 1719 1896 1787 περὶ

1996 527 2324 588 querentur.
2384 535 2547 590 quem
2612 520 2716 590 ipsi
2768 521 3091 591 episcopum
3155 521 3578 576 constituerant.

1995 611 2331 667 Athanasius
2357 623 2540 666 autem
2599 613 2737 668 nihil
2768 628 2997 682 prorsus
3049 613 3169 668 haac
3211 614 3459 668 curabat.
3526 614 3579 666 Id

1996 703 2071 757 ita
2107 703 2334 766 factum,
2370 706 2548 761 donec
2609 706 2994 773 Constantinus,
3030 706 3280 777 tyrannis
3325 707 3579 766 sublatis,

1998 812 2146 850 unus
2171 796 2286 865 ipse
2320 796 2569 851 Orientis
2601 800 2763 851 simul
2788 808 2845 851 et
2878 796 3199 852 occidentis
3235 799 3469 864 imperio
3495 808 3581 852 est

1997 888 2226 958 potitus.
2264 888 2427 959 160
2473 888 2538 941 Et
2580 888 2982 943 Constantinus
3033 905 3159 944 cum
3211 891 3264 943 in
3287 891 3584 943 Occidente

1997 988 2165 1041 esset,
2193 995 2316 1033 cum
2335 980 2610 1049 episcopis
2625 980 2717 1033 τού
2736 980 3050 1050 ὀμοουσίου,
3064 980 3579 1043 consubstantialis,

2000 1071 2128 1127 ﬁdei
2173 1072 2607 1127 assentientibus
2659 1088 2718 1127 se
2751 1074 3107 1144 conjunctum
3141 1089 3287 1139 esse,
3345 1083 3402 1128 et
3454 1088 3580 1128 cum

1999 1164 2081 1218 eis
2107 1164 2216 1218 sibi
2250 1166 2548 1242 convenire
2572 1166 2856 1220 simulavit
2880 1184 2894 1220 :
2923 1177 2980 1221 ct
3009 1169 3243 1222 fortasse
3297 1167 3352 1220 in
3411 1164 3587 1235 parti-

2005 1257 2113 1311 bus
2141 1271 2331 1311 eorum
2362 1272 2498 1312 θεεεο
2514 1260 2741 1313 omnino
2764 1260 3074 1314 CODSlilllii.
3106 1264 3238 1315 Arte
3257 1271 3410 1315 certe
3428 1273 3582 1321 usus,

2003 1365 2127 1403 cum
2153 1351 2261 1405 vim
2293 1352 2498 1405 nullam
2532 1353 2614 1408 eis
2658 1352 2895 1421 primum
2949 1354 3272 1422 adhiberet,
3328 1357 3423 1410 sed
3465 1366 3588 1410 tan-

2002 1451 2115 1495 tum
2144 1443 2523 1512 persuaderet,
2556 1454 2614 1499 ut
2642 1446 2896 1501 eamdem
2932 1450 3142 1502 'contra
3193 1451 3585 1517 Atliana~ium,

2001 1547 2165 1601 quam
2198 1534 2509 1589 Orientales
2531 1535 2777 1605 episcopi
2814 1537 3096 1602 tulissent,
3135 1539 3238 1607 ipsi
3274 1543 3437 1594 etiam
3464 1558 3591 1596 sen-

2001 1623 2229 1676 tentiam
2251 1620 2486 1677 ferrent.
2530 1623 2621 1678 Sic
2660 1626 2867 1680 etenim
2900 1629 3313 1696 quodammodo
3347 1631 3586 1699 putavit,

2000 1716 2047 1770 si
2080 1719 2329 1774 omnium
2361 1719 2905 1794 Orientaliumjuxta
2934 1735 2989 1781 et
3007 1724 3441 1782 Occidentalium
3473 1728 3591 1783 eal-

321 1786 621 1871 Μεδιόλάνα
670 1818 770 1886 τῆς
810 1786 1041 1875 Ἰταλίας
1085 1815 1183 1885 τὴν
1221 1786 1439 1868 σύνοδον
1483 1786 1760 1886 ἤθροιζεν.
1802 1786 1898 1865 Ἐκ

2003 1810 2145 1866 culis
2171 1811 2506 1869 Athanasius
2539 1815 2918 1884 damnaretur,
2953 1819 3276 1875 facillimum
3308 1821 3413 1877 sibi
3445 1822 3587 1888 fore,

324 1908 424 1979 μὲν
446 1907 539 1961 οὖν
554 1910 652 1976 τῆς
670 1907 786 1961 Ἕω
809 1907 981 1969 ὀλίγοι
1002 1906 1064 1971 δή
1095 1923 1240 1969 τινες
1269 1905 1640 1976 παρεγένοντο
1662 1919 1677 1934 ·
1703 1903 1764 1955 τὸ
1792 1902 1901 1971 γὰρ

317 2001 423 2074 τῆς
461 1999 774 2070 ὁδοιπορίας
826 2000 1040 2071 μακρὸν
1098 2002 1194 2054 καὶ
1231 1998 1387 2061 νόσος
1434 1998 1529 2050 καὶ
1577 1996 1757 2065 γῆρας
1790 1994 1901 2046 τῶν

321 2095 531 2149 πολλῶν
562 2096 750 2166 ἐπεῖχε
791 2093 892 2164 τὴν
921 2090 1107 2161 ἄφιξιν
1131 2105 1148 2121 ·
1189 2090 1468 2161 Ἐσπέριοι
1508 2089 1566 2142 δὲ
1612 2087 1831 2147 πλείους
1865 2085 1898 2156 ἦ

322 2189 625 2259 τριακόσιοι
673 2186 1064 2255 συνελέγησαν.
1103 2182 1178 2238 Τὸ
1225 2184 1284 2237 δὲ
1332 2181 1775 2250 σπουδαζόμενον
1831 2177 1901 2253 ἦν

324 2287 436 2347 τοῖς
481 2283 540 2349 ἐξ
572 2282 687 2334 Ἶιῖω
714 2279 1103 2344 καταδικάζειν
1142 2277 1486 2338 Ἀθανασίου,
1514 2274 1655 2328 ὥστε
1699 2273 1903 2327 ἄϐατον

324 2376 519 2444 ἐκείνῳ
567 2368 708 2428 εἶναι
761 2373 861 2443 τὴν
920 2369 1359 2441 Ἀλεξάνδρειαν.
1390 2367 1568 2437 Καὶή
1629 2368 1729 2438 μὲν
1764 2366 1900 2436 άλλη

324 2471 559 2534 σύνοδος,
581 2471 615 2540 ἢ
648 2470 856 2540 ἀπάτῃ,
888 2468 923 2537 ἦ
964 2466 1098 2531 δέει,
1130 2467 1164 2537 ἢ
1189 2466 1286 2520 καὶ
1324 2463 1542 2535 ἀγνοίᾳ,
1578 2462 1903 2532 συνέτρεχον

322 2558 401 2629 τῷ
433 2560 778 2630 ψηφίσματν
822 2557 973 2626 μόνοι
1023 2555 1070 2609 δ’
1121 2554 1183 2617 ἐξ
1229 2552 1489 2607 ἁπάντων
1539 2552 1818 2612 Διονύσιος
1872 2551 1902 2603 δ

328 2654 533 2716 ’Δλὸας
569 2653 893 2715 ἐπίσκοπος,
933 2649 1235 2711 Ἰταλιῶτις
1269 2646 1327 2699 δὲ
1358 2646 1499 2716 αὕτη
1537 2645 1900 2715 μητρόπολις,

306 2748 415 2801 οιαὶ
471 2744 729 2815 Εὐσέϐιος
780 2743 890 2795 τῶν
941 2744 999 2796 ἐν
1059 2740 1333 2810 Διγουρίᾳ
1403 2738 1746 2808 Βρεκέλλων,
1804 2741 1901 2791 καὶ

321 2840 632 2909 Τριϐἐρεως
668 2838 695 2889 ὁ
728 2836 1014 2899 Παυλῖνος,
1054 2835 1112 2887 ἐν
1164 2834 1203 2886 Γ
1208 2833 1420 2896 αλλίαις
1449 2834 1494 2886 δ’
1524 2833 1672 2885 ἐστὶν
1702 2834 1736 2905 ὴ
1770 2831 1903 2904 Τρί-

319 2934 493 3001 6ερις,
521 2934 616 2985 καὶ
665 2929 908 2991 Ῥοδανδς
963 2929 1059 2982 καὶ
1110 2927 1417 2997 Λουκίφερ,
1458 2928 1550 2979 τὶν
1586 2928 1737 2980 δόλον
1788 2945 1901 2995 φω-

323 3027 608 3097 ράσαντες,
665 3025 740 3087 ὡς
798 3025 890 3076 ἐπὶ
947 3025 1014 3091 τῇ
1083 3022 1368 3093 ἀνατροπῇ
1420 3021 1516 3075 τοῦ
1581 3023 1640 3074 ἐν
1694 3021 1901 3093 Νικαίᾳ

2005 1913 2063 1955 ιιι
2092 1902 2416 1973 religionem
2455 1923 2550 1975 pro
2581 1910 2816 1963 arbitrio
2849 1926 2951 1963 suo
2991 1912 3363 1969 constitueret
3419 1924 3588 2007 atﬂue

2003 1995 2306 2049 ordinaret.
2367 1997 2562 2067 Itaque
2630 2000 2683 2054 in
2727 2001 2875 2055 Italia
2924 2002 3218 2058 Mediolani
3282 1995 3591 2060 conventus

2004 2102 2228 2144 coactus
2252 2098 2356 2144 est.
2388 2091 2452 2145 Et
2486 2108 2553 2147 ex
2587 2092 2814 2151 Oriente
2842 2097 3064 2165 quidem
3094 2098 3252 2167 pauci
3285 2098 3588 2153 admodum

2005 2180 2077 2234 ibi
2102 2192 2301 2250 praesto
2333 2184 2503 2239 fuere.
2548 2185 2764 2243 Itineris
2790 2190 2937 2243 enim
2974 2192 3315 2260 magnitudo.
3352 2202 3409 2247 ct
3440 2208 3592 2247 mor-

2007 2276 2131 2340 bus,
2164 2287 2220 2331 ct
2269 2287 2402 2333 a-tas
2449 2280 2734 2349 grandior,
2762 2282 3063 2336 multorum
3099 2283 3353 2353 impediit
3385 2285 3592 2339 adven-

2004 2377 2143 2422 tum.
2194 2371 2580 2427 Occidentales
2645 2382 2830 2426 autem
2882 2375 3069 2443 plures
3140 2392 3305 2445 quam
3354 2378 3591 2433 trecenti

2004 2475 2335 2515 convenere.
2390 2462 2695 2517 Enimvero
2722 2463 3086 2519 Orientalium
3138 2468 3428 2520 consilium
3463 2468 3588 2533 fuit,

2007 2563 2068 2606 ut
2095 2552 2428 2609 Athanasius
2461 2554 2837 2620 damnaretur,
2860 2556 3024 2626 eique
3058 2558 3423 2613 Alexandrina
3455 2561 3593 2617 urbe

2006 2645 2461 2701 intercideretur.
2493 2649 2561 2703 Et
2594 2650 2807 2716 reliqua
2842 2652 3089 2722 synodus
3136 2653 3253 2708 sive
3275 2670 3467 2709 errore
3495 2664 3594 2713 aut

2006 2751 2178 2805 metu,
2215 2757 2310 2797 seu
2353 2743 2517 2798 etiam
2550 2744 2861 2813 ignorantia
2899 2747 3136 2815 pedibus
3182 2749 3237 2803 in
3270 2766 3391 2803 eam
3450 2751 3587 2806 ibat.

2008 2835 2122 2891 Soli
2151 2850 2282 2890 vero
2314 2851 2379 2890 ex
2409 2838 2673 2891 omnibus
2702 2838 2999 2909 Dionysius
3021 2841 3191 2904 Albaa,
3224 2859 3348 2912 qua-
3384 2861 3489 2898 una
3523 2861 3592 2901 ex

2007 2931 2452 2999 metropolitanis
2483 2932 2538 2985 in
2584 2932 2735 2986 Italia
2764 2935 2900 2988 urbs
2934 2927 3037 2999 est,
3066 2946 3120 2990 et
3155 2936 3427 2993 Eusebius
3455 2939 3594 2995 Ver-

2005 3024 2265 3078 cellarnm
2296 3024 2552 3094 Ligurim.
2585 3035 2641 3080 et
2689 3027 2952 3082 Paulinus
2983 3028 3340 3086 Trevirorum
3378 3036 3431 3088 in
3466 3035 3593 3090 Gal-

311 3117 589 3184 ῦῆγματος
645 3116 695 3168 oi
734 3114 891 3184 Ἐῷοι
918 3113 1016 3184 τὴν
1053 3112 1377 3166 ’Δθανασίου
1432 3113 1756 3182 καθαίρεσιν
1787 3118 1900 3167 ἐπι-

2010 3118 2104 3179 lia,
2140 3118 2407 3187 episcOpi,
2443 3126 2497 3171 et
2525 3129 2792 3186 praeterea
2831 3119 3130 3178 Rhodanus
3163 3134 3218 3177 et
3236 3124 3456 3180 Lucifer
3488 3128 3591 3197 (l),

322 3208 689 3270 σπεύδουσιν,
745 3206 1081 3268 ἀναστάντες
1137 3206 1345 3273 ἐϐόων,
1407 3208 1559 3260 δόλον
1612 3204 1753 3260 εἷναι
1806 3212 1903 3261 καὶ

306 3303 539 3371 ἀπάτην
585 3301 680 3355 τοῦ
709 3298 1184 3372 Χριστιανισμοῦ·
1230 3301 1324 3353 καὶ
1359 3301 1433 3370 μὴ
1465 3299 1536 3354 δι’
1578 3301 1904 3355 Ἀθανάσιον

312 3391 542 3449 εἶναιτὸ
571 3395 883 3465 εἰρημένον,
914 3392 1031 3448 ἀλλ’
1083 3393 1379 3463 ἐπιὸουὶὴν
1424 3393 1533 3447 τῶν
1576 3395 1721 3447 κατὰ
1764 3393 1901 3447 Θεοῦ

312 3488 495 3559 ὀρθῶς
541 3488 712 3540 πάλαι
740 3485 1085 3555 δεδογμένων
1120 3486 1213 3538 τόν
1267 3503 1325 3538 τε
1377 3469 1606 3555 βασιλέα
1641 3486 1737 3540 καὶ
1774 3490 1904 3550 τοὺς

314 3582 390 3636 ’τὰ
433 3582 645 3650 Ἀρείου
679 3581 1017 3651 φρονοῦντας
1047 3584 1309 3635 ἐπινοεῖν.
1346 3580 1513 3635 Ταῦτ⁹
1545 3581 1835 3647 εἰπόντων,
1867 3583 1901 3653 ή

329 3672 428 3741 μὲν
478 3671 698 3734 σύνοδος
737 3671 982 3724 διελύετο
1030 3671 1315 3741 ἄπρακτος
1343 3687 1355 3700 ’
1405 3673 1523 3725 ὅσοι
1570 3672 1615 3726 δ’
1655 3656 1904 3745 ἐπαρρη-

316 3769 584 3822 ’σιάσαντο
613 3769 882 3840 ὑπερορίᾳ
913 3767 1394 3837 κατεδικάσθησαν
1425 3767 1710 3838 γενόμενοι
1735 3770 1903 3822 ἐκπο-

314 3859 465 3913 δών·
508 3860 628 3930 μεθ’
678 3854 754 3914 ὧν
805 3856 874 3931 ἦν
909 3861 1004 3914 καὶ
1064 3858 1296 3927 Ἰὶάριος
1341 3862 1370 3914 ὁ
1420 3862 1740 3917 Ποικτάεων
1775 3863 1902 3916 ἐπί-

322 3970 552 4016 σκοπος.
588 3954 713 4008 Ὀτι
736 3953 802 4007 ’δ’
837 3952 1044 4022 ἀληθὴς
1095 3954 1245 4007 αἰτία
1274 3949 1344 4023 ἦν
1372 3952 1449 4017 ὡς
1502 3953 1596 4007 ἐπὶ
1628 3956 1902 4024 προφάσει

335 4047 665 4101 Ἀθανασίου
722 4049 865 4102 κατὰ
922 4048 1025 4117 τῆς
1084 4051 1321 4110 πίστεως
1383 4051 1417 4120 ἡ
1469 4050 1529 4101 ἐν
1585 4049 1904 4119 Μεδιολάνῳ

324 4140 587 4210 ἠθροιστο
617 4141 858 4207 σύνοδος,
894 4139 1240 4193 πιστώσεται
1269 4140 1338 4193 τὰ
1371 4140 1525 4208 ἑξῆς.
1573 4140 1636 4194 Ἡ
1667 4143 1775 4210 γὰρ
1801 4143 1903 4196 οὐκ

324 4236 405 4297 είς
443 4235 663 4304 μακρὰν
707 4234 956 4286 συστᾶσα
1008 4232 1150 4285 κατὰ
1182 4231 1382 4284 ταυτὸν
1422 4230 1480 4284 ἐν
1513 4249 1573 4284 τε
1631 4232 1903 4304 Ἀριμίνῳ

326 4328 424 4398 τῆς
488 4326 740 4387 Ἰταλίας.
792 4327 886 4379 καὶ
951 4327 1010 4378 ἐν
1069 4323 1364 4396 Σελευκείᾳ
1428 4324 1532 4391 τῆς
1598 4325 1899 4396 ἰσαυρίας,

325 4418 668 4491 νεωτερίζειν
694 4420 836 4473 κατὰ
869 4418 978 4471 τῶν
1005 4420 1062 4470 ἐν
1090 4418 1296 4488 Νικαίᾳ
1316 4417 1658 4488 δεδογμένων
1687 4419 1902 4489 ἐπεχεί-

328 4532 524 4587 ρησαν,
545 4515 619 4576 ὼς
644 4514 846 4567 αὐτίκα
877 4513 1024 4583 μάλα
1049 4511 1388 4583 δηλώσομεν.
1419 4510 1482 4565 'O
1507 4511 1616 4581 γὰρ
1645 4510 1903 4581 βασιλεὺς

306 4609 663 4678 ,χαλεπήνας,
684 4608 1071 4675 οἰκουμενικὴν
1099 4607 1424 4673 συγκροτεῖν
1456 4605 1713 4659 ἐϐούλετο
1745 4605 1903 4659 σύνο-

322 4702 436 4763 δον,
470 4699 697 4752 ἑλκύσαι
735 4715 794 4750 τε
820 4697 945 4759 τοὺς
974 4696 1075 4764 τῆς
1109 4693 1283 4764 Ἐᾠας
1313 4695 1649 4758 ἐπισκόπους
1693 4696 1905 4760 πάντας

325 4796 407 4858 είς
453 4795 551 4863 τὴν
609 4791 875 4860 ἑσπέραν,
913 4789 1095 4841 πάντα
1149 4805 1209 4840 τε
1266 4786 1449 4841 κάλων
1505 4789 1749 4858 κινῆσαι,
1783 4789 1901 4857 εῖγε

325 4884 567 4944 δύναιτο,
606 4882 680 4937 ὡς
742 4882 810 4934 ἂν
853 4878 1063 4941 πάντας
1108 4876 1425 4947 δμόςρρονας
1476 4880 1900 4944 καταστήσειεν.

338 4974 494 5027 Ἐπεὶ
528 4973 556 5025 δ
607 4975 686 5034 είς
714 4970 911 5039 σκέψιν
950 4971 1012 5022 τὸ
1049 4970 1288 5040 πρᾶγμα
1331 4967 1481 5033 δοὺς,
1513 4968 1754 5039 ἐργῶδες
1785 4970 1902 5022 ἐδό-

326 5083 437 5132 κει,
465 5068 559 5118 καὶ
596 5064 706 5134 γὰρ
758 5062 1095 5133 προσίστατό
1141 5063 1192 5115 oi
1236 5065 1297 5115 τὸ
1325 5061 1425 5132 τῆς
1450 5060 1764 5132 ὁδοιπορίας
1798 5079 1905 5130 μα-

328 5161 461 5229 κρόν
483 5176 497 5191 σ
530 5158 660 5228 μίαν
700 5155 797 5227 μὲν
825 5153 966 5210 εῖναι
995 5155 1094 5219 τὴν
1123 5153 1344 5208 σύνοδον
1382 5154 1663 5221 ἐκέλευεν,
1695 5156 1754 5207 ἐν
1779 5154 1905 5208 δυσὶ

326 5254 372 5307 δ’
419 5252 775 5323 ἀθροισθῆναι
822 5252 936 5314 τοῖς
985 5250 1198 5313 τόποις.
1249 5247 1376 5310 Τοῖς
1432 5248 1531 5317 μὲν
1568 5246 1663 5301 οὖν
1699 5244 1899 5300 Ἐσπε-

331 5346 464 5416 ρίοις
511 5346 569 5398 ἐν
610 5343 878 5414 Ἀριμίνῳ
925 5342 1025 5413 τῆς
1076 5341 1311 5404 Ἰταλίας
1364 5340 1702 5408 συνάγεσθαι
1735 5341 1908 5411 προῦ-

324 5452 534 5507 τρεπε·
584 5440 711 5500 τοὺς
772 5437 830 5490 δέ
887 5451 952 5506 γε
995 5433 1198 5505 Ἔῴους
1237 5435 1535 5506 γράμμασι
1591 5436 1735 5488 κατὰ
1799 5437 1898 5506 τὴν

328 5530 697 5602 Νικομήδειαν
738 5529 1089 5600 ἀφικνεῖσθαι
1131 5529 1526 5600 προσέταττεν.
1566 5528 1625 5582 'O
1673 5528 1774 5600 μὲν
1804 5527 1899 5582 οὖν

2005 3205 2136 3258 dolo
2208 3206 2577 3274 deprehenso,
2654 3207 2965 3264 Orientales
3033 3215 3323 3268 evertendi
3383 3215 3594 3273 Nicami

2005 3286 2276 3368 dogmatis
2298 3299 2472 3368 gratia
2507 3304 3018 3358 exauctorationcm
3052 3307 3334 3362 Athanasii
3373 3325 3591 3379 urgere,

1946 3442 1956 3454 ,
2005 3401 2376 3457 assurgentes,
2416 3391 2702 3446 vociferati
2756 3402 2925 3457 sunt,
2970 3394 3164 3453 fraude
3228 3396 3594 3457 Christianis-

2006 3498 2153 3536 mum
2187 3484 2603 3551 circumveniri,
2623 3501 2801 3554 neque
2819 3488 3004 3542 verbis
3026 3491 3298 3562 ejusmodi
3320 3494 3387 3548 de
3417 3497 3591 3549 Atha-

2007 3581 2166 3635 nasio
2191 3580 2277 3651 agi
2304 3597 2320 3631 :
2355 3579 2452 3668 sed
2490 3580 2722 3638 insidias
2753 3582 2998 3639 decretis
3017 3587 3123 3641 rite
3156 3597 3324 3658 atque
3388 3592 3589 3649 ordine

2005 3672 2074 3728 de
2092 3672 2203 3728 Deo
2223 3673 2351 3728 olim
2374 3672 2556 3734 factis,
2585 3673 2977 3745 imperatorem
2996 3688 3054 3733 et
3077 3680 3312 3737 Arianos
3334 3685 3588 3740 tendere.

2004 3762 2133 3818 Haec
2162 3763 2258 3818 ubi
2308 3763 2477 3827 dicta,
2518 3773 2827 3821 conventus
2882 3768 3048 3823 rebus
3102 3770 3326 3826 infectis
3375 3775 3590 3831 solutus

2005 3868 2111 3911 est.
2146 3856 2251 3923 Qui
2281 3867 2464 3911 autem
2497 3857 2728 3913 liberius
2757 3869 3092 3916 sententiain
3143 3864 3400 3920 dixerant
3453 3884 3593 3922 con-

2005 3948 2274 4014 demnati,
2297 3951 2475 4005 solum
2501 3951 2679 4004 exsilii
2719 3966 2885 4006 causa
2923 3963 3233 4011 verterunt.
3259 3957 3408 4012 Inter
3448 3976 3587 4029 quos

2005 4040 2251 4097 Hilarius
2272 4043 2440 4097 etiam
2467 4043 2896 4102 Pictaviensium
2927 4051 3226 4121 episc0pus
3246 4051 3371 4107 fuit.
3410 4056 3584 4110 Porro

2006 4149 2199 4188 verum
2229 4133 2421 4199 fuisse,
2454 4136 2602 4204 quod
2640 4138 2744 4193 sub
2777 4139 3013 4194 obtentu
3037 4144 3280 4198 nominis
3301 4146 3589 4204 Athanasii

2005 4227 2297 4283 adversum
2353 4227 2516 4283 fidem
2559 4227 2836 4284 Nictenam
2890 4232 3319 4292 Mediolanensis
3345 4242 3593 4310 synodus

2006 4323 2080 4374 sit
2107 4329 2457 4390 congregata,
2503 4334 2569 4374 ea
2615 4337 2738 4390 qua:
2795 4332 3109 4393 sequuntur
3163 4328 3593 4389 confirmabant.

2008 4411 2145 4468 Nam
2197 4428 2320 4483 quae
2356 4413 2521 4484 paulo
2559 4423 2687 4483 post
2731 4417 2925 4471 eodem
2964 4427 3210 4489 tempore
3246 4431 3299 4478 et
3354 4427 3592 4484 Arimini

2011 4512 2066 4565 in
2098 4510 2274 4571 Italia.
2306 4516 2365 4562 et
2393 4508 2734 4565 Seleucizein
2767 4511 2994 4576 Isauria,
3023 4525 3142 4568 acta
3177 4527 3308 4571 sunt
3329 4520 3591 4589 concilia,

2011 4619 2100 4658 res
2152 4618 2324 4657 novas
2372 4611 2566 4656 contra
2626 4602 2876 4660 Nicaenas
2930 4609 3357 4665 constitutiones
3400 4613 3591 4669 molita

2008 4691 2659 4763 sunt;quemadmodum
2717 4709 2841 4748 mox
2873 4695 3301 4755 declarabimus.
3347 4702 3594 4772 Impera-

2013 4795 2098 4842 tor
2150 4786 2297 4840 enim
2351 4785 2863 4841 stomachabundus
2921 4792 3233 4848 universale
3290 4798 3590 4854 concilium

2011 4895 2229 4951 cogere,
2261 4889 2317 4934 et
2343 4883 2634 4949 episcopos
2672 4879 2983 4936 Orientales
3011 4899 3205 4958 omnes
3240 4888 3294 4942 in
3316 4893 3590 4948 Occiden-

2016 4985 2122 5031 tem
2157 4973 2477 5044 pertrahere
2513 4973 2749 5038 volebat,
2781 4975 2939 5046 761
2971 4993 3192 5034 omnem
3250 4997 3479 5038 movens
3510 4984 3597 5040 fu-

2013 5048 2161 5133 nem,
2182 5065 2225 5120 si
2258 5080 2368 5134 quo
2394 5064 2556 5119 modo
2585 5065 2766 5119 facere
2796 5079 3001 5135 posset.
3038 5078 3099 5123 ut
3133 5070 3199 5125 ad
3235 5075 3591 5131 concordiam

2011 5173 2207 5214 omnes
2236 5157 2557 5213 adduceret.
2588 5158 2657 5212 At
2685 5157 2779 5212 ubi
2804 5174 2862 5213 re
2913 5160 3238 5229 deliberata,
3276 5164 3499 5222 difﬁcile
3535 5168 3590 5223 id

2008 5254 2190 5306 visum
2223 5259 2327 5310 est.
2359 5249 2508 5320 quod
2555 5249 2607 5305 ei
2641 5251 2858 5307 itineris
2888 5252 3267 5326 longinquitas
3315 5260 3591 5328 obstaret,
3660 5322 3665 5329 ,

2009 5361 2174 5400 unam
2211 5345 2461 5414 quidem,
2491 5344 2586 5399 sed
2619 5334 2840 5400 duobus
2884 5347 2937 5400 in
2973 5348 3106 5401 locis
3150 5351 3593 5419 congregandam
3649 5346 3661 5369 ‘

2004 5450 2127 5491 esse
2161 5436 2461 5507 synodum,
2504 5436 2714 5489 statuit.
2758 5435 2823 5491 Et
2876 5435 3279 5501 Occidentales,
3333 5439 3594 5507 Arimini,

2005 5528 2315 5583 Orientales
2360 5542 2491 5582 vero
2518 5524 2850 5583 Nicomedia:
2876 5529 3197 5593 convenire,
3232 5530 3435 5585 litteris
3469 5532 3589 5587 suis

400 5718 476 5788 (ι)
515 5720 733 5776 Lucifer
766 5719 1037 5779 Sardinia:
1087 5720 1282 5776 insulze
1316 5720 1784 5792 metropolitanus
1822 5718 2028 5775 dicitur
2061 5720 2207 5793 apud
2275 5718 2559 5773 'l‘heodor.
2593 5716 2691 5779 lib.
2755 5735 2817 5787 ιι,
2876 5734 2997 5787 cap.
3030 5718 3119 5785 l5,
3150 5718 3243 5774 ubi
3278 5717 3381 5774 ista
3407 5717 3586 5776 fusius

336 5792 669 5847 referuntur.
