  <div class='ocr_page' id='page_1' title='image "/cluster/home/n/w/nwhite01/storage/ocr_20150623/146:no.2/coo.31924054870518/187.png"; bbox 0 0 4054 6432; ppageno 0'>
   <div class='ocr_carea' id='block_1_1' title="bbox 522 297 626 360">
    <p class='ocr_par' dir='ltr' id='par_1_1' title="bbox 522 297 626 360">
     <span class='ocr_line' id='line_1_1' title="bbox 522 297 626 360; baseline -0.048 0"><span class='ocrx_word' id='word_1_1' title='bbox 522 297 626 360; x_wconf 77' lang='lat'><strong>359</strong></span> 
     </span>
    </p>
   </div>
   <div class='ocr_carea' id='block_1_2' title="bbox 1746 289 2561 355">
    <p class='ocr_par' dir='ltr' id='par_1_2' title="bbox 1746 289 2561 355">
     <span class='ocr_line' id='line_1_2' title="bbox 1746 289 2561 355; baseline 0.004 -5"><span class='ocrx_word' id='word_1_2' title='bbox 1746 289 2173 352; x_wconf 77' lang='lat' dir='ltr'><strong>NICEPHORI</strong></span> <span class='ocrx_word' id='word_1_3' title='bbox 2209 293 2561 355; x_wconf 80' lang='lat' dir='ltr'><strong>CALLISTI</strong></span> 
     </span>
    </p>
   </div>
   <div class='ocr_carea' id='block_1_3' title="bbox 510 401 2081 482">
    <p class='ocr_par' dir='ltr' id='par_1_3' title="bbox 510 401 2081 480">
     <span class='ocr_line' id='line_1_3' title="bbox 510 401 2081 480; baseline 0 -18"><span class='ocrx_word' id='word_1_4' title='bbox 510 409 698 480; x_wconf 86' lang='lat' dir='ltr'><strong>jussit.</strong></span> <span class='ocrx_word' id='word_1_5' title='bbox 734 407 1040 476; x_wconf 84' lang='lat' dir='ltr'><strong>imperator</strong></span> <span class='ocrx_word' id='word_1_6' title='bbox 1074 418 1205 459; x_wconf 91' lang='lat' dir='ltr'><strong>sane</strong></span> <span class='ocrx_word' id='word_1_7' title='bbox 1227 401 1451 472; x_wconf 84' lang='lat' dir='ltr'><strong>quidem</strong></span> <span class='ocrx_word' id='word_1_8' title='bbox 1482 401 1587 456; x_wconf 90' lang='lat' dir='ltr'><strong>hoc</strong></span> <span class='ocrx_word' id='word_1_9' title='bbox 1630 401 1712 456; x_wconf 84' lang='lat' dir='ltr'><strong>sic</strong></span> <span class='ocrx_word' id='word_1_10' title='bbox 1739 404 2081 462; x_wconf 69' lang='lat' dir='ltr'><strong>concordian‘</strong></span> 
     </span>
    </p>
   </div>
   <div class='ocr_carea' id='block_1_4' title="bbox 2186 401 3773 482">
    <p class='ocr_par' dir='ltr' id='par_1_4' title="bbox 2204 406 3773 482">
     <span class='ocr_line' id='line_1_4' title="bbox 2204 406 3773 482; baseline 0.007 -23"><span class='ocrx_word' id='word_1_11' title='bbox 2204 407 2463 478; x_wconf 80' lang='grc' dir='ltr'><strong>βασιλεὺς</strong></span> <span class='ocrx_word' id='word_1_12' title='bbox 2522 408 2580 461; x_wconf 72' lang='grc' dir='ltr'><strong>τὸ</strong></span> <span class='ocrx_word' id='word_1_13' title='bbox 2639 406 2937 477; x_wconf 79' lang='grc' dir='ltr'>σύμφωνον</span> <span class='ocrx_word' id='word_1_14' title='bbox 2992 406 3219 464; x_wconf 80' lang='grc' dir='ltr'><strong>πάντων</strong></span> <span class='ocrx_word' id='word_1_15' title='bbox 3278 410 3560 481; x_wconf 85' lang='grc' dir='ltr'><strong>οίόμενος,</strong></span> <span class='ocrx_word' id='word_1_16' title='bbox 3612 414 3773 482; x_wconf 75' lang='grc' dir='ltr'><strong>οὕτως</strong></span> 
     </span>
    </p>
   </div>
   <div class='ocr_carea' id='block_1_5' title="bbox 515 494 2103 568">
    <p class='ocr_par' dir='ltr' id='par_1_5' title="bbox 515 494 2103 568">
     <span class='ocr_line' id='line_1_5' title="bbox 515 494 2103 568; baseline -0.003 -14"><span class='ocrx_word' id='word_1_17' title='bbox 515 502 762 555; x_wconf 81' lang='lat' dir='ltr'><strong>ninnium</strong></span> <span class='ocrx_word' id='word_1_18' title='bbox 786 510 1043 567; x_wconf 86' lang='lat' dir='ltr'><strong>spectans</strong></span> <span class='ocrx_word' id='word_1_19' title='bbox 1058 497 1301 552; x_wconf 86' lang='lat' dir='ltr'><strong>instituit</strong></span> <span class='ocrx_word' id='word_1_20' title='bbox 1322 514 1336 550; x_wconf 91' lang='lat'>:</span> <span class='ocrx_word' id='word_1_21' title='bbox 1359 494 1452 550; x_wconf 84' lang='lat' dir='ltr'><strong>sed</strong></span> <span class='ocrx_word' id='word_1_22' title='bbox 1472 495 1765 550; x_wconf 83' lang='lat' dir='ltr'><strong>consilium</strong></span> <span class='ocrx_word' id='word_1_23' title='bbox 1794 497 1918 568; x_wconf 86' lang='lat' dir='ltr'><strong>ejus</strong></span> <span class='ocrx_word' id='word_1_24' title='bbox 1941 497 2103 552; x_wconf 82' lang='lat' dir='ltr'><strong>aliter</strong></span> 
     </span>
    </p>
   </div>
   <div class='ocr_carea' id='block_1_6' title="bbox 513 587 2104 659">
    <p class='ocr_par' dir='ltr' id='par_1_6' title="bbox 513 587 2104 659">
     <span class='ocr_line' id='line_1_6' title="bbox 513 587 2104 659; baseline -0.002 -13"><span class='ocrx_word' id='word_1_25' title='bbox 513 592 717 647; x_wconf 68' lang='lat' dir='ltr'><strong>cessit:</strong></span> <span class='ocrx_word' id='word_1_26' title='bbox 753 591 1015 659; x_wconf 84' lang='lat' dir='ltr'><strong>utrinque</strong></span> <span class='ocrx_word' id='word_1_27' title='bbox 1044 589 1193 643; x_wconf 89' lang='lat' dir='ltr'><strong>enim</strong></span> <span class='ocrx_word' id='word_1_28' title='bbox 1222 588 1498 641; x_wconf 83' lang='lat' dir='ltr'><strong>dissensio</strong></span> <span class='ocrx_word' id='word_1_29' title='bbox 1528 587 1676 643; x_wconf 89' lang='lat' dir='ltr'><strong>inter</strong></span> <span class='ocrx_word' id='word_1_30' title='bbox 1714 602 1809 643; x_wconf 90' lang='lat' dir='ltr'><strong>eos</strong></span> <span class='ocrx_word' id='word_1_31' title='bbox 1834 589 2104 643; x_wconf 87' lang='lat' dir='ltr'><strong>interces-</strong></span> 
     </span>
    </p>
   </div>
   <div class='ocr_carea' id='block_1_7' title="bbox 512 678 2104 753">
    <p class='ocr_par' dir='ltr' id='par_1_7' title="bbox 512 678 2104 753">
     <span class='ocr_line' id='line_1_7' title="bbox 512 678 2104 753; baseline -0.003 -15"><span class='ocrx_word' id='word_1_32' title='bbox 512 685 603 738; x_wconf 84' lang='lat' dir='ltr'><strong>sit.</strong></span> <span class='ocrx_word' id='word_1_33' title='bbox 633 683 823 752; x_wconf 76' lang='lat' dir='ltr'><strong>Neque</strong></span> <span class='ocrx_word' id='word_1_34' title='bbox 847 684 996 735; x_wconf 89' lang='lat' dir='ltr'><strong>enim</strong></span> <span class='ocrx_word' id='word_1_35' title='bbox 1022 679 1251 733; x_wconf 86' lang='lat' dir='ltr'><strong>Arimini</strong></span> <span class='ocrx_word' id='word_1_36' title='bbox 1303 678 1381 748; x_wconf 79' lang='lat' dir='ltr'><strong>(l)</strong></span> <span class='ocrx_word' id='word_1_37' title='bbox 1418 679 1511 746; x_wconf 89' lang='lat' dir='ltr'><strong>qui</strong></span> <span class='ocrx_word' id='word_1_38' title='bbox 1539 690 1935 753; x_wconf 81' lang='lat' dir='ltr'><strong>convenerant,</strong></span> <span class='ocrx_word' id='word_1_39' title='bbox 1968 695 2104 733; x_wconf 84' lang='lat' dir='ltr'><strong>con-</strong></span> 
     </span>
    </p>
   </div>
   <div class='ocr_carea' id='block_1_8' title="bbox 515 770 2105 842">
    <p class='ocr_par' dir='ltr' id='par_1_8' title="bbox 515 770 2105 842">
     <span class='ocr_line' id='line_1_8' title="bbox 515 770 2105 842; baseline -0.005 -9"><span class='ocrx_word' id='word_1_40' title='bbox 515 774 714 833; x_wconf 80' lang='lat' dir='ltr'><strong>COrdes</strong></span> <span class='ocrx_word' id='word_1_41' title='bbox 734 783 926 827; x_wconf 86' lang='lat' dir='ltr'><strong>erant:</strong></span> <span class='ocrx_word' id='word_1_42' title='bbox 961 773 1134 842; x_wconf 80' lang='lat' dir='ltr'><strong>majus</strong></span> <span class='ocrx_word' id='word_1_43' title='bbox 1155 783 1335 825; x_wconf 79' lang='lat' dir='ltr'><strong>autem</strong></span> <span class='ocrx_word' id='word_1_44' title='bbox 1364 772 1507 824; x_wconf 90' lang='lat' dir='ltr'><strong>inter</strong></span> <span class='ocrx_word' id='word_1_45' title='bbox 1534 786 1630 825; x_wconf 88' lang='lat' dir='ltr'><strong>eos</strong></span> <span class='ocrx_word' id='word_1_46' title='bbox 1651 771 1742 839; x_wconf 90' lang='lat' dir='ltr'><strong>qui</strong></span> <span class='ocrx_word' id='word_1_47' title='bbox 1772 770 2105 825; x_wconf 66' lang='lat' dir='ltr'><strong>Nicomedia:</strong></span> 
     </span>
    </p>
   </div>
   <div class='ocr_carea' id='block_1_9' title="bbox 513 862 2105 937">
    <p class='ocr_par' dir='ltr' id='par_1_9' title="bbox 513 862 2105 937">
     <span class='ocr_line' id='line_1_9' title="bbox 513 862 2105 937; baseline -0.004 -14"><span class='ocrx_word' id='word_1_48' title='bbox 513 871 735 937; x_wconf 89' lang='lat' dir='ltr'><strong>quidem</strong></span> <span class='ocrx_word' id='word_1_49' title='bbox 780 883 874 936; x_wconf 87' lang='lat' dir='ltr'><strong>per</strong></span> <span class='ocrx_word' id='word_1_50' title='bbox 899 880 1058 920; x_wconf 66' lang='lat' dir='ltr'><strong>terra:</strong></span> <span class='ocrx_word' id='word_1_51' title='bbox 1089 876 1297 918; x_wconf 86' lang='lat' dir='ltr'><strong>motum</strong></span> <span class='ocrx_word' id='word_1_52' title='bbox 1340 864 1494 917; x_wconf 89' lang='lat' dir='ltr'><strong>coire</strong></span> <span class='ocrx_word' id='word_1_53' title='bbox 1528 862 1805 932; x_wconf 87' lang='lat' dir='ltr'><strong>impediti,</strong></span> <span class='ocrx_word' id='word_1_54' title='bbox 1837 862 2105 917; x_wconf 67' lang='lat' dir='ltr'><strong>Seleuciae</strong></span> 
     </span>
    </p>
   </div>
   <div class='ocr_carea' id='block_1_10' title="bbox 512 950 2099 1028">
    <p class='ocr_par' dir='ltr' id='par_1_10' title="bbox 512 950 2099 1028">
     <span class='ocr_line' id='line_1_10' title="bbox 512 950 2099 1028; baseline -0.004 -14"><span class='ocrx_word' id='word_1_55' title='bbox 512 958 855 1014; x_wconf 79' lang='lat' dir='ltr'><strong>verodeinde</strong></span> <span class='ocrx_word' id='word_1_56' title='bbox 878 958 1192 1028; x_wconf 73' lang='lat' dir='ltr'><strong>congregati</strong></span> <span class='ocrx_word' id='word_1_57' title='bbox 1225 956 1465 1019; x_wconf 80' lang='lat' dir='ltr'><strong>fuerant,</strong></span> <span class='ocrx_word' id='word_1_58' title='bbox 1488 950 1778 1009; x_wconf 86' lang='lat' dir='ltr'><strong>dissidium</strong></span> <span class='ocrx_word' id='word_1_59' title='bbox 1796 965 1880 1011; x_wconf 90' lang='lat' dir='ltr'><strong>est</strong></span> <span class='ocrx_word' id='word_1_60' title='bbox 1895 965 2099 1009; x_wconf 87' lang='lat' dir='ltr'><strong>ortum.</strong></span> 
     </span>
    </p>
   </div>
   <div class='ocr_carea' id='block_1_11' title="bbox 510 1046 2101 1119">
    <p class='ocr_par' dir='ltr' id='par_1_11' title="bbox 510 1046 2101 1119">
     <span class='ocr_line' id='line_1_11' title="bbox 510 1046 2101 1119; baseline -0.003 -15"><span class='ocrx_word' id='word_1_61' title='bbox 510 1050 782 1104; x_wconf 86' lang='lat' dir='ltr'><strong>Caeterum</strong></span> <span class='ocrx_word' id='word_1_62' title='bbox 818 1064 943 1119; x_wconf 87' lang='lat' dir='ltr'><strong>quae</strong></span> <span class='ocrx_word' id='word_1_63' title='bbox 978 1046 1275 1115; x_wconf 78' lang='lat' dir='ltr'><strong>utrobique</strong></span> <span class='ocrx_word' id='word_1_64' title='bbox 1338 1047 1450 1099; x_wconf 86' lang='lat' dir='ltr'><strong>sint</strong></span> <span class='ocrx_word' id='word_1_65' title='bbox 1505 1056 1651 1107; x_wconf 86' lang='lat' dir='ltr'><strong>acta.</strong></span> <span class='ocrx_word' id='word_1_66' title='bbox 1706 1046 1934 1101; x_wconf 82' lang='lat' dir='ltr'><strong>historia</strong></span> <span class='ocrx_word' id='word_1_67' title='bbox 1986 1047 2101 1115; x_wconf 90' lang='lat' dir='ltr'><strong>ipsa</strong></span> 
     </span>
    </p>
   </div>
   <div class='ocr_carea' id='block_1_12' title="bbox 510 1136 2102 1210">
    <p class='ocr_par' dir='ltr' id='par_1_12' title="bbox 510 1136 2102 1210">
     <span class='ocr_line' id='line_1_12' title="bbox 510 1136 2102 1210; baseline -0.002 -17"><span class='ocrx_word' id='word_1_68' title='bbox 510 1140 776 1210; x_wconf 86' lang='lat' dir='ltr'><strong>deinceps</strong></span> <span class='ocrx_word' id='word_1_69' title='bbox 801 1140 1081 1194; x_wconf 82' lang='lat' dir='ltr'><strong>ostendet.</strong></span> <span class='ocrx_word' id='word_1_70' title='bbox 1116 1138 1177 1191; x_wconf 83' lang='lat' dir='ltr'><strong>In</strong></span> <span class='ocrx_word' id='word_1_71' title='bbox 1211 1136 1504 1206; x_wconf 69' lang='lat' dir='ltr'><strong>praesentia</strong></span> <span class='ocrx_word' id='word_1_72' title='bbox 1539 1147 1748 1202; x_wconf 85' lang='lat' dir='ltr'><strong>autem,</strong></span> <span class='ocrx_word' id='word_1_73' title='bbox 1780 1152 1903 1207; x_wconf 66' lang='lat' dir='ltr'><strong>quae</strong></span> <span class='ocrx_word' id='word_1_74' title='bbox 1932 1137 2102 1192; x_wconf 83' lang='lat' dir='ltr'><strong>Atha-</strong></span> 
     </span>
    </p>
   </div>
   <div class='ocr_carea' id='block_1_13' title="bbox 508 1228 2097 1300">
    <p class='ocr_par' dir='ltr' id='par_1_13' title="bbox 508 1228 2097 1300">
     <span class='ocr_line' id='line_1_13' title="bbox 508 1228 2097 1300; baseline -0.003 -14"><span class='ocrx_word' id='word_1_75' title='bbox 508 1232 666 1286; x_wconf 80' lang='lat' dir='ltr'><strong>nasio</strong></span> <span class='ocrx_word' id='word_1_76' title='bbox 719 1247 818 1300; x_wconf 87' lang='lat' dir='ltr'><strong>per</strong></span> <span class='ocrx_word' id='word_1_77' title='bbox 845 1246 1010 1284; x_wconf 89' lang='lat' dir='ltr'><strong>omne</strong></span> <span class='ocrx_word' id='word_1_78' title='bbox 1060 1229 1372 1284; x_wconf 88' lang='lat' dir='ltr'><strong>Constantii</strong></span> <span class='ocrx_word' id='word_1_79' title='bbox 1435 1228 1727 1299; x_wconf 87' lang='lat' dir='ltr'><strong>imperium</strong></span> <span class='ocrx_word' id='word_1_80' title='bbox 1771 1229 2097 1291; x_wconf 84' lang='lat' dir='ltr'><strong>acciderint,</strong></span> 
     </span>
    </p>
   </div>
   <div class='ocr_carea' id='block_1_14' title="bbox 511 1319 2101 1391">
    <p class='ocr_par' dir='ltr' id='par_1_14' title="bbox 511 1319 2101 1391">
     <span class='ocr_line' id='line_1_14' title="bbox 511 1319 2101 1391; baseline -0.001 -15"><span class='ocrx_word' id='word_1_81' title='bbox 511 1323 759 1377; x_wconf 77' lang='lat' dir='ltr'><strong>breviter</strong></span> <span class='ocrx_word' id='word_1_82' title='bbox 794 1322 1122 1384; x_wconf 74' lang='lat' dir='ltr'><strong>referemus,</strong></span> <span class='ocrx_word' id='word_1_83' title='bbox 1148 1330 1210 1375; x_wconf 89' lang='lat' dir='ltr'><strong>ut</strong></span> <span class='ocrx_word' id='word_1_84' title='bbox 1248 1320 1443 1375; x_wconf 86' lang='lat' dir='ltr'><strong>ordine</strong></span> <span class='ocrx_word' id='word_1_85' title='bbox 1493 1334 1597 1376; x_wconf 88' lang='lat' dir='ltr'><strong>suo</strong></span> <span class='ocrx_word' id='word_1_86' title='bbox 1634 1319 1797 1376; x_wconf 87' lang='lat' dir='ltr'><strong>nobis</strong></span> <span class='ocrx_word' id='word_1_87' title='bbox 1838 1320 2101 1391; x_wconf 84' lang='lat' dir='ltr'><strong>procedat</strong></span> 
     </span>
    </p>
   </div>
   <div class='ocr_carea' id='block_1_15' title="bbox 513 1413 717 1467">
    <p class='ocr_par' dir='ltr' id='par_1_15' title="bbox 513 1413 717 1467">
     <span class='ocr_line' id='line_1_15' title="bbox 513 1413 717 1467; baseline -0.01 0"><span class='ocrx_word' id='word_1_88' title='bbox 513 1413 717 1467; x_wconf 84' lang='lat' dir='ltr'><strong>oratio.</strong></span> 
     </span>
    </p>
   </div>
   <div class='ocr_carea' id='block_1_16' title="bbox 1056 1548 1548 1607">
    <p class='ocr_par' dir='ltr' id='par_1_16' title="bbox 1056 1548 1548 1607">
     <span class='ocr_line' id='line_1_16' title="bbox 1056 1548 1548 1607; baseline 0.002 -3"><span class='ocrx_word' id='word_1_89' title='bbox 1056 1548 1281 1607; x_wconf 76' lang='lat' dir='ltr'><strong>CAPUT</strong></span> <span class='ocrx_word' id='word_1_90' title='bbox 1306 1548 1548 1605; x_wconf 77' lang='lat' dir='ltr'><strong>XXXIV.</strong></span> 
     </span>
    </p>
   </div>
   <div class='ocr_carea' id='block_1_17' title="bbox 511 1661 2096 1737">
    <p class='ocr_par' dir='ltr' id='par_1_17' title="bbox 511 1661 2096 1737">
     <span class='ocr_line' id='line_1_17' title="bbox 511 1661 2096 1737; baseline 0.004 -22"><span class='ocrx_word' id='word_1_91' title='bbox 511 1661 656 1727; x_wconf 75' lang='lat' dir='ltr'><strong>Quas</strong></span> <span class='ocrx_word' id='word_1_92' title='bbox 703 1662 1043 1737; x_wconf 63' lang='lat' dir='ltr'><strong>calamitates</strong></span> <span class='ocrx_word' id='word_1_93' title='bbox 1095 1665 1188 1737; x_wconf 64' lang='lat' dir='ltr'><strong>sub</strong></span> <span class='ocrx_word' id='word_1_94' title='bbox 1239 1666 1463 1734; x_wconf 84' lang='lat' dir='ltr'><strong>imperio</strong></span> <span class='ocrx_word' id='word_1_95' title='bbox 1508 1664 1812 1737; x_wconf 71' lang='lat' dir='ltr'><strong>Constantii</strong></span> <span class='ocrx_word' id='word_1_96' title='bbox 1870 1683 2096 1737; x_wconf 81' lang='lat' dir='ltr'><strong>magnus</strong></span> 
     </span>
    </p>
   </div>
   <div class='ocr_carea' id='block_1_18' title="bbox 583 1732 2096 1804">
    <p class='ocr_par' dir='ltr' id='par_1_18' title="bbox 583 1732 2096 1804">
     <span class='ocr_line' id='line_1_18' title="bbox 583 1732 2096 1804; baseline 0.005 -20"><span class='ocrx_word' id='word_1_97' title='bbox 583 1732 861 1799; x_wconf 77' lang='lat' dir='ltr'><strong>pertulerit</strong></span> <span class='ocrx_word' id='word_1_98' title='bbox 913 1735 1260 1795; x_wconf 76' lang='lat' dir='ltr'><strong>Athanasius,</strong></span> <span class='ocrx_word' id='word_1_99' title='bbox 1293 1732 1342 1786; x_wconf 74' lang='lat' dir='ltr'><strong>et</strong></span> <span class='ocrx_word' id='word_1_100' title='bbox 1394 1743 1452 1787; x_wconf 87' lang='lat' dir='ltr'><strong>ut</strong></span> <span class='ocrx_word' id='word_1_101' title='bbox 1500 1736 1639 1788; x_wconf 81' lang='lat' dir='ltr'><strong>Deus</strong></span> <span class='ocrx_word' id='word_1_102' title='bbox 1671 1751 1813 1804; x_wconf 75' lang='lat' dir='ltr'><strong>awpe</strong></span> <span class='ocrx_word' id='word_1_103' title='bbox 1862 1732 1980 1789; x_wconf 66' lang='lat' dir='ltr'><strong>cuni</strong></span> <span class='ocrx_word' id='word_1_104' title='bbox 2032 1755 2096 1791; x_wconf 79' lang='lat' dir='ltr'><strong>ea:</strong></span> 
     </span>
    </p>
   </div>
   <div class='ocr_carea' id='block_1_19' title="bbox 580 1804 2092 1875">
    <p class='ocr_par' dir='ltr' id='par_1_19' title="bbox 580 1804 2092 1875">
     <span class='ocr_line' id='line_1_19' title="bbox 580 1804 2092 1875; baseline 0.005 -20"><span class='ocrx_word' id='word_1_105' title='bbox 580 1804 829 1875; x_wconf 70' lang='lat' dir='ltr'><strong>maximis</strong></span> <span class='ocrx_word' id='word_1_106' title='bbox 849 1804 1089 1856; x_wconf 81' lang='lat' dir='ltr'><strong>liberarit</strong></span> <span class='ocrx_word' id='word_1_107' title='bbox 1111 1804 1379 1875; x_wconf 70' lang='lat' dir='ltr'><strong>periculis,</strong></span> <span class='ocrx_word' id='word_1_108' title='bbox 1404 1814 1452 1858; x_wconf 85' lang='lat' dir='ltr'><strong>et</strong></span> <span class='ocrx_word' id='word_1_109' title='bbox 1483 1818 1538 1860; x_wconf 89' lang='lat' dir='ltr'><strong>ut</strong></span> <span class='ocrx_word' id='word_1_110' title='bbox 1566 1807 1614 1859; x_wconf 83' lang='lat' dir='ltr'><strong>is</strong></span> <span class='ocrx_word' id='word_1_111' title='bbox 1640 1805 1812 1860; x_wconf 78' lang='lat' dir='ltr'><strong>multa</strong></span> <span class='ocrx_word' id='word_1_112' title='bbox 1840 1806 2092 1863; x_wconf 81' lang='lat' dir='ltr'><strong>divinitus</strong></span> 
     </span>
    </p>
   </div>
   <div class='ocr_carea' id='block_1_20' title="bbox 580 1874 911 1944">
    <p class='ocr_par' dir='ltr' id='par_1_20' title="bbox 580 1874 911 1944">
     <span class='ocr_line' id='line_1_20' title="bbox 580 1874 911 1944; baseline 0.003 -19"><span class='ocrx_word' id='word_1_113' title='bbox 580 1874 911 1944; x_wconf 70' lang='lat' dir='ltr'><strong>prwviderit.</strong></span> 
     </span>
    </p>
   </div>
   <div class='ocr_carea' id='block_1_21' title="bbox 580 1980 2091 2062">
    <p class='ocr_par' dir='ltr' id='par_1_21' title="bbox 580 1980 2091 2062">
     <span class='ocr_line' id='line_1_21' title="bbox 580 1980 2091 2062; baseline 0.009 -26"><span class='ocrx_word' id='word_1_114' title='bbox 580 1983 677 2038; x_wconf 90' lang='lat' dir='ltr'><strong>llle</strong></span> <span class='ocrx_word' id='word_1_115' title='bbox 699 1982 974 2053; x_wconf 82' lang='lat' dir='ltr'><strong>siquidem</strong></span> <span class='ocrx_word' id='word_1_116' title='bbox 1003 1984 1206 2039; x_wconf 84' lang='lat' dir='ltr'><strong>auditis</strong></span> <span class='ocrx_word' id='word_1_117' title='bbox 1228 1980 1352 2054; x_wconf 69' lang='lat' dir='ltr'><strong>qua:</strong></span> <span class='ocrx_word' id='word_1_118' title='bbox 1377 1987 1646 2045; x_wconf 87' lang='lat' dir='ltr'><strong>adversus</strong></span> <span class='ocrx_word' id='word_1_119' title='bbox 1676 2007 1803 2046; x_wconf 89' lang='lat' dir='ltr'><strong>eum</strong></span> <span class='ocrx_word' id='word_1_120' title='bbox 1827 1992 1882 2046; x_wconf 89' lang='lat' dir='ltr'><strong>in</strong></span> <span class='ocrx_word' id='word_1_121' title='bbox 1912 1993 2056 2062; x_wconf 87' lang='lat' dir='ltr'><strong>impe</strong></span> <span class='ocrx_word' id='word_1_122' title='bbox 2074 2024 2091 2033; x_wconf 90' lang='lat'><strong>-</strong></span> 
     </span>
    </p>
   </div>
   <div class='ocr_carea' id='block_1_22' title="bbox 510 2076 2089 2149">
    <p class='ocr_par' dir='ltr' id='par_1_22' title="bbox 510 2076 2089 2149">
     <span class='ocr_line' id='line_1_22' title="bbox 510 2076 2089 2149; baseline 0.008 -21"><span class='ocrx_word' id='word_1_123' title='bbox 510 2076 714 2130; x_wconf 82' lang='lat' dir='ltr'><strong>ratoria</strong></span> <span class='ocrx_word' id='word_1_124' title='bbox 748 2076 874 2130; x_wconf 88' lang='lat' dir='ltr'><strong>aula</strong></span> <span class='ocrx_word' id='word_1_125' title='bbox 927 2078 1084 2130; x_wconf 83' lang='lat' dir='ltr'><strong>factae</strong></span> <span class='ocrx_word' id='word_1_126' title='bbox 1136 2078 1362 2134; x_wconf 83' lang='lat' dir='ltr'><strong>fuerant</strong></span> <span class='ocrx_word' id='word_1_127' title='bbox 1413 2083 1964 2149; x_wconf 78' lang='lat' dir='ltr'><strong>comminationibus,</strong></span> <span class='ocrx_word' id='word_1_128' title='bbox 2024 2088 2089 2140; x_wconf 90' lang='lat' dir='ltr'><strong>ad</strong></span> 
     </span>
    </p>
   </div>
   <div class='ocr_carea' id='block_1_23' title="bbox 507 2169 2089 2244">
    <p class='ocr_par' dir='ltr' id='par_1_23' title="bbox 507 2169 2089 2244">
     <span class='ocr_line' id='line_1_23' title="bbox 507 2169 2089 2244; baseline 0.006 -23"><span class='ocrx_word' id='word_1_129' title='bbox 507 2180 737 2238; x_wconf 69' lang='lat' dir='ltr'><strong>tempus</strong></span> <span class='ocrx_word' id='word_1_130' title='bbox 758 2169 1025 2239; x_wconf 78' lang='lat' dir='ltr'><strong>profugit.</strong></span> <span class='ocrx_word' id='word_1_131' title='bbox 1059 2169 1267 2224; x_wconf 84' lang='lat' dir='ltr'><strong>Deinde</strong></span> <span class='ocrx_word' id='word_1_132' title='bbox 1299 2172 1548 2242; x_wconf 91' lang='lat' dir='ltr'><strong>quinque</strong></span> <span class='ocrx_word' id='word_1_133' title='bbox 1576 2176 1671 2244; x_wconf 88' lang='lat' dir='ltr'><strong>qui</strong></span> <span class='ocrx_word' id='word_1_134' title='bbox 1699 2175 1804 2229; x_wconf 88' lang='lat' dir='ltr'><strong>sub</strong></span> <span class='ocrx_word' id='word_1_135' title='bbox 1831 2191 1899 2229; x_wconf 92' lang='lat' dir='ltr'><strong>eo</strong></span> <span class='ocrx_word' id='word_1_136' title='bbox 1929 2188 2089 2230; x_wconf 86' lang='lat' dir='ltr'><strong>erant</strong></span> 
     </span>
    </p>
   </div>
   <div class='ocr_carea' id='block_1_24' title="bbox 502 2246 2090 2334">
    <p class='ocr_par' dir='ltr' id='par_1_24' title="bbox 502 2246 2090 2334">
     <span class='ocr_line' id='line_1_24' title="bbox 502 2246 2090 2334; baseline 0.008 -23"><span class='ocrx_word' id='word_1_137' title='bbox 502 2261 783 2329; x_wconf 85' lang='lat' dir='ltr'><strong>episcopis</strong></span> <span class='ocrx_word' id='word_1_138' title='bbox 794 2260 1045 2325; x_wconf 89' lang='lat' dir='ltr'><strong>delectis,</strong></span> <span class='ocrx_word' id='word_1_139' title='bbox 1070 2261 1124 2314; x_wconf 91' lang='lat' dir='ltr'><strong>in</strong></span> <span class='ocrx_word' id='word_1_140' title='bbox 1144 2246 1349 2330; x_wconf 78' lang='lat' dir='ltr'><strong>quibus</strong></span> <span class='ocrx_word' id='word_1_141' title='bbox 1366 2264 1633 2334; x_wconf 82' lang='lat' dir='ltr'><strong>Serapion</strong></span> <span class='ocrx_word' id='word_1_142' title='bbox 1652 2267 1816 2321; x_wconf 73' lang='lat' dir='ltr'><strong>etiam</strong></span> <span class='ocrx_word' id='word_1_143' title='bbox 1836 2268 2090 2323; x_wconf 76' lang='lat' dir='ltr'><strong>Tlnuuae-</strong></span> 
     </span>
    </p>
   </div>
   <div class='ocr_carea' id='block_1_25' title="bbox 500 2351 2089 2425">
    <p class='ocr_par' dir='ltr' id='par_1_25' title="bbox 500 2351 2089 2425">
     <span class='ocr_line' id='line_1_25' title="bbox 500 2351 2089 2425; baseline 0.004 -20"><span class='ocrx_word' id='word_1_144' title='bbox 500 2368 589 2415; x_wconf 80' lang='lat' dir='ltr'><strong>us,</strong></span> <span class='ocrx_word' id='word_1_145' title='bbox 622 2353 709 2404; x_wconf 81' lang='lat' dir='ltr'><strong>vir</strong></span> <span class='ocrx_word' id='word_1_146' title='bbox 737 2352 831 2405; x_wconf 85' lang='lat' dir='ltr'><strong>Dei</strong></span> <span class='ocrx_word' id='word_1_147' title='bbox 872 2351 926 2405; x_wconf 87' lang='lat' dir='ltr'><strong>in</strong></span> <span class='ocrx_word' id='word_1_148' title='bbox 973 2351 1168 2419; x_wconf 86' lang='lat' dir='ltr'><strong>primis</strong></span> <span class='ocrx_word' id='word_1_149' title='bbox 1194 2368 1408 2419; x_wconf 89' lang='lat' dir='ltr'><strong>amans,</strong></span> <span class='ocrx_word' id='word_1_150' title='bbox 1450 2365 1614 2425; x_wconf 88' lang='lat' dir='ltr'><strong>atque</strong></span> <span class='ocrx_word' id='word_1_151' title='bbox 1645 2357 1702 2410; x_wconf 90' lang='lat' dir='ltr'><strong>in</strong></span> <span class='ocrx_word' id='word_1_152' title='bbox 1734 2358 1971 2411; x_wconf 86' lang='lat' dir='ltr'><strong>dicendo</strong></span> <span class='ocrx_word' id='word_1_153' title='bbox 2034 2370 2089 2411; x_wconf 90' lang='lat' dir='ltr'><strong>et</strong></span> 
     </span>
    </p>
   </div>
   <div class='ocr_carea' id='block_1_26' title="bbox 498 2443 2087 2514">
    <p class='ocr_par' dir='ltr' id='par_1_26' title="bbox 498 2443 2087 2514">
     <span class='ocr_line' id='line_1_26' title="bbox 498 2443 2087 2514; baseline 0.005 -17"><span class='ocrx_word' id='word_1_154' title='bbox 498 2444 791 2498; x_wconf 75' lang='lat' dir='ltr'><strong>scribendo</strong></span> <span class='ocrx_word' id='word_1_155' title='bbox 816 2443 996 2513; x_wconf 79' lang='lat' dir='ltr'><strong>gravis</strong></span> <span class='ocrx_word' id='word_1_156' title='bbox 1046 2444 1171 2508; x_wconf 86' lang='lat' dir='ltr'><strong>fuit,</strong></span> <span class='ocrx_word' id='word_1_157' title='bbox 1201 2445 1269 2498; x_wconf 88' lang='lat' dir='ltr'><strong>ad</strong></span> <span class='ocrx_word' id='word_1_158' title='bbox 1292 2447 1683 2514; x_wconf 86' lang='lat' dir='ltr'><strong>imperatorem</strong></span> <span class='ocrx_word' id='word_1_159' title='bbox 1714 2449 1767 2502; x_wconf 92' lang='lat' dir='ltr'><strong>in</strong></span> <span class='ocrx_word' id='word_1_160' title='bbox 1787 2449 2087 2505; x_wconf 82' lang='lat' dir='ltr'><strong>Occidente</strong></span> 
     </span>
    </p>
   </div>
   <div class='ocr_carea' id='block_1_27' title="bbox 498 2537 2089 2615">
    <p class='ocr_par' dir='ltr' id='par_1_27' title="bbox 498 2537 2089 2615">
     <span class='ocr_line' id='line_1_27' title="bbox 498 2537 2089 2615; baseline 0.006 -28"><span class='ocrx_word' id='word_1_161' title='bbox 498 2542 792 2605; x_wconf 77' lang='lat' dir='ltr'><strong>degentem</strong></span> <span class='ocrx_word' id='word_1_162' title='bbox 824 2552 925 2590; x_wconf 78' lang='lat' dir='ltr'><strong>eos</strong></span> <span class='ocrx_word' id='word_1_163' title='bbox 953 2537 1121 2599; x_wconf 84' lang='lat' dir='ltr'><strong>misit,</strong></span> <span class='ocrx_word' id='word_1_164' title='bbox 1153 2537 1335 2593; x_wconf 89' lang='lat' dir='ltr'><strong>tribus</strong></span> <span class='ocrx_word' id='word_1_165' title='bbox 1353 2554 1419 2592; x_wconf 79' lang='lat' dir='ltr'><strong>ex</strong></span> <span class='ocrx_word' id='word_1_166' title='bbox 1450 2539 1684 2595; x_wconf 85' lang='lat' dir='ltr'><strong>ecclesia</strong></span> <span class='ocrx_word' id='word_1_167' title='bbox 1722 2557 1819 2597; x_wconf 84' lang='lat' dir='ltr'><strong>sua</strong></span> <span class='ocrx_word' id='word_1_168' title='bbox 1862 2543 2089 2615; x_wconf 73' lang='lat' dir='ltr'><strong>presby-</strong></span> 
     </span>
    </p>
   </div>
   <div class='ocr_carea' id='block_1_28' title="bbox 503 2628 2084 2699">
    <p class='ocr_par' dir='ltr' id='par_1_28' title="bbox 503 2628 2084 2699">
     <span class='ocr_line' id='line_1_28' title="bbox 503 2628 2084 2699; baseline 0.004 -18"><span class='ocrx_word' id='word_1_169' title='bbox 503 2629 640 2682; x_wconf 81' lang='lat' dir='ltr'><strong>tetis</strong></span> <span class='ocrx_word' id='word_1_170' title='bbox 668 2629 907 2683; x_wconf 88' lang='lat' dir='ltr'><strong>additis:</strong></span> <span class='ocrx_word' id='word_1_171' title='bbox 950 2628 1068 2697; x_wconf 91' lang='lat' dir='ltr'><strong>qui,</strong></span> <span class='ocrx_word' id='word_1_172' title='bbox 1093 2629 1139 2683; x_wconf 90' lang='lat' dir='ltr'><strong>si</strong></span> <span class='ocrx_word' id='word_1_173' title='bbox 1174 2628 1228 2683; x_wconf 87' lang='lat' dir='ltr'><strong>id</strong></span> <span class='ocrx_word' id='word_1_174' title='bbox 1261 2630 1860 2699; x_wconf 85' lang='lat' dir='ltr'><strong>imperatorjussisset.</strong></span> <span class='ocrx_word' id='word_1_175' title='bbox 1885 2635 2084 2689; x_wconf 81' lang='lat' dir='ltr'><strong>adver-</strong></span> 
     </span>
    </p>
   </div>
   <div class='ocr_carea' id='block_1_29' title="bbox 498 2720 2082 2794">
    <p class='ocr_par' dir='ltr' id='par_1_29' title="bbox 498 2720 2082 2794">
     <span class='ocr_line' id='line_1_29' title="bbox 498 2720 2082 2794; baseline 0.003 -20"><span class='ocrx_word' id='word_1_176' title='bbox 498 2721 773 2774; x_wconf 87' lang='lat' dir='ltr'><strong>sariorum</strong></span> <span class='ocrx_word' id='word_1_177' title='bbox 813 2720 1120 2774; x_wconf 76' lang='lat' dir='ltr'><strong>calumnias</strong></span> <span class='ocrx_word' id='word_1_178' title='bbox 1168 2720 1550 2777; x_wconf 86' lang='lat' dir='ltr'><strong>confutarent.</strong></span> <span class='ocrx_word' id='word_1_179' title='bbox 1597 2723 1738 2778; x_wconf 87' lang='lat' dir='ltr'><strong>Dum</strong></span> <span class='ocrx_word' id='word_1_180' title='bbox 1777 2726 1853 2779; x_wconf 90' lang='lat' dir='ltr'><strong>illi</strong></span> <span class='ocrx_word' id='word_1_181' title='bbox 1913 2729 2082 2794; x_wconf 78' lang='lat' dir='ltr'><strong>profi-</strong></span> 
     </span>
    </p>
   </div>
   <div class='ocr_carea' id='block_1_30' title="bbox 492 2813 2084 2886">
    <p class='ocr_par' dir='ltr' id='par_1_30' title="bbox 492 2813 2084 2886">
     <span class='ocr_line' id='line_1_30' title="bbox 492 2813 2084 2886; baseline 0.004 -20"><span class='ocrx_word' id='word_1_182' title='bbox 492 2818 809 2872; x_wconf 79' lang='lat' dir='ltr'><strong>ciscuntur,</strong></span> <span class='ocrx_word' id='word_1_183' title='bbox 850 2813 1198 2880; x_wconf 81' lang='lat' dir='ltr'><strong>imperatoris</strong></span> <span class='ocrx_word' id='word_1_184' title='bbox 1246 2813 1458 2868; x_wconf 89' lang='lat' dir='ltr'><strong>interea</strong></span> <span class='ocrx_word' id='word_1_185' title='bbox 1494 2816 1717 2879; x_wconf 58' lang='lat' dir='ltr'><strong>littera,</strong></span> <span class='ocrx_word' id='word_1_186' title='bbox 1757 2817 1962 2886; x_wconf 86' lang='lat' dir='ltr'><strong>quibus</strong></span> <span class='ocrx_word' id='word_1_187' title='bbox 2016 2819 2084 2873; x_wconf 88' lang='lat' dir='ltr'><strong>ad</strong></span> 
     </span>
    </p>
   </div>
   <div class='ocr_carea' id='block_1_31' title="bbox 492 2902 2082 2975">
    <p class='ocr_par' dir='ltr' id='par_1_31' title="bbox 492 2902 2082 2975">
     <span class='ocr_line' id='line_1_31' title="bbox 492 2902 2082 2975; baseline 0.009 -25"><span class='ocrx_word' id='word_1_188' title='bbox 492 2917 619 2955; x_wconf 63' lang='lat' dir='ltr'><strong>eum</strong></span> <span class='ocrx_word' id='word_1_189' title='bbox 647 2902 1003 2967; x_wconf 79' lang='lat' dir='ltr'><strong>evocabatur,</strong></span> <span class='ocrx_word' id='word_1_190' title='bbox 1042 2903 1379 2959; x_wconf 73' lang='lat' dir='ltr'><strong>afferuntur.</strong></span> <span class='ocrx_word' id='word_1_191' title='bbox 1413 2906 1608 2975; x_wconf 85' lang='lat' dir='ltr'><strong>itaque</strong></span> <span class='ocrx_word' id='word_1_192' title='bbox 1657 2906 1777 2974; x_wconf 85' lang='lat' dir='ltr'><strong>ipse</strong></span> <span class='ocrx_word' id='word_1_193' title='bbox 1807 2923 1933 2962; x_wconf 90' lang='lat' dir='ltr'><strong>cum</strong></span> <span class='ocrx_word' id='word_1_194' title='bbox 1966 2910 2082 2965; x_wconf 86' lang='lat' dir='ltr'><strong>suis</strong></span> 
     </span>
    </p>
   </div>
   <div class='ocr_carea' id='block_1_32' title="bbox 495 2995 2084 3070">
    <p class='ocr_par' dir='ltr' id='par_1_32' title="bbox 495 2995 2084 3070">
     <span class='ocr_line' id='line_1_32' title="bbox 495 2995 2084 3070; baseline 0.006 -23"><span class='ocrx_word' id='word_1_195' title='bbox 495 2997 549 3047; x_wconf 86' lang='lat' dir='ltr'><strong>in</strong></span> <span class='ocrx_word' id='word_1_196' title='bbox 585 2995 736 3064; x_wconf 78' lang='lat' dir='ltr'><strong>gravi</strong></span> <span class='ocrx_word' id='word_1_197' title='bbox 770 3005 890 3050; x_wconf 88' lang='lat' dir='ltr'><strong>erat</strong></span> <span class='ocrx_word' id='word_1_198' title='bbox 915 3012 1049 3049; x_wconf 75' lang='lat' dir='ltr'><strong>cura</strong></span> <span class='ocrx_word' id='word_1_199' title='bbox 1079 3005 1136 3050; x_wconf 90' lang='lat' dir='ltr'><strong>et</strong></span> <span class='ocrx_word' id='word_1_200' title='bbox 1160 2997 1556 3053; x_wconf 83' lang='lat' dir='ltr'><strong>sollicitudine.</strong></span> <span class='ocrx_word' id='word_1_201' title='bbox 1598 2999 1797 3070; x_wconf 85' lang='lat' dir='ltr'><strong>Neque</strong></span> <span class='ocrx_word' id='word_1_202' title='bbox 1821 3003 1970 3056; x_wconf 88' lang='lat' dir='ltr'><strong>enim</strong></span> <span class='ocrx_word' id='word_1_203' title='bbox 2001 3014 2084 3057; x_wconf 88' lang='lat' dir='ltr'><strong>tu-</strong></span> 
     </span>
    </p>
   </div>
   <div class='ocr_carea' id='block_1_33' title="bbox 2208 500 3774 577">
    <p class='ocr_par' dir='ltr' id='par_1_33' title="bbox 2208 500 3774 577">
     <span class='ocr_line' id='line_1_33' title="bbox 2208 500 3774 577; baseline 0.006 -24"><span class='ocrx_word' id='word_1_204' title='bbox 2208 500 2463 554; x_wconf 76' lang='grc' dir='ltr'><strong>ἐκὲλευεν</strong></span> <span class='ocrx_word' id='word_1_205' title='bbox 2490 517 2503 530; x_wconf 74' lang='grc' dir='ltr'><strong>ο</strong></span> <span class='ocrx_word' id='word_1_206' title='bbox 2557 501 2638 563; x_wconf 75' lang='grc' dir='ltr'><strong>εἰς</strong></span> <span class='ocrx_word' id='word_1_207' title='bbox 2698 500 3017 555; x_wconf 76' lang='grc' dir='ltr'><strong>τούναντίον</strong></span> <span class='ocrx_word' id='word_1_208' title='bbox 3076 500 3135 554; x_wconf 78' lang='grc' dir='ltr'><strong>δὲ</strong></span> <span class='ocrx_word' id='word_1_209' title='bbox 3195 502 3502 570; x_wconf 70' lang='grc' dir='ltr'><strong>μεθίστατο</strong></span> <span class='ocrx_word' id='word_1_210' title='bbox 3558 506 3699 577; x_wconf 81' lang='grc' dir='ltr'><strong>αὐτῷ</strong></span> <span class='ocrx_word' id='word_1_211' title='bbox 3747 510 3774 562; x_wconf 88' lang='lat'><strong>6</strong></span> 
     </span>
    </p>
   </div>
   <div class='ocr_carea' id='block_1_34' title="bbox 2209 590 3770 669">
    <p class='ocr_par' dir='ltr' id='par_1_34' title="bbox 2209 590 3770 669">
     <span class='ocr_line' id='line_1_34' title="bbox 2209 590 3770 669; baseline 0.006 -25"><span class='ocrx_word' id='word_1_212' title='bbox 2209 591 2435 654; x_wconf 84' lang='grc' dir='ltr'><strong>σκοπός.</strong></span> <span class='ocrx_word' id='word_1_213' title='bbox 2489 592 2603 665; x_wconf 53' lang='grc' dir='ltr'><strong>Καί</strong></span> <span class='ocrx_word' id='word_1_214' title='bbox 2647 591 2818 659; x_wconf 76' lang='grc' dir='ltr'><strong>ἄμφω</strong></span> <span class='ocrx_word' id='word_1_215' title='bbox 2865 591 2925 644; x_wconf 79' lang='grc' dir='ltr'><strong>δὲ</strong></span> <span class='ocrx_word' id='word_1_216' title='bbox 2970 590 3098 645; x_wconf 82' lang='grc' dir='ltr'><strong>καθ’</strong></span> <span class='ocrx_word' id='word_1_217' title='bbox 3152 592 3384 656; x_wconf 74' lang='grc' dir='ltr'><strong>ἑαυτοὺς</strong></span> <span class='ocrx_word' id='word_1_218' title='bbox 3430 595 3770 669; x_wconf 78' lang='grc' dir='ltr'><strong>διῃρέθησαν.</strong></span> 
     </span>
    </p>
   </div>
   <div class='ocr_carea' id='block_1_35' title="bbox 2207 680 3777 757">
    <p class='ocr_par' dir='ltr' id='par_1_35' title="bbox 2207 680 3777 757">
     <span class='ocr_line' id='line_1_35' title="bbox 2207 680 3777 757; baseline -0.001 -23"><span class='ocrx_word' id='word_1_219' title='bbox 2207 680 2345 734; x_wconf 78' lang='grc' dir='ltr'><strong>Οὔτε</strong></span> <span class='ocrx_word' id='word_1_220' title='bbox 2385 681 2494 752; x_wconf 80' lang='grc' dir='ltr'><strong>γὰρ</strong></span> <span class='ocrx_word' id='word_1_221' title='bbox 2518 682 2569 734; x_wconf 80' lang='lat' dir='ltr'><strong>oi.</strong></span> <span class='ocrx_word' id='word_1_222' title='bbox 2602 682 2663 734; x_wconf 89' lang='grc' dir='ltr'><strong>ἐν</strong></span> <span class='ocrx_word' id='word_1_223' title='bbox 2699 680 2968 750; x_wconf 81' lang='grc' dir='ltr'><strong>’Δριμίνῳ</strong></span> <span class='ocrx_word' id='word_1_224' title='bbox 3006 680 3148 748; x_wconf 79' lang='grc' dir='ltr'><strong>πρὸς</strong></span> <span class='ocrx_word' id='word_1_225' title='bbox 3192 681 3425 745; x_wconf 80' lang='grc' dir='ltr'><strong>ἑαυτοὺς</strong></span> <span class='ocrx_word' id='word_1_226' title='bbox 3480 685 3777 757; x_wconf 82' lang='grc' dir='ltr'><strong>συνεφώνη.</strong></span> 
     </span>
    </p>
   </div>
   <div class='ocr_carea' id='block_1_36' title="bbox 2208 772 3772 849">
    <p class='ocr_par' dir='ltr' id='par_1_36' title="bbox 2208 772 3772 849">
     <span class='ocr_line' id='line_1_36' title="bbox 2208 772 3772 849; baseline 0.005 -24"><span class='ocrx_word' id='word_1_227' title='bbox 2208 789 2310 825; x_wconf 86' lang='grc' dir='ltr'><strong>σαν</strong></span> <span class='ocrx_word' id='word_1_228' title='bbox 2337 788 2351 802; x_wconf 90' lang='grc'><strong>·</strong></span> <span class='ocrx_word' id='word_1_229' title='bbox 2404 772 2594 841; x_wconf 71' lang='grc' dir='ltr'><strong>μεῖξον</strong></span> <span class='ocrx_word' id='word_1_230' title='bbox 2622 773 2679 824; x_wconf 81' lang='grc' dir='ltr'><strong>δὲ</strong></span> <span class='ocrx_word' id='word_1_231' title='bbox 2714 773 2812 825; x_wconf 77' lang='grc' dir='ltr'><strong>καὶ</strong></span> <span class='ocrx_word' id='word_1_232' title='bbox 2837 772 2898 824; x_wconf 82' lang='grc' dir='ltr'><strong>τὸ</strong></span> <span class='ocrx_word' id='word_1_233' title='bbox 2930 772 3121 841; x_wconf 79' lang='grc' dir='ltr'><strong>ῥῆγμα</strong></span> <span class='ocrx_word' id='word_1_234' title='bbox 3147 774 3195 825; x_wconf 78' lang='lat' dir='ltr'><strong>oi</strong></span> <span class='ocrx_word' id='word_1_235' title='bbox 3225 774 3283 826; x_wconf 75' lang='grc' dir='ltr'><strong>ἐν</strong></span> <span class='ocrx_word' id='word_1_236' title='bbox 3309 774 3654 848; x_wconf 68' lang='grc' dir='ltr'><strong>Νικομηδείςι</strong></span> <span class='ocrx_word' id='word_1_237' title='bbox 3679 782 3772 849; x_wconf 82' lang='grc' dir='ltr'><strong>μὲν</strong></span> 
     </span>
    </p>
   </div>
   <div class='ocr_carea' id='block_1_37' title="bbox 2208 862 3775 934">
    <p class='ocr_par' dir='ltr' id='par_1_37' title="bbox 2208 862 3775 934">
     <span class='ocr_line' id='line_1_37' title="bbox 2208 862 3775 934; baseline 0.004 -19"><span class='ocrx_word' id='word_1_238' title='bbox 2208 863 2422 933; x_wconf 82' lang='grc' dir='ltr'><strong>σεισμῷ</strong></span> <span class='ocrx_word' id='word_1_239' title='bbox 2448 862 2812 926; x_wconf 75' lang='grc' dir='ltr'><strong>κωλυθέντες,</strong></span> <span class='ocrx_word' id='word_1_240' title='bbox 2845 865 2903 915; x_wconf 79' lang='grc' dir='ltr'><strong>ἐν</strong></span> <span class='ocrx_word' id='word_1_241' title='bbox 2932 862 3229 934; x_wconf 73' lang='grc' dir='ltr'><strong>Σελευκείᾳ</strong></span> <span class='ocrx_word' id='word_1_242' title='bbox 3276 863 3331 916; x_wconf 77' lang='grc' dir='ltr'><strong>δὲ</strong></span> <span class='ocrx_word' id='word_1_243' title='bbox 3368 866 3584 918; x_wconf 80' lang='grc' dir='ltr'><strong>ἐκεῖθεν</strong></span> <span class='ocrx_word' id='word_1_244' title='bbox 3627 885 3775 921; x_wconf 87' lang='grc' dir='ltr'><strong>συνα-</strong></span> 
     </span>
    </p>
   </div>
   <div class='ocr_carea' id='block_1_38' title="bbox 2206 952 3775 1023">
    <p class='ocr_par' dir='ltr' id='par_1_38' title="bbox 2206 952 3775 1023">
     <span class='ocr_line' id='line_1_38' title="bbox 2206 952 3775 1023; baseline 0.003 -16"><span class='ocrx_word' id='word_1_245' title='bbox 2206 953 2580 1020; x_wconf 82' lang='grc' dir='ltr'><strong>θροισθέντες.</strong></span> <span class='ocrx_word' id='word_1_246' title='bbox 2638 957 2998 1023; x_wconf 82' lang='grc' dir='ltr'><strong>εἰργάσαντο.</strong></span> <span class='ocrx_word' id='word_1_247' title='bbox 3040 952 3181 1006; x_wconf 79' lang='grc' dir='ltr'><strong>Ἀλλ’</strong></span> <span class='ocrx_word' id='word_1_248' title='bbox 3243 954 3394 1018; x_wconf 85' lang='grc' dir='ltr'><strong>ὅπως</strong></span> <span class='ocrx_word' id='word_1_249' title='bbox 3456 957 3556 1023; x_wconf 81' lang='grc' dir='ltr'><strong>μὲν</strong></span> <span class='ocrx_word' id='word_1_250' title='bbox 3608 958 3673 1011; x_wconf 75' lang='grc' dir='ltr'><strong>τὰ</strong></span> <span class='ocrx_word' id='word_1_251' title='bbox 3724 960 3775 1012; x_wconf 79' lang='grc' dir='ltr'><strong>ἐν</strong></span> 
     </span>
    </p>
   </div>
   <div class='ocr_carea' id='block_1_39' title="bbox 2203 1043 3771 1117">
    <p class='ocr_par' dir='ltr' id='par_1_39' title="bbox 2203 1043 3771 1117">
     <span class='ocr_line' id='line_1_39' title="bbox 2203 1043 3771 1117; baseline 0.003 -19"><span class='ocrx_word' id='word_1_252' title='bbox 2203 1046 2444 1108; x_wconf 81' lang='grc' dir='ltr'><strong>ἐκείναις</strong></span> <span class='ocrx_word' id='word_1_253' title='bbox 2466 1046 2812 1114; x_wconf 71' lang='grc' dir='ltr'><strong>γεγένηνται,</strong></span> <span class='ocrx_word' id='word_1_254' title='bbox 2833 1047 2943 1107; x_wconf 87' lang='grc' dir='ltr'><strong>τοῖς</strong></span> <span class='ocrx_word' id='word_1_255' title='bbox 2974 1043 3171 1114; x_wconf 78' lang='grc' dir='ltr'><strong>ἐφεξῆς</strong></span> <span class='ocrx_word' id='word_1_256' title='bbox 3201 1046 3233 1116; x_wconf 69' lang='grc' dir='ltr'>ἡ</span> <span class='ocrx_word' id='word_1_257' title='bbox 3271 1045 3488 1113; x_wconf 75' lang='grc' dir='ltr'><strong>ἱστορία</strong></span> <span class='ocrx_word' id='word_1_258' title='bbox 3514 1047 3771 1117; x_wconf 76' lang='grc' dir='ltr'><strong>δηλώσει·</strong></span> 
     </span>
    </p>
   </div>
   <div class='ocr_carea' id='block_1_40' title="bbox 2203 1138 3773 1213">
    <p class='ocr_par' dir='ltr' id='par_1_40' title="bbox 2203 1138 3773 1213">
     <span class='ocr_line' id='line_1_40' title="bbox 2203 1138 3773 1213; baseline 0.001 -21"><span class='ocrx_word' id='word_1_259' title='bbox 2203 1140 2326 1192; x_wconf 78' lang='grc' dir='ltr'>νυνὶ</span> <span class='ocrx_word' id='word_1_260' title='bbox 2354 1138 2414 1191; x_wconf 80' lang='grc' dir='ltr'><strong>δὲ</strong></span> <span class='ocrx_word' id='word_1_261' title='bbox 2457 1138 2590 1207; x_wconf 77' lang='grc' dir='ltr'><strong>περὶ</strong></span> <span class='ocrx_word' id='word_1_262' title='bbox 2632 1138 2741 1193; x_wconf 82' lang='grc' dir='ltr'><strong>τῶν</strong></span> <span class='ocrx_word' id='word_1_263' title='bbox 2771 1140 3103 1207; x_wconf 78' lang='grc' dir='ltr'><strong>συμὸἀντων</strong></span> <span class='ocrx_word' id='word_1_264' title='bbox 3141 1139 3449 1210; x_wconf 83' lang='grc' dir='ltr'><strong>Ἀθανασίῳ</strong></span> <span class='ocrx_word' id='word_1_265' title='bbox 3482 1142 3616 1213; x_wconf 85' lang='grc' dir='ltr'><strong>παρ’</strong></span> <span class='ocrx_word' id='word_1_266' title='bbox 3655 1143 3773 1212; x_wconf 76' lang='grc' dir='ltr'><strong>ὅλην</strong></span> 
     </span>
    </p>
   </div>
   <div class='ocr_carea' id='block_1_41' title="bbox 2201 1231 3777 1302">
    <p class='ocr_par' dir='ltr' id='par_1_41' title="bbox 2201 1231 3777 1302">
     <span class='ocr_line' id='line_1_41' title="bbox 2201 1231 3777 1302; baseline 0.003 -18"><span class='ocrx_word' id='word_1_267' title='bbox 2201 1236 2303 1301; x_wconf 78' lang='grc' dir='ltr'><strong>τὴν</strong></span> <span class='ocrx_word' id='word_1_268' title='bbox 2353 1231 2533 1302; x_wconf 79' lang='grc' dir='ltr'><strong>ἀρχὴν</strong></span> <span class='ocrx_word' id='word_1_269' title='bbox 2583 1232 2972 1287; x_wconf 81' lang='grc' dir='ltr'><strong>Κωνσταντίου</strong></span> <span class='ocrx_word' id='word_1_270' title='bbox 3026 1231 3406 1302; x_wconf 76' lang='grc' dir='ltr'><strong>διαληψόμεθα</strong></span> <span class='ocrx_word' id='word_1_271' title='bbox 3457 1234 3547 1287; x_wconf 80' lang='grc' dir='ltr'><strong>διὰ</strong></span> <span class='ocrx_word' id='word_1_272' title='bbox 3588 1235 3648 1288; x_wconf 81' lang='grc' dir='ltr'><strong>τὸ</strong></span> <span class='ocrx_word' id='word_1_273' title='bbox 3695 1236 3777 1288; x_wconf 83' lang='grc' dir='ltr'><strong>εύ-</strong></span> 
     </span>
    </p>
   </div>
   <div class='ocr_carea' id='block_1_42' title="bbox 2204 1322 3562 1396">
    <p class='ocr_par' dir='ltr' id='par_1_42' title="bbox 2204 1322 3562 1396">
     <span class='ocr_line' id='line_1_42' title="bbox 2204 1322 3562 1396; baseline 0.001 -19"><span class='ocrx_word' id='word_1_274' title='bbox 2204 1323 2495 1388; x_wconf 83' lang='grc' dir='ltr'><strong>σύνοπτον,</strong></span> <span class='ocrx_word' id='word_1_275' title='bbox 2521 1322 2613 1379; x_wconf 84' lang='grc' dir='ltr'><strong>ίνα</strong></span> <span class='ocrx_word' id='word_1_276' title='bbox 2648 1325 2777 1378; x_wconf 82' lang='grc' dir='ltr'><strong>καθ’</strong></span> <span class='ocrx_word' id='word_1_277' title='bbox 2809 1323 2929 1376; x_wconf 80' lang='grc' dir='ltr'><strong>ὁδὸν</strong></span> <span class='ocrx_word' id='word_1_278' title='bbox 2962 1324 3095 1394; x_wconf 77' lang='grc' dir='ltr'><strong>ἡμῖν</strong></span> <span class='ocrx_word' id='word_1_279' title='bbox 3119 1326 3149 1378; x_wconf 98' lang='lat'><strong>6</strong></span> <span class='ocrx_word' id='word_1_280' title='bbox 3177 1325 3334 1392; x_wconf 86' lang='grc' dir='ltr'><strong>λόγος</strong></span> <span class='ocrx_word' id='word_1_281' title='bbox 3373 1324 3562 1396; x_wconf 75' lang='grc' dir='ltr'><strong>προΐῃ.</strong></span> 
     </span>
    </p>
   </div>
   <div class='ocr_carea' id='block_1_43' title="bbox 2783 1530 3204 1586">
    <p class='ocr_par' dir='ltr' id='par_1_43' title="bbox 2783 1530 3204 1586">
     <span class='ocr_line' id='line_1_43' title="bbox 2783 1530 3204 1586; baseline 0.005 -4"><span class='ocrx_word' id='word_1_282' title='bbox 2783 1530 3035 1586; x_wconf 74' lang='grc' dir='ltr'><strong>ΚΕΦΑΔ.</strong></span> <span class='ocrx_word' id='word_1_283' title='bbox 3082 1530 3204 1584; x_wconf 88' lang='grc' dir='ltr'><strong>ΛΔ’.</strong></span> 
     </span>
    </p>
   </div>
   <div class='ocr_carea' id='block_1_44' title="bbox 2204 1642 3773 1715">
    <p class='ocr_par' dir='ltr' id='par_1_44' title="bbox 2204 1642 3773 1715">
     <span class='ocr_line' id='line_1_44' title="bbox 2204 1642 3773 1715; baseline 0.004 -20"><span class='ocrx_word' id='word_1_284' title='bbox 2204 1643 2364 1697; x_wconf 87' lang='grc' dir='ltr'><strong>Ὅσα</strong></span> <span class='ocrx_word' id='word_1_285' title='bbox 2392 1642 2513 1715; x_wconf 81' lang='grc' dir='ltr'><strong>τῶν</strong></span> <span class='ocrx_word' id='word_1_286' title='bbox 2543 1642 2762 1715; x_wconf 55' lang='grc' dir='ltr'><strong>δειρῇ-ῶν</strong></span> <span class='ocrx_word' id='word_1_287' title='bbox 2787 1643 2867 1709; x_wconf 79' lang='grc' dir='ltr'><strong>τῷ</strong></span> <span class='ocrx_word' id='word_1_288' title='bbox 2893 1645 3135 1712; x_wconf 67' lang='grc' dir='ltr'><strong>μεγάλῳ</strong></span> <span class='ocrx_word' id='word_1_289' title='bbox 3187 1646 3530 1711; x_wconf 77' lang='grc' dir='ltr'><strong>’Δθανασίῳ</strong></span> <span class='ocrx_word' id='word_1_290' title='bbox 3561 1644 3773 1715; x_wconf 73' lang='grc' dir='ltr'><strong>συνέϐη</strong></span> 
     </span>
    </p>
   </div>
   <div class='ocr_carea' id='block_1_45' title="bbox 2270 1713 3772 1781">
    <p class='ocr_par' dir='ltr' id='par_1_45' title="bbox 2270 1713 3772 1781">
     <span class='ocr_line' id='line_1_45' title="bbox 2270 1713 3772 1781; baseline 0.001 -14"><span class='ocrx_word' id='word_1_291' title='bbox 2270 1716 2341 1767; x_wconf 81' lang='grc' dir='ltr'><strong>ἐν</strong></span> <span class='ocrx_word' id='word_1_292' title='bbox 2368 1714 2444 1780; x_wconf 79' lang='grc' dir='ltr'><strong>τῇ</strong></span> <span class='ocrx_word' id='word_1_293' title='bbox 2502 1713 2664 1781; x_wconf 77' lang='grc' dir='ltr'><strong>ἀρχῇ</strong></span> <span class='ocrx_word' id='word_1_294' title='bbox 2730 1717 3194 1770; x_wconf 75' lang='grc' dir='ltr'><strong>Κωνσταντίου·</strong></span> <span class='ocrx_word' id='word_1_295' title='bbox 3257 1717 3358 1769; x_wconf 80' lang='grc' dir='ltr'><strong>καί</strong></span> <span class='ocrx_word' id='word_1_296' title='bbox 3398 1716 3488 1769; x_wconf 87' lang='grc' dir='ltr'><strong>ὅτι</strong></span> <span class='ocrx_word' id='word_1_297' title='bbox 3513 1718 3579 1769; x_wconf 86' lang='grc' dir='ltr'><strong>τὸ</strong></span> <span class='ocrx_word' id='word_1_298' title='bbox 3613 1713 3772 1772; x_wconf 78' lang='grc' dir='ltr'><strong><em>Θεῖοῦ</em></strong></span> 
     </span>
    </p>
   </div>
   <div class='ocr_carea' id='block_1_46' title="bbox 2272 1784 3774 1857">
    <p class='ocr_par' dir='ltr' id='par_1_46' title="bbox 2272 1784 3774 1857">
     <span class='ocr_line' id='line_1_46' title="bbox 2272 1784 3774 1857; baseline 0.002 -20"><span class='ocrx_word' id='word_1_299' title='bbox 2272 1788 2462 1839; x_wconf 81' lang='grc' dir='ltr'><strong>αὐτὸν</strong></span> <span class='ocrx_word' id='word_1_300' title='bbox 2496 1784 2798 1857; x_wconf 46' lang='grc' dir='ltr'><strong>πολιλάκις</strong></span> <span class='ocrx_word' id='word_1_301' title='bbox 2851 1785 2973 1857; x_wconf 52' lang='grc' dir='ltr'><strong>τῶν</strong></span> <span class='ocrx_word' id='word_1_302' title='bbox 2995 1784 3215 1840; x_wconf 76' lang='grc' dir='ltr'><strong>δεινῶν</strong></span> <span class='ocrx_word' id='word_1_303' title='bbox 3258 1788 3634 1857; x_wconf 71' lang='grc' dir='ltr'><strong>ὑπεξήγαγε,</strong></span> <span class='ocrx_word' id='word_1_304' title='bbox 3681 1787 3774 1841; x_wconf 75' lang='grc' dir='ltr'><strong>καί</strong></span> 
     </span>
    </p>
   </div>
   <div class='ocr_carea' id='block_1_47' title="bbox 2269 1854 3158 1926">
    <p class='ocr_par' dir='ltr' id='par_1_47' title="bbox 2269 1854 3158 1926">
     <span class='ocr_line' id='line_1_47' title="bbox 2269 1854 3158 1926; baseline 0.001 -16"><span class='ocrx_word' id='word_1_305' title='bbox 2269 1857 2436 1920; x_wconf 84' lang='grc' dir='ltr'><strong>θείας</strong></span> <span class='ocrx_word' id='word_1_306' title='bbox 2464 1854 2706 1925; x_wconf 76' lang='grc' dir='ltr'><strong><em>μετεῖχε</em></strong></span> <span class='ocrx_word' id='word_1_307' title='bbox 2733 1855 3158 1926; x_wconf 66' lang='grc' dir='ltr'><strong>προγνώσεως.</strong></span> 
     </span>
    </p>
   </div>
   <div class='ocr_carea' id='block_1_48' title="bbox 2280 1970 3772 2045">
    <p class='ocr_par' dir='ltr' id='par_1_48' title="bbox 2280 1970 3772 2045">
     <span class='ocr_line' id='line_1_48' title="bbox 2280 1970 3772 2045; baseline 0.003 -22"><span class='ocrx_word' id='word_1_308' title='bbox 2280 1970 2518 2033; x_wconf 77' lang='grc' dir='ltr'><strong>Ἐκεῖνος</strong></span> <span class='ocrx_word' id='word_1_309' title='bbox 2562 1971 2674 2044; x_wconf 84' lang='grc' dir='ltr'><strong>γὰρ</strong></span> <span class='ocrx_word' id='word_1_310' title='bbox 2708 1971 3020 2043; x_wconf 84' lang='grc' dir='ltr'><strong>πυθόμενος</strong></span> <span class='ocrx_word' id='word_1_311' title='bbox 3048 1974 3151 2045; x_wconf 78' lang='grc' dir='ltr'><strong>τὴν</strong></span> <span class='ocrx_word' id='word_1_312' title='bbox 3196 1975 3255 2028; x_wconf 80' lang='grc' dir='ltr'><strong>ἐν</strong></span> <span class='ocrx_word' id='word_1_313' title='bbox 3282 1974 3582 2045; x_wconf 78' lang='grc' dir='ltr'><strong>βασιλείοις</strong></span> <span class='ocrx_word' id='word_1_314' title='bbox 3611 1992 3772 2031; x_wconf 83' lang='grc' dir='ltr'><strong>κατα-</strong></span> 
     </span>
    </p>
   </div>
   <div class='ocr_carea' id='block_1_49' title="bbox 2200 2065 3770 2140">
    <p class='ocr_par' dir='ltr' id='par_1_49' title="bbox 2200 2065 3770 2140">
     <span class='ocr_line' id='line_1_49' title="bbox 2200 2065 3770 2140; baseline 0.004 -23"><span class='ocrx_word' id='word_1_315' title='bbox 2200 2066 2608 2135; x_wconf 72' lang='grc' dir='ltr'><strong>σκευαζομένην</strong></span> <span class='ocrx_word' id='word_1_316' title='bbox 2659 2065 2807 2136; x_wconf 85' lang='grc' dir='ltr'><strong>αύτῷ</strong></span> <span class='ocrx_word' id='word_1_317' title='bbox 2839 2067 3095 2136; x_wconf 77' lang='grc' dir='ltr'><strong>ἀπειλὴν,</strong></span> <span class='ocrx_word' id='word_1_318' title='bbox 3125 2068 3296 2137; x_wconf 71' lang='grc' dir='ltr'><strong>ἔφυγε</strong></span> <span class='ocrx_word' id='word_1_319' title='bbox 3351 2071 3454 2140; x_wconf 75' lang='grc' dir='ltr'><strong>μὲν</strong></span> <span class='ocrx_word' id='word_1_320' title='bbox 3491 2070 3628 2139; x_wconf 79' lang='grc' dir='ltr'><strong>πρὸς</strong></span> <span class='ocrx_word' id='word_1_321' title='bbox 3658 2088 3770 2122; x_wconf 80' lang='grc' dir='ltr'><strong>και·</strong></span> 
     </span>
    </p>
   </div>
   <div class='ocr_carea' id='block_1_50' title="bbox 2197 2155 3768 2234">
    <p class='ocr_par' dir='ltr' id='par_1_50' title="bbox 2197 2155 3768 2234">
     <span class='ocr_line' id='line_1_50' title="bbox 2197 2155 3768 2234; baseline 0.005 -25"><span class='ocrx_word' id='word_1_322' title='bbox 2197 2162 2325 2227; x_wconf 86' lang='grc' dir='ltr'><strong>ρὸν·</strong></span> <span class='ocrx_word' id='word_1_323' title='bbox 2366 2155 2486 2211; x_wconf 74' lang='grc' dir='ltr'><strong>εἶτα</strong></span> <span class='ocrx_word' id='word_1_324' title='bbox 2536 2161 2703 2212; x_wconf 81' lang='grc' dir='ltr'><strong>πέντε</strong></span> <span class='ocrx_word' id='word_1_325' title='bbox 2749 2161 2859 2215; x_wconf 84' lang='grc' dir='ltr'><strong>τῶν</strong></span> <span class='ocrx_word' id='word_1_326' title='bbox 2915 2160 3007 2214; x_wconf 81' lang='grc' dir='ltr'><strong>ὑπ’</strong></span> <span class='ocrx_word' id='word_1_327' title='bbox 3061 2163 3225 2215; x_wconf 79' lang='grc' dir='ltr'><strong>αὑτὸν</strong></span> <span class='ocrx_word' id='word_1_328' title='bbox 3274 2156 3768 2234; x_wconf 77' lang='grc' dir='ltr'><strong>ἐπιλεξάμενος,ἐν</strong></span> 
     </span>
    </p>
   </div>
   <div class='ocr_carea' id='block_1_51' title="bbox 2192 2246 3767 2327">
    <p class='ocr_par' dir='ltr' id='par_1_51' title="bbox 2192 2246 3767 2327">
     <span class='ocr_line' id='line_1_51' title="bbox 2192 2246 3767 2327; baseline 0.003 -23"><span class='ocrx_word' id='word_1_329' title='bbox 2192 2248 2274 2314; x_wconf 78' lang='grc' dir='ltr'><strong>οἷς</strong></span> <span class='ocrx_word' id='word_1_330' title='bbox 2299 2246 2369 2322; x_wconf 76' lang='grc' dir='ltr'><strong>ἦν</strong></span> <span class='ocrx_word' id='word_1_331' title='bbox 2401 2254 2498 2305; x_wconf 79' lang='grc' dir='ltr'><strong>καὶ</strong></span> <span class='ocrx_word' id='word_1_332' title='bbox 2519 2251 2810 2322; x_wconf 77' lang='grc' dir='ltr'><strong>Σεραπίων</strong></span> <span class='ocrx_word' id='word_1_333' title='bbox 2842 2256 2870 2306; x_wconf 89' lang='lat'><strong>6</strong></span> <span class='ocrx_word' id='word_1_334' title='bbox 2916 2256 3214 2323; x_wconf 79' lang='grc' dir='ltr'><strong>Θμουαῖος,</strong></span> <span class='ocrx_word' id='word_1_335' title='bbox 3248 2257 3395 2326; x_wconf 79' lang='grc' dir='ltr'><strong>ἀνὴρ</strong></span> <span class='ocrx_word' id='word_1_336' title='bbox 3436 2257 3689 2327; x_wconf 75' lang='grc' dir='ltr'><strong>θεοφιλὴς</strong></span> <span class='ocrx_word' id='word_1_337' title='bbox 3715 2258 3767 2319; x_wconf 84' lang='grc' dir='ltr'><strong>ἐς</strong></span> 
     </span>
    </p>
   </div>
   <div class='ocr_carea' id='block_1_52' title="bbox 2190 2342 3768 2416">
    <p class='ocr_par' dir='ltr' id='par_1_52' title="bbox 2190 2342 3768 2416">
     <span class='ocr_line' id='line_1_52' title="bbox 2190 2342 3768 2416; baseline 0.006 -25"><span class='ocrx_word' id='word_1_338' title='bbox 2190 2344 2259 2392; x_wconf 68' lang='grc' dir='ltr'><strong>τὰ</strong></span> <span class='ocrx_word' id='word_1_339' title='bbox 2296 2342 2555 2409; x_wconf 74' lang='grc' dir='ltr'><strong>μάλιστα,</strong></span> <span class='ocrx_word' id='word_1_340' title='bbox 2585 2346 2681 2396; x_wconf 79' lang='grc' dir='ltr'><strong>καὶ</strong></span> <span class='ocrx_word' id='word_1_341' title='bbox 2723 2344 2905 2411; x_wconf 76' lang='grc' dir='ltr'><strong>λέγειν</strong></span> <span class='ocrx_word' id='word_1_342' title='bbox 2960 2348 3051 2396; x_wconf 70' lang='grc' dir='ltr'><strong>καὶ</strong></span> <span class='ocrx_word' id='word_1_343' title='bbox 3105 2348 3347 2416; x_wconf 80' lang='grc' dir='ltr'><strong>γράφειν</strong></span> <span class='ocrx_word' id='word_1_344' title='bbox 3402 2350 3597 2414; x_wconf 81' lang='grc' dir='ltr'><strong>δεινὸς,</strong></span> <span class='ocrx_word' id='word_1_345' title='bbox 3644 2349 3768 2416; x_wconf 75' lang='grc' dir='ltr'><strong>πρὸς</strong></span> 
     </span>
    </p>
   </div>
   <div class='ocr_carea' id='block_1_53' title="bbox 2193 2432 3764 2514">
    <p class='ocr_par' dir='ltr' id='par_1_53' title="bbox 2193 2432 3764 2514">
     <span class='ocr_line' id='line_1_53' title="bbox 2193 2432 3764 2514; baseline 0.006 -28"><span class='ocrx_word' id='word_1_346' title='bbox 2193 2432 2420 2501; x_wconf 76' lang='grc' dir='ltr'><strong>βασιλέα</strong></span> <span class='ocrx_word' id='word_1_347' title='bbox 2480 2438 2689 2507; x_wconf 81' lang='grc' dir='ltr'><strong>πέμπει</strong></span> <span class='ocrx_word' id='word_1_348' title='bbox 2737 2441 2803 2506; x_wconf 82' lang='grc' dir='ltr'><strong>τῇ</strong></span> <span class='ocrx_word' id='word_1_349' title='bbox 2860 2440 3072 2510; x_wconf 77' lang='grc' dir='ltr'><strong>ἑσπέρα</strong></span> <span class='ocrx_word' id='word_1_350' title='bbox 3129 2442 3414 2509; x_wconf 78' lang='grc' dir='ltr'><strong>διάγοντα,</strong></span> <span class='ocrx_word' id='word_1_351' title='bbox 3476 2444 3573 2498; x_wconf 78' lang='grc' dir='ltr'><strong>καὶ</strong></span> <span class='ocrx_word' id='word_1_352' title='bbox 3627 2446 3764 2514; x_wconf 82' lang='grc' dir='ltr'><strong>τρεῖς</strong></span> 
     </span>
    </p>
   </div>
   <div class='ocr_carea' id='block_1_54' title="bbox 2191 2526 3762 2605">
    <p class='ocr_par' dir='ltr' id='par_1_54' title="bbox 2191 2526 3762 2605">
     <span class='ocr_line' id='line_1_54' title="bbox 2191 2526 3762 2605; baseline 0.006 -28"><span class='ocrx_word' id='word_1_353' title='bbox 2191 2526 2541 2595; x_wconf 69' lang='grc' dir='ltr'><strong>παραζεύξας</strong></span> <span class='ocrx_word' id='word_1_354' title='bbox 2591 2530 3003 2598; x_wconf 77' lang='grc' dir='ltr'><strong>πρεσϐυτέρους</strong></span> <span class='ocrx_word' id='word_1_355' title='bbox 3058 2532 3209 2602; x_wconf 82' lang='grc' dir='ltr'><strong>αύτῷ</strong></span> <span class='ocrx_word' id='word_1_356' title='bbox 3269 2535 3372 2605; x_wconf 84' lang='grc' dir='ltr'><strong>τῆς</strong></span> <span class='ocrx_word' id='word_1_357' title='bbox 3432 2537 3555 2589; x_wconf 81' lang='grc' dir='ltr'><strong>κατ’</strong></span> <span class='ocrx_word' id='word_1_358' title='bbox 3612 2534 3762 2588; x_wconf 80' lang='grc' dir='ltr'><strong>αὑτὸν</strong></span> 
     </span>
    </p>
   </div>
   <div class='ocr_carea' id='block_1_55' title="bbox 2189 2620 3762 2699">
    <p class='ocr_par' dir='ltr' id='par_1_55' title="bbox 2189 2620 3762 2699">
     <span class='ocr_line' id='line_1_55' title="bbox 2189 2620 3762 2699; baseline 0.01 -30"><span class='ocrx_word' id='word_1_359' title='bbox 2189 2620 2509 2690; x_wconf 79' lang='grc' dir='ltr'><strong>ἐκκλησίας,</strong></span> <span class='ocrx_word' id='word_1_360' title='bbox 2542 2626 2590 2675; x_wconf 81' lang='grc' dir='ltr'><strong>εί</strong></span> <span class='ocrx_word' id='word_1_361' title='bbox 2623 2624 2721 2693; x_wconf 75' lang='grc' dir='ltr'><strong>μὲν</strong></span> <span class='ocrx_word' id='word_1_362' title='bbox 2749 2624 3008 2693; x_wconf 83' lang='grc' dir='ltr'><strong>βασιλεὺς</strong></span> <span class='ocrx_word' id='word_1_363' title='bbox 3035 2626 3251 2680; x_wconf 80' lang='grc' dir='ltr'><strong>κελεύοι</strong></span> <span class='ocrx_word' id='word_1_364' title='bbox 3281 2627 3762 2699; x_wconf 76' lang='grc' dir='ltr'><strong>ἁντιστησομένους</strong></span> 
     </span>
    </p>
   </div>
   <div class='ocr_carea' id='block_1_56' title="bbox 2188 2715 3760 2791">
    <p class='ocr_par' dir='ltr' id='par_1_56' title="bbox 2188 2715 3760 2791">
     <span class='ocr_line' id='line_1_56' title="bbox 2188 2715 3760 2791; baseline 0.006 -27"><span class='ocrx_word' id='word_1_365' title='bbox 2188 2717 2306 2775; x_wconf 82' lang='grc' dir='ltr'><strong>ταῖς</strong></span> <span class='ocrx_word' id='word_1_366' title='bbox 2340 2715 2449 2767; x_wconf 82' lang='grc' dir='ltr'><strong>τῶν</strong></span> <span class='ocrx_word' id='word_1_367' title='bbox 2485 2718 2829 2771; x_wconf 76' lang='grc' dir='ltr'><strong>ὑπεναντίων</strong></span> <span class='ocrx_word' id='word_1_368' title='bbox 2879 2719 3182 2782; x_wconf 72' lang='grc' dir='ltr'><strong>διαϐολαῖς.</strong></span> <span class='ocrx_word' id='word_1_369' title='bbox 3228 2721 3321 2776; x_wconf 85' lang='grc' dir='ltr'><strong>Ἐν</strong></span> <span class='ocrx_word' id='word_1_370' title='bbox 3358 2724 3471 2791; x_wconf 81' lang='grc' dir='ltr'><strong>ὅσῳ</strong></span> <span class='ocrx_word' id='word_1_371' title='bbox 3507 2723 3551 2775; x_wconf 87' lang='grc' dir='ltr'><strong>δ’</strong></span> <span class='ocrx_word' id='word_1_372' title='bbox 3580 2724 3760 2775; x_wconf 81' lang='grc' dir='ltr'><strong>ἐκείνοι</strong></span> 
     </span>
    </p>
   </div>
   <div class='ocr_carea' id='block_1_57' title="bbox 2189 2807 3755 2884">
    <p class='ocr_par' dir='ltr' id='par_1_57' title="bbox 2189 2807 3755 2884">
     <span class='ocr_line' id='line_1_57' title="bbox 2189 2807 3755 2884; baseline 0.002 -24"><span class='ocrx_word' id='word_1_373' title='bbox 2189 2807 2482 2871; x_wconf 55' lang='grc' dir='ltr'><strong>ἀπέπλεον,</strong></span> <span class='ocrx_word' id='word_1_374' title='bbox 2531 2812 2837 2880; x_wconf 85' lang='grc' dir='ltr'><strong>γράμματα</strong></span> <span class='ocrx_word' id='word_1_375' title='bbox 2901 2816 2966 2865; x_wconf 85' lang='grc' dir='ltr'><strong>ἐκ</strong></span> <span class='ocrx_word' id='word_1_376' title='bbox 3016 2812 3281 2882; x_wconf 81' lang='grc' dir='ltr'><strong>βασιλέως</strong></span> <span class='ocrx_word' id='word_1_377' title='bbox 3338 2816 3535 2884; x_wconf 80' lang='grc' dir='ltr'><strong>ἐφοίτα</strong></span> <span class='ocrx_word' id='word_1_378' title='bbox 3583 2813 3755 2866; x_wconf 85' lang='grc' dir='ltr'><strong>τοῦτον</strong></span> 
     </span>
    </p>
   </div>
   <div class='ocr_carea' id='block_1_58' title="bbox 2190 2898 3752 2975">
    <p class='ocr_par' dir='ltr' id='par_1_58' title="bbox 2190 2898 3752 2975">
     <span class='ocr_line' id='line_1_58' title="bbox 2190 2898 3752 2975; baseline 0.004 -26"><span class='ocrx_word' id='word_1_379' title='bbox 2190 2898 2671 2967; x_wconf 82' lang='grc' dir='ltr'><strong>μετακαλούμενα.</strong></span> <span class='ocrx_word' id='word_1_380' title='bbox 2708 2904 2773 2955; x_wconf 85' lang='grc' dir='ltr'><strong>υί</strong></span> <span class='ocrx_word' id='word_1_381' title='bbox 2822 2904 2879 2956; x_wconf 75' lang='grc' dir='ltr'><strong>δὲ</strong></span> <span class='ocrx_word' id='word_1_382' title='bbox 2910 2905 3039 2975; x_wconf 76' lang='grc' dir='ltr'><strong>περὶ</strong></span> <span class='ocrx_word' id='word_1_383' title='bbox 3067 2905 3233 2958; x_wconf 82' lang='grc' dir='ltr'><strong>αὑτὸν</strong></span> <span class='ocrx_word' id='word_1_384' title='bbox 3273 2906 3563 2975; x_wconf 84' lang='grc' dir='ltr'><strong>ἐναγώνιοι</strong></span> <span class='ocrx_word' id='word_1_385' title='bbox 3594 2901 3752 2974; x_wconf 81' lang='grc' dir='ltr'><strong>ἦσαν’</strong></span> 
     </span>
    </p>
   </div>
   <div class='ocr_carea' id='block_1_59' title="bbox 2186 2986 3784 3071">
    <p class='ocr_par' dir='ltr' id='par_1_59' title="bbox 2186 2986 3784 3071">
     <span class='ocr_line' id='line_1_59' title="bbox 2186 2986 3784 3071; baseline 0.004 -27"><span class='ocrx_word' id='word_1_386' title='bbox 2186 2992 2309 3045; x_wconf 71' lang='grc' dir='ltr'><strong>οὐδὲ</strong></span> <span class='ocrx_word' id='word_1_387' title='bbox 2341 2993 2451 3062; x_wconf 82' lang='grc' dir='ltr'><strong>γὰρ</strong></span> <span class='ocrx_word' id='word_1_388' title='bbox 2489 2995 2767 3063; x_wconf 84' lang='grc' dir='ltr'><strong>τάσφαλὲς</strong></span> <span class='ocrx_word' id='word_1_389' title='bbox 2788 2986 3051 3064; x_wconf 63' lang='grc' dir='ltr'><strong>’ἐνόμιζεν</strong></span> <span class='ocrx_word' id='word_1_390' title='bbox 3108 2997 3256 3068; x_wconf 76' lang='grc' dir='ltr'><strong>ἔχειν</strong></span> <span class='ocrx_word' id='word_1_391' title='bbox 3305 2999 3632 3069; x_wconf 82' lang='grc' dir='ltr'><strong>πειθόμενος</strong></span> <span class='ocrx_word' id='word_1_392' title='bbox 3670 2996 3784 3071; x_wconf 25' lang='grc' dir='ltr'><strong>βασκ</strong></span> 
     </span>
    </p>
   </div>
   <div class='ocr_carea' id='block_1_60' title="bbox 494 3084 2081 3176">
    <p class='ocr_par' dir='ltr' id='par_1_60' title="bbox 494 3090 2079 3161">
     <span class='ocr_line' id='line_1_60' title="bbox 494 3090 2079 3161; baseline 0.006 -21"><span class='ocrx_word' id='word_1_393' title='bbox 494 3097 610 3140; x_wconf 91' lang='lat' dir='ltr'><strong>tum</strong></span> <span class='ocrx_word' id='word_1_394' title='bbox 649 3091 784 3142; x_wconf 86' lang='lat' dir='ltr'><strong>satis</strong></span> <span class='ocrx_word' id='word_1_395' title='bbox 821 3104 946 3143; x_wconf 82' lang='lat' dir='ltr'><strong>esse</strong></span> <span class='ocrx_word' id='word_1_396' title='bbox 967 3090 1219 3158; x_wconf 83' lang='lat' dir='ltr'><strong>putabat,</strong></span> <span class='ocrx_word' id='word_1_397' title='bbox 1253 3090 1404 3145; x_wconf 92' lang='lat' dir='ltr'><strong>dicto</strong></span> <span class='ocrx_word' id='word_1_398' title='bbox 1438 3091 1791 3161; x_wconf 85' lang='lat' dir='ltr'><strong>imperatoris</strong></span> <span class='ocrx_word' id='word_1_399' title='bbox 1849 3096 2079 3151; x_wconf 59' lang='lat' dir='ltr'><strong>audieno</strong></span> 
     </span>
    </p>
   </div>
   <div class='ocr_carea' id='block_1_61' title="bbox 2186 3084 3756 3176">
    <p class='ocr_par' dir='ltr' id='par_1_61' title="bbox 2187 3084 3756 3157">
     <span class='ocr_line' id='line_1_61' title="bbox 2187 3084 3756 3157; baseline 0.002 -20"><span class='ocrx_word' id='word_1_400' title='bbox 2187 3086 2326 3138; x_wconf 88' lang='grc' dir='ltr'><strong>σιλεῖ</strong></span> <span class='ocrx_word' id='word_1_401' title='bbox 2380 3084 2740 3157; x_wconf 75' lang='grc' dir='ltr'><strong>σφαλλομένῳ</strong></span> <span class='ocrx_word' id='word_1_402' title='bbox 2791 3088 2923 3157; x_wconf 80' lang='grc' dir='ltr'><strong>περὶ</strong></span> <span class='ocrx_word' id='word_1_403' title='bbox 2982 3089 3082 3157; x_wconf 83' lang='grc' dir='ltr'><strong>τὴν</strong></span> <span class='ocrx_word' id='word_1_404' title='bbox 3129 3089 3343 3146; x_wconf 87' lang='grc' dir='ltr'><strong>πίστιν.</strong></span> <span class='ocrx_word' id='word_1_405' title='bbox 3385 3091 3527 3144; x_wconf 80' lang='grc' dir='ltr'><strong>Ἀλλ’</strong></span> <span class='ocrx_word' id='word_1_406' title='bbox 3563 3090 3756 3143; x_wconf 72' lang='grc' dir='ltr'><strong>οὐδὲτὸ</strong></span> 
     </span>
    </p>
   </div>
   <div class='ocr_carea' id='block_1_62' title="bbox 497 3180 2079 3250">
    <p class='ocr_par' dir='ltr' id='par_1_62' title="bbox 497 3180 2079 3250">
     <span class='ocr_line' id='line_1_62' title="bbox 497 3180 2079 3250; baseline 0.009 -20"><span class='ocrx_word' id='word_1_407' title='bbox 497 3190 607 3232; x_wconf 91' lang='lat' dir='ltr'><strong>tem</strong></span> <span class='ocrx_word' id='word_1_408' title='bbox 642 3195 786 3243; x_wconf 87' lang='lat' dir='ltr'><strong>esse,</strong></span> <span class='ocrx_word' id='word_1_409' title='bbox 821 3182 913 3249; x_wconf 90' lang='lat' dir='ltr'><strong>qui</strong></span> <span class='ocrx_word' id='word_1_410' title='bbox 975 3180 1030 3233; x_wconf 89' lang='lat' dir='ltr'><strong>in</strong></span> <span class='ocrx_word' id='word_1_411' title='bbox 1064 3181 1416 3250; x_wconf 83' lang='lat' dir='ltr'><strong>professione</strong></span> <span class='ocrx_word' id='word_1_412' title='bbox 1448 3183 1573 3239; x_wconf 86' lang='lat' dir='ltr'><strong>lidei</strong></span> <span class='ocrx_word' id='word_1_413' title='bbox 1624 3187 2079 3245; x_wconf 89' lang='lat' dir='ltr'><strong>ballucinaretur.</strong></span> 
     </span>
    </p>
   </div>
   <div class='ocr_carea' id='block_1_63' title="bbox 491 3271 2076 3346">
    <p class='ocr_par' dir='ltr' id='par_1_63' title="bbox 491 3271 2076 3346">
     <span class='ocr_line' id='line_1_63' title="bbox 491 3271 2076 3346; baseline 0.008 -22"><span class='ocrx_word' id='word_1_414' title='bbox 491 3271 682 3340; x_wconf 74' lang='lat' dir='ltr'><strong>Neque</strong></span> <span class='ocrx_word' id='word_1_415' title='bbox 700 3287 830 3325; x_wconf 87' lang='lat' dir='ltr'><strong>vero</strong></span> <span class='ocrx_word' id='word_1_416' title='bbox 848 3272 924 3325; x_wconf 90' lang='lat' dir='ltr'><strong>illi</strong></span> <span class='ocrx_word' id='word_1_417' title='bbox 954 3288 1162 3327; x_wconf 89' lang='lat' dir='ltr'><strong>morem</strong></span> <span class='ocrx_word' id='word_1_418' title='bbox 1182 3290 1289 3328; x_wconf 87' lang='lat' dir='ltr'><strong>non</strong></span> <span class='ocrx_word' id='word_1_419' title='bbox 1313 3292 1529 3344; x_wconf 70' lang='lat' dir='ltr'><strong>gerere,</strong></span> <span class='ocrx_word' id='word_1_420' title='bbox 1556 3281 1806 3346; x_wconf 88' lang='lat' dir='ltr'><strong>periculo</strong></span> <span class='ocrx_word' id='word_1_421' title='bbox 1827 3283 2076 3337; x_wconf 87' lang='lat' dir='ltr'><strong>carebat.</strong></span> 
     </span>
    </p>
   </div>
   <div class='ocr_carea' id='block_1_64' title="bbox 485 3365 2078 3438">
    <p class='ocr_par' dir='ltr' id='par_1_64' title="bbox 485 3365 2078 3438">
     <span class='ocr_line' id='line_1_64' title="bbox 485 3365 2078 3438; baseline 0.005 -18"><span class='ocrx_word' id='word_1_422' title='bbox 485 3365 691 3421; x_wconf 77' lang='lat' dir='ltr'><strong>Mansit</strong></span> <span class='ocrx_word' id='word_1_423' title='bbox 720 3381 872 3431; x_wconf 85' lang='lat' dir='ltr'><strong>sane.</strong></span> <span class='ocrx_word' id='word_1_424' title='bbox 910 3366 978 3420; x_wconf 84' lang='lat' dir='ltr'><strong>Et</strong></span> <span class='ocrx_word' id='word_1_425' title='bbox 1029 3368 1123 3436; x_wconf 92' lang='lat' dir='ltr'><strong>qui</strong></span> <span class='ocrx_word' id='word_1_426' title='bbox 1169 3367 1393 3424; x_wconf 83' lang='lat' dir='ltr'><strong>litteras</strong></span> <span class='ocrx_word' id='word_1_427' title='bbox 1425 3372 1710 3438; x_wconf 89' lang='lat' dir='ltr'><strong>attulerat,</strong></span> <span class='ocrx_word' id='word_1_428' title='bbox 1758 3388 1966 3429; x_wconf 81' lang='lat' dir='ltr'><strong>vacuus</strong></span> <span class='ocrx_word' id='word_1_429' title='bbox 2009 3377 2078 3430; x_wconf 84' lang='lat' dir='ltr'><strong>ad</strong></span> 
     </span>
    </p>
   </div>
   <div class='ocr_carea' id='block_1_65' title="bbox 490 3458 2081 3530">
    <p class='ocr_par' dir='ltr' id='par_1_65' title="bbox 490 3458 2081 3530">
     <span class='ocr_line' id='line_1_65' title="bbox 490 3458 2081 3530; baseline 0.006 -18"><span class='ocrx_word' id='word_1_430' title='bbox 490 3459 890 3527; x_wconf 84' lang='lat' dir='ltr'><strong>imperatorem</strong></span> <span class='ocrx_word' id='word_1_431' title='bbox 937 3458 1122 3512; x_wconf 87' lang='lat' dir='ltr'><strong>rediit.</strong></span> <span class='ocrx_word' id='word_1_432' title='bbox 1175 3459 1352 3516; x_wconf 81' lang='lat' dir='ltr'><strong>Porro</strong></span> <span class='ocrx_word' id='word_1_433' title='bbox 1395 3474 1585 3518; x_wconf 75' lang='lat' dir='ltr'><strong>testate</strong></span> <span class='ocrx_word' id='word_1_434' title='bbox 1645 3465 1893 3530; x_wconf 86' lang='lat' dir='ltr'><strong>ineunte,</strong></span> <span class='ocrx_word' id='word_1_435' title='bbox 1942 3470 2081 3522; x_wconf 84' lang='lat' dir='ltr'><strong>alter</strong></span> 
     </span>
    </p>
   </div>
   <div class='ocr_carea' id='block_1_66' title="bbox 490 3551 2078 3620">
    <p class='ocr_par' dir='ltr' id='par_1_66' title="bbox 490 3551 2078 3620">
     <span class='ocr_line' id='line_1_66' title="bbox 490 3551 2078 3620; baseline 0.008 -19"><span class='ocrx_word' id='word_1_436' title='bbox 490 3551 665 3613; x_wconf 65' lang='lat' dir='ltr'><strong>venit,</strong></span> <span class='ocrx_word' id='word_1_437' title='bbox 689 3567 813 3604; x_wconf 90' lang='lat' dir='ltr'><strong>cum</strong></span> <span class='ocrx_word' id='word_1_438' title='bbox 836 3554 1075 3620; x_wconf 85' lang='lat' dir='ltr'><strong>quodam</strong></span> <span class='ocrx_word' id='word_1_439' title='bbox 1097 3553 1487 3608; x_wconf 62' lang='lat' dir='ltr'><strong>Alexandrina:</strong></span> <span class='ocrx_word' id='word_1_440' title='bbox 1516 3555 1670 3610; x_wconf 90' lang='lat' dir='ltr'><strong>urbis</strong></span> <span class='ocrx_word' id='word_1_441' title='bbox 1698 3557 1895 3611; x_wconf 88' lang='lat' dir='ltr'><strong>illustri</strong></span> <span class='ocrx_word' id='word_1_442' title='bbox 1924 3560 2078 3618; x_wconf 82' lang='lat' dir='ltr'><strong>cive:</strong></span> 
     </span>
    </p>
   </div>
   <div class='ocr_carea' id='block_1_67' title="bbox 486 3645 2078 3715">
    <p class='ocr_par' dir='ltr' id='par_1_67' title="bbox 486 3645 2078 3715">
     <span class='ocr_line' id='line_1_67' title="bbox 486 3645 2078 3715; baseline 0.004 -18"><span class='ocrx_word' id='word_1_443' title='bbox 486 3653 655 3713; x_wconf 88' lang='lat' dir='ltr'><strong>atque</strong></span> <span class='ocrx_word' id='word_1_444' title='bbox 679 3645 725 3698; x_wconf 88' lang='lat' dir='ltr'><strong>is</strong></span> <span class='ocrx_word' id='word_1_445' title='bbox 769 3645 1138 3699; x_wconf 78' lang='lat' dir='ltr'><strong>Athanasium</strong></span> <span class='ocrx_word' id='word_1_446' title='bbox 1182 3646 1320 3700; x_wconf 91' lang='lat' dir='ltr'><strong>urbe</strong></span> <span class='ocrx_word' id='word_1_447' title='bbox 1384 3648 1690 3715; x_wconf 81' lang='lat' dir='ltr'><strong>expellere,</strong></span> <span class='ocrx_word' id='word_1_448' title='bbox 1755 3658 1811 3704; x_wconf 91' lang='lat' dir='ltr'><strong>et</strong></span> <span class='ocrx_word' id='word_1_449' title='bbox 1867 3652 2078 3705; x_wconf 87' lang='lat' dir='ltr'><strong>clerum</strong></span> 
     </span>
    </p>
   </div>
   <div class='ocr_carea' id='block_1_68' title="bbox 489 3734 2076 3810">
    <p class='ocr_par' dir='ltr' id='par_1_68' title="bbox 489 3734 2076 3810">
     <span class='ocr_line' id='line_1_68' title="bbox 489 3734 2076 3810; baseline 0.006 -22"><span class='ocrx_word' id='word_1_450' title='bbox 489 3735 635 3788; x_wconf 89' lang='lat' dir='ltr'><strong>male</strong></span> <span class='ocrx_word' id='word_1_451' title='bbox 682 3734 937 3803; x_wconf 84' lang='lat' dir='ltr'><strong>accipere</strong></span> <span class='ocrx_word' id='word_1_452' title='bbox 960 3736 1205 3805; x_wconf 71' lang='lat' dir='ltr'><strong>,incepit.</strong></span> <span class='ocrx_word' id='word_1_453' title='bbox 1248 3736 1357 3791; x_wconf 86' lang='lat' dir='ltr'><strong>Sed</strong></span> <span class='ocrx_word' id='word_1_454' title='bbox 1392 3739 1543 3792; x_wconf 89' lang='lat' dir='ltr'><strong>enim</strong></span> <span class='ocrx_word' id='word_1_455' title='bbox 1562 3755 1686 3794; x_wconf 91' lang='lat' dir='ltr'><strong>cum</strong></span> <span class='ocrx_word' id='word_1_456' title='bbox 1718 3741 1871 3810; x_wconf 89' lang='lat' dir='ltr'><strong>plebs</strong></span> <span class='ocrx_word' id='word_1_457' title='bbox 1898 3743 2076 3797; x_wconf 82' lang='lat' dir='ltr'><strong>rebel-</strong></span> 
     </span>
    </p>
   </div>
   <div class='ocr_carea' id='block_1_69' title="bbox 486 3826 2074 3898">
    <p class='ocr_par' dir='ltr' id='par_1_69' title="bbox 486 3826 2074 3898">
     <span class='ocr_line' id='line_1_69' title="bbox 486 3826 2074 3898; baseline 0.006 -18"><span class='ocrx_word' id='word_1_458' title='bbox 486 3827 608 3880; x_wconf 87' lang='lat' dir='ltr'><strong>lans</strong></span> <span class='ocrx_word' id='word_1_459' title='bbox 625 3826 732 3879; x_wconf 84' lang='lat' dir='ltr'><strong>vim</strong></span> <span class='ocrx_word' id='word_1_460' title='bbox 759 3838 1001 3896; x_wconf 86' lang='lat' dir='ltr'><strong>pararet,</strong></span> <span class='ocrx_word' id='word_1_461' title='bbox 1030 3841 1085 3882; x_wconf 87' lang='lat' dir='ltr'><strong>et</strong></span> <span class='ocrx_word' id='word_1_462' title='bbox 1115 3829 1232 3898; x_wconf 87' lang='lat' dir='ltr'><strong>ipse</strong></span> <span class='ocrx_word' id='word_1_463' title='bbox 1258 3829 1398 3884; x_wconf 87' lang='lat' dir='ltr'><strong>nihil</strong></span> <span class='ocrx_word' id='word_1_464' title='bbox 1426 3830 1694 3895; x_wconf 71' lang='lat' dir='ltr'><strong>ediceret,</strong></span> <span class='ocrx_word' id='word_1_465' title='bbox 1731 3837 2074 3890; x_wconf 79' lang='lat' dir='ltr'><strong>retrocessit.</strong></span> 
     </span>
    </p>
   </div>
   <div class='ocr_carea' id='block_1_70' title="bbox 487 3917 2076 3989">
    <p class='ocr_par' dir='ltr' id='par_1_70' title="bbox 487 3917 2076 3989">
     <span class='ocr_line' id='line_1_70' title="bbox 487 3917 2076 3989; baseline 0.008 -20"><span class='ocrx_word' id='word_1_466' title='bbox 487 3917 651 3987; x_wconf 81' lang='lat'><strong>762</strong></span> <span class='ocrx_word' id='word_1_467' title='bbox 680 3918 875 3973; x_wconf 89' lang='lat' dir='ltr'><strong>Postea</strong></span> <span class='ocrx_word' id='word_1_468' title='bbox 909 3919 1240 3989; x_wconf 79' lang='lat' dir='ltr'><strong>intempesm</strong></span> <span class='ocrx_word' id='word_1_469' title='bbox 1262 3931 1424 3975; x_wconf 89' lang='lat' dir='ltr'><strong>nocte</strong></span> <span class='ocrx_word' id='word_1_470' title='bbox 1460 3924 1721 3976; x_wconf 84' lang='lat' dir='ltr'><strong>ordinum</strong></span> <span class='ocrx_word' id='word_1_471' title='bbox 1759 3924 1833 3979; x_wconf 90' lang='lat' dir='ltr'><strong>ibi</strong></span> <span class='ocrx_word' id='word_1_472' title='bbox 1869 3926 2076 3981; x_wconf 85' lang='lat' dir='ltr'><strong>milita-</strong></span> 
     </span>
    </p>
   </div>
   <div class='ocr_carea' id='block_1_71' title="bbox 490 4008 2076 4081">
    <p class='ocr_par' dir='ltr' id='par_1_71' title="bbox 490 4008 2076 4081">
     <span class='ocr_line' id='line_1_71' title="bbox 490 4008 2076 4081; baseline 0.008 -22"><span class='ocrx_word' id='word_1_473' title='bbox 490 4008 637 4060; x_wconf 86' lang='lat' dir='ltr'><strong>rium</strong></span> <span class='ocrx_word' id='word_1_474' title='bbox 662 4008 794 4074; x_wconf 79' lang='lat' dir='ltr'><strong>dux,</strong></span> <span class='ocrx_word' id='word_1_475' title='bbox 819 4020 878 4062; x_wconf 89' lang='lat' dir='ltr'><strong>ut</strong></span> <span class='ocrx_word' id='word_1_476' title='bbox 903 4011 997 4077; x_wconf 83' lang='lat' dir='ltr'><strong>qui</strong></span> <span class='ocrx_word' id='word_1_477' title='bbox 1032 4010 1100 4063; x_wconf 90' lang='lat' dir='ltr'><strong>ab</strong></span> <span class='ocrx_word' id='word_1_478' title='bbox 1127 4010 1462 4079; x_wconf 85' lang='lat' dir='ltr'><strong>imperatore</strong></span> <span class='ocrx_word' id='word_1_479' title='bbox 1508 4014 1711 4068; x_wconf 87' lang='lat' dir='ltr'><strong>missus</strong></span> <span class='ocrx_word' id='word_1_480' title='bbox 1737 4015 1941 4081; x_wconf 83' lang='lat' dir='ltr'><strong>fuerat,</strong></span> <span class='ocrx_word' id='word_1_481' title='bbox 1993 4028 2076 4072; x_wconf 90' lang='lat' dir='ltr'><strong>at-</strong></span> 
     </span>
    </p>
   </div>
   <div class='ocr_carea' id='block_1_72' title="bbox 489 4097 2073 4166">
    <p class='ocr_par' dir='ltr' id='par_1_72' title="bbox 489 4097 2073 4166">
     <span class='ocr_line' id='line_1_72' title="bbox 489 4097 2073 4166; baseline 0.008 -17"><span class='ocrx_word' id='word_1_482' title='bbox 489 4112 600 4166; x_wconf 90' lang='lat' dir='ltr'><strong>que</strong></span> <span class='ocrx_word' id='word_1_483' title='bbox 630 4097 746 4152; x_wconf 72' lang='lat' dir='ltr'><strong>haec</strong></span> <span class='ocrx_word' id='word_1_484' title='bbox 769 4099 1023 4164; x_wconf 87' lang='lat' dir='ltr'><strong>curabat,</strong></span> <span class='ocrx_word' id='word_1_485' title='bbox 1049 4097 1320 4161; x_wconf 84' lang='lat' dir='ltr'><strong>Hilarius,</strong></span> <span class='ocrx_word' id='word_1_486' title='bbox 1350 4101 1442 4155; x_wconf 88' lang='lat' dir='ltr'><strong>ubi</strong></span> <span class='ocrx_word' id='word_1_487' title='bbox 1474 4102 1840 4157; x_wconf 85' lang='lat' dir='ltr'><strong>Athanasium</strong></span> <span class='ocrx_word' id='word_1_488' title='bbox 1887 4106 1943 4158; x_wconf 93' lang='lat' dir='ltr'><strong>in</strong></span> <span class='ocrx_word' id='word_1_489' title='bbox 1979 4121 2073 4161; x_wconf 89' lang='lat' dir='ltr'><strong>ec-</strong></span> 
     </span>
    </p>
   </div>
   <div class='ocr_carea' id='block_1_73' title="bbox 486 4188 2071 4261">
    <p class='ocr_par' dir='ltr' id='par_1_73' title="bbox 486 4188 2071 4261">
     <span class='ocr_line' id='line_1_73' title="bbox 486 4188 2071 4261; baseline 0.006 -20"><span class='ocrx_word' id='word_1_490' title='bbox 486 4188 657 4243; x_wconf 87' lang='lat' dir='ltr'><strong>clesia</strong></span> <span class='ocrx_word' id='word_1_491' title='bbox 685 4191 955 4244; x_wconf 86' lang='lat' dir='ltr'><strong>occultari</strong></span> <span class='ocrx_word' id='word_1_492' title='bbox 1016 4189 1311 4253; x_wconf 71' lang='lat' dir='ltr'><strong>intellexit,</strong></span> <span class='ocrx_word' id='word_1_493' title='bbox 1360 4207 1485 4259; x_wconf 68' lang='lat' dir='ltr'><strong>qua:</strong></span> <span class='ocrx_word' id='word_1_494' title='bbox 1546 4191 1788 4248; x_wconf 69' lang='lat' dir='ltr'><strong>Theonie</strong></span> <span class='ocrx_word' id='word_1_495' title='bbox 1845 4195 2071 4261; x_wconf 88' lang='lat' dir='ltr'><strong>dicitur,</strong></span> 
     </span>
    </p>
   </div>
   <div class='ocr_carea' id='block_1_74' title="bbox 484 4279 2070 4352">
    <p class='ocr_par' dir='ltr' id='par_1_74' title="bbox 484 4279 2070 4352">
     <span class='ocr_line' id='line_1_74' title="bbox 484 4279 2070 4352; baseline 0.005 -18"><span class='ocrx_word' id='word_1_496' title='bbox 484 4296 610 4334; x_wconf 89' lang='lat' dir='ltr'><strong>cum</strong></span> <span class='ocrx_word' id='word_1_497' title='bbox 638 4282 845 4335; x_wconf 80' lang='lat' dir='ltr'><strong>delecta</strong></span> <span class='ocrx_word' id='word_1_498' title='bbox 868 4279 1267 4351; x_wconf 64' lang='lat' dir='ltr'><strong>IEgyptiorum</strong></span> <span class='ocrx_word' id='word_1_499' title='bbox 1299 4283 1538 4352; x_wconf 87' lang='lat' dir='ltr'><strong>fortique</strong></span> <span class='ocrx_word' id='word_1_500' title='bbox 1569 4300 1735 4339; x_wconf 87' lang='lat' dir='ltr'><strong>manu</strong></span> <span class='ocrx_word' id='word_1_501' title='bbox 1758 4288 1809 4340; x_wconf 90' lang='lat' dir='ltr'><strong>ei</strong></span> <span class='ocrx_word' id='word_1_502' title='bbox 1834 4287 2070 4343; x_wconf 84' lang='lat' dir='ltr'><strong>institit:</strong></span> 
     </span>
    </p>
   </div>
   <div class='ocr_carea' id='block_1_75' title="bbox 482 4372 2067 4445">
    <p class='ocr_par' dir='ltr' id='par_1_75' title="bbox 482 4372 2067 4445">
     <span class='ocr_line' id='line_1_75' title="bbox 482 4372 2067 4445; baseline 0.005 -19"><span class='ocrx_word' id='word_1_503' title='bbox 482 4381 539 4426; x_wconf 89' lang='lat' dir='ltr'><strong>ct</strong></span> <span class='ocrx_word' id='word_1_504' title='bbox 572 4372 825 4441; x_wconf 72' lang='lat' dir='ltr'><strong>postibus</strong></span> <span class='ocrx_word' id='word_1_505' title='bbox 879 4372 1129 4426; x_wconf 72' lang='lat' dir='ltr'><strong>eﬂ&#39;ractis</strong></span> <span class='ocrx_word' id='word_1_506' title='bbox 1167 4374 1223 4426; x_wconf 90' lang='lat' dir='ltr'><strong>in</strong></span> <span class='ocrx_word' id='word_1_507' title='bbox 1284 4376 1550 4443; x_wconf 88' lang='lat' dir='ltr'><strong>templum</strong></span> <span class='ocrx_word' id='word_1_508' title='bbox 1607 4376 1831 4445; x_wconf 85' lang='lat' dir='ltr'><strong>quidem</strong></span> <span class='ocrx_word' id='word_1_509' title='bbox 1883 4380 2067 4442; x_wconf 86' lang='lat' dir='ltr'><strong>irruit.</strong></span> 
     </span>
    </p>
   </div>
   <div class='ocr_carea' id='block_1_76' title="bbox 2184 3172 3757 3250">
    <p class='ocr_par' dir='ltr' id='par_1_76' title="bbox 2184 3172 3757 3250">
     <span class='ocr_line' id='line_1_76' title="bbox 2184 3172 3757 3250; baseline 0.003 -22"><span class='ocrx_word' id='word_1_510' title='bbox 2184 3175 2435 3228; x_wconf 79' lang='grc' dir='ltr'><strong>ἀπειθεῖν</strong></span> <span class='ocrx_word' id='word_1_511' title='bbox 2465 3178 2751 3235; x_wconf 83' lang='grc' dir='ltr'><strong>ἀκίνδυνον</strong></span> <span class='ocrx_word' id='word_1_512' title='bbox 2772 3172 2861 3247; x_wconf 80' lang='grc' dir='ltr'><strong>ἦν.</strong></span> <span class='ocrx_word' id='word_1_513' title='bbox 2893 3176 3127 3248; x_wconf 85' lang='grc' dir='ltr'><strong>Ἐμενεν</strong></span> <span class='ocrx_word' id='word_1_514' title='bbox 3155 3179 3249 3233; x_wconf 86' lang='grc' dir='ltr'><strong>οῦν</strong></span> <span class='ocrx_word' id='word_1_515' title='bbox 3275 3196 3291 3211; x_wconf 85' lang='grc'><strong>·</strong></span> <span class='ocrx_word' id='word_1_516' title='bbox 3321 3183 3422 3235; x_wconf 81' lang='grc' dir='ltr'><strong>καὶ</strong></span> <span class='ocrx_word' id='word_1_517' title='bbox 3452 3185 3480 3235; x_wconf 88' lang='lat'><strong>6</strong></span> <span class='ocrx_word' id='word_1_518' title='bbox 3506 3182 3575 3235; x_wconf 82' lang='grc' dir='ltr'><strong>τὰ</strong></span> <span class='ocrx_word' id='word_1_519' title='bbox 3594 3181 3757 3250; x_wconf 79' lang='grc' dir='ltr'><strong>γράμ-</strong></span> 
     </span>
    </p>
   </div>
   <div class='ocr_carea' id='block_1_77' title="bbox 2186 3271 3755 3342">
    <p class='ocr_par' dir='ltr' id='par_1_77' title="bbox 2186 3271 3755 3342">
     <span class='ocr_line' id='line_1_77' title="bbox 2186 3271 3755 3342; baseline 0.003 -22"><span class='ocrx_word' id='word_1_520' title='bbox 2186 3285 2336 3337; x_wconf 86' lang='grc' dir='ltr'><strong>ματα</strong></span> <span class='ocrx_word' id='word_1_521' title='bbox 2393 3271 2598 3340; x_wconf 80' lang='grc' dir='ltr'><strong>φέρων,</strong></span> <span class='ocrx_word' id='word_1_522' title='bbox 2643 3271 2798 3334; x_wconf 80' lang='grc' dir='ltr'><strong>κενὸς</strong></span> <span class='ocrx_word' id='word_1_523' title='bbox 2846 3272 3370 3342; x_wconf 52' lang='grc' dir='ltr'><strong>ἐπάνεισιίθέρους</strong></span> <span class='ocrx_word' id='word_1_524' title='bbox 3413 3275 3472 3329; x_wconf 74' lang='grc' dir='ltr'><strong>δὲ</strong></span> <span class='ocrx_word' id='word_1_525' title='bbox 3518 3278 3755 3341; x_wconf 80' lang='grc' dir='ltr'><strong>ἐπιγενο·</strong></span> 
     </span>
    </p>
   </div>
   <div class='ocr_carea' id='block_1_78' title="bbox 2185 3348 3753 3439">
    <p class='ocr_par' dir='ltr' id='par_1_78' title="bbox 2185 3348 3753 3439">
     <span class='ocr_line' id='line_1_78' title="bbox 2185 3348 3753 3439; baseline 0.003 -25"><span class='ocrx_word' id='word_1_526' title='bbox 2185 3348 2377 3430; x_wconf 73' lang='grc' dir='ltr'><strong>μένου,</strong></span> <span class='ocrx_word' id='word_1_527' title='bbox 2411 3364 2600 3432; x_wconf 73' lang='grc' dir='ltr'><strong>ἕτερος</strong></span> <span class='ocrx_word' id='word_1_528' title='bbox 2649 3360 2753 3433; x_wconf 79' lang='grc' dir='ltr'><strong>ἧκε</strong></span> <span class='ocrx_word' id='word_1_529' title='bbox 2806 3368 2947 3435; x_wconf 78' lang='grc' dir='ltr'><strong>μετὰ</strong></span> <span class='ocrx_word' id='word_1_530' title='bbox 2984 3367 3097 3420; x_wconf 84' lang='grc' dir='ltr'><strong>τῶν</strong></span> <span class='ocrx_word' id='word_1_531' title='bbox 3125 3369 3185 3422; x_wconf 87' lang='grc' dir='ltr'><strong>ἐν</strong></span> <span class='ocrx_word' id='word_1_532' title='bbox 3216 3372 3283 3439; x_wconf 80' lang='grc' dir='ltr'><strong>τῇ</strong></span> <span class='ocrx_word' id='word_1_533' title='bbox 3333 3371 3493 3424; x_wconf 87' lang='grc' dir='ltr'><strong>πόλει</strong></span> <span class='ocrx_word' id='word_1_534' title='bbox 3530 3383 3753 3437; x_wconf 82' lang='grc' dir='ltr'><strong>περιφα-</strong></span> 
     </span>
    </p>
   </div>
   <div class='ocr_carea' id='block_1_79' title="bbox 2181 3454 3748 3530">
    <p class='ocr_par' dir='ltr' id='par_1_79' title="bbox 2181 3454 3748 3530">
     <span class='ocr_line' id='line_1_79' title="bbox 2181 3454 3748 3530; baseline 0.004 -24"><span class='ocrx_word' id='word_1_535' title='bbox 2181 3454 2311 3516; x_wconf 83' lang='grc' dir='ltr'><strong>νῶν,</strong></span> <span class='ocrx_word' id='word_1_536' title='bbox 2330 3456 2427 3508; x_wconf 79' lang='grc' dir='ltr'><strong>καὶ</strong></span> <span class='ocrx_word' id='word_1_537' title='bbox 2460 3456 2652 3510; x_wconf 85' lang='grc' dir='ltr'><strong>τοῦτον</strong></span> <span class='ocrx_word' id='word_1_538' title='bbox 2675 3458 2777 3523; x_wconf 88' lang='grc' dir='ltr'><strong>τῆς</strong></span> <span class='ocrx_word' id='word_1_539' title='bbox 2813 3458 3022 3521; x_wconf 85' lang='grc' dir='ltr'><strong>πόλεως</strong></span> <span class='ocrx_word' id='word_1_540' title='bbox 3043 3459 3276 3530; x_wconf 69' lang='grc' dir='ltr'><strong>ἤλαυνε·</strong></span> <span class='ocrx_word' id='word_1_541' title='bbox 3309 3464 3412 3516; x_wconf 81' lang='grc' dir='ltr'><strong>καὶ</strong></span> <span class='ocrx_word' id='word_1_542' title='bbox 3443 3462 3535 3515; x_wconf 71' lang='grc' dir='ltr'><strong>τὸν</strong></span> <span class='ocrx_word' id='word_1_543' title='bbox 3567 3460 3748 3526; x_wconf 79' lang='grc' dir='ltr'><strong>κλῆρον</strong></span> 
     </span>
    </p>
   </div>
   <div class='ocr_carea' id='block_1_80' title="bbox 2181 3545 3751 3623">
    <p class='ocr_par' dir='ltr' id='par_1_80' title="bbox 2181 3545 3751 3623">
     <span class='ocr_line' id='line_1_80' title="bbox 2181 3545 3751 3623; baseline 0.003 -27"><span class='ocrx_word' id='word_1_544' title='bbox 2181 3545 2372 3608; x_wconf 81' lang='grc' dir='ltr'><strong>κακῶς</strong></span> <span class='ocrx_word' id='word_1_545' title='bbox 2416 3546 2669 3601; x_wconf 75' lang='grc' dir='ltr'><strong>διετίθει.</strong></span> <span class='ocrx_word' id='word_1_546' title='bbox 2708 3548 2817 3603; x_wconf 83' lang='grc' dir='ltr'><strong>Τοῦ</strong></span> <span class='ocrx_word' id='word_1_547' title='bbox 2865 3551 2922 3602; x_wconf 74' lang='grc' dir='ltr'><strong>δὲ</strong></span> <span class='ocrx_word' id='word_1_548' title='bbox 2971 3550 3105 3604; x_wconf 88' lang='grc' dir='ltr'><strong>λαοῦ</strong></span> <span class='ocrx_word' id='word_1_549' title='bbox 3138 3554 3494 3623; x_wconf 73' lang='grc' dir='ltr'><strong>νεωτερίζειν</strong></span> <span class='ocrx_word' id='word_1_550' title='bbox 3536 3548 3751 3604; x_wconf 65' lang='grc' dir='ltr'><strong>ἐπιθαλ-</strong></span> 
     </span>
    </p>
   </div>
   <div class='ocr_carea' id='block_1_81' title="bbox 2180 3631 3748 3710">
    <p class='ocr_par' dir='ltr' id='par_1_81' title="bbox 2180 3631 3748 3710">
     <span class='ocr_line' id='line_1_81' title="bbox 2180 3631 3748 3710; baseline 0.005 -26"><span class='ocrx_word' id='word_1_551' title='bbox 2180 3631 2364 3696; x_wconf 88' lang='grc' dir='ltr'><strong>λοντος</strong></span> <span class='ocrx_word' id='word_1_552' title='bbox 2415 3635 2556 3706; x_wconf 72' lang='grc' dir='ltr'><strong>ἤδη,</strong></span> <span class='ocrx_word' id='word_1_553' title='bbox 2611 3637 2817 3700; x_wconf 86' lang='grc' dir='ltr'><strong>ἀνύσας</strong></span> <span class='ocrx_word' id='word_1_554' title='bbox 2877 3638 3035 3691; x_wconf 77' lang='grc' dir='ltr'><strong>οὐδὲν</strong></span> <span class='ocrx_word' id='word_1_555' title='bbox 3090 3641 3185 3693; x_wconf 77' lang='grc' dir='ltr'><strong>καὶ</strong></span> <span class='ocrx_word' id='word_1_556' title='bbox 3246 3642 3417 3706; x_wconf 81' lang='grc' dir='ltr'><strong>αὐτὸς</strong></span> <span class='ocrx_word' id='word_1_557' title='bbox 3481 3640 3748 3710; x_wconf 83' lang='grc' dir='ltr'><strong>ἀνεχώρει.</strong></span> 
     </span>
    </p>
   </div>
   <div class='ocr_carea' id='block_1_82' title="bbox 2184 3726 3750 3799">
    <p class='ocr_par' dir='ltr' id='par_1_82' title="bbox 2184 3726 3750 3799">
     <span class='ocr_line' id='line_1_82' title="bbox 2184 3726 3750 3799; baseline 0.002 -21"><span class='ocrx_word' id='word_1_558' title='bbox 2184 3727 2420 3780; x_wconf 77' lang='grc' dir='ltr'><strong>Ἔπειτα</strong></span> <span class='ocrx_word' id='word_1_559' title='bbox 2482 3729 2676 3791; x_wconf 77' lang='grc' dir='ltr'><strong>νυκτὸς</strong></span> <span class='ocrx_word' id='word_1_560' title='bbox 2726 3730 2871 3798; x_wconf 78' lang='grc' dir='ltr'><strong>ἀωρὶ</strong></span> <span class='ocrx_word' id='word_1_561' title='bbox 2925 3732 3026 3784; x_wconf 77' lang='grc' dir='ltr'><strong>σὺν</strong></span> <span class='ocrx_word' id='word_1_562' title='bbox 3084 3731 3185 3784; x_wconf 80' lang='grc' dir='ltr'><strong>οὐκ</strong></span> <span class='ocrx_word' id='word_1_563' title='bbox 3237 3731 3459 3799; x_wconf 80' lang='grc' dir='ltr'><strong>ἀγεννεῖ</strong></span> <span class='ocrx_word' id='word_1_564' title='bbox 3498 3726 3750 3799; x_wconf 75' lang='grc' dir='ltr'><strong>Αἰγυπτίᾳ</strong></span> 
     </span>
    </p>
   </div>
   <div class='ocr_carea' id='block_1_83' title="bbox 2179 3821 3746 3893">
    <p class='ocr_par' dir='ltr' id='par_1_83' title="bbox 2179 3821 3746 3893">
     <span class='ocr_line' id='line_1_83' title="bbox 2179 3821 3746 3893; baseline -0.001 -21"><span class='ocrx_word' id='word_1_565' title='bbox 2179 3821 2471 3886; x_wconf 80' lang='grc' dir='ltr'><strong>ἐφίσταται</strong></span> <span class='ocrx_word' id='word_1_566' title='bbox 2528 3822 2793 3891; x_wconf 75' lang='grc' dir='ltr'><strong>φάλαγγι.</strong></span> <span class='ocrx_word' id='word_1_567' title='bbox 2845 3823 2957 3876; x_wconf 80' lang='grc' dir='ltr'><strong>Καὶ</strong></span> <span class='ocrx_word' id='word_1_568' title='bbox 3019 3825 3143 3876; x_wconf 75' lang='grc' dir='ltr'><strong>ἐπεὶ</strong></span> <span class='ocrx_word' id='word_1_569' title='bbox 3213 3825 3382 3893; x_wconf 82' lang='grc' dir='ltr'><strong>μάθοι</strong></span> <span class='ocrx_word' id='word_1_570' title='bbox 3449 3824 3746 3880; x_wconf 77' lang='grc' dir='ltr'><strong>’Δθανάσιον</strong></span> 
     </span>
    </p>
   </div>
   <div class='ocr_carea' id='block_1_84' title="bbox 2180 3911 3747 3988">
    <p class='ocr_par' dir='ltr' id='par_1_84' title="bbox 2180 3911 3747 3988">
     <span class='ocr_line' id='line_1_84' title="bbox 2180 3911 3747 3988; baseline 0.003 -22"><span class='ocrx_word' id='word_1_571' title='bbox 2180 3911 2525 3983; x_wconf 77' lang='grc' dir='ltr'><strong>κρύπτεσθαι</strong></span> <span class='ocrx_word' id='word_1_572' title='bbox 2558 3914 2705 3967; x_wconf 76' lang='grc' dir='ltr'><strong>κατὰ</strong></span> <span class='ocrx_word' id='word_1_573' title='bbox 2747 3914 2849 3984; x_wconf 78' lang='grc' dir='ltr'><strong>τὴν</strong></span> <span class='ocrx_word' id='word_1_574' title='bbox 2900 3915 3219 3986; x_wconf 75' lang='grc' dir='ltr'><strong>ἐκκλησίαν,</strong></span> <span class='ocrx_word' id='word_1_575' title='bbox 3251 3919 3285 3988; x_wconf 79' lang='grc' dir='ltr'>ἠ</span> <span class='ocrx_word' id='word_1_576' title='bbox 3316 3919 3417 3973; x_wconf 83' lang='grc' dir='ltr'><strong>τοῦ</strong></span> <span class='ocrx_word' id='word_1_577' title='bbox 3455 3917 3636 3972; x_wconf 74' lang='grc' dir='ltr'><strong>Θεωνᾶ</strong></span> <span class='ocrx_word' id='word_1_578' title='bbox 3671 3913 3747 3964; x_wconf 77' lang='grc' dir='ltr'><strong>λέσ</strong></span> 
     </span>
    </p>
   </div>
   <div class='ocr_carea' id='block_1_85' title="bbox 2178 4005 3739 4081">
    <p class='ocr_par' dir='ltr' id='par_1_85' title="bbox 2178 4005 3739 4081">
     <span class='ocr_line' id='line_1_85' title="bbox 2178 4005 3739 4081; baseline 0.002 -25"><span class='ocrx_word' id='word_1_579' title='bbox 2178 4022 2356 4073; x_wconf 84' lang='grc' dir='ltr'><strong>γεται,</strong></span> <span class='ocrx_word' id='word_1_580' title='bbox 2388 4007 2417 4058; x_wconf 74' lang='grc' dir='ltr'>ὁ</span> <span class='ocrx_word' id='word_1_581' title='bbox 2448 4005 2753 4074; x_wconf 83' lang='grc' dir='ltr'><strong>στρατηγὸς</strong></span> <span class='ocrx_word' id='word_1_582' title='bbox 2797 4006 3050 4076; x_wconf 83' lang='grc' dir='ltr'><strong>ἰλάριος,</strong></span> <span class='ocrx_word' id='word_1_583' title='bbox 3077 4009 3136 4072; x_wconf 83' lang='grc' dir='ltr'><strong>ὃς</strong></span> <span class='ocrx_word' id='word_1_584' title='bbox 3172 4010 3236 4063; x_wconf 87' lang='grc' dir='ltr'><strong>ἐκ</strong></span> <span class='ocrx_word' id='word_1_585' title='bbox 3286 4011 3550 4081; x_wconf 84' lang='grc' dir='ltr'><strong>βασιλέως</strong></span> <span class='ocrx_word' id='word_1_586' title='bbox 3579 4007 3739 4075; x_wconf 78' lang='grc' dir='ltr'><strong>ἐπέμο</strong></span> 
     </span>
    </p>
   </div>
   <div class='ocr_carea' id='block_1_86' title="bbox 2178 4098 3740 4174">
    <p class='ocr_par' dir='ltr' id='par_1_86' title="bbox 2178 4098 3740 4174">
     <span class='ocr_line' id='line_1_86' title="bbox 2178 4098 3740 4174; baseline 0.004 -26"><span class='ocrx_word' id='word_1_587' title='bbox 2178 4114 2333 4155; x_wconf 76' lang='grc' dir='ltr'><strong>πετο,</strong></span> <span class='ocrx_word' id='word_1_588' title='bbox 2362 4099 2671 4167; x_wconf 67' lang='grc' dir='ltr'><strong>ἀνατρέψεις</strong></span> <span class='ocrx_word' id='word_1_589' title='bbox 2699 4098 2794 4161; x_wconf 84' lang='grc' dir='ltr'><strong>τὰς</strong></span> <span class='ocrx_word' id='word_1_590' title='bbox 2821 4098 3015 4168; x_wconf 80' lang='grc' dir='ltr'><strong>θύρας,</strong></span> <span class='ocrx_word' id='word_1_591' title='bbox 3048 4102 3224 4173; x_wconf 77' lang='grc' dir='ltr'><strong>εἰσῄει</strong></span> <span class='ocrx_word' id='word_1_592' title='bbox 3257 4104 3362 4174; x_wconf 80' lang='grc' dir='ltr'><strong>μὲν</strong></span> <span class='ocrx_word' id='word_1_593' title='bbox 3389 4105 3537 4168; x_wconf 81' lang='grc' dir='ltr'><strong>εἴσω,</strong></span> <span class='ocrx_word' id='word_1_594' title='bbox 3557 4103 3740 4172; x_wconf 71' lang='grc' dir='ltr'><strong>ἥκιστα</strong></span> 
     </span>
    </p>
   </div>
   <div class='ocr_carea' id='block_1_87' title="bbox 2176 4186 3740 4265">
    <p class='ocr_par' dir='ltr' id='par_1_87' title="bbox 2176 4186 3740 4265">
     <span class='ocr_line' id='line_1_87' title="bbox 2176 4186 3740 4265; baseline 0.007 -27"><span class='ocrx_word' id='word_1_595' title='bbox 2176 4186 2233 4241; x_wconf 83' lang='grc' dir='ltr'><strong>δὲ</strong></span> <span class='ocrx_word' id='word_1_596' title='bbox 2284 4187 2377 4239; x_wconf 60' lang='grc' dir='ltr'><strong>τὴν</strong></span> <span class='ocrx_word' id='word_1_597' title='bbox 2452 4188 2775 4242; x_wconf 70' lang='grc' dir='ltr'><strong>’Δθανέισιον</strong></span> <span class='ocrx_word' id='word_1_598' title='bbox 2831 4192 3242 4261; x_wconf 81' lang='grc' dir='ltr'><strong>κατελάμϐανε.</strong></span> <span class='ocrx_word' id='word_1_599' title='bbox 3298 4196 3438 4250; x_wconf 83' lang='grc' dir='ltr'><strong>Θεοῦ</strong></span> <span class='ocrx_word' id='word_1_600' title='bbox 3494 4196 3597 4265; x_wconf 80' lang='grc' dir='ltr'><strong>γὰρ</strong></span> <span class='ocrx_word' id='word_1_601' title='bbox 3654 4189 3740 4258; x_wconf 78' lang='grc' dir='ltr'><strong>τὴν</strong></span> 
     </span>
    </p>
   </div>
   <div class='ocr_carea' id='block_1_88' title="bbox 2178 4278 3737 4359">
    <p class='ocr_par' dir='ltr' id='par_1_88' title="bbox 2178 4278 3737 4359">
     <span class='ocr_line' id='line_1_88' title="bbox 2178 4278 3737 4359; baseline 0.001 -29"><span class='ocrx_word' id='word_1_602' title='bbox 2178 4279 2367 4346; x_wconf 75' lang='grc' dir='ltr'><strong>ἔφοδον</strong></span> <span class='ocrx_word' id='word_1_603' title='bbox 2404 4278 2882 4359; x_wconf 60' lang='grc' dir='ltr'><strong>προμηνύσαντοςλ.</strong></span> <span class='ocrx_word' id='word_1_604' title='bbox 2917 4285 3093 4357; x_wconf 72' lang='grc' dir='ltr'><strong>βραχύ</strong></span> <span class='ocrx_word' id='word_1_605' title='bbox 3123 4304 3178 4341; x_wconf 87' lang='grc' dir='ltr'><strong>τι</strong></span> <span class='ocrx_word' id='word_1_606' title='bbox 3206 4288 3404 4358; x_wconf 80' lang='grc' dir='ltr'><strong>χρόνον</strong></span> <span class='ocrx_word' id='word_1_607' title='bbox 3454 4287 3558 4358; x_wconf 81' lang='grc' dir='ltr'><strong>πρὸ</strong></span> <span class='ocrx_word' id='word_1_608' title='bbox 3604 4281 3737 4338; x_wconf 86' lang='grc' dir='ltr'><strong>ὲκεί-</strong></span> 
     </span>
    </p>
   </div>
   <div class='ocr_carea' id='block_1_89' title="bbox 2179 4372 3737 4449">
    <p class='ocr_par' dir='ltr' id='par_1_89' title="bbox 2179 4372 3737 4449">
     <span class='ocr_line' id='line_1_89' title="bbox 2179 4372 3737 4449; baseline 0.005 -27"><span class='ocrx_word' id='word_1_609' title='bbox 2179 4390 2283 4424; x_wconf 87' lang='grc' dir='ltr'><strong>νων</strong></span> <span class='ocrx_word' id='word_1_610' title='bbox 2331 4372 2503 4444; x_wconf 75' lang='grc' dir='ltr'><strong>ἐξῄει,</strong></span> <span class='ocrx_word' id='word_1_611' title='bbox 2555 4376 2683 4438; x_wconf 76' lang='grc' dir='ltr'><strong>τοὺς</strong></span> <span class='ocrx_word' id='word_1_612' title='bbox 2732 4376 2788 4429; x_wconf 79' lang='grc' dir='ltr'><strong>δὲ</strong></span> <span class='ocrx_word' id='word_1_613' title='bbox 2865 4377 3203 4446; x_wconf 80' lang='grc' dir='ltr'><strong>στρατιώτας</strong></span> <span class='ocrx_word' id='word_1_614' title='bbox 3261 4379 3606 4449; x_wconf 80' lang='grc' dir='ltr'><strong>ὲφυστερίσαι</strong></span> <span class='ocrx_word' id='word_1_615' title='bbox 3651 4376 3737 4442; x_wconf 73' lang='grc' dir='ltr'><strong>τὴν</strong></span> 
     </span>
    </p>
   </div>
   <div class='ocr_carea' id='block_1_90' title="bbox 483 4458 2081 4537">
    <p class='ocr_par' dir='ltr' id='par_1_90' title="bbox 483 4463 2069 4537">
     <span class='ocr_line' id='line_1_90' title="bbox 483 4463 2069 4537; baseline 0.007 -21"><span class='ocrx_word' id='word_1_616' title='bbox 483 4463 580 4517; x_wconf 87' lang='lat' dir='ltr'><strong>sed</strong></span> <span class='ocrx_word' id='word_1_617' title='bbox 604 4463 963 4520; x_wconf 81' lang='lat' dir='ltr'><strong>Athanasium</strong></span> <span class='ocrx_word' id='word_1_618' title='bbox 997 4465 1293 4533; x_wconf 73' lang='lat' dir='ltr'><strong>quaesitum</strong></span> <span class='ocrx_word' id='word_1_619' title='bbox 1327 4482 1434 4520; x_wconf 88' lang='lat' dir='ltr'><strong>non</strong></span> <span class='ocrx_word' id='word_1_620' title='bbox 1464 4470 1908 4537; x_wconf 87' lang='lat' dir='ltr'><strong>comprehendit.</strong></span> <span class='ocrx_word' id='word_1_621' title='bbox 1976 4473 2069 4527; x_wconf 87' lang='lat' dir='ltr'><strong>Di-</strong></span> 
     </span>
    </p>
   </div>
   <div class='ocr_carea' id='block_1_91' title="bbox 2186 4458 3736 4537">
    <p class='ocr_par' dir='ltr' id='par_1_91' title="bbox 2186 4458 3736 4536">
     <span class='ocr_line' id='line_1_91' title="bbox 2186 4458 3736 4536; baseline 0.008 -26"><span class='ocrx_word' id='word_1_622' title='bbox 2186 4458 2346 4512; x_wconf 72' lang='grc' dir='ltr'><strong>αὐτοῦ</strong></span> <span class='ocrx_word' id='word_1_623' title='bbox 2381 4461 2667 4531; x_wconf 70' lang='grc' dir='ltr'><strong>σύλληψιν.</strong></span> <span class='ocrx_word' id='word_1_624' title='bbox 2697 4463 2875 4532; x_wconf 84' lang='grc' dir='ltr'><strong>Λόγος</strong></span> <span class='ocrx_word' id='word_1_625' title='bbox 2911 4466 2958 4519; x_wconf 83' lang='lat'><em>6‘</em></span> <span class='ocrx_word' id='word_1_626' title='bbox 3003 4466 3118 4536; x_wconf 76' lang='grc' dir='ltr'><strong>ἔχει</strong></span> <span class='ocrx_word' id='word_1_627' title='bbox 3153 4468 3389 4534; x_wconf 80' lang='grc' dir='ltr'><strong>πολλοὺς</strong></span> <span class='ocrx_word' id='word_1_628' title='bbox 3441 4469 3534 4524; x_wconf 77' lang='grc' dir='ltr'><strong>καὶ</strong></span> <span class='ocrx_word' id='word_1_629' title='bbox 3569 4462 3736 4531; x_wconf 76' lang='grc' dir='ltr'><strong>διαφόο</strong></span> 
     </span>
    </p>
   </div>
   <div class='ocr_carea' id='block_1_92' title="bbox 481 4555 2073 4626">
    <p class='ocr_par' dir='ltr' id='par_1_92' title="bbox 481 4555 2073 4626">
     <span class='ocr_line' id='line_1_92' title="bbox 481 4555 2073 4626; baseline 0.006 -19"><span class='ocrx_word' id='word_1_630' title='bbox 481 4555 694 4609; x_wconf 81' lang='lat' dir='ltr'><strong>viuitus</strong></span> <span class='ocrx_word' id='word_1_631' title='bbox 722 4558 870 4611; x_wconf 83' lang='lat' dir='ltr'><strong>enim</strong></span> <span class='ocrx_word' id='word_1_632' title='bbox 894 4558 946 4611; x_wconf 88' lang='lat' dir='ltr'><strong>ei</strong></span> <span class='ocrx_word' id='word_1_633' title='bbox 970 4556 1301 4626; x_wconf 86' lang='lat' dir='ltr'><strong>irruptionis</strong></span> <span class='ocrx_word' id='word_1_634' title='bbox 1348 4557 1664 4626; x_wconf 82' lang='lat' dir='ltr'><strong>liujusmodi</strong></span> <span class='ocrx_word' id='word_1_635' title='bbox 1692 4561 1929 4617; x_wconf 88' lang='lat' dir='ltr'><strong>consilio</strong></span> <span class='ocrx_word' id='word_1_636' title='bbox 1959 4579 2073 4616; x_wconf 89' lang='lat' dir='ltr'><strong>ma-</strong></span> 
     </span>
    </p>
   </div>
   <div class='ocr_carea' id='block_1_93' title="bbox 483 4645 2068 4717">
    <p class='ocr_par' dir='ltr' id='par_1_93' title="bbox 483 4645 2068 4717">
     <span class='ocr_line' id='line_1_93' title="bbox 483 4645 2068 4717; baseline 0.006 -18"><span class='ocrx_word' id='word_1_637' title='bbox 483 4645 763 4709; x_wconf 86' lang='lat' dir='ltr'><strong>nifestato,</strong></span> <span class='ocrx_word' id='word_1_638' title='bbox 800 4649 964 4717; x_wconf 85' lang='lat' dir='ltr'><strong>paulo</strong></span> <span class='ocrx_word' id='word_1_639' title='bbox 996 4661 1125 4702; x_wconf 90' lang='lat' dir='ltr'><strong>ante</strong></span> <span class='ocrx_word' id='word_1_640' title='bbox 1155 4648 1285 4702; x_wconf 88' lang='lat' dir='ltr'><strong>inde</strong></span> <span class='ocrx_word' id='word_1_641' title='bbox 1321 4651 1593 4717; x_wconf 77' lang='lat' dir='ltr'><strong>exiverat,</strong></span> <span class='ocrx_word' id='word_1_642' title='bbox 1651 4654 1853 4708; x_wconf 86' lang='lat' dir='ltr'><strong>milites</strong></span> <span class='ocrx_word' id='word_1_643' title='bbox 1883 4667 2068 4709; x_wconf 83' lang='lat' dir='ltr'><strong>autent</strong></span> 
     </span>
    </p>
   </div>
   <div class='ocr_carea' id='block_1_94' title="bbox 486 4737 2069 4807">
    <p class='ocr_par' dir='ltr' id='par_1_94' title="bbox 486 4737 2069 4807">
     <span class='ocr_line' id='line_1_94' title="bbox 486 4737 2069 4807; baseline 0.008 -19"><span class='ocrx_word' id='word_1_644' title='bbox 486 4737 696 4792; x_wconf 79' lang='lat' dir='ltr'><strong>tardius</strong></span> <span class='ocrx_word' id='word_1_645' title='bbox 718 4739 785 4791; x_wconf 88' lang='lat' dir='ltr'><strong>ad</strong></span> <span class='ocrx_word' id='word_1_646' title='bbox 817 4739 1405 4807; x_wconf 83' lang='lat' dir='ltr'><strong>comprehendendum</strong></span> <span class='ocrx_word' id='word_1_647' title='bbox 1448 4758 1574 4796; x_wconf 90' lang='lat' dir='ltr'><strong>eum</strong></span> <span class='ocrx_word' id='word_1_648' title='bbox 1604 4755 1891 4799; x_wconf 78' lang='lat' dir='ltr'><strong>Veneram.</strong></span> <span class='ocrx_word' id='word_1_649' title='bbox 1920 4746 2069 4801; x_wconf 86' lang='lat' dir='ltr'><strong>Dici-</strong></span> 
     </span>
    </p>
   </div>
   <div class='ocr_carea' id='block_1_95' title="bbox 484 4832 2070 4907">
    <p class='ocr_par' dir='ltr' id='par_1_95' title="bbox 484 4832 2070 4907">
     <span class='ocr_line' id='line_1_95' title="bbox 484 4832 2070 4907; baseline 0.006 -22"><span class='ocrx_word' id='word_1_650' title='bbox 484 4842 575 4885; x_wconf 91' lang='lat' dir='ltr'><strong>tur</strong></span> <span class='ocrx_word' id='word_1_651' title='bbox 603 4848 736 4885; x_wconf 88' lang='lat' dir='ltr'><strong>sane</strong></span> <span class='ocrx_word' id='word_1_652' title='bbox 760 4832 853 4886; x_wconf 88' lang='lat' dir='ltr'><strong>ltic</strong></span> <span class='ocrx_word' id='word_1_653' title='bbox 872 4832 957 4885; x_wconf 79' lang='lat' dir='ltr'><strong>vir</strong></span> <span class='ocrx_word' id='word_1_654' title='bbox 978 4833 1150 4887; x_wconf 79' lang='lat' dir='ltr'><strong>multa</strong></span> <span class='ocrx_word' id='word_1_655' title='bbox 1174 4844 1229 4887; x_wconf 91' lang='lat' dir='ltr'><strong>et</strong></span> <span class='ocrx_word' id='word_1_656' title='bbox 1261 4835 1475 4890; x_wconf 84' lang='lat' dir='ltr'><strong>diversa</strong></span> <span class='ocrx_word' id='word_1_657' title='bbox 1499 4837 1920 4907; x_wconf 83' lang='lat' dir='ltr'><strong>divinnjudicio</strong></span> <span class='ocrx_word' id='word_1_658' title='bbox 1940 4857 2070 4894; x_wconf 83' lang='lat' dir='ltr'><strong>eva—</strong></span> 
     </span>
    </p>
   </div>
   <div class='ocr_carea' id='block_1_96' title="bbox 480 4922 2056 5000">
    <p class='ocr_par' dir='ltr' id='par_1_96' title="bbox 480 4922 2056 5000">
     <span class='ocr_line' id='line_1_96' title="bbox 480 4922 2056 5000; baseline 0.008 -24"><span class='ocrx_word' id='word_1_659' title='bbox 480 4924 619 4977; x_wconf 87' lang='lat' dir='ltr'><strong>sisse</strong></span> <span class='ocrx_word' id='word_1_660' title='bbox 651 4922 920 4991; x_wconf 83' lang='lat' dir='ltr'><strong>pericula.</strong></span> <span class='ocrx_word' id='word_1_661' title='bbox 952 4922 1108 4990; x_wconf 85' lang='lat' dir='ltr'><strong>Quod</strong></span> <span class='ocrx_word' id='word_1_662' title='bbox 1145 4942 1384 4995; x_wconf 86' lang='lat' dir='ltr'><strong>namque</strong></span> <span class='ocrx_word' id='word_1_663' title='bbox 1439 4928 1550 4983; x_wconf 91' lang='lat' dir='ltr'><strong>Deo</strong></span> <span class='ocrx_word' id='word_1_664' title='bbox 1600 4941 1755 4985; x_wconf 80' lang='lat' dir='ltr'><strong>esset</strong></span> <span class='ocrx_word' id='word_1_665' title='bbox 1787 4947 2056 5000; x_wconf 85' lang='lat' dir='ltr'><strong>perquam</strong></span> 
     </span>
    </p>
   </div>
   <div class='ocr_carea' id='block_1_97' title="bbox 482 5016 2064 5090">
    <p class='ocr_par' dir='ltr' id='par_1_97' title="bbox 482 5016 2064 5090">
     <span class='ocr_line' id='line_1_97' title="bbox 482 5016 2064 5090; baseline 0.007 -23"><span class='ocrx_word' id='word_1_666' title='bbox 482 5017 722 5077; x_wconf 81' lang='lat' dir='ltr'><strong>citarus,</strong></span> <span class='ocrx_word' id='word_1_667' title='bbox 755 5030 876 5082; x_wconf 69' lang='lat' dir='ltr'><strong>qua:</strong></span> <span class='ocrx_word' id='word_1_668' title='bbox 917 5016 1099 5069; x_wconf 85' lang='lat' dir='ltr'><strong>futura</strong></span> <span class='ocrx_word' id='word_1_669' title='bbox 1156 5027 1335 5081; x_wconf 90' lang='lat' dir='ltr'><strong>erant,</strong></span> <span class='ocrx_word' id='word_1_670' title='bbox 1390 5019 1579 5073; x_wconf 80' lang='lat' dir='ltr'><strong>itidem</strong></span> <span class='ocrx_word' id='word_1_671' title='bbox 1627 5030 1687 5074; x_wconf 91' lang='lat' dir='ltr'><strong>ut</strong></span> <span class='ocrx_word' id='word_1_672' title='bbox 1745 5027 2064 5090; x_wconf 72' lang='lat' dir='ltr'><strong>praesentia,</strong></span> 
     </span>
    </p>
   </div>
   <div class='ocr_carea' id='block_1_98' title="bbox 482 5104 2060 5175">
    <p class='ocr_par' dir='ltr' id='par_1_98' title="bbox 482 5104 2060 5175">
     <span class='ocr_line' id='line_1_98' title="bbox 482 5104 2060 5175; baseline 0.008 -18"><span class='ocrx_word' id='word_1_673' title='bbox 482 5119 581 5173; x_wconf 87' lang='lat' dir='ltr'><strong>per</strong></span> <span class='ocrx_word' id='word_1_674' title='bbox 600 5104 830 5173; x_wconf 78' lang='lat' dir='ltr'><strong>gratiam</strong></span> <span class='ocrx_word' id='word_1_675' title='bbox 864 5106 956 5160; x_wconf 88' lang='lat' dir='ltr'><strong>Dei</strong></span> <span class='ocrx_word' id='word_1_676' title='bbox 979 5108 1329 5175; x_wconf 81' lang='lat' dir='ltr'><strong>providebat.</strong></span> <span class='ocrx_word' id='word_1_677' title='bbox 1355 5110 1524 5165; x_wconf 79' lang='lat' dir='ltr'><strong>Multa</strong></span> <span class='ocrx_word' id='word_1_678' title='bbox 1555 5121 1707 5166; x_wconf 88' lang='lat' dir='ltr'><strong>certe</strong></span> <span class='ocrx_word' id='word_1_679' title='bbox 1733 5113 2060 5170; x_wconf 86' lang='lat' dir='ltr'><strong>admiranda</strong></span> 
     </span>
    </p>
   </div>
   <div class='ocr_carea' id='block_1_99' title="bbox 483 5191 2063 5263">
    <p class='ocr_par' dir='ltr' id='par_1_99' title="bbox 483 5191 2063 5263">
     <span class='ocr_line' id='line_1_99' title="bbox 483 5191 2063 5263; baseline 0.009 -17"><span class='ocrx_word' id='word_1_680' title='bbox 483 5191 798 5246; x_wconf 78' lang='lat' dir='ltr'><strong>futurorum</strong></span> <span class='ocrx_word' id='word_1_681' title='bbox 831 5196 1203 5263; x_wconf 81' lang='lat' dir='ltr'><strong>cognitionem</strong></span> <span class='ocrx_word' id='word_1_682' title='bbox 1222 5198 1340 5252; x_wconf 85' lang='lat' dir='ltr'><strong>vim</strong></span> <span class='ocrx_word' id='word_1_683' title='bbox 1358 5199 1410 5253; x_wconf 87' lang='lat' dir='ltr'><strong>ei</strong></span> <span class='ocrx_word' id='word_1_684' title='bbox 1429 5211 1838 5258; x_wconf 83' lang='lat' dir='ltr'><strong>contestantur.</strong></span> <span class='ocrx_word' id='word_1_685' title='bbox 1876 5205 2063 5260; x_wconf 81' lang='lat' dir='ltr'><strong>Primo</strong></span> 
     </span>
    </p>
   </div>
   <div class='ocr_carea' id='block_1_100' title="bbox 481 5288 2066 5353">
    <p class='ocr_par' dir='ltr' id='par_1_100' title="bbox 481 5288 2066 5353">
     <span class='ocr_line' id='line_1_100' title="bbox 481 5288 2066 5353; baseline 0.009 -17"><span class='ocrx_word' id='word_1_686' title='bbox 481 5298 719 5353; x_wconf 80' lang='lat' dir='ltr'><strong>namque</strong></span> <span class='ocrx_word' id='word_1_687' title='bbox 761 5302 906 5341; x_wconf 89' lang='lat' dir='ltr'><strong>anno</strong></span> <span class='ocrx_word' id='word_1_688' title='bbox 940 5288 1277 5353; x_wconf 80' lang='lat' dir='ltr'><strong>Constantis,</strong></span> <span class='ocrx_word' id='word_1_689' title='bbox 1337 5303 1392 5346; x_wconf 84' lang='lat' dir='ltr'><strong>et</strong></span> <span class='ocrx_word' id='word_1_690' title='bbox 1440 5292 1769 5351; x_wconf 80' lang='lat' dir='ltr'><strong>Constantio</strong></span> <span class='ocrx_word' id='word_1_691' title='bbox 1833 5295 2066 5350; x_wconf 78' lang='lat' dir='ltr'><strong>insidias</strong></span> 
     </span>
    </p>
   </div>
   <div class='ocr_carea' id='block_1_101' title="bbox 478 5377 2062 5456">
    <p class='ocr_par' dir='ltr' id='par_1_101' title="bbox 478 5377 2062 5456">
     <span class='ocr_line' id='line_1_101' title="bbox 478 5377 2062 5456; baseline 0.007 -26"><span class='ocrx_word' id='word_1_692' title='bbox 478 5377 532 5431; x_wconf 88' lang='lat' dir='ltr'><strong>ei</strong></span> <span class='ocrx_word' id='word_1_693' title='bbox 583 5388 856 5441; x_wconf 88' lang='lat' dir='ltr'><strong>struente,</strong></span> <span class='ocrx_word' id='word_1_694' title='bbox 917 5395 1039 5434; x_wconf 87' lang='lat' dir='ltr'><strong>cum</strong></span> <span class='ocrx_word' id='word_1_695' title='bbox 1116 5381 1244 5452; x_wconf 69' lang='lat' dir='ltr'><strong>fuga</strong></span> <span class='ocrx_word' id='word_1_696' title='bbox 1302 5383 1408 5437; x_wconf 83' lang='lat' dir='ltr'><strong>sibi</strong></span> <span class='ocrx_word' id='word_1_697' title='bbox 1468 5387 1876 5451; x_wconf 60' lang='lat' dir='ltr'><strong>CUII§UlUi:SCl,</strong></span> <span class='ocrx_word' id='word_1_698' title='bbox 1918 5389 2062 5456; x_wconf 86' lang='lat' dir='ltr'><strong>apud</strong></span> 
     </span>
    </p>
   </div>
   <div class='ocr_carea' id='block_1_102' title="bbox 477 5471 2060 5540">
    <p class='ocr_par' dir='ltr' id='par_1_102' title="bbox 477 5471 2060 5540">
     <span class='ocr_line' id='line_1_102' title="bbox 477 5471 2060 5540; baseline 0.008 -20"><span class='ocrx_word' id='word_1_699' title='bbox 477 5471 986 5540; x_wconf 85' lang='lat' dir='ltr'><strong>notumqucmdam</strong></span> <span class='ocrx_word' id='word_1_700' title='bbox 1023 5472 1303 5529; x_wconf 88' lang='lat' dir='ltr'><strong>hominem</strong></span> <span class='ocrx_word' id='word_1_701' title='bbox 1340 5475 1395 5529; x_wconf 90' lang='lat' dir='ltr'><strong>in</strong></span> <span class='ocrx_word' id='word_1_702' title='bbox 1422 5477 1790 5533; x_wconf 76' lang='lat' dir='ltr'><strong>subterraneo</strong></span> <span class='ocrx_word' id='word_1_703' title='bbox 1826 5489 1882 5533; x_wconf 92' lang='lat' dir='ltr'><strong>ct</strong></span> <span class='ocrx_word' id='word_1_704' title='bbox 1921 5481 2060 5533; x_wconf 84' lang='lat' dir='ltr'><strong>cali-</strong></span> 
     </span>
    </p>
   </div>
   <div class='ocr_carea' id='block_1_103' title="bbox 477 5558 2063 5635">
    <p class='ocr_par' dir='ltr' id='par_1_103' title="bbox 477 5558 2063 5635">
     <span class='ocr_line' id='line_1_103' title="bbox 477 5558 2063 5635; baseline 0.006 -23"><span class='ocrx_word' id='word_1_705' title='bbox 477 5558 672 5629; x_wconf 81' lang='lat' dir='ltr'><strong>ginoso</strong></span> <span class='ocrx_word' id='word_1_706' title='bbox 699 5575 1062 5632; x_wconf 74' lang='lat' dir='ltr'><strong>specu,aqnae</strong></span> <span class='ocrx_word' id='word_1_707' title='bbox 1115 5564 1249 5617; x_wconf 91' lang='lat' dir='ltr'><strong>olim</strong></span> <span class='ocrx_word' id='word_1_708' title='bbox 1287 5565 1559 5631; x_wconf 87' lang='lat' dir='ltr'><strong>cisterna,</strong></span> <span class='ocrx_word' id='word_1_709' title='bbox 1613 5565 1797 5635; x_wconf 78' lang='lat' dir='ltr'><strong>latuit,</strong></span> <span class='ocrx_word' id='word_1_710' title='bbox 1840 5583 2063 5622; x_wconf 73' lang='lat' dir='ltr'><strong>nemine</strong></span> 
     </span>
    </p>
   </div>
   <div class='ocr_carea' id='block_1_104' title="bbox 548 5742 1493 5818">
    <p class='ocr_par' dir='ltr' id='par_1_104' title="bbox 548 5742 1493 5818">
     <span class='ocr_line' id='line_1_104' title="bbox 548 5742 1493 5818; baseline 0.004 -23"><span class='ocrx_word' id='word_1_711' title='bbox 548 5742 626 5814; x_wconf 88' lang='lat' dir='ltr'><strong>(i)</strong></span> <span class='ocrx_word' id='word_1_712' title='bbox 661 5744 878 5801; x_wconf 85' lang='lat' dir='ltr'><strong>Sozom.</strong></span> <span class='ocrx_word' id='word_1_713' title='bbox 909 5745 1006 5801; x_wconf 83' lang='lat' dir='ltr'><strong>lib.</strong></span> <span class='ocrx_word' id='word_1_714' title='bbox 1042 5763 1115 5813; x_wconf 80' lang='lat' dir='ltr'><strong>tv,</strong></span> <span class='ocrx_word' id='word_1_715' title='bbox 1156 5763 1276 5818; x_wconf 86' lang='lat' dir='ltr'><strong>cap.</strong></span> <span class='ocrx_word' id='word_1_716' title='bbox 1313 5748 1368 5814; x_wconf 80' lang='lat'><strong>9,</strong></span> <span class='ocrx_word' id='word_1_717' title='bbox 1405 5748 1493 5801; x_wconf 83' lang='grc'><strong>10.</strong></span> 
     </span>
    </p>
   </div>
   <div class='ocr_carea' id='block_1_105' title="bbox 2178 4552 3733 4632">
    <p class='ocr_par' dir='ltr' id='par_1_105' title="bbox 2178 4552 3733 4632">
     <span class='ocr_line' id='line_1_105' title="bbox 2178 4552 3733 4632; baseline 0.008 -30"><span class='ocrx_word' id='word_1_718' title='bbox 2178 4568 2307 4621; x_wconf 83' lang='grc' dir='ltr'><strong>ρους</strong></span> <span class='ocrx_word' id='word_1_719' title='bbox 2342 4552 2623 4616; x_wconf 81' lang='grc' dir='ltr'><strong>κινδύνους</strong></span> <span class='ocrx_word' id='word_1_720' title='bbox 2648 4554 2818 4619; x_wconf 84' lang='grc' dir='ltr'><strong>θείοις</strong></span> <span class='ocrx_word' id='word_1_721' title='bbox 2851 4557 3172 4627; x_wconf 80' lang='grc' dir='ltr'><strong>μηνύμασιν</strong></span> <span class='ocrx_word' id='word_1_722' title='bbox 3202 4561 3503 4632; x_wconf 77' lang='grc' dir='ltr'><strong>ἀποδρᾶναι</strong></span> <span class='ocrx_word' id='word_1_723' title='bbox 3532 4559 3620 4611; x_wconf 83' lang='grc' dir='ltr'><strong>τὸν</strong></span> <span class='ocrx_word' id='word_1_724' title='bbox 3649 4554 3733 4608; x_wconf 78' lang='grc' dir='ltr'><strong>ἄν·</strong></span> 
     </span>
    </p>
   </div>
   <div class='ocr_carea' id='block_1_106' title="bbox 2174 4644 3733 4722">
    <p class='ocr_par' dir='ltr' id='par_1_106' title="bbox 2174 4644 3733 4722">
     <span class='ocr_line' id='line_1_106' title="bbox 2174 4644 3733 4722; baseline 0.012 -27"><span class='ocrx_word' id='word_1_725' title='bbox 2174 4644 2312 4712; x_wconf 84' lang='grc' dir='ltr'><strong>δρα·</strong></span> <span class='ocrx_word' id='word_1_726' title='bbox 2363 4646 2515 4713; x_wconf 64' lang='grc' dir='ltr'><strong>φίλος</strong></span> <span class='ocrx_word' id='word_1_727' title='bbox 2564 4650 2674 4718; x_wconf 79' lang='grc' dir='ltr'><strong>γὰρ</strong></span> <span class='ocrx_word' id='word_1_728' title='bbox 2714 4648 2791 4702; x_wconf 82' lang='grc' dir='ltr'><strong>ὣν</strong></span> <span class='ocrx_word' id='word_1_729' title='bbox 2833 4651 2954 4720; x_wconf 84' lang='grc' dir='ltr'><strong>Θεῷ</strong></span> <span class='ocrx_word' id='word_1_730' title='bbox 3007 4653 3264 4722; x_wconf 82' lang='grc' dir='ltr'><strong>μάλιστα,</strong></span> <span class='ocrx_word' id='word_1_731' title='bbox 3293 4655 3370 4719; x_wconf 82' lang='grc' dir='ltr'><strong>ὡς</strong></span> <span class='ocrx_word' id='word_1_732' title='bbox 3421 4649 3642 4712; x_wconf 76' lang='grc' dir='ltr'><strong>ἐνεστὼς</strong></span> <span class='ocrx_word' id='word_1_733' title='bbox 3679 4645 3733 4697; x_wconf 65' lang='grc' dir='ltr'><strong>τὸ</strong></span> 
     </span>
    </p>
   </div>
   <div class='ocr_carea' id='block_1_107' title="bbox 2176 4739 3730 4816">
    <p class='ocr_par' dir='ltr' id='par_1_107' title="bbox 2176 4739 3730 4816">
     <span class='ocr_line' id='line_1_107' title="bbox 2176 4739 3730 4816; baseline 0 -27"><span class='ocrx_word' id='word_1_734' title='bbox 2176 4739 2373 4808; x_wconf 73' lang='grc' dir='ltr'><strong>μέλλον</strong></span> <span class='ocrx_word' id='word_1_735' title='bbox 2423 4740 2573 4812; x_wconf 84' lang='grc' dir='ltr'><strong>ἐώρα</strong></span> <span class='ocrx_word' id='word_1_736' title='bbox 2618 4746 2983 4813; x_wconf 76' lang='grc' dir='ltr'><strong>χαριζομένου</strong></span> <span class='ocrx_word' id='word_1_737' title='bbox 3034 4745 3171 4798; x_wconf 81' lang='grc' dir='ltr'><strong>Θεοῦ</strong></span> <span class='ocrx_word' id='word_1_738' title='bbox 3198 4764 3213 4780; x_wconf 77' lang='grc' dir='ltr'><strong>ο</strong></span> <span class='ocrx_word' id='word_1_739' title='bbox 3249 4746 3424 4802; x_wconf 80' lang='grc' dir='ltr'><strong>πολλὰ</strong></span> <span class='ocrx_word' id='word_1_740' title='bbox 3468 4746 3572 4816; x_wconf 80' lang='grc' dir='ltr'><strong>γὰρ</strong></span> <span class='ocrx_word' id='word_1_741' title='bbox 3616 4740 3730 4793; x_wconf 83' lang='grc' dir='ltr'><strong>θαυ-</strong></span> 
     </span>
    </p>
   </div>
   <div class='ocr_carea' id='block_1_108' title="bbox 2176 4826 3730 4912">
    <p class='ocr_par' dir='ltr' id='par_1_108' title="bbox 2176 4826 3730 4912">
     <span class='ocr_line' id='line_1_108' title="bbox 2176 4826 3730 4912; baseline 0.01 -31"><span class='ocrx_word' id='word_1_742' title='bbox 2176 4833 2363 4901; x_wconf 81' lang='grc' dir='ltr'><strong>μαστὰ</strong></span> <span class='ocrx_word' id='word_1_743' title='bbox 2392 4835 2493 4901; x_wconf 83' lang='grc' dir='ltr'><strong>τὴν</strong></span> <span class='ocrx_word' id='word_1_744' title='bbox 2534 4834 2646 4887; x_wconf 82' lang='grc' dir='ltr'><strong>τῶν</strong></span> <span class='ocrx_word' id='word_1_745' title='bbox 2696 4837 2979 4906; x_wconf 75' lang='grc' dir='ltr'><strong>ἐσομένων</strong></span> <span class='ocrx_word' id='word_1_746' title='bbox 3030 4839 3236 4906; x_wconf 82' lang='grc' dir='ltr'><strong>γνῶσιν</strong></span> <span class='ocrx_word' id='word_1_747' title='bbox 3280 4835 3638 4912; x_wconf 73' lang='grc' dir='ltr'><strong>ἐπιμαρτυρεῖ</strong></span> <span class='ocrx_word' id='word_1_748' title='bbox 3661 4826 3730 4895; x_wconf 72' lang='grc' dir='ltr'>τῷ</span> 
     </span>
    </p>
   </div>
   <div class='ocr_carea' id='block_1_109' title="bbox 2172 4928 3727 5000">
    <p class='ocr_par' dir='ltr' id='par_1_109' title="bbox 2172 4928 3727 5000">
     <span class='ocr_line' id='line_1_109' title="bbox 2172 4928 3727 5000; baseline 0.003 -22"><span class='ocrx_word' id='word_1_749' title='bbox 2172 4928 2329 4997; x_wconf 68' lang='grc' dir='ltr'><strong>ἀνδρί</strong></span> <span class='ocrx_word' id='word_1_750' title='bbox 2360 4945 2370 4958; x_wconf 91' lang='grc'>·</span> <span class='ocrx_word' id='word_1_751' title='bbox 2409 4929 2489 4997; x_wconf 82' lang='grc' dir='ltr'><strong>τῷ</strong></span> <span class='ocrx_word' id='word_1_752' title='bbox 2515 4932 2624 4998; x_wconf 72' lang='grc' dir='ltr'><strong>γὰρ</strong></span> <span class='ocrx_word' id='word_1_753' title='bbox 2655 4930 2865 5000; x_wconf 83' lang='grc' dir='ltr'><strong>πρώτῳ</strong></span> <span class='ocrx_word' id='word_1_754' title='bbox 2915 4932 3028 4984; x_wconf 82' lang='grc' dir='ltr'><strong>ἐτει</strong></span> <span class='ocrx_word' id='word_1_755' title='bbox 3059 4932 3424 4997; x_wconf 80' lang='grc' dir='ltr'><strong>Κώνσταντος</strong></span> <span class='ocrx_word' id='word_1_756' title='bbox 3464 4929 3554 4985; x_wconf 83' lang='grc' dir='ltr'><strong>τοῦ</strong></span> <span class='ocrx_word' id='word_1_757' title='bbox 3588 4928 3727 4979; x_wconf 72' lang='grc' dir='ltr'><strong>Κωνο</strong></span> 
     </span>
    </p>
   </div>
   <div class='ocr_carea' id='block_1_110' title="bbox 2172 5014 3705 5098">
    <p class='ocr_par' dir='ltr' id='par_1_110' title="bbox 2172 5014 3705 5098">
     <span class='ocr_line' id='line_1_110' title="bbox 2172 5014 3705 5098; baseline 0.006 -28"><span class='ocrx_word' id='word_1_758' title='bbox 2172 5020 2428 5072; x_wconf 84' lang='grc' dir='ltr'><strong>σταντίου</strong></span> <span class='ocrx_word' id='word_1_759' title='bbox 2464 5021 2734 5075; x_wconf 79' lang='grc' dir='ltr'><strong>ἐπίσουλα</strong></span> <span class='ocrx_word' id='word_1_760' title='bbox 2785 5024 3113 5092; x_wconf 79' lang='grc' dir='ltr'><strong>φρονοῦντος</strong></span> <span class='ocrx_word' id='word_1_761' title='bbox 3148 5027 3317 5098; x_wconf 75' lang='grc' dir='ltr'><strong>αὐτῷ,</strong></span> <span class='ocrx_word' id='word_1_762' title='bbox 3346 5027 3493 5094; x_wconf 76' lang='grc' dir='ltr'><strong>φυγῇ</strong></span> <span class='ocrx_word' id='word_1_763' title='bbox 3538 5014 3705 5091; x_wconf 74' lang='grc' dir='ltr'><strong>χρησά</strong></span> 
     </span>
    </p>
   </div>
   <div class='ocr_carea' id='block_1_111' title="bbox 2173 5104 3720 5185">
    <p class='ocr_par' dir='ltr' id='par_1_111' title="bbox 2173 5104 3720 5185">
     <span class='ocr_line' id='line_1_111' title="bbox 2173 5104 3720 5185; baseline 0.005 -25"><span class='ocrx_word' id='word_1_764' title='bbox 2173 5126 2359 5178; x_wconf 84' lang='grc' dir='ltr'><strong>μενος,</strong></span> <span class='ocrx_word' id='word_1_765' title='bbox 2391 5113 2657 5182; x_wconf 83' lang='grc' dir='ltr'><strong>γνωρίμῳ</strong></span> <span class='ocrx_word' id='word_1_766' title='bbox 2710 5115 2821 5164; x_wconf 81' lang='grc' dir='ltr'><strong>τινὶ</strong></span> <span class='ocrx_word' id='word_1_767' title='bbox 2877 5115 3314 5185; x_wconf 86' lang='grc' dir='ltr'><strong>κατεκρύπτετο,</strong></span> <span class='ocrx_word' id='word_1_768' title='bbox 3363 5120 3421 5170; x_wconf 86' lang='grc' dir='ltr'><strong>ἐν</strong></span> <span class='ocrx_word' id='word_1_769' title='bbox 3460 5104 3720 5175; x_wconf 58' lang='lat' dir='ltr'><strong>saturat&quot;?</strong></span> 
     </span>
    </p>
   </div>
   <div class='ocr_carea' id='block_1_112' title="bbox 2170 5201 3718 5280">
    <p class='ocr_par' dir='ltr' id='par_1_112' title="bbox 2170 5201 3718 5280">
     <span class='ocr_line' id='line_1_112' title="bbox 2170 5201 3718 5280; baseline -0.002 -28"><span class='ocrx_word' id='word_1_770' title='bbox 2170 5202 2385 5271; x_wconf 57' lang='grc' dir='ltr'><strong>ζοφερῴ</strong></span> <span class='ocrx_word' id='word_1_771' title='bbox 2438 5204 2728 5273; x_wconf 77' lang='grc' dir='ltr'><strong>οἰκήματι.</strong></span> <span class='ocrx_word' id='word_1_772' title='bbox 2777 5204 2806 5258; x_wconf 84' lang='grc' dir='ltr'><strong>ὃ</strong></span> <span class='ocrx_word' id='word_1_773' title='bbox 2853 5206 3022 5262; x_wconf 85' lang='grc' dir='ltr'><strong>πάλαι</strong></span> <span class='ocrx_word' id='word_1_774' title='bbox 3073 5209 3205 5262; x_wconf 86' lang='grc' dir='ltr'><strong>ποτὲ</strong></span> <span class='ocrx_word' id='word_1_775' title='bbox 3253 5212 3477 5280; x_wconf 82' lang='grc' dir='ltr'><strong>ταμεῖον</strong></span> <span class='ocrx_word' id='word_1_776' title='bbox 3528 5201 3718 5256; x_wconf 79' lang='grc' dir='ltr'><strong>ὑδάτων</strong></span> 
     </span>
    </p>
   </div>
   <div class='ocr_carea' id='block_1_113' title="bbox 2169 5289 3719 5370">
    <p class='ocr_par' dir='ltr' id='par_1_113' title="bbox 2169 5289 3719 5370">
     <span class='ocr_line' id='line_1_113' title="bbox 2169 5289 3719 5370; baseline 0.009 -25"><span class='ocrx_word' id='word_1_777' title='bbox 2169 5295 2470 5363; x_wconf 74' lang='grc' dir='ltr'><strong>ἐτύγχανεν</strong></span> <span class='ocrx_word' id='word_1_778' title='bbox 2511 5296 2591 5351; x_wconf 79' lang='grc' dir='ltr'><strong>ὅν.</strong></span> <span class='ocrx_word' id='word_1_779' title='bbox 2625 5298 2819 5360; x_wconf 78' lang='grc' dir='ltr'><strong>Οὐδεὶς</strong></span> <span class='ocrx_word' id='word_1_780' title='bbox 2871 5302 3057 5368; x_wconf 76' lang='grc' dir='ltr'><strong>μέντοι</strong></span> <span class='ocrx_word' id='word_1_781' title='bbox 3106 5301 3353 5370; x_wconf 80' lang='grc' dir='ltr'><strong>συνέγνω</strong></span> <span class='ocrx_word' id='word_1_782' title='bbox 3398 5297 3533 5367; x_wconf 82' lang='grc' dir='ltr'><strong>πλὴν</strong></span> <span class='ocrx_word' id='word_1_783' title='bbox 3573 5289 3719 5358; x_wconf 68' lang='grc' dir='ltr'><strong>θερά’</strong></span> 
     </span>
    </p>
   </div>
   <div class='ocr_carea' id='block_1_114' title="bbox 2168 5383 3717 5464">
    <p class='ocr_par' dir='ltr' id='par_1_114' title="bbox 2168 5383 3717 5464">
     <span class='ocr_line' id='line_1_114' title="bbox 2168 5383 3717 5464; baseline 0.005 -26"><span class='ocrx_word' id='word_1_784' title='bbox 2168 5403 2358 5452; x_wconf 68' lang='lat' dir='ltr'><strong>nam,</strong></span> <span class='ocrx_word' id='word_1_785' title='bbox 2412 5390 2444 5459; x_wconf 80' lang='grc' dir='ltr'><strong>ἢ</strong></span> <span class='ocrx_word' id='word_1_786' title='bbox 2505 5389 2671 5460; x_wconf 79' lang='grc' dir='ltr'><strong>πιστὴ</strong></span> <span class='ocrx_word' id='word_1_787' title='bbox 2724 5390 2981 5456; x_wconf 81' lang='grc' dir='ltr'><strong>δοκοῦσα,</strong></span> <span class='ocrx_word' id='word_1_788' title='bbox 3040 5396 3155 5456; x_wconf 76' lang='grc' dir='ltr'><strong>τοῖς</strong></span> <span class='ocrx_word' id='word_1_789' title='bbox 3209 5397 3351 5448; x_wconf 79' lang='grc' dir='ltr'><strong>κατὰ</strong></span> <span class='ocrx_word' id='word_1_790' title='bbox 3396 5389 3576 5464; x_wconf 84' lang='grc' dir='ltr'><strong>χρείαν</strong></span> <span class='ocrx_word' id='word_1_791' title='bbox 3616 5383 3717 5446; x_wconf 74' lang='grc' dir='ltr'><strong>διηο</strong></span> 
     </span>
    </p>
   </div>
   <div class='ocr_carea' id='block_1_115' title="bbox 2169 5470 3716 5553">
    <p class='ocr_par' dir='ltr' id='par_1_115' title="bbox 2169 5470 3716 5553">
     <span class='ocr_line' id='line_1_115' title="bbox 2169 5470 3716 5553; baseline -0.002 -25"><span class='ocrx_word' id='word_1_792' title='bbox 2169 5479 2398 5532; x_wconf 81' lang='grc' dir='ltr'><strong>κονείτο.</strong></span> <span class='ocrx_word' id='word_1_793' title='bbox 2445 5478 2600 5531; x_wconf 79' lang='grc' dir='ltr'><strong>Ἐπεὶ</strong></span> <span class='ocrx_word' id='word_1_794' title='bbox 2634 5480 2690 5532; x_wconf 79' lang='grc' dir='ltr'><strong>δὲ</strong></span> <span class='ocrx_word' id='word_1_795' title='bbox 2726 5481 2931 5551; x_wconf 79' lang='grc' dir='ltr'><strong>σπουδὴ</strong></span> <span class='ocrx_word' id='word_1_796' title='bbox 2987 5484 3282 5553; x_wconf 63' lang='grc' dir='ltr'><strong>»προῧκειτο</strong></span> <span class='ocrx_word' id='word_1_797' title='bbox 3323 5486 3431 5547; x_wconf 86' lang='grc' dir='ltr'><strong>τοῖς</strong></span> <span class='ocrx_word' id='word_1_798' title='bbox 3473 5470 3716 5532; x_wconf 78' lang='grc' dir='ltr'><strong>ἐναντίοις</strong></span> 
     </span>
    </p>
   </div>
   <div class='ocr_carea' id='block_1_116' title="bbox 2167 5557 3715 5651">
    <p class='ocr_par' dir='ltr' id='par_1_116' title="bbox 2167 5557 3715 5651">
     <span class='ocr_line' id='line_1_116' title="bbox 2167 5557 3715 5651; baseline 0.003 -30"><span class='ocrx_word' id='word_1_799' title='bbox 2167 5570 2258 5621; x_wconf 66' lang='grc' dir='ltr'><strong>τιν</strong></span> <span class='ocrx_word' id='word_1_800' title='bbox 2301 5570 2475 5641; x_wconf 83' lang='grc' dir='ltr'><strong>ἄνδρα</strong></span> <span class='ocrx_word' id='word_1_801' title='bbox 2525 5572 2784 5644; x_wconf 74' lang='grc' dir='ltr'><strong>ζωγρεῖν,</strong></span> <span class='ocrx_word' id='word_1_802' title='bbox 2817 5574 3014 5644; x_wconf 82' lang='grc' dir='ltr'><strong>ἔμελλε</strong></span> <span class='ocrx_word' id='word_1_803' title='bbox 3067 5577 3126 5630; x_wconf 81' lang='grc' dir='ltr'><strong>δὲ</strong></span> <span class='ocrx_word' id='word_1_804' title='bbox 3179 5578 3370 5651; x_wconf 77' lang='grc' dir='ltr'><strong>δώροις</strong></span> <span class='ocrx_word' id='word_1_805' title='bbox 3416 5557 3715 5639; x_wconf 80' lang='grc' dir='ltr'><strong>καταπροδί-</strong></span> 
     </span>
    </p>
   </div>
   <div class='ocr_carea' id='block_1_117' title="bbox 3674 305 3853 370">
    <p class='ocr_par' dir='ltr' id='par_1_117' title="bbox 3674 305 3853 370">
     <span class='ocr_line' id='line_1_117' title="bbox 3674 305 3853 370; baseline -0.017 0"><span class='ocrx_word' id='word_1_806' title='bbox 3674 305 3770 370; x_wconf 74' lang='lat'><strong>36&#39;)</strong></span> <span class='ocrx_word' id='word_1_807' title='bbox 3844 334 3853 345; x_wconf 59' lang='grc' dir='ltr'><strong><em>κ</em></strong></span> 
     </span>
    </p>
   </div>
  </div>
