4054 6454
229 385 313 448 ἴϐῙ
1121 375 1724 440 ECCLESIASTIC/E
1764 371 2159 434 HISTORUE
2203 373 2352 432 LIB-
2403 371 2502 432 lX.

3365 368 3473 432 3‘32

224 499 400 554 δοσθαι
429 500 566 570 πρὸς
589 500 685 568 τῆς
719 499 967 552 διακόνου
991 499 1272 568 χρήμασιν
1295 499 1507 550 ἐκεῖθεν
1535 496 1785 563 ὑποφθα-
1814 549 1815 554 η

1919 499 2096 546 »τιειετ
2148 487 2405 545 ancillam
2437 487 2704 543 conscio:
2742 499 2866 555 quae
2902 484 3051 554 quod
3111 482 3289 540 ﬁdelis
3353 496 3476 537 esse

228 594 443 665 ρείσης·
482 593 696 660 φθάσαν
744 591 805 644 τὸ
841 591 1019 655 Θεῖον,
1048 591 1149 659 τὴν
1195 590 1493 659 ἐπιϐουλὴν
1539 589 1788 658 κατεμή-

223 704 356 740 νυεν.
395 685 454 739 Ὀ
483 686 527 739 δ’
555 685 792 756 ἀλλαχοῦ
822 685 1146 756 μετεχώρει.
1187 684 1402 754 Ἐκείνη
1435 684 1480 736 6'
1513 683 1590 746 ὡς
1617 682 1790 754 ψευδῆ

227 780 326 831 τῶν
349 779 626 832 δεσποτῶν
661 779 1022 841 κατειποῦσα,
1059 777 1282 847 πληγὰς
1309 776 1586 846 ἐλάμϐανε
1607 790 1623 807 ·
1657 776 1791 828 πολὺ

228 871 325 940 γὰρ
347 865 415 939 ἦν
438 871 498 922 τὸ
526 869 700 924 δεινὸν
727 874 839 934 τοῖς
867 870 1171 940 φωραθεῖσι
1207 869 1474 939 κρύπτειν
1503 869 1595 922 τὸν
1631 867 1792 920 Ἀθα-

231 961 426 1024 νάσιον,
463 959 537 1022 ὡς
578 962 698 1022 ταῖς
751 961 1058 1028 βασιλικαῖς
1103 961 1442 1029 προσταγαῖς
1493 957 1796 1028 ἀντιπράτ-

229 1070 394 1116 τουσι,
426 1054 520 1105 καὶ
549 1052 610 1105 τὸ
651 1052 1037 1106 πολιτεύεσθαι
1085 1052 1269 1116 καλῶς
1296 1051 1648 1120 ἀφανίζουσι.
1685 1052 1798 1106 Καὶ

228 1146 405 1197 πολλοὶ
425 1145 513 1198 διὰ
542 1145 728 1198 τοῦτον
757 1145 946 1199 δεινῶν
977 1146 1373 1216 ἐπειράθησαν.
1401 1145 1797 1216 Παραπλήσιον

225 1237 283 1290 δέ
329 1255 380 1289 τι
433 1239 524 1290 καὶ
572 1237 699 1291 ἄλλο
744 1239 922 1308 τούτῳ
978 1237 1278 1306 ἐπισυνέϐη
1307 1252 1322 1266 ·
1378 1239 1443 1307 τῇ
1493 1237 1603 1307 γὰρ
1657 1237 1797 1307 αὐτῇ

231 1331 377 1400 αἰτίᾳ
403 1331 496 1384 ἐπὶ
524 1330 803 1398 Αἴγυπτον
833 1329 996 1400 δῆθεν
1023 1329 1266 1399 φεύγων,
1311 1332 1404 1384 τὸν
1444 1329 1641 1383 Νεῖλον
1677 1330 1804 1384 ἀνέ-

230 1421 406 1474 πλεεν.
439 1421 589 1474 Ἐπεὶ
605 1423 682 1487 δὲ,
698 1420 788 1474 τδν
804 1421 1050 1492 δρασμὸν
1080 1421 1588 1492 καταμηνυσάντων
1614 1422 1800 1487 τινῶν,

230 1514 499 1578 ἐδιώκετο,
532 1512 742 1567 ἄνωθεν
782 1517 844 1566 τὸ
892 1514 1184 1582 γινόμενον
1228 1513 1489 1584 ἐμυεῖτο·
1535 1514 1631 1568 καὶ
1677 1514 1804 1577 τοὺς

231 1609 519 1677 πλωτῆρας
555 1609 648 1660 ἐπὶ
675 1609 776 1674 τὴν
825 1606 1242 1678 Ἀλεξάνδρειαν
1293 1609 1498 1677 μᾶλλον
1527 1609 1804 1680 ἀναστρέ-

230 1719 352 1768 φειν
389 1701 656 1754 ἐκέλευεν.
692 1699 1059 1771 Παραμείψας
1112 1701 1169 1752 δὲ
1219 1701 1348 1763 τοὺς
1400 1699 1700 1763 διώκοντας
1727 1698 1806 1771 τῷ

229 1792 582 1858 κατάγεσθαι,
623 1789 702 1860 τῷ
749 1792 852 1861 τῆς
908 1793 1117 1854 πόλεως
1161 1792 1340 1862 ὁμίλῳ
1371 1794 1660 1864 συμμιγὴς
1692 1793 1806 1846 διε-

1895 583 2202 647 videretur,
2264 582 2332 636 ad
2389 596 2522 636 usus
2601 578 2944 636 necessarios
2994 578 3046 633 ei
3106 575 3468 632 inserviehat.

1893 671 2193 742 Postquam
2227 680 2414 727 autem
2452 673 2506 725 in
2564 672 2672 726 hoc
2700 686 2901 741 magno
2941 669 3129 724 studio
3163 665 3472 724 adversarii

1897 767 2224 829 incubuere,
2255 776 2317 820 ιιι
2342 769 2522 820 virum
2544 765 2728 819 vivum
2753 775 3038 834 caperent,
3086 772 3142 817 et.
3169 762 3367 816 ancilla
3389 777 3478 825 ea,

1897 860 2133 933 pecunia
2159 860 2230 915 ab
2261 859 2371 914 illis
2404 867 2684 927 corrupta,
2729 857 2986 912 mercede
3025 871 3154 911 eum
3188 854 3481 924 proditura

1897 966 2056 1011 erat:
2094 955 2441 1024 praeveniens
2494 939 2638 1007 Deus
2673 951 2904 1007 insidias
2937 951 2990 1006 ei
3060 949 3357 1005 indicavit.
3409 948 3484 1002 Ita

1901 1050 2019 1118 ipse
2043 1047 2154 1101 alio
2181 1047 2491 1101 concessit:
2515 1057 2569 1100 at
2594 1045 2684 1099 illa
2712 1054 2769 1098 ut
2789 1061 2912 1114 qua:
2941 1056 3134 1099 contra
3162 1045 3330 1098 heros
3353 1059 3485 1099 suos

1900 1140 2039 1196 falsa
2072 1140 2324 1202 dixisset,
2355 1139 2545 1209 plagas
2593 1138 2920 1206 reportavit.
2959 1137 3154 1192 Gravis
3210 1137 3486 1207 siquidem

1900 1234 1986 1290 eis
2020 1232 2323 1289 constituta
2339 1231 2523 1286 fuerat
2547 1245 2732 1301 poena,
2763 1230 2858 1301 qui
2892 1228 3261 1284 Athanasium
3301 1230 3489 1284 celare

1904 1323 2179 1395 comperti
2210 1323 2466 1391 fuissent,
2500 1332 2560 1379 ut
2591 1325 2686 1393 qui
2727 1331 2922 1377 contra
2951 1323 3316 1392 imperatoria
3337 1322 3490 1392 iussa

1906 1419 2244 1481 niterentur,
2267 1424 2322 1470 et
2351 1424 2557 1472 rectam
2593 1413 2915 1485 reipublica:
2943 1413 3487 1470 administrationem

1907 1509 2189 1564 tollerent.
2237 1507 2390 1562 Multi
2445 1523 2578 1564 sane
2627 1523 2696 1562 eo
2729 1507 2952 1563 nomine
3015 1522 3103 1561 res
3140 1507 3308 1561 duras
3367 1515 3496 1561 sunt

1907 1603 2145 1672 experti.
2169 1601 2458 1658 Persimile
2488 1602 2752 1672 quiddam
2785 1601 2895 1654 alio
2917 1616 3138 1671 quoque
3169 1600 3222 1654 ci
3249 1609 3495 1668 tempore

1909 1695 2118 1750 evenit.
2155 1693 2420 1750 Eamdcm
2451 1711 2690 1763 namque
2719 1696 2790 1750 ob
2822 1711 3046 1750 causam
3081 1693 3137 1748 in
3194 1693 3493 1763 Aigyptum
3578 1724 3581 1725 ν

1913 1787 2256 1858 profugiens,
2307 1787 2543 1843 adverso
2584 1788 2876 1858 navigabat
2919 1785 3066 1842 Nilo.
3120 1785 3256 1842 Cum
3311 1793 3495 1838 autem

231 1882 456 1935 λάνθανε
508 1883 606 1936 καὶ
643 1881 900 1946 ἐσώζετο.
949 1879 1043 1935 Ἐκ
1090 1885 1274 1936 τοίνυν
1305 1883 1411 1936 τῶν
1457 1884 1804 1938 τοιούτωνού

1919 1881 2034 1952 iuga
2067 1881 2186 1952 ejus
2215 1881 2483 1943 indicata,
2529 1880 2754 1949 quidam
2806 1895 2934 1935 cum
2993 1889 3492 1950 persequerentur,

234 1974 368 2043 πρδις
406 1973 514 2028 τῶν
568 1975 892 2043 ἑτεροδόξων
946 1974 1128 2042 μόνον,
1166 1975 1302 2029 ἀλλὰ
1353 1979 1448 2029 καὶ
1497 1978 1650 2047 παρὰ
1698 1977 1807 2030 τῶν

243 2064 629 2134 Ἑλληνιστῶν,
685 2066 761 2130 ὡς
803 2069 1082 2136 γοητείαις
1143 2069 1428 2139 χρώμενος
1463 2070 1804 2126 διεϐάλλετο·

241 2159 327 2211 καὶ
359 2159 466 2229 γάρ
502 2161 624 2212 ποτ’
659 2159 754 2213 ἐπὶ
804 2160 900 2229 τὴν
949 2162 1110 2216 πόλιν
1157 2165 1442 2233 προίόντος
1500 2165 1692 2230 αὐτοῦ,
1721 2183 1810 2218 κο-

237 2250 380 2321 ρώνη
429 2253 520 2306 τὸν
570 2253 709 2323 ἀέρα
763 2255 1131 2325 διανηχομένη
1177 2256 1467 2327 άνέκραξε.
1507 2258 1721 2328 Πλῆθος
1751 2258 1810 2312 δὲ

237 2344 508 2410 συνεστὼς
547 2346 840 2417 Ἑλλήνων,
868 2349 1334 2414 άποσκὼπτοντες
1365 2348 1570 2422 οἷάπερ
1617 2351 1811 2424 γόητα,

232 2437 514 2506 διηρώτων
564 2438 619 2492 τί
672 2440 740 2493 ἂν
793 2442 826 2511 ὴ
885 2441 1103 2512 κορώνη
1147 2442 1358 2513 λαλοίη.
1396 2445 1501 2498 Τὸν
1540 2445 1587 2498 δ’
1625 2447 1813 2517 ἠρέμα

234 2531 449 2584 ἀστεῖον
499 2532 593 2585 καὶ
650 2533 796 2600 μάλα
857 2533 955 2604 ἡδὺ
1019 2535 1346 2603 γελάσαντα,
1409 2539 1586 2608 Κρᾶς,
1649 2542 1811 2610 φησι,

233 2624 413 2692 λέγει·
462 2625 490 2677 ὃ
531 2629 597 2694 τῇ
641 2626 931 2696 Ῥωμαίων
976 2629 1127 2700 φωνῇ
1176 2629 1434 2700 σημαίνει
1476 2631 1538 2683 τὸ
1593 2628 1811 2702 αὔριον.

234 2717 552 2770 Αίνίσσεται
585 2719 629 2770 δ’
669 2718 745 2780 ὡς
790 2720 824 2790 ἡ
862 2718 1055 2788 αὔριον
1083 2721 1214 2790 ὑμῖν
1256 2722 1316 2774 ού
1350 2721 1530 2786 καλῶς
1565 2724 1814 2793 ἀπαντή-

239 2823 360 2862 σει·
393 2811 672 2882 κέλευσμα
725 2812 834 2882 γὰρ
873 2816 940 2867 ἐκ
975 2814 1242 2884 βασιλέως
1282 2810 1442 2887 ἧκον,
1477 2817 1577 2888 τὴν
1619 2817 1816 2889 ἑορτὴν

240 2903 400 2971 ὑμῶν
427 2903 637 2972 ἐφέξει·
669 2905 761 2958 καὶ¹
790 2904 928 2974 ἀηδῆ
974 2907 1042 2958 τὰ
1082 2909 1182 2978 τῆς
1224 2908 1618 2980 λαμπρότητος
1658 2909 1815 2963 ἔσται

236 2998 393 3062 ὑμῖν.
429 2998 498 3051 Τὸ
528 2999 573 3052 δ’
606 3002 822 3055 ἀστεῖον
867 3000 1187 3054 Ἀθανασίου
1229 3004 1408 3072 πέρας
1435 2999 1584 3075 εἶχεν
1611 3003 1776 3068 εὐθύς
1797 3020 1811 3035 ·
1854 3003 1858 3007 ’

240 3087 506 3156 βασιλέως
533 3090 639 3160 γάρ
672 3093 1153 3162 καταφοιτήσαντα
1176 3095 1485 3163 γράμματα
1513 3096 1816 3166 παρηγγύα

1909 1973 2131 2028 caelitus
2155 1972 2209 2027 id
2242 1974 2525 2044 cognovit,
2549 1982 2606 2027 et
2625 1982 2826 2028 nautas
2849 1983 3016 2041 atque
3045 1981 3300 2027 vectores
3333 1970 3498 2026 Alex-

1912 2067 2159 2122 andriam
2187 2066 2558 2137 redirejussit
2586 2083 2599 2118 :
2634 2076 2690 2120 et
2738 2066 2794 2120 in
2825 2065 3094 2120 descensu
3131 2064 3498 2134 persecutori-

1913 2163 2016 2217 bus
2046 2163 2162 2217 suis
2204 2162 2521 2230 praeteritis,
2557 2159 2745 2230 populi
2796 2159 2998 2214 deinde
3026 2158 3198 2213 turba:
3243 2159 3298 2211 in
3359 2156 3497 2211 urbe
3532 2145 3535 2148 ’

1914 2255 2380 2326 frequentissima
2437 2253 2662 2316 mistus,
2723 2253 2887 2307 latuit
2924 2252 3342 2322 incolumisque
3369 2267 3498 2322 per-

1916 2347 2503 2418 mansit.Quapropter
2520 2362 2632 2402 non
2653 2346 2832 2401 solum
2859 2345 3073 2409 Ariani,
3105 2345 3202 2400 sed
3229 2353 3284 2398 et
3318 2343 3494 2400 Graeci

1913 2451 2081 2512 atque
2117 2442 2353 2514 gentiles
2380 2455 2531 2506 eum,
2562 2449 2624 2494 ut
2669 2454 2889 2509 magum
2925 2448 2981 2493 et
3016 2437 3498 2508 praestigiatorcm,

1917 2535 2057 2590 tales
2109 2533 2178 2589 ob
2210 2548 2303 2588 res
2337 2532 2617 2588 criminati
2680 2540 2831 2585 sunt.
2887 2530 3202 2600 Aliquando
3257 2546 3500 2600 namque

1917 2629 2115 2684 urbem
2142 2642 2210 2682 co
2233 2626 2598 2698 ingrediente,
2631 2625 2822 2681 cornix
2872 2625 2926 2679 in
2953 2639 3082 2678 aere
3112 2623 3300 2679 volans
3327 2624 3502 2678 crociv

1919 2721 2104 2775 tabat:
2137 2729 2195 2774 et
2223 2719 2542 2774 Graecorum
2573 2734 2695 2788 quae
2738 2717 2852 2772 illic
2884 2717 3047 2787 763
3089 2716 3278 2770 stabat
3315 2716 3500 2777 turba,

1918 2822 2223 2868 scommate
2283 2827 2410 2866 eum
2482 2811 2654 2865 veluti
2708 2810 3070 2879 impostorem
3133 2822 3502 2878 persequens,

1919 2904 2186 2975 quidnam
2217 2903 2414 2958 cornix
2443 2903 2674 2966 diceret,
2712 2899 3093 2970 interrogavit.
3129 2899 3195 2954 Et
3231 2899 3325 2954 ille
3374 2915 3504 2969 per-

1919 3016 2084 3073 quam
2113 2999 2321 3054 urbane
2344 3007 2402 3051 et
2423 2997 2670 3051 suaviter
2694 2994 2908 3057 ridens,
2944 2993 3099 3057 Cras,
3126 2993 3326 3062 inquit.
3346 2991 3503 3060 Quod

1921 3095 2120 3150 Latino
2151 3106 2411 3166 sermone
2445 3089 2590 3145 diem
2621 3091 2928 3144 crastinum
2959 3087 3478 3158 significat.Porten

236 3183 356 3243 τοῖς
406 3183 653 3253 ἄρχουσι,
711 3185 805 3237 τοῦ
851 3183 1041 3237 λοιποῦ
1085 3185 1319 3240 κωλύειν
1367 3188 1491 3249 τοὺς
1541 3187 1815 3259 ’Έλληνας

1920 3187 2003 3242 dit
2034 3195 2241 3250 autem,
2283 3185 2589 3239 crastinum
2633 3183 2779 3237 diem
2810 3182 2968 3236 vobis
3003 3196 3114 3235 non
3150 3180 3286 3234 bene
3318 3196 3508 3235 cessu-

236 3273 390 3334 ναοῖς
435 3271 828 3340 παραϐάλλειν,
856 3274 950 3326 καὶ
984 3273 1061 3336 ὡς
1090 3273 1209 3337 ἑθος
1237 3277 1302 3343 τῇ
1354 3275 1506 3342 σφῶν
1544 3275 1817 3346 Θρησκείᾳ

237 3363 344 3426 τὰς
368 3362 564 3432 ἑορτὰς
593 3363 860 3417 ἐκτελεῖν.
891 3367 1002 3418 Καὶ
1032 3367 1063 3436 ἠ
1102 3366 1196 3418 ἐπὶ
1229 3365 1424 3435 Θύραις
1470 3367 1652 3421 αὐτῶν
1685 3371 1818 3440 περὶ

240 3457 500 3511 πλείστου
533 3454 670 3512 οὖσα
699 3459 812 3531 τοῖς
842 3458 1068 3528 Ἕλλησι
1108 3462 1202 3515 καὶ
1234 3461 1536 3528 σεϐάσμιος
1579 3462 1818 3532 μάλιστα

238 3549 408 3619 ἑορτὴ
473 3550 776 3617 τηνικαῦτα
844 3550 1068 3604 ἐλύετο·
1143 3552 1238 3606 καὶ
1299 3552 1487 3604 ἔκτοτε
1561 3553 1819 3621 οὐδαμῶς

237 3641 514 3712 ἐπράχθη.
556 3642 719 3696 Ἀλλὰ
773 3642 947 3698 ταῦτα
1007 3644 1106 3712 μὲν
1157 3645 1464 3714 ἀποχρήσει
1511 3644 1706 3710 δεῖξαι,
1745 3646 1819 3710 ὡς

236 3735 391 3800 Θεῖος
415 3738 654 3805 μάλιστα
685 3733 753 3808 ἦν
782 3739 810 3791 ό
834 3737 996 3809 ἀνὴρ,
1014 3737 1106 3792 καὶ
1142 3737 1484 3809 προφητικοῦ
1513 3739 1821 3809 ἠξιωμένος

241 3831 588 3900 χαρίσματος
612 3847 625 3861 ·
656 3833 925 3900 φυγόντος
972 3831 1018 3884 δ’
1061 3831 1137 3896 ὡς
1181 3831 1421 3902 εἴρηται,
1453 3833 1482 3884 ὁ
1513 3832 1608 3884 ὑπ’
1659 3832 1820 3887 αὐτὸν

242 3921 451 3991 κλῆρος
477 3924 575 3986 τὰς
607 3924 904 3994 ἐκκλησίας
949 3926 1203 3993 κατεῖχεν
1228 3940 1242 3956 ·
1279 3924 1383 3987 ἕως
1415 3923 1475 3977 οῦ
1503 3927 1616 3988 τοῖς
1643 3925 1823 3994 Γεώρ-

237 4029 366 4080 γιον
413 4014 789 4084 προσδοκῶσιν
838 4017 867 4069 ό
912 4015 1158 4086 ὕπαρχος
1209 4017 1363 4087 ἥκων
1416 4017 1555 4085 μετὰ
1597 4017 1824 4087 στίφους

238 4107 588 4177 παρέδωκεν.
644 4108 730 4171 Ἐς
763 4107 990 4178 ὕστερον
1021 4109 1077 4162 δὲ
1119 4110 1214 4163 καὶ
1251 4111 1414 4174 αὐτὸς
1443 4111 1637 4175 ἐλθὼν,
1667 4113 1826 4166 κατέ-

239 4215 379 4268 σχεν
408 4199 602 4266 αὐτάς.
633 4199 725 4268 Μὴ
773 4199 914 4253 κατὰ
962 4200 1151 4270 σχῆμα
1201 4201 1260 4254 δὲ
1313 4201 1410 4255 καὶ
1459 4197 1591 4273 ἦθος
1635 4203 1826 4272 ἱερέως

237 4287 692 4361 πολιτευόμενος,
733 4294 965 4362 φοϐερός
997 4309 1082 4355 τις
1125 4295 1453 4364 ἐπετήδευεν
1506 4291 1666 4348 εἶναι.
1699 4295 1827 4357 Τοῖς

236 4384 288 4436 δ’
343 4383 664 4438 Ἀθανάσιον
705 4384 994 4440 ἐπαινοῦσι
1050 4387 1147 4438 καὶ
1203 4387 1350 4456 μάλα
1411 4385 1688 4457 Θηριώδης
1731 4383 1825 4458 ἦν,

237 4473 448 4544 ἄνδρας
499 4491 559 4529 τε
611 4479 702 4530 καὶ
749 4480 1011 4544 γυναῖκας
1065 4477 1266 4547 σύρων,
1309 4473 1398 4530 οἷά
1436 4495 1523 4537 τις
1549 4477 1700 4548 ὠμὸς
1734 4476 1827 4529 τύ-

241 4582 443 4634 ραννος
473 4567 691 4638 δεσμοῖς
725 4567 1082 4637 περιέϐαλεν·
1115 4569 1206 4637 ὑφ’
1233 4563 1308 4621 ὧν
1345 4569 1425 4631 είς
1457 4569 1638 4621 κοινὸν
1666 4570 1824 4637 μῖσος

241 4658 508 4727 ἐμπεσὼν
537 4659 614 4729 τῷ
646 4659 806 4730 δήμῳ
844 4660 1046 4730 μικροῦ
1100 4661 1168 4714 ἂν
1205 4661 1486 4724 διώλλυτο,
1517 4662 1566 4714 εί
1619 4661 1694 4732 μὴ
1735 4662 1827 4715 τὸν

241 4751 496 4805 κίνδυνον
546 4754 792 4824 διαδρὰς,
831 4757 888 4816 ἐς
936 4755 1162 4824 βασιλέα
1210 4754 1526 4825 ἀνέτρεχεν.
1563 4757 1626 4808 Oi
1659 4756 1714 4809 δὲ
1757 4755 1828 4808 τὰ

253 4845 580 4898 Ἀθανασίου
635 4847 959 4916 φρονοῦντες
1019 4848 1120 4909 τὰς
1174 4848 1476 4917 ἐκκλησίας
1533 4849 1824 4918 κατέσχον,

241 4938 356 4990 κᾶν
397 4937 496 4990 οὐκ
541 4940 631 4991 ἐπὶ
676 4936 856 5009 πολλῷ
898 4941 1078 5010 χρόνῳ
1106 4958 1121 4971 ·
1164 4941 1194 4991 ὁ
1231 4937 1341 5008 γὰρ
1395 4939 1496 5009 τῆς
1542 4940 1826 5008 Αἰγύπτου

245 5031 564 5099 στρατηγὸς
613 5031 968 5102 ἀφελόμενος,
999 5029 1155 5094 αὖθις
1199 5034 1312 5094 τοῖς
1363 5032 1645 5103 Γεωργίου
1693 5033 1828 5085 ἀπέ-

243 5119 395 5172 δοτο.
427 5119 561 5173 Μετ’
597 5122 656 5173 οὐ
689 5120 826 5173 πολὺ
863 5120 919 5173 δὲ
961 5120 1057 5173 καὶ
1086 5121 1248 5183 αὐτὸς
1281 5116 1408 5194 ἧκε,
1443 5121 1826 5192 φοϐερώτερος

247 5210 356 5278 μὲν
397 5211 786 5280 γεγενημένος,
819 5211 1147 5281 μισούμενος
1175 5211 1233 5265 δὲ
1286 5213 1473 5280 πλέον,
1503 5214 1599 5268 ἆτε
1631 5213 1695 5283 δὴ
1732 5214 1826 5267 τὸν

248 5302 480 5370 βασιλέα
508 5303 812 5375 κεκινηκὼς
844 5307 927 5369 είς
951 5305 1124 5372 Θυμὺν
1147 5306 1270 5358 κατ’
1292 5306 1496 5361 αὐτῶν.
1520 5307 1828 5370 Δύσπιστος

246 5393 307 5446 δὲ
360 5395 455 5448 καὶ
501 5395 670 5464 τύφου
725 5395 922 5466 μεστὸς
979 5396 1323 5451 διεϐάλλετο·
1357 5397 1454 5451 καὶ
1506 5398 1659 5469 παρὰ
1716 5399 1826 5450 τῶν

247 5489 570 5554 Αἰγυπτίων
626 5494 862 5560 μάλιστα
907 5493 1178 5561 μοναχῶν,
1222 5487 1305 5557 οἷς
1349 5493 1568 5547 εἵποντο
1624 5495 1827 5562 μᾶλλον

248 5581 319 5632 τὰ
378 5582 579 5651 πλήθη,
610 5584 702 5636 καὶ
760 5585 795 5639 ἃ
841 5585 1028 5652 λέγειν
1076 5587 1342 5657 ἀλήθειαν
1395 5585 1600 5657 ᾤοντο·
1633 5589 1828 5658 ὅτιπερ

226 5675 456 5748 ,ἀρετὴν
503 5677 817 5739 ἀσκοῦντες,
854 5679 1164 5747 φιλοσόφως
1203 5681 1440 5750 διήνυον.
1474 5682 1582 5733 Καὶ
1627 5681 1695 5734 τὰ
1730 5681 1829 5751 μὲν

267 5765 590 5821 Ἀθανασίου
625 5769 927 5840 συλλήϐδην
965 5773 1139 5824 εἰπεῖν
1174 5773 1263 5824 ἐπὶ
1297 5773 1685 5826 Κωνσταντίου
1715 5773 1827 5827 δια-

573 5891 841 5952 ΡΑτιιοι.
885 5895 997 5952 Gn.
1038 5892 1273 5954 CXLVI

1923 3297 2066 3336 rum.
2093 3279 2412 3334 Mandatum
2431 3277 2583 3332 cnim
2609 3276 2677 3329 ab
2699 3277 3032 3344 imperatore
3055 3273 3283 3328 veniens
3303 3274 3504 3328 festum

1923 3376 2068 3429 diem
2106 3382 2351 3426 vestrum
2402 3367 2699 3433 inhibebit,
2750 3375 2805 3423 et
2861 3366 3274 3437 magnificentia
3320 3378 3506 3422 vestra

1925 3465 2228 3535 injucunda
2263 3463 2423 3517 vobis
2463 3461 2593 3516 erit.
2629 3463 2804 3515 l’orro
2861 3460 2916 3514 id
2950 3459 3234 3514 Athanasii
3297 3459 3506 3514 dictum

1924 3558 2134 3612 exitum
2202 3571 2363 3611 suum
2420 3555 2716 3610 confestim
2773 3554 2989 3609 habuit.
3039 3553 3121 3607 Ab
3172 3555 3510 3621 imperatore

1925 3651 2071 3706 enim
2105 3651 2302 3705 litterae
2332 3665 2552 3708 venere.
2591 3648 2792 3716 quibus
2827 3645 3184 3715 magistratus
3231 3644 3509 3712 jubeban-

1931 3753 2044 3805 tur,
2098 3743 2166 3797 de
2199 3753 2400 3796 czetcro
2452 3739 2674 3795 Graecos
2719 3738 3037 3807 prohibere,
3075 3753 3144 3792 ne
3201 3736 3268 3791 ad
3309 3741 3512 3805 templa
3605 3754 3610 3759 ’

1927 3837 2281 3901 accederent,
2317 3843 2374 3889 et
2404 3850 2552 3891 more
2579 3834 3001 3905 superstitionis
3029 3847 3145 3886 sua:
3173 3833 3294 3885 dies
3342 3832 3514 3886 festos

1926 3941 2270 4002 peragerent.
2299 3929 2364 3983 Et
2397 3928 2696 3983 celebritas
2724 3942 2787 3982 ea
2807 3943 2930 3997 qua:
2950 3928 3063 3999 jam
3115 3925 3328 3989 aderat,
3359 3933 3414 3980 et
3443 3927 3514 3976 ah

1927 4023 2037 4078 illis
2067 4024 2289 4093 plurimi
2321 4020 2506 4087 fiebat,
2540 4021 3016 4088 venerationeque
3069 4017 3308 4072 maxima
3364 4017 3512 4071 colc-

1927 4116 2113 4180 batur,
2150 4124 2265 4170 tum
2303 4116 2484 4170 soluta
2523 4125 2630 4178 est,
2685 4130 2870 4186 neque
2911 4121 3104 4184 postea
3141 4123 3386 4182 peracta.
3409 4113 3515 4166 De-

1928 4209 2143 4263 clarare
2174 4207 2288 4263 haec
2342 4207 2478 4261 satis
2505 4215 2758 4276 possunt,
2816 4206 3064 4260 diviiium
3122 4221 3251 4260 eum
3302 4207 3530 4271 virumn

1929 4309 1985 4353 et
2010 4298 2317 4369 prophetici
2340 4297 2598 4353 doninon
2618 4307 2896 4369 expertem
2932 4299 3123 4354 fuisse.
3149 4299 3273 4368 Ipso
3306 4309 3513 4364 autem,

1930 4401 1990 4445 ut
2021 4392 2227 4445 dictum
2251 4390 2622 4460 est,profugo,
2656 4391 2839 4445 clerus
2861 4391 3262 4461 ejusecclesias
3295 4394 3508 4447 tenuit:

1931 4481 2110 4534 donec
2144 4479 2444 4534 adveniens
2477 4479 2588 4534 dux
2613 4495 2738 4534 eum
2787 4484 3036 4546 armatis,
3092 4481 3389 4552 Georgium
3420 4500 3518 4538 cx-

1932 4572 2315 4642 spectantibns
2347 4586 2444 4626 eas
2484 4571 2731 4637 tradidit,
2764 4580 2821 4625 et
2845 4571 2962 4641 ipse
3001 4583 3191 4642 postea
3243 4573 3516 4645 Georgius

1931 4663 2233 4719 adveniens
2259 4663 2569 4732 occupavit.
2625 4663 2676 4717 Is
2717 4663 2866 4731 quod
2924 4677 3032 4716 non
3097 4675 3367 4734 apparatu
3422 4677 3517 4721 aut

1934 4771 2086 4835 more
2118 4755 2361 4825 episcopi
2395 4754 2934 4810 administrationem
2972 4771 3129 4809 suam
3167 4757 3513 4822 institueret,

1935 4848 2242 4905 terribilem
2275 4864 2334 4904 se
2357 4849 2631 4903 exhibuit.
2667 4850 2723 4903 In
2754 4849 3042 4903 Athanasii
3080 4859 3270 4903 autem
3315 4851 3516 4906 lauda-

1938 4953 2084 4997 tores
2123 4942 2274 4997 ferus
2303 4941 2598 4995 admodum
2628 4942 2754 5007 fuit,
2777 4957 2841 4995 ac
2865 4942 3014 4997 viros
3031 4942 3202 4996 simul
3232 4952 3288 4997 et
3315 4945 3516 4998 mulie-
3562 5009 3565 5011 _

1933 5049 2024 5088 res
2053 5034 2349 5102 arripiens,
2389 5042 2649 5102 tauquam
2685 5047 2864 5087 saevus
2920 5043 3214 5104 tyrannus,
3276 5033 3331 5087 in
3399 5035 3518 5088 vine

1933 5127 2055 5180 cula
2096 5127 2355 5198 conjecit.
2391 5125 2768 5192 Quamobrem
2792 5126 3072 5196 publicum
3111 5127 3298 5196 populi
3325 5127 3515 5183 odium

1934 5220 1988 5274 in
2054 5235 2111 5274 se
2164 5217 2486 5273 concitavit.
2555 5216 2815 5272 Periisset
2871 5229 3023 5274 certe
3082 5219 3333 5289 quidem,
3404 5221 3514 5276 nisi

1930 5311 2179 5383 periculo
2247 5310 2420 5364 vitato
2493 5308 2561 5362 ad
2643 5309 3034 5378 imperatorem
3123 5312 3516 5378 procurrisset.

1935 5403 2015 5458 lbi
2088 5410 2204 5456 tum
2284 5409 2588 5456 sectatores
2667 5401 2951 5456 Athanasii
3047 5401 3295 5456 ccclesiis
3377 5415 3518 5469 prae-

1936 5498 2111 5560 fuere,
2197 5481 2450 5566 quamvis
2529 5495 2596 5549 ad
2657 5496 2823 5550 breve
2895 5507 3136 5566 tempus.
3219 5493 3518 5549 Praefectus

1935 5605 2176 5659 namque
2240 5585 2485 5659 Egypti,
2527 5586 2638 5641 illis
2689 5586 2904 5658 ejectis,
2934 5601 3030 5641 eas
3084 5587 3310 5641 factioni
3339 5584 3515 5639 Geor-

1937 5684 2012 5754 gii
2109 5681 2370 5738 restituit.
2439 5679 2552 5735 Nec
2618 5680 2781 5750 longe
2840 5686 2963 5748 post
3013 5687 3071 5734 et
3130 5679 3248 5748 ipse
3324 5675 3514 5736 rediit.

1939 5773 2244 5830 terribilior
2279 5772 2505 5844 quidem
2542 5787 2708 5842 quam
2743 5780 2930 5836 antea,
2962 5787 3070 5825 non
3102 5772 3288 5826 minus
3331 5778 3518 5826 autem

3069 5893 3142 5953 12
