4054 6430
214 358 317 420 365

1098 351 1702 414 ΕΕΟΕΕΞῙᾹΞΤίΟίΕ
1736 353 2125 414 IllSTOlil/E
2164 354 2314 419 LIB.
2362 355 2464 419 IX.

3373 349 3477 412 3E0

214 471 554 541 ἐτεροδόξοις
607 468 888 541 ἠνέσχετο.
934 469 1028 533 Ὠς
1076 469 1120 523 δ’
1179 470 1354 542 εἰσῄει
1409 470 1787 531 Κωνστάιντιος

1900 473 2227 529 strationem
2251 475 2373 545 ejus
2404 475 2637 531 sortitus
2667 483 2776 530 est.
2812 472 2919 541 Qui
2950 470 3224 528 Nicmnam
3251 471 3474 543 quidem

225 562 469 634 Ῥώμην,
541 563 858 631 προσιόντες
904 563 955 614 ot
1003 561 1099 615 τοῦ
1159 563 1359 633 δήμου,
1409 562 1506 616 καὶ
1564 560 1672 614 τῶν
1730 558 1790 616 εὖ

213 656 523 723 γεγονότων
570 656 828 721 γυναῖκες
878 654 1163 724 ἐπίσημοι,
1202 655 1476 707 ἐνέκειντο
1524 654 1664 721 ὑπὲρ
1700 654 1795 706 Λι.

215 748 405 816 ϐερῖου
460 747 710 816 δεόμενοι
761 743 919 808 αὖθις
969 747 1177 800 ἐκεῖνον
1220 741 1519 800 ἀπολαϐεῖν
1547 764 1561 777 ·
1598 746 1690 798 τὸν
1737 745 1796 798 δὲ

220 841 622 909 κοινωσάμενον
669 843 784 905 τοῖς
815 842 946 912 περὶ
992 841 1159 895 αὑτὸν
1203 840 1470 911 ἱερεῦσιν,
1513 841 1796 910 ὑπισχνεῖ-

222 933 344 985 σθαι
388 932 690 987 ἀποδώσειν
717 933 903 998 πάλιν,
935 934 990 986 εί
1017 950 1080 1002 γε
1114 933 1292 986 ἕλοιτο
1332 934 1413 994 είς
1455 931 1626 985 eam
1659 931 1795 984 ίὲναι

218 1021 443 1091 γνώμης
469 1026 582 1083 τοῖς
616 1025 742 1092 περὶ
767 1024 931 1078 αὐτὸν
957 1025 1302 1085 ἐπισκόποις.
1660 1030 1665 1035 ’

1903 561 2026 617 lidei
2061 562 2459 631 professionem
2485 565 2781 629 retinebat,
2818 576 2873 619 ot
2906 565 2962 619 in
2994 563 3264 634 religione
3290 577 3480 631 repre—

1899 654 2171 711 hensione
2214 657 2443 711 carebat
2476 676 2490 711 :
2521 673 2692 712 unum
2728 667 2913 712 tamen
2953 656 3089 712 illud
3119 655 3253 709 vitio
3278 654 3328 709 ei
3354 669 3482 708 ver-

1900 746 2164 810 tebatur,
2238 748 2388 818 quod
2456 750 2781 819 priusquam
2837 750 3134 819 episcopus
3187 746 3480 803 ordinatus

1898 846 2067 901 esset,
2103 853 2230 892 cum
2266 838 2502 894 diversa:
2535 839 2815 909 opinionis
2857 840 3123 894 studiosis
3162 835 3476 893 communi-

1898 943 2026 984 care
2081 930 2437 985 sustinuerit.
2496 929 2600 986 Ubi
2654 946 2786 985 vero
2843 931 3207 987 Constantius
3242 931 3474 985 Romam

1898 1023 2074 1083 venit.
2113 1023 2304 1092 populi
2366 1030 2425 1078 et
2482 1024 2791 1079 nobilitatis
2838 1010 3170 1080 illustriores
3230 1024 3477 1083 l‘cutinae.

220 1130 322 1186 pro
354 1115 579 1171 Liberio
630 1116 1019 1186 deprecantes,
1069 1127 1129 1171 ut
1174 1117 1327 1173 illum
1361 1116 1710 1183 restitueret,
1742 1116 1792 1171 ei
1838 1114 2111 1171 institere.
2175 1116 2243 1170 Et
2308 1117 2607 1186 imperator
2637 1132 2762 1172 cum
2795 1117 3075 1188 epiSCOpls
3103 1117 3219 1174 suis
3240 1132 3300 1172 re
3325 1132 3481 1172 com-

218 1210 495 1264 munirata
546 1209 892 1266 redditurum
939 1225 1000 1266 se
1050 1212 1135 1266 eis
1196 1209 1481 1267 hominem
1549 1208 1833 1282 pollicitus
1867 1219 1973 1277 est,
2004 1208 2051 1265 si
2110 1208 2166 1265 in
2214 1210 2465 1265 eamdem
2499 1225 2626 1265 cum
2653 1211 2929 1282 episcopis
2962 1211 3080 1267 suis
3144 1211 3476 1268 concederet

214 1302 566 1359 sententiam.

777 1423 1031 1478 ΚΕΦᾹΛ.
1085 1421 1219 1493 Λςν.

214 1514 354 1581 Περὶ
394 1510 503 1577 τῆς
547 1512 953 1582 ,ϐλασφημίας
1011 1516 1239 1569 Ἀετίου
1292 1514 1400 1570 τοῦ
1438 1513 1658 1584 Σύρου.
1691 1512 1793 1584 καί

290 1584 584 1649 Εὐδοξίου
639 1585 749 1639 τοῦ
788 1587 1160 1654 Ἀντιοχείας
1186 1601 1200 1617 ο
1253 1586 1351 1640 καὶ
1405 1582 1541 1649 περὶ
1576 1584 1689 1650 τῆς

298 1654 543 1723 Ἀγκύρῃ
579 1655 852 1710 συνόδου
878 1673 891 1686 ·
928 1652 1026 1710 καί
1056 1652 1154 1711 οἷα
1184 1657 1483 1724 Γεὼρτιος
1517 1658 1550 1710 ό
1582 1652 1794 1710 Λαοδι-

288 1727 455 1791 κείας
484 1724 582 1780 καί
620 1726 1040 1792 Κωνστάντιος
1071 1730 1105 1782 ό
1147 1726 1454 1792 βασιλεὺς
1505 1727 1652 1779 κατὰ
1673 1726 1795 1779 Ἀε-

286 1797 417 1849 είου
448 1797 548 1850 καί
579 1794 878 1861 Εὺδοξίου
914 1796 1037 1863 τοῖς
1065 1797 1134 1850 ἐν
1167 1797 1430 1865 Ἀγκύρῃ
1459 1797 1753 1866 ἔγραψαν.

286 1911 424 1965 Κατ’
466 1912 644 1964 ἐκεῖνο
674 1912 731 1965 δέ
779 1910 973 1983 καιροῦ
1006 1913 1105 1965 καὶ⁸
1136 1913 1164 1965 ό
1209 1909 1547 1983 προρῤηθεὶς
1582 1909 1793 1972 ’Λέτιος

214 2004 244 2055 δ
268 2004 435 2075 Σύρος
463 2004 543 2068 είς
569 2005 878 2075 τούμφανὲς
907 2004 944 2059 ἃ
970 2007 1103 2076 περὶ
1141 2005 1281 2059 Θεοῦ
1316 2004 1592 2070 ἐδόξαζεν,
1622 2003 1796 2075 ἐπαῤ⁴

220 2095 531 2163 ρησιάζετο.
566 2097 883 2169 Τηνικαῦτα
906 2096 953 2151 δ’
977 2095 1058 2150 ἔτι
1089 2096 1339 2160 διάκονος
1374 2092 1464 2167 ἦν,
1495 2096 1603 2149 ὑπὸ
1632 2096 1797 2148 Λεον-

216 2188 331 2241 τίου
362 2188 455 2242 τοῦ
491 2188 828 2260 Ἀντιοχείας
872 2189 971 2244 τοῦ
1001 2191 1261 2259 ἐκτομίου
1308 2188 1408 2261 τὴν
1454 2187 1795 2260 χειροτονίαν

215 2280 417 2335 λαϐών.
464 2282 691 2353 Ἐπίσης
743 2283 801 2336 δὲ
826 2283 1044 2354 ⁴Ἂιρείῳ
1082 2282 1328 2349 ἐδόξαζε,
1357 2284 1580 2336 κτιστὸν
1610 2281 1708 2335 καὶ
1736 2279 1793 2346 ἐξ

214 2373 320 2426 οὐκ
345 2372 512 2426 ὄντων
545 2375 640 2427 καὶ
686 2374 945 2445 ἀνόμοιον
995 2374 1090 2428 τὸν
1123 2372 1250 2428 Υίὸν
1276 2373 1354 2445 τῷ
1386 2374 1565 2441 ΙΙατρὶ
1593 2373 1789 2439 λέγων.

214 2465 297 2537 Τῇ
322 2464 370 2519 δ’
399 2467 477 2530 είς
519 2466 663 2531 ἄγαν
704 2465 847 2538 ἐριδι
871 2466 969 2520 καὶ
996 2467 1075 2537 τῷ
1111 2466 1319 2538 σφόδρα
1353 2465 1482 2538 περὶ
1502 2464 1641 2519 Θεοῦ
1672 2464 1795 2518 τολ-

215 2560 328 2631 μᾷν
399 2559 782 2629 διαλέγεσθαι,
834 2560 1105 2623 ποικίλοις
1156 2576 1217 2614 τε
1297 2558 1539 2631 χρῆσθαι
1598 2557 1792 2611 συλλο-

211 2655 459 2723 γισμοῖς,
486 2653 657 2708 ἐδόκει
705 2655 817 2718 τοῖς
860 2653 1133 2723 ὀμόφροσι
1181 2652 1438 2725 διάφορος
1494 2645 1656 2706 εἶναι.
1690 2650 1793 2705 Διά

210 2763 297 2801 τοι
323 2746 480 2800 τοῦτο
508 2747 608 2802 καὶ
635 2747 734 2817 τῆς
766 2748 1065 2817 ἐκκλησίας
1097 2746 1415 2816 ἐκϐληθεὶς,
1448 2744 1792 2817 τεχνηέντως

208 2837 410 2900 αὐτοῦς
461 2840 779 2910 πγρῃτείτο,
838 2839 934 2891 καὶ
977 2838 1256 2892 κοινωνεῖν
1312 2836 1665 2906 ἐξετράπετο,
1714 2834 1791 2899 ὡς

222 2932 424 3001 Ἀρείῳ
470 2934 610 3002 μετὰ
660 2932 760 2999 τὴν
802 2928 1094 2999 ἐπιορκίαν
1142 2929 1547 2999 συγγεγονότας
1573 2945 1586 2959 ⁸
1623 2929 1790 3000 ἡνίκα

211 3022 521 3092 μετάμελος
557 3022 799 3092 γεγονὼς
827 3023 1061 3086 ἐκεῖνος,
1093 3020 1357 3092 ὀμώμοκε
1389 3020 1792 3094 Κωνσταντίνῳ

208 3115 288 3185 τῷ
318 3113 546 3185 βασιλεῖ,
579 3113 796 3183 συνῳδὰ
844 3115 912 3184 τῇ
953 3114 1011 3166 ἐν
1056 3111 1268 3183 Νικαίᾳ
1316 3113 1498 3166 πίστει
1543 3112 1785 3181 φρονεῖν.

210 3209 324 3265 Καὶ
357 3209 488 3279 περὶ
541 3208 641 3279 μέν
689 3206 884 3262 τούτου
928 3205 1106 3278 ταύτῃ
1154 3205 1413 3277 λέγεται·
1463 3205 1545 3259 ἐτι
1587 3205 1645 3260 δέ
1693 3204 1788 3258 τοῦ

210 3302 477 3373 βασιλέως
505 3304 617 3366 τοῖς
659 3301 937 3372 ἑσπερίοις
966 3300 1274 3369 διάγοντος,
1337 3299 1667 3369 ἀγγέλλεται
1701 3316 1789 3352 τε-

210 3396 404 3451 θνάναι
443 3395 719 3459 Λεόντιον,
748 3394 808 3448 ὃν
845 3393 1180 3465 Ἀντιοχείας
1224 3393 1529 3447 ἐπίσκοπον
1556 3391 1789 3461 δεδηλώ-

208 3506 427 3560 κειμεν.
463 3487 712 3554 eosdem;
734 3490 791 3543 δὲ
816 3488 1191 3557 Γερμανικίας
1221 3487 1528 3549 ἐπίσκοπος
1552 3484 1650 3552 ὢν,
1674 3488 1786 3548 τοῖς

206 3589 392 3639 ἐκεῖσε
448 3573 644 3655 μέρεσι
697 3583 1014 3654 διατρίϐων,
1064 3582 1154 3636 διὰ
1202 3580 1313 3635 τῶν
1376 3580 1789 3650 θαλαμηπόλων

206 3678 482 3747 εὐνούχων
539 3676 832 3746 ὑπορύττει
875 3676 970 3729 τὸν
1006 3673 1218 3744 ϐρόνον,
1267 3672 1366 3728 καὶ
1412 3671 1595 3743 ἐαυτῷ
1630 3688 1788 3741 περι-

204 3773 447 3826 ποιεῖται
476 3770 575 3837 τὴν
616 3769 974 3839 ’Λντιόχειαν.
1020 3767 1390 3838 Σκηψάμενος
1440 3770 1553 3834 γὰρ
1609 3781 1786 3836 παρα-

207 3866 411 3936 μυθίας
473 3864 569 3917 καὶ
630 3862 884 3932 φυλακῆς
940 3864 999 3915 ἐν
1063 3860 1226 3931 χρείᾳ
1280 3855 1423 3912 εῐναι
1470 3858 1563 3912 τὸν
1592 3858 1782 3923 τόπον,

204 3961 385 4015 ἐδεῖτο
435 3955 530 4010 τοῦ
567 3954 835 4026 βασιλέως
865 3953 946 4016 είς
986 3952 1082 4025 τὴν
1136 3951 1341 4025 Συρίαν
1384 3950 1583 4005 ἐλθεῖν.
1632 3950 1786 4004 Ἐπεὶ

200 4055 246 4107 δ’
310 4052 666 4121 ἐπετρὲατο,
729 4047 936 4118 σπουδῇ
1016 4043 1386 4117 προσϐαλὼν,
1443 4043 1537 4099 τὸν
1594 4042 1786 4112 θρόνον

204 4144 500 4214 λαμϐάνει,
535 4141 629 4194 καὶ
680 4146 781 4210 τῇς
823 4138 1105 4208 ’Δντιόχου
1135 4140 1438 4200 ἐπίσκοπος
1473 4136 1785 4206 αὐτόματος

202 4236 613 4294 ἀναδείκνυται,
670 4235 744 4303 μή
803 4248 917 4285 τισι
981 4231 1090 4284 τῶν
1145 4233 1205 4284 ἐν
1265 4229 1441 4301 Συρίᾳ⁹
1498 4229 1785 4300 διασήμων

204 4330 553 4390 ἐπισκόπων,
582 4320 662 4389 οἷς
697 4323 845 4379 κατά
875 4340 930 4377 τι
964 4324 1199 4394 πάτριον
1249 4321 1372 4384 ἔθος
1408 4323 1503 4375 καὶ
1537 4323 1572 4392 η
1604 4337 1785 4391 χειρο-

203 4423 361 4478 τονία
383 4422 622 4492 διέφερε,
656 4414 1061 4486 κοινωσάμενος
1089 4413 1183 4469 τὸν
1211 4414 1416 4468 σκοπόν
1444 4428 1460 4445 ο
1487 4406 1601 4466 οἷον
1630 4412 1788 4483 Μάρ-

206 4535 304 4573 κον
336 4516 481 4583 λέγω
512 4511 603 4567 τὸν
636 4508 986 4581 Ἀρεθούσης.
1014 4504 1226 4562 καὶτὸν
1249 4503 1572 4567 Λαοδικείας
1603 4502 1781 4573 Γεώρ-

1892 4509 2212 4575 Arethusia,
2244 4509 2480 4581 Georgio
2512 4510 2864 4578 Laodicensi,
2899 4513 2992 4579 qui
3044 4513 3294 4568 eamdem
3337 4530 3469 4569 sen-
3512 4534 3513 4537 η
3600 4566 3603 4573 η

205 4623 329 4675 γιον
353 4622 367 4635 ’
402 4604 543 4673 μήτε
583 4600 688 4671 μὴν
729 4597 840 4652 τῶν
872 4594 1077 4650 λοιπῶν
1109 4594 1482 4664 συνθεμένων.
1530 4594 1783 4662 Ἐλέγετο

201 4701 261 4754 δὲ
303 4697 398 4752 καὶ
444 4693 639 4763 γνώμῃ
678 4691 774 4745 τοῦ
823 4687 1156 4761 κρατοῦντος
1187 4686 1363 4741 ταῦτα
1400 4686 1657 4755 γενέσθαι
1688 4688 1785 4740 καὶ

202 4789 314 4842 τῶν
348 4791 406 4841 ἐν
439 4789 548 4848 τοῖς
583 4783 880 4854 βασιλείοις
911 4780 1259 4852 κρατούντων
1284 4795 1298 4809 ·
1332 4778 1384 4832 οἳ
1418 4779 1641 4849 σύναμα
1676 4778 1783 4831 Εὑ-

201 4883 363 4951 δοξίῳ
390 4880 491 4949 τὴν
531 4877 740 4930 Ἀετίου
764 4875 922 4936 δόξαν
957 4871 1318 4938 ἐσπούδαζον,
1339 4872 1374 4924 ἀ
1391 4873 1601 4941 κόμοιον
1626 4870 1784 4936 δοξά-

203 4974 352 5038 ζοντι
376 4974 453 5039 τῷ
487 4971 663 5041 ΙΙατρὶ
690 4968 779 5022 τὸν
814 4966 965 5020 Υἱόν.
1004 4966 1156 5019 Ἐπεὶ
1188 4965 1233 5017 δ’
1260 4962 1404 5016 οὕτω
1438 4965 1536 5018 καὶ
1573 4965 1780 5018 Ἀντιο-

204 5066 357 5136 χείας
392 5064 685 5132 ἐκράτησε,
718 5060 813 5113 καὶ
862 5058 1113 5127 μείζονος
1159 5055 1460 5109 ἐπελάϐετο
1505 5056 1781 5121 ἐξουσίλς,

203 5157 520 5230 περιφανῶς
563 5153 666 5224 ἠδη
715 5155 814 5223 τῆς
861 5150 1068 5203 Ἀετίου
1125 5149 1282 5218 δόξης
1331 5149 1656 5218 προϊστατο,
1689 5149 1783 5202 καὶ

204 5252 529 5321 συγκροτεῖν
599 5251 810 5302 ἐκεῖνον
873 5245 1112 5315 μάλιστα
1175 5244 1456 5313 ἐπειρᾶτο.
1524 5244 1632 5297 Καὶ
1693 5244 1781 5297 διὰ

204 5343 446 5412 σπουδῆς
475 5335 544 5413 ἦν
589 5339 783 5409 ἐκείνῳ
836 5337 1113 5407 συνέδριον
1153 5337 1473 5388 ἐπισκόπων
1500 5335 1778 5408 ἀθροῖσαι,

204 5439 301 5491 καὶ
333 5438 436 5507 τὴν
463 5435 563 5505 τῆς
587 5434 868 5495 διακονίας
895 5431 1052 5495 ἀξίαν
1081 5425 1239 5494 αὖθις
1274 5432 1582 5501 ἐγχειρίσαι
1606 5431 1777 5501 αὐτῷ.

216 5529 380 5582 Ἀλλὰ
409 5526 566 5580 τοῦτο
600 5527 698 5594 μὲν
730 5524 936 5595 πρᾶξαι
966 5525 1169 5595 ἥκιστα
1199 5524 1443 5594 ἠδυνήθη
1465 5540 1479 5554 ο
1506 5527 1643 5577 πολὺ
1671 5526 1781 5595 γὰρ

220 5621 411 5691 ’Λετίῳ
448 5620 511 5671 τὸ
555 5622 712 5687 μῖσος
758 5613 827 5688 ἦν
864 5619 964 5686 τῆς
1016 5615 1267 5682 ινέὺδοξίου
1316 5617 1510 5685 τιμῆς.
1553 5618 1781 5671 ..Σύ-,οδον

207 5713 297 5766 οὖν
325 5713 464 5775 τέως
492 5711 754 5782 ἀθροίσας
782 5713 864 5772 είς
897 5709 1253 5781 Ἀντιόχειαν,
1279 5711 1601 5779 ὁμοφρόνων
1630 5712 1782 5781 αὑτῴ

207 5808 543 5872 ἐπισκόπων,
577 5805 636 5860 ἐν
665 5799 744 5869 οἷς
788 5799 929 5878 ἦσαν
957 5801 1214 5866 ’Λκάκιός
1244 5818 1303 5855 τε
1350 5804 1377 5855 ὁ
1411 5802 1780 5880 Παλαιστίνης

2427 1417 2651 1476 CAPUT
2695 1418 2933 1474 XXXVI.

1899 1513 1975 1567 De
2010 1512 2336 1584 blasphemia
2373 1514 2512 1567 Aetii
2554 1512 2715 1584 Syri,
2765 1522 2814 1567 el
2869 1515 2993 1568 item
3032 1515 3262 1571 Eudoxii
3295 1517 3484 1572 Antio-

1965 1583 2311 1657 cuheniAIIern
2357 1586 2424 1657 de
2474 1583 2675 1657 synodo
2721 1587 2946 1655 Ancyra
2979 1598 3185 1642 coacta.
3240 1587 3309 1640 Et
3364 1605 3480 1657 quo:

1966 1654 2219 1724 Georgius
2251 1653 2589 1708 Laodicensis
2619 1653 2892 1726 episcOpus
2918 1665 2967 1708 et
3003 1657 3351 1713 Constantius
3376 1653 3484 1713 im—

1967 1736 2182 1800 perator
2211 1736 2394 1800 contra
2427 1726 2639 1779 Aetium
2665 1734 2713 1778 et
2738 1727 3041 1781 Eudoxium
3072 1730 3141 1782 ad
3168 1746 3285 1783 eam
3319 1747 3482 1800 syno—

1973 1796 2101 1848 dum
2138 1796 2470 1864 scripserint.

1973 1877 2262 1960 Per~idem
2303 1914 2542 1974 tempus,
2576 1920 2742 1976 quem
2768 1922 2937 1978 supra
2973 1907 3241 1977 diximus,
3278 1912 3475 1968 Aetius

1900 1996 2075 2069 Syrus
2108 1997 2402 2053 manifesto
2429 2008 2487 2053 et
2515 1998 2693 2055 libere
2725 2016 2882 2056 suam
2920 2000 2989 2056 de
3012 2003 3126 2059 Deo
3156 2006 3478 2076 opinionem

1898 2088 2238 2160 divulgabat.
2297 2091 2573 2146 Diaeonus
2636 2101 2751 2147 tum
2806 2093 2992 2149 adhuc
3045 2104 3185 2161 erat,
3233 2099 3396 2154 sicuti
3450 2116 3481 2154 a

1897 2182 2134 2237 Leontio
2171 2182 2485 2240 Antiochiae
2531 2186 2796 2257 episcopo
2831 2200 3074 2246 castrato
3123 2191 3220 2246 illo
3259 2202 3483 2249 creatus

1896 2274 2098 2330 fuerat.
2147 2272 2493 2346 Opiuabatur
2541 2286 2730 2334 autem
2789 2281 2982 2338 itidem
3043 2294 3105 2339 ut
3132 2284 3321 2349 Arius,
3350 2303 3483 2342 cou-

1899 2367 2101 2432 ditum,
2127 2379 2187 2423 et
2215 2383 2283 2423 ex
2312 2385 2425 2424 non
2460 2370 2883 2437 exsistentibus,
2947 2383 3114 2445 atque
3149 2376 3479 2434 dissimilem

1896 2459 2049 2515 Patri
2078 2458 2279 2515 Filium
2326 2476 2473 2518 esse.
2530 2462 2603 2517 At
2650 2463 2801 2534 quod
2853 2465 3065 2538 ingenti
3123 2472 3481 2528 contentione

1896 2554 2191 2623 acriusque
2241 2553 2312 2609 de
2368 2551 2480 2610 Deo
2534 2553 2813 2612 disserere
2876 2558 3143 2625 auderet,
3200 2561 3481 2633 variisque

1898 2652 2152 2701 uteretur
2199 2645 2751 2716 ratiocinationibus,
2796 2648 3061 2707 factionis
3108 2668 3223 2708 sua:
3251 2656 3484 2725 pupula-

1899 2737 2057 2794 ribus
2094 2737 2353 2796 diversus
2379 2755 2503 2795 esse
2550 2755 2717 2812 atque
2766 2741 2837 2797 ab
2874 2742 2958 2799 eis
3003 2744 3277 2804 dissidere
3326 2750 3480 2806 visus

1894 2838 1998 2884 est.
2025 2828 2200 2896 Quam
2232 2830 2304 2885 ob
2330 2845 2557 2885 causam
2592 2831 2833 2889 ecclesia
2869 2849 3065 2889 eorum
3097 2837 3309 2906 pulsus,
3359 2850 3479 2895 arte

1894 2921 2137 2994 quadam
2187 2938 2288 2993 per
2342 2923 2846 2981 dissimulationem
2888 2920 2987 2983 eos
3041 2930 3271 2997 vitabat,
3327 2947 3483 2986 com-

1897 3016 2335 3087 munionemque
2370 3032 2566 3073 eorum
2606 3018 3015 3087 detestabatur,
3044 3024 3213 3078 veluti
3267 3025 3364 3095 qui
3418 3043 3481 3083 se

1897 3106 2031 3163 Ario
2089 3115 2215 3178 post
2274 3109 2582 3179 periurium
2643 3111 3068 3182 coniunxissent
3103 3156 3119 3182 ,
3171 3128 3303 3173 cum
3358 3119 3473 3184 ille,

1823 3181 1866 3240 θ
1898 3200 2224 3271 pmnitcntia
2277 3202 2503 3269 ductus,
2549 3181 2919 3261 Constantino
2964 3206 3288 3277 imperatori
3345 3181 3480 3265 con;

1893 3300 2161 3347 sentanea
2217 3306 2278 3347 se
2334 3308 2460 3347 cum
2521 3292 2741 3350 Nicaena
2792 3296 2901 3351 ﬁde
2934 3300 3145 3355 sentire
3176 3301 3474 3372 adiurarit.

1893 3383 2000 3441 Sed
2036 3384 2104 3438 de
2138 3384 2227 3440 bis
2254 3386 2413 3440 satis.
2463 3384 2603 3441 Cum
2656 3387 2957 3460 imperator
2987 3392 3171 3449 adhuc
3224 3394 3281 3447 in
3308 3393 3478 3451 Occi-

1894 3476 2062 3533 dente
2084 3487 2254 3544 esset,
2288 3479 2469 3533 nuntii
2501 3494 2721 3548 venere,
2746 3482 3042 3539 Leontium
3061 3486 3474 3542 Antiochenum

1895 3571 2223 3641 episcopum
2254 3572 2400 3628 diem
2437 3590 2600 3630 suum
2634 3576 2864 3632 obiisse.
2920 3577 2988 3631 Et
3016 3578 3304 3634 Eudoxius
3334 3580 3476 3636 Ger-

1897 3665 2151 3721 manicia:
2206 3667 2460 3734 antistes,
2521 3669 2614 3739 qui
2670 3669 2725 3723 in
2785 3671 3138 3740 imperatoris
3202 3675 3472 3730 comitatu

1896 3767 2056 3824 erat,
2107 3773 2206 3829 per
2252 3759 2632 3817 cubicularios
2680 3765 2973 3819 eunuchos
3024 3777 3312 3821 vacantem
3348 3784 3472 3824 eam

1899 3851 2085 3907 sedem
2119 3852 2297 3907 ambit
2342 3862 2399 3908 et
2426 3854 2687 3910 vindicat.
2720 3857 3063 3914 Assimulans
3106 3861 3253 3914 enim
3287 3861 3472 3917 locum

1892 3958 2021 3999 eum
2049 3943 2432 4001 consolatione
2468 3954 2525 4001 et
2554 3948 2808 4004 custodia
2860 3950 3133 4022 indigere,
3177 3964 3236 4007 ut
3279 3955 3385 4009 sibi
3417 3956 3472 4010 in

1892 4034 2107 4107 Syriam
2137 4038 2220 4091 ire
2255 4037 2473 4104 liceret,
2506 4038 2576 4092 ab
2616 4039 2952 4109 imperatore
2980 4044 3161 4111 petiit.
3192 4042 3348 4110 Quod
3378 4047 3471 4102 ubi

1891 4129 1942 4184 ei
1975 4139 2062 4184 est
2089 4129 2445 4198 permissum,
2500 4130 2711 4201 ingenti
2766 4132 3053 4189 celeritate
3084 4151 3151 4190 eo
3184 4137 3334 4191 venit
3361 4155 3375 4193 :
3410 4154 3477 4193 ac

1894 4225 2097 4282 throno
2132 4238 2382 4297 recepto,
2431 4238 2662 4298 repente
2700 4228 2933 4299 perinde
2964 4240 3132 4299 atque
3163 4245 3229 4285 ex
3264 4246 3324 4286 se
3357 4233 3476 4303 ipso

1889 4330 2047 4375 ortus
2076 4320 2372 4391 episcopus
2408 4321 2718 4377 Antiochia:
2744 4323 2982 4387 exstitit,
3021 4324 3185 4395 766
3240 4343 3297 4380 re
3345 4343 3472 4380 eum

1890 4413 2293 4471 celebrioribus
2323 4414 2494 4488 Syriae
2526 4417 2828 4486 episcOpis,
2867 4427 3060 4487 utpote
3108 4435 3235 4472 cum
3289 4418 3474 4475 Marco

1894 4601 2123 4658 tentiam
2175 4601 2574 4671 sequebantur,
2621 4598 2791 4672 atque
2846 4604 2975 4659 aliis
3019 4605 3086 4660 ad
3134 4621 3276 4677 quos
3321 4623 3473 4661 more

1890 4693 2135 4765 quodam
2169 4693 2352 4763 patrio
2391 4693 2594 4748 electio
2629 4697 2970 4764 pertinebat,
3016 4714 3129 4753 non
3156 4701 3469 4754 communi-

1892 4794 2036 4840 cata.
2073 4785 2293 4840 Dictum
2331 4785 2499 4840 etiam
2529 4794 2633 4851 est,
2674 4786 2742 4841 de
2772 4788 3060 4845 voluntate
3094 4790 3468 4862 imperatoris,

1891 4887 1949 4932 et
1979 4892 2175 4932 eorum
2202 4878 2297 4947 qui
2324 4877 2376 4930 in
2402 4876 2528 4930 aula
2554 4892 2739 4931 rerum
2766 4879 3145 4947 potiebantur,
3179 4881 3235 4937 id
3265 4883 3467 4938 factum

1890 4984 2013 5024 esse
2060 4986 2074 5022 :
2124 4968 2222 5039 qui
2284 4983 2393 5022 una
2446 4982 2571 5022 cum
2619 4968 2873 5045 Eudoxio
2925 4971 3073 5027 Aetii
3134 4978 3468 5031 sententiam

1889 5059 2295 5130 sequebantur,
2336 5056 2664 5113 dissimilem
2721 5059 2868 5113 Patri
2919 5059 3117 5116 Filium
3196 5081 3321 5119 esse
3373 5066 3446 5120 do

1890 5153 2092 5208 ceutis.
2144 5149 2444 5222 Postquam
2497 5166 2631 5205 vero
2676 5151 3031 5208 Antiochiam
3081 5155 3157 5211 ita
3204 5158 3471 5223 obtinuit,

1889 5245 2328 5317 amplioremque
2370 5242 2604 5313 adeptus
2658 5253 2743 5300 est
2788 5255 3146 5315 potestatem,
3184 5252 3469 5320 propalam
3542 5288 3547 5299 .

1886 5343 2002 5413 jam
2049 5336 2193 5395 Aetii
2254 5334 2576 5405 Opinionem
2629 5337 3037 5409 propugnabat,
3098 5352 3155 5394 et
3206 5339 3472 5412 adjuvare

1891 5435 2045 5489 illum
2108 5430 2345 5485 maxime
2410 5429 2740 5484 conabatur.
2806 5430 2871 5484 Et
2933 5432 3316 5488 contendebat
3375 5433 3469 5487 ille

1890 5526 2116 5598 quidem
2149 5524 2540 5593 episcoporum
2577 5537 2773 5592 cogere
2814 5523 3138 5591 concilium,
3190 5535 3357 5594 atque
3392 5522 3468 5577 illi

1889 5621 2217 5684 diaconatus
2266 5616 2535 5671 honorem
2580 5617 2935 5672 restituere:
2991 5618 3087 5673 sed
3146 5617 3199 5671 id
3252 5614 3472 5672 efﬁcere

1891 5714 2121 5771 minime
2146 5712 2349 5782 potuit,
2382 5711 2529 5782 quod
2572 5711 2721 5782 apud
2762 5727 2969 5779 omnes
3010 5711 3246 5768 Eudoxii
3281 5710 3468 5781 digni-

1893 5816 1974 5865 tas
1999 5815 2058 5864 et
2108 5804 2351 5862 studium
2400 5812 2524 5875 post
2557 5803 2702 5860 Aetii
2757 5803 2947 5859 odium
3002 5813 3169 5860 esset.
3221 5802 3469 5875 Congre-
