  <div class='ocr_page' id='page_1' title='image "/cluster/home/n/w/nwhite01/storage/ocr_20150623/146:no.2/coo.31924054870518/195.png"; bbox 0 0 4054 6434; ppageno 0'>
   <div class='ocr_carea' id='block_1_1' title="bbox 491 427 598 491">
    <p class='ocr_par' dir='ltr' id='par_1_1' title="bbox 491 427 598 491">
     <span class='ocr_line' id='line_1_1' title="bbox 491 427 598 491; baseline -0.019 1"><span class='ocrx_word' id='word_1_1' title='bbox 491 427 598 491; x_wconf 79' lang='grc' dir='ltr'><strong>3Ἷ5</strong></span> 
     </span>
    </p>
   </div>
   <div class='ocr_carea' id='block_1_2' title="bbox 1707 427 2516 490">
    <p class='ocr_par' dir='ltr' id='par_1_2' title="bbox 1707 427 2516 490">
     <span class='ocr_line' id='line_1_2' title="bbox 1707 427 2516 490; baseline 0.001 -1"><span class='ocrx_word' id='word_1_2' title='bbox 1707 430 1754 489; x_wconf 84' lang='grc' dir='ltr'><strong>Ν</strong></span> <span class='ocrx_word' id='word_1_3' title='bbox 1762 427 2128 490; x_wconf 78' lang='lat' dir='ltr'><strong>ICEPHORI</strong></span> <span class='ocrx_word' id='word_1_4' title='bbox 2169 427 2257 487; x_wconf 81' lang='lat' dir='ltr'><strong>CA</strong></span> <span class='ocrx_word' id='word_1_5' title='bbox 2269 431 2516 490; x_wconf 84' lang='lat' dir='ltr'><strong>LLISTI</strong></span> 
     </span>
    </p>
   </div>
   <div class='ocr_carea' id='block_1_3' title="bbox 3631 436 3726 499">
    <p class='ocr_par' dir='ltr' id='par_1_3' title="bbox 3631 436 3726 499">
     <span class='ocr_line' id='line_1_3' title="bbox 3631 436 3726 499; baseline 0 0"><span class='ocrx_word' id='word_1_6' title='bbox 3631 436 3726 499; x_wconf 80' lang='lat'><strong>3’6</strong></span> 
     </span>
    </p>
   </div>
   <div class='ocr_carea' id='block_1_4' title="bbox 491 539 2082 616">
    <p class='ocr_par' dir='ltr' id='par_1_4' title="bbox 491 539 2065 612">
     <span class='ocr_line' id='line_1_4' title="bbox 491 539 2065 612; baseline -0.002 -15"><span class='ocrx_word' id='word_1_7' title='bbox 491 543 660 597; x_wconf 81' lang='lat' dir='ltr'><strong>Multa</strong></span> <span class='ocrx_word' id='word_1_8' title='bbox 707 540 755 595; x_wconf 88' lang='lat' dir='ltr'><strong>is</strong></span> <span class='ocrx_word' id='word_1_9' title='bbox 800 539 969 595; x_wconf 89' lang='lat' dir='ltr'><strong>etiam</strong></span> <span class='ocrx_word' id='word_1_10' title='bbox 1023 555 1189 610; x_wconf 85' lang='lat' dir='ltr'><strong>supra</strong></span> <span class='ocrx_word' id='word_1_11' title='bbox 1240 542 1350 595; x_wconf 80' lang='lat' dir='ltr'><strong>vim</strong></span> <span class='ocrx_word' id='word_1_12' title='bbox 1394 552 1452 597; x_wconf 90' lang='lat' dir='ltr'><strong>et</strong></span> <span class='ocrx_word' id='word_1_13' title='bbox 1506 551 1728 612; x_wconf 84' lang='lat' dir='ltr'><strong>captum</strong></span> <span class='ocrx_word' id='word_1_14' title='bbox 1779 541 2065 595; x_wconf 81' lang='lat' dir='ltr'><strong>hominum</strong></span> 
     </span>
    </p>
   </div>
   <div class='ocr_carea' id='block_1_5' title="bbox 2187 539 3728 616">
    <p class='ocr_par' dir='ltr' id='par_1_5' title="bbox 2187 541 3728 616">
     <span class='ocr_line' id='line_1_5' title="bbox 2187 541 3728 616; baseline 0.003 -19"><span class='ocrx_word' id='word_1_15' title='bbox 2187 545 2238 612; x_wconf 76' lang='grc' dir='ltr'><strong>ιῇ</strong></span> <span class='ocrx_word' id='word_1_16' title='bbox 2264 546 2334 614; x_wconf 82' lang='grc' dir='ltr'>γῇ</span> <span class='ocrx_word' id='word_1_17' title='bbox 2371 541 2779 614; x_wconf 78' lang='grc' dir='ltr'>προσαρρἀαι,</span> <span class='ocrx_word' id='word_1_18' title='bbox 2811 543 2906 596; x_wconf 74' lang='grc' dir='ltr'>καὶ</span> <span class='ocrx_word' id='word_1_19' title='bbox 2949 542 3094 598; x_wconf 79' lang='grc' dir='ltr'>οὕτω</span> <span class='ocrx_word' id='word_1_20' title='bbox 3127 543 3516 616; x_wconf 61' lang='grc' dir='ltr'>διαῤῥαγῖμαι.</span> <span class='ocrx_word' id='word_1_21' title='bbox 3548 547 3728 601; x_wconf 70' lang='grc' dir='ltr'>Πολλοὶ</span> 
     </span>
    </p>
   </div>
   <div class='ocr_carea' id='block_1_6' title="bbox 494 632 2065 704">
    <p class='ocr_par' dir='ltr' id='par_1_6' title="bbox 494 632 2065 704">
     <span class='ocr_line' id='line_1_6' title="bbox 494 632 2065 704; baseline 0 -18"><span class='ocrx_word' id='word_1_22' title='bbox 494 635 623 690; x_wconf 87' lang='lat' dir='ltr'><strong>fecit</strong></span> <span class='ocrx_word' id='word_1_23' title='bbox 653 652 667 687; x_wconf 90' lang='lat'><strong>:</strong></span> <span class='ocrx_word' id='word_1_24' title='bbox 707 633 989 688; x_wconf 61' lang='lat' dir='ltr'><strong>daemones</strong></span> <span class='ocrx_word' id='word_1_25' title='bbox 1029 647 1270 702; x_wconf 84' lang='lat' dir='ltr'><strong>namque</strong></span> <span class='ocrx_word' id='word_1_26' title='bbox 1300 634 1486 704; x_wconf 80' lang='lat' dir='ltr'><strong>ejecit,</strong></span> <span class='ocrx_word' id='word_1_27' title='bbox 1523 633 1647 688; x_wconf 86' lang='lat' dir='ltr'><strong>aliis</strong></span> <span class='ocrx_word' id='word_1_28' title='bbox 1672 648 1893 704; x_wconf 88' lang='lat' dir='ltr'><strong>quoque</strong></span> <span class='ocrx_word' id='word_1_29' title='bbox 1918 632 2065 687; x_wconf 75' lang='lat' dir='ltr'><strong>casi~</strong></span> 
     </span>
    </p>
   </div>
   <div class='ocr_carea' id='block_1_7' title="bbox 491 724 2065 789">
    <p class='ocr_par' dir='ltr' id='par_1_7' title="bbox 491 724 2065 789">
     <span class='ocr_line' id='line_1_7' title="bbox 491 724 2065 789; baseline -0.002 -8"><span class='ocrx_word' id='word_1_30' title='bbox 491 728 597 782; x_wconf 87' lang='lat' dir='ltr'><strong>bus</strong></span> <span class='ocrx_word' id='word_1_31' title='bbox 650 725 880 780; x_wconf 78' lang='lat' dir='ltr'><strong>afﬂictos</strong></span> <span class='ocrx_word' id='word_1_32' title='bbox 929 724 1183 779; x_wconf 81' lang='lat' dir='ltr'><strong>homines</strong></span> <span class='ocrx_word' id='word_1_33' title='bbox 1242 724 1507 789; x_wconf 71' lang='lat' dir='ltr'><strong>restituit,</strong></span> <span class='ocrx_word' id='word_1_34' title='bbox 1564 734 1620 780; x_wconf 92' lang='lat' dir='ltr'><strong>et</strong></span> <span class='ocrx_word' id='word_1_35' title='bbox 1667 725 1734 780; x_wconf 91' lang='lat' dir='ltr'><strong>ad</strong></span> <span class='ocrx_word' id='word_1_36' title='bbox 1787 727 2065 780; x_wconf 83' lang='lat' dir='ltr'><strong>saniorem</strong></span> 
     </span>
    </p>
   </div>
   <div class='ocr_carea' id='block_1_8' title="bbox 492 815 2070 872">
    <p class='ocr_par' dir='ltr' id='par_1_8' title="bbox 492 815 2070 872">
     <span class='ocr_line' id='line_1_8' title="bbox 492 815 2070 872; baseline 0.001 -1"><span class='ocrx_word' id='word_1_37' title='bbox 492 825 733 871; x_wconf 88' lang='lat' dir='ltr'><strong>mentem</strong></span> <span class='ocrx_word' id='word_1_38' title='bbox 769 817 972 870; x_wconf 90' lang='lat' dir='ltr'><strong>multos</strong></span> <span class='ocrx_word' id='word_1_39' title='bbox 1005 815 1250 870; x_wconf 82' lang='lat' dir='ltr'><strong>reduxit.</strong></span> <span class='ocrx_word' id='word_1_40' title='bbox 1275 815 1662 872; x_wconf 89' lang='lat' dir='ltr'><strong>Etdraconem</strong></span> <span class='ocrx_word' id='word_1_41' title='bbox 1687 816 1805 871; x_wconf 83' lang='lat' dir='ltr'><strong>sive</strong></span> <span class='ocrx_word' id='word_1_42' title='bbox 1836 816 2070 872; x_wconf 77' lang='lat' dir='ltr'><strong>alterius</strong></span> 
     </span>
    </p>
   </div>
   <div class='ocr_carea' id='block_1_9' title="bbox 492 908 2067 979">
    <p class='ocr_par' dir='ltr' id='par_1_9' title="bbox 492 908 2067 979">
     <span class='ocr_line' id='line_1_9' title="bbox 492 908 2067 979; baseline 0.001 -18"><span class='ocrx_word' id='word_1_43' title='bbox 492 908 774 977; x_wconf 87' lang='lat' dir='ltr'><strong>reptilium</strong></span> <span class='ocrx_word' id='word_1_44' title='bbox 816 909 1042 977; x_wconf 77' lang='lat' dir='ltr'><strong>generis</strong></span> <span class='ocrx_word' id='word_1_45' title='bbox 1073 924 1413 968; x_wconf 76' lang='lat' dir='ltr'><strong>venenosam</strong></span> <span class='ocrx_word' id='word_1_46' title='bbox 1457 910 1633 965; x_wconf 87' lang='lat' dir='ltr'><strong>feram</strong></span> <span class='ocrx_word' id='word_1_47' title='bbox 1689 912 1792 964; x_wconf 70' lang='lat' dir='ltr'><strong>viae</strong></span> <span class='ocrx_word' id='word_1_48' title='bbox 1833 909 2067 979; x_wconf 74' lang='lat' dir='ltr'><strong>publiere</strong></span> 
     </span>
    </p>
   </div>
   <div class='ocr_carea' id='block_1_10' title="bbox 491 1000 2067 1065">
    <p class='ocr_par' dir='ltr' id='par_1_10' title="bbox 491 1000 2067 1065">
     <span class='ocr_line' id='line_1_10' title="bbox 491 1000 2067 1065; baseline 0.001 -13"><span class='ocrx_word' id='word_1_49' title='bbox 491 1001 868 1065; x_wconf 79' lang='lat' dir='ltr'><strong>incubantem,</strong></span> <span class='ocrx_word' id='word_1_50' title='bbox 915 1010 971 1054; x_wconf 89' lang='lat' dir='ltr'><strong>et</strong></span> <span class='ocrx_word' id='word_1_51' title='bbox 1025 1000 1222 1054; x_wconf 74' lang='lat' dir='ltr'><strong>afflatu</strong></span> <span class='ocrx_word' id='word_1_52' title='bbox 1266 1003 1389 1054; x_wconf 89' lang='lat' dir='ltr'><strong>solo</strong></span> <span class='ocrx_word' id='word_1_53' title='bbox 1443 1001 1690 1055; x_wconf 78' lang='lat' dir='ltr'><strong>viatores</strong></span> <span class='ocrx_word' id='word_1_54' title='bbox 1753 1008 2067 1065; x_wconf 80' lang='lat' dir='ltr'><strong>necantcm,</strong></span> 
     </span>
    </p>
   </div>
   <div class='ocr_carea' id='block_1_11' title="bbox 489 1093 2071 1164">
    <p class='ocr_par' dir='ltr' id='par_1_11' title="bbox 489 1093 2071 1164">
     <span class='ocr_line' id='line_1_11' title="bbox 489 1093 2071 1164; baseline 0.002 -22"><span class='ocrx_word' id='word_1_55' title='bbox 489 1094 762 1155; x_wconf 84' lang='lat' dir='ltr'><strong>oratione,</strong></span> <span class='ocrx_word' id='word_1_56' title='bbox 812 1108 880 1148; x_wconf 79' lang='lat' dir='ltr'><strong>ex</strong></span> <span class='ocrx_word' id='word_1_57' title='bbox 911 1093 1148 1148; x_wconf 88' lang='lat' dir='ltr'><strong>latibulo</strong></span> <span class='ocrx_word' id='word_1_58' title='bbox 1179 1103 1239 1148; x_wconf 90' lang='lat' dir='ltr'><strong>ut</strong></span> <span class='ocrx_word' id='word_1_59' title='bbox 1294 1106 1492 1162; x_wconf 83' lang='lat' dir='ltr'><strong>sponte</strong></span> <span class='ocrx_word' id='word_1_60' title='bbox 1543 1109 1644 1149; x_wconf 88' lang='lat' dir='ltr'><strong>sua</strong></span> <span class='ocrx_word' id='word_1_61' title='bbox 1692 1093 1964 1164; x_wconf 86' lang='lat' dir='ltr'><strong>prodiret,</strong></span> <span class='ocrx_word' id='word_1_62' title='bbox 2014 1101 2071 1146; x_wconf 86' lang='lat' dir='ltr'><strong>et</strong></span> 
     </span>
    </p>
   </div>
   <div class='ocr_carea' id='block_1_12' title="bbox 491 1183 2065 1254">
    <p class='ocr_par' dir='ltr' id='par_1_12' title="bbox 491 1183 2065 1254">
     <span class='ocr_line' id='line_1_12' title="bbox 491 1183 2065 1254; baseline -0.002 -16"><span class='ocrx_word' id='word_1_63' title='bbox 491 1200 588 1252; x_wconf 89' lang='lat' dir='ltr'><strong>per</strong></span> <span class='ocrx_word' id='word_1_64' title='bbox 619 1183 862 1253; x_wconf 88' lang='lat' dir='ltr'><strong>seipsam</strong></span> <span class='ocrx_word' id='word_1_65' title='bbox 904 1193 1072 1253; x_wconf 87' lang='lat' dir='ltr'><strong>caput</strong></span> <span class='ocrx_word' id='word_1_66' title='bbox 1119 1184 1287 1239; x_wconf 89' lang='lat' dir='ltr'><strong>semel</strong></span> <span class='ocrx_word' id='word_1_67' title='bbox 1319 1193 1487 1254; x_wconf 91' lang='lat' dir='ltr'><strong>atque</strong></span> <span class='ocrx_word' id='word_1_68' title='bbox 1522 1185 1723 1239; x_wconf 86' lang='lat' dir='ltr'><strong>iterum</strong></span> <span class='ocrx_word' id='word_1_69' title='bbox 1764 1192 1926 1238; x_wconf 62' lang='lat' dir='ltr'><strong>terra:</strong></span> <span class='ocrx_word' id='word_1_70' title='bbox 1962 1183 2065 1236; x_wconf 90' lang='lat' dir='ltr'><strong>illi-</strong></span> 
     </span>
    </p>
   </div>
   <div class='ocr_carea' id='block_1_13' title="bbox 491 1275 2070 1346">
    <p class='ocr_par' dir='ltr' id='par_1_13' title="bbox 491 1275 2070 1346">
     <span class='ocr_line' id='line_1_13' title="bbox 491 1275 2070 1346; baseline 0 -18"><span class='ocrx_word' id='word_1_71' title='bbox 491 1280 667 1340; x_wconf 84' lang='lat' dir='ltr'><strong>deret,</strong></span> <span class='ocrx_word' id='word_1_72' title='bbox 705 1286 762 1331; x_wconf 90' lang='lat' dir='ltr'><strong>et</strong></span> <span class='ocrx_word' id='word_1_73' title='bbox 789 1275 870 1330; x_wconf 90' lang='lat' dir='ltr'><strong>sic</strong></span> <span class='ocrx_word' id='word_1_74' title='bbox 907 1277 1128 1330; x_wconf 86' lang='lat' dir='ltr'><strong>tandem</strong></span> <span class='ocrx_word' id='word_1_75' title='bbox 1163 1286 1541 1346; x_wconf 85' lang='lat' dir='ltr'><strong>rumperetur,</strong></span> <span class='ocrx_word' id='word_1_76' title='bbox 1577 1278 1867 1343; x_wconf 78' lang='lat' dir='ltr'><strong>protraxit.</strong></span> <span class='ocrx_word' id='word_1_77' title='bbox 1917 1275 2070 1330; x_wconf 83' lang='lat' dir='ltr'><strong>Multi</strong></span> 
     </span>
    </p>
   </div>
   <div class='ocr_carea' id='block_1_14' title="bbox 490 1368 2069 1438">
    <p class='ocr_par' dir='ltr' id='par_1_14' title="bbox 490 1368 2069 1438">
     <span class='ocr_line' id='line_1_14' title="bbox 490 1368 2069 1438; baseline -0.001 -16"><span class='ocrx_word' id='word_1_78' title='bbox 490 1383 625 1422; x_wconf 82' lang='lat' dir='ltr'><strong>sane</strong></span> <span class='ocrx_word' id='word_1_79' title='bbox 674 1369 937 1422; x_wconf 82' lang='lat' dir='ltr'><strong>mortales</strong></span> <span class='ocrx_word' id='word_1_80' title='bbox 989 1368 1326 1422; x_wconf 69' lang='lat' dir='ltr'><strong>Nicomedia:</strong></span> <span class='ocrx_word' id='word_1_81' title='bbox 1363 1369 1440 1438; x_wconf 81' lang='grc'><strong>(1)</strong></span> <span class='ocrx_word' id='word_1_82' title='bbox 1488 1370 1663 1424; x_wconf 83' lang='lat' dir='ltr'><strong>ruinis</strong></span> <span class='ocrx_word' id='word_1_83' title='bbox 1710 1369 2069 1423; x_wconf 64' lang='lat' dir='ltr'><strong>aedificiorum</strong></span> 
     </span>
    </p>
   </div>
   <div class='ocr_carea' id='block_1_15' title="bbox 493 1458 2074 1529">
    <p class='ocr_par' dir='ltr' id='par_1_15' title="bbox 493 1458 2074 1529">
     <span class='ocr_line' id='line_1_15' title="bbox 493 1458 2074 1529; baseline 0.001 -17"><span class='ocrx_word' id='word_1_84' title='bbox 493 1458 855 1521; x_wconf 87' lang='lat' dir='ltr'><strong>interierunt,</strong></span> <span class='ocrx_word' id='word_1_85' title='bbox 915 1459 1074 1513; x_wconf 87' lang='lat' dir='ltr'><strong>multi</strong></span> <span class='ocrx_word' id='word_1_86' title='bbox 1132 1459 1238 1512; x_wconf 85' lang='lat' dir='ltr'><strong>sibi</strong></span> <span class='ocrx_word' id='word_1_87' title='bbox 1294 1458 1419 1529; x_wconf 82' lang='lat' dir='ltr'><strong>fuga</strong></span> <span class='ocrx_word' id='word_1_88' title='bbox 1479 1460 1533 1512; x_wconf 90' lang='lat' dir='ltr'><strong>in</strong></span> <span class='ocrx_word' id='word_1_89' title='bbox 1593 1460 1954 1514; x_wconf 85' lang='lat' dir='ltr'><strong>solitudinem</strong></span> <span class='ocrx_word' id='word_1_90' title='bbox 2015 1470 2074 1514; x_wconf 90' lang='lat' dir='ltr'><strong>et</strong></span> 
     </span>
    </p>
   </div>
   <div class='ocr_carea' id='block_1_16' title="bbox 491 1550 2073 1620">
    <p class='ocr_par' dir='ltr' id='par_1_16' title="bbox 491 1550 2073 1620">
     <span class='ocr_line' id='line_1_16' title="bbox 491 1550 2073 1620; baseline 0.003 -18"><span class='ocrx_word' id='word_1_91' title='bbox 491 1566 657 1620; x_wconf 82' lang='lat' dir='ltr'><strong>agros</strong></span> <span class='ocrx_word' id='word_1_92' title='bbox 711 1551 1146 1606; x_wconf 86' lang='lat' dir='ltr'><strong>consuluerunt.</strong></span> <span class='ocrx_word' id='word_1_93' title='bbox 1196 1551 1420 1605; x_wconf 88' lang='lat' dir='ltr'><strong>Etenim</strong></span> <span class='ocrx_word' id='word_1_94' title='bbox 1474 1551 1714 1606; x_wconf 87' lang='lat' dir='ltr'><strong>incendii</strong></span> <span class='ocrx_word' id='word_1_95' title='bbox 1777 1550 1997 1605; x_wconf 87' lang='lat' dir='ltr'><strong>flamma</strong></span> <span class='ocrx_word' id='word_1_96' title='bbox 2042 1569 2073 1606; x_wconf 91' lang='lat' dir='ltr'><strong>e</strong></span> 
     </span>
    </p>
   </div>
   <div class='ocr_carea' id='block_1_17' title="bbox 493 1640 2072 1713">
    <p class='ocr_par' dir='ltr' id='par_1_17' title="bbox 493 1640 2072 1713">
     <span class='ocr_line' id='line_1_17' title="bbox 493 1640 2072 1713; baseline 0.004 -22"><span class='ocrx_word' id='word_1_97' title='bbox 493 1641 674 1694; x_wconf 86' lang='lat' dir='ltr'><strong>furnis</strong></span> <span class='ocrx_word' id='word_1_98' title='bbox 733 1649 789 1694; x_wconf 89' lang='lat' dir='ltr'><strong>et</strong></span> <span class='ocrx_word' id='word_1_99' title='bbox 838 1640 1052 1695; x_wconf 86' lang='lat' dir='ltr'><strong>balneis</strong></span> <span class='ocrx_word' id='word_1_100' title='bbox 1109 1640 1456 1712; x_wconf 82' lang='lat' dir='ltr'><strong>oﬂicinisque</strong></span> <span class='ocrx_word' id='word_1_101' title='bbox 1516 1643 1794 1696; x_wconf 85' lang='lat' dir='ltr'><strong>artificum</strong></span> <span class='ocrx_word' id='word_1_102' title='bbox 1856 1643 1949 1713; x_wconf 90' lang='lat' dir='ltr'><strong>qui</strong></span> <span class='ocrx_word' id='word_1_103' title='bbox 2005 1642 2072 1698; x_wconf 85' lang='lat' dir='ltr'><strong>ad</strong></span> 
     </span>
    </p>
   </div>
   <div class='ocr_carea' id='block_1_18' title="bbox 496 1730 2074 1800">
    <p class='ocr_par' dir='ltr' id='par_1_18' title="bbox 496 1730 2074 1800">
     <span class='ocr_line' id='line_1_18' title="bbox 496 1730 2074 1800; baseline 0.003 -17"><span class='ocrx_word' id='word_1_104' title='bbox 496 1731 677 1798; x_wconf 81' lang='lat' dir='ltr'><strong>ignem</strong></span> <span class='ocrx_word' id='word_1_105' title='bbox 727 1746 869 1800; x_wconf 90' lang='lat' dir='ltr'><strong>opus</strong></span> <span class='ocrx_word' id='word_1_106' title='bbox 899 1730 1112 1785; x_wconf 85' lang='lat' dir='ltr'><strong>faciunt</strong></span> <span class='ocrx_word' id='word_1_107' title='bbox 1145 1741 1356 1796; x_wconf 92' lang='lat' dir='ltr'><strong>coorta,</strong></span> <span class='ocrx_word' id='word_1_108' title='bbox 1383 1741 1439 1786; x_wconf 90' lang='lat' dir='ltr'><strong>et</strong></span> <span class='ocrx_word' id='word_1_109' title='bbox 1475 1733 1775 1788; x_wconf 84' lang='lat' dir='ltr'><strong>ruderibus</strong></span> <span class='ocrx_word' id='word_1_110' title='bbox 1805 1733 2074 1789; x_wconf 86' lang='lat' dir='ltr'><strong>deciden-</strong></span> 
     </span>
    </p>
   </div>
   <div class='ocr_carea' id='block_1_19' title="bbox 497 1824 2073 1907">
    <p class='ocr_par' dir='ltr' id='par_1_19' title="bbox 497 1824 2073 1907">
     <span class='ocr_line' id='line_1_19' title="bbox 497 1824 2073 1907; baseline 0.001 -31"><span class='ocrx_word' id='word_1_111' title='bbox 497 1826 634 1907; x_wconf 62' lang='lat' dir='ltr'><strong>uum</strong></span> <span class='ocrx_word' id='word_1_112' title='bbox 667 1824 975 1878; x_wconf 89' lang='lat' dir='ltr'><strong>culminum</strong></span> <span class='ocrx_word' id='word_1_113' title='bbox 1017 1825 1408 1886; x_wconf 85' lang='lat' dir='ltr'><strong>circumclusa,</strong></span> <span class='ocrx_word' id='word_1_114' title='bbox 1451 1826 1792 1896; x_wconf 85' lang='lat' dir='ltr'><strong>materiaque</strong></span> <span class='ocrx_word' id='word_1_115' title='bbox 1823 1827 2073 1896; x_wconf 78' lang='lat' dir='ltr'><strong>proxima</strong></span> 
     </span>
    </p>
   </div>
   <div class='ocr_carea' id='block_1_20' title="bbox 2175 636 3730 711">
    <p class='ocr_par' dir='ltr' id='par_1_20' title="bbox 2175 636 3730 711">
     <span class='ocr_line' id='line_1_20' title="bbox 2175 636 3730 711; baseline 0.002 -22"><span class='ocrx_word' id='word_1_116' title='bbox 2175 637 2274 706; x_wconf 77' lang='grc' dir='ltr'>μὲν</span> <span class='ocrx_word' id='word_1_117' title='bbox 2304 636 2398 689; x_wconf 82' lang='grc' dir='ltr'>οὖν</span> <span class='ocrx_word' id='word_1_118' title='bbox 2439 636 2820 707; x_wconf 77' lang='grc' dir='ltr'><strong>διεφθάρησαν</strong></span> <span class='ocrx_word' id='word_1_119' title='bbox 2861 639 2978 700; x_wconf 83' lang='grc' dir='ltr'>τοῖς</span> <span class='ocrx_word' id='word_1_120' title='bbox 3013 638 3301 706; x_wconf 70' lang='grc' dir='ltr'>ἐρειπίοις·</span> <span class='ocrx_word' id='word_1_121' title='bbox 3333 641 3383 692; x_wconf 78' lang='lat' dir='ltr'><strong>oi</strong></span> <span class='ocrx_word' id='word_1_122' title='bbox 3415 638 3471 691; x_wconf 76' lang='grc' dir='ltr'>δὲ</span> <span class='ocrx_word' id='word_1_123' title='bbox 3500 642 3577 694; x_wconf 76' lang='grc' dir='ltr'>εἰς</span> <span class='ocrx_word' id='word_1_124' title='bbox 3606 642 3730 711; x_wconf 73' lang='grc' dir='ltr'>ἐρη-</span> 
     </span>
    </p>
   </div>
   <div class='ocr_carea' id='block_1_21' title="bbox 2175 730 3733 803">
    <p class='ocr_par' dir='ltr' id='par_1_21' title="bbox 2175 730 3733 803">
     <span class='ocr_line' id='line_1_21' title="bbox 2175 730 3733 803; baseline 0.003 -22"><span class='ocrx_word' id='word_1_125' title='bbox 2175 731 2303 800; x_wconf 83' lang='grc' dir='ltr'>μίας</span> <span class='ocrx_word' id='word_1_126' title='bbox 2356 730 2668 798; x_wconf 76' lang='grc' dir='ltr'><strong>διέδρασαν.</strong></span> <span class='ocrx_word' id='word_1_127' title='bbox 2713 731 2824 784; x_wconf 79' lang='grc' dir='ltr'><strong>Καὶ</strong></span> <span class='ocrx_word' id='word_1_128' title='bbox 2859 730 2993 800; x_wconf 75' lang='grc' dir='ltr'>φλὸξ</span> <span class='ocrx_word' id='word_1_129' title='bbox 3039 732 3150 800; x_wconf 87' lang='grc' dir='ltr'>γάρ</span> <span class='ocrx_word' id='word_1_130' title='bbox 3188 749 3271 792; x_wconf 86' lang='grc' dir='ltr'><strong>τις</strong></span> <span class='ocrx_word' id='word_1_131' title='bbox 3302 731 3364 783; x_wconf 77' lang='grc' dir='ltr'>ἐκ</span> <span class='ocrx_word' id='word_1_132' title='bbox 3391 748 3534 794; x_wconf 84' lang='grc' dir='ltr'>τινος</span> <span class='ocrx_word' id='word_1_133' title='bbox 3564 749 3733 803; x_wconf 84' lang='grc' dir='ltr'>παρα-</span> 
     </span>
    </p>
   </div>
   <div class='ocr_carea' id='block_1_22' title="bbox 2172 819 3730 895">
    <p class='ocr_par' dir='ltr' id='par_1_22' title="bbox 2172 819 3730 895">
     <span class='ocr_line' id='line_1_22' title="bbox 2172 819 3730 895; baseline 0.001 -19"><span class='ocrx_word' id='word_1_134' title='bbox 2172 819 2436 894; x_wconf 73' lang='grc' dir='ltr'><strong>κειμένης</strong></span> <span class='ocrx_word' id='word_1_135' title='bbox 2472 823 2624 895; x_wconf 81' lang='grc' dir='ltr'>ὖλης,</span> <span class='ocrx_word' id='word_1_136' title='bbox 2653 825 2760 876; x_wconf 86' lang='grc' dir='ltr'>ἀπό</span> <span class='ocrx_word' id='word_1_137' title='bbox 2803 841 2864 877; x_wconf 88' lang='grc' dir='ltr'><strong>τε</strong></span> <span class='ocrx_word' id='word_1_138' title='bbox 2895 826 3135 890; x_wconf 86' lang='grc' dir='ltr'>πνιγέων</span> <span class='ocrx_word' id='word_1_139' title='bbox 3167 825 3261 878; x_wconf 76' lang='grc' dir='ltr'>καὶ</span> <span class='ocrx_word' id='word_1_140' title='bbox 3287 825 3395 878; x_wconf 81' lang='grc' dir='ltr'><strong>τῶν</strong></span> <span class='ocrx_word' id='word_1_141' title='bbox 3425 825 3730 892; x_wconf 78' lang='grc' dir='ltr'><strong>βαλανείων,</strong></span> 
     </span>
    </p>
   </div>
   <div class='ocr_carea' id='block_1_23' title="bbox 2171 917 3736 988">
    <p class='ocr_par' dir='ltr' id='par_1_23' title="bbox 2171 917 3736 988">
     <span class='ocr_line' id='line_1_23' title="bbox 2171 917 3736 988; baseline 0.001 -19"><span class='ocrx_word' id='word_1_142' title='bbox 2171 919 2266 969; x_wconf 88' lang='grc' dir='ltr'><strong>καί</strong></span> <span class='ocrx_word' id='word_1_143' title='bbox 2310 935 2476 970; x_wconf 85' lang='grc' dir='ltr'>τινων</span> <span class='ocrx_word' id='word_1_144' title='bbox 2512 918 2644 988; x_wconf 79' lang='grc' dir='ltr'>περὶ</span> <span class='ocrx_word' id='word_1_145' title='bbox 2677 918 2776 980; x_wconf 80' lang='grc' dir='ltr'><strong>τὰς</strong></span> <span class='ocrx_word' id='word_1_146' title='bbox 2817 917 3103 988; x_wconf 74' lang='grc' dir='ltr'><strong>ἐμπύρους</strong></span> <span class='ocrx_word' id='word_1_147' title='bbox 3133 917 3329 986; x_wconf 83' lang='grc' dir='ltr'>τέχνας</span> <span class='ocrx_word' id='word_1_148' title='bbox 3369 919 3736 984; x_wconf 75' lang='grc' dir='ltr'>πονουμένων,</span> 
     </span>
    </p>
   </div>
   <div class='ocr_carea' id='block_1_24' title="bbox 2173 1009 3736 1081">
    <p class='ocr_par' dir='ltr' id='par_1_24' title="bbox 2173 1009 3736 1081">
     <span class='ocr_line' id='line_1_24' title="bbox 2173 1009 3736 1081; baseline 0.003 -21"><span class='ocrx_word' id='word_1_149' title='bbox 2173 1009 2549 1079; x_wconf 66' lang='grc' dir='ltr'>ἐρειπομένων</span> <span class='ocrx_word' id='word_1_150' title='bbox 2596 1010 2706 1062; x_wconf 84' lang='grc' dir='ltr'><strong>τῶν</strong></span> <span class='ocrx_word' id='word_1_151' title='bbox 2755 1011 2971 1081; x_wconf 78' lang='grc' dir='ltr'>ὀρόφων</span> <span class='ocrx_word' id='word_1_152' title='bbox 3012 1011 3461 1081; x_wconf 83' lang='grc' dir='ltr'>περικλεισθείσα</span> <span class='ocrx_word' id='word_1_153' title='bbox 3488 1049 3502 1074; x_wconf 94' lang='grc'><strong>,</strong></span> <span class='ocrx_word' id='word_1_154' title='bbox 3551 1013 3736 1078; x_wconf 76' lang='grc' dir='ltr'>ἀναμι-</span> 
     </span>
    </p>
   </div>
   <div class='ocr_carea' id='block_1_25' title="bbox 2175 1099 3734 1170">
    <p class='ocr_par' dir='ltr' id='par_1_25' title="bbox 2175 1099 3734 1170">
     <span class='ocr_line' id='line_1_25' title="bbox 2175 1099 3734 1170; baseline -0.001 -19"><span class='ocrx_word' id='word_1_155' title='bbox 2175 1101 2382 1167; x_wconf 84' lang='grc' dir='ltr'>γέντων</span> <span class='ocrx_word' id='word_1_156' title='bbox 2409 1100 2485 1163; x_wconf 86' lang='grc' dir='ltr'>ὡς</span> <span class='ocrx_word' id='word_1_157' title='bbox 2534 1101 2680 1164; x_wconf 73' lang='grc' dir='ltr'>εἰκὸς</span> <span class='ocrx_word' id='word_1_158' title='bbox 2715 1101 3034 1170; x_wconf 77' lang='grc' dir='ltr'>φρυγάνων,</span> <span class='ocrx_word' id='word_1_159' title='bbox 3066 1101 3159 1152; x_wconf 76' lang='grc' dir='ltr'>καὶ</span> <span class='ocrx_word' id='word_1_160' title='bbox 3199 1099 3302 1152; x_wconf 79' lang='grc' dir='ltr'>ὅσα</span> <span class='ocrx_word' id='word_1_161' title='bbox 3340 1099 3574 1169; x_wconf 80' lang='grc' dir='ltr'><strong>ἐλαιώδη</strong></span> <span class='ocrx_word' id='word_1_162' title='bbox 3602 1099 3734 1162; x_wconf 74' lang='grc' dir='ltr'>ἐστὶ,</span> 
     </span>
    </p>
   </div>
   <div class='ocr_carea' id='block_1_26' title="bbox 2173 1189 3736 1263">
    <p class='ocr_par' dir='ltr' id='par_1_26' title="bbox 2173 1189 3736 1263">
     <span class='ocr_line' id='line_1_26' title="bbox 2173 1189 3736 1263; baseline -0.003 -17"><span class='ocrx_word' id='word_1_163' title='bbox 2173 1193 2440 1263; x_wconf 75' lang='grc' dir='ltr'>καὶπρὸς</span> <span class='ocrx_word' id='word_1_164' title='bbox 2493 1192 2552 1245; x_wconf 80' lang='grc' dir='ltr'>τὸ</span> <span class='ocrx_word' id='word_1_165' title='bbox 2607 1192 2862 1246; x_wconf 78' lang='grc' dir='ltr'>καίεσθαι</span> <span class='ocrx_word' id='word_1_166' title='bbox 2915 1191 3104 1263; x_wconf 78' lang='grc' dir='ltr'>ῥᾳδίαν</span> <span class='ocrx_word' id='word_1_167' title='bbox 3159 1189 3258 1260; x_wconf 81' lang='grc' dir='ltr'>τὴν</span> <span class='ocrx_word' id='word_1_168' title='bbox 3313 1190 3555 1242; x_wconf 78' lang='grc' dir='ltr'>ἐπίδοσιν</span> <span class='ocrx_word' id='word_1_169' title='bbox 3592 1189 3736 1257; x_wconf 76' lang='grc' dir='ltr'>ἔχει,</span> 
     </span>
    </p>
   </div>
   <div class='ocr_carea' id='block_1_27' title="bbox 2174 1281 3739 1356">
    <p class='ocr_par' dir='ltr' id='par_1_27' title="bbox 2174 1281 3739 1356">
     <span class='ocr_line' id='line_1_27' title="bbox 2174 1281 3739 1356; baseline -0.004 -18"><span class='ocrx_word' id='word_1_170' title='bbox 2174 1285 2474 1354; x_wconf 77' lang='grc' dir='ltr'>ὲξαφθεῖσα</span> <span class='ocrx_word' id='word_1_171' title='bbox 2536 1285 2616 1355; x_wconf 84' lang='grc' dir='ltr'>τῷ</span> <span class='ocrx_word' id='word_1_172' title='bbox 2669 1285 2770 1356; x_wconf 82' lang='grc' dir='ltr'>τῆς</span> <span class='ocrx_word' id='word_1_173' title='bbox 2813 1285 3022 1354; x_wconf 79' lang='grc' dir='ltr'><strong>τροφῆς</strong></span> <span class='ocrx_word' id='word_1_174' title='bbox 3069 1285 3329 1353; x_wconf 76' lang='grc' dir='ltr'>ἀφθόνῳ,</span> <span class='ocrx_word' id='word_1_175' title='bbox 3392 1281 3638 1352; x_wconf 66' lang='grc' dir='ltr'>ἕρπουσα</span> <span class='ocrx_word' id='word_1_176' title='bbox 3681 1296 3739 1332; x_wconf 85' lang='grc' dir='ltr'><strong>τε</strong></span> 
     </span>
    </p>
   </div>
   <div class='ocr_carea' id='block_1_28' title="bbox 2176 1372 3734 1447">
    <p class='ocr_par' dir='ltr' id='par_1_28' title="bbox 2176 1372 3734 1447">
     <span class='ocr_line' id='line_1_28' title="bbox 2176 1372 3734 1447; baseline -0.006 -16"><span class='ocrx_word' id='word_1_177' title='bbox 2176 1377 2516 1446; x_wconf 79' lang='grc' dir='ltr'>ἁπανταχοῦ,</span> <span class='ocrx_word' id='word_1_178' title='bbox 2563 1379 2658 1431; x_wconf 77' lang='grc' dir='ltr'>καὶ</span> <span class='ocrx_word' id='word_1_179' title='bbox 2708 1377 3095 1447; x_wconf 74' lang='grc' dir='ltr'>συναπτομένη</span> <span class='ocrx_word' id='word_1_180' title='bbox 3131 1375 3288 1438; x_wconf 81' lang='grc' dir='ltr'>αὖθις</span> <span class='ocrx_word' id='word_1_181' title='bbox 3337 1376 3475 1446; x_wconf 79' lang='grc' dir='ltr'>πρὸς</span> <span class='ocrx_word' id='word_1_182' title='bbox 3507 1372 3734 1442; x_wconf 79' lang='grc' dir='ltr'>ἑαυτὴν,</span> 
     </span>
    </p>
   </div>
   <div class='ocr_carea' id='block_1_29' title="bbox 2177 1465 3737 1540">
    <p class='ocr_par' dir='ltr' id='par_1_29' title="bbox 2177 1465 3737 1540">
     <span class='ocr_line' id='line_1_29' title="bbox 2177 1465 3737 1540; baseline -0.003 -20"><span class='ocrx_word' id='word_1_183' title='bbox 2177 1469 2309 1540; x_wconf 88' lang='grc' dir='ltr'>μίαν</span> <span class='ocrx_word' id='word_1_184' title='bbox 2365 1471 2564 1539; x_wconf 85' lang='grc' dir='ltr'>πυρὰν,</span> <span class='ocrx_word' id='word_1_185' title='bbox 2594 1471 2669 1533; x_wconf 85' lang='grc' dir='ltr'><strong>ὡς</strong></span> <span class='ocrx_word' id='word_1_186' title='bbox 2714 1472 2914 1534; x_wconf 79' lang='grc' dir='ltr'>εἰπεῖν,</span> <span class='ocrx_word' id='word_1_187' title='bbox 2952 1469 3054 1537; x_wconf 72' lang='grc' dir='ltr'>τὴν</span> <span class='ocrx_word' id='word_1_188' title='bbox 3099 1469 3250 1521; x_wconf 88' lang='grc' dir='ltr'>πόλιν</span> <span class='ocrx_word' id='word_1_189' title='bbox 3296 1466 3518 1522; x_wconf 70' lang='grc' dir='ltr'>ἅπασαν</span> <span class='ocrx_word' id='word_1_190' title='bbox 3553 1465 3737 1516; x_wconf 59' lang='lat' dir='ltr'><strong>{misr</strong></span> 
     </span>
    </p>
   </div>
   <div class='ocr_carea' id='block_1_30' title="bbox 2176 1556 3741 1631">
    <p class='ocr_par' dir='ltr' id='par_1_30' title="bbox 2176 1556 3741 1631">
     <span class='ocr_line' id='line_1_30' title="bbox 2176 1556 3741 1631; baseline -0.004 -19"><span class='ocrx_word' id='word_1_191' title='bbox 2176 1561 2270 1612; x_wconf 72' lang='grc' dir='ltr'>καὶ</span> <span class='ocrx_word' id='word_1_192' title='bbox 2306 1560 2496 1612; x_wconf 78' lang='grc' dir='ltr'>πολλοὶ</span> <span class='ocrx_word' id='word_1_193' title='bbox 2550 1560 2629 1631; x_wconf 81' lang='grc' dir='ltr'>τῷ</span> <span class='ocrx_word' id='word_1_194' title='bbox 2672 1561 2808 1628; x_wconf 71' lang='grc' dir='ltr'>πυρὶ</span> <span class='ocrx_word' id='word_1_195' title='bbox 2864 1560 3082 1629; x_wconf 76' lang='grc' dir='ltr'>δαπάνη</span> <span class='ocrx_word' id='word_1_196' title='bbox 3136 1561 3410 1627; x_wconf 77' lang='grc' dir='ltr'>ἐγένοντο,</span> <span class='ocrx_word' id='word_1_197' title='bbox 3468 1556 3741 1620; x_wconf 81' lang='grc' dir='ltr'>ἁδιεξόδων</span> 
     </span>
    </p>
   </div>
   <div class='ocr_carea' id='block_1_31' title="bbox 2175 1647 3742 1721">
    <p class='ocr_par' dir='ltr' id='par_1_31' title="bbox 2175 1647 3742 1721">
     <span class='ocr_line' id='line_1_31' title="bbox 2175 1647 3742 1721; baseline -0.003 -18"><span class='ocrx_word' id='word_1_198' title='bbox 2175 1651 2286 1705; x_wconf 84' lang='grc' dir='ltr'><strong>τῶν</strong></span> <span class='ocrx_word' id='word_1_199' title='bbox 2321 1651 2486 1705; x_wconf 80' lang='grc' dir='ltr'>οἴκων</span> <span class='ocrx_word' id='word_1_200' title='bbox 2521 1651 2934 1721; x_wconf 87' lang='grc' dir='ltr'>γεγενημένων.</span> <span class='ocrx_word' id='word_1_201' title='bbox 2989 1651 3148 1704; x_wconf 72' lang='grc' dir='ltr'>Οὕτω</span> <span class='ocrx_word' id='word_1_202' title='bbox 3190 1651 3245 1702; x_wconf 78' lang='grc' dir='ltr'>δὲ</span> <span class='ocrx_word' id='word_1_203' title='bbox 3283 1651 3376 1703; x_wconf 74' lang='grc' dir='ltr'>τοῦ</span> <span class='ocrx_word' id='word_1_204' title='bbox 3413 1651 3553 1701; x_wconf 68' lang='grc' dir='ltr'>κατὰ</span> <span class='ocrx_word' id='word_1_205' title='bbox 3591 1647 3742 1700; x_wconf 69' lang='grc' dir='ltr'>Νικι-</span> 
     </span>
    </p>
   </div>
   <div class='ocr_carea' id='block_1_32' title="bbox 2181 1743 3742 1814">
    <p class='ocr_par' dir='ltr' id='par_1_32' title="bbox 2181 1743 3742 1814">
     <span class='ocr_line' id='line_1_32' title="bbox 2181 1743 3742 1814; baseline -0.004 -18"><span class='ocrx_word' id='word_1_206' title='bbox 2181 1744 2409 1813; x_wconf 86' lang='grc' dir='ltr'>μήδειαν</span> <span class='ocrx_word' id='word_1_207' title='bbox 2457 1745 2669 1808; x_wconf 80' lang='grc' dir='ltr'>πάθους</span> <span class='ocrx_word' id='word_1_208' title='bbox 2712 1744 2967 1814; x_wconf 73' lang='grc' dir='ltr'>ἐμποδὼν</span> <span class='ocrx_word' id='word_1_209' title='bbox 3018 1745 3126 1805; x_wconf 83' lang='grc' dir='ltr'>τοῖς</span> <span class='ocrx_word' id='word_1_210' title='bbox 3163 1743 3491 1804; x_wconf 77' lang='grc' dir='ltr'>ἐπισκόποις</span> <span class='ocrx_word' id='word_1_211' title='bbox 3521 1755 3742 1807; x_wconf 87' lang='grc' dir='ltr'>γεγενη-</span> 
     </span>
    </p>
   </div>
   <div class='ocr_carea' id='block_1_33' title="bbox 2184 1831 3744 1906">
    <p class='ocr_par' dir='ltr' id='par_1_33' title="bbox 2184 1831 3744 1906">
     <span class='ocr_line' id='line_1_33' title="bbox 2184 1831 3744 1906; baseline -0.005 -18"><span class='ocrx_word' id='word_1_212' title='bbox 2184 1835 2371 1905; x_wconf 79' lang='grc' dir='ltr'>μένου,</span> <span class='ocrx_word' id='word_1_213' title='bbox 2429 1837 2647 1905; x_wconf 83' lang='grc' dir='ltr'>πρῶτον</span> <span class='ocrx_word' id='word_1_214' title='bbox 2705 1836 2807 1905; x_wconf 79' lang='grc' dir='ltr'>μὲν</span> <span class='ocrx_word' id='word_1_215' title='bbox 2858 1835 3072 1906; x_wconf 81' lang='grc' dir='ltr'>βασιλεῖ</span> <span class='ocrx_word' id='word_1_216' title='bbox 3125 1833 3299 1886; x_wconf 83' lang='grc' dir='ltr'>ἐδόκει</span> <span class='ocrx_word' id='word_1_217' title='bbox 3345 1833 3493 1886; x_wconf 78' lang='grc' dir='ltr'>κατὰ</span> <span class='ocrx_word' id='word_1_218' title='bbox 3522 1831 3744 1884; x_wconf 82' lang='grc' dir='ltr'>Νίκαιαν</span> 
     </span>
    </p>
   </div>
   <div class='ocr_carea' id='block_1_34' title="bbox 494 1901 2082 1998">
    <p class='ocr_par' dir='ltr' id='par_1_34' title="bbox 494 1901 2072 1985">
     <span class='ocr_line' id='line_1_34' title="bbox 494 1901 2072 1985; baseline 0.003 -16"><span class='ocrx_word' id='word_1_219' title='bbox 494 1901 548 1970; x_wconf 64' lang='grc' dir='ltr'><strong>σῙι</strong></span> <span class='ocrx_word' id='word_1_220' title='bbox 589 1918 910 1980; x_wconf 88' lang='lat' dir='ltr'><strong>sarmentis,</strong></span> <span class='ocrx_word' id='word_1_221' title='bbox 959 1927 1020 1973; x_wconf 90' lang='lat' dir='ltr'><strong>ut</strong></span> <span class='ocrx_word' id='word_1_222' title='bbox 1069 1917 1184 1971; x_wconf 83' lang='lat' dir='ltr'><strong>fieri</strong></span> <span class='ocrx_word' id='word_1_223' title='bbox 1229 1918 1390 1984; x_wconf 89' lang='lat' dir='ltr'><strong>solet,</strong></span> <span class='ocrx_word' id='word_1_224' title='bbox 1443 1918 1494 1973; x_wconf 88' lang='lat' dir='ltr'><strong>ei</strong></span> <span class='ocrx_word' id='word_1_225' title='bbox 1539 1919 1819 1985; x_wconf 87' lang='lat' dir='ltr'><strong>admistis,</strong></span> <span class='ocrx_word' id='word_1_226' title='bbox 1855 1919 2072 1974; x_wconf 88' lang='lat' dir='ltr'><strong>tabula-</strong></span> 
     </span>
    </p>
   </div>
   <div class='ocr_carea' id='block_1_35' title="bbox 2187 1901 3747 1998">
    <p class='ocr_par' dir='ltr' id='par_1_35' title="bbox 2187 1901 3747 1998">
     <span class='ocr_line' id='line_1_35' title="bbox 2187 1901 3747 1998; baseline -0.004 -18"><span class='ocrx_word' id='word_1_227' title='bbox 2187 1901 2344 1980; x_wconf 73' lang='grc' dir='ltr'>πάλιν</span> <span class='ocrx_word' id='word_1_228' title='bbox 2378 1901 2632 1996; x_wconf 72' lang='grc' dir='ltr'>γενέσθαι</span> <span class='ocrx_word' id='word_1_229' title='bbox 2679 1901 2782 1998; x_wconf 76' lang='grc' dir='ltr'>τὴν</span> <span class='ocrx_word' id='word_1_230' title='bbox 2833 1901 3073 1982; x_wconf 81' lang='grc' dir='ltr'>σύνοδον.</span> <span class='ocrx_word' id='word_1_231' title='bbox 3116 1929 3228 1980; x_wconf 70' lang='grc' dir='ltr'><strong>Καὶ</strong></span> <span class='ocrx_word' id='word_1_232' title='bbox 3255 1926 3429 1996; x_wconf 82' lang='grc' dir='ltr'>πολλῇ</span> <span class='ocrx_word' id='word_1_233' title='bbox 3464 1925 3578 1986; x_wconf 79' lang='grc' dir='ltr'>τοῖς</span> <span class='ocrx_word' id='word_1_234' title='bbox 3613 1924 3747 1992; x_wconf 68' lang='grc' dir='ltr'>ἀμφὶ</span> 
     </span>
    </p>
   </div>
   <div class='ocr_carea' id='block_1_36' title="bbox 495 2011 2082 2088">
    <p class='ocr_par' dir='ltr' id='par_1_36' title="bbox 495 2011 2065 2081">
     <span class='ocr_line' id='line_1_36' title="bbox 495 2011 2065 2081; baseline 0.003 -20"><span class='ocrx_word' id='word_1_235' title='bbox 495 2011 673 2080; x_wconf 74' lang='lat' dir='ltr'><strong>iisque</strong></span> <span class='ocrx_word' id='word_1_236' title='bbox 701 2012 936 2066; x_wconf 81' lang='lat' dir='ltr'><strong>resinam</strong></span> <span class='ocrx_word' id='word_1_237' title='bbox 971 2012 1396 2076; x_wconf 75' lang='lat' dir='ltr'><strong>exsudantibus,</strong></span> <span class='ocrx_word' id='word_1_238' title='bbox 1428 2022 1486 2068; x_wconf 90' lang='lat' dir='ltr'><strong>et</strong></span> <span class='ocrx_word' id='word_1_239' title='bbox 1532 2011 1598 2066; x_wconf 90' lang='lat' dir='ltr'><strong>ad</strong></span> <span class='ocrx_word' id='word_1_240' title='bbox 1630 2011 2065 2081; x_wconf 87' lang='lat' dir='ltr'><strong>concipiendum</strong></span> 
     </span>
    </p>
   </div>
   <div class='ocr_carea' id='block_1_37' title="bbox 2187 2011 3746 2088">
    <p class='ocr_par' dir='ltr' id='par_1_37' title="bbox 2187 2016 3746 2088">
     <span class='ocr_line' id='line_1_37' title="bbox 2187 2016 3746 2088; baseline -0.003 -16"><span class='ocrx_word' id='word_1_241' title='bbox 2187 2019 2458 2073; x_wconf 77' lang='grc' dir='ltr'>Βασίλειον</span> <span class='ocrx_word' id='word_1_242' title='bbox 2488 2021 2616 2087; x_wconf 80' lang='grc' dir='ltr'>περὶ</span> <span class='ocrx_word' id='word_1_243' title='bbox 2659 2022 2853 2075; x_wconf 87' lang='grc' dir='ltr'>τούτου</span> <span class='ocrx_word' id='word_1_244' title='bbox 2891 2020 3082 2088; x_wconf 79' lang='grc' dir='ltr'>σκέψις</span> <span class='ocrx_word' id='word_1_245' title='bbox 3121 2019 3360 2087; x_wconf 72' lang='grc' dir='ltr'>ἐγίνετο.</span> <span class='ocrx_word' id='word_1_246' title='bbox 3408 2016 3746 2070; x_wconf 81' lang='grc' dir='ltr'>Ἀνεϐάλλον-</span> 
     </span>
    </p>
   </div>
   <div class='ocr_carea' id='block_1_38' title="bbox 495 2103 2082 2184">
    <p class='ocr_par' dir='ltr' id='par_1_38' title="bbox 495 2103 2072 2174">
     <span class='ocr_line' id='line_1_38' title="bbox 495 2103 2072 2174; baseline 0.001 -18"><span class='ocrx_word' id='word_1_247' title='bbox 495 2103 1022 2172; x_wconf 79' lang='lat' dir='ltr'><strong>prepagandumque</strong></span> <span class='ocrx_word' id='word_1_248' title='bbox 1068 2104 1250 2174; x_wconf 81' lang='lat' dir='ltr'><strong>ignem</strong></span> <span class='ocrx_word' id='word_1_249' title='bbox 1301 2103 1614 2158; x_wconf 85' lang='lat' dir='ltr'><strong>commodis</strong></span> <span class='ocrx_word' id='word_1_250' title='bbox 1663 2113 1824 2158; x_wconf 90' lang='lat' dir='ltr'><strong>aucta</strong></span> <span class='ocrx_word' id='word_1_251' title='bbox 1853 2145 1866 2168; x_wconf 96' lang='lat'><strong>,</strong></span> <span class='ocrx_word' id='word_1_252' title='bbox 1921 2111 2072 2158; x_wconf 89' lang='lat' dir='ltr'><strong>tanta</strong></span> 
     </span>
    </p>
   </div>
   <div class='ocr_carea' id='block_1_39' title="bbox 2187 2103 3749 2184">
    <p class='ocr_par' dir='ltr' id='par_1_39' title="bbox 2187 2109 3749 2184">
     <span class='ocr_line' id='line_1_39' title="bbox 2187 2109 3749 2184; baseline -0.003 -19"><span class='ocrx_word' id='word_1_253' title='bbox 2187 2130 2235 2165; x_wconf 83' lang='lat' dir='ltr'><strong>ro</strong></span> <span class='ocrx_word' id='word_1_254' title='bbox 2270 2113 2318 2165; x_wconf 87' lang='grc' dir='ltr'>δ’</span> <span class='ocrx_word' id='word_1_255' title='bbox 2361 2115 2418 2164; x_wconf 74' lang='grc' dir='ltr'>ὲν</span> <span class='ocrx_word' id='word_1_256' title='bbox 2452 2114 2662 2184; x_wconf 79' lang='grc' dir='ltr'>Νικαίᾳ</span> <span class='ocrx_word' id='word_1_257' title='bbox 2687 2155 2700 2177; x_wconf 85' lang='grc'><strong>,</strong></span> <span class='ocrx_word' id='word_1_258' title='bbox 2735 2116 2840 2167; x_wconf 79' lang='grc' dir='ltr'><strong>ὑπὸ</strong></span> <span class='ocrx_word' id='word_1_259' title='bbox 2875 2113 3121 2183; x_wconf 73' lang='grc' dir='ltr'>σεισμῶν</span> <span class='ocrx_word' id='word_1_260' title='bbox 3153 2113 3567 2182; x_wconf 82' lang='grc' dir='ltr'>τεταραγμένου</span> <span class='ocrx_word' id='word_1_261' title='bbox 3596 2109 3749 2178; x_wconf 84' lang='grc' dir='ltr'>δῆθεν</span> 
     </span>
    </p>
   </div>
   <div class='ocr_carea' id='block_1_40' title="bbox 491 2196 2082 2273">
    <p class='ocr_par' dir='ltr' id='par_1_40' title="bbox 491 2196 2073 2266">
     <span class='ocr_line' id='line_1_40' title="bbox 491 2196 2073 2266; baseline 0.001 -18"><span class='ocrx_word' id='word_1_262' title='bbox 491 2196 745 2250; x_wconf 72' lang='lat' dir='ltr'><strong>alimenti</strong></span> <span class='ocrx_word' id='word_1_263' title='bbox 781 2197 940 2265; x_wconf 83' lang='lat' dir='ltr'><strong>capia</strong></span> <span class='ocrx_word' id='word_1_264' title='bbox 979 2197 1034 2250; x_wconf 91' lang='lat' dir='ltr'><strong>in</strong></span> <span class='ocrx_word' id='word_1_265' title='bbox 1074 2208 1260 2264; x_wconf 89' lang='lat' dir='ltr'><strong>partes</strong></span> <span class='ocrx_word' id='word_1_266' title='bbox 1290 2211 1485 2251; x_wconf 90' lang='lat' dir='ltr'><strong>omnes</strong></span> <span class='ocrx_word' id='word_1_267' title='bbox 1516 2211 1874 2266; x_wconf 86' lang='lat' dir='ltr'><strong>proserpens,</strong></span> <span class='ocrx_word' id='word_1_268' title='bbox 1915 2206 1971 2250; x_wconf 92' lang='lat' dir='ltr'><strong>et</strong></span> <span class='ocrx_word' id='word_1_269' title='bbox 2005 2197 2073 2251; x_wconf 91' lang='lat' dir='ltr'><strong>ad</strong></span> 
     </span>
    </p>
   </div>
   <div class='ocr_carea' id='block_1_41' title="bbox 2187 2196 3746 2273">
    <p class='ocr_par' dir='ltr' id='par_1_41' title="bbox 2187 2197 3746 2273">
     <span class='ocr_line' id='line_1_41' title="bbox 2187 2197 3746 2273; baseline -0.006 -16"><span class='ocrx_word' id='word_1_270' title='bbox 2187 2205 2268 2258; x_wconf 74' lang='grc' dir='ltr'>τοῦ</span> <span class='ocrx_word' id='word_1_271' title='bbox 2323 2204 2532 2266; x_wconf 72' lang='grc' dir='ltr'>ἔθνους.</span> <span class='ocrx_word' id='word_1_272' title='bbox 2572 2205 2681 2256; x_wconf 70' lang='grc' dir='ltr'><strong>Καὶ</strong></span> <span class='ocrx_word' id='word_1_273' title='bbox 2735 2205 2912 2258; x_wconf 72' lang='grc' dir='ltr'>ἐδόκει</span> <span class='ocrx_word' id='word_1_274' title='bbox 2950 2207 3064 2266; x_wconf 81' lang='grc' dir='ltr'>τοῖς</span> <span class='ocrx_word' id='word_1_275' title='bbox 3104 2204 3230 2273; x_wconf 70' lang='grc' dir='ltr'>περὶ</span> <span class='ocrx_word' id='word_1_276' title='bbox 3281 2201 3631 2273; x_wconf 72' lang='grc' dir='ltr'>’Λρεθούσιον</span> <span class='ocrx_word' id='word_1_277' title='bbox 3658 2197 3746 2250; x_wconf 76' lang='grc' dir='ltr'><strong>καὶ</strong></span> 
     </span>
    </p>
   </div>
   <div class='ocr_carea' id='block_1_42' title="bbox 494 2288 2074 2359">
    <p class='ocr_par' dir='ltr' id='par_1_42' title="bbox 494 2288 2074 2359">
     <span class='ocr_line' id='line_1_42' title="bbox 494 2288 2074 2359; baseline -0.001 -17"><span class='ocrx_word' id='word_1_278' title='bbox 494 2288 734 2358; x_wconf 84' lang='lat' dir='ltr'><strong>seipsam</strong></span> <span class='ocrx_word' id='word_1_279' title='bbox 785 2303 1092 2353; x_wconf 90' lang='lat' dir='ltr'><strong>revertens,</strong></span> <span class='ocrx_word' id='word_1_280' title='bbox 1127 2291 1316 2353; x_wconf 38' lang='lat' dir='ltr'><strong>.veluti</strong></span> <span class='ocrx_word' id='word_1_281' title='bbox 1368 2304 1537 2343; x_wconf 89' lang='lat' dir='ltr'><strong>unum</strong></span> <span class='ocrx_word' id='word_1_282' title='bbox 1599 2289 1686 2359; x_wconf 94' lang='lat' dir='ltr'><strong>(ut</strong></span> <span class='ocrx_word' id='word_1_283' title='bbox 1736 2289 1812 2342; x_wconf 88' lang='lat' dir='ltr'><strong>ita</strong></span> <span class='ocrx_word' id='word_1_284' title='bbox 1867 2289 2074 2354; x_wconf 82' lang='lat' dir='ltr'><strong>dicam)</strong></span> 
     </span>
    </p>
   </div>
   <div class='ocr_carea' id='block_1_43' title="bbox 495 2381 2075 2452">
    <p class='ocr_par' dir='ltr' id='par_1_43' title="bbox 495 2381 2075 2452">
     <span class='ocr_line' id='line_1_43' title="bbox 495 2381 2075 2452; baseline -0.001 -16"><span class='ocrx_word' id='word_1_285' title='bbox 495 2384 782 2438; x_wconf 74' lang='lat' dir='ltr'><strong>ardentem</strong></span> <span class='ocrx_word' id='word_1_286' title='bbox 831 2398 1024 2452; x_wconf 80' lang='lat' dir='ltr'><strong>rogum</strong></span> <span class='ocrx_word' id='word_1_287' title='bbox 1065 2383 1259 2437; x_wconf 89' lang='lat' dir='ltr'><strong>urbem</strong></span> <span class='ocrx_word' id='word_1_288' title='bbox 1305 2383 1481 2452; x_wconf 85' lang='lat' dir='ltr'><strong>ipsam</strong></span> <span class='ocrx_word' id='word_1_289' title='bbox 1515 2381 1799 2437; x_wconf 77' lang='lat' dir='ltr'><strong>effecerat.</strong></span> <span class='ocrx_word' id='word_1_290' title='bbox 1834 2381 1954 2448; x_wconf 86' lang='lat' dir='ltr'><strong>Quo</strong></span> <span class='ocrx_word' id='word_1_291' title='bbox 1992 2383 2075 2435; x_wconf 84' lang='lat' dir='ltr'><strong>in-</strong></span> 
     </span>
    </p>
   </div>
   <div class='ocr_carea' id='block_1_44' title="bbox 496 2475 2074 2544">
    <p class='ocr_par' dir='ltr' id='par_1_44' title="bbox 496 2475 2074 2544">
     <span class='ocr_line' id='line_1_44' title="bbox 496 2475 2074 2544; baseline 0 -16"><span class='ocrx_word' id='word_1_292' title='bbox 496 2476 716 2541; x_wconf 89' lang='lat' dir='ltr'><strong>cendio,</strong></span> <span class='ocrx_word' id='word_1_293' title='bbox 760 2476 908 2544; x_wconf 89' lang='lat' dir='ltr'><strong>quod</strong></span> <span class='ocrx_word' id='word_1_294' title='bbox 959 2489 1026 2529; x_wconf 84' lang='lat' dir='ltr'><strong>ex</strong></span> <span class='ocrx_word' id='word_1_295' title='bbox 1072 2475 1288 2530; x_wconf 70' lang='lat' dir='ltr'><strong>aedibus</strong></span> <span class='ocrx_word' id='word_1_296' title='bbox 1345 2477 1617 2531; x_wconf 87' lang='lat' dir='ltr'><strong>transitus</strong></span> <span class='ocrx_word' id='word_1_297' title='bbox 1672 2491 1781 2528; x_wconf 89' lang='lat' dir='ltr'><strong>non</strong></span> <span class='ocrx_word' id='word_1_298' title='bbox 1833 2483 2074 2544; x_wconf 87' lang='lat' dir='ltr'><strong>pateret,</strong></span> 
     </span>
    </p>
   </div>
   <div class='ocr_carea' id='block_1_45' title="bbox 499 2567 2079 2638">
    <p class='ocr_par' dir='ltr' id='par_1_45' title="bbox 499 2567 2079 2638">
     <span class='ocr_line' id='line_1_45' title="bbox 499 2567 2079 2638; baseline 0.001 -19"><span class='ocrx_word' id='word_1_299' title='bbox 499 2567 654 2620; x_wconf 86' lang='lat' dir='ltr'><strong>multi</strong></span> <span class='ocrx_word' id='word_1_300' title='bbox 691 2574 822 2622; x_wconf 90' lang='lat' dir='ltr'><strong>sunt</strong></span> <span class='ocrx_word' id='word_1_301' title='bbox 855 2569 1194 2637; x_wconf 75' lang='lat' dir='ltr'><strong>consumpti.</strong></span> <span class='ocrx_word' id='word_1_302' title='bbox 1229 2568 1298 2622; x_wconf 85' lang='lat' dir='ltr'><strong>Et</strong></span> <span class='ocrx_word' id='word_1_303' title='bbox 1328 2569 1594 2638; x_wconf 89' lang='lat' dir='ltr'><strong>quoniam</strong></span> <span class='ocrx_word' id='word_1_304' title='bbox 1627 2567 2079 2622; x_wconf 88' lang='lat' dir='ltr'><strong>Nieomediensis</strong></span> 
     </span>
    </p>
   </div>
   <div class='ocr_carea' id='block_1_46' title="bbox 498 2661 2078 2731">
    <p class='ocr_par' dir='ltr' id='par_1_46' title="bbox 498 2661 2078 2731">
     <span class='ocr_line' id='line_1_46' title="bbox 498 2661 2078 2731; baseline 0.001 -18"><span class='ocrx_word' id='word_1_305' title='bbox 498 2675 663 2716; x_wconf 83' lang='lat' dir='ltr'><strong>casus</strong></span> <span class='ocrx_word' id='word_1_306' title='bbox 689 2661 1086 2730; x_wconf 83' lang='lat' dir='ltr'><strong>episcoporum</strong></span> <span class='ocrx_word' id='word_1_307' title='bbox 1113 2671 1455 2717; x_wconf 80' lang='lat' dir='ltr'><strong>conventum</strong></span> <span class='ocrx_word' id='word_1_308' title='bbox 1503 2661 1925 2725; x_wconf 81' lang='lat' dir='ltr'><strong>interturbavit,</strong></span> <span class='ocrx_word' id='word_1_309' title='bbox 1964 2663 2078 2731; x_wconf 91' lang='lat' dir='ltr'><strong>pri-</strong></span> 
     </span>
    </p>
   </div>
   <div class='ocr_carea' id='block_1_47' title="bbox 499 2754 2082 2824">
    <p class='ocr_par' dir='ltr' id='par_1_47' title="bbox 499 2754 2082 2824">
     <span class='ocr_line' id='line_1_47' title="bbox 499 2754 2082 2824; baseline 0.003 -19"><span class='ocrx_word' id='word_1_310' title='bbox 499 2768 650 2806; x_wconf 88' lang='lat' dir='ltr'><strong>mmn</strong></span> <span class='ocrx_word' id='word_1_311' title='bbox 693 2754 920 2823; x_wconf 80' lang='lat' dir='ltr'><strong>quidem</strong></span> <span class='ocrx_word' id='word_1_312' title='bbox 972 2755 1320 2824; x_wconf 85' lang='lat' dir='ltr'><strong>imperatori,</strong></span> <span class='ocrx_word' id='word_1_313' title='bbox 1353 2763 1411 2808; x_wconf 81' lang='lat' dir='ltr'><strong>ut</strong></span> <span class='ocrx_word' id='word_1_314' title='bbox 1453 2755 1648 2810; x_wconf 61' lang='lat' dir='ltr'><strong>Nicmm</strong></span> <span class='ocrx_word' id='word_1_315' title='bbox 1695 2770 1916 2810; x_wconf 86' lang='lat' dir='ltr'><strong>rursum</strong></span> <span class='ocrx_word' id='word_1_316' title='bbox 1947 2770 2082 2810; x_wconf 87' lang='lat' dir='ltr'><strong>eon-</strong></span> 
     </span>
    </p>
   </div>
   <div class='ocr_carea' id='block_1_48' title="bbox 498 2846 2081 2916">
    <p class='ocr_par' dir='ltr' id='par_1_48' title="bbox 498 2846 2081 2916">
     <span class='ocr_line' id='line_1_48' title="bbox 498 2846 2081 2916; baseline 0 -17"><span class='ocrx_word' id='word_1_317' title='bbox 498 2856 887 2916; x_wconf 72' lang='lat' dir='ltr'><strong>gregarentur,</strong></span> <span class='ocrx_word' id='word_1_318' title='bbox 935 2847 1169 2916; x_wconf 85' lang='lat' dir='ltr'><strong>placuit.</strong></span> <span class='ocrx_word' id='word_1_319' title='bbox 1212 2847 1450 2902; x_wconf 84' lang='lat' dir='ltr'><strong>Basilius</strong></span> <span class='ocrx_word' id='word_1_320' title='bbox 1494 2856 1680 2901; x_wconf 87' lang='lat' dir='ltr'><strong>autem</strong></span> <span class='ocrx_word' id='word_1_321' title='bbox 1723 2846 1792 2901; x_wconf 86' lang='lat' dir='ltr'><strong>de</strong></span> <span class='ocrx_word' id='word_1_322' title='bbox 1842 2861 1909 2900; x_wconf 89' lang='lat' dir='ltr'><strong>eo</strong></span> <span class='ocrx_word' id='word_1_323' title='bbox 1957 2846 2081 2900; x_wconf 90' lang='lat' dir='ltr'><strong>loco</strong></span> 
     </span>
    </p>
   </div>
   <div class='ocr_carea' id='block_1_49' title="bbox 499 2938 2080 3008">
    <p class='ocr_par' dir='ltr' id='par_1_49' title="bbox 499 2938 2080 3008">
     <span class='ocr_line' id='line_1_49' title="bbox 499 2938 2080 3008; baseline -0.001 -15"><span class='ocrx_word' id='word_1_324' title='bbox 499 2939 594 2993; x_wconf 91' lang='lat' dir='ltr'><strong>diu</strong></span> <span class='ocrx_word' id='word_1_325' title='bbox 626 2939 975 3008; x_wconf 84' lang='lat' dir='ltr'><strong>multumque</strong></span> <span class='ocrx_word' id='word_1_326' title='bbox 1000 2939 1355 2995; x_wconf 80' lang='lat' dir='ltr'><strong>deliberavit.</strong></span> <span class='ocrx_word' id='word_1_327' title='bbox 1383 2939 1450 2992; x_wconf 86' lang='lat' dir='ltr'><strong>Et</strong></span> <span class='ocrx_word' id='word_1_328' title='bbox 1472 2939 1553 2994; x_wconf 89' lang='lat' dir='ltr'><strong>sic</strong></span> <span class='ocrx_word' id='word_1_329' title='bbox 1585 2939 1642 2992; x_wconf 90' lang='lat' dir='ltr'><strong>in</strong></span> <span class='ocrx_word' id='word_1_330' title='bbox 1674 2938 1810 2994; x_wconf 87' lang='lat' dir='ltr'><strong>urbe</strong></span> <span class='ocrx_word' id='word_1_331' title='bbox 1836 2939 2080 3004; x_wconf 66' lang='lat' dir='ltr'><strong>Nicaea,</strong></span> 
     </span>
    </p>
   </div>
   <div class='ocr_carea' id='block_1_50' title="bbox 498 3033 2083 3104">
    <p class='ocr_par' dir='ltr' id='par_1_50' title="bbox 498 3033 2083 3104">
     <span class='ocr_line' id='line_1_50' title="bbox 498 3033 2083 3104; baseline -0.001 -14"><span class='ocrx_word' id='word_1_332' title='bbox 498 3036 706 3104; x_wconf 81' lang='lat' dir='ltr'><strong>pepulo</strong></span> <span class='ocrx_word' id='word_1_333' title='bbox 744 3034 820 3088; x_wconf 87' lang='lat' dir='ltr'><strong>ibi</strong></span> <span class='ocrx_word' id='word_1_334' title='bbox 852 3037 1003 3088; x_wconf 88' lang='lat' dir='ltr'><strong>omni</strong></span> <span class='ocrx_word' id='word_1_335' title='bbox 1031 3043 1352 3090; x_wconf 79' lang='lat' dir='ltr'><strong>tememotn</strong></span> <span class='ocrx_word' id='word_1_336' title='bbox 1369 3034 1728 3101; x_wconf 88' lang='lat' dir='ltr'><strong>conturbato,</strong></span> <span class='ocrx_word' id='word_1_337' title='bbox 1753 3033 2083 3089; x_wconf 86' lang='lat' dir='ltr'><strong>deliberatio</strong></span> 
     </span>
    </p>
   </div>
   <div class='ocr_carea' id='block_1_51' title="bbox 498 3125 2082 3196">
    <p class='ocr_par' dir='ltr' id='par_1_51' title="bbox 498 3125 2082 3196">
     <span class='ocr_line' id='line_1_51' title="bbox 498 3125 2082 3196; baseline 0 -16"><span class='ocrx_word' id='word_1_338' title='bbox 498 3127 764 3181; x_wconf 80' lang='lat' dir='ltr'><strong>haerebat.</strong></span> <span class='ocrx_word' id='word_1_339' title='bbox 815 3127 979 3196; x_wconf 76' lang='lat'><strong>772</strong></span> <span class='ocrx_word' id='word_1_340' title='bbox 1028 3125 1204 3180; x_wconf 88' lang='lat' dir='ltr'><strong>Porro</strong></span> <span class='ocrx_word' id='word_1_341' title='bbox 1253 3126 1436 3182; x_wconf 86' lang='lat' dir='ltr'><strong>Marco</strong></span> <span class='ocrx_word' id='word_1_342' title='bbox 1487 3127 1814 3192; x_wconf 86' lang='lat' dir='ltr'><strong>Arethusio,</strong></span> <span class='ocrx_word' id='word_1_343' title='bbox 1843 3125 2082 3193; x_wconf 67' lang='lat' dir='ltr'><strong>Georgio</strong></span> 
     </span>
    </p>
   </div>
   <div class='ocr_carea' id='block_1_52' title="bbox 2176 2289 3747 2365">
    <p class='ocr_par' dir='ltr' id='par_1_52' title="bbox 2176 2289 3747 2365">
     <span class='ocr_line' id='line_1_52' title="bbox 2176 2289 3747 2365; baseline -0.004 -17"><span class='ocrx_word' id='word_1_344' title='bbox 2176 2297 2265 2348; x_wconf 61' lang='grc' dir='ltr'><strong>τὸν</strong></span> <span class='ocrx_word' id='word_1_345' title='bbox 2310 2294 2720 2365; x_wconf 77' lang='grc' dir='ltr'>Ἀλεξανδρείας</span> <span class='ocrx_word' id='word_1_346' title='bbox 2749 2295 3042 2364; x_wconf 84' lang='grc' dir='ltr'>Γεώργιον,</span> <span class='ocrx_word' id='word_1_347' title='bbox 3075 2294 3360 2346; x_wconf 77' lang='grc' dir='ltr'>Βασίλειον</span> <span class='ocrx_word' id='word_1_348' title='bbox 3407 2309 3465 2344; x_wconf 83' lang='grc' dir='ltr'><strong>τε</strong></span> <span class='ocrx_word' id='word_1_349' title='bbox 3500 2293 3590 2343; x_wconf 67' lang='grc' dir='ltr'>τὸν</span> <span class='ocrx_word' id='word_1_350' title='bbox 3630 2289 3747 2353; x_wconf 76' lang='grc' dir='ltr'><strong>Ἀγ-</strong></span> 
     </span>
    </p>
   </div>
   <div class='ocr_carea' id='block_1_53' title="bbox 2178 2385 3748 2459">
    <p class='ocr_par' dir='ltr' id='par_1_53' title="bbox 2178 2385 3748 2459">
     <span class='ocr_line' id='line_1_53' title="bbox 2178 2385 3748 2459; baseline -0.006 -17"><span class='ocrx_word' id='word_1_351' title='bbox 2178 2389 2350 2457; x_wconf 82' lang='grc' dir='ltr'>κύρας</span> <span class='ocrx_word' id='word_1_352' title='bbox 2383 2388 2688 2455; x_wconf 82' lang='grc' dir='ltr'>τηνικαῦτα</span> <span class='ocrx_word' id='word_1_353' title='bbox 2716 2391 2812 2441; x_wconf 70' lang='grc' dir='ltr'>σὺν</span> <span class='ocrx_word' id='word_1_354' title='bbox 2844 2389 2920 2458; x_wconf 83' lang='grc' dir='ltr'>τῷ</span> <span class='ocrx_word' id='word_1_355' title='bbox 2949 2389 3158 2459; x_wconf 76' lang='grc' dir='ltr'>βασιλεῖ</span> <span class='ocrx_word' id='word_1_356' title='bbox 3183 2389 3239 2439; x_wconf 85' lang='grc' dir='ltr'>ὲν</span> <span class='ocrx_word' id='word_1_357' title='bbox 3265 2387 3483 2457; x_wconf 85' lang='grc' dir='ltr'>Σιρμίῳ</span> <span class='ocrx_word' id='word_1_358' title='bbox 3513 2385 3748 2450; x_wconf 75' lang='grc' dir='ltr'>διάγουσι</span> 
     </span>
    </p>
   </div>
   <div class='ocr_carea' id='block_1_54' title="bbox 2181 2461 3749 2551">
    <p class='ocr_par' dir='ltr' id='par_1_54' title="bbox 2181 2461 3749 2551">
     <span class='ocr_line' id='line_1_54' title="bbox 2181 2461 3749 2551; baseline -0.006 -18"><span class='ocrx_word' id='word_1_359' title='bbox 2181 2482 2310 2550; x_wconf 75' lang='grc' dir='ltr'>περὶ</span> <span class='ocrx_word' id='word_1_360' title='bbox 2371 2481 2590 2551; x_wconf 77' lang='grc' dir='ltr'>Ταρσὸν</span> <span class='ocrx_word' id='word_1_361' title='bbox 2645 2481 2746 2549; x_wconf 78' lang='grc' dir='ltr'>τῆς</span> <span class='ocrx_word' id='word_1_362' title='bbox 2809 2479 3083 2542; x_wconf 78' lang='grc' dir='ltr'><strong>Κιλικίας.</strong></span> <span class='ocrx_word' id='word_1_363' title='bbox 3133 2480 3219 2543; x_wconf 82' lang='grc' dir='ltr'>Ὠς</span> <span class='ocrx_word' id='word_1_364' title='bbox 3324 2479 3386 2531; x_wconf 77' lang='grc' dir='ltr'>δὲ</span> <span class='ocrx_word' id='word_1_365' title='bbox 3461 2480 3552 2531; x_wconf 82' lang='grc' dir='ltr'>καὶ</span> <span class='ocrx_word' id='word_1_366' title='bbox 3605 2461 3749 2528; x_wconf 83' lang='grc' dir='ltr'>τοῦτο</span> 
     </span>
    </p>
   </div>
   <div class='ocr_carea' id='block_1_55' title="bbox 2183 2565 3748 2643">
    <p class='ocr_par' dir='ltr' id='par_1_55' title="bbox 2183 2565 3748 2643">
     <span class='ocr_line' id='line_1_55' title="bbox 2183 2565 3748 2643; baseline -0.008 -18"><span class='ocrx_word' id='word_1_367' title='bbox 2183 2573 2259 2643; x_wconf 83' lang='grc' dir='ltr'>μὴ</span> <span class='ocrx_word' id='word_1_368' title='bbox 2320 2573 2599 2641; x_wconf 62' lang='grc' dir='ltr'>προσῆκον</span> <span class='ocrx_word' id='word_1_369' title='bbox 2652 2571 2869 2637; x_wconf 70' lang='grc' dir='ltr'>ἐδόκει,</span> <span class='ocrx_word' id='word_1_370' title='bbox 2921 2570 3184 2640; x_wconf 71' lang='grc' dir='ltr'>ὡρίζοντό</span> <span class='ocrx_word' id='word_1_371' title='bbox 3234 2572 3366 2638; x_wconf 58' lang='grc' dir='ltr'><strong>περὶ⁵</strong></span> <span class='ocrx_word' id='word_1_372' title='bbox 3441 2565 3748 2619; x_wconf 84' lang='grc' dir='ltr'>Σελεύκειαν</span> 
     </span>
    </p>
   </div>
   <div class='ocr_carea' id='block_1_56' title="bbox 2178 2653 3749 2734">
    <p class='ocr_par' dir='ltr' id='par_1_56' title="bbox 2178 2653 3749 2734">
     <span class='ocr_line' id='line_1_56' title="bbox 2178 2653 3749 2734; baseline -0.007 -16"><span class='ocrx_word' id='word_1_373' title='bbox 2178 2665 2278 2734; x_wconf 83' lang='grc' dir='ltr'>τῆς</span> <span class='ocrx_word' id='word_1_374' title='bbox 2326 2664 2608 2734; x_wconf 85' lang='grc' dir='ltr'>Ίσαυρίας</span> <span class='ocrx_word' id='word_1_375' title='bbox 2638 2653 2899 2730; x_wconf 72' lang='grc' dir='ltr'>γενέσθαι</span> <span class='ocrx_word' id='word_1_376' title='bbox 2935 2663 3035 2734; x_wconf 78' lang='grc' dir='ltr'>τὴν</span> <span class='ocrx_word' id='word_1_377' title='bbox 3085 2662 3325 2715; x_wconf 78' lang='grc' dir='ltr'>σύνοδον.</span> <span class='ocrx_word' id='word_1_378' title='bbox 3360 2659 3581 2714; x_wconf 81' lang='grc' dir='ltr'><strong>Τούτων</strong></span> <span class='ocrx_word' id='word_1_379' title='bbox 3620 2656 3749 2708; x_wconf 80' lang='grc' dir='ltr'>οὕτω</span> 
     </span>
    </p>
   </div>
   <div class='ocr_carea' id='block_1_57' title="bbox 2181 2744 3752 2824">
    <p class='ocr_par' dir='ltr' id='par_1_57' title="bbox 2181 2744 3752 2824">
     <span class='ocr_line' id='line_1_57' title="bbox 2181 2744 3752 2824; baseline -0.007 -16"><span class='ocrx_word' id='word_1_380' title='bbox 2181 2755 2456 2820; x_wconf 78' lang='grc' dir='ltr'>δοξάντων</span> <span class='ocrx_word' id='word_1_381' title='bbox 2489 2793 2505 2818; x_wconf 84' lang='grc'><strong>,</strong></span> <span class='ocrx_word' id='word_1_382' title='bbox 2550 2755 2674 2807; x_wconf 73' lang='grc' dir='ltr'>ἐπεὶ</span> <span class='ocrx_word' id='word_1_383' title='bbox 2729 2753 2990 2824; x_wconf 83' lang='grc' dir='ltr'>παρῆσαν</span> <span class='ocrx_word' id='word_1_384' title='bbox 3044 2755 3165 2806; x_wconf 75' lang='grc' dir='ltr'>ἐκεῖ</span> <span class='ocrx_word' id='word_1_385' title='bbox 3212 2755 3313 2809; x_wconf 78' lang='grc' dir='ltr'>καὶ</span> <span class='ocrx_word' id='word_1_386' title='bbox 3353 2753 3403 2805; x_wconf 81' lang='lat' dir='ltr'><strong>oi</strong></span> <span class='ocrx_word' id='word_1_387' title='bbox 3450 2748 3595 2820; x_wconf 74' lang='grc' dir='ltr'><strong>ἀμφὶ</strong></span> <span class='ocrx_word' id='word_1_388' title='bbox 3623 2744 3752 2799; x_wconf 81' lang='grc' dir='ltr'><strong>0ὑά-</strong></span> 
     </span>
    </p>
   </div>
   <div class='ocr_carea' id='block_1_58' title="bbox 2182 2841 3752 2919">
    <p class='ocr_par' dir='ltr' id='par_1_58' title="bbox 2182 2841 3752 2919">
     <span class='ocr_line' id='line_1_58' title="bbox 2182 2841 3752 2919; baseline -0.008 -17"><span class='ocrx_word' id='word_1_389' title='bbox 2182 2848 2344 2902; x_wconf 87' lang='grc' dir='ltr'>λεντα</span> <span class='ocrx_word' id='word_1_390' title='bbox 2392 2849 2486 2901; x_wconf 75' lang='grc' dir='ltr'>καὶ</span> <span class='ocrx_word' id='word_1_391' title='bbox 2522 2848 2819 2919; x_wconf 82' lang='grc' dir='ltr'>Οὐρσίκιον</span> <span class='ocrx_word' id='word_1_392' title='bbox 2843 2848 2937 2902; x_wconf 77' lang='grc' dir='ltr'>καὶ</span> <span class='ocrx_word' id='word_1_393' title='bbox 2967 2845 3306 2911; x_wconf 76' lang='grc' dir='ltr'>Εὐδόξιον,ο’ί</span> <span class='ocrx_word' id='word_1_394' title='bbox 3345 2845 3447 2914; x_wconf 83' lang='grc' dir='ltr'>τῆς</span> <span class='ocrx_word' id='word_1_395' title='bbox 3478 2842 3586 2895; x_wconf 84' lang='grc' dir='ltr'><strong>τῶν</strong></span> <span class='ocrx_word' id='word_1_396' title='bbox 3612 2841 3752 2893; x_wconf 81' lang='lat' dir='ltr'><strong>’Avo-</strong></span> 
     </span>
    </p>
   </div>
   <div class='ocr_carea' id='block_1_59' title="bbox 2188 2933 3751 3013">
    <p class='ocr_par' dir='ltr' id='par_1_59' title="bbox 2188 2933 3751 3013">
     <span class='ocr_line' id='line_1_59' title="bbox 2188 2933 3751 3013; baseline -0.009 -19"><span class='ocrx_word' id='word_1_397' title='bbox 2188 2941 2352 3012; x_wconf 90' lang='grc' dir='ltr'>μοίων</span> <span class='ocrx_word' id='word_1_398' title='bbox 2399 2941 2560 3010; x_wconf 83' lang='grc' dir='ltr'>δόξης</span> <span class='ocrx_word' id='word_1_399' title='bbox 2609 2942 2938 3013; x_wconf 73' lang='grc' dir='ltr'>προίσταντο</span> <span class='ocrx_word' id='word_1_400' title='bbox 2978 2939 3239 3010; x_wconf 82' lang='grc' dir='ltr'>μάλιστα,</span> <span class='ocrx_word' id='word_1_401' title='bbox 3284 2933 3751 3008; x_wconf 82' lang='grc' dir='ltr'>παρασκευάζουσι</span> 
     </span>
    </p>
   </div>
   <div class='ocr_carea' id='block_1_60' title="bbox 2185 3027 3750 3102">
    <p class='ocr_par' dir='ltr' id='par_1_60' title="bbox 2185 3027 3750 3102">
     <span class='ocr_line' id='line_1_60' title="bbox 2185 3027 3750 3102; baseline -0.004 -18"><span class='ocrx_word' id='word_1_402' title='bbox 2185 3034 2314 3095; x_wconf 78' lang='grc' dir='ltr'>τοὺς</span> <span class='ocrx_word' id='word_1_403' title='bbox 2343 3033 2520 3084; x_wconf 66' lang='grc' dir='ltr'>ἐκεῖσε</span> <span class='ocrx_word' id='word_1_404' title='bbox 2547 3031 2977 3102; x_wconf 82' lang='grc' dir='ltr'>εὑρισκομένους</span> <span class='ocrx_word' id='word_1_405' title='bbox 3003 3029 3114 3082; x_wconf 82' lang='grc' dir='ltr'><strong>τῶν</strong></span> <span class='ocrx_word' id='word_1_406' title='bbox 3153 3029 3498 3090; x_wconf 73' lang='grc' dir='ltr'>ἐπισκόπων,</span> <span class='ocrx_word' id='word_1_407' title='bbox 3527 3027 3601 3086; x_wconf 76' lang='grc' dir='ltr'><strong>είς</strong></span> <span class='ocrx_word' id='word_1_408' title='bbox 3627 3036 3750 3091; x_wconf 56' lang='grc' dir='ltr'>γραμ-</span> 
     </span>
    </p>
   </div>
   <div class='ocr_carea' id='block_1_61' title="bbox 2187 3118 3751 3192">
    <p class='ocr_par' dir='ltr' id='par_1_61' title="bbox 2187 3118 3751 3192">
     <span class='ocr_line' id='line_1_61' title="bbox 2187 3118 3751 3192; baseline -0.009 -14"><span class='ocrx_word' id='word_1_409' title='bbox 2187 3124 2297 3192; x_wconf 81' lang='grc' dir='ltr'>φήν</span> <span class='ocrx_word' id='word_1_410' title='bbox 2351 3140 2474 3176; x_wconf 86' lang='grc' dir='ltr'>τινα</span> <span class='ocrx_word' id='word_1_411' title='bbox 2524 3122 2763 3186; x_wconf 85' lang='grc' dir='ltr'>πίστεως</span> <span class='ocrx_word' id='word_1_412' title='bbox 2812 3123 2878 3175; x_wconf 76' lang='grc' dir='ltr'>ὲκ</span> <span class='ocrx_word' id='word_1_413' title='bbox 2907 3122 3002 3175; x_wconf 84' lang='grc' dir='ltr'>τοῦ</span> <span class='ocrx_word' id='word_1_414' title='bbox 3037 3121 3227 3192; x_wconf 73' lang='grc' dir='ltr'>σχεδὸν</span> <span class='ocrx_word' id='word_1_415' title='bbox 3263 3118 3641 3190; x_wconf 73' lang='grc' dir='ltr'>γεγενημένην</span> <span class='ocrx_word' id='word_1_416' title='bbox 3667 3129 3751 3165; x_wconf 76' lang='grc' dir='ltr'>κα·</span> 
     </span>
    </p>
   </div>
   <div class='ocr_carea' id='block_1_62' title="bbox 500 3209 2082 3308">
    <p class='ocr_par' dir='ltr' id='par_1_62' title="bbox 500 3219 2080 3292">
     <span class='ocr_line' id='line_1_62' title="bbox 500 3219 2080 3292; baseline 0 -18"><span class='ocrx_word' id='word_1_417' title='bbox 500 3222 901 3287; x_wconf 76' lang='lat' dir='ltr'><strong>Alexandrino,</strong></span> <span class='ocrx_word' id='word_1_418' title='bbox 936 3231 990 3275; x_wconf 90' lang='lat' dir='ltr'><strong>et</strong></span> <span class='ocrx_word' id='word_1_419' title='bbox 1023 3221 1222 3275; x_wconf 86' lang='lat' dir='ltr'><strong>Basilio</strong></span> <span class='ocrx_word' id='word_1_420' title='bbox 1265 3222 1581 3292; x_wconf 83' lang='lat' dir='ltr'><strong>Ancyrano,</strong></span> <span class='ocrx_word' id='word_1_421' title='bbox 1616 3223 1710 3291; x_wconf 91' lang='lat' dir='ltr'><strong>qui</strong></span> <span class='ocrx_word' id='word_1_422' title='bbox 1747 3232 1862 3276; x_wconf 87' lang='lat' dir='ltr'><strong>tum</strong></span> <span class='ocrx_word' id='word_1_423' title='bbox 1891 3219 2080 3275; x_wconf 88' lang='lat' dir='ltr'><strong>Sirmii</strong></span> 
     </span>
    </p>
   </div>
   <div class='ocr_carea' id='block_1_63' title="bbox 2187 3209 3748 3308">
    <p class='ocr_par' dir='ltr' id='par_1_63' title="bbox 2189 3209 3748 3291">
     <span class='ocr_line' id='line_1_63' title="bbox 2189 3209 3748 3291; baseline -0.01 -19"><span class='ocrx_word' id='word_1_424' title='bbox 2189 3217 2572 3288; x_wconf 79' lang='grc' dir='ltr'>θυπογρὰψαι,</span> <span class='ocrx_word' id='word_1_425' title='bbox 2614 3213 2737 3291; x_wconf 80' lang='grc' dir='ltr'>ᾖτδ</span> <span class='ocrx_word' id='word_1_426' title='bbox 2770 3216 2873 3284; x_wconf 78' lang='grc' dir='ltr'>τῆς</span> <span class='ocrx_word' id='word_1_427' title='bbox 2926 3216 3116 3278; x_wconf 78' lang='grc' dir='ltr'>οὐσίας</span> <span class='ocrx_word' id='word_1_428' title='bbox 3158 3215 3259 3268; x_wconf 83' lang='grc' dir='ltr'>οὐκ</span> <span class='ocrx_word' id='word_1_429' title='bbox 3297 3214 3540 3267; x_wconf 79' lang='grc' dir='ltr'>ἐνέκειτο</span> <span class='ocrx_word' id='word_1_430' title='bbox 3573 3209 3748 3274; x_wconf 70' lang='grc' dir='ltr'>ὄνομα.</span> 
     </span>
    </p>
   </div>
   <div class='ocr_carea' id='block_1_64' title="bbox 501 3313 2082 3384">
    <p class='ocr_par' dir='ltr' id='par_1_64' title="bbox 501 3313 2082 3384">
     <span class='ocr_line' id='line_1_64' title="bbox 501 3313 2082 3384; baseline -0.001 -17"><span class='ocrx_word' id='word_1_431' title='bbox 501 3329 627 3367; x_wconf 86' lang='lat' dir='ltr'><strong>cum</strong></span> <span class='ocrx_word' id='word_1_432' title='bbox 661 3314 1000 3382; x_wconf 86' lang='lat' dir='ltr'><strong>imperatore</strong></span> <span class='ocrx_word' id='word_1_433' title='bbox 1032 3315 1087 3367; x_wconf 93' lang='lat' dir='ltr'><strong>in</strong></span> <span class='ocrx_word' id='word_1_434' title='bbox 1136 3315 1362 3382; x_wconf 68' lang='lat' dir='ltr'><strong>negotio</strong></span> <span class='ocrx_word' id='word_1_435' title='bbox 1403 3315 1643 3384; x_wconf 89' lang='lat' dir='ltr'><strong>quisque</strong></span> <span class='ocrx_word' id='word_1_436' title='bbox 1675 3329 1778 3369; x_wconf 89' lang='lat' dir='ltr'><strong>suo</strong></span> <span class='ocrx_word' id='word_1_437' title='bbox 1820 3313 2082 3384; x_wconf 80' lang='lat' dir='ltr'><strong>agebant,</strong></span> 
     </span>
    </p>
   </div>
   <div class='ocr_carea' id='block_1_65' title="bbox 505 3405 2089 3461">
    <p class='ocr_par' dir='ltr' id='par_1_65' title="bbox 505 3405 2089 3461">
     <span class='ocr_line' id='line_1_65' title="bbox 505 3405 2089 3461; baseline -0.003 0"><span class='ocrx_word' id='word_1_438' title='bbox 505 3408 714 3461; x_wconf 81' lang='lat' dir='ltr'><strong>Tarsus</strong></span> <span class='ocrx_word' id='word_1_439' title='bbox 746 3405 956 3460; x_wconf 70' lang='lat' dir='ltr'><strong>Ciliciae</strong></span> <span class='ocrx_word' id='word_1_440' title='bbox 985 3406 1273 3460; x_wconf 89' lang='lat' dir='ltr'><strong>commoda</strong></span> <span class='ocrx_word' id='word_1_441' title='bbox 1304 3407 1444 3460; x_wconf 83' lang='lat' dir='ltr'><strong>visa.</strong></span> <span class='ocrx_word' id='word_1_442' title='bbox 1474 3405 1548 3460; x_wconf 81' lang='lat' dir='ltr'><strong>Ut</strong></span> <span class='ocrx_word' id='word_1_443' title='bbox 1576 3423 1708 3461; x_wconf 83' lang='lat' dir='ltr'><strong>vero</strong></span> <span class='ocrx_word' id='word_1_444' title='bbox 1736 3418 1792 3461; x_wconf 90' lang='lat' dir='ltr'><strong>et</strong></span> <span class='ocrx_word' id='word_1_445' title='bbox 1825 3410 1937 3460; x_wconf 71' lang='lat' dir='ltr'><strong>bace</strong></span> <span class='ocrx_word' id='word_1_446' title='bbox 1967 3405 2089 3458; x_wconf 87' lang='lat' dir='ltr'><strong>aliis</strong></span> 
     </span>
    </p>
   </div>
   <div class='ocr_carea' id='block_1_66' title="bbox 505 3499 2090 3562">
    <p class='ocr_par' dir='ltr' id='par_1_66' title="bbox 505 3499 2090 3562">
     <span class='ocr_line' id='line_1_66' title="bbox 505 3499 2090 3562; baseline -0.001 -10"><span class='ocrx_word' id='word_1_447' title='bbox 505 3503 689 3555; x_wconf 85' lang='lat' dir='ltr'><strong>minus</strong></span> <span class='ocrx_word' id='word_1_448' title='bbox 717 3499 1018 3553; x_wconf 83' lang='lat' dir='ltr'><strong>convenire</strong></span> <span class='ocrx_word' id='word_1_449' title='bbox 1058 3499 1374 3554; x_wconf 78' lang='lat' dir='ltr'><strong>existima-ta</strong></span> <span class='ocrx_word' id='word_1_450' title='bbox 1396 3511 1504 3562; x_wconf 86' lang='lat' dir='ltr'><strong>est,</strong></span> <span class='ocrx_word' id='word_1_451' title='bbox 1545 3501 1767 3554; x_wconf 87' lang='lat' dir='ltr'><strong>tandem</strong></span> <span class='ocrx_word' id='word_1_452' title='bbox 1803 3509 1864 3553; x_wconf 91' lang='lat' dir='ltr'><strong>nt</strong></span> <span class='ocrx_word' id='word_1_453' title='bbox 1895 3499 2090 3552; x_wconf 87' lang='lat' dir='ltr'><strong>Seleu-</strong></span> 
     </span>
    </p>
   </div>
   <div class='ocr_carea' id='block_1_67' title="bbox 503 3590 2088 3663">
    <p class='ocr_par' dir='ltr' id='par_1_67' title="bbox 503 3590 2088 3663">
     <span class='ocr_line' id='line_1_67' title="bbox 503 3590 2088 3663; baseline -0.001 -17"><span class='ocrx_word' id='word_1_454' title='bbox 503 3594 603 3648; x_wconf 70' lang='lat' dir='ltr'><strong>cite</strong></span> <span class='ocrx_word' id='word_1_455' title='bbox 633 3594 687 3646; x_wconf 91' lang='lat' dir='ltr'><strong>in</strong></span> <span class='ocrx_word' id='word_1_456' title='bbox 706 3592 909 3646; x_wconf 82' lang='lat' dir='ltr'><strong>Isauria</strong></span> <span class='ocrx_word' id='word_1_457' title='bbox 929 3590 1170 3663; x_wconf 87' lang='lat' dir='ltr'><strong>synodus</strong></span> <span class='ocrx_word' id='word_1_458' title='bbox 1190 3603 1466 3663; x_wconf 74' lang='lat' dir='ltr'><strong>ageretur,</strong></span> <span class='ocrx_word' id='word_1_459' title='bbox 1495 3595 1884 3647; x_wconf 90' lang='lat' dir='ltr'><strong>constitutum.</strong></span> <span class='ocrx_word' id='word_1_460' title='bbox 1909 3591 2088 3659; x_wconf 81' lang='lat' dir='ltr'><strong>Atque</strong></span> 
     </span>
    </p>
   </div>
   <div class='ocr_carea' id='block_1_68' title="bbox 507 3685 2089 3756">
    <p class='ocr_par' dir='ltr' id='par_1_68' title="bbox 507 3685 2089 3756">
     <span class='ocr_line' id='line_1_68' title="bbox 507 3685 2089 3756; baseline -0.001 -16"><span class='ocrx_word' id='word_1_461' title='bbox 507 3689 612 3743; x_wconf 90' lang='lat' dir='ltr'><strong>boc</strong></span> <span class='ocrx_word' id='word_1_462' title='bbox 664 3687 742 3743; x_wconf 86' lang='lat' dir='ltr'><strong>sic</strong></span> <span class='ocrx_word' id='word_1_463' title='bbox 805 3688 1049 3751; x_wconf 86' lang='lat' dir='ltr'><strong>decreto,</strong></span> <span class='ocrx_word' id='word_1_464' title='bbox 1087 3688 1216 3756; x_wconf 90' lang='lat' dir='ltr'><strong>quia</strong></span> <span class='ocrx_word' id='word_1_465' title='bbox 1270 3687 1343 3741; x_wconf 90' lang='lat' dir='ltr'><strong>ibi</strong></span> <span class='ocrx_word' id='word_1_466' title='bbox 1398 3687 1630 3741; x_wconf 89' lang='lat' dir='ltr'><strong>aderant</strong></span> <span class='ocrx_word' id='word_1_467' title='bbox 1659 3686 1880 3750; x_wconf 84' lang='lat' dir='ltr'><strong>Valens,</strong></span> <span class='ocrx_word' id='word_1_468' title='bbox 1921 3685 2089 3741; x_wconf 87' lang='lat' dir='ltr'><strong>Ursa-</strong></span> 
     </span>
    </p>
   </div>
   <div class='ocr_carea' id='block_1_69' title="bbox 505 3777 2086 3848">
    <p class='ocr_par' dir='ltr' id='par_1_69' title="bbox 505 3777 2086 3848">
     <span class='ocr_line' id='line_1_69' title="bbox 505 3777 2086 3848; baseline -0.003 -14"><span class='ocrx_word' id='word_1_469' title='bbox 505 3781 628 3834; x_wconf 87' lang='lat' dir='ltr'><strong>cius</strong></span> <span class='ocrx_word' id='word_1_470' title='bbox 687 3789 744 3835; x_wconf 94' lang='lat' dir='ltr'><strong>et</strong></span> <span class='ocrx_word' id='word_1_471' title='bbox 783 3777 1089 3844; x_wconf 86' lang='lat' dir='ltr'><strong>Eudoxius,</strong></span> <span class='ocrx_word' id='word_1_472' title='bbox 1133 3780 1224 3847; x_wconf 83' lang='lat' dir='ltr'><strong>qui</strong></span> <span class='ocrx_word' id='word_1_473' title='bbox 1271 3778 1620 3848; x_wconf 84' lang='lat' dir='ltr'><strong>potissimum</strong></span> <span class='ocrx_word' id='word_1_474' title='bbox 1693 3779 2086 3830; x_wconf 69' lang='lat' dir='ltr'><strong>Anomworum</strong></span> 
     </span>
    </p>
   </div>
   <div class='ocr_carea' id='block_1_70' title="bbox 506 3869 2098 3944">
    <p class='ocr_par' dir='ltr' id='par_1_70' title="bbox 506 3869 2098 3944">
     <span class='ocr_line' id='line_1_70' title="bbox 506 3869 2098 3944; baseline -0.003 -17"><span class='ocrx_word' id='word_1_475' title='bbox 506 3873 754 3944; x_wconf 88' lang='lat' dir='ltr'><strong>opinioni</strong></span> <span class='ocrx_word' id='word_1_476' title='bbox 788 3873 1082 3942; x_wconf 68' lang='lat' dir='ltr'><strong>prazibant,</strong></span> <span class='ocrx_word' id='word_1_477' title='bbox 1117 3875 1430 3926; x_wconf 75' lang='lat' dir='ltr'><strong>effecerunt</strong></span> <span class='ocrx_word' id='word_1_478' title='bbox 1467 3871 1574 3934; x_wconf 87' lang='lat' dir='ltr'><strong>illi,</strong></span> <span class='ocrx_word' id='word_1_479' title='bbox 1626 3879 1686 3925; x_wconf 93' lang='lat' dir='ltr'><strong>ut</strong></span> <span class='ocrx_word' id='word_1_480' title='bbox 1727 3869 1974 3940; x_wconf 86' lang='lat' dir='ltr'><strong>episc0pi</strong></span> <span class='ocrx_word' id='word_1_481' title='bbox 2022 3884 2098 3923; x_wconf 88' lang='lat' dir='ltr'><strong>eo</strong></span> 
     </span>
    </p>
   </div>
   <div class='ocr_carea' id='block_1_71' title="bbox 506 3963 2086 4036">
    <p class='ocr_par' dir='ltr' id='par_1_71' title="bbox 506 3963 2086 4036">
     <span class='ocr_line' id='line_1_71' title="bbox 506 3963 2086 4036; baseline -0.005 -15"><span class='ocrx_word' id='word_1_482' title='bbox 506 3967 632 4021; x_wconf 81' lang='lat' dir='ltr'><strong>loco</strong></span> <span class='ocrx_word' id='word_1_483' title='bbox 659 3967 975 4036; x_wconf 83' lang='lat' dir='ltr'><strong>congregati</strong></span> <span class='ocrx_word' id='word_1_484' title='bbox 1009 3963 1264 4017; x_wconf 69' lang='lat' dir='ltr'><strong>formula:</strong></span> <span class='ocrx_word' id='word_1_485' title='bbox 1321 3963 1446 4016; x_wconf 84' lang='lat' dir='ltr'><strong>lidei</strong></span> <span class='ocrx_word' id='word_1_486' title='bbox 1474 3977 1540 4015; x_wconf 87' lang='lat' dir='ltr'><strong>ex</strong></span> <span class='ocrx_word' id='word_1_487' title='bbox 1569 3970 1818 4031; x_wconf 87' lang='lat' dir='ltr'><strong>tempore</strong></span> <span class='ocrx_word' id='word_1_488' title='bbox 1853 3976 2086 4031; x_wconf 86' lang='lat' dir='ltr'><strong>compo-</strong></span> 
     </span>
    </p>
   </div>
   <div class='ocr_carea' id='block_1_72' title="bbox 509 4055 2092 4125">
    <p class='ocr_par' dir='ltr' id='par_1_72' title="bbox 509 4055 2092 4125">
     <span class='ocr_line' id='line_1_72' title="bbox 509 4055 2092 4125; baseline -0.004 -10"><span class='ocrx_word' id='word_1_489' title='bbox 509 4061 634 4115; x_wconf 77' lang='lat' dir='ltr'><strong>sitae</strong></span> <span class='ocrx_word' id='word_1_490' title='bbox 667 4057 1110 4114; x_wconf 84' lang='lat' dir='ltr'><strong>subscriberent.</strong></span> <span class='ocrx_word' id='word_1_491' title='bbox 1139 4056 1199 4110; x_wconf 84' lang='lat' dir='ltr'><strong>in</strong></span> <span class='ocrx_word' id='word_1_492' title='bbox 1235 4071 1343 4125; x_wconf 90' lang='lat' dir='ltr'><strong>qua</strong></span> <span class='ocrx_word' id='word_1_493' title='bbox 1372 4055 1607 4110; x_wconf 78' lang='lat' dir='ltr'><strong>formula</strong></span> <span class='ocrx_word' id='word_1_494' title='bbox 1639 4055 1965 4110; x_wconf 65' lang='lat' dir='ltr'><strong>substantia:</strong></span> <span class='ocrx_word' id='word_1_495' title='bbox 1995 4070 2092 4109; x_wconf 84' lang='lat' dir='ltr'><strong>no-</strong></span> 
     </span>
    </p>
   </div>
   <div class='ocr_carea' id='block_1_73' title="bbox 508 4147 2087 4218">
    <p class='ocr_par' dir='ltr' id='par_1_73' title="bbox 508 4147 2087 4218">
     <span class='ocr_line' id='line_1_73' title="bbox 508 4147 2087 4218; baseline -0.003 -12"><span class='ocrx_word' id='word_1_496' title='bbox 508 4169 636 4207; x_wconf 88' lang='lat' dir='ltr'><strong>men</strong></span> <span class='ocrx_word' id='word_1_497' title='bbox 689 4153 959 4207; x_wconf 88' lang='lat' dir='ltr'><strong>insertum</strong></span> <span class='ocrx_word' id='word_1_498' title='bbox 1000 4164 1110 4204; x_wconf 94' lang='lat' dir='ltr'><strong>non</strong></span> <span class='ocrx_word' id='word_1_499' title='bbox 1159 4157 1301 4205; x_wconf 87' lang='lat' dir='ltr'><strong>erat.</strong></span> <span class='ocrx_word' id='word_1_500' title='bbox 1353 4147 1559 4203; x_wconf 62' lang='lat' dir='ltr'><strong>Adbazc</strong></span> <span class='ocrx_word' id='word_1_501' title='bbox 1612 4148 1668 4202; x_wconf 93' lang='lat' dir='ltr'><strong>in</strong></span> <span class='ocrx_word' id='word_1_502' title='bbox 1725 4147 1930 4202; x_wconf 84' lang='lat' dir='ltr'><strong>animis</strong></span> <span class='ocrx_word' id='word_1_503' title='bbox 1986 4149 2087 4218; x_wconf 90' lang='lat' dir='ltr'><strong>ipsi</strong></span> 
     </span>
    </p>
   </div>
   <div class='ocr_carea' id='block_1_74' title="bbox 511 4240 2091 4315">
    <p class='ocr_par' dir='ltr' id='par_1_74' title="bbox 511 4240 2091 4315">
     <span class='ocr_line' id='line_1_74' title="bbox 511 4240 2091 4315; baseline -0.002 -15"><span class='ocrx_word' id='word_1_504' title='bbox 511 4259 700 4301; x_wconf 87' lang='lat' dir='ltr'><strong>secum</strong></span> <span class='ocrx_word' id='word_1_505' title='bbox 755 4245 1130 4315; x_wconf 90' lang='lat' dir='ltr'><strong>perpendere,</strong></span> <span class='ocrx_word' id='word_1_506' title='bbox 1183 4243 1481 4312; x_wconf 86' lang='lat' dir='ltr'><strong>episcopos</strong></span> <span class='ocrx_word' id='word_1_507' title='bbox 1542 4240 1818 4296; x_wconf 61' lang='lat' dir='ltr'><strong>Seleuciae</strong></span> <span class='ocrx_word' id='word_1_508' title='bbox 1867 4251 2091 4297; x_wconf 90' lang='lat' dir='ltr'><strong>coactos</strong></span> 
     </span>
    </p>
   </div>
   <div class='ocr_carea' id='block_1_75' title="bbox 514 4332 2092 4409">
    <p class='ocr_par' dir='ltr' id='par_1_75' title="bbox 514 4332 2092 4409">
     <span class='ocr_line' id='line_1_75' title="bbox 514 4332 2092 4409; baseline -0.003 -20"><span class='ocrx_word' id='word_1_509' title='bbox 514 4339 714 4409; x_wconf 82' lang='lat' dir='ltr'><strong>part-im</strong></span> <span class='ocrx_word' id='word_1_510' title='bbox 741 4337 1020 4392; x_wconf 69' lang='lat' dir='ltr'><strong>Nicaznam</strong></span> <span class='ocrx_word' id='word_1_511' title='bbox 1055 4335 1241 4398; x_wconf 86' lang='lat' dir='ltr'><strong>fidem,</strong></span> <span class='ocrx_word' id='word_1_512' title='bbox 1271 4333 1470 4403; x_wconf 85' lang='lat' dir='ltr'><strong>partim</strong></span> <span class='ocrx_word' id='word_1_513' title='bbox 1504 4333 1811 4388; x_wconf 68' lang='lat' dir='ltr'><strong>Antiochiae</strong></span> <span class='ocrx_word' id='word_1_514' title='bbox 1858 4332 1913 4387; x_wconf 93' lang='lat' dir='ltr'><strong>in</strong></span> <span class='ocrx_word' id='word_1_515' title='bbox 1952 4342 2092 4388; x_wconf 88' lang='lat' dir='ltr'><strong>tem-</strong></span> 
     </span>
    </p>
   </div>
   <div class='ocr_carea' id='block_1_76' title="bbox 515 4425 2090 4501">
    <p class='ocr_par' dir='ltr' id='par_1_76' title="bbox 515 4425 2090 4501">
     <span class='ocr_line' id='line_1_76' title="bbox 515 4425 2090 4501; baseline -0.003 -17"><span class='ocrx_word' id='word_1_516' title='bbox 515 4433 591 4501; x_wconf 90' lang='lat' dir='ltr'><strong>pli</strong></span> <span class='ocrx_word' id='word_1_517' title='bbox 623 4431 976 4487; x_wconf 83' lang='lat' dir='ltr'><strong>dedicatione</strong></span> <span class='ocrx_word' id='word_1_518' title='bbox 1005 4427 1411 4499; x_wconf 87' lang='lat' dir='ltr'><strong>professionem</strong></span> <span class='ocrx_word' id='word_1_519' title='bbox 1445 4425 1650 4481; x_wconf 89' lang='lat' dir='ltr'><strong>editam</strong></span> <span class='ocrx_word' id='word_1_520' title='bbox 1678 4425 2090 4495; x_wconf 75' lang='lat' dir='ltr'><strong>complcxuros,</strong></span> 
     </span>
    </p>
   </div>
   <div class='ocr_carea' id='block_1_77' title="bbox 511 4517 2088 4594">
    <p class='ocr_par' dir='ltr' id='par_1_77' title="bbox 511 4517 2088 4594">
     <span class='ocr_line' id='line_1_77' title="bbox 511 4517 2088 4594; baseline -0.005 -15"><span class='ocrx_word' id='word_1_521' title='bbox 511 4532 569 4580; x_wconf 86' lang='lat' dir='ltr'><strong>ct</strong></span> <span class='ocrx_word' id='word_1_522' title='bbox 601 4540 700 4594; x_wconf 91' lang='lat' dir='ltr'><strong>per</strong></span> <span class='ocrx_word' id='word_1_523' title='bbox 729 4522 1139 4578; x_wconf 78' lang='lat' dir='ltr'><strong>aemtdat-ionem</strong></span> <span class='ocrx_word' id='word_1_524' title='bbox 1164 4519 1450 4573; x_wconf 76' lang='lat' dir='ltr'><strong>ardentius</strong></span> <span class='ocrx_word' id='word_1_525' title='bbox 1481 4517 1807 4573; x_wconf 76' lang='lat' dir='ltr'><strong>defensuros</strong></span> <span class='ocrx_word' id='word_1_526' title='bbox 1833 4535 1846 4583; x_wconf 88' lang='lat'><strong>;</strong></span> <span class='ocrx_word' id='word_1_527' title='bbox 1875 4529 2088 4572; x_wconf 84' lang='lat' dir='ltr'><strong>utram-</strong></span> 
     </span>
    </p>
   </div>
   <div class='ocr_carea' id='block_1_78' title="bbox 2195 3302 3752 3383">
    <p class='ocr_par' dir='ltr' id='par_1_78' title="bbox 2195 3302 3752 3383">
     <span class='ocr_line' id='line_1_78' title="bbox 2195 3302 3752 3383; baseline -0.01 -17"><span class='ocrx_word' id='word_1_528' title='bbox 2195 3314 2337 3383; x_wconf 83' lang='grc' dir='ltr'>Πρὸς</span> <span class='ocrx_word' id='word_1_529' title='bbox 2367 3313 2424 3365; x_wconf 77' lang='grc' dir='ltr'>δὲ</span> <span class='ocrx_word' id='word_1_530' title='bbox 2457 3312 2670 3375; x_wconf 81' lang='grc' dir='ltr'>τούτοις</span> <span class='ocrx_word' id='word_1_531' title='bbox 2710 3312 2768 3364; x_wconf 77' lang='grc' dir='ltr'>ὲν</span> <span class='ocrx_word' id='word_1_532' title='bbox 2795 3310 2871 3379; x_wconf 86' lang='grc' dir='ltr'><strong>νῷ</strong></span> <span class='ocrx_word' id='word_1_533' title='bbox 2899 3310 3140 3380; x_wconf 85' lang='grc' dir='ltr'>θέμενοι,</span> <span class='ocrx_word' id='word_1_534' title='bbox 3168 3310 3242 3372; x_wconf 75' lang='grc' dir='ltr'>ὡς</span> <span class='ocrx_word' id='word_1_535' title='bbox 3293 3311 3345 3361; x_wconf 85' lang='grc' dir='ltr'>οἱ</span> <span class='ocrx_word' id='word_1_536' title='bbox 3387 3302 3752 3375; x_wconf 74' lang='grc' dir='ltr'>ἀθροιζόμενοι</span> 
     </span>
    </p>
   </div>
   <div class='ocr_carea' id='block_1_79' title="bbox 2189 3392 3751 3478">
    <p class='ocr_par' dir='ltr' id='par_1_79' title="bbox 2189 3392 3751 3478">
     <span class='ocr_line' id='line_1_79' title="bbox 2189 3392 3751 3478; baseline -0.006 -19"><span class='ocrx_word' id='word_1_537' title='bbox 2189 3408 2248 3461; x_wconf 78' lang='grc' dir='ltr'>ὲν</span> <span class='ocrx_word' id='word_1_538' title='bbox 2295 3407 2586 3478; x_wconf 75' lang='grc' dir='ltr'>Σελευκείᾳ</span> <span class='ocrx_word' id='word_1_539' title='bbox 2645 3408 2961 3469; x_wconf 77' lang='grc' dir='ltr'>ἐπίσκοποι,</span> <span class='ocrx_word' id='word_1_540' title='bbox 3007 3407 3058 3458; x_wconf 80' lang='lat' dir='ltr'><strong>oi</strong></span> <span class='ocrx_word' id='word_1_541' title='bbox 3089 3405 3187 3476; x_wconf 82' lang='grc' dir='ltr'>μὲν</span> <span class='ocrx_word' id='word_1_542' title='bbox 3221 3404 3322 3474; x_wconf 78' lang='grc' dir='ltr'>τὴν</span> <span class='ocrx_word' id='word_1_543' title='bbox 3351 3406 3408 3456; x_wconf 80' lang='grc' dir='ltr'>ὲν</span> <span class='ocrx_word' id='word_1_544' title='bbox 3443 3396 3644 3467; x_wconf 79' lang='grc' dir='ltr'>Νικαίᾳ</span> <span class='ocrx_word' id='word_1_545' title='bbox 3672 3392 3751 3444; x_wconf 79' lang='grc' dir='ltr'>πί·</span> 
     </span>
    </p>
   </div>
   <div class='ocr_carea' id='block_1_80' title="bbox 2194 3483 3748 3569">
    <p class='ocr_par' dir='ltr' id='par_1_80' title="bbox 2194 3483 3748 3569">
     <span class='ocr_line' id='line_1_80' title="bbox 2194 3483 3748 3569; baseline -0.011 -18"><span class='ocrx_word' id='word_1_546' title='bbox 2194 3515 2332 3563; x_wconf 88' lang='grc' dir='ltr'>στιν,</span> <span class='ocrx_word' id='word_1_547' title='bbox 2375 3500 2426 3550; x_wconf 86' lang='grc' dir='ltr'><strong>οί</strong></span> <span class='ocrx_word' id='word_1_548' title='bbox 2476 3500 2532 3550; x_wconf 80' lang='grc' dir='ltr'>δὲ</span> <span class='ocrx_word' id='word_1_549' title='bbox 2577 3499 2676 3569; x_wconf 79' lang='grc' dir='ltr'>τὴν</span> <span class='ocrx_word' id='word_1_550' title='bbox 2708 3502 2766 3552; x_wconf 77' lang='grc' dir='ltr'>ὲν</span> <span class='ocrx_word' id='word_1_551' title='bbox 2811 3499 3118 3568; x_wconf 84' lang='grc' dir='ltr'>Ἀντιοχείᾳ</span> <span class='ocrx_word' id='word_1_552' title='bbox 3170 3495 3548 3566; x_wconf 78' lang='grc' dir='ltr'>γεγενημένην</span> <span class='ocrx_word' id='word_1_553' title='bbox 3582 3488 3668 3540; x_wconf 76' lang='grc' dir='ltr'><strong>ἐπὶ</strong></span> <span class='ocrx_word' id='word_1_554' title='bbox 3688 3483 3748 3551; x_wconf 82' lang='grc' dir='ltr'><strong>τῇ</strong></span> 
     </span>
    </p>
   </div>
   <div class='ocr_carea' id='block_1_81' title="bbox 2190 3578 3746 3662">
    <p class='ocr_par' dir='ltr' id='par_1_81' title="bbox 2190 3578 3746 3662">
     <span class='ocr_line' id='line_1_81' title="bbox 2190 3578 3746 3662; baseline -0.004 -18"><span class='ocrx_word' id='word_1_555' title='bbox 2190 3591 2284 3644; x_wconf 82' lang='grc' dir='ltr'>τοῦ</span> <span class='ocrx_word' id='word_1_556' title='bbox 2322 3590 2427 3643; x_wconf 82' lang='grc' dir='ltr'>νεὼ</span> <span class='ocrx_word' id='word_1_557' title='bbox 2479 3591 2832 3662; x_wconf 80' lang='grc' dir='ltr'>καθιερώσει,</span> <span class='ocrx_word' id='word_1_558' title='bbox 2882 3591 2976 3644; x_wconf 72' lang='grc' dir='ltr'>καὶ</span> <span class='ocrx_word' id='word_1_559' title='bbox 3032 3590 3330 3658; x_wconf 50' lang='grc' dir='ltr'>στέργουσι</span> <span class='ocrx_word' id='word_1_560' title='bbox 3389 3587 3486 3639; x_wconf 77' lang='grc' dir='ltr'>καὶ</span> <span class='ocrx_word' id='word_1_561' title='bbox 3522 3578 3746 3646; x_wconf 65' lang='grc' dir='ltr'>ζηλοῦσι·</span> 
     </span>
    </p>
   </div>
   <div class='ocr_carea' id='block_1_82' title="bbox 2195 3668 3751 3753">
    <p class='ocr_par' dir='ltr' id='par_1_82' title="bbox 2195 3668 3751 3753">
     <span class='ocr_line' id='line_1_82' title="bbox 2195 3668 3751 3753; baseline -0.008 -18"><span class='ocrx_word' id='word_1_562' title='bbox 2195 3683 2306 3735; x_wconf 73' lang='grc' dir='ltr'><strong>Καὶ</strong></span> <span class='ocrx_word' id='word_1_563' title='bbox 2370 3681 2540 3753; x_wconf 81' lang='grc' dir='ltr'>ἄμφω</span> <span class='ocrx_word' id='word_1_564' title='bbox 2599 3683 2655 3735; x_wconf 83' lang='grc' dir='ltr'>δὲ</span> <span class='ocrx_word' id='word_1_565' title='bbox 2705 3684 2765 3736; x_wconf 79' lang='grc' dir='ltr'>τὸ</span> <span class='ocrx_word' id='word_1_566' title='bbox 2818 3683 2916 3751; x_wconf 84' lang='grc' dir='ltr'><strong>τῆς</strong></span> <span class='ocrx_word' id='word_1_567' title='bbox 2961 3683 3155 3743; x_wconf 82' lang='grc' dir='ltr'>οὐσίας</span> <span class='ocrx_word' id='word_1_568' title='bbox 3205 3682 3380 3750; x_wconf 72' lang='grc' dir='ltr'>ὄνομα</span> <span class='ocrx_word' id='word_1_569' title='bbox 3437 3678 3634 3748; x_wconf 78' lang='grc' dir='ltr'>ἔχουσι’</span> <span class='ocrx_word' id='word_1_570' title='bbox 3669 3668 3751 3720; x_wconf 73' lang='grc' dir='ltr'>καὶ</span> 
     </span>
    </p>
   </div>
   <div class='ocr_carea' id='block_1_83' title="bbox 2193 3761 3752 3847">
    <p class='ocr_par' dir='ltr' id='par_1_83' title="bbox 2193 3761 3752 3847">
     <span class='ocr_line' id='line_1_83' title="bbox 2193 3761 3752 3847; baseline -0.006 -18"><span class='ocrx_word' id='word_1_571' title='bbox 2193 3775 2338 3829; x_wconf 85' lang='grc' dir='ltr'>κατὰ</span> <span class='ocrx_word' id='word_1_572' title='bbox 2369 3779 2549 3832; x_wconf 86' lang='grc' dir='ltr'>πάντα</span> <span class='ocrx_word' id='word_1_573' title='bbox 2579 3778 2768 3846; x_wconf 83' lang='grc' dir='ltr'>ὅμοιον</span> <span class='ocrx_word' id='word_1_574' title='bbox 2798 3777 3104 3847; x_wconf 73' lang='grc' dir='ltr'>διαρρήδην</span> <span class='ocrx_word' id='word_1_575' title='bbox 3151 3774 3487 3844; x_wconf 85' lang='grc' dir='ltr'>κηρύττουσι</span> <span class='ocrx_word' id='word_1_576' title='bbox 3512 3768 3599 3822; x_wconf 79' lang='grc' dir='ltr'>τὸν</span> <span class='ocrx_word' id='word_1_577' title='bbox 3638 3761 3752 3815; x_wconf 77' lang='grc' dir='ltr'>Υἱδν</span> 
     </span>
    </p>
   </div>
   <div class='ocr_carea' id='block_1_84' title="bbox 2191 3859 3752 3939">
    <p class='ocr_par' dir='ltr' id='par_1_84' title="bbox 2191 3859 3752 3939">
     <span class='ocr_line' id='line_1_84' title="bbox 2191 3859 3752 3939; baseline -0.013 -14"><span class='ocrx_word' id='word_1_578' title='bbox 2191 3869 2270 3939; x_wconf 81' lang='grc' dir='ltr'>τῷ</span> <span class='ocrx_word' id='word_1_579' title='bbox 2307 3870 2503 3938; x_wconf 78' lang='grc' dir='ltr'>Πατρί.</span> <span class='ocrx_word' id='word_1_580' title='bbox 2561 3870 2630 3923; x_wconf 85' lang='grc' dir='ltr'>Εί</span> <span class='ocrx_word' id='word_1_581' title='bbox 2681 3887 2746 3936; x_wconf 90' lang='grc' dir='ltr'><strong>γε</strong></span> <span class='ocrx_word' id='word_1_582' title='bbox 2807 3869 2986 3922; x_wconf 82' lang='grc' dir='ltr'>τοίνυν</span> <span class='ocrx_word' id='word_1_583' title='bbox 3035 3870 3116 3930; x_wconf 86' lang='grc' dir='ltr'><strong>είς</strong></span> <span class='ocrx_word' id='word_1_584' title='bbox 3159 3866 3219 3920; x_wconf 76' lang='grc' dir='ltr'>ἓν</span> <span class='ocrx_word' id='word_1_585' title='bbox 3249 3869 3520 3934; x_wconf 84' lang='grc' dir='ltr'>γένοιντο,</span> <span class='ocrx_word' id='word_1_586' title='bbox 3553 3859 3752 3913; x_wconf 80' lang='grc' dir='ltr'>πάντως</span> 
     </span>
    </p>
   </div>
   <div class='ocr_carea' id='block_1_85' title="bbox 2193 3947 3750 4041">
    <p class='ocr_par' dir='ltr' id='par_1_85' title="bbox 2193 3947 3750 4041">
     <span class='ocr_line' id='line_1_85' title="bbox 2193 3947 3750 4041; baseline -0.011 -27"><span class='ocrx_word' id='word_1_587' title='bbox 2193 3965 2294 4034; x_wconf 77' lang='grc' dir='ltr'>τὴν</span> <span class='ocrx_word' id='word_1_588' title='bbox 2334 3962 2543 4018; x_wconf 84' lang='grc' dir='ltr'>Ἀετίου</span> <span class='ocrx_word' id='word_1_589' title='bbox 2569 3962 2728 4028; x_wconf 80' lang='grc' dir='ltr'>δόξαν</span> <span class='ocrx_word' id='word_1_590' title='bbox 2760 3961 3078 4016; x_wconf 84' lang='grc' dir='ltr'>ἁπώσονται</span> <span class='ocrx_word' id='word_1_591' title='bbox 3099 3978 3113 3994; x_wconf 76' lang='grc' dir='ltr'><strong>ο</strong></span> <span class='ocrx_word' id='word_1_592' title='bbox 3149 3963 3216 4032; x_wconf 83' lang='grc' dir='ltr'>ἣν</span> <span class='ocrx_word' id='word_1_593' title='bbox 3248 3962 3450 4014; x_wconf 76' lang='grc' dir='ltr'>ἐκεῖνοι</span> <span class='ocrx_word' id='word_1_594' title='bbox 3485 3947 3750 4041; x_wconf 77' lang='grc' dir='ltr'>ἐπαινοῦν·</span> 
     </span>
    </p>
   </div>
   <div class='ocr_carea' id='block_1_86' title="bbox 2193 4045 3749 4127">
    <p class='ocr_par' dir='ltr' id='par_1_86' title="bbox 2193 4045 3749 4127">
     <span class='ocr_line' id='line_1_86' title="bbox 2193 4045 3749 4127; baseline -0.015 -16"><span class='ocrx_word' id='word_1_595' title='bbox 2193 4074 2286 4122; x_wconf 84' lang='grc' dir='ltr'><strong>τες</strong></span> <span class='ocrx_word' id='word_1_596' title='bbox 2333 4057 2426 4110; x_wconf 85' lang='grc' dir='ltr'>διὰ</span> <span class='ocrx_word' id='word_1_597' title='bbox 2475 4056 2714 4127; x_wconf 82' lang='grc' dir='ltr'>σπουδῆς</span> <span class='ocrx_word' id='word_1_598' title='bbox 2751 4057 3009 4126; x_wconf 83' lang='grc' dir='ltr'>συνιστᾷν</span> <span class='ocrx_word' id='word_1_599' title='bbox 3045 4054 3375 4124; x_wconf 71' lang='grc' dir='ltr'>ἐπειρῶντο.</span> <span class='ocrx_word' id='word_1_600' title='bbox 3402 4051 3466 4104; x_wconf 87' lang='grc' dir='ltr'><strong>Τί</strong></span> <span class='ocrx_word' id='word_1_601' title='bbox 3500 4045 3749 4118; x_wconf 81' lang='grc' dir='ltr'>πράττου-</span> 
     </span>
    </p>
   </div>
   <div class='ocr_carea' id='block_1_87' title="bbox 2197 4133 3748 4220">
    <p class='ocr_par' dir='ltr' id='par_1_87' title="bbox 2197 4133 3748 4220">
     <span class='ocr_line' id='line_1_87' title="bbox 2197 4133 3748 4220; baseline 0 -16"><span class='ocrx_word' id='word_1_602' title='bbox 2197 4168 2314 4218; x_wconf 87' lang='grc' dir='ltr'>σιν;</span> <span class='ocrx_word' id='word_1_603' title='bbox 2367 4149 2734 4220; x_wconf 83' lang='grc' dir='ltr'>Οίκονομοῦσι</span> <span class='ocrx_word' id='word_1_604' title='bbox 2768 4149 2928 4219; x_wconf 83' lang='grc' dir='ltr'>δόλῳ,</span> <span class='ocrx_word' id='word_1_605' title='bbox 2962 4149 3093 4210; x_wconf 81' lang='grc' dir='ltr'>τοὺς</span> <span class='ocrx_word' id='word_1_606' title='bbox 3131 4148 3232 4217; x_wconf 75' lang='grc' dir='ltr'>μὲν</span> <span class='ocrx_word' id='word_1_607' title='bbox 3284 4147 3352 4200; x_wconf 82' lang='grc' dir='ltr'>ὲκ</span> <span class='ocrx_word' id='word_1_608' title='bbox 3404 4143 3503 4210; x_wconf 82' lang='grc' dir='ltr'>τῆς</span> <span class='ocrx_word' id='word_1_609' title='bbox 3533 4133 3748 4201; x_wconf 65' lang='grc' dir='ltr'><strong>ἑσπέρας</strong></span> 
     </span>
    </p>
   </div>
   <div class='ocr_carea' id='block_1_88' title="bbox 2195 4221 3745 4314">
    <p class='ocr_par' dir='ltr' id='par_1_88' title="bbox 2195 4221 3745 4314">
     <span class='ocr_line' id='line_1_88' title="bbox 2195 4221 3745 4314; baseline -0.014 -17"><span class='ocrx_word' id='word_1_610' title='bbox 2195 4246 2275 4308; x_wconf 86' lang='grc' dir='ltr'><strong>είς</strong></span> <span class='ocrx_word' id='word_1_611' title='bbox 2328 4243 2614 4314; x_wconf 71' lang='grc' dir='ltr'>Ἀρίμινον</span> <span class='ocrx_word' id='word_1_612' title='bbox 2643 4242 3004 4312; x_wconf 85' lang='grc' dir='ltr'>συνδραμεῖν,</span> <span class='ocrx_word' id='word_1_613' title='bbox 3035 4241 3158 4301; x_wconf 79' lang='grc' dir='ltr'>τοὺς</span> <span class='ocrx_word' id='word_1_614' title='bbox 3191 4238 3250 4292; x_wconf 76' lang='grc' dir='ltr'>δὲ</span> <span class='ocrx_word' id='word_1_615' title='bbox 3297 4237 3362 4303; x_wconf 75' lang='grc' dir='ltr'><strong>ἐξ</strong></span> <span class='ocrx_word' id='word_1_616' title='bbox 3408 4234 3524 4287; x_wconf 83' lang='grc' dir='ltr'><strong>Ἕω</strong></span> <span class='ocrx_word' id='word_1_617' title='bbox 3551 4230 3626 4289; x_wconf 85' lang='grc' dir='ltr'><strong>εἰς</strong></span> <span class='ocrx_word' id='word_1_618' title='bbox 3657 4221 3745 4314; x_wconf 67' lang='grc' dir='ltr'>τὴν</span> 
     </span>
    </p>
   </div>
   <div class='ocr_carea' id='block_1_89' title="bbox 2196 4312 3749 4407">
    <p class='ocr_par' dir='ltr' id='par_1_89' title="bbox 2196 4312 3749 4407">
     <span class='ocr_line' id='line_1_89' title="bbox 2196 4312 3749 4407; baseline -0.007 -17"><span class='ocrx_word' id='word_1_619' title='bbox 2196 4337 2294 4405; x_wconf 82' lang='grc' dir='ltr'>τῆς</span> <span class='ocrx_word' id='word_1_620' title='bbox 2343 4312 2620 4407; x_wconf 70' lang='grc' dir='ltr'>Ἰσαυρίπις</span> <span class='ocrx_word' id='word_1_621' title='bbox 2679 4335 3043 4387; x_wconf 76' lang='grc' dir='ltr'>Σελεύκειανο</span> <span class='ocrx_word' id='word_1_622' title='bbox 3093 4331 3168 4392; x_wconf 78' lang='grc' dir='ltr'>ὡς</span> <span class='ocrx_word' id='word_1_623' title='bbox 3207 4332 3276 4384; x_wconf 87' lang='grc' dir='ltr'>ἂν</span> <span class='ocrx_word' id='word_1_624' title='bbox 3317 4332 3403 4399; x_wconf 71' lang='grc' dir='ltr'><strong>εἰη</strong></span> <span class='ocrx_word' id='word_1_625' title='bbox 3436 4323 3666 4380; x_wconf 76' lang='grc' dir='ltr'>εὐκόλως</span> <span class='ocrx_word' id='word_1_626' title='bbox 3696 4312 3749 4364; x_wconf 70' lang='grc' dir='ltr'>τὸ</span> 
     </span>
    </p>
   </div>
   <div class='ocr_carea' id='block_1_90' title="bbox 2201 4409 3748 4499">
    <p class='ocr_par' dir='ltr' id='par_1_90' title="bbox 2201 4409 3748 4499">
     <span class='ocr_line' id='line_1_90' title="bbox 2201 4409 3748 4499; baseline -0.013 -18"><span class='ocrx_word' id='word_1_627' title='bbox 2201 4429 2582 4499; x_wconf 73' lang='grc' dir='ltr'>μελετώμενον</span> <span class='ocrx_word' id='word_1_628' title='bbox 2635 4427 2791 4498; x_wconf 78' lang='grc' dir='ltr'>δρᾷν·</span> <span class='ocrx_word' id='word_1_629' title='bbox 2831 4427 2964 4497; x_wconf 79' lang='grc' dir='ltr'>ῥᾷον</span> <span class='ocrx_word' id='word_1_630' title='bbox 3005 4425 3114 4494; x_wconf 82' lang='grc' dir='ltr'>γὰρ</span> <span class='ocrx_word' id='word_1_631' title='bbox 3165 4421 3338 4493; x_wconf 79' lang='grc' dir='ltr'>ᾤοντο</span> <span class='ocrx_word' id='word_1_632' title='bbox 3397 4419 3520 4478; x_wconf 85' lang='grc' dir='ltr'>τοὺς</span> <span class='ocrx_word' id='word_1_633' title='bbox 3554 4409 3748 4476; x_wconf 77' lang='grc' dir='ltr'>ὀλίγους</span> 
     </span>
    </p>
   </div>
   <div class='ocr_carea' id='block_1_91' title="bbox 2199 4503 3747 4591">
    <p class='ocr_par' dir='ltr' id='par_1_91' title="bbox 2199 4503 3747 4591">
     <span class='ocr_line' id='line_1_91' title="bbox 2199 4503 3747 4591; baseline -0.015 -17"><span class='ocrx_word' id='word_1_634' title='bbox 2199 4523 2411 4574; x_wconf 81' lang='grc' dir='ltr'>πείθειν</span> <span class='ocrx_word' id='word_1_635' title='bbox 2445 4522 2477 4591; x_wconf 87' lang='grc' dir='ltr'>ἦ</span> <span class='ocrx_word' id='word_1_636' title='bbox 2521 4521 2755 4582; x_wconf 83' lang='grc' dir='ltr'>πάντας.</span> <span class='ocrx_word' id='word_1_637' title='bbox 2792 4519 2902 4572; x_wconf 70' lang='grc' dir='ltr'><strong>Καὶ</strong></span> <span class='ocrx_word' id='word_1_638' title='bbox 2929 4520 2978 4570; x_wconf 88' lang='grc' dir='ltr'>εἰ</span> <span class='ocrx_word' id='word_1_639' title='bbox 3019 4518 3117 4588; x_wconf 87' lang='grc' dir='ltr'>μὲν</span> <span class='ocrx_word' id='word_1_640' title='bbox 3170 4517 3456 4584; x_wconf 76' lang='grc' dir='ltr'>δυνηθεῖεν</span> <span class='ocrx_word' id='word_1_641' title='bbox 3497 4507 3590 4562; x_wconf 74' lang='grc' dir='ltr'>καὶ</span> <span class='ocrx_word' id='word_1_642' title='bbox 3629 4503 3747 4591; x_wconf 66' lang='grc' dir='ltr'>ἑκα-</span> 
     </span>
    </p>
   </div>
   <div class='ocr_carea' id='block_1_92' title="bbox 513 4589 2082 4687">
    <p class='ocr_par' dir='ltr' id='par_1_92' title="bbox 513 4610 2082 4687">
     <span class='ocr_line' id='line_1_92' title="bbox 513 4610 2082 4687; baseline -0.004 -16"><span class='ocrx_word' id='word_1_643' title='bbox 513 4632 622 4687; x_wconf 92' lang='lat' dir='ltr'><strong>que</strong></span> <span class='ocrx_word' id='word_1_644' title='bbox 663 4632 795 4670; x_wconf 81' lang='lat' dir='ltr'><strong>vero</strong></span> <span class='ocrx_word' id='word_1_645' title='bbox 833 4613 1128 4668; x_wconf 90' lang='lat' dir='ltr'><strong>formulam</strong></span> <span class='ocrx_word' id='word_1_646' title='bbox 1170 4611 1494 4667; x_wconf 67' lang='lat' dir='ltr'><strong>substantiae</strong></span> <span class='ocrx_word' id='word_1_647' title='bbox 1526 4626 1729 4666; x_wconf 90' lang='lat' dir='ltr'><strong>nomen</strong></span> <span class='ocrx_word' id='word_1_648' title='bbox 1774 4610 2004 4676; x_wconf 84' lang='lat' dir='ltr'><strong>habere,</strong></span> <span class='ocrx_word' id='word_1_649' title='bbox 2037 4619 2082 4666; x_wconf 86' lang='lat' dir='ltr'><strong>et</strong></span> 
     </span>
    </p>
   </div>
   <div class='ocr_carea' id='block_1_93' title="bbox 2187 4589 3747 4687">
    <p class='ocr_par' dir='ltr' id='par_1_93' title="bbox 2199 4589 3747 4687">
     <span class='ocr_line' id='line_1_93' title="bbox 2199 4589 3747 4687; baseline -0.008 -22"><span class='ocrx_word' id='word_1_650' title='bbox 2199 4613 2364 4684; x_wconf 85' lang='grc' dir='ltr'>τέραν</span> <span class='ocrx_word' id='word_1_651' title='bbox 2399 4589 2616 4665; x_wconf 83' lang='grc' dir='ltr'>σύνοδον</span> <span class='ocrx_word' id='word_1_652' title='bbox 2686 4610 2981 4682; x_wconf 82' lang='grc' dir='ltr'>σύμψηφον</span> <span class='ocrx_word' id='word_1_653' title='bbox 3037 4612 3229 4680; x_wconf 82' lang='grc' dir='ltr'>σχεῖν,</span> <span class='ocrx_word' id='word_1_654' title='bbox 3289 4601 3630 4678; x_wconf 81' lang='grc' dir='ltr'>μερισθέντες</span> <span class='ocrx_word' id='word_1_655' title='bbox 3683 4589 3747 4687; x_wconf 33' lang='grc' dir='ltr'>,ὲν</span> 
     </span>
    </p>
   </div>
   <div class='ocr_carea' id='block_1_94' title="bbox 514 4704 2086 4777">
    <p class='ocr_par' dir='ltr' id='par_1_94' title="bbox 514 4704 2086 4777">
     <span class='ocr_line' id='line_1_94' title="bbox 514 4704 2086 4777; baseline -0.003 -12"><span class='ocrx_word' id='word_1_656' title='bbox 514 4711 714 4766; x_wconf 86' lang='lat' dir='ltr'><strong>Filium</strong></span> <span class='ocrx_word' id='word_1_657' title='bbox 735 4709 882 4763; x_wconf 83' lang='lat' dir='ltr'><strong>Patri</strong></span> <span class='ocrx_word' id='word_1_658' title='bbox 905 4723 1002 4777; x_wconf 89' lang='lat' dir='ltr'><strong>per</strong></span> <span class='ocrx_word' id='word_1_659' title='bbox 1017 4706 1200 4760; x_wconf 81' lang='lat' dir='ltr'><strong>omnia</strong></span> <span class='ocrx_word' id='word_1_660' title='bbox 1225 4704 1456 4760; x_wconf 87' lang='lat' dir='ltr'><strong>similem</strong></span> <span class='ocrx_word' id='word_1_661' title='bbox 1483 4705 1688 4760; x_wconf 87' lang='lat' dir='ltr'><strong>diserte</strong></span> <span class='ocrx_word' id='word_1_662' title='bbox 1713 4705 2086 4775; x_wconf 76' lang='lat' dir='ltr'><strong>promulgare.</strong></span> 
     </span>
    </p>
   </div>
   <div class='ocr_carea' id='block_1_95' title="bbox 516 4799 2092 4870">
    <p class='ocr_par' dir='ltr' id='par_1_95' title="bbox 516 4799 2092 4870">
     <span class='ocr_line' id='line_1_95' title="bbox 516 4799 2092 4870; baseline -0.003 -12"><span class='ocrx_word' id='word_1_663' title='bbox 516 4805 592 4858; x_wconf 84' lang='lat' dir='ltr'><strong>Ac</strong></span> <span class='ocrx_word' id='word_1_664' title='bbox 613 4803 657 4857; x_wconf 89' lang='lat' dir='ltr'><strong>si</strong></span> <span class='ocrx_word' id='word_1_665' title='bbox 689 4803 743 4855; x_wconf 93' lang='lat' dir='ltr'><strong>in</strong></span> <span class='ocrx_word' id='word_1_666' title='bbox 772 4803 954 4855; x_wconf 91' lang='lat' dir='ltr'><strong>locum</strong></span> <span class='ocrx_word' id='word_1_667' title='bbox 985 4816 1153 4853; x_wconf 88' lang='lat' dir='ltr'><strong>unum</strong></span> <span class='ocrx_word' id='word_1_668' title='bbox 1179 4799 1424 4870; x_wconf 85' lang='lat' dir='ltr'><strong>episcopi</strong></span> <span class='ocrx_word' id='word_1_669' title='bbox 1453 4800 2092 4865; x_wconf 81' lang='lat' dir='ltr'><strong>convenirent,omnino</strong></span> 
     </span>
    </p>
   </div>
   <div class='ocr_carea' id='block_1_96' title="bbox 517 4891 2092 4963">
    <p class='ocr_par' dir='ltr' id='par_1_96' title="bbox 517 4891 2092 4963">
     <span class='ocr_line' id='line_1_96' title="bbox 517 4891 2092 4963; baseline -0.002 -14"><span class='ocrx_word' id='word_1_670' title='bbox 517 4912 612 4951; x_wconf 86' lang='lat' dir='ltr'><strong>cos</strong></span> <span class='ocrx_word' id='word_1_671' title='bbox 644 4893 788 4950; x_wconf 84' lang='lat' dir='ltr'><strong>Aetii</strong></span> <span class='ocrx_word' id='word_1_672' title='bbox 822 4892 1164 4963; x_wconf 88' lang='lat' dir='ltr'><strong>opinionem,</strong></span> <span class='ocrx_word' id='word_1_673' title='bbox 1209 4908 1375 4962; x_wconf 86' lang='lat' dir='ltr'><strong>quam</strong></span> <span class='ocrx_word' id='word_1_674' title='bbox 1420 4893 1523 4962; x_wconf 88' lang='lat' dir='ltr'><strong>ipsi</strong></span> <span class='ocrx_word' id='word_1_675' title='bbox 1572 4892 1866 4946; x_wconf 90' lang='lat' dir='ltr'><strong>laudantes</strong></span> <span class='ocrx_word' id='word_1_676' title='bbox 1905 4891 2092 4947; x_wconf 84' lang='lat' dir='ltr'><strong>studio</strong></span> 
     </span>
    </p>
   </div>
   <div class='ocr_carea' id='block_1_97' title="bbox 516 4985 2095 5055">
    <p class='ocr_par' dir='ltr' id='par_1_97' title="bbox 516 4985 2095 5055">
     <span class='ocr_line' id='line_1_97' title="bbox 516 4985 2095 5055; baseline -0.003 -12"><span class='ocrx_word' id='word_1_677' title='bbox 516 4989 670 5043; x_wconf 89' lang='lat' dir='ltr'><strong>omni</strong></span> <span class='ocrx_word' id='word_1_678' title='bbox 705 4987 961 5041; x_wconf 85' lang='lat' dir='ltr'><strong>stabilire</strong></span> <span class='ocrx_word' id='word_1_679' title='bbox 993 4987 1367 5054; x_wconf 86' lang='lat' dir='ltr'><strong>conabantur,</strong></span> <span class='ocrx_word' id='word_1_680' title='bbox 1395 4985 1791 5055; x_wconf 82' lang='lat' dir='ltr'><strong>repudiaturos</strong></span> <span class='ocrx_word' id='word_1_681' title='bbox 1815 5001 1960 5051; x_wconf 85' lang='lat' dir='ltr'><strong>esse,</strong></span> <span class='ocrx_word' id='word_1_682' title='bbox 1984 4986 2095 5040; x_wconf 88' lang='lat' dir='ltr'><strong>illis</strong></span> 
     </span>
    </p>
   </div>
   <div class='ocr_carea' id='block_1_98' title="bbox 516 5077 2092 5149">
    <p class='ocr_par' dir='ltr' id='par_1_98' title="bbox 516 5077 2092 5149">
     <span class='ocr_line' id='line_1_98' title="bbox 516 5077 2092 5149; baseline -0.003 -15"><span class='ocrx_word' id='word_1_683' title='bbox 516 5081 744 5134; x_wconf 90' lang='lat' dir='ltr'><strong>minimc</strong></span> <span class='ocrx_word' id='word_1_684' title='bbox 797 5078 1032 5134; x_wconf 87' lang='lat' dir='ltr'><strong>dubium</strong></span> <span class='ocrx_word' id='word_1_685' title='bbox 1084 5078 1212 5133; x_wconf 87' lang='lat' dir='ltr'><strong>fuit.</strong></span> <span class='ocrx_word' id='word_1_686' title='bbox 1267 5078 1407 5145; x_wconf 84' lang='lat' dir='ltr'><strong>Quid</strong></span> <span class='ocrx_word' id='word_1_687' title='bbox 1451 5095 1582 5149; x_wconf 79' lang='lat' dir='ltr'><strong>ergo</strong></span> <span class='ocrx_word' id='word_1_688' title='bbox 1616 5077 1863 5133; x_wconf 85' lang='lat' dir='ltr'><strong>faciunt?</strong></span> <span class='ocrx_word' id='word_1_689' title='bbox 1898 5077 2092 5132; x_wconf 90' lang='lat' dir='ltr'><strong>Dolum</strong></span> 
     </span>
    </p>
   </div>
   <div class='ocr_carea' id='block_1_99' title="bbox 517 5169 2098 5239">
    <p class='ocr_par' dir='ltr' id='par_1_99' title="bbox 517 5169 2098 5239">
     <span class='ocr_line' id='line_1_99' title="bbox 517 5169 2098 5239; baseline -0.004 -11"><span class='ocrx_word' id='word_1_690' title='bbox 517 5175 840 5233; x_wconf 85' lang='lat' dir='ltr'><strong>instituunt,</strong></span> <span class='ocrx_word' id='word_1_691' title='bbox 876 5181 936 5226; x_wconf 91' lang='lat' dir='ltr'><strong>ut</strong></span> <span class='ocrx_word' id='word_1_692' title='bbox 960 5170 1348 5225; x_wconf 81' lang='lat' dir='ltr'><strong>Occidentales</strong></span> <span class='ocrx_word' id='word_1_693' title='bbox 1367 5171 1592 5239; x_wconf 85' lang='lat' dir='ltr'><strong>quidem</strong></span> <span class='ocrx_word' id='word_1_694' title='bbox 1623 5170 1881 5236; x_wconf 77' lang='lat' dir='ltr'><strong>Arimini,</strong></span> <span class='ocrx_word' id='word_1_695' title='bbox 1902 5169 2098 5224; x_wconf 89' lang='lat' dir='ltr'><strong>Orien-</strong></span> 
     </span>
    </p>
   </div>
   <div class='ocr_carea' id='block_1_100' title="bbox 520 5261 2097 5333">
    <p class='ocr_par' dir='ltr' id='par_1_100' title="bbox 520 5261 2097 5333">
     <span class='ocr_line' id='line_1_100' title="bbox 520 5261 2097 5333; baseline -0.002 -14"><span class='ocrx_word' id='word_1_696' title='bbox 520 5265 656 5320; x_wconf 89' lang='lat' dir='ltr'><strong>tales</strong></span> <span class='ocrx_word' id='word_1_697' title='bbox 685 5279 818 5318; x_wconf 83' lang='lat' dir='ltr'><strong>vero</strong></span> <span class='ocrx_word' id='word_1_698' title='bbox 863 5263 1131 5319; x_wconf 69' lang='lat' dir='ltr'><strong>Seleuciae</strong></span> <span class='ocrx_word' id='word_1_699' title='bbox 1165 5271 1663 5333; x_wconf 80' lang='lat' dir='ltr'><strong>congregarentur,</strong></span> <span class='ocrx_word' id='word_1_700' title='bbox 1693 5271 1754 5316; x_wconf 90' lang='lat' dir='ltr'><strong>ut</strong></span> <span class='ocrx_word' id='word_1_701' title='bbox 1782 5276 1849 5316; x_wconf 88' lang='lat' dir='ltr'><strong>eo</strong></span> <span class='ocrx_word' id='word_1_702' title='bbox 1874 5261 2097 5316; x_wconf 89' lang='lat' dir='ltr'><strong>facilius</strong></span> 
     </span>
    </p>
   </div>
   <div class='ocr_carea' id='block_1_101' title="bbox 516 5356 2095 5429">
    <p class='ocr_par' dir='ltr' id='par_1_101' title="bbox 516 5356 2095 5429">
     <span class='ocr_line' id='line_1_101' title="bbox 516 5356 2095 5429; baseline -0.001 -18"><span class='ocrx_word' id='word_1_703' title='bbox 516 5357 667 5427; x_wconf 91' lang='lat' dir='ltr'><strong>quod</strong></span> <span class='ocrx_word' id='word_1_704' title='bbox 728 5359 965 5429; x_wconf 79' lang='lat' dir='ltr'><strong>agebant</strong></span> <span class='ocrx_word' id='word_1_705' title='bbox 1021 5356 1404 5426; x_wconf 82' lang='lat' dir='ltr'><strong>perficeretur.</strong></span> <span class='ocrx_word' id='word_1_706' title='bbox 1475 5356 1790 5410; x_wconf 69' lang='grc' dir='ltr'>Ρνοοιῐνὶιιε</span> <span class='ocrx_word' id='word_1_707' title='bbox 1853 5369 2095 5424; x_wconf 86' lang='lat' dir='ltr'><strong>namque</strong></span> 
     </span>
    </p>
   </div>
   <div class='ocr_carea' id='block_1_102' title="bbox 515 5448 2094 5521">
    <p class='ocr_par' dir='ltr' id='par_1_102' title="bbox 515 5448 2094 5521">
     <span class='ocr_line' id='line_1_102' title="bbox 515 5448 2094 5521; baseline 0 -20"><span class='ocrx_word' id='word_1_708' title='bbox 515 5451 812 5517; x_wconf 85' lang='lat' dir='ltr'><strong>putabant,</strong></span> <span class='ocrx_word' id='word_1_709' title='bbox 845 5452 1036 5520; x_wconf 90' lang='lat' dir='ltr'><strong>paucis</strong></span> <span class='ocrx_word' id='word_1_710' title='bbox 1064 5467 1227 5521; x_wconf 90' lang='lat' dir='ltr'><strong>quam</strong></span> <span class='ocrx_word' id='word_1_711' title='bbox 1261 5450 1472 5517; x_wconf 87' lang='lat' dir='ltr'><strong>multis,</strong></span> <span class='ocrx_word' id='word_1_712' title='bbox 1511 5448 1659 5520; x_wconf 90' lang='lat' dir='ltr'><strong>quod</strong></span> <span class='ocrx_word' id='word_1_713' title='bbox 1693 5449 1926 5514; x_wconf 78' lang='lat' dir='ltr'><strong>vellent,</strong></span> <span class='ocrx_word' id='word_1_714' title='bbox 1968 5463 2094 5516; x_wconf 85' lang='lat' dir='ltr'><strong>per-</strong></span> 
     </span>
    </p>
   </div>
   <div class='ocr_carea' id='block_1_103' title="bbox 516 5539 2097 5612">
    <p class='ocr_par' dir='ltr' id='par_1_103' title="bbox 516 5539 2097 5612">
     <span class='ocr_line' id='line_1_103' title="bbox 516 5539 2097 5612; baseline 0 -20"><span class='ocrx_word' id='word_1_715' title='bbox 516 5540 775 5594; x_wconf 87' lang='lat' dir='ltr'><strong>suadere.</strong></span> <span class='ocrx_word' id='word_1_716' title='bbox 809 5540 874 5596; x_wconf 85' lang='lat' dir='ltr'><strong>Et</strong></span> <span class='ocrx_word' id='word_1_717' title='bbox 900 5541 1164 5596; x_wconf 88' lang='lat' dir='ltr'><strong>Patribus</strong></span> <span class='ocrx_word' id='word_1_718' title='bbox 1187 5543 1263 5597; x_wconf 89' lang='lat' dir='ltr'><strong>ita</strong></span> <span class='ocrx_word' id='word_1_719' title='bbox 1297 5541 1624 5612; x_wconf 80' lang='lat' dir='ltr'><strong>segregatis,</strong></span> <span class='ocrx_word' id='word_1_720' title='bbox 1659 5539 1933 5611; x_wconf 89' lang='lat' dir='ltr'><strong>siquidem</strong></span> <span class='ocrx_word' id='word_1_721' title='bbox 1969 5553 2097 5609; x_wconf 89' lang='lat' dir='ltr'><strong>pos-</strong></span> 
     </span>
    </p>
   </div>
   <div class='ocr_carea' id='block_1_104' title="bbox 517 5633 2091 5705">
    <p class='ocr_par' dir='ltr' id='par_1_104' title="bbox 517 5633 2091 5705">
     <span class='ocr_line' id='line_1_104' title="bbox 517 5633 2091 5705; baseline 0 -20"><span class='ocrx_word' id='word_1_722' title='bbox 517 5644 662 5696; x_wconf 89' lang='lat' dir='ltr'><strong>sent,</strong></span> <span class='ocrx_word' id='word_1_723' title='bbox 693 5641 982 5705; x_wconf 89' lang='lat' dir='ltr'><strong>utramque</strong></span> <span class='ocrx_word' id='word_1_724' title='bbox 1005 5636 1172 5690; x_wconf 88' lang='lat' dir='ltr'><strong>etiam</strong></span> <span class='ocrx_word' id='word_1_725' title='bbox 1195 5635 1490 5705; x_wconf 75' lang='lat' dir='ltr'><strong>synodum,</strong></span> <span class='ocrx_word' id='word_1_726' title='bbox 1515 5633 1746 5688; x_wconf 89' lang='lat' dir='ltr'><strong>dissidio</strong></span> <span class='ocrx_word' id='word_1_727' title='bbox 1771 5633 1823 5686; x_wconf 94' lang='lat' dir='ltr'><strong>in</strong></span> <span class='ocrx_word' id='word_1_728' title='bbox 1854 5643 2091 5700; x_wconf 89' lang='lat' dir='ltr'><strong>utraque</strong></span> 
     </span>
    </p>
   </div>
   <div class='ocr_carea' id='block_1_105' title="bbox 518 5721 2092 5789">
    <p class='ocr_par' dir='ltr' id='par_1_105' title="bbox 518 5721 2092 5789">
     <span class='ocr_line' id='line_1_105' title="bbox 518 5721 2092 5789; baseline 0.001 -16"><span class='ocrx_word' id='word_1_729' title='bbox 518 5721 796 5789; x_wconf 88' lang='lat' dir='ltr'><strong>instituto,</strong></span> <span class='ocrx_word' id='word_1_730' title='bbox 856 5726 941 5780; x_wconf 92' lang='lat' dir='ltr'><strong>sin</strong></span> <span class='ocrx_word' id='word_1_731' title='bbox 993 5727 1196 5788; x_wconf 88' lang='lat' dir='ltr'><strong>minus,</strong></span> <span class='ocrx_word' id='word_1_732' title='bbox 1245 5725 1475 5778; x_wconf 87' lang='lat' dir='ltr'><strong>alteram</strong></span> <span class='ocrx_word' id='word_1_733' title='bbox 1521 5723 1719 5778; x_wconf 80' lang='lat' dir='ltr'><strong>saltent</strong></span> <span class='ocrx_word' id='word_1_734' title='bbox 1765 5724 1819 5777; x_wconf 93' lang='lat' dir='ltr'><strong>in</strong></span> <span class='ocrx_word' id='word_1_735' title='bbox 1870 5730 2092 5778; x_wconf 75' lang='lat' dir='ltr'><strong>sentcn-</strong></span> 
     </span>
    </p>
   </div>
   <div class='ocr_carea' id='block_1_106' title="bbox 592 5898 1553 5973">
    <p class='ocr_par' dir='ltr' id='par_1_106' title="bbox 592 5898 1553 5973">
     <span class='ocr_line' id='line_1_106' title="bbox 592 5898 1553 5973; baseline -0.006 -11"><span class='ocrx_word' id='word_1_736' title='bbox 592 5898 666 5972; x_wconf 82' lang='grc' dir='ltr'><strong>(Ι)</strong></span> <span class='ocrx_word' id='word_1_737' title='bbox 701 5901 783 5957; x_wconf 80' lang='lat' dir='ltr'><strong>Cf.</strong></span> <span class='ocrx_word' id='word_1_738' title='bbox 824 5905 1039 5960; x_wconf 82' lang='lat' dir='ltr'><strong>Sozom.</strong></span> <span class='ocrx_word' id='word_1_739' title='bbox 1072 5905 1165 5959; x_wconf 86' lang='lat' dir='ltr'><strong>lib.</strong></span> <span class='ocrx_word' id='word_1_740' title='bbox 1202 5919 1273 5971; x_wconf 73' lang='grc' dir='ltr'><strong>ιν,</strong></span> <span class='ocrx_word' id='word_1_741' title='bbox 1312 5919 1430 5973; x_wconf 80' lang='lat' dir='ltr'><strong>eap.</strong></span> <span class='ocrx_word' id='word_1_742' title='bbox 1473 5905 1553 5958; x_wconf 76' lang='lat' dir='ltr'><strong>l6.</strong></span> 
     </span>
    </p>
   </div>
   <div class='ocr_carea' id='block_1_107' title="bbox 2195 4681 3745 4778">
    <p class='ocr_par' dir='ltr' id='par_1_107' title="bbox 2195 4681 3745 4778">
     <span class='ocr_line' id='line_1_107' title="bbox 2195 4681 3745 4778; baseline -0.031 0"><span class='ocrx_word' id='word_1_743' title='bbox 2195 4681 2559 4778; x_wconf 55' lang='grc' dir='ltr'>ἀμφοτέραις</span> <span class='ocrx_word' id='word_1_744' title='bbox 2591 4707 2644 4758; x_wconf 80' lang='grc' dir='ltr'>εἴ</span> <span class='ocrx_word' id='word_1_745' title='bbox 2687 4707 2734 4759; x_wconf 89' lang='grc' dir='ltr'>δ’</span> <span class='ocrx_word' id='word_1_746' title='bbox 2758 4681 2874 4770; x_wconf 77' lang='grc' dir='ltr'>οὖν,</span> <span class='ocrx_word' id='word_1_747' title='bbox 2909 4705 3169 4774; x_wconf 87' lang='grc' dir='ltr'>θατέραν,</span> <span class='ocrx_word' id='word_1_748' title='bbox 3207 4704 3295 4756; x_wconf 79' lang='grc' dir='ltr'>ἵνα</span> <span class='ocrx_word' id='word_1_749' title='bbox 3338 4702 3413 4772; x_wconf 82' lang='grc' dir='ltr'>μὴ</span> <span class='ocrx_word' id='word_1_750' title='bbox 3446 4695 3562 4756; x_wconf 80' lang='grc' dir='ltr'>ταῖς</span> <span class='ocrx_word' id='word_1_751' title='bbox 3595 4681 3745 4741; x_wconf 83' lang='grc' dir='ltr'>ἁπάν-</span> 
     </span>
    </p>
   </div>
   <div class='ocr_carea' id='block_1_108' title="bbox 2196 4782 3742 4870">
    <p class='ocr_par' dir='ltr' id='par_1_108' title="bbox 2196 4782 3742 4870">
     <span class='ocr_line' id='line_1_108' title="bbox 2196 4782 3742 4870; baseline -0.028 4"><span class='ocrx_word' id='word_1_752' title='bbox 2196 4817 2306 4854; x_wconf 77' lang='grc' dir='ltr'><strong>των</strong></span> <span class='ocrx_word' id='word_1_753' title='bbox 2333 4801 2585 4870; x_wconf 60' lang='grc' dir='ltr'>ψήφοιςὴ</span> <span class='ocrx_word' id='word_1_754' title='bbox 2617 4799 2796 4853; x_wconf 70' lang='grc' dir='ltr'>αὐτῶν</span> <span class='ocrx_word' id='word_1_755' title='bbox 2820 4799 3033 4868; x_wconf 74' lang='grc' dir='ltr'>αἵρεσις</span> <span class='ocrx_word' id='word_1_756' title='bbox 3056 4792 3500 4865; x_wconf 80' lang='grc' dir='ltr'>ἀποκηρυχθεέη.</span> <span class='ocrx_word' id='word_1_757' title='bbox 3526 4782 3742 4845; x_wconf 62' lang='lat' dir='ltr'><strong>“Eupat-</strong></span> 
     </span>
    </p>
   </div>
   <div class='ocr_carea' id='block_1_109' title="bbox 2196 4870 3747 4968">
    <p class='ocr_par' dir='ltr' id='par_1_109' title="bbox 2196 4879 3747 4968">
     <span class='ocr_line' id='line_1_109' title="bbox 2196 4879 3747 4968; baseline -0.005 -22"><span class='ocrx_word' id='word_1_758' title='bbox 2196 4912 2288 4946; x_wconf 89' lang='grc' dir='ltr'><strong>τον</strong></span> <span class='ocrx_word' id='word_1_759' title='bbox 2323 4894 2379 4945; x_wconf 85' lang='grc' dir='ltr'>δὲ</span> <span class='ocrx_word' id='word_1_760' title='bbox 2413 4893 2589 4946; x_wconf 82' lang='grc' dir='ltr'>ταῦτα</span> <span class='ocrx_word' id='word_1_761' title='bbox 2626 4892 2716 4946; x_wconf 75' lang='grc' dir='ltr'><strong>διὰ</strong></span> <span class='ocrx_word' id='word_1_762' title='bbox 2735 4891 2828 4944; x_wconf 75' lang='grc' dir='ltr'><strong>τοῦ</strong></span> <span class='ocrx_word' id='word_1_763' title='bbox 2865 4891 3124 4961; x_wconf 84' lang='grc' dir='ltr'>εὐνούχου</span> <span class='ocrx_word' id='word_1_764' title='bbox 3159 4889 3424 4941; x_wconf 59' lang='grc' dir='ltr'>Εὐσεδίου</span> <span class='ocrx_word' id='word_1_765' title='bbox 3462 4879 3747 4968; x_wconf 60' lang='grc' dir='ltr'><strong>’ῐῖτίνικσιυξτ³</strong></span> 
     </span>
    </p>
   </div>
   <div class='ocr_carea' id='block_1_110' title="bbox 2197 4967 3746 5066">
    <p class='ocr_par' dir='ltr' id='par_1_110' title="bbox 2197 4967 3746 5066">
     <span class='ocr_line' id='line_1_110' title="bbox 2197 4967 3746 5066; baseline 0.006 -30"><span class='ocrx_word' id='word_1_766' title='bbox 2197 4986 2297 5056; x_wconf 79' lang='grc' dir='ltr'>τῆς</span> <span class='ocrx_word' id='word_1_767' title='bbox 2360 4984 2650 5054; x_wconf 81' lang='grc' dir='ltr'>βασιλικῆς</span> <span class='ocrx_word' id='word_1_768' title='bbox 2708 4982 2892 5045; x_wconf 77' lang='grc' dir='ltr'>οἰκίας</span> <span class='ocrx_word' id='word_1_769' title='bbox 2967 4978 3396 5051; x_wconf 77' lang='grc' dir='ltr'>προεστηκότος·</span> <span class='ocrx_word' id='word_1_770' title='bbox 3448 4970 3606 5066; x_wconf 59' lang='grc' dir='ltr'><strong>οὗξίξί</strong></span> <span class='ocrx_word' id='word_1_771' title='bbox 3642 4967 3746 5066; x_wconf 49' lang='lat' dir='ltr'><strong>Ia?</strong></span> 
     </span>
    </p>
   </div>
   <div class='ocr_carea' id='block_1_111' title="bbox 2199 5051 3742 5149">
    <p class='ocr_par' dir='ltr' id='par_1_111' title="bbox 2199 5051 3742 5149">
     <span class='ocr_line' id='line_1_111' title="bbox 2199 5051 3742 5149; baseline -0.03 -5"><span class='ocrx_word' id='word_1_772' title='bbox 2199 5051 2485 5149; x_wconf 58' lang='grc' dir='ltr'>σύμπνους</span> <span class='ocrx_word' id='word_1_773' title='bbox 2505 5075 2580 5131; x_wconf 81' lang='grc' dir='ltr'>ὣν</span> <span class='ocrx_word' id='word_1_774' title='bbox 2609 5051 2677 5130; x_wconf 76' lang='grc' dir='ltr'>τὰ</span> <span class='ocrx_word' id='word_1_775' title='bbox 2715 5075 2951 5146; x_wconf 85' lang='grc' dir='ltr'>μάλιστα</span> <span class='ocrx_word' id='word_1_776' title='bbox 2985 5076 3081 5127; x_wconf 72' lang='grc' dir='ltr'>καὶ</span> <span class='ocrx_word' id='word_1_777' title='bbox 3111 5074 3371 5143; x_wconf 74' lang='grc' dir='ltr'>όμόφρων</span> <span class='ocrx_word' id='word_1_778' title='bbox 3399 5066 3473 5135; x_wconf 85' lang='grc' dir='ltr'>τῷ</span> <span class='ocrx_word' id='word_1_779' title='bbox 3508 5051 3742 5149; x_wconf 73' lang='grc' dir='ltr'>Εύδοξίιρ.</span> 
     </span>
    </p>
   </div>
   <div class='ocr_carea' id='block_1_112' title="bbox 2202 5138 3745 5236">
    <p class='ocr_par' dir='ltr' id='par_1_112' title="bbox 2202 5138 3745 5236">
     <span class='ocr_line' id='line_1_112' title="bbox 2202 5138 3745 5236; baseline -0.015 -11"><span class='ocrx_word' id='word_1_780' title='bbox 2202 5138 2312 5225; x_wconf 68' lang='grc' dir='ltr'>καὶ</span> <span class='ocrx_word' id='word_1_781' title='bbox 2338 5138 2488 5226; x_wconf 71' lang='grc' dir='ltr'>ἄλλοι</span> <span class='ocrx_word' id='word_1_782' title='bbox 2527 5171 2669 5234; x_wconf 73' lang='grc' dir='ltr'>τινες</span> <span class='ocrx_word' id='word_1_783' title='bbox 2715 5138 2822 5222; x_wconf 74' lang='grc' dir='ltr'>τῶν</span> <span class='ocrx_word' id='word_1_784' title='bbox 2854 5171 2909 5220; x_wconf 79' lang='grc' dir='ltr'>ὲν</span> <span class='ocrx_word' id='word_1_785' title='bbox 2941 5167 3086 5221; x_wconf 83' lang='grc' dir='ltr'>τέλει</span> <span class='ocrx_word' id='word_1_786' title='bbox 3111 5138 3502 5236; x_wconf 71' lang='grc' dir='ltr'>κεχαρισμένοι</span> <span class='ocrx_word' id='word_1_787' title='bbox 3531 5151 3588 5204; x_wconf 83' lang='grc' dir='ltr'>τὸ</span> <span class='ocrx_word' id='word_1_788' title='bbox 3625 5138 3745 5209; x_wconf 68' lang='grc' dir='ltr'>πρὸς</span> 
     </span>
    </p>
   </div>
   <div class='ocr_carea' id='block_1_113' title="bbox 2202 5242 3806 5335">
    <p class='ocr_par' dir='ltr' id='par_1_113' title="bbox 2202 5242 3806 5335">
     <span class='ocr_line' id='line_1_113' title="bbox 2202 5242 3806 5335; baseline -0.014 -18"><span class='ocrx_word' id='word_1_789' title='bbox 2202 5264 2399 5335; x_wconf 84' lang='grc' dir='ltr'>βουλῆς</span> <span class='ocrx_word' id='word_1_790' title='bbox 2432 5263 2579 5317; x_wconf 76' lang='grc' dir='ltr'>ἅπαν</span> <span class='ocrx_word' id='word_1_791' title='bbox 2611 5264 2799 5332; x_wconf 68' lang='grc' dir='ltr'>ἤνυον.</span> <span class='ocrx_word' id='word_1_792' title='bbox 2857 5255 2952 5325; x_wconf 74' lang='grc' dir='ltr'>Οἷς</span> <span class='ocrx_word' id='word_1_793' title='bbox 3003 5259 3249 5321; x_wconf 62' lang='grc' dir='ltr'>πεισθεὶς</span> <span class='ocrx_word' id='word_1_794' title='bbox 3298 5261 3325 5310; x_wconf 83' lang='grc' dir='ltr'>ὁ</span> <span class='ocrx_word' id='word_1_795' title='bbox 3377 5242 3744 5335; x_wconf 51' lang='grc' dir='ltr'><strong>Κωνστᾷντξοὲν</strong></span> <span class='ocrx_word' id='word_1_796' title='bbox 3797 5251 3806 5256; x_wconf 78' lang='grc'><strong>“</strong></span> 
     </span>
    </p>
   </div>
   <div class='ocr_carea' id='block_1_114' title="bbox 2201 5326 3743 5426">
    <p class='ocr_par' dir='ltr' id='par_1_114' title="bbox 2201 5326 3743 5426">
     <span class='ocr_line' id='line_1_114' title="bbox 2201 5326 3743 5426; baseline -0.018 -14"><span class='ocrx_word' id='word_1_797' title='bbox 2201 5326 2277 5421; x_wconf 66' lang='lat' dir='ltr'><strong>ib;</strong></span> <span class='ocrx_word' id='word_1_798' title='bbox 2323 5326 2644 5421; x_wconf 71' lang='grc' dir='ltr'>ἀλυσιτελές</span> <span class='ocrx_word' id='word_1_799' title='bbox 2673 5374 2735 5410; x_wconf 89' lang='grc' dir='ltr'><strong>τε</strong></span> <span class='ocrx_word' id='word_1_800' title='bbox 2781 5355 2858 5425; x_wconf 81' lang='grc' dir='ltr'>τῷ</span> <span class='ocrx_word' id='word_1_801' title='bbox 2893 5355 3144 5426; x_wconf 83' lang='grc' dir='ltr'>δημοσίῳ</span> <span class='ocrx_word' id='word_1_802' title='bbox 3194 5353 3282 5407; x_wconf 79' lang='grc' dir='ltr'>διὰ</span> <span class='ocrx_word' id='word_1_803' title='bbox 3315 5353 3412 5418; x_wconf 72' lang='grc' dir='ltr'>τὴν</span> <span class='ocrx_word' id='word_1_804' title='bbox 3442 5334 3631 5426; x_wconf 53' lang='grc' dir='ltr'>πολλὴν</span> <span class='ocrx_word' id='word_1_805' title='bbox 3661 5326 3743 5375; x_wconf 74' lang='grc' dir='ltr'><strong>δα⁶</strong></span> 
     </span>
    </p>
   </div>
   <div class='ocr_carea' id='block_1_115' title="bbox 2201 5423 3743 5522">
    <p class='ocr_par' dir='ltr' id='par_1_115' title="bbox 2201 5423 3743 5522">
     <span class='ocr_line' id='line_1_115' title="bbox 2201 5423 3743 5522; baseline 0.018 -27"><span class='ocrx_word' id='word_1_806' title='bbox 2201 5453 2403 5520; x_wconf 83' lang='grc' dir='ltr'>πάνην,</span> <span class='ocrx_word' id='word_1_807' title='bbox 2461 5451 2557 5502; x_wconf 72' lang='grc' dir='ltr'>καὶ</span> <span class='ocrx_word' id='word_1_808' title='bbox 2589 5451 2777 5512; x_wconf 75' lang='grc' dir='ltr'>αὐτοῖς</span> <span class='ocrx_word' id='word_1_809' title='bbox 2810 5449 2921 5509; x_wconf 79' lang='grc' dir='ltr'>τοῖς</span> <span class='ocrx_word' id='word_1_810' title='bbox 2963 5447 3194 5516; x_wconf 67' lang='grc' dir='ltr'>ἱερεῦσιν</span> <span class='ocrx_word' id='word_1_811' title='bbox 3236 5445 3324 5497; x_wconf 64' lang='grc' dir='ltr'><strong>διὰ</strong></span> <span class='ocrx_word' id='word_1_812' title='bbox 3349 5441 3407 5492; x_wconf 74' lang='grc' dir='ltr'><strong>τδ</strong></span> <span class='ocrx_word' id='word_1_813' title='bbox 3438 5435 3532 5501; x_wconf 66' lang='grc' dir='ltr'><strong>τῆς</strong></span> 
     </span>
    </p>
   </div>
   <div class='ocr_carea' id='block_1_116' title="bbox 2205 5514 3742 5615">
    <p class='ocr_par' dir='ltr' id='par_1_116' title="bbox 2205 5514 3742 5615">
     <span class='ocr_line' id='line_1_116' title="bbox 2205 5514 3742 5615; baseline 0.001 0"><span class='ocrx_word' id='word_1_814' title='bbox 2205 5546 2326 5615; x_wconf 80' lang='grc' dir='ltr'>Ρίας</span> <span class='ocrx_word' id='word_1_815' title='bbox 2379 5543 2594 5614; x_wconf 77' lang='grc' dir='ltr'>μακρὸν</span> <span class='ocrx_word' id='word_1_816' title='bbox 2621 5583 2634 5604; x_wconf 86' lang='grc'><strong>.</strong></span> <span class='ocrx_word' id='word_1_817' title='bbox 2681 5545 2759 5604; x_wconf 82' lang='grc' dir='ltr'><strong>εἰς</strong></span> <span class='ocrx_word' id='word_1_818' title='bbox 2799 5540 2854 5592; x_wconf 75' lang='grc' dir='ltr'>ἓν</span> <span class='ocrx_word' id='word_1_819' title='bbox 2893 5539 3145 5601; x_wconf 67' lang='grc' dir='ltr'>ἅπαντας</span> <span class='ocrx_word' id='word_1_820' title='bbox 3206 5531 3478 5590; x_wconf 80' lang='grc' dir='ltr'>συνελθεῖν</span> <span class='ocrx_word' id='word_1_821' title='bbox 3503 5561 3534 5615; x_wconf 63' lang='lat'><strong>:_</strong></span> <span class='ocrx_word' id='word_1_822' title='bbox 3567 5514 3742 5615; x_wconf 36' lang='lat' dir='ltr'><strong>mihi?</strong></span> 
     </span>
    </p>
   </div>
   <div class='ocr_carea' id='block_1_117' title="bbox 2200 5596 3738 5699">
    <p class='ocr_par' dir='ltr' id='par_1_117' title="bbox 2200 5596 3738 5699">
     <span class='ocr_line' id='line_1_117' title="bbox 2205 5596 3140 5615; baseline -0.007 -7"><span class='ocrx_word' id='word_1_823' title='bbox 2205 5596 2214 5615; x_wconf 86' lang='lat'>.</span> <span class='ocrx_word' id='word_1_824' title='bbox 2269 5596 2273 5597; x_wconf 47' lang='grc' dir='ltr'><strong>ν</strong></span> <span class='ocrx_word' id='word_1_825' title='bbox 2307 5596 2323 5607; x_wconf 85' lang='grc'><strong>.</strong></span> <span class='ocrx_word' id='word_1_826' title='bbox 2379 5596 2391 5614; x_wconf 87' lang='grc'><strong>,</strong></span> <span class='ocrx_word' id='word_1_827' title='bbox 2502 5596 2512 5612; x_wconf 83' lang='lat'><em>.</em></span> <span class='ocrx_word' id='word_1_828' title='bbox 2625 5596 2633 5604; x_wconf 90' lang='lat'><strong>.</strong></span> <span class='ocrx_word' id='word_1_829' title='bbox 2743 5596 2757 5604; x_wconf 85' lang='lat'><strong>.</strong></span> <span class='ocrx_word' id='word_1_830' title='bbox 3127 5596 3140 5601; x_wconf 80' lang='lat'><strong>-</strong></span> 
     </span>
     <span class='ocr_line' id='line_1_118' title="bbox 2200 5596 3738 5699; baseline -0.006 -16"><span class='ocrx_word' id='word_1_831' title='bbox 2200 5634 2280 5694; x_wconf 83' lang='grc' dir='ltr'><strong>είς</strong></span> <span class='ocrx_word' id='word_1_832' title='bbox 2324 5631 2418 5683; x_wconf 93' lang='grc' dir='ltr'><strong>δύο</strong></span> <span class='ocrx_word' id='word_1_833' title='bbox 2460 5632 2561 5699; x_wconf 82' lang='grc' dir='ltr'>τὴν</span> <span class='ocrx_word' id='word_1_834' title='bbox 2598 5629 2839 5693; x_wconf 86' lang='grc' dir='ltr'>σύνοδον,</span> <span class='ocrx_word' id='word_1_835' title='bbox 2874 5631 2968 5682; x_wconf 70' lang='grc' dir='ltr'>καὶ</span> <span class='ocrx_word' id='word_1_836' title='bbox 3003 5627 3370 5698; x_wconf 83' lang='grc' dir='ltr'>προσέταττεν</span> <span class='ocrx_word' id='word_1_837' title='bbox 3397 5623 3451 5673; x_wconf 76' lang='grc' dir='ltr'>ὲν</span> <span class='ocrx_word' id='word_1_838' title='bbox 3493 5596 3738 5699; x_wconf 42' lang='grc' dir='ltr'><strong>’Ᾱρίξιίνίέ</strong></span> 
     </span>
    </p>
   </div>
   <div class='ocr_carea' id='block_1_118' title="bbox 2201 5693 3738 5792">
    <p class='ocr_par' dir='ltr' id='par_1_118' title="bbox 2201 5693 3738 5792">
     <span class='ocr_line' id='line_1_119' title="bbox 2201 5693 3738 5792; baseline -0.008 -15"><span class='ocrx_word' id='word_1_839' title='bbox 2201 5726 2294 5778; x_wconf 68' lang='grc' dir='ltr'><strong>καὶ</strong></span> <span class='ocrx_word' id='word_1_840' title='bbox 2343 5724 2637 5792; x_wconf 71' lang='grc' dir='ltr'>Σελευκείᾳ</span> <span class='ocrx_word' id='word_1_841' title='bbox 2691 5722 2950 5790; x_wconf 87' lang='grc' dir='ltr'>γενέσθαι</span> <span class='ocrx_word' id='word_1_842' title='bbox 3012 5722 3110 5792; x_wconf 69' lang='grc' dir='ltr'>τὴν</span> <span class='ocrx_word' id='word_1_843' title='bbox 3141 5719 3378 5784; x_wconf 85' lang='grc' dir='ltr'>σύναξιν.</span> <span class='ocrx_word' id='word_1_844' title='bbox 3406 5705 3508 5766; x_wconf 65' lang='grc' dir='ltr'><strong>Καὶ</strong></span> <span class='ocrx_word' id='word_1_845' title='bbox 3535 5693 3738 5768; x_wconf 61' lang='grc' dir='ltr'>γράφων</span> 
     </span>
    </p>
   </div>
  </div>
