4054 6438
305 436 415 502 377
1237 393 1847 503 ECdLESIASTlCAE
1887 443 2281 504 HISTORI/E
2323 445 2470 506 LIB.
2516 445 2623 506 1X.
3474 443 3583 511 378

311 559 494 626 ἔλεγε,
523 555 742 626 πρῶτον
777 556 875 626 μὲν
915 555 984 610 τὰ
1026 557 1284 626 περὶτῆς
1334 557 1576 620 πίστεως
1610 557 1896 628 ἀμφισϐη-

2003 558 2134 612 tiam
2191 576 2346 615 suam
2395 576 2454 615 se
2489 569 2872 631 pertracturos
2901 574 3026 615 esse
3073 558 3447 626 confidebant,
3489 561 3581 616 illo

309 651 558 718 τούμενα
582 649 844 702 διαλύειν·
878 649 933 712 ἐς
965 646 1192 715 ὕστερον
1215 649 1273 702 δὲ
1298 647 1609 718 σκέψασθαι
1641 650 1736 703 καὶ
1768 649 1899 720 περὶ

2001 652 2254 724 proviso,
2311 661 2372 706 ut
2429 667 2498 707 ne
2537 652 2770 707 calculis
2814 653 3064 706 omnium
3103 651 3329 706 haeresis
3379 665 3579 708 eorum

309 740 387 796 ἂν
413 743 590 798 ἄλλων
623 744 764 798 κατὰ
801 743 1036 806 θεσμοὺς
1079 743 1412 814 Ἐκκλησίας
1436 744 1538 797 δεῖο
1571 744 1654 798 ἔτι
1688 744 1747 797 δὲ
1793 744 1895 798 καὶ

2001 746 2391 801 damnaretur.
2444 747 2572 802 Haec
2624 747 2860 817 agebant
2893 762 2994 817 per
3036 746 3358 802 eunuchum
3409 747 3582 803 Euse-

316 838 452 908 περ).
517 836 628 888 τῶν
681 835 886 898 ἀδίκως
933 836 1336 908 καθαιρεθῆναι
1389 837 1736 902 δοκούντων,
1802 837 1898 890 καὶ

1999 838 2182 904 bium,
2222 837 2596 908 imperatoriae
2627 847 2742 893 tum
2775 840 2916 894 aula:
2951 840 3297 908 pra-fectum,
3330 838 3581 892 Eudoxio

315 926 643 996 ὑπερορίοις
699 927 1184 997 κατακριθέντων,
1219 923 1294 980 ὧν
1337 920 1418 991 εἷς
1473 928 1771 1000 ἐτύγχανεν
1822 926 1898 982 ὢν

2002 946 2168 1000 quam
2198 930 2434 986 maxime
2458 933 2879 996 assentientem,
2927 942 2984 986 et
3003 933 3142 986 alios
3167 932 3461 1000 quosdam,
3485 932 3579 1000 qui

318 1022 418 1070 καὶ
467 1018 735 1088 Κύριλλος
791 1021 818 1072 ὁ
872 1018 1270 1088 Ἱεροσολύμων
1326 1021 1664 1082 ἐπίσκοποςο
1719 1020 1801 1074 ἔτι
1850 1021 1897 1074 δ’

2001 1021 2358 1090 magistratus
2392 1031 2449 1076 et
2479 1023 2719 1077 honores
2752 1032 3033 1090 gerentes,
3068 1032 3123 1074 et
3155 1021 3332 1091 gratia
3370 1021 3581 1090 pollen-

319 1110 615 1178 ἐρευνῆσαι
664 1110 760 1163 καὶ
811 1110 942 1172 τοὺς
975 1111 1070 1163 νῦν
1111 1112 1217 1164 ὑπὸ
1245 1111 1504 1182 ἔγκλημα
1534 1114 1896 1182 ποιουμένους

2006 1123 2109 1180 tes,
2155 1128 2223 1168 ex
2278 1117 2559 1170 sententia
2607 1117 2798 1171 omnia
2843 1116 3230 1185 perﬁciebant.
3282 1118 3324 1169 Α
3377 1113 3582 1184 quibus

318 1203 675 1265 ἐπισκόπους.
729 1202 947 1255 Πολλῶν
986 1202 1095 1272 γὰρ
1145 1206 1476 1273 κατηγορίαι
1501 1205 1772 1273 ἐλέγοντο,
1806 1205 1900 1258 καὶ

2003 1220 2305 1275 persuasus
2349 1206 2734 1271 Constantius,
2776 1208 3008 1277 perinde
3054 1218 3221 1276 atque
3271 1207 3582 1260 incommo-

315 1295 385 1361 δὴ
428 1295 521 1348 καὶ
546 1295 825 1363 Γεωργίου
866 1295 1001 1364 παρ’
1035 1296 1376 1363 Αἰγυπτίων,
1400 1296 1475 1359 ὡς
1507 1299 1594 1368 εἴη
1620 1298 1900 1367 ἁρπαγαῖς

2004 1299 2141 1355 dum
2170 1299 2336 1356 simul
2367 1309 2423 1356 et
2452 1300 2774 1370 reipublica:
2803 1309 3032 1369 propter
3063 1314 3256 1370 graves
3281 1299 3580 1366 impensas,

319 1391 531 1455 χαίρων
561 1389 670 1441 τῶν
699 1388 1024 1458 ἀλλοτρίων,
1050 1390 1146 1441 καί
1169 1406 1336 1441 τινων
1365 1389 1597 1461 ὕϐρεων.
1629 1391 1900 1460 Ὕστερον

2002 1401 2059 1447 et
2107 1393 2244 1461 ipsis
2279 1392 2559 1464 episcopis
2615 1404 2845 1462 propter
2878 1391 3094 1446 itineris
3145 1389 3581 1459 magnitudinem

317 1479 379 1531 δὲ
425 1480 554 1532 δέκα
591 1479 943 1550 ἑκατέρωθεν
979 1480 1371 1550 ἐπιλεγέντας,
1406 1481 1475 1534 τὰ
1533 1482 1902 1552 πεπραγμένα

2001 1493 2172 1549 eSset,
2227 1485 2275 1539 si
2333 1485 2388 1538 in
2441 1486 2638 1541 eodem
2687 1486 2812 1541 loco
2864 1485 3254 1548 convenirent,
3311 1481 3581 1554 synodum

321 1571 538 1638 βασιλεί
577 1573 846 1643 καθιστᾷν
881 1572 1042 1639 δῆλα.
1141 1625 1150 1638 κ

1999 1575 2216 1643 divisit,
2277 1591 2515 1646 eamque
2574 1579 2810 1634 Arimini
2867 1591 2924 1633 et
2979 1576 3249 1632 Seleuciae
3301 1575 3584 1630 celebrare

314 1668 504 1738 jussit.
535 1667 717 1738 Atque
747 1670 801 1724 in
833 1669 1040 1725 litteris
1065 1670 1182 1726 suis
1209 1670 1528 1735 constituit,
1590 1678 1652 1725 ut
1727 1668 1968 1740 primum
2011 1676 2395 1729 controversia
2455 1675 2523 1730 de
2597 1676 2724 1730 fidei
2794 1674 3136 1746 professione
3207 1672 3581 1735 decideretur,

319 1760 524 1818 deinde
572 1766 639 1819 de
685 1763 811 1820 aliis
840 1763 1240 1820 ecclesiasticis
1306 1764 1692 1820 sanctionibus
1757 1763 2086 1820 deliberatio
2155 1769 2333 1823 fieret.
2378 1767 2516 1822 Tum
2566 1779 2752 1824 autem
2819 1768 2888 1822 de
2939 1767 3022 1821 eis
3053 1767 3145 1836 qui
3187 1779 3290 1836 per
3323 1763 3584 1836 injuriam

318 1860 664 1911 exauctorati
723 1865 779 1912 et
823 1857 878 1911 in
914 1856 1170 1912 exsilium
1211 1857 1322 1912 acti
1360 1857 1464 1912 visi
1508 1866 1719 1922 essent,
1756 1858 1917 1928 7'73
1959 1857 2016 1912 in
2061 1858 2263 1928 quibus
2329 1861 2498 1914 etiam
2529 1859 2768 1932 Cyrillus
2813 1859 3324 1928 Hierosolymorum
3370 1858 3589 1927 episco-

318 1949 425 2015 pus
479 1948 603 2015 fuit,
656 1950 1110 2006 consultaretur:
1173 1960 1367 2021 postea
1417 1948 1489 2005 de
1541 1951 1626 2005 eis
1673 1967 1895 2022 quoque
1935 1952 2253 2023 episcopis.
2325 1955 2420 2024 qui
2493 1955 2576 2010 rei
2628 1960 2950 2025 agerentur,
3002 1952 3406 2023 inquireretur.
3457 1951 3588 2005 Per-

319 2041 477 2095 multi
505 2043 651 2097 enim
683 2045 1126 2110 accusabantur,
1158 2054 1214 2100 et
1251 2043 1322 2098 ab
1388 2041 1661 2115 Egyptiis
1730 2045 1969 2099 maxime
2007 2043 2279 2116 Georgius
2316 2063 2330 2104 :
2361 2047 2508 2117 quod
2555 2049 2772 2103 scilicet
2817 2047 3125 2102 alienorum
3179 2045 3453 2100 bonorum
3500 2059 3588 2100 ra-

319 2135 466 2204 pinis
545 2136 856 2205 gauderet,
923 2146 982 2192 et
1047 2135 1471 2192 contumeliosis
1536 2135 1876 2206 quibusdam
1923 2137 2247 2196 hominibus
2313 2141 2709 2199 delectaretur.
2756 2141 3066 2209 Postremo,
3121 2148 3181 2196 ut
3231 2155 3334 2211 per
3390 2139 3583 2196 decem

319 2220 562 2282 delectos
597 2229 807 2299 legatos
855 2243 913 2284 se
962 2229 1031 2283 de
1062 2231 1204 2285 actis
1244 2229 1360 2285 suis
1409 2221 1707 2284 certiOrem
1739 2229 2013 2289 facerent.

887 2367 1141 2422 ΚΕΦΑΛ.
1199 2369 1328 2423 AB’.
1936 2380 1977 2436 Β

1936 2380 1977 2436 B
2546 2372 2773 2430 CAPUT
2813 2371 3058 2428 XXXIX.

320 2479 460 2549 Περὶ
483 2477 588 2548 τῆς
608 2481 1000 2564 ραι-,Ἀριμήνῳ
1028 2481 1468 2564 ςυηιξδουηὲνςῇ
1501 2489 1556 2542 οι
1581 2488 1651 2543 ἐν
1669 2487 1902 2558 ἑσπέρᾳ

2079 2489 2158 2544 De
2189 2490 2512 2564 Ariminepai
2555 2489 2776 2564 synodo,
2813 2490 2869 2564 in
2902 2503 3009 2557 qua
3039 2485 3399 2542 Occidentales
3447 2487 3513 2540 ab

589 2551 942 2622 ἀσύμφωνοι
970 2553 1096 2620 τοῖς
1122 2553 1288 2620 ἑῴοις
1318 2551 1620 2626 ἐγέῦυντο.
1819 2551 1838 2558 ⁷
1870 2551 1882 2555 ⁷

1591 2578 1620 2614 ν.
1819 2551 1838 2558 ⁷
1870 2551 1882 2555 ⁷
2405 2551 2765 2614 Orientalibus
2810 2551 3192 2612 dissenserunt.

398 2665 508 2718 Καὶ
553 2666 600 2718 οἱ
638 2666 739 2734 μὲν
772 2665 1066 2720 ἐπίσκοποι
1098 2668 1458 2738 συνελέγοντο
1496 2671 1643 2726 καθὰ
1693 2672 1759 2745 δὴ
1808 2675 1904 2728 καὶ

2081 2673 2360 2744 Episcopi,
2398 2673 2562 2728 sicuti
2599 2673 2906 2742 imperator
2930 2672 3201 2744 jusserat,
3233 2688 3585 2731 convenere:

321 2757 579 2822 ἐθέσπιζε
599 2756 853 2828 βασιλεὺς
875 2770 892 2787 ⁸
925 2759 1314 2830 προὺλάμὸανε
1335 2762 1392 2816 δέ
1424 2765 1520 2817 καὶ
1545 2765 1842 2820 συνίστατο
1867 2767 1902 2837 ή

2008 2775 2066 2823 et
2101 2767 2337 2836 primum
2370 2765 2596 2836 quidem
2629 2765 2864 2820 Arimini
2899 2764 3282 2820 Occidentales
3314 2765 3588 2834 quadrin-

321 2851 382 2902 ἐν
423 2851 712 2921 Ἀριμίνῳ⁸
736 2851 799 2904 τὸ
828 2852 886 2906 δὲ
936 2852 1216 2925 πλήρωμα
1242 2855 1452 2909 τούτων
1505 2851 1654 2928 ἦσαν
1703 2874 1905 2929 τετρα-

2009 2860 2158 2930 genti
2216 2868 2272 2915 et
2302 2859 2514 2928 aliquot
2545 2867 2810 2928 praeterea
2837 2871 3094 2912 numero.
3124 2856 3194 2912 Et
3221 2857 3316 2926 qui
3343 2859 3589 2928 graviter

325 2945 502 2999 κόσιοι
537 2945 632 2998 καὶ
663 2945 860 3015 μικρόν
885 2961 938 2998 τι
983 2947 1142 3016 πρός.
1179 2949 1303 3000 Δεῖν
1344 2946 1389 3000 δ’
1435 2948 1611 3002 ἐδόκει
1655 2951 1768 3013 τοῖς
1809 2949 1905 3022 βα-

2011 2951 2068 3006 in
2107 2951 2473 3006 Athanasium
2502 2950 2730 3005 animati
2765 2958 2945 3014 erant,
2977 2949 3206 3004 minime
3234 2950 3484 3002 omnium
3521 2948 3588 3002 de

324 3039 467 3106 ρέως
507 3041 641 3111 πρὸς
675 3041 1001 3097 ’Δθανάσιον
1041 3041 1230 3112 έχουσι
1265 3042 1434 3114 μηδέν
1459 3061 1515 3098 τι
1550 3046 1680 3115 περὶ
1707 3045 1902 3100 τούτου

2009 3058 2078 3099 eo
2103 3043 2406 3114 quidquam
2437 3043 2770 3098 movendum
2795 3055 2919 3096 esse
2945 3040 3178 3102 duxere.
3201 3039 3348 3109 Quod
3377 3040 3483 3095 hoc
3509 3039 3590 3093 sic

320 3133 498 3184 κινεῖν
517 3147 536 3162 °
564 3131 708 3186 οὕτω
733 3134 842 3203 γὰρ
875 3134 1102 3205 ἄμεινον
1135 3134 1482 3207 ἐδοκίμαζον.
1531 3137 1689 3191 Ἐπεὶ
1719 3137 1776 3192 δὲ
1810 3140 1903 3192 καί

2011 3133 2358 3190 commodius
2389 3147 2511 3188 esse
2554 3141 2838 3202 putarent.
2884 3129 3158 3186 Caeterum
3193 3138 3486 3199 postquam
3519 3130 3589 3184 de

323 3223 552 3294 ζήτησις
584 3225 836 3294 εἰσήγετο
861 3227 992 3299 περὶ
1053 3229 1295 3290 πίστεως
1351 3229 1414 3284 ὃν
1467 3229 1575 3300 χρὴ
1623 3231 1904 3286 πιστεύειν

2015 3226 2152 3292 fide,
2200 3224 2479 3294 quomodo
2521 3239 2643 3279 eam
2685 3221 2926 3292 proﬁteri
2971 3221 3319 3282 conveniret,
3357 3224 3589 3289 quaestio

321 3317 570 3384 τρόπον,
623 3318 838 3387 οὑάλης
887 3319 1126 3375 ἐνταῦθα
1165 3321 1262 3376 καὶ
1310 3322 1642 3392 Οὑρσάκιος,
1679 3322 1729 3375 οἳ
1782 3324 1903 3377 κατ’

2010 3316 2294 3389 proposita
2319 3323 2428 3374 est.
2461 3314 2535 3370 ibi
2571 3313 2774 3370 Valens
2807 3321 2862 3368 et
2896 3311 3186 3376 Ursacius,
3221 3311 3316 3380 qui
3345 3311 3588 3382 primum

326 3409 503 3478 ἀρχὰς
535 3408 636 3477 μὲν
665 3411 1008 3466 ὑπασπισταὶ
1033 3413 1131 3483 τῆς
1173 3413 1388 3483 Ἀρείου
1422 3413 1579 3486 δόξης
1631 3415 1902 3484 ἐγένοντο,

2010 3408 2125 3462 Arii
2151 3407 2469 3477 opinionem
2487 3403 2872 3468 defenderant,
2891 3403 3072 3458 medio
3094 3411 3280 3456 autem
3311 3411 3585 3471 tempore,

325 3502 387 3554 ἐν
451 3503 602 3572 μέσῳ
657 3502 714 3556 δὲ
764 3502 842 3574 τῷ
881 3505 1158 3576 ὁμοουσίῳ
1197 3506 1510 3572 συνέθεντο,
1568 3507 1780 3577 βιϐλίον
1827 3508 1905 3578 τῷ

2013 3499 2200 3556 libello
2252 3497 2488 3568 supplici
2533 3496 2678 3552 Julio
2730 3495 2976 3548 Romano
3025 3493 3264 3548 antistiti
3313 3497 3481 3556 dato,
3512 3491 3590 3564 τῷ

325 3595 614 3666 ἐπισκόπῳ
671 3596 894 3668 Ῥώμης
940 3598 1160 3668 Ἰουλίῳ
1217 3599 1610 3662 ἐπιδεδωκότες
1644 3641 1660 3668 ,
1712 3599 1906 3671 ὥσπερ

2013 3589 2310 3660 ὁμοουσίῳ,
2328 3585 2818 3649 consubstantiali,
2836 3593 3208 3648 assenserant,
3228 3582 3590 3652 quemadmo-

326 3688 670 3756 εἰρήκαμεν,
711 3691 799 3742 ἀεὶ
861 3693 976 3752 τοῖς
1026 3694 1238 3760 καιροῖς
1286 3693 1383 3745 καὶ
1431 3693 1544 3754 τοῖς
1608 3692 1905 3764 κρατοῦσιν

2015 3682 2145 3736 dum
2183 3681 2424 3736 diximus
2453 3721 2466 3742 ,
2503 3678 2847 3750 temporibus
2878 3693 2998 3733 sese
3029 3686 3081 3732 et
3117 3677 3287 3732 rebus.
3328 3676 3591 3731 obtinen-

327 3738 760 3850 ὑποπλινόμενοι,
793 3738 1079 3836 ὤτοιτόεἶν
1125 3738 1312 3852 ἔλεγον
1341 3738 1688 3839 ἄλλωννᾶλλζι
1717 3787 1902 3838 εἰπόν·

2014 3774 2164 3830 tibus
2197 3789 2418 3844 semper
2453 3773 2934 3828 accommodantes
2975 3771 3099 3825 aliis
3129 3771 3238 3825 alia
3269 3769 3432 3826 sicuti
3469 3769 3591 3824 ﬁeri

325 3888 457 3938 των,
489 3866 576 3926 οἷα
606 3873 786 3941 φιλεῖ,
821 3875 998 3942 ἀργὰς
1031 3875 1278 3942 νομίζειν
1323 3877 1426 3939 τὰς
1479 3878 1609 3947 περὶ
1662 3877 1906 3940 πίστεως

2013 3867 2156 3923 solet
2193 3865 2555 3922 censentibus
2579 3905 2594 3930 ,
2633 3865 2824 3921 dixere
2849 3905 2864 3931 ,
2903 3865 3119 3934 priores
3157 3863 3285 3918 ﬁdei
3325 3862 3593 3920 formulas

328 3966 604 4034 προτέρας
639 3967 880 4034 γραφάςο
919 3966 1090 4036 μόνην
1123 3968 1170 4021 δ’
1204 3968 1424 4038 ἐκείνην
1452 3971 1699 4039 κρατεῖν,
1745 3969 1814 4041 ἢν
1837 3969 1898 4020 οὐ

2013 3959 2315 4014 abolendas
2343 3973 2492 4020 esse,
2545 3973 2824 4027 unamque
2859 3972 2981 4011 eam
3017 3955 3276 4010 obtinere
3308 3963 3592 4025 oportere,

329 4058 436 4126 πρὸ
458 4055 655 4110 πολλοῦ
688 4059 744 4112 ἐν
773 4059 992 4130 Σιρμίιρ
1024 4060 1318 4130 Ῥωμαίων
1346 4061 1568 4135 γλώττῃ
1592 4062 1906 4130 συνέθεντο,

2013 4069 2137 4123 quae
2166 4066 2278 4107 non
2313 4052 2387 4106 ita
2418 4051 2630 4121 pridem
2673 4049 2864 4106 Sirmii
2905 4048 3094 4118 lingua
3137 4049 3394 4104 Romana
3439 4061 3595 4103 com-

329 4149 398 4219 ἢν
437 4151 572 4220 δῆτα
619 4150 715 4203 καὶ
751 4149 1009 4219 βασιλεὺς
1056 4150 1145 4205 διὰ
1209 4151 1383 4222 τιμῆς
1437 4152 1602 4222 ἄγει·
1639 4152 1818 4224 χρεὼν
1861 4153 1907 4207 δ’

2013 4145 2234 4216 posita,
2279 4143 2349 4198 ab
2395 4144 2516 4214 ipso
2561 4144 2729 4197 etiam
2764 4143 3112 4213 imperatore
3152 4141 3377 4212 plurimi
3411 4139 3591 4195 ﬁeret.

332 4237 472 4296 εἶναι
501 4245 602 4297 καὶ
635 4243 778 4311 ὑμᾶς
807 4243 902 4296 νῦν
935 4243 1261 4312 προσίεσθαι
1293 4245 1386 4298 καὶ
1431 4247 1754 4316 παραιτέρω
1804 4264 1909 4317 μη-

2018 4239 2228 4292 Debere
2253 4237 2459 4307 quippe
2491 4235 2764 4306 synodum
2789 4250 3010 4304 quoque
3040 4233 3108 4290 de
3136 4233 3413 4290 sententia
3447 4233 3594 4288 illius

335 4335 424 4388 ὁὲν
454 4335 962 4405 πολυπραγμονεῖν*
989 4333 1056 4387 ἶν’
1081 4335 1336 4389 ἐντεῦθεν
1367 4337 1462 4389 καὶ
1492 4336 1729 4407 διχόνοια
1757 4339 1910 4392 πᾶσα

2015 4329 2421 4402 professionem
2449 4344 2570 4382 eam
2595 4328 2924 4398 approbare,
2957 4328 3138 4398 neque
3173 4327 3408 4383 ulterius
3433 4326 3597 4398 quid-

335 4430 740 4502 περιαιρεθείη,
769 4431 846 4502 μὴ
886 4430 998 4484 τῶν
1045 4429 1329 4498 ὀνομάτων
1363 4429 1685 4500 ἀμφιϐόλων
1714 4428 1906 4497 ὄντων,

2012 4441 2176 4495 quam
2212 4424 2484 4480 curiosius
2523 4423 2782 4491 indagare
2811 4439 2826 4478 :
2861 4431 2922 4476 ut
2945 4438 3013 4476 eo
3044 4421 3209 4499 modo
3241 4421 3423 4476 omnis
3471 4421 3593 4476 dis-

336 4524 554 4594 ἀκριὸεἴ
613 4524 836 4595 βασάνῳ
907 4523 1382 4594 παραδιδομένων.
1439 4523 1550 4577 Καὶ
1615 4523 1726 4592 γάρ
1792 4539 1911 4586 πως

2014 4518 2218 4575 cordia:
2252 4517 2492 4594 occasio,
2554 4515 2739 4570 verbis
2777 4515 2914 4568 nihil
2947 4514 3189 4582 ambigui
3233 4512 3592 4576 habentibus,

334 4620 585 4686 κρεῖττον
612 4613 752 4671 εἶναι
801 4615 1065 4683 ἐτίθεντο,
1102 4617 1242 4687 μετὰ
1276 4617 1376 4685 τῆς
1424 4616 1712 4688 ἀγροικίας
1744 4615 1912 4686 ὀρθὴν

2016 4631 2140 4686 quae
2186 4612 2377 4668 subtili
2441 4619 2497 4666 et
2553 4619 2809 4664 accurata
2880 4607 3263 4677 exploratione
3317 4619 3593 4676 perpensa

337 4710 482 4778 ἐχειν
509 4709 670 4775 δόξαν
700 4711 834 4779 περὶ
858 4707 1020 4776 Θεοῦ,
1049 4707 1083 4779 ἢ
1117 4709 1388 4773 ξενίζουσι
1417 4709 1600 4776 λόγοις
1625 4707 1684 4772 ἐξ
1722 4707 1913 4778 Ἑλλη-

2016 4716 2240 4773 essent,
2285 4705 2342 4760 in
2379 4705 2613 4760 formula
2650 4702 2903 4768 insertis,
2948 4700 3367 4771 prmcideretur,
3429 4701 3593 4772 longe

337 4803 492 4872 νικῆς
540 4801 866 4873 τερθρείας,
917 4801 1314 4870 ἀνεπινοήτους
1366 4799 1680 4868 ἐπεισάγειν
1713 4797 1910 4862 λέξεις.

2015 4799 2370 4872 praestantius
2411 4813 2532 4853 esse
2561 4805 2874 4852 asserentes
2898 4836 2912 4859 ,
2946 4809 3072 4850 cum
3107 4794 3420 4850 rusticitate
3457 4809 3597 4864 qua-

352 4897 657 4969 ᾘνίττοντο
718 4895 778 4948 δὲ
817 4894 907 4948 διὰ
951 4879 1184 4958 τούτων,
1222 4893 1427 4963 μᾶλλον
1465 4895 1562 4946 καὶ
1616 4890 1913 4962 προφανῶς

2017 4894 2143 4948 dam
2189 4900 2395 4946 rectam
2443 4889 2513 4944 de
2559 4889 2673 4942 Deo
2707 4897 2898 4942 tenere
2933 4887 3255 4956 opinionem
3281 4925 3296 4948 .
3330 4901 3496 4956 quam
3529 4899 3599 4939 ex

339 4965 618 5043 διέϐαλλον
663 4987 762 5058 τὴν
793 4986 890 5042 τοῦ
942 4987 1234 5058 όμοουσὶου
1266 4985 1437 5051 λέξιν,
1463 4984 1560 5038 am
1594 4983 1660 5054 δὴ
1695 4982 1771 5054 μὴ
1795 4984 1913 5045 ταῖς

2018 4982 2339 5038 Grzecorum
2388 4977 2737 5049 nugamentis
2780 4976 2939 5030 novis
2985 4965 3175 5044 petitis
3216 4973 3438 5037 verbis,
3481 4987 3599 5041 quae

341 5085 513 5153 ἱεραῖς
566 5083 956 5152 ἐμφερομένην
1013 5081 1052 5133 Γ
1059 5082 1284 5151 ραφαῖς.
1362 5078 1549 5132 Ταῦτα
1619 5077 1912 5145 λέγοντες,

2026 5092 2136 5132 non
2171 5073 2615 5143 intelligerentur
2647 5070 2913 5126 inducere
2944 5067 3235 5123 vocabula.
3271 5065 3486 5134 Quibus
3522 5063 3599 5118 illi

339 5176 547 5244 χάρτην
589 5175 835 5243 προῆγον
863 5174 960 5226 καὶ
989 5171 1473 5242 ἀναγινώσκεσθαι
1513 5169 1678 5241 ᾔτουν
1703 5185 1717 5199 ·
1768 5171 1827 5222 ἐν
1885 5163 1918 5242 ᾖ

2026 5169 2192 5225 dictis
2218 5168 2452 5223 obscure
2485 5163 2810 5226 innuebant,
2841 5177 2939 5218 seu
2971 5161 3156 5232 potius
3187 5159 3471 5229 prepalam
3505 5156 3601 5208 τοῦ

338 5267 524 5334 ὅμοιον
579 5265 676 5333 μὲν
722 5263 802 5333 τῷ
845 5263 1028 5329 Ilath
1065 5264 1161 5315 τὸν
1205 5261 1338 5316 Υἱδν
1372 5260 1514 5314 κατὰ
1545 5259 1645 5322 τὰς
1694 5259 1732 5311 Γ
1741 5258 1918 5327 ραφὰς

2023 5263 2346 5334 ὁμοουσίου,
2366 5257 2875 5317 consubstantialis.
2898 5256 3124 5311 verbum
3151 5270 3247 5324 per
3266 5251 3600 5308 calumniam

340 5359 680 5431 εἰσηγοῦντο,
717 5359 940 5430 μνήμην
963 5359 1020 5410 δὲ
1051 5356 1242 5420 οὐσίας
1272 5356 1364 5410 ἐπὶ
1396 5354 1534 5408 Θεοῦ
1564 5353 1918 5407 παντάπασιν

2022 5355 2542 5427 reprehenderunt,
2586 5351 2758 5407 veluti
2805 5351 2860 5404 in
2895 5348 3069 5405 sacris
3097 5345 3321 5402 Litteris
3355 5359 3470 5399 non
3506 5357 3603 5396 ex-

339 5455 704 5524 ἀπηγόρευον.
731 5451 881 5520 Αὕτη
914 5451 972 5505 δὲ
1016 5445 1087 5522 ἦν
1112 5449 1320 5520 ἐκείνη,
1370 5449 1437 5520 ἢν
1471 5450 1594 5502 τότε
1643 5447 1745 5518 μὲν
1789 5448 1919 5500 ἐτα-

2021 5463 2301 5521 pressum.
2337 5444 2452 5502 Sub
2487 5443 2605 5498 haec
2643 5441 2814 5498 verba
2844 5441 3036 5495 charta
3073 5437 3308 5507 prolata,
3337 5433 3442 5504 legi
3478 5445 3602 5487 eam

344 5546 527 5615 μίευον
554 5585 569 5610 ,
598 5544 695 5598 νῦν
729 5544 787 5598 δὲ
841 5544 921 5604 είς
972 5544 1087 5612 φῶς
1142 5543 1407 5612 προῆγον.
1442 5533 1522 5612 ᾝ
1562 5539 1913 5608 συνελαμσάο

2023 5541 2414 5613 postularunt,
2462 5537 2517 5591 in
2565 5551 2672 5606 qua
2706 5534 2944 5589 similem
2984 5532 3131 5588 Patri
3166 5527 3365 5583 Filium
3403 5540 3604 5581 secun-

342 5655 492 5692 νοντο
529 5637 768 5708 μάλιστα
802 5637 1113 5706 Γερμάνιος
1138 5635 1237 5688 καὶ
1273 5633 1585 5700 Λύξέντιος,
1631 5633 1728 5686 καὶ
1755 5633 1915 5696 Γαῖος

2023 5637 2154 5690 dum
2189 5631 2508 5702 Scripturas
2543 5627 2840 5683 dicebant:
2872 5621 3037 5694 774
3080 5618 3420 5674 mentionem
3461 5631 3598 5672 vero

342 5733 432 5785 καὶ
491 5729 843 5800 Δημόφιλος·
912 5728 1009 5780 καὶ
1071 5727 1257 5780 τοίνυν
1311 5725 1805 5795 ἀναγνωσθείσης,
1865 5727 1915 5778 οἱ

2023 5722 2348 5781 substantiae
2388 5721 2442 5777 in
2479 5720 2592 5775 Deo
2631 5718 2860 5773 omnino
2899 5713 3016 5768 ﬁeri
3061 5709 3504 5773 interdicebant,
3541 5715 3601 5762 et

342 5798 587 5880 πλεῖστοι
647 5798 782 5893 μηδέ
817 5822 1092 5891 νεωτέρας
1141 5819 1350 5874 δεῖσθαι
1403 5820 1641 5880 πίστεως
1703 5818 1769 5871 τὰ
1820 5817 1916 5870 νῦν

2024 5833 2127 5889 pro
2173 5830 2242 5872 eo
2287 5813 2524 5869 similem
2576 5825 2674 5882 per
2719 5807 2904 5862 omnia
2955 5803 3157 5860 Filium
3209 5800 3360 5855 Patri
3411 5798 3611 5866 reponi-

343 5917 664 5972 διετείνοντο
694 5933 706 5947 ·
778 5915 1073 5975 ἀρκεῖσθαι
1129 5914 1183 5968 δὲ
1232 5916 1296 5973 τῇ
1338 5915 1395 5968 ἐν
1439 5913 1646 5970 Nimia
1687 5929 1916 5969 γεγε-νη-

2023 5907 2303 5966 volcbant.
2340 5902 2463 5958 Iltcc
2505 5914 2670 5964 porro
2699 5897 2932 5953 formula
2961 5895 3051 5950 illa
3083 5898 3227 5950 erat.
3255 5905 3419 5950 quam
3445 5900 3611 5945 antea
