4054 6456
497 443 605 504 379

1721 454 2142 515 ΝῖΕΕΡΗΟἶῖί
2185 456 2530 555 CALbiSTl

3645 461 3740 523 380

502 557 728 628 quidem
767 576 1009 628 pressam
1045 577 1435 630 SCI‘VﬂVt‘l‘alll,
1477 577 1589 620 tum
1635 585 1762 624 vero
1806 574 1858 625 in
1895 573 2073 626 lucem

2181 574 2339 645 μένῃ.
2367 574 2482 627 Καὶ
2509 573 2606 628 νῦν
2638 589 2699 642 γε
2743 573 2835 628 διὰ
2875 572 3024 629 τοῦτ’
3057 573 3220 626 αὐτὸν
3256 574 3413 644 ἥκειν
3448 574 3541 627 ἐπὶ
3573 578 3736 638 ταῦτ’,

501 649 881 718 proferebant.
933 653 1064 706 Eam
1117 654 1353 710 maxime
1401 657 1711 726 probabant
1757 661 2079 719 Germinius

499 754 556 798 et
599 744 910 798 Auxentius
933 785 948 810 ,
996 756 1050 800 et
1083 745 1250 803 Caius
1282 757 1340 804 et
1375 751 1752 821 Demophilus.
1803 754 1877 809 Ea
1915 755 2076 822 lecta,

501 834 721 900 plurimi
755 836 897 890 nihil
929 852 1069 905 opus
1097 854 1219 893 esse
1247 855 1388 894 nova
1420 840 1548 897 fidei
1582 843 1816 899 formula
1845 860 1914 900 eo
1942 857 2081 899 tem-

505 941 638 993 pore
682 925 1064 994 afﬁrmabant,
1122 939 1416 986 contentos
1465 948 1525 987 se
1563 949 1684 989 esse
1731 935 2079 1004 professlone

502 1015 742 1068 Nicana.
789 1015 848 1069 In
899 1019 1190 1086 prmsentia
1240 1031 1537 1090 propterea
1583 1021 1639 1076 in
1685 1025 1868 1080 locum
1905 1042 2077 1081 unum

503 1107 852 1173 convenisse,
883 1107 928 1161 si
959 1109 1092 1177 quid
1129 1120 1391 1166 novatum
1424 1122 1590 1178 esset,
1615 1127 1674 1171 ut
1709 1115 1765 1171 id
1797 1117 2080 1174 inhibere-

505 1209 614 1252 tur.
651 1199 720 1254 Et
755 1209 1040 1272 utcunque
1075 1220 1139 1257 ea
1172 1220 1296 1275 quae
1343 1216 1458 1262 tum
1504 1210 1646 1265 lecta
1677 1223 1897 1279 essent,
1939 1215 2075 1270 nihil

505 1289 776 1345 haberent
819 1307 1092 1348 novarum
1125 1310 1308 1350 rerum
1337 1315 1350 1352 :
1385 1307 1446 1353 ut
1485 1299 1729 1356 dicerent
1764 1314 1941 1358 tamen
1979 1320 2077 1361 eos

502 1381 597 1448 qui
631 1381 900 1451 scriptum
950 1385 1000 1438 id
1033 1389 1508 1456 composuissent,
1545 1401 1710 1461 atque
1750 1405 1811 1448 ut
1854 1395 1930 1448 illi
1974 1397 2075 1466 ipsi

502 1469 617 1523 Arii
655 1470 875 1541 dogma,
909 1474 1113 1544 quippe
1147 1476 1293 1544 quod
1326 1479 1518 1534 turbas
1556 1481 1760 1550 ubique
1803 1483 1857 1538 in
1894 1486 2075 1540 eccle-

502 1560 600 1614 siis
643 1562 936 1616 concitarit
964 1604 978 1625 ,
1031 1566 1370 1622 anathemati
1414 1571 1654 1640 primum
1703 1573 2074 1644 subjicerent,

506 1651 786 1720 petebant.
814 1653 916 1710 Ubi
945 1655 1144 1712 Valens
1169 1667 1225 1712 et
1255 1659 1570 1718 Germinius
1601 1665 1922 1732 petitionem
1954 1683 2072 1723 eam

508 1744 903 1812 repudiarunt,
960 1748 1034 1802 illi
1089 1749 1352 1806 formulas
1403 1753 1790 1811 haereticorum
1838 1769 1894 1813 et
1941 1758 2071 1814 item

504 1833 780 1888 Nirmnam
820 1837 870 1890 in
909 1838 1153 1893 medium
1186 1842 1437 1908 proferre
1467 1845 1706 1915 jussere,
1737 1855 1798 1902 ut
1829 1848 1932 1903 illa:
1952 1852 2074 1919 qui-

2183 665 2288 728 ἶν’,
2335 665 2390 717 εί
2438 682 2491 718 τι
2523 664 2902 735 νεωτερίζοιτο
2949 664 3072 718 κατ’
3109 665 3368 728 ἐκείνων,
3429 666 3738 735 ἐπίσχιυσιν.

2182 760 2243 811 Ei
2273 759 2330 812 δὲ
2360 760 2500 820 τέως
2547 759 2705 812 οὐδέν
2745 775 2797 811 τι
2850 755 3120 828 νεώτερον
3169 756 3354 826 έχουσι
3398 757 3468 810 τὰ
3518 758 3741 822 ἀνεγνω-

2183 852 2393 915 σμένα,
2447 847 2583 902 ἀλλὰ
2638 849 2780 911 τίνες
2840 848 2888 900 οἱ
2952 846 3273 915 συνθέμενοι
3324 845 3427 916 τὴν
3490 849 3740 916 γραφὴν,

2178 943 2362 1012 ᾔτουν·
2399 941 2448 994 οἳ
2481 941 2546 1010 δὴ
2572 940 2787 1009 πρῶτον
2821 938 2882 992 ea
2915 939 3129 1010 Ἀρείου
3164 939 3340 1008 δόγμα
3374 939 3743 992 ὑποδαλλέτω-

2179 1047 2276 1082 σαν
2298 1030 2624 1098 άναθέματι·
2654 1023 2745 1082 οἷα
2773 1028 3003 1098 θόρυῦον
3028 1029 3150 1090 ταῖς
3180 1027 3501 1096 ἁπανταχοῦ
3550 1029 3741 1096 ἐκκλη-

2181 1123 2326 1178 σίαις
2373 1123 2691 1190 ἐμπλῆσαν.
2730 1122 2853 1174 Τῶν
2905 1121 2961 1174 δὲ
3013 1122 3145 1191 περὶ
3181 1121 3467 1174 Οὐάλεντα
3501 1123 3596 1174 καὶ
3623 1121 3744 1185 Γερ-

2182 1217 2358 1285 μίνιον
2395 1213 2728 1282 διαδράντων
2769 1212 2869 1283 τὴν
2912 1213 3147 1281 αἴτησιν,
3209 1213 3305 1274 τὰς
3340 1212 3598 1273 ἐκθέσεις
3643 1211 3742 1262 τῶν

2179 1305 2449 1376 αἱρέσεων
2505 1303 2603 1358 καὶ
2656 1304 2756 1374 τῆς
2800 1305 2857 1358 ἐν
2897 1302 3099 1373 Nimia}
3143 1303 3236 1356 ἐπὶ
3297 1302 3462 1371 μέσον
3501 1301 3744 1354 ἐκέλευον

2178 1395 2432 1465 ἄγεσθαι,
2462 1395 2538 1459 ὡς
2588 1396 2656 1451 ἄν
2685 1412 2750 1464 γε
2792 1397 3001 1448 ἐκεῖναι
3045 1393 3144 1464 μὲν
3179 1393 3521 1462 ἐκκήρυκτοι
3550 1393 3742 1460 γένων-

2177 1504 2288 1550 ται,
2332 1486 2391 1538 τὸ
2424 1484 2590 1555 κῦρος
2639 1484 2697 1538 δὲ
2732 1485 2830 1538 καὶ
2859 1483 3016 1546 αὖθις
3064 1485 3183 1546 τοῖς
3226 1485 3284 1536 ἐν
3311 1482 3526 1553 Νικαίᾳ
3555 1481 3744 1550 ἐπιψη-

2178 1576 2420 1646 φισθείηο
2450 1576 2548 1630 καὶ
2597 1574 2695 1630 τοῦ
2729 1574 2919 1630 λοιποῦ
2969 1575 3100 1645 περὶ
3152 1575 3396 1636 πίστεως
3453 1574 3529 1643 μὴ
3575 1577 3742 1624 κινεῖν

2175 1668 2358 1735 λόγον,
2417 1669 2558 1739 μήτε
2612 1668 2723 1740 μὴν
2773 1667 3029 1730 συνόδους
3075 1668 3275 1722 αίτετν.
3335 1668 3584 1736 Ἀπόχρη
3644 1665 3744 1733 γὰρ

2179 1760 2431 1829 στέργειν
2481 1760 2551 1812 τὰ
2595 1761 2708 1821 τοῖς
2755 1759 3037 1827 πατράσιν
3069 1758 3309 1812 ἔκπαλαι
3339 1757 3594 1824 δίξαντα.
3629 1757 3742 1807 Τῶν

2176 1851 2223 1904 δ’
2258 1851 2478 1904 ἀτόπων
2524 1850 2591 1904 ἂν
2624 1852 2708 1921 εἴη
2740 1850 2838 1904 νῦν
2869 1853 3053 1903 πίστιν
3086 1854 3428 1920 συγγράφειν
3454 1891 3468 1914 ,
3501 1849 3595 1900 καὶ
3627 1848 3745 1916 ἄρτι

504 1924 626 1978 dem
678 1927 950 1984 damnatae
987 1933 1373 2001 rejicerentur,
1420 1938 1531 1993 haec
1564 1955 1694 1995 vero
1737 1943 2069 1998 auctoritate

2179 1943 2512 2011 ἀρχομένους
2572 1942 2872 2008 πιστεύειν,
2927 1942 3030 2012 τὴν
3078 1944 3141 1995 ἐκ
3175 1941 3411 1994 παλαιοῦ
3461 1929 3744 2005 παράδοσιν

503 2018 686 2072 denuo
717 2029 771 2074 et
805 2021 1082 2093 suﬂ‘ragiis
1113 2026 1305 2096 synodi
1337 2029 1779 2087 confirmaretur.
1813 2035 1880 2090 Et
1912 2045 1972 2090 ut
2005 2038 2073 2089 de

505 2118 704 2163 czetero
734 2126 912 2180 neque
944 2113 1245 2183 disputatio
1281 2117 1351 2172 de
1388 2118 1493 2174 fide
1525 2132 1862 2188 moveretur,
1897 2139 2075 2194 neque

507 2205 750 2271 synodus
784 2216 1084 2274 peteretur,
1118 2219 1438 2266 sanxerunt.
1480 2213 1742 2271 Suﬂicere
1775 2217 1920 2271 enim
1953 2235 2076 2288 qua:

509 2308 538 2345 a
583 2296 883 2365 majoribus
932 2298 1140 2354 dudum
1191 2303 1489 2358 constituta
1538 2318 1765 2362 essent:
1814 2326 1877 2364 ea
1921 2327 2074 2365 com-

509 2386 665 2453 plecti
721 2382 972 2456 posteros
1021 2392 1224 2447 debere
1267 2414 1279 2449 :
1342 2403 1398 2449 et
1449 2412 1713 2466 perquam
1771 2402 2073 2456 absurdum

503 2492 649 2541 esse,
681 2493 829 2534 nunc
860 2480 1082 2535 demum
1117 2485 1281 2539 ﬁdem
1315 2480 1667 2544 conscribere
1699 2506 1817 2554 eos,
1855 2494 1945 2562 qui
1975 2510 2077 2547 nu'

503 2583 600 2636 per
627 2569 918 2625 admodum
950 2575 1177 2630 credere
1210 2577 1544 2646 coepissent:
1577 2589 1632 2634 et
1666 2591 1916 2637 veterum
1962 2594 2074 2639 tra-

503 2660 769 2715 ditionem
831 2663 1087 2732 abolere,
1142 2684 1241 2736 per
1271 2684 1436 2737 quam
1497 2678 1554 2725 et
1610 2671 1713 2742 ipsi
1773 2683 1830 2728 et
1889 2686 2077 2743 patres

502 2769 694 2808 eorum
741 2757 1008 2814 ecclesias
1050 2762 1487 2832 gubernassent,
1541 2783 1608 2822 ex
1654 2769 1858 2838 quibus
1893 2772 2076 2840 plures

506 2848 785 2918 martyriis
810 2858 864 2904 et
891 2851 1056 2907 obita;
1081 2854 1450 2912 confessionis
1474 2860 1694 2915 coronis
1717 2862 2073 2918 condecorati

509 2938 768 2994 fuiSsent.
803 2942 869 2996 Et
899 2943 937 2996 ii
965 2944 1190 3012 quidem
1221 2948 1300 3003 sic
1330 2948 1472 3004 dicta
1506 2954 1803 3018 sententia,
1835 2955 2076 3024 antiqui-

507 3039 595 3084 tus
628 3031 866 3088 decretis
902 3045 1082 3103 stare,
1124 3038 1378 3110 nihilque
1411 3057 1612 3098 novum
1647 3045 1911 3102 inducere
1941 3041 2075 3102 con-

503 3122 848 3179 stituerunt:
884 3126 960 3180 illi
1011 3139 1222 3197 autem,
1257 3133 1456 3189 Valens
1490 3137 1704 3193 scilicet
1757 3147 1814 3193 et
1850 3140 2071 3210 reliqui,

505 3230 648 3283 quos
692 3217 857 3284 paulo
897 3231 1024 3274 ante
1069 3223 1504 3296 nominavimus,
1550 3240 1742 3285 contra
1783 3232 1889 3288 nisi
1923 3243 2069 3288 sunt.
2102 3253 2147 3313 ο

507 3307 867 3379 Summopere
935 3328 1168 3383 namque
1225 3320 1667 3387 contenderunt,
1719 3332 1780 3378 ut
1835 3327 2078 3395 synodus

507 3415 702 3455 recens
735 3409 1094 3473 compositam
1127 3397 1311 3465 Sirmii
1347 3412 1471 3466 fidei
1504 3412 1796 3469 formulam
1824 3430 2078 3487 compro-

510 3496 687 3547 baret.
722 3494 956 3552 Tantum
987 3510 1168 3556 autem
1202 3503 1376 3567 abest,
1413 3503 1684 3561 utPatres
1719 3507 1773 3562 id
1808 3507 2073 3571 facerent.

507 3593 566 3637 ut
589 3586 750 3640 etiam
789 3587 1082 3658 Ursicium,
1112 3595 1419 3660 Valentem,
1450 3612 1755 3669 eorumque
1782 3602 2078 3668 cumplices

505 3678 873 3736 damnationis
924 3687 1199 3739 sententia
1250 3690 1686 3744 exauctorariut.
1732 3691 1798 3743 Et
1837 3692 2078 3761 synodus

507 3770 902 3838 professionem
934 3775 1211 3832 Niczenam
1243 3781 1476 3848 amplius
1511 3781 1674 3835 etiam
1709 3783 2075 3840 confirmavit.

509 3861 588 3914 llli
624 3874 808 3918 autem
842 3867 1250 3924 danmationem
1281 3888 1424 3942 aegre
1454 3872 1717 3936 ferentes,
1751 3875 1815 3929 ad
1843 3876 2080 3945 impera-

507 3966 679 4008 torem
735 3958 1054 4028 confugere.
1109 3963 1279 4016 Porro
1327 3965 1572 4035 synodus
1625 3981 1689 4021 ea
1741 3984 1851 4023 non
1898 3970 2075 4024 solum

506 4048 754 4106 formulae
797 4053 1011 4108 illorqu
1052 4057 1462 4124 prasfationem,
1509 4059 1604 4114 sed
1642 4061 1814 4130 ipsam
1853 4079 2075 4134 quoque

507 4141 795 4198 formulam
862 4149 1240 4216 reprehendit,
1301 4154 1460 4224 cujus
1523 4155 1689 4209 verba
1749 4167 1912 4212 erant
1957 4160 2074 4227 (l):

519 4249 541 4285 ι
565 4233 880 4306 Composita
904 4251 986 4294 est
1007 4241 1143 4296 fides
1174 4244 1440 4299 catholica
1473 4246 1524 4299 in
1549 4249 1840 4316 prxseutia
1869 4249 2076 4306 domini

507 4329 686 4380 nostri
719 4327 1027 4385 Constantii
1061 4335 1314 4402 perpetui
1349 4335 1600 4406 Augusti,
1639 4343 1926 4394 consulatu
1963 4342 2077 4397 cla-

507 4415 855 4474 rissimorum
902 4421 1179 4488 virorum,
1217 4425 1422 4490 Flavii,
1470 4427 1691 4484 Eusebii
1735 4439 1792 4485 et
1838 4429 2075 4502 llypatii,

505 4506 852 4577 Sirmii,ante
884 4513 1142 4568 xiKaleu.
1169 4515 1298 4571 Jun.
1326 4537 1343 4570 ι
1369 4519 1528 4589 775
1547 4521 1622 4580 Ac
1638 4521 1874 4578 deinde:
1907 4525 2076 4579 «Cre-

2177 2035 2412 2094 ἀθετεῖν,
2436 2033 2503 2086 δι’
2548 2028 2617 2105 ἦς
2654 2034 2822 2104 ἡμεῖς
2851 2050 2911 2086 τε
2943 2033 3040 2086 καὶ
3068 2033 3118 2086 oi
3149 2033 3258 2102 πρὸ
3305 2031 3469 2102 ἡμῶν
3519 2032 3615 2092 τὰς
3661 2031 3745 2081 ἐκ·

2177 2125 2408 2193 κλησίας
2453 2127 2705 2196 ἤγομεν,
2775 2120 2851 2180 ὧν
2899 2125 2949 2177 οἱ
3002 2125 3228 2188 πλείους
3280 2123 3604 2195 μαρτυρίοις
3657 2122 3745 2175 καὶ

2177 2214 2289 2274 τοῖς
2349 2213 2449 2282 τῆς
2518 2212 2816 2282 ὁμολογίας
2873 2215 3165 2281 στεφάνοις
3229 2213 3742 2282 κατεκοσμήθησαν.

2179 2306 2241 2356 Οἱ
2276 2305 2378 2375 μὲν
2430 2299 2526 2358 οὗν
2577 2303 2805 2358 τοιαῦτα
2840 2305 3116 2372 λέγοντες,
3150 2305 3208 2358 ἐν
3242 2307 3359 2368 τοῖς
3403 2303 3635 2358 ἔκπαλαι
3663 2303 3743 2355 δε·

2177 2396 2460 2465 δογμένοις
2523 2397 2709 2466 μένειν
2772 2396 2999 2465 ἠξίουν,
3054 2397 3150 2450 καὶ
3212 2397 3381 2468 μήτι
3438 2396 3742 2466 πρόσφατον

2179 2488 2535 2555 ἐπεισάγειν·
2578 2489 2779 2540 ἐκεῖνοι
2812 2487 2868 2540 δὲ
2897 2529 2911 2552 ,
2954 2490 3003 2541 oi
3037 2488 3170 2559 περὶ
3213 2489 3494 2540 Οὐάλεντα
3529 2485 3738 2556 δηλαδὴ,

2178 2578 2514 2646 ἀντέϐαινον,
2564 2580 2657 2632 καὶ
2714 2580 2815 2650 τὴν
2881 2579 3068 2642 αὐτοῖς
3113 2579 3520 2649 προϐληθείσαν
3573 2577 3742 2630 πίστιν

2181 2673 2432 2742 στέργειν
2479 2672 2929 2742 προσεϐιάζοντο.
2995 2673 3151 2726 Ἐπεὶ
3207 2672 3254 2726 δ’
3298 2673 3400 2724 οὐκ
3451 2669 3737 2727 ἐπείθοντο.

2181 2764 2541 2835 καθῃροῦντο.
2599 2765 2664 2816 Ἦ
2715 2765 2774 2818 δὲ
2827 2765 3047 2828 σύνοδος
3077 2763 3178 2834 τὴν
3231 2764 3289 2817 ἐν
3326 2763 3535 2834 Νικαίᾳ
3570 2760 3740 2814 πίστιν

2184 2856 2388 2926 μᾶλλον
2439 2857 2741 2926 ἐκύρωσεν.
2799 2859 2864 2910 Ol.
2899 2858 2956 2910 δὲ
2992 2856 3247 2927 χαλεπῶς
3299 2856 3403 2924 τὴν
3432 2853 3738 2920 καθαίρεσιν

2179 2944 2520 3012 ἐνεγκόντες,
2560 2947 2641 3008 εἰς
2684 2944 2913 3014 βασιλέα
2965 2946 3284 3016 ἀνέτρεχον.
3325 2947 3392 2999 ἸΙ
3444 2946 3502 2998 δὲ
3537 2943 3738 3002 σύνοδος

2178 3035 2370 3103 ᾐτιᾶτο
2409 3033 2485 3104 μὴ
2522 3035 2686 3104 μόνον
2737 3035 2839 3105 τὴν
2899 3044 3237 3107 προγραφὴν
3299 3037 3401 3108 τῆς
3455 3033 3736 3094 ἐκθέσεως,

2181 3125 2318 3178 ἀλλὰ
2353 3127 2450 3177 καὶ
2479 3125 2652 3197 αὐτὴν
2678 3127 2900 3198 ἐκείνην
2954 3129 3054 3199 τὴν
3103 3127 3346 3183 ἔκθεσιν.
3389 3127 3586 3194 Ἔλεγε
3617 3123 3734 3192 γάρ·

2186 3235 2206 3271 ι
2251 3217 2506 3289 Ἐξετέθη
2555 3219 2741 3282 πίστις
2779 3220 2813 3289 ἡ
2868 3219 3138 3290 καθολικὴ
3191 3221 3284 3272 ἐπὶ
3340 3219 3615 3290 παρουσίᾳ
3647 3215 3734 3269 τοῦ

2180 3311 2443 3365 δεσπότου
2498 3311 2658 3381 ἡμῶν
2708 3312 3092 3366 Κωνσταντίου
3157 3313 3382 3365 αἰωνίου
3435 3307 3755 3379 Αὐγούστου“

2181 3407 2239 3457 ἐν
2263 3405 2499 3474 ὑπατείᾳ
2527 3403 2761 3458 Φλαϐίου
2793 3405 2890 3458 καὶ
2919 3404 3180 3458 Εὐσεόίου
3217 3406 3312 3458 καὶ
3352 3406 3612 3458 ’Υπατίου
3640 3401 3740 3460 τῶν

2179 3496 2586 3566 λαμπροτάτων
2627 3497 2684 3550 ἐν
2719 3497 2930 3568 Σιρμίῳ
2967 3501 3035 3568 τῇ
3068 3497 3206 3569 πρὸς
3235 3497 3434 3552 ἕνδεκα
3459 3492 3741 3551 Καλανδῶν

2193 3587 2452 3642 Ἰουνίων.
2489 3608 2508 3641 ι
2539 3591 2648 3644 Καὶ
2678 3589 2947 3658 καθεξῆςο
2983 3590 3362 3659 «Πιστεύομεν
3397 3590 3476 3652 είς
3519 3590 3611 3640 ἕνα
3655 3583 3738 3636 τὸν

2184 3679 2347 3748 μόνον
2395 3681 2491 3734 καὶ
2537 3680 2791 3751 ἀληθινὸν
2823 3681 2960 3734 Θεὸν
2991 3682 3210 3748 Πατέρα
3247 3679 3680 3749 παντοκράτορα.
3714 3691 3731 3722 ι

2183 3773 2319 3840 Περὶ
2349 3772 2406 3825 δὲ
2431 3773 2584 3836 τέλος
2615 3773 2710 3826 καὶ
2739 3772 2896 3825 ταῦτ’
2917 3772 3102 3840 ἔλεγον
3128 3787 3142 3801 ο
3184 3791 3204 3824 ι
3243 3771 3316 3824 To
3345 3771 3402 3824 δέ
3435 3772 3602 3838 ὄνομα
3647 3763 3737 3828 τῆς

2179 3861 2387 3929 οὐσίας,
2424 3863 2511 3916 διὰ
2545 3864 2604 3917 τὸ
2639 3863 3010 3934 ἁπλούστερον
3059 3863 3166 3917 ὑπὸ
3205 3862 3315 3916 τῶν
3359 3860 3618 3929 Πατέρων
3657 3871 3736 3906 τε-

2181 3953 2421 4020 θεῖσθαι,
2454 3955 2828 4024 ἀγνοούμενον
2861 3953 2918 4006 δὲ
2951 3954 3056 4007 ὑπὸ
3096 3954 3206 4008 τῶν
3247 3953 3417 4017 λαῶν,
3457 3946 3738 4005 σκάνδαλον

2182 4047 2374 4118 φέρειν
2400 4046 2526 4100 ’διὰ
2568 4046 2631 4098 τὸ
2684 4049 2826 4116 μήτε
2865 4046 2964 4108 τὰς
3002 4046 3229 4115 Γραφὰς
3258 4045 3420 4098 τοῦτο
3450 4040 3732 4112 περιέχειν.

2180 4139 2347 4209 ἧρεσε
2399 4139 2562 4191 τοῦτο
2614 4137 3059 4210 περιαιρεθῆναι,
3109 4138 3206 4190 καὶ
3249 4137 3544 4229 παντελῶς
3582 4131 3735 4229 μηδε-

2185 4231 2312 4300 μίαν
2364 4232 2589 4301 μνήμην
2631 4230 2821 4293 οὐσίας
2876 4231 2970 4284 ἐπὶ
3023 4230 3162 4284 Θεοῦ
3210 4229 3357 4284 εῖναι
3407 4231 3502 4283 τοῦ
3535 4228 3732 4281 λοιπον,

2179 4324 2268 4377 διὰ
2295 4325 2354 4377 τὸ
2381 4325 2480 4387 τὰς
2505 4323 2654 4386 θείας
2691 4325 2918 4394 Γραφάς
2957 4324 3236 4396 μηδαμῶς·
3255 4325 3388 4396 περὶ
3425 4321 3630 4389 Πατρός
3649 4313 3734 4368 καὶ

2181 4416 2314 4469 Υἱοῦ
2373 4416 2560 4479 οὐσίας
2609 4416 2944 4486 μεμνῆσθαι.
3008 4417 3236 4485 Ὅμοιον
3291 4415 3351 4468 δὲ
3383 4414 3609 4482 λέγομεν
3653 4404 3733 4456 τὸν

2180 4508 2308 4561 Υἰδν
2351 4508 2427 4578 τῷ
2481 4509 2657 4578 Πατρὶ
2708 4508 2851 4561 κατὰ
2891 4509 3092 4572 πάντα,
3121 4506 3198 4568 ὡς
3249 4507 3304 4559 αἱ
3342 4508 3496 4574 ᾰγιαι
3536 4494 3732 4569 Γραφαὶ

503 4599 687 4655 dimus
733 4603 786 4656 in
831 4619 1000 4659 unum
1045 4608 1219 4661 solum
1265 4618 1320 4663 et
1363 4627 1551 4666 verum
1598 4614 1806 4679 Deum,
1855 4616 2074 4672 Patrem

2181 4599 2404 4669 λέγουσί
2433 4618 2494 4653 τε
2538 4601 2632 4653 καὶ
2669 4599 3007 4655 διδάσκουσι.
3053 4617 3072 4651 ι
3103 4597 3317 4652 Γελοῖον
3355 4598 3464 4666 γὰρ
3503 4589 3732 4679 ἐνόμιζον

502 4694 964 4761 omnipotentem,
999 4709 1301 4754 creatorem
1341 4713 1398 4757 et
1425 4704 1768 4760 conditorem
1801 4710 2067 4765 omnium.

502 4779 710 4835 Nomen
747 4788 1001 4840 essentire
1041 4805 1138 4858 per
1170 4790 1581 4861 simplicitatem
1615 4811 1643 4849 a
1677 4796 1940 4852 Patribus
1974 4814 2074 4867 po-

504 4871 698 4938 situm,
731 4891 840 4929 non
877 4879 1215 4938 intellectqu
1245 4899 1376 4940 vero
1402 4903 1431 4940 a
1465 4889 1702 4956 populis,
1733 4891 1995 4945 seandalo
2021 4903 2078 4948 et

505 4962 842 5023 uli‘eudiculo
871 4979 978 5026 est.
1025 4973 1092 5026 Et
1123 4977 1382 5044 quoniam
1425 4977 1730 5048 Scriptura:
1763 4982 1817 5035 id
1852 4997 2074 5052 quoque

510 5071 620 5110 non
664 5058 899 5126 habent,
952 5062 1210 5130 placitum
1241 5079 1327 5121 est
1360 5067 1416 5121 id
1463 5069 1655 5124 tollere
1677 5111 1692 5135 ,
1723 5081 1780 5125 et
1809 5071 2071 5143 deinceps

509 5151 712 5204 nullam
744 5155 970 5208 omnino
992 5159 1248 5213 essentia:
1281 5159 1335 5213 in
1366 5160 1478 5216 Deo
1500 5162 1681 5218 facere
1710 5165 2070 5229 mentionem,

503 5253 796 5312 propterea
840 5247 986 5316 quod
1034 5249 1236 5304 divinae
1282 5250 1578 5320 Scriptura:
1623 5255 1802 5308 Patris
1847 5265 1904 5310 et
1949 5256 2072 5311 Filii

503 5336 826 5392 substantia:
852 5354 1077 5408 prorsus
1109 5356 1217 5396 non
1247 5345 1571 5400 meminere.
1603 5345 1850 5401 Similem
1885 5359 2069 5404 autem

503 5426 704 5482 Filium
732 5431 878 5485 Patri
910 5448 1008 5501 per
1037 5435 1219 5489 omnia
1242 5436 1503 5501 dicimus,
1531 5439 1695 5492 siculi
1725 5455 1894 5494 sacra:
1927 5441 2074 5495 Scri-

502 5529 640 5576 turae
670 5534 724 5576 et
754 5525 947 5580 dicunt
982 5537 1034 5582 et
1069 5528 1292 5585 docent.
1333 5551 1350 5582 ι
1391 5532 1709 5586 Ridiculum
1747 5549 1912 5602 porro
1947 5535 2071 5602 cpi--

504 5618 684 5686 scopis
715 5620 888 5672 Visum
923 5631 1022 5687 cst,
1061 5623 1450 5692 imperatorem
1487 5625 1710 5694 quidem
1747 5635 2069 5694 perpetuum

2181 4693 2272 4745 τὸν
2308 4693 2407 4761 μὲν
2443 4691 2671 4761 βασιλέα
2714 4688 2933 4743 αἰώνιον
2955 4687 3268 4758 ὀνομάζειν,
3295 4688 3388 4740 τὸν
3414 4686 3471 4738 δέ
3496 4682 3584 4776 τοῦ
3609 4673 3729 4776 Θερῦ

2181 4785 2310 4838 Υἱὸν
2339 4787 2416 4855 μὴ
2456 4785 2635 4837 θέλειν
2667 4784 2840 4837 ἀΐδιον
2869 4781 3058 4834 καλεῖν
3078 4821 3094 4846 ,
3124 4780 3219 4834 καὶ
3245 4779 3408 4849 ῥητὸν
3434 4775 3618 4848 χρόνον
3640 4775 3731 4833 τῆς

2179 4879 2400 4950 γραφῆς
2433 4877 2637 4947 ταύτης
2677 4876 3026 4947 προτάττειν
3056 4871 3280 4941 διαϐολὴ
3319 4871 3426 4939 γὰρ
3484 4867 3727 4968 ἄντικρυξ

2181 4975 2354 5027 ἐδόκει
2408 4971 2514 5038 τῆς
2539 4970 2776 5030 πίστεως
2839 4967 2948 5020 τῶν
3002 4965 3475 5035 προγενεστέρων’
3505 4957 3727 5028 μάλιστα

2178 5067 2574 5127 δ”Αθανάσιος
2627 5066 2686 5118 ἐν
2735 5063 2938 5127 αἰτίαις
2999 5062 3190 5128 ἐτίθει,
3225 5060 3302 5122 ῶς
3365 5074 3467 5154 που

2180 5164 2314 5232 πρδς
2366 5161 2491 5222 τοὺς
2546 5158 2786 5220 οἶκείους
2840 5154 3183 5225 ἀπήγγελλε.
3223 5150 3545 5219 Παρεθέμην
3578 5140 3618 5192 δ’
3665 5135 3724 5187 ἂν

2181 5256 2276 5309 καὶ
2303 5253 2402 5320 τὴν
2434 5251 2822 5320 ἐξελέγχουσαν
2853 5245 3140 5313 ἐπιστολὴν
3163 5284 3177 5308 ,
3217 5245 3266 5296 εί
3302 5243 3376 5314 μὴ
3421 5239 3481 5292 τὸ
3511 5241 3725 5320 «positi?

2179 5347 2272 5418 ρές
2302 5319 2394 5397 τού
2435 5346 2593 5411 λόγου
2621 5341 2843 5412 φεύγων
2881 5337 3014 5406 ἐγὼ,
3056 5338 3153 5389 ἐπί
3181 5337 3408 5432 ζήτησιν
3436 5332 3555 5432 τους

2179 5441 2373 5511 μαθεῖς
2421 5436 2756 5507 προύτρέπω
2789 5433 2859 5486 τὰ
2891 5433 2952 5484 ἐν
2986 5431 3175 5500 ἐκείνῃ
3203 5425 3444 5486 δυνατῶς
3475 5421 3721 5516 simil???

2174 5498 2535 5600 autauafisi’v.
2571 5498 2635 5580 Oi
2688 5525 2784 5597 μὲν
2833 5524 2928 5578 οὖν
2962 5498 3388 5591 καθαιρεθέντες
3421 5518 3476 5576 ἐς
3507 5498 3717 5606 ῆξσιξέα

2175 5625 2486 5694 ἀνέτρεχον,
2517 5623 2908 5690 ἐπιφερόμενοι
2933 5618 3030 5671 καὶ
3060 5616 3158 5686 τὴν
3183 5615 3418 5668 ἔκθεσιν·
3449 5606 3480 5674 ἡ
3520 5600 3573 5653 δέ
3600 5600 3714 5645 σύνι-

574 5804 652 5874 (l)
711 5807 1198 5864 Condemnationis
1257 5809 1383 5875 ejus
1452 5823 1674 5861 causam
1771 5807 2103 5875 praecipuam
2173 5805 2340 5862 fuisse
2414 5806 2669 5861 Socrates
2729 5800 2945 5868 scribit,
3013 5799 3157 5870 quod
3227 5797 3479 5853 Ariauuul
3539 5782 3714 5844 ύοειηίὶ

510 5875 879 5935 Λπιίιιιίκηηιοε
919 5881 1178 5936 damnare
1212 5877 1514 5944 noluerint,
1549 5878 1689 5932 libro
1727 5893 1786 5941 ιι,
1817 5892 1938 5944 cap.
1974 5876 2062 5929 57.
