4054 6462
355 443 456 506 381
1311 455 1919 517 ECCLESIASTICAZ
1963 459 2353 522 amomis
2396 448 2548 527 LIB.
2593 466 2702 525 1x.
3526 472 3632 534 33:2

358 563 498 626 οδος,
535 564 710 619 εἴκοσι
753 567 860 620 τῶν
895 569 1218 624 ἐπισκόπων
1248 571 1727 645 διαπεμψάμενοι,
1757 575 1934 646 γράμε

2049 593 2147 632 seu
2183 587 2452 633 aeternum
2489 583 2777 639 nominare
2800 626 2814 651 ,
2851 585 3048 640 Filium
3083 595 3268 642 autem
3302 587 3394 642 Dei
3426 587 3628 657 sempi-

358 669 532 719 μασιν
563 657 788 721 οίκείοις
812 662 881 713 τὰ
915 661 1201 731 συμϐάντα
1230 663 1306 736 τῷ
1331 664 1547 736 βασιλεῖ
1563 667 1934 738 κατεμήνυον·

2050 681 2264 724 ternum
2301 687 2498 726 vocare
2528 674 2672 728 nolle
2701 692 2714 728 :
2750 686 3078 747 certumque
3110 688 3326 748 tempus
3357 679 3484 734 huic
3518 678 3630 732 for-

353 744 394 797 a
432 747 583 801 τόνδε
613 754 894 823 περιεῖχον
931 755 1025 808 τὸν
1055 757 1223 810 τόπον
1246 777 1259 788 ·

2050 760 2212 814 mulzr
2259 763 2382 817 fidei
2425 755 2730 836 praefigere,
2764 768 3054 823 manifesta
3091 786 3312 840 quoque
3352 770 3630 825 ealumnia

352 854 420 890 ea
448 841 697 911 judicata
737 859 823 902 est
863 848 1131 906 adversus
1168 852 1436 922 majorum
1481 853 1665 909 fidem.
1737 853 2146 924 Maximefvero
2216 870 2336 908 eam
2373 855 2707 914 Athanasius
2732 863 3058 917 criminatus
3088 873 3194 925 est,
3236 873 3295 917 ut
3327 865 3526 916 alicubi
3561 863 3631 915 ad

360 949 493 1027 suos
517 938 765 993 scribens
793 943 1053 998 ostendit.
1083 945 1150 999 Et
1181 947 1534 1002 inseruissem
1569 947 1658 1003 hic
1684 947 2113 1003 confutatoriam
2180 948 2300 1016 ejus
2367 951 2654 1018 epistolam
2677 991 2692 1013 ,
2770 956 2872 1011 nisi
2923 958 3192 1013 orationis
3255 957 3626 1027 prolixitatem

362 1026 619 1098 fugiens,
649 1035 910 1091 studiosis
939 1054 1060 1092 eam
1134 1039 1558 1109 inquirendam,
1607 1051 1772 1112 atque
1815 1057 1881 1095 ex
1939 1056 2004 1096 ea
2043 1055 2158 1094 rem
2204 1055 2424 1096 omnem
2467 1046 2942 1112 cognoscendam,
2991 1026 3382 1121 relinquerem.
3444 1049 3622 1102 Esau-

356 1123 558 1177 ctorati
594 1123 706 1191 illi,
741 1127 898 1182 sicuti
935 1129 1079 1195 dixi,
1118 1130 1412 1184 formulam
1482 1147 1669 1187 secum
1722 1133 1985 1197 ferentes,
2028 1132 2094 1186 ad
2130 1131 2512 1198 imperatorem
2545 1137 2861 1207 confugere.
2897 1139 3047 1196 Cone
3070 1143 3202 1196 lium
3245 1158 3395 1204 vero,
3426 1141 3616 1196 decem

355 1216 425 1270 ad
491 1231 617 1270 eum
683 1219 874 1290 legatis
917 1224 1232 1296 episcopis,
1283 1226 1484 1282 litteris
1539 1239 1760 1296 quoque
1816 1240 1929 1280 rem
1973 1235 2150 1280 actam
2202 1227 2538 1294 declaravit,
2591 1245 2712 1297 qua:
2799 1234 2850 1286 in
2891 1234 3040 1288 hanc
3125 1235 3354 1290 formam
3406 1237 3628 1305 scripta:

353 1305 576 1362 fuerant
611 1325 625 1340 '

965 1439 1010 1490 Κ
1020 1439 1214 1492 ΕΦΑΛ.
1255 1439 1344 1494 Μ’.

373 1543 702 1614 Ἐπιστολὴ
729 1547 841 1622 τῆς
872 1551 943 1604 ἐν
968 1554 1266 1622 Ἀριμήνῳ
1319 1559 1594 1615 συνόδου
1621 1564 1940 1616 Κωνστανο

709 1621 814 1688 τίῳ
837 1621 1177 1693 πεμφθεῖσα
1200 1629 1281 1694 τῷ
1297 1629 1575 1694 βασιλεῖ.

436 1749 453 1783 ι
504 1731 606 1787 Ἕκ
637 1752 697 1788 τε
729 1737 826 1806 τῆς
881 1738 974 1792 τοῦ
1010 1739 1161 1807 ,Θεοῦ
1210 1742 1513 1808 κελεύσεως
1570 1745 1667 1799 καὶ
1717 1746 1810 1799 τοῦ
1839 1745 1939 1816 τῆς

351 1823 639 1888 εὐσεσείας
678 1828 1112 1898 προστάγματος
1169 1833 1237 1885 τὰ
1295 1835 1470 1888 πάλαι
1497 1835 1938 1904 δογματισθέντα

353 1918 690 1984 γεγενῆσθαι
730 1923 1087 1994 πιστεύομεν.
1154 1928 1247 1990 Είς
1276 1928 1385 1998 γὰρ
1421 1927 1707 2000 ’Δρίμινον
1733 1931 1797 1982 ὲκ
1827 1945 1935 1982 πα-

354 2011 468 2062 σῶν
493 2013 604 2065 τῶν
638 2014 774 2082 πρὸς
803 2016 959 2070 δύσιν
979 2018 1197 2070 πόλεων
1235 2023 1317 2083 είς
1367 2021 1538 2074 ταυτὸ
1582 2023 1784 2084 πάντες
1819 2020 1940 2074 έπε-

353 2115 553 2152 σκοποι
585 2102 954 2172 συνήλθομεν,
985 2107 1074 2160 ἵνα
1103 2110 1194 2162 καὶ
1225 2109 1258 2179 ή
1290 2111 1479 2174 πίστις
1514 2113 1612 2182 τῆς
1638 2112 1937 2180 καθολικῆς

366 2191 698 2260 Ἐκκλησίας
729 2197 1035 2268 γνωρισθῇ,
1069 2199 1165 2252 καὶ
1195 2201 1245 2254 οἱ
1304 2202 1558 2254 τάναντία
1608 2203 1937 2273 φρονοῦντες

350 2283 573 2350 ἔκδηλοι
602 2287 894 2354 γένωνται.
942 2289 1030 2353 Ὠς
1059 2292 1168 2363 γὰρ
1197 2295 1548 2348 ἐπιπλεῖστον
1577 2295 1937 2349 διασκοποῦν-

350 2394 444 2440 τες
479 2379 820 2451 εὑρήκαμεν,
854 2384 1088 2453 ἀρεστὸν
1141 2387 1316 2457 ἐφάνη
1344 2387 1440 2458 τὴν
1479 2388 1665 2444 πίστιν
1698 2389 1798 2459 τὴν
1840 2390 1935 2442 ἔκ-

351 2470 524 2522 παλαι
584 2473 975 2541 διαμένουσαν,
1034 2478 1100 2546 ἣν
1148 2478 1245 2531 καὶ
1288 2481 1339 2532 οἱ
1385 2482 1666 2550 προφῆται
1709 2483 1804 2534 καὶ
1867 2481 1936 2534 τὰ

351 2561 666 2630 Εὑαγγέλια
716 2567 812 2619 καὶ
866 2570 914 2621 oi
952 2570 1242 2624 ἀπόστολοι
1288 2570 1376 2624 διὰ
1408 2571 1503 2624 τοῦ
1534 2573 1744 2638 Κυρίου
1777 2573 1936 2644 ήμῶν

363 2650 546 2720 Ἰησοῦ
573 2655 816 2724 Χριστοῦ
838 2657 1136 2728 ἐκήρυξαν,
1159 2661 1253 2714 τοῦ
1277 2661 1373 2715 καὶ
1402 2663 1501 2731 τῆς
1531 2663 1629 2726 σῆς
1653 2663 1937 2734 βασιλείας

352 2743 624 2814 φρειυροῦ,
665 2747 888 2815 καὶτῆς
925 2749 1025 2819 σῆς
1059 2752 1286 2820 ῥώσεως
1327 2753 1663 2822 προστάτου,
1692 2753 1778 2806 ἵνα
1805 2752 1936 2806 ταύο

349 2848 454 2904 την
480 2837 854 2906 κατασχόντες
885 2840 1238 2912 φυλάξωμεν,
1283 2844 1378 2897 καὶ
1425 2845 1811 2912 φυλάττοντες,
1844 2846 1938 2914 μέο

351 2942 448 2994 χρι
483 2929 680 2992 τέλους
707 2931 1082 3004 διατηρῶμεν.
1120 2938 1357 2993 Ἀτοπον
1389 2939 1498 3009 γὰρ
1545 2942 1640 2992 καὶ
1673 2939 1936 3009 ἀθέμιτον

351 3017 550 3087 ἐφάνη,
577 3020 686 3073 τῶν
714 3022 892 3092 ὀρθῶς
917 3027 1012 3078 καὶ
1041 3027 1265 3090 δικαίως
1286 3029 1612 3099 ὡρισμένων
1640 3047 1693 3082 τι
1733 3029 1937 3100 μεταλ-

350 3110 592 3180 λάττειν,
621 3117 717 3169 καὶ
747 3116 855 3170 τῶν
891 3119 950 3171 ὲν
974 3119 1184 3191 Νικαίᾳ
1227 3123 1384 3193 κοινῇ
1431 3124 1570 3191 μετὰ
1601 3121 1696 3175 τοῦ
1729 3122 1938 3188 ὲνδοξου

2643 1437 2871 1495 CAPUT
2923 1437 3038 1494 XL.

2047 1551 2289 1624 Epistola
2329 1555 2678 1610 Ariminensis
2713 1555 2926 1636 concilii
2957 1553 3273 1609 Constantio
3315 1558 3630 1625 imperatori

2042 1646 2054 1654 ⁵
2757 1642 2934 1679 missa.

2124 1758 2144 1791 ε
2188 1737 2255 1794 Et
2283 1740 2380 1796 Dei
2410 1741 2609 1812 jussu,
2655 1748 2713 1795 et
2757 1740 2984 1810 pietatis
3029 1750 3136 1796 tua;
3179 1741 3463 1806 mandato,
3504 1758 3630 1813 qua:

2047 1831 2358 1902 antiquitus
2413 1832 2720 1888 constituta
2768 1842 2928 1900 sunt,
2973 1834 3275 1889 credimus.
3313 1835 3627 1889 Ariminum

1970 1904 2012 1960 Β
2041 1937 2279 1992 namque
2320 1936 2386 1977 ex
2437 1924 2698 1979 omnibus
2741 1922 3065 1979 Occidentis
3113 1925 3347 1980 urbibus
3383 1925 3626 1995 episcopi

2040 2029 2238 2070 omnes
2275 2016 2331 2068 in
2361 2015 2546 2070 locum
2580 2015 2838 2070 eumdem
2869 2016 3257 2082 convenimus,
3289 2026 3352 2071 ut
3380 2017 3544 2072 simul
3573 2025 3630 2072 et

2042 2107 2179 2162 fides
2227 2108 2491 2163 Ecclesiae
2548 2108 2838 2164 catholicae
2895 2120 3361 2179 cognosceretur,
3421 2119 3478 2163 et
3531 2110 3627 2177 qui

2041 2199 2204 2253 aliter
2247 2199 2494 2254 sentiunt
2533 2199 2810 2254 manifesti
2859 2199 3079 2254 tierent.
3128 2201 3309 2269 Atque
3362 2199 3455 2253 ubi
3507 2213 3624 2252 rem

2042 2306 2262 2346 omnem
2317 2291 2410 2346 diu
2459 2293 2808 2361 multumque
2857 2293 3364 2358 consideravimus,
3419 2291 3627 2346 facien-

2040 2383 2170 2437 dum
2201 2398 2324 2437 esse
2353 2384 2750 2452 comperimus,
2780 2391 2841 2437 ut
2865 2398 2987 2450 quae
3018 2382 3154 2438 fides
3186 2383 3496 2452 antiqui-tus
3525 2382 3627 2436 ob-

2041 2472 2211 2536 tinet,
2253 2481 2307 2527 et
2343 2489 2507 2542 quam
2545 2473 2830 2543 prophetae
2858 2482 2911 2528 et
2943 2475 3243 2542 Evangelia
3291 2482 3347 2527 et
3391 2474 3626 2542 apostoli

2042 2581 2143 2636 per
2189 2567 2482 2621 Dominum
2531 2575 2780 2621 nostrum
2833 2566 3020 2622 Jesum
3072 2566 3352 2622 Christum
3405 2566 3628 2636 imperii

2040 2659 2119 2713 tui
2153 2658 2476 2722 custodem,
2507 2658 2952 2728 valetudiniSque
2984 2657 3150 2713 etiam
3189 2669 3453 2720 tutorem,
3485 2675 3614 2727 pro-

2043 2753 2396 2822 mulgarunt,
2428 2768 2548 2808 eam
2582 2768 2612 2806 a
2645 2752 2952 2824 majoribus
2983 2760 3266 2821 acceptam
3313 2766 3624 2812 servemus.

2040 2853 2096 2898 et
2141 2853 2416 2900 servatam
2461 2844 2530 2899 ad
2581 2843 2748 2900 finem
2803 2859 2980 2914 usque
3026 2843 3429 2900 custodiamus.
3463 2843 3634 2912 776

2043 2937 2111 2990 Et
2152 2936 2456 2991 absurdum
2503 2936 2893 3006 nefariumque
2936 2951 3058 2992 esse
3103 2937 3455 3007 putavimus,
3504 2950 3626 3004 qua:

2042 3041 2194 3086 recte
2225 3042 2282 3086 et
2311 3032 2558 3100 legitime
2591 3032 2918 3094 constituta,
2946 3040 3003 3085 et
3023 3030 3224 3101 Nicaeae
3256 3028 3629 3083 communiter

2044 3139 2149 3178 una
2209 3139 2336 3178 cum
2389 3123 2793 3194 gloriosissimo
2851 3131 3080 3193 parente
3139 3130 3235 3177 tuo
3288 3121 3628 3191 imperatore

349 3207 517 3259 τὰτου
581 3224 677 3261 σου
745 3210 953 3278 πατρὸς
1014 3215 1111 3264 καὶ
1171 3211 1443 3280 βασιλέως
1514 3213 1934 3266 Κωνσταντίνου

2039 3216 2409 3272 Constantino
2435 3218 2743 3272 deliberata
2786 3229 2951 3284 sunt,
2983 3231 3048 3270 ex
3098 3216 3180 3271 eis
3213 3222 3431 3268 mutare
3466 3213 3628 3282 quid-

283 3375 292 3382 _
349 3299 740 3372 écxsppévwv;
774 3298 848 3354 ὧν
873 3303 906 3373 ή
930 3303 1252 3358 διδασκαλία
1271 3308 1366 3358 καὶ
1389 3307 1449 3358 τὸ
1475 3307 1734 3377 φρόνημα
1752 3307 1935 3377 διῆλθέ

348 3409 410 3444 τε
440 3394 534 3446 καὶ
565 3395 850 3466 ἐκηρύχθη
882 3397 960 3460 εἰς
987 3399 1167 3461 πάσας
1201 3398 1508 3468 ἀνθρώπων
1552 3401 1722 3463 ἀκοάς
1752 3416 1808 3451 τε
1840 3400 1934 3453 καὶ

348 3487 616 3553 διανοίας,
672 3491 796 3560 ἥτις
857 3492 1160 3548 ἀντίπαλος
1219 3493 1358 3563 μόνη
1429 3493 1525 3546 καὶ
1576 3494 1780 3563 ὀλετὴρ
1837 3496 1936 3564 τῆς

365 3582 582 3654 Ἀρείου
640 3586 912 3656 αἱρέσεως
967 3587 1180 3658 ὑπῆρξε
1208 3603 1221 3616 ·
1261 3587 1331 3641 δι’
1365 3583 1430 3660 ἦς
1464 3589 1526 3640 οὐ
1575 3587 1737 3658 μόνον
1771 3587 1933 3657 αὑτὴ,

353 3675 488 3728 ἀλλὰ
527 3677 623 3729 καὶ
682 3679 737 3730 αἱ
797 3679 988 3733 λοιπαὶ
1045 3680 1291 3750 αἱρέσεις
1324 3681 1754 3752 καθῃρέθησανο
1809 3672 1934 3752 ὲνῇ

349 3767 522 3831 ὅντως
552 3770 640 3823 καὶ
659 3770 721 3823 τὺ
752 3772 1072 3841 προσθεῖναί
1099 3791 1170 3836 τι,
1207 3772 1506 3842 σφαλερὸν,
1533 3772 1710 3826 καὶτὸ
1739 3772 1936 3841 ἀφελέο

351 3860 501 3924 σθαι,
536 3860 882 3916 ἐπικίνδυνον
941 3863 1201 3934 ὑπάρχει.
1251 3865 1342 3927 Ὠς
1370 3863 1530 3933 εἴπερ
1556 3865 1651 3917 καὶ
1703 3864 1936 3932 Θάτερον

348 3951 586 4016 γένοιτο,
622 3950 781 4004 ἔσται
807 3955 921 4016 τοῖς
952 3954 1168 4023 ἐχθροῖς
1201 3954 1358 4008 ἄδεια
1411 3960 1589 4007 ποιεῖν
1617 3956 1762 4025 άπερ
1817 3953 1935 4024 βού-

349 4042 548 4096 λοιντο.
588 4042 752 4098 Ὅθεν
789 4046 1100 4117 υὺρσάκιός
1134 4065 1194 4099 τε
1237 4049 1326 4100 καὶ
1357 4047 1597 4116 Οὐάλης,
1623 4048 1811 4116 ἐπειδὴ
1839 4048 1937 4101 καὶ

349 4137 584 4193 ἔκπαλαι
617 4141 836 4211 μέτοχοι
866 4159 926 4195 τε
973 4147 1070 4196 καὶ
1126 4142 1438 4214 σύμφρονες
1475 4142 1571 4196 τοῦ
1596 4142 1931 4215 Ἀρειανείου

348 4232 618 4304 δόγματος
683 4231 829 4306 ἦσαν
891 4235 1323 4306 καθεστηκότες,
1354 4237 1449 4288 κοιλ⁷
1499 4236 1601 4304 τῆς
1656 4235 1933 4306 ἡμετέρας

351 4329 638 4390 κοινωνίας
668 4327 1032 4398 χωρισθέντες
1057 4328 1474 4397 ἀπεφάνθησαν.
1509 4321 1615 4389 *Ης
1639 4327 1727 4381 ἴνα
1762 4327 1928 4396 μετά-

359 4438 580 4491 σχωσιν,
611 4415 808 4490 ἐφ’Ὀῖς
833 4421 1066 4484 ἑαυτοὺς
1114 4419 1559 4489 συνεγνώκεισαν
1605 4419 1932 4490 πλημμελή-

353 4530 576 4579 σαντας,
605 4513 894 4583 μετανοίας
923 4529 985 4568 τε
1009 4514 1104 4566 καλ⁵
1133 4511 1471 4581 συγγνώμης
1495 4514 1683 4581 ἠξίουν
1710 4516 1896 4584 τυχεῖν
1917 4530 1931 4545 ο

351 4604 428 4668 ὼς
483 4605 576 4656 καὶ
625 4603 694 4655 τὰ
731 4601 989 4674 ἐγγραφα
1020 4601 1088 4654 τά
1139 4602 1280 4671 ὑπὲρ
1320 4603 1546 4656 ἐκείνων
1585 4603 1932 4672 γεγενημένα

353 4699 643 4766 μαρτυρεῖ.
685 4696 765 4748 Δι’
787 4689 862 4749 ὧν
894 4695 1151 4747 ἁπάντων
1175 4695 1346 4763 φειδὼ
1377 4696 1676 4767 γεγένηται
1706 4697 1932 4750 καὶτῶν

351 4789 713 4860 ἐγκλημάτων
739 4783 1180 4856 συγγνώμηῘΗν
1198 4789 1254 4841 δὲ
1275 4790 1303 4840 ὁ
1323 4788 1512 4859 καιρὸς
1538 4789 1662 4842 καθ’
1682 4789 1741 4842 ὃν
1758 4790 1933 4842 ταῦτα

353 4887 675 4954 ἐπράττετο,
697 4885 787 4938 ὅτε
819 4885 876 4936 έν
901 4881 1219 4952 Μεδιολάνῳ
1259 4883 1320 4935 τὸ
1350 4883 1630 4952 συνέδριον
1674 4884 1776 4953 τῆς
1811 4901 1934 4936 συν-

351 4975 472 5029 όδου
509 4976 890 5043 συνεκροτεῖτο
914 4991 927 5006 ·
968 4974 1378 5046 συμπαρόντων
1413 4974 1471 5026 δὲ
1508 4975 1602 5028 καὶ
1654 4975 1764 5027 τῶν
1798 4993 1933 5044 πρε-

354 5066 630 5136 σϐυτέρων
663 5066 766 5133 τῆς
795 5065 1084 5132 Ῥωμαίων
1105 5064 1465 5133 Ἐκκλησίας,
1487 5066 1790 5134 ἐγνωκότες
1815 5065 1933 5136 ἅμα

353 5159 441 5212 καὶ
473 5159 563 5213 τὸν
601 5159 738 5226 μετὰ
762 5158 1026 5226 τελευτὴν
1074 5157 1223 5221 ἄξιον
1262 5159 1486 5227 μνήμης
1516 5160 1934 5214 Κωνσταντῖνον

359 5254 494 5322 μετὰ
526 5252 706 5321 πάσης
754 5249 1047 5319 ἀκριϐείας
1077 5253 1172 5304 καὶ
1207 5250 1513 5316 ἐξετάσεως
1559 5251 1658 5322 τὴν
1691 5269 1934 5323 συγγρα-

357 5348 547 5415 φεῖσαν
575 5347 760 5398 πίστιν
788 5345 1166 5399 έκτεθεικότα.
1199 5343 1423 5414 Ἐπειδὴ
1453 5343 1508 5397 δὲ
1535 5343 1612 5406 ὡς
1633 5331 1694 5410 ἐξ
1722 5343 1934 5415 ἀνθρώ-

355 5456 471 5491 πων
509 5440 725 5506 έγένετο
755 5437 1102 5506 βαπτισθεὶς,
1134 5438 1228 5488 καὶ
1285 5435 1422 5506 πρὸς
1448 5436 1546 5505 τὴν
1571 5436 1934 5506 ὀφειλομένην

357 5531 578 5602 εἰρήνην
633 5528 987 5599 ἀνεχώρησεν
1010 5543 1022 5555 ·
1049 5528 1251 5582 ἄτοπον
1289 5522 1430 5578 εἶναι
1469 5527 1588 5596 μετ’
1630 5528 1840 5583 ἐκεῖνόν
1879 5545 1931 5578 τι

356 5625 722 5692 καινοτομεῖν,
776 5623 875 5675 καὶ
901 5621 1194 5684 τοσούτους
1230 5620 1418 5688 ἁγίους
1464 5619 1808 5691 ὁμολογητάς
1836 5621 1933 5673 καὶ

361 5716 666 5786 μάρτυρας,
723 5715 851 5777 τοὺς
903 5715 998 5768 καὶ
1031 5713 1127 5767 τοῦ
1176 5713 1449 5784 δόγματος
1482 5713 1840 5782 συγγραφέας
1871 5732 1931 5767 τε

358 5811 451 5865 καὶ
488 5809 719 5878 εὑρετὰς
745 5810 1062 5880 ὑπεριδεῖνο
1105 5809 1330 5871 οἵτινες
1387 5809 1529 5862 κατὰ
1568 5810 1658 5861 τὴν
1700 5809 1932 5869 πα).αι“ν

357 5901 798 5974 τῆςἘκκλησίσς
829 5900 1034 5972 θεσμὸν
1056 5899 1153 5971 τῆς
1186 5897 1483 5969 καθολικῆ;
1515 5896 1758 5962 ἅπαντες
1800 5915 1930 5971 φρτ-

2043 3325 2206 3380 quam
2238 3327 2252 3364 :
2281 3324 2518 3378 quorum
2572 3308 2826 3363 doctrina
2881 3317 2939 3363 et
2988 3306 3260 3362 sententia
3315 3305 3384 3359 ad
3431 3319 3628 3360 omnes

2041 3402 2288 3454 omnium
2325 3401 2612 3454 hominum
2647 3414 2814 3453 aures
2841 3409 2899 3453 et
2927 3398 3142 3452 animos
3178 3397 3396 3466 vulgata
3433 3409 3629 3464 perve-

2040 3493 2158 3558 nit,
2212 3508 2336 3561 qua:
2393 3507 2501 3546 una
2562 3491 2679 3544 Arii
2741 3490 2993 3544 haeresim
3066 3487 3399 3558 expugnavit
3459 3494 3625 3554 atque

2041 3585 2352 3639 exstinxit:
2405 3600 2504 3654 per
2550 3598 2716 3654 quam
2771 3598 2880 3636 non
2919 3581 3096 3636 solum
3137 3597 3202 3635 ea
3248 3579 3399 3648 ipsa.
3446 3577 3539 3631 sed
3569 3587 3627 3630 et

2041 3679 2269 3748 reliquie
2323 3678 2562 3733 haereses
2615 3687 2747 3732 sunt
2796 3691 3045 3730 eversae:
3099 3674 3185 3728 cui
3247 3673 3473 3727 omnino
3529 3669 3614 3723 vel

2041 3771 2244 3826 addere
2284 3770 2587 3840 quidquam
2623 3784 2735 3822 non
2780 3775 2960 3820 tutum
2987 3805 3001 3830 ,
3043 3764 3130 3819 vel
3176 3764 3418 3816 adimere
3457 3760 3625 3816 etiam

2039 3864 2410 3934 periculosum
2461 3869 2562 3916 est.
2619 3860 2800 3930 Atque
2841 3859 2888 3914 si
2936 3858 3267 3912 alterutrum
3305 3855 3358 3908 in
3389 3868 3452 3908 ea
3491 3851 3624 3905 ﬁat:

2039 3958 2262 4012 licentia
2308 3955 2644 4011 adversariis
2683 3954 2887 4018 detur,
2933 3963 2995 4006 ut
3025 3949 3170 4020 quod
3213 3949 3400 4008 libeat,
3443 3945 3627 3999 facere

2037 4049 2122 4104 eis
2163 4049 2351 4103 liceat.
2406 4048 2644 4102 Proinde
2680 4044 2946 4100 Ursacius
2994 4054 3162 4112 atque
3209 4040 3440 4105 Valens,
3479 4037 3626 4108 quod

2034 4141 2359 4212 jamdudum
2393 4139 2792 4210 suffragatores
2836 4147 2893 4190 et
2940 4135 3245 4206 participes
3291 4133 3476 4188 Ariani
3523 4131 3628 4185 do-

2039 4234 2239 4304 gmatis
2259 4232 2483 4294 fuerint,
2520 4247 2550 4285 a
2581 4232 2973 4286 communione
3002 4239 3193 4283 nostra
3226 4228 3438 4281 exclusi
3469 4235 3624 4280 sunt.

2037 4326 2120 4380 Ad
2181 4341 2344 4395 quam
2400 4334 2582 4379 tamen
2636 4324 2865 4378 admissi
2930 4331 3092 4389 sunt,
3151 4329 3512 4392 posteaquam
3566 4334 3627 4373 se

2037 4434 2255 4475 errasse
2304 4427 2730 4487 cognoverunt,
2780 4427 2949 4486 atque
3001 4425 3061 4470 ut
3113 4415 3181 4469 ad
3238 4414 3623 4482 pmuiteutiam

2037 4511 2484 4574 admitterentur,
2533 4526 2590 4564 et
2639 4526 2796 4564 noxa:
2846 4511 3083 4580 gratiam
3117 4515 3623 4577 consequerentur,

2039 4612 2387 4658 oraverunt:
2439 4598 2492 4656 id
2543 4602 2689 4671 quod
2739 4601 3010 4672 scriptum
3062 4616 3258 4656 eorum
3304 4609 3620 4655 attestatur.

2041 4696 2392 4765 Quapropter
2425 4704 2486 4748 ut
2532 4696 2587 4749 in
2633 4696 2866 4765 gratiam
2915 4695 3320 4763 reciperentur,
3365 4702 3420 4748 et
3463 4691 3622 4746 venia

2039 4791 2122 4845 eis
2149 4789 2477 4844 delictorum
2512 4787 2759 4851 daretur,
2789 4786 3175 4840 obtinuerunt.
3213 4785 3439 4839 Factum
3477 4783 3530 4838 id
3560 4799 3624 4836 eo

2040 4891 2312 4951 tempore,
2350 4895 2476 4935 cum
2511 4879 2805 4934 Mediolani
2843 4877 3086 4950 synodus
3123 4887 3209 4932 est
3241 4885 3454 4940 coacta,
3491 4891 3614 4945 pre-

2039 4975 2281 5045 sbyteris
2326 4989 2551 5043 quoque
2607 4973 2867 5027 Romana:
2916 4970 3177 5026 Ecclesia:
3232 4969 3622 5040 praisentibus.

2039 5066 2255 5121 Norunt
2285 5065 2388 5130 illi,
2422 5081 2549 5119 eum
2597 5065 2694 5136 qui
2725 5065 2893 5119 etiam
2939 5072 3061 5134 post
3095 5062 3309 5118 obitum
3355 5061 3624 5116 memoria

2041 5159 2241 5229 dignus
2276 5166 2401 5225 est,
2443 5157 2867 5212 Constantinum
2909 5158 3059 5212 omni
3092 5157 3200 5211 adh
3229 5156 3341 5210 bita
3372 5155 3626 5223 exquisi-

2040 5255 2181 5309 tiore
2205 5269 2340 5309 cura
2379 5263 2436 5308 et
2465 5253 2819 5324 diligentiore
2863 5253 3313 5324 investigatione,
3344 5249 3468 5302 fidei
3502 5264 3624 5316 pro-

2041 5349 2361 5412 fessionem,
2400 5362 2522 5415 quae
2552 5347 2700 5401 edita
2732 5355 2842 5408 est,
2887 5346 3222 5416 publicasse.
3257 5343 3622 5409 Posteaquam

2038 5452 2224 5495 autem
2263 5440 2579 5509 baptizatus
2626 5439 2739 5502 ille,
2780 5440 2928 5493 inter
2975 5440 3227 5493 homines
3267 5451 3390 5491 esse
3436 5435 3620 5496 desiit,

2036 5544 2091 5588 et
2119 5535 2185 5587 ad
2221 5533 2464 5587 debitam
2497 5531 2602 5587 sibi
2630 5533 2872 5603 quietem
2905 5533 3204 5585 translatus
3239 5541 3344 5593 est,
3374 5529 3622 5596 ineptum

2037 5641 2156 5680 esse
2205 5625 2418 5689 sciunt,
2455 5641 2611 5680 nova:
2645 5625 2948 5695 quidquam
2986 5625 3064 5678 rei
3106 5622 3410 5684 invehere,
3453 5629 3508 5674 et
3543 5628 3623 5672 let

2037 5725 2256 5773 sanctos
2301 5717 2492 5772 Patres
2538 5718 2886 5772 confessores
2934 5724 2992 5769 et
3043 5724 3314 5784 martyres
3347 5712 3622 5782 dogmatis

2038 5811 2211 5881 ipsius
2247 5819 2500 5865 auctores
2538 5821 2703 5881 atque
2755 5810 3082 5863 inventores
3120 5805 3421 5875 despicere
3456 5820 3471 5858 :
3524 5803 3620 5871 qui

2036 5903 2257 5976 quidem
2302 5901 2516 5970 Patres,
2549 5903 2704 5974 juxta
2743 5911 2985 5959 veterem
3028 5899 3286 5956 Ecclesia:
3331 5897 3616 5953 cathollcu:
