4054 6450
464 412 570 474 283

1692 413 2119 475 NlCEPlIORI
2162 415 2513 479 CALLlSTI

3645 424 3745 485 38$

466 523 835 591 sint-tionem,
871 540 1064 581 omnes
1102 524 1157 580 in
1192 525 1385 581 cadent
1418 527 1695 581 sententia
1732 541 2054 597 persevcra-

2160 527 2380 591 νοῦντες
2407 530 2884 603 διαμεμενήκασιν
2906 549 2922 566 ⁸
2973 525 3051 588 ὧν
3071 534 3099 587 ὁ
3127 532 3260 596 Θεὸς
3299 533 3403 604 τὴν
3435 534 3624 590 πίστιν
3654 540 3745 595 καὶ

472 627 640 677 runt:
671 633 979 689 eorumque
1018 618 1185 673 etiam
1223 617 1385 672 iidem
1421 619 1567 674 Deus
1609 619 1677 673 ad
1714 618 1933 689 imperii
1976 619 2054 674 tui

470 719 723 778 tempora
751 710 1056 765 transmisit
1080 750 1094 772 .
1142 726 1242 780 per
1267 711 1562 765 Dominum
1588 720 1844 766 nostrum
1867 711 2057 767 Jesnm

467 801 748 856 Christum
777 841 793 867 ,
833 804 993 872 cujus
1030 803 1302 859 benelicio
1335 803 1633 874 imperium
1668 804 1889 859 obtines
1911 845 1926 869 ,
1970 819 2058 859 re-

470 907 707 962 rumque
757 894 809 947 in
848 895 982 948 orbe
1029 894 1198 950 etiam
1244 904 1436 951 nostro
1487 896 1710 965 potiris.
1761 899 1831 951 At
1866 912 2057 952 rursus

470 985 770 1041 miserandi
792 996 848 1041 et
872 992 1175 1045 aerumnosi
1204 990 1286 1046 illi
1314 990 1481 1062 impia
1512 1000 1700 1047 mente
1730 990 2057 1062 nefarieque

468 1092 605 1131 ausu
648 1093 932 1148 przecones
969 1079 1187 1149 seipsos
1222 1080 1402 1150 impiae
1435 1081 1718 1151 Opinionis
1767 1085 2056 1138 renuntia-

472 1178 638 1235 runt,
685 1180 739 1225 et
772 1172 1024 1226 veritatis
1066 1173 1524 1229 constitutionem
1566 1185 1820 1231 evertere
1867 1180 2054 1232 conati

469 1273 619 1319 sunt.
685 1264 981 1335 Postquam
1038 1266 1214 1332 enim,
1257 1267 1412 1337 juxta
1481 1268 1809 1323 mandatum
1870 1279 2051 1333 tuum,

470 1357 670 1427 synodi
721 1359 1019 1413 concilium
1071 1372 1321 1416 eoactum
1362 1370 1483 1426 est,
1530 1361 1870 1419 seductionis
1901 1365 2053 1419 frau-

470 1449 670 1519 disque
706 1467 818 1506 suze
851 1451 929 1505 illi
969 1452 1264 1507 consilium
1300 1454 1631 1509 detexerunt
1661 1473 1674 1509 :
1714 1456 1878 1526 777
1921 1471 2056 1511 con-

471 1541 777 1596 tenderunt
827 1557 1068 1614 namque
1121 1544 1367 1600 versutia
1419 1546 1657 1614 quadam
1714 1547 2054 1601 tumultuose

472 1646 598 1687 sese
638 1632 992 1702 ingerentes,
1024 1650 1231 1691 novare
1265 1636 1526 1707 quiddam
1551 1679 1567 1704 ,
1601 1637 1695 1691 ubi
1741 1639 2054 1697 sodalitatis

472 1722 885 1795 impietatisque
935 1728 1184 1799 ejusdem
1244 1744 1359 1786 suae
1418 1740 1742 1801 compertos
1801 1734 2054 1791 homines

472 1816 849 1880 invenissent.
906 1819 1288 1886 Germinium.
1338 1823 1673 1880 Auxentium
1722 1833 1779 1881 et
1827 1826 2050 1893 Caium,

470 1910 685 1986 dissidii
717 1918 773 1965 et
806 1913 1099 1969 seditionis
1133 1925 1388 1970 auctores
1416 1933 1429 1971 :
1460 1930 1697 1985 quorum
1736 1918 2057 1974 inconstans

471 1999 725 2055 doctrina
766 2002 1229 2071 blasphemiarum
1264 2008 1512 2059 omnium
1551 2021 1814 2062 acervum
1854 2009 2056 2079 impie-

471 2100 584 2148 tate
620 2109 723 2149 sua
775 2094 938 2165 longe
981 2097 1220 2151 excedit.
1271 2097 1371 2155 Ubi
1417 2112 1553 2154 vero
1605 2100 2055 2160 animadvertere

469 2198 575 2239 nos
612 2201 720 2241 non
755 2187 1006 2256 ejusdem
1040 2189 1264 2244 haeresis
1308 2204 1467 2255 esse,
1503 2205 1684 2262 neque
1714 2194 1898 2263 pravis
1937 2194 2057 2264 opi-

469 2275 735 2331 nionibus
759 2290 952 2331 eorum
987 2281 1269 2343 assentiri,
1297 2281 1355 2335 in
1385 2282 1683 2336 concilium
1712 2297 1771 2339 se
1803 2291 2054 2339 nostrum

473 2365 865 2434 insinuarunt,
898 2369 1131 2439 perinde
1182 2380 1349 2435 atque
1401 2373 1553 2427 aliud
1605 2373 1908 2445 quidquam
1956 2377 2055 2430 de-

470 2459 702 2512 creturi.
752 2459 1030 2516 Perbreve
1058 2471 1242 2517 autem
1278 2465 1597 2520 intercessit
1630 2474 1869 2536 tempus,
1907 2468 2055 2538 quod

469 2565 665 2605 eorum
714 2556 1021 2611 sententias
1067 2556 1124 2610 iu
1186 2557 1368 2612 lucem
1424 2574 1735 2629 coarguens
1798 2562 2054 2631 protulit.

472 2647 674 2703 Verum
721 2652 1006 2705 enimvero
1049 2667 1119 2707 ne
1170 2668 1258 2708 res
1289 2654 1550 2709 Ecclesia:
1593 2670 1814 2726 semper
1858 2657 2053 2712 eodem

475 2739 808 2811 aﬂiigeretur
837 2756 989 2808 casu,
1025 2745 1299 2816 turbaque
1327 2755 1385 2801 et
1418 2747 1690 2804 tumultus
1726 2749 2055 2819 provolutus

474 2849 672 2888 omnes
701 2836 1222 2905 comprehenderet,
1259 2839 1603 2896 tutissimum
1645 2841 1823 2896 visum
1852 2853 1961 2907 est,
1994 2850 2056 2895 ut

474 2940 598 2993 quae
635 2926 948 2995 antiquitus
988 2927 1212 2983 deereta
1242 2940 1401 2995 sunt,
1436 2930 1649 3003 integra
1683 2944 1848 2995 atque
1878 2930 2059 2988 invio.

472 3018 585 3073 lata
612 3031 1017 3076 servarentur:
1053 3030 1219 3093 atque
1254 3024 1332 3079 illi
1369 3038 1507 3093 quos
1543 3024 1806 3091 diximus,
1842 3038 1871 3079 a
1903 3040 2056 3079 com-

473 3114 683 3169 mercio
750 3115 1258 3187 commnnioneque
1335 3127 1524 3173 nostra
1598 3127 2049 3189 segregarentur.

2159 619 2242 682 εἰς
2270 621 2398 686 τοὺς
2447 623 2574 687 σοὺς
2609 626 2841 695 χρόνους
2874 626 2979 696 τῆς
3010 625 3293 694 βασιλείας
3348 628 3637 695 μετέδωκε
3659 630 3746 684 sta

2160 712 2256 767 τοῦ
2281 715 2561 770 Δεσπότου
2585 718 2750 788 ἡμῶν
2797 718 2976 788 Ἰησοῦ
3009 719 3248 789 Χριστοῦ
3274 736 3290 750 ο
3321 719 3396 772 δι’
3426 719 3489 773 οῦ
3534 736 3618 774 σοι
3656 723 3749 776 καὶ

2159 804 2222 858 τὺ
2250 804 2561 874 βασιλεύειν
2588 808 2861 878 ὑπῆρξεν,
2889 807 2965 873 ὡς
2986 809 3083 862 καὶ
3110 808 3210 877 τῆς
3232 808 3355 862 καθ’
3380 810 3536 880 ἡμᾶς
3568 813 3748 864 οἰκου-

2163 896 2333 968 μένης
2364 901 2615 970 κρατεῖν.
2650 901 2823 955 Πάλιν
2852 901 2987 971 γοῦν
3019 900 3248 954 ὲλεεινοὶ
3286 901 3384 955 καὶ
3414 904 3633 973 οἰκτροὶ
3676 903 3751 975 τῷ

2163 990 2501 1062 φρονήματι,
2539 993 2787 1065 ἀθεμίτῳ
2809 993 3126 1065 τολμήματι
3161 994 3260 1064 τῆς
3288 995 3598 1059 δυσσεϐοῦς
3618 1013 3750 1066 φρο-

2160 1080 2390 1149 νήσεως,
2433 1083 2685 1154 κήρυκάς
2719 1102 2779 1138 τε
2802 1085 3031 1149 ἑαυτοὺς
3063 1085 3406 1156 ἀνήγγειλαν
3430 1127 3446 1150 ,
3493 1086 3591 1140 καὶ
3639 1088 3751 1139 ἔπι-

2159 1173 2442 1245 χειροῦσιν
2470 1176 2803 1245 ἀνατρέπειν
2844 1177 2952 1231 πᾶν
2983 1176 3243 1248 ἀληθείας
3296 1177 3617 1249 σύνταγμα.
3661 1178 3747 1242 Ὠς

2158 1266 2270 1334 γὰρ
2298 1265 2440 1319 κατὰ
2474 1267 2535 1321 τὸ
2575 1268 2666 1322 σὺν
2694 1272 3035 1338 πρόσταγμα
3082 1266 3145 1320 τὸ
3178 1269 3466 1339 συνέδριον
3496 1270 3597 1338 τῆς
3625 1285 3749 1323 συν-

2158 1356 2279 1410 όδου
2316 1361 2722 1426 συνεκροτεῖτο,
2755 1361 2998 1413 κάκεῖνοι
3034 1361 3134 1430 τῆς
3186 1359 3319 1423 ἰδίας
3353 1360 3583 1429 ἀπάτης
3625 1360 3748 1429 ἐγύ-

2162 1465 2329 1518 μνουν
2366 1448 2467 1520 τὴν
2498 1450 2715 1519 σκέψιν.
2771 1451 3110 1522 Ἐπειρῶντο
3142 1451 3252 1522 γὰρ
3294 1452 3621 1523 πανουργίᾳ
3648 1453 3750 1504 τι.νί

2159 1544 2254 1597 καὶ
2283 1542 2499 1617 ταραχῇ
2526 1546 2934 1617 προσφέροντες
2960 1561 3015 1600 τι
3039 1548 3413 1617 καινοτομεῖν,
3439 1548 3545 1617 τῆς
3575 1546 3751 1599 τοιαύ-

2156 1653 2257 1707 της
2280 1638 2530 1709 ἑταιρίας
2546 1640 2678 1703 τοὺς
2707 1638 3216 1709 συναλισκομένους
3240 1639 3531 1710 εὑρόντες,
3554 1639 3751 1709 Γερμί-

2154 1748 2293 1797 νιον,
2344 1729 2636 1796 Αὺξέντιον
2692 1732 2791 1785 καὶ
2838 1732 3021 1797 Γάϊον,
3050 1732 3176 1795 τοὺς
3204 1732 3304 1803 τὴν
3332 1731 3456 1802 εριν
3491 1732 3583 1785 καὶ
3611 1732 3752 1803 διχο-

2160 1822 2388 1875 στασίαν
2417 1820 2790 1888 ἐμποιοῦντας
2810 1838 2823 1852 ·
2854 1814 2931 1875 ὧν
2953 1823 2986 1891 ἢ
3026 1821 3360 1875 διδασκαλία
3395 1822 3474 1891 μὴ
3515 1823 3751 1890 μένουσα

2089 1884 2129 1939 Β
2158 1916 2268 1969 πᾶν
2312 1884 2518 1984 πλῆθος
2545 1884 2909 1985 βλασφημιῶν
2938 1884 3313 1986 ὑπερϐέϐηκε.
3361 1884 3544 1977 ’ἀςῇδε
3579 1918 3751 1968 συνεῖ-

2156 2005 2246 2059 δον
2280 2007 2404 2075 οὐχί
2432 2005 2535 2075 τῆς
2569 2007 2743 2073 αὐτῆς
2775 2006 3049 2074 αἱρέσεως
3087 2004 3275 2068 ὄντας,
3329 2002 3453 2057 οὗθ’
3509 2006 3749 2073 ὁμογνω-

2162 2094 2460 2167 μονοῦντας
2498 2097 2583 2165 ἐφ’
2620 2090 2701 2159 οἷς
2741 2096 2932 2159 κακῶς
2976 2096 3269 2167 ἐφρόνουν,
3303 2096 3388 2158 εἰς
3419 2095 3484 2149 τὸ
3513 2096 3750 2166 συμϐού-

2156 2189 2271 2243 λιον
2297 2189 2457 2260 ἡμῶν
2500 2191 2819 2260 μετήγαγον
2840 2188 3096 2258 ἑαυτοὺς,
3143 2190 3218 2254 ὡς
3249 2191 3438 2253 δοκεῖν
3471 2191 3559 2244 ἓτε
3572 2195 3662 2261 ρόν
3697 2209 3747 2244 τι

2155 2283 2417 2352 γράφειν.
2452 2277 2563 2336 Ἦν
2589 2283 2649 2336 δὲ
2680 2285 2709 2337 ό
2730 2280 2926 2354 καιρὸς
2951 2280 3161 2353 βραχὺς
3191 2285 3220 2336 ό
3255 2284 3354 2337 καὶ
3396 2283 3503 2346 τάς
3527 2282 3745 2352 γνώμας

2157 2372 2343 2425 αὐτῶν
2389 2371 2715 2442 ἐξελέγχων.
2776 2371 2876 2425 ”Ιν’
2921 2370 3015 2426 οῦν
3051 2372 3127 2443 μὴ
3178 2375 3292 2437 τοῖς
3322 2374 3518 2435 αὐτοῖς
3548 2373 3618 2425 τὰ
3650 2373 3745 2442 τῆς

2170 2465 2502 2536 Ἐκκλησίας
2558 2464 2896 2537 περιπίπτῃ,
2965 2466 3060 2519 καὶ
3113 2466 3332 2536 ταραχὴ
3391 2466 3492 2519 καὶ
3524 2465 3745 2536 θόρυϐος

2158 2556 2586 2629 καλινδούμενος
2637 2558 2891 2622 ἃπαντας
2945 2559 3170 2629 συνέχῃ,
3224 2558 3449 2629 βέϐαιον
3480 2560 3651 2626 ἐφάνη
3680 2558 3741 2608 τὰ

2160 2652 2331 2705 πάλαι
2368 2651 2656 2723 ὡρισμένα
2688 2653 2785 2705 καὶ
2819 2654 3211 2722 ἀμετακίνητα
3244 2651 3551 2721 φυλάττειν
3578 2667 3589 2680 ·
3624 2651 3739 2712 τοὺς

2157 2745 2213 2797 δὲ
2246 2742 2688 2815 προειρημένους
2712 2744 2812 2813 τῆς
2843 2744 3125 2815 ἡμετέρας
3144 2744 3434 2807 κοινωνίας
3462 2745 3739 2811 ἀποκεχω-

2161 2835 2368 2902 ρίσθαι.
2399 2836 2479 2888 Δι’
2513 2838 2580 2906 ἢν
2619 2835 2802 2890 αἰτίαν
2836 2837 2966 2898 τοὺς
3011 2836 3446 2901 ἀναδιδάξοντας
3488 2834 3737 2904 πρέσδεις

2158 2933 2301 3000 πρὸς
2326 2929 2426 3000 τὴν
2455 2930 2553 3000 σὴν
2576 2932 2880 2986 δπιείκειαν
2911 2930 3366 2998 ἀπεστάλκαμεν,
3398 2930 3501 2999 τὴν
3521 2928 3736 2998 γνώμην

2156 3021 2252 3075 τοῦ
2289 3022 2571 3094 συνεδρίου
2598 3024 2690 3077 διὰ
2720 3024 2823 3093 τῆς
2854 3023 3150 3092 ἐπιστολῆς
3212 3028 3589 3093 μηνύσοντας.
3623 3021 3737 3082 Τοῖς

2157 3112 2215 3166 δὲ
2247 3110 2537 3183 πρέσϐεσι,
2563 3113 2673 3182 πρό
2695 3130 2759 3183 γε
2793 3113 3018 3168 πάντων
3044 3114 3208 3167 τοῦτο
3253 3112 3737 3183 παρεκελευσάμε-

473 3204 648 3273 Quam
681 3208 753 3263 ob
783 3222 1007 3264 causam
1047 3219 1303 3267 oratores
1331 3220 1553 3269 nostros
1581 3211 1651 3267 ad
1699 3213 2052 3268 clementiam

2160 3205 2254 3274 θα,
2283 3208 2344 3259 τὸ
2379 3205 2480 3276 τὴν
2529 3194 2794 3277 ἀλήθειαν
2840 3206 3226 3261 mammam
3287 3207 3357 3260 ex
3410 3207 3524 3260 τῶν
3576 3204 3735 3257 πάλαι

472 3308 624 3355 tuam
667 3301 922 3357 misimus
943 3343 958 3367 ,
1004 3302 1097 3373 qui
1131 3303 1312 3358 eidem
1348 3304 1576 3360 concilii
1609 3305 1794 3360 nostri
1828 3311 2056 3360 senten-

474 3391 606 3446 tiam
647 3406 747 3463 per
794 3392 1065 3463 scriptum
1115 3409 1334 3466 quoque
1367 3395 1616 3452 indicent
1664 3405 1831 3466 atque
1863 3396 2054 3453 deela-

472 3494 618 3541 rent.
653 3485 867 3552 Quibns
898 3487 1033 3542 illud
1071 3500 1292 3560 quoque
1326 3491 1605 3560 praecipue
1643 3490 2051 3557 mandavimus,

472 3589 537 3634 ut
580 3594 658 3653 ex
715 3581 959 3651 antiquis
1014 3581 1388 3654 legitimisque
1451 3582 1741 3647 decretis,
1797 3582 2055 3637 veritatis

473 3671 637 3728 ﬁdem
694 3672 940 3738 faciant,
992 3689 1226 3746 eamque
1279 3673 1631 3731 conﬁrment.
1685 3674 2056 3732 Declarabunt

474 3765 556 3819 illi
599 3765 765 3820 etiam
813 3766 1098 3822 sanctitati
1143 3775 1280 3830 tuae,
1312 3765 1540 3821 minime
1574 3764 1818 3820 futuram
1841 3807 1857 3834 ,
1889 3767 2053 3822 sicuti

472 3856 738 3913 Ursacius
767 3869 822 3912 et
861 3858 1060 3913 Valens
1089 3857 1303 3925 dixere,
1343 3873 1556 3928 pacem,
1594 3860 1639 3914 si
1669 3858 1801 3929 quid
1833 3859 1889 3913 in
1922 3859 2055 3930 legi-

474 3949 626 4004 timis
647 3950 913 4005 constitut
935 3950 1137 4005 onibus
1163 3950 1515 4005 immutatum
1546 3949 1738 4005 fuerit.
1763 3950 2055 4018 Quomodo

471 4054 713 4108 namque
747 4056 934 4110 parem
972 4051 1217 4107 servent,
1258 4040 1352 4112 qui
1385 4056 1573 4112 pacem
1611 4040 1783 4112 ipsam
1816 4042 2054 4099 tollunt?

471 4132 615 4198 Quin
645 4134 931 4189 contentio
962 4134 1146 4203 potius
1171 4142 1227 4189 et
1255 4133 1413 4188 turba
1443 4149 1541 4204 per
1567 4143 1752 4204 empta
1775 4135 2050 4207 ejusmodi

472 4240 601 4280 cum
654 4226 818 4293 alibi,
873 4235 991 4282 tum
1038 4226 1097 4283 in
1149 4227 1399 4283 Romana
1450 4226 1692 4284 Ecclesia
1738 4230 2048 4287 exorietur.

473 4317 663 4390 Itaque
691 4319 999 4374 clementiae
1020 4335 1125 4375 tuae
1146 4318 1543 4390 supplicamus,
1573 4329 1634 4376 ut
1661 4335 1861 4378 sereno
1891 4323 2050 4378 vultu

475 4413 775 4482 respicias,
819 4412 1188 4484 benignisque
1240 4413 1473 4469 auribus
1522 4423 1776 4472 oratores
1828 4424 2052 4473 nostros

475 4507 702 4573 audias,
754 4522 941 4590 neque
981 4522 1107 4563 cum
1154 4507 1544 4565 defunctorum
1593 4511 1794 4581 injuria
1845 4526 2053 4567 novare

2155 3297 2406 3368 ἀρχαίων
2428 3297 2656 3363 δικαίως
2676 3298 3008 3368 ὡρισμένων
3031 3312 3048 3334 ο
3100 3297 3149 3351 οἳ
3179 3297 3277 3351 καὶ
3302 3298 3407 3368 τὴν
3431 3298 3534 3367 σὴν
3561 3294 3733 3349 ἀναδι-

2155 3389 2416 3455 δάξουσιν
2441 3392 2730 3460 ὁσιότητα,
2751 3392 2834 3445 δτι
2856 3392 2957 3462 οὐχ
2979 3390 3135 3444 ὥσπε
3144 3406 3174 3463 ρ
3200 3389 3421 3461 ἔφησαν
3443 3389 3734 3459 Οὐρσάκιος

2159 3487 2252 3538 καὶ
2283 3486 2518 3556 Οὐάλης,
2573 3485 2728 3542 ἔσται
2769 3487 2991 3557 εἰρήνη,
3038 3488 3201 3557 εἴπερ
3247 3505 3304 3540 τι
3362 3486 3477 3541 τῶν
3518 3482 3734 3537 δικαίων

2154 3580 2525 3651 ἀνατραπείη.
2578 3582 2706 3646 Πῶς
2762 3582 2872 3650 γάρ
2901 3581 3132 3649 εἰρήνην
3162 3576 3277 3635 οἷόν
3303 3598 3367 3634 τε
3397 3580 3557 3648 ἀγειν
3611 3575 3730 3637 τοὺς

2155 3673 2256 3742 τὴν
2277 3674 2504 3743 εἰρήνην
2534 3673 2945 3739 καταλύοντας;
2988 3673 3194 3743 μᾶλλον
3217 3673 3331 3744 γάρ
3365 3672 3488 3742 ιρις
3515 3669 3610 3723 καὶ
3642 3680 3733 3721 τα·

2157 3766 2302 3838 ραχὴ
2328 3771 2391 3820 ἐκ
2413 3767 2623 3821 τούτων
2644 3768 2744 3821 σὺν
2763 3769 2885 3828 ταῖς
2907 3767 3127 3830 λοιπαῖς
3154 3769 3351 3821 πόλεσι
3379 3767 3483 3820 καὶ
3503 3766 3565 3836 τῇ
3605 3760 3730 3815 Ῥω-

2158 3858 2336 3931 μαίων
2360 3858 2661 3929 Ἐκκλησίᾳ
2691 3861 3010 3928 γενήσεται.
3068 3858 3162 3911 Διὸ
3195 3857 3258 3926 δὴ
3285 3856 3609 3941 ἱκετεύομεν
3638 3850 3730 3921 τὴν

2156 3952 2257 4022 σὴν
2278 3952 2607 4016 ἐπιείκειαν,
2635 3951 2721 4003 ἶνα
2741 3950 3075 4021 προσηνέσιν
3098 3950 3293 4012 ἀκοαῖς
3319 3951 3418 4004 καὶ
3439 3943 3726 4018 γαληνιαίῳ

2157 4045 2434 4116 βλέμματι
2464 4043 2593 4106 τοὺς
2621 4043 2930 4114 ἡμετέρους
2964 4042 3228 4115 πρέσϐεις
3252 4043 3579 4114 ἀθρήσειας,
3600 4033 3726 4106 μηδὲ

2156 4138 2296 4205 πρδς
2329 4136 2490 4208 ῦσριν
2541 4136 2653 4190 τῶν
2693 4136 3174 4205 τετελευτηκότων
3213 4136 3407 4189 καινόν
3446 4151 3499 4187 τι
3540 4127 3725 4201 μεταλ·

2151 4229 2370 4283 λάττειν
2426 4227 2820 4300 ἐπιτρέψειας
2880 4228 3020 4283 ἀλλὰ
3070 4228 3241 4300 ἐάσῃς
3280 4227 3542 4298 ἐμμένειν
3589 4219 3724 4291 ἡμᾶς

2153 4323 2266 4386 τοῖς
2307 4323 2459 4392 παρά
2488 4321 2599 4375 τῶν
2625 4322 2911 4393 προγόνων
2942 4320 3215 4393 ὁρισθεῖσί
3235 4337 3292 4374 τε
3328 4321 3426 4375 καὶ
3451 4312 3723 4385 νενομοθε-

2152 4415 2439 4485 τημένοις,
2479 4414 2575 4477 οῦς
2599 4415 2816 4470 ἅπαντα
2851 4415 2991 4485 μετά
3015 4414 3299 4484 ἀγχινοίας
3329 4431 3390 4466 τε
3416 4413 3511 4465 καὶ
3530 4405 3718 4478 φρονή-

2156 4522 2299 4569 σεως
2332 4507 2428 4559 καὶ
2464 4506 2787 4573 Πνεύματος
2824 4506 2982 4574 ἀγίου
3039 4506 3411 4574 πεποιηκέναι
3461 4502 3722 4572 φήσαιμεν

475 4600 777 4670 quidquam
804 4611 860 4655 et
891 4582 1101 4655 mutare
1135 4602 1423 4672 permittas
1448 4645 1462 4670 ,
1494 4605 1589 4660 sed
1614 4620 1715 4660 nos
1744 4607 1800 4661 in
1830 4606 1898 4661 iis
1927 4620 2051 4676 qua:

2156 4599 2241 4654 ἀν.
2273 4597 2355 4652 Τά
2385 4598 2494 4669 γὰρ
2525 4597 2620 4653 νῦν
2651 4598 2785 4668 παρ’
2837 4598 3065 4651 ἐκείνων
3116 4596 3592 4667 καινοτομούμενα
3615 4582 3718 4645 τοῖς

476 4709 504 4746 a
537 4693 841 4763 majoribus
868 4694 1072 4749 nostris
1102 4692 1331 4750 definita
1364 4696 1719 4769 legitimoque
1753 4699 2052 4754 constituta

476 4797 626 4852 sunt,
671 4788 1069 4856 conquiescere
1112 4789 1302 4844 sinas:
1350 4806 1488 4860 quos
1525 4791 1777 4862 profecto
1819 4793 2056 4847 solerter

477 4886 530 4930 et
560 4876 860 4947 prudenter
905 4880 1090 4935 omnia
1129 4879 1368 4952 Spiritus
1409 4886 1586 4938 sancti
1634 4883 1820 4938 amatu
1873 4882 2053 4954 egisse

477 4968 797 5023 dixerimus.
828 4970 960 5036 Quae
990 4988 1119 5027 Vt'l't)
1153 4990 1303 5029 nunc
1328 4976 1397 5030 ab
1427 4977 1549 5031 istis
1582 4985 1885 5037 novantur,
1921 4976 2055 5031 lide-

477 5060 622 5112 I't'bus
678 5062 899 5130 quidem
957 5064 1440 5135 incredulitatem,
1498 5068 1817 5123 infidelibus
1865 5079 2052 5124 autem

479 5152 816 5209 ferocitatem
870 5158 1126 5213 afferunt.
1189 5160 1578 5231 Supplieamus
1632 5172 1939 5232 praterea,
1995 5171 2057 5217 ut

479 5246 771 5317 epismjios
808 5250 899 5318 qui
947 5248 1003 5303 in
1034 5250 1354 5322 longinquis
1392 5251 1704 5322 alienisque
1734 5251 2055 5323 regionibus

480 5339 721 5409 degunt,
754 5350 807 5395 et
840 5342 921 5397 vel
951 5341 1131 5397 aetatis
1159 5344 1470 5415 grandioris
1517 5343 1894 5399 imbecillitate
1919 5383 1934 5409 ,
1967 5344 2054 5399 vel

480 5433 824 5499 paupertatis
862 5434 1133 5503 gravioris
1181 5436 1502 5493 diilicultate
1540 5446 1893 5513 premuntur,
1927 5451 2053 5490 cum

481 5521 623 5577 bona
657 5524 816 5578 venia
851 5527 1032 5582 redire
1049 5530 1116 5584 ad
1138 5544 1268 5584 suos
1290 5529 1507 5600 jubeas,
1537 5544 1605 5583 ne
1632 5530 1903 5594 ecclesiae,
1928 5528 2046 5598 epi-

481 5617 662 5685 scopis
687 5631 880 5673 earum
909 5620 979 5675 ab
1010 5621 1094 5677 eis
1123 5619 1436 5694 disjuuctis,
1465 5621 1678 5678 diutius
1714 5622 1770 5676 in
1800 5623 1892 5677 tali
1923 5621 2057 5676 soli-

484 5707 677 5762 tudine
709 5724 1089 5780 permaneant.
1127 5712 1296 5786 778
1332 5714 1536 5769 Adlitec
1577 5716 1805 5783 insuper
1842 5712 2051 5778 omnia,

486 5799 622 5853 iilud
671 5818 891 5874 quoque
940 5817 991 5861 te
1039 5822 1298 5873 oramus,
1351 5817 1412 5861 ιιι
1467 5820 1532 5862 uc
1577 5806 1710 5876 quid
1757 5803 2056 5867 adimatur,

492 5910 628 5950 uch
665 5897 898 5953 addatur
936 5900 1004 5955 ad
1052 5918 1112 5957 ea
1164 5917 1283 5971 qum
1324 5900 1478 5970 prius
1524 5899 1849 5966 extabant,
1898 5897 2059 5967 quid-

2161 4692 2259 4761 μὲν
2284 4691 2642 4745 πιστεύουσιν
2675 4692 2942 4746 ἀπιστίαν
2965 4691 3163 4757 ἐποίει,
3188 4693 3305 4752 τοῖς
3335 4688 3392 4743 δὲ
3408 4680 3717 4740 ἀπιστοῦσιν

2154 4783 2443 4855 ὠμότητα.
2506 4783 2857 4854 ’ἰκετεῦομεν
2907 4783 2965 4836 δὲ
3018 4783 3123 4846 ἐτι,
3167 4782 3255 4836 ἵνα
3312 4779 3571 4847 κελεύσῃς
3600 4770 3716 4827 τοὺς

2157 4877 2497 4941 ἐπισκόπους
2542 4877 2670 4939 τοὺς
2701 4877 2761 4929 ὲν
2798 4875 3138 4937 ἀλλοδαπαῖς
3170 4873 3572 4944 διατρίϐοντας.
3629 4858 3715 4920 οὓς

2155 4971 2253 5023 καὶ
2284 4970 2345 5024 τὸ
2369 4970 2469 5037 τῆς
2500 4967 2718 5039 ἡλικίας
2744 4969 3030 5033 ἐπίπονον,
3078 4966 3176 5020 καὶ
3202 4967 3263 5019 τὸ
3288 4966 3389 5036 τῆς
3424 4960 3609 5019 πενίας
3634 4956 3713 5004 ὲν-

2155 5064 2274 5129 δεὲς
2323 5063 2539 5136 τρῦχει.
2596 5063 2696 5135 τὴν
2731 5064 2813 5126 είς
2857 5064 2928 5117 τὰ
2955 5064 3139 5116 οἰκεῖα
3174 5057 3507 5128 ἀνακομιδὴν
3537 5048 3712 5123 ῥᾳδίαν

2158 5159 2519 5225 ποιήσασθαι,
2558 5157 2646 5209 ἵνα
2681 5154 2757 5226 μὴ
2791 5153 2992 5226 ἔρημοι
3021 5155 3133 5208 τῶν
3162 5153 3478 5208 ἐπισκόπων
3518 5146 3711 5211 diluo?"

2159 5250 2374 5320 σμόνων
2397 5252 2453 5305 αἰ
2473 5249 2765 5316 ἐκκλησίαι
2793 5248 3151 5317 διαμένωσιν.
3176 5246 3300 5299 Ἔτι
3321 5247 3380 5300 δὲ
3398 5240 3534 5309 πρὸς
3551 5236 3708 5289 ἅπασι

2157 5339 2251 5391 καὶ
2281 5337 2441 5390 τοῦτο
2467 5335 2725 5405 δεόμεθα,
2760 5334 2850 5388 ἵνα
2909 5332 3076 5404 μηδὲν
3106 5332 3333 5405 ἐλλείπῃ
3358 5346 3410 5384 τι
3443 5324 3548 5378 τῶν
3580 5326 3704 5384 προ·

2159 5429 2546 5500 ῦπαρξάντων,
2590 5428 2731 5498 μήτε
2765 5427 3061 5499 πλεονάζῃ,
3095 5426 3236 5478 ἀλλὰ
3266 5425 3445 5477 πάντα
3473 5413 3705 5500 ἇρρηκῖα

2158 5497 2415 5593 διαμένῃ,
2447 5523 2511 5572 ὲκ
2544 5497 2662 5586 τῆς
2696 5519 2793 5571 τοῦ
2825 5518 2917 5571 σοῦ
2946 5497 3156 5589 πατρὸς
3186 5513 3467 5572 εὐσεϐείας
3509 5497 3702 5593 nisi:

2160 5587 2268 5667 “abv-
2291 5587 2394 5666 νῦν.
2420 5612 2613 5682 χρόνον
2645 5587 3123 5680 διαφυλαττόμενα
3144 5626 3159 5643 ο
3189 5611 3329 5680 μήτε
3368 5599 3545 5659 λοιπὸν
3568 5587 3702 5682 ἡμᾶς

2166 5704 2389 5777 μοχθεῖν
2408 5680 2552 5758 ’Πκαὶ
2603 5702 2713 5756 τῶν
2743 5701 2967 5754 οἰκείων
2995 5702 3381 5772 παροικήσεων
3410 5680 3701 5783 ἀλλοτρίονξ

2161 5798 2521 5871 ἐπιτρέψειας
2545 5794 2806 5865 γενέσθαι
2833 5811 2846 5823 ο
2875 5792 2991 5848 ἀλλ’
3022 5795 3111 5847 ἵνα
3137 5797 3187 5847 οἱ
3214 5793 3492 5845 ἐπίσκοποι
3522 5781 3696 5871 νῦνοτιξξ

2164 5895 2276 5963 ἰδίῳ
2296 5861 2423 5962 inii)
2462 5861 2577 5961 μετζ
2616 5886 2842 5958 εἰρήνης
2867 5889 2947 5952 εἰς
2989 5889 3223 5959 εὐωχίας
3250 5902 3305 5939 τε
3338 5879 3428 5936 καὶ
3455 5861 3690 5934 117W“
