4054 6448
354 349 460 417 385
1319 335 1929 401 ECCLESIASTICIE
1963 334 2357 395 HISTORLE
2399 335 2545 397 LIB.
2583 334 2691 396 IX.
3505 333 3614 396 386

353 468 553 538 σχολὴν
585 467 794 536 ἄγοιεν,
832 464 1173 525 ἱκετεύοντες
1205 460 1348 530 ὑπὲρ
1378 458 1479 527 τῆς
1521 454 1621 525 σῆς
1649 451 1929 520 σωτηρίας

2055 463 2198 517 luam
2228 480 2249 512 .-
2291 448 2389 504 sed
2441 457 2502 503 ut
2530 447 2717 504 omnia
2766 447 2972 503 intacta
3023 447 3345 518 integraque
3390 462 3616 519 perma-

349 563 450 617 καὶ
480 561 764 632 βασιλείας
811 557 907 611 καὶ
943 556 1190 627 εἰρήνης,
1230 552 1298 623 ἢν
1343 552 1378 619 ἠ
1411 549 1604 622 θεύτης
1637 560 1722 598 σοι
1747 543 1827 603 είς
1866 540 1927 595 τὺ

2055 548 2229 604 ιοειιι,
2275 539 2438 594 sicuti
2489 555 2520 593 a
2565 541 2736 617 patris
2779 540 2857 594 lui
2906 539 3109 607 pietate
3154 541 3222 593 ad
3280 540 3388 595 hoc
3437 555 3619 611 usque

351 653 597 725 διηνεκὲς
625 652 922 722 χαριεῖται.
943 650 1016 702 -Οί
1041 647 1100 700 δὲ
1137 645 1401 716 ἡμέτεροι
1433 636 1699 711 πρέσϐεις
1735 635 1928 725 τᾶςντε

2055 639 2264 700 tempus
2293 642 2423 687 sunt
2454 641 2805 696 conservata.
2855 648 2919 686 ac
2967 649 3035 687 ne
3075 633 3340 702 deinceps
3391 649 3493 688 nos
3522 634 3614 688 iti-

353 721 716 817 ὑπογραφὰς,
752 743 848 798 καὶ
877 741 974 803 τὰς
1027 737 1139 791 τῶν
1174 735 1496 789 ἐπισκόπων
1548 724 1927 799 προσηγορίας

2055 723 2191 776 aeris
2219 721 2410 776 labore
2439 722 2626 792 amigi,
2658 732 2822 793 atque
2850 724 3061 778 alienos
3089 724 3363 794 longeque
3391 725 3616 779 dissitos

351 838 708 909 κομίζουσιν·
737 835 938 895 οἵτινες
972 833 1066 885 καὶ
1103 829 1167 894 ἐξ
1196 826 1381 883 αὐτῶν
1404 822 1514 878 τῶν
1547 820 1710 875 θείων
1737 818 1929 889 Γραμο

2055 833 2067 870 ι
2094 817 2352 886 par-(neiis
2382 819 2587 872 nostris
2615 834 2737 874 esse
2763 820 3077 888 permittas,
3141 820 3235 873 sed
3268 829 3330 873 ut
3360 820 3615 889 episcopi

355 907 542 1001 μάτων
565 929 664 1000 τὴν
696 928 794 999 σὴν
824 923 1206 990 ἀναδιδάξουσι
1229 919 1485 989 θεότητα.
1515 933 1534 967 ι
1558 911 1804 967 Τοιαῦτα
1829 908 1930 980 μὲν

2055 907 2220 963 totius
2259 922 2384 963 eum
2436 910 2640 978 pepulo
2686 926 2790 966 suo
2840 912 2894 965 in
2940 928 3074 982 pace
3123 913 3297 966 sacris
3343 913 3527 981 epulis
3559 926 3617 966 et

352 997 404 1077 ei
435 1026 494 1077 ὲν
528 997 801 1092 Ἀριμίνῳ
831 1017 1048 1088 βασιλεῖ
1077 1015 1340 1085 ἔγραφον.

2055 997 2216 1054 rebus
2276 999 2478 1057 diVinis
2531 1017 2724 1058 vacare
2783 1004 3034 1071 possint,
3100 1020 3203 1073 pro
3264 1013 3356 1058 tua
3413 1004 3613 1066 salute,

360 1118 599 1189 imperio
644 1125 702 1172 et
786 1129 917 1184 pace
965 1123 1208 1174 orantes,
1257 1120 1424 1177 quam
1509 1101 1611 1158 tibi
1659 1107 1985 1172 perpetuam
2056 1094 2305 1149 divinant
2369 1113 2573 1152 numen
2636 1099 2823 1170 largiri
2891 1100 3171 1170 dignetur.
3234 1100 3420 1170 Legati
3488 1116 3619 1156 vero

354 1211 531 1266 nostri
573 1217 628 1265 et
694 1207 995 1276 subscripti
1039 1220 1138 1260 nes
1183 1212 1239 1259 et
1289 1198 1514 1257 nomina
1564 1194 1949 1264 episcoporum
2008 1201 2196 1243 secum
2243 1190 2468 1246 ferunt:
2515 1191 2609 1260 qui
2650 1192 2875 1261 quidem
2918 1194 3085 1249 etiam
3131 1209 3197 1250 ex
3246 1195 3383 1264 ipsis
3445 1197 3619 1249 sacris

356 1307 585 1363 Litteris
652 1305 724 1360 de
781 1301 1057 1360 sententia
1116 1308 1304 1353 nostra
1364 1295 1661 1355 certiorem
1721 1287 1925 1344 facient
1963 1292 2116 1341 tuam
2181 1284 2464 1355 pietatem.
2500 1288 2674 1343 illaec
2715 1289 2960 1361 episcopi
3001 1289 3233 1346 Arimini
3306 1293 3619 1363 congregati

357 1402 427 1457 ad
459 1403 847 1473 imperatorem
876 1396 1174 1464 scripsere.

920 1551 1175 1611 ΚΕΦΔΛ.
1224 1546 1363 1604 MA'.

357 1671 498 1740 Περὶ
519 1670 629 1739 τῆς
648 1669 801 1740 πρὸς
816 1666 1083 1740 ,βασιλέα
1102 1662 1392 1740 διαφορᾶς
1405 1660 1527 1740 τῷν
1551 1655 1931 1740 ἐν.Ἀριμήν;ῳ

429 1727 856 1798 ἇυνεᾶθόῖθτωίο
902 1727 1292 1795 ἑπισκόπώνῖ
1358 1727 1457 1787 καί
1505 1730 1642 1799 περὶ
1701 1727 1816 1794 τῆς
1861 1727 1932 1799 ἐν

2616 1534 2843 1594 CAPUT
2882 1537 3021 1594 XLI.

2040 1647 2118 1705 De
2157 1648 2532 1730 ερίκεοηονιιηι-
2555 1651 2788 1705 Arimini
2813 1661 3259 1730 congregatarum
3299 1657 3616 1730 cuinjmpe-

2111 1729 2297 1793 rotare
2310 1720 2631 1793 dissensione
2663 1737 2681 1777 :
2714 1732 2761 1776 et
2788 1724 2849 1776 de
2880 1720 3078 1793 synodo
3117 1724 3237 1780 dolo
3266 1726 3406 1783 malo
3424 1720 3618 1790 Niréa',

745 1790 998 1877 opusne
1012 1790 1422 1879 γεγενημένης
1443 1790 1715 1858 συνὸὃυυ
1748 1790 1934 1864 δολίῳ

2110 1806 2227 1860 qua:
2257 1790 2497 1846 Thracia:
2524 1794 2707 1847 civitas
2734 1803 2832 1859 est,
2862 1790 3068 1849 coacta.

430 1898 659 1947 σκοπῳ.

439 1995 503 2048 Oi.
530 1996 587 2048 δὲ
619 1997 749 2065 περὶ
776 1992 1055 2047 Οὐάλεντα
1089 1992 1183 2046 καὶ
1228 1988 1542 2058 Ούρσάκιον
1571 1983 1940 2056 προλαϐόντες

359 2090 486 2153 τοὺς
523 2088 809 2158 πρέσϐεις,
864 2087 1084 2142 ἅπαντα
1130 2085 1429 2152 κατέλεγον
1464 2081 1714 2154 βασιλεῖ’
1745 2079 1845 2145 τήν
1881 2092 1940 2128 τε

359 2184 580 2255 γραφὴν
609 2181 1053 2250 ἐπιδεικνύμενοι
1079 2181 1146 2251 ἢν
1172 2179 1437 2247 ἀνέγνων,
1472 2178 1564 2231 καὶ
1593 2173 1692 2246 τὴν
1723 2170 1942 2226 σύνοδον

360 2276 632 2343 διέϐαλον,
667 2276 744 2340 ὡς
778 2275 856 2347 μὴ
881 2270 1189 2344 δεξαμένην
1221 2273 1320 2342 τὴν
1364 2270 1616 2325 ἔκθεσιν*
1649 2266 1738 2337 ἐφ’
1759 2260 1828 2338 ἧς
1856 2281 1944 2331 γι-

362 2371 599 2442 νομένης
632 2370 730 2425 καὶ
761 2369 924 2433 αὐτὸς
956 2364 1331 2437 συνεδριάζων
1389 2361 1576 2434 παρῆν
1597 2377 1614 2395 ο
1666 2359 1762 2414 καὶ
1787 2356 1945 2430 χαλε-

365 2466 575 2521 παίνων
601 2468 667 2536 τῇ
693 2463 901 2531 συνόδῳ
925 2459 1287 2531 ὑπερετίθετο
1312 2458 1439 2520 τοὺς
1460 2453 1721 2527 πρέσϐεις
1742 2467 1947 2520 μετεω-

368 2543 557 2627 ρίζων,
590 2550 1151 2623 ταλαιπωρουμένους
1174 2550 1237 2619 τῇ
1268 2544 1601 2620 προσεδρείᾳ
1621 2584 1636 2609 ,
1667 2541 1756 2595 διὰ
1775 2539 1944 2611 τιμῆς

367 2650 424 2702 δὲ
450 2649 601 2716 ἄγων
637 2646 729 2710 οὓς
765 2648 965 2699 ἐκεῖνοι
997 2643 1271 2698 καθεῖλον.
1309 2640 1478 2699 Μόλις
1498 2637 1540 2690 δ’
1562 2632 1768 2705 ἔγραψε
1804 2646 1945 2700 παρ-

364 2741 708 2811 αιτούμενος,
752 2739 827 2800 ὼς
869 2738 938 2791 δι’
966 2737 1218 2807 ἀνάγκης
1241 2734 1336 2799 ὣν,
1359 2734 1453 2786 ἐπὶ
1469 2727 1749 2800 πολεμίοις
1782 2725 1941 2787 ἱέναι,

330 2900 335 2903 _
364 2838 492 2898 τοὺς
521 2834 789 2905 πρέσϐεις
846 2832 977 2885 ίδεῖν
1026 2821 1268 2901 εὐχερῶς
1322 2827 1423 2880 οὐκ
1454 2824 1611 2894 ἔσχεν
1633 2838 1649 2856 ·
1699 2823 1755 2875 ὲν
1786 2818 1844 2871 δὲ
1875 2819 1941 2887 τῇ

378 2925 660 2998 Ἀδριανοῦ
687 2924 1002 2985 ἑπανιόντα,
1041 2921 1372 2994 προσδοκᾷν,
1415 2918 1481 2972 ἵν’
1514 2916 1618 2982 ἔξω
1646 2914 1757 2967 τῶν
1787 2912 1947 2982 θορύ-

368 3021 478 3074 ϐων
509 3020 827 3088 γενόμενος,
862 3015 934 3069 τά
956 3033 1014 3068 τε
1041 3015 1140 3082 τῆς
1164 3011 1462 3083 πρεσϐείας
1493 3008 1738 3072 ἀκούσοι,
1770 3005 1945 3061 καὶτὸ

369 3112 547 3185 χρεὼν
577 3106 1027 3180 καταπράξηται.
1075 3105 1395 3177 Προσετίθει
1428 3102 1561 3173 γὰρ,
1595 3102 1669 3164 ὼς
1697 3099 1787 3152 τὸν
1814 3097 1946 3168 περὶ

2115 1972 2223 2029 Sed
2259 1972 2461 2029 Valens
2490 1985 2544 2030 et
2575 1975 2834 2033 Ursacius
2876 1977 3084 2047 legatos
3115 1988 3527 2048 praevenerunt,
3563 1990 3621 2034 et

2043 2068 2364 2138 imperatori
2393 2084 2506 2124 rem
2535 2085 2757 2124 omnem
2785 2069 3055 2125 arbitratu
3085 2085 3188 2128 suo
3210 2086 3584 2139 exposuerunt
3603 2115 3618 2137 ,

2043 2160 2366 2230 scriptoque
2396 2160 2540 2229 quod
2587 2159 2838 2230 legerant
2869 2170 3123 2225 ostenso,
3169 2160 3441 2232 synodum
3474 2164 3622 2232 apud

2041 2264 2169 2305 eum
2218 2251 2564 2306 calumniose
2605 2251 3015 2320 prosciderunt,
3058 2261 3117 2307 ut
3157 2268 3281 2323 qute
3324 2253 3621 2309 formulam

2045 2357 2154 2398 non
2204 2346 2520 2413 receperit,
2570 2344 2661 2400 cui
2715 2344 3124 2401 CODSCl'lllelldiE
3180 2346 3297 2416 ipse
3348 2345 3620 2402 aﬁ‘uisset.

2043 2435 2223 2505 Atque
2278 2433 2371 2490 ille
2419 2437 2631 2507 synodo
2676 2451 3047 2504 succensens,
3099 2447 3385 2500 oratores,
3421 2440 3625 2508 quibus

2046 2528 2308 2582 diuturna
2355 2542 2507 2583 mora
2537 2529 2591 2583 in
2626 2530 2752 2583 aula
2785 2529 3014 2585 molesta
3046 2538 3167 2585 erat
3193 2570 3209 2597 ,
3256 2528 3403 2588 diem
3431 2528 3500 2585 de
3533 2529 3625 2586 die

2046 2621 2362 2688 difﬁndens,
2422 2621 2752 2677 differebat:
2811 2630 3004 2676 contra
3060 2630 3287 2689 autem,
3347 2636 3489 2693 quos
3543 2621 3624 2677 illi

2046 2722 2566 2781 cxauctoraverant,
2600 2714 2657 2768 in
2689 2716 2869 2785 pretio
2897 2714 3153 2771 habebat.
3181 2713 3250 2768 Et
3280 2714 3369 2768 vix
3403 2714 3622 2770 tandem

2046 2826 2322 2868 excusans
2353 2825 2434 2876 se,
2468 2809 2714 2880 scripsit.
2753 2809 2900 2880 qnud
2940 2810 3270 2864 necessitate
3302 2817 3531 2880 urgente
3565 2818 3628 2863 ut

2050 2914 2245 2960 contra
2286 2904 2478 2959 hostes
2515 2904 2641 2968 iret,
2680 2916 2777 2972 per
2809 2902 3221 2977 expeditionem
3255 2917 3378 2957 eam
3416 2902 3628 2973 legatos

2048 2995 2209 3055 facile
2265 2996 2457 3050 videre
2508 3010 2618 3050 non
2675 2994 2922 3063 retuerit
2958 3031 2973 3055 ,
3029 2994 3385 3064 Adriauopoli
3439 3004 3625 3051 autem

2051 3087 2376 3144 redeuntem
2411 3102 2472 3142 se
2516 3095 2836 3155 exspectare
2886 3084 3008 3139 illos
3039 3086 3287 3155 jusserit,
3327 3098 3385 3144 ut
3430 3087 3507 3143 ibi
3542 3098 3629 3143 tu-

369 3208 478 3260 τῶν
540 3204 698 3258 θείων
760 3200 1096 3256 σκέπτεσθαι
1156 3196 1423 3269 μέλλοντα
1463 3193 1664 3266 χρῆναι
1709 3191 1944 3258 ἄμικτον

2055 3181 2320 3235 multibus
2352 3179 2513 3242 liber,
2561 3194 2658 3249 per
2687 3178 2863 3233 otium
2909 3187 2966 3232 et
3010 3180 3342 3251 legationem
3383 3180 3626 3244 audiret,

369 3301 477 3353 τῶν
510 3298 708 3362 ἄλλων,
732 3297 826 3350 καὶ
855 3293 1128 3363 εἱλικρινῆ
1152 3289 1398 3359 θορύϐων
1422 3285 1727 3357 κεκτῆσθαι
1743 3283 1949 3354 ψυχήν.

372 3391 516 3460 Πρὸς
540 3389 576 3445 ἃ.
596 3391 629 3457 ἡ
656 3387 877 3450 σύνοδος
904 3384 1200 3453 ἀντεδὴλου
1233 3378 1414 3445 αὖθις,
1435 3380 1510 3442 ὡς
1537 3378 1793 3445 οὐδαμῶς
1819 3374 1948 3427 ἄλλο

373 3486 526 3553 παρὰ
556 3480 616 3534 τὸ
640 3479 800 3545 δόξαν
831 3478 1071 3541 ἐκείνοις
1113 3472 1410 3546 πραχθείη.
1444 3472 1549 3526 κᾶν
1583 3470 1636 3523 εί
1658 3487 1713 3521 τι
1740 3468 1833 3521 καὶ
1857 3466 1947 3535 γέ-

375 3595 555 3648 νηται.
584 3577 696 3631 Καὶ
724 3575 827 3628 οὐκ
856 3570 1064 3644 ἔγραψε
1096 3569 1281 3640 μόνον,
1322 3567 1459 3622 ἀλλὰ
1486 3565 1580 3618 καὶ
1604 3561 1748 3617 οὕτω
1782 3561 1949 3631 φάναι

376 3675 471 3724 καὶ
503 3671 615 3731 τοῖς
655 3665 953 3737 πρέσϐεσιν
987 3662 1389 3716 ὲπενετείλατο.
1422 3658 1544 3712 Ἔτι
1569 3656 1623 3710 δὲ
1659 3671 1953 3725 προσηντι-

380 3764 527 3817 ϐόλει
557 3762 785 3831 ἡμέρως
814 3756 942 3820 τοὺς
982 3755 1245 3828 πρέσϐεις
1277 3751 1536 3817 δέξασθαι
1571 3748 1666 3802 καὶ
1711 3746 1829 3819 μετ’
1862 3745 1953 3798 εύ-

374 3854 525 3917 νοίας
548 3854 675 3907 ίδ.ῑν
696 3867 710 3883 ο
739 3849 938 3923 μαθεῖν
959 3865 1017 3901 τε
1046 3846 1081 3901 ἃ
1103 3845 1170 3899 δι’
1192 3844 1372 3898 αὐτῶν
1396 3842 1659 3914 ἀγράφως
1685 3839 1947 3910 ὲμήνυοψ

375 3947 512 4016 πρὸς
542 3945 599 3999 δὲ
651 3944 746 3996 καὶ
792 3941 829 3996 ἃ.
862 3940 1102 4010 ἔγραφον
1134 3933 1415 4006 ἐπιμελῶς
1464 3933 1797 4002 ἀναγνῶναι.
1841 3931 1954 3985 Καὶ

374 4040 484 4110 γάρ
514 4055 626 4101 πως
652 4035 891 4107 χαλεπὸν
914 4027 1062 4084 εἶναι
1092 4031 1278 4098 ἔλεγον
1312 4029 1399 4081 ἐπ’
1433 4025 1601 4082 αὑτοῦ
1635 4024 1951 4097 βασιλεύον-

376 4146 467 4192 τος
495 4127 762 4188 τοσαύτας
791 4121 1088 4192 ἐκκλησίας
1121 4122 1182 4173 ὲν
1201 4118 1443 4189 τοσούτῳ
1471 4118 1648 4189 χρόνῳ
1670 4116 1952 4188 χηρεύειν,

377 4220 598 4285 ζώντων
618 4217 729 4270 τῶν
779 4212 1104 4269 ἐπισκόπων
1138 4213 1232 4264 καὶ
1261 4210 1463 4263 ταῦτα’
1511 4209 1688 4281 χρεὼν
1708 4208 1751 4261 δ’
1787 4203 1950 4277 εἶναι,

380 4315 434 4368 εί
464 4330 526 4381 γε
560 4312 654 4365 καὶ
685 4308 833 4380 αύτῷ
860 4307 1128 4365 συνδοκεῖ.
1164 4304 1334 4376 πρινὴ
1365 4301 1656 4370 ἐπιστῆναι
1680 4302 1953 4372 χειμῶνα,

378 4405 472 4460 ἐπὶ
501 4404 597 4468 τὰς
631 4402 768 4464 ιδίας
800 4398 1105 4466 ἐκκλησίας
1130 4397 1363 4451 ἕκαστον
1400 4394 1784 4462 ἀναστρέφειν.
1826 4391 1954 4443 Τοι-

380 4495 518 4550 αῦτα
549 4495 646 4548 καὶ
675 4492 809 4549 ἄλλα
831 4492 1046 4552 τούτοις
1071 4487 1435 4559 παραπλήσια
1476 4485 1811 4556 γράψαντες,
1850 4482 1951 4536 ὅσα

274 4620 277 4621 ν
379 4586 449 4661 ἦν
474 4588 618 4651 εἰκὸς
647 4587 831 4648 ἱκέτας
862 4583 1067 4654 ἱερέας,
1093 4581 1328 4651 ὀνόμασι
1367 4578 1464 4633 καὶ
1507 4579 1694 4648 λόγοις
1732 4577 1867 4630 πολὺ
1896 4577 1955 4630 τὸ

382 4680 668 4746 ἐπαγωγὸν
711 4675 932 4746 ἔχουσιν
986 4676 1046 4726 ὲν
1085 4672 1280 4742 κόσμῳ
1305 4671 1527 4739 θέμενοι
1566 4672 1636 4743 τῇ
1670 4667 1957 4737 ἐπιστολῇ,

383 4771 564 4839 ὀλίγον
594 4769 790 4841 χρόνον
818 4766 1127 4833 ἐπέμειναν
1149 4779 1165 4795 ο
1193 4761 1269 4827 ὡς
1293 4762 1352 4815 δὲ
1391 4761 1561 4832 μηδὲν
1586 4762 1775 4823 αὐτοῖς
1807 4761 1962 4814 ἀντε-

383 4866 646 4936 δήλωσεν,
675 4859 1065 4930 ἐπιμείναντες
1099 4853 1227 4910 εἶτα
1274 4855 1367 4909 ἐπὶ
1397 4855 1531 4919 τοὺς
1562 4855 1801 4917 οἰκείους
1832 4853 1962 4923 θρό-

384 4974 507 5019 νους
534 4956 765 5016 ἕκαστος
791 4949 1090 5005 διελύοντο.
1118 4948 1245 5001 Ὅτι
1271 4947 1370 5017 μὲν
1398 4945 1490 5000 οὖν
1530 4947 1625 5003 καὶ
1653 4947 1702 4999 oi
1737 4944 1963 5014 ἐν’Δρι-

389 5051 527 5121 μίνῳ
561 5044 912 5121 συνελθύντες
956 5044 1055 5111 τὴν
1084 5042 1141 5094 έν
1188 5040 1397 5112 Νικαίᾳ
1436 5040 1623 5093 πίστιν
1651 5039 1958 5110 ἐκύρωσαν,

387 5141 652 5214 πρόδηλον
676 5155 689 5170 ·
718 5140 800 5192 ὅτι
816 5138 860 5192 δ’
881 5141 938 5202 ἐς
962 5136 1193 5206 ὕστερον
1219 5136 1409 5189 πολλοὶ
1429 5137 1497 5208 τῇ
1523 5132 1963 5205 προκομισθείςῃ

386 5237 449 5290 ἐκ
480 5232 711 5305 Σιρμίςυ
749 5232 934 5286 πίστει
992 5232 1107 5293 τοῖς
1173 5232 1304 5300 περὶ
1337 5229 1649 5300 Ούρσάκιον
1696 5227 1791 5282 καὶ
1817 5228 1964 5281 υύά-

386 5330 549 5383 λεντα
588 5324 1055 5397 καθυπέγραψαν,
1085 5323 1180 5377 καὶ
1229 5323 1387 5375 τοῦτο
1414 5320 1754 5392 δηλώσομεν.
1786 5321 1968 5374 Διττοὶ

386 5421 441 5477 δὶ
464 5422 593 5491 περὶ
615 5419 810 5473 τούτου
841 5416 1104 5487 φέρονται
1139 5416 1293 5483 λόγοι
1321 5431 1333 5445 ·
1359 5417 1387 5468 ὁ
1421 5414 1521 5484 μὲν
1561 5416 1671 5485 γάρ
1704 5431 1871 5484 φησιν
1888 5411 1965 5476 ὡς

390 5512 640 5581 βασιλεὺς
670 5510 954 5580 πρόφασιν
986 5507 1134 5580 σχὼν
1164 5509 1267 5579 τὴν
1297 5508 1397 5581 τῆς
1430 5505 1653 5561 συνόδου
1694 5507 1965 5572 διάλυσιν,

388 5605 462 5668 ὡς
496 5603 572 5675 μὴ
603 5604 836 5664 ἑκόντως
872 5600 1279 5670 γεγενημένην,
1331 5600 1516 5656 δοῦναι
1550 5599 1673 5654 κατ’
1713 5599 1966 5668 ἐξουσίαν

387 5696 499 5756 τοῖς
537 5695 665 5762 περὶ
700 5690 997 5756 Οὐάλεντα,
1033 5684 1276 5764 ᾗαύτοῖς
1307 5692 1426 5744 ἐστι
1463 5689 1834 5762 βουλομένοις.
1868 5690 1969 5753 τὰς

389 5785 524 5859 πρὸς
548 5783 790 5855 ἑσπέραν
810 5784 1036 5838 διοικεῖν
1062 5783 1359 5851 ἐκκλησίας
1370 5824 1383 5850 ,
1416 5783 1513 5837 καὶ
1543 5784 1641 5851 τὴν
1665 5781 1759 5836 ὕπ’
1783 5780 1968 5836 αὐτῶν

2050 3284 2108 3329 et
2137 3290 2259 3345 quae
2289 3289 2428 3343 opus
2459 3283 2646 3328 essent
2684 3271 3073 3326 constitueret.
3118 3272 3339 3328 Addidit
3381 3282 3436 3329 et
3467 3274 3625 3340 illud,

2051 3370 2120 3425 de
2150 3370 2315 3425 rebus
2346 3368 2550 3423 divinis
2578 3367 2890 3424 deliberare
2912 3366 3214 3430 volentem,
3244 3364 3478 3435 negotiis
3507 3364 3630 3421 aliis

2049 3478 2325 3527 vacuum,
2381 3461 2741 3530 animumque
2796 3460 3076 3516 sincerum
3132 3468 3300 3528 atque
3361 3448 3615 3527 quietum

2050 3556 2304 3610 obtinere
2335 3554 2560 3609 debere.
2593 3552 2674 3608 Ad
2717 3568 2839 3622 quae
2870 3551 3116 3622 synodus
3150 3549 3456 3620 rescripsit,
3489 3549 3629 3604 nihil

2052 3664 2112 3704 se
2147 3648 2297 3702 aliud
2352 3648 2581 3702 omnino
2636 3662 2801 3716 quam
2855 3644 3139 3700 decretum
3193 3643 3263 3699 ab
3310 3644 3417 3698 illis
3460 3654 3629 3708 esset.

2051 3741 2269 3797 etiamsi
2303 3740 2609 3810 quidquam
2646 3748 2921 3809 praeterea
2947 3746 3311 3800 statueretur,
3339 3737 3628 3792 facturam.

2057 3834 2124 3888 Et
2158 3848 2268 3887 non
2305 3831 2470 3887 modo
2505 3829 2749 3900 scripsit,
2785 3829 2883 3889 sed
2917 3829 2969 3884 id
3005 3844 3230 3901 quoque
3265 3829 3453 3885 dicere
3487 3829 3635 3900 lega-

2056 3937 2143 3982 tos
2176 3924 2363 3998 jussit.
2412 3923 2650 3995 lnsuper
2693 3922 2876 3978 eidem
2917 3922 3291 3992 supplicavit,
3328 3932 3387 3976 ttt
3418 3921 3634 3992 placide

2054 4017 2373 4072 oratoribus
2420 4017 2698 4085 receptis,
2744 4024 2801 4069 et
2848 4029 2970 4084 quae
3015 4013 3136 4069 sine
3183 4013 3399 4083 scripto
3431 4012 3634 4068 dicturi

2057 4122 2249 4166 essent
2285 4109 2525 4181 benigne
2567 4108 2864 4177 acciperet,
2899 4119 2954 4161 et
2984 4122 3107 4174 quae
3124 4105 3242 4176 ’ἱρεί
3279 4107 3637 4176 scripsissent

2057 4200 2355 4272 diligenter
2381 4207 2763 4268 cognosceret.
2792 4196 3001 4250 Durum
3033 4197 3199 4251 etiam
3228 4197 3638 4265 quodammodo

2055 4313 2177 4354 esse
2233 4296 2655 4367 signillcarunt,
2708 4293 2829 4363 ipso
2882 4293 3188 4362 imperante
3242 4302 3322 4346 tot
3372 4295 3639 4351 ecclesias

2061 4398 2216 4444 tanto
2245 4397 2495 4457 tempore
2527 4385 2668 4438 vivis
2697 4384 2880 4438 adhuc
2932 4383 3208 4454 episcopis
3231 4384 3440 4447 orbari,
3474 4385 3641 4454 779

2060 4494 2312 4549 epusque
2343 4494 2466 4533 esse
2487 4517 2502 4543 ,
2539 4478 2584 4532 si
2620 4476 2722 4546 ipsi
2756 4492 2980 4547 quoque
3013 4476 3320 4543 videretur,
3353 4477 3510 4546 prius
3541 4493 3641 4533 eos

2062 4573 2130 4628 ad
2168 4572 2460 4627 ecclesiam
2493 4586 2772 4640 quemque
2805 4585 2958 4624 suam
2998 4569 3213 4630 redire,
3258 4584 3423 4638 quam
3460 4569 3644 4626 hiems

2060 4680 2158 4722 eos
2191 4665 2557 4733 Opprimeret.
2596 4661 2724 4717 Hmc
2756 4671 2925 4731 atque
2957 4661 3062 4717 alia
3098 4661 3250 4715 hisce
3285 4660 3488 4715 similia
3511 4701 3527 4726 ,
3567 4661 3664 4715 ita-

2054 4759 2144 4833 ‘uti
2181 4756 2458 4827 supplices
2487 4756 2779 4826 episcopos
2809 4754 3086 4818 decebat,
3123 4769 3247 4809 cum
3287 4752 3539 4809 oratione
3573 4753 3642 4807 ad

2062 4849 2510 4922 persuadendum
2559 4847 2809 4916 apposita
2867 4862 2965 4916 per
3006 4846 3292 4916 epistolam
3332 4861 3552 4916 gravem
3588 4856 3643 4901 et

2066 4953 2264 4998 tersam
2309 4940 2375 4996 ad
2428 4956 2554 4993 eum
2601 4939 2992 5009 scripsissent,
3032 4938 3169 4993 satis
3201 4938 3297 4993 diu
3345 4937 3529 4997 adhuc
3568 4939 3641 4995 ibi

2065 5036 2265 5089 morati
2293 5045 2440 5095 sunt,
2464 5048 2705 5102 cumque
2732 5031 2869 5084 nihil
2891 5033 3005 5101 ipse
3025 5035 3420 5103 respondisset,
3440 5031 3644 5087 deinde

2065 5131 2132 5185 al
2182 5127 2343 5183 sedes
2386 5140 2514 5180 suas
2544 5133 2672 5178 sunt
2719 5124 2953 5178 reversi.
2990 5124 3171 5193 Atque
3210 5123 3359 5195 quod
3394 5126 3644 5194 episcopi

2066 5223 2292 5294 quidem
2326 5218 2562 5274 Arimini
2602 5217 2917 5288 congregati
2958 5215 3238 5271 Nictenatn
3277 5216 3645 5271 confirmave-

2070 5318 2180 5368 rint
2232 5309 2390 5366 ftdem
2416 5351 2431 5377 ,
2483 5310 2617 5365 satis
2657 5310 2769 5380 jam
2805 5317 3045 5364 constat.
3092 5308 3250 5376 Quod
3290 5323 3421 5362 vero
3457 5318 3647 5375 postea

2069 5404 2227 5461 multi
2272 5402 2523 5457 formulae
2567 5403 2636 5458 ab
2682 5400 2910 5458 Ursario
2955 5412 3011 5456 et
3062 5402 3292 5461 Valente
3333 5416 3402 5455 ex
3446 5399 3650 5455 Sirmo

2068 5498 2246 5552 allatae
2296 5494 2772 5565 subscripserint,
2836 5494 2891 5548 id
2943 5509 3166 5564 quoque
3218 5490 3649 5551 declarabimus.

2069 5592 2186 5658 Qua
2236 5590 2303 5647 de
2366 5605 2427 5644 re
2473 5589 2669 5660 duplex
2713 5587 2891 5642 fertur
2946 5587 3155 5656 opinio.
3210 5586 3417 5641 Harum
3472 5587 3650 5641 altera

2070 5692 2156 5740 est
2198 5701 2211 5737 :
2254 5682 2645 5753 imperatorem
2705 5680 3003 5737 occasione
3058 5693 3281 5747 arrepta
3332 5692 3362 5730 a
3413 5678 3649 5747 synodo,

2072 5779 2230 5849 quasi
2265 5794 2375 5834 non
2424 5793 2524 5836 sua
2573 5776 2861 5835 voluntate
2897 5773 3072 5831 soluta
3098 5813 3114 5838 ,
3156 5772 3367 5829 Valenti
3417 5773 3650 5843 ejusque
