4054 6468
480 338 584 402 387

1666 331 2089 395 NICEPHORI
2123 328 2471 391 CALLISTI

3621 319 3739 397 ss

479 447 852 505 sectatoribus
883 445 1200 503 facultatem
1225 444 1573 514 permisisse,
1602 458 1662 501 ut
1686 462 1827 517 quas
1852 447 2058 501 vellent

2163 444 2610 515 ἀναγνωσθεῖσαν
2673 443 2856 496 πίστιν
2889 444 3061 497 πᾶσιν
3116 443 3423 498 ἐκδὲδοσθαι
3452 465 3463 474 ·
3506 444 3599 498 καὶ
3629 447 3739 499 ὅσοι

478 543 536 597 iu
568 540 866 597 Occidente
897 539 1163 594 ecclesias
1185 538 1658 607 administrarent,
1683 537 2054 606 omnibusme

478 634 680 690 lectam
713 632 782 689 ab
814 632 895 687 eis
929 632 1088 686 fidem
1123 630 1447 686 traderent:
1481 640 1536 685 et
1566 631 1885 700 quicunque
1917 628 2052 684 sub.

477 726 722 781 scribere
759 725 835 779 illi
870 725 1080 788 nolent,
1114 722 1341 778 sedibus
1374 721 1487 775 suis
1526 721 1855 794 dejicerent,
1890 733 2055 792 atque

478 816 618 872 alios
647 815 903 871 factionis
935 815 1184 871 suaa'illis
1211 816 1604 884 subrogarent.
1636 815 1752 882 Qua
1783 823 2056 884 potestate

382 934 391 943 κ
477 917 728 977 accepta,
762 907 884 961 illos
921 907 974 961 vi
1011 922 1227 972 omnes,
1266 914 1327 961 ut
1359 921 1525 976 quam
1569 906 1809 961 diximus
1845 905 2056 961 formu-

476 1001 585 1055 lam
613 1001 1066 1068 comprobarent,
1100 999 1327 1055 adortos
1358 1014 1523 1054 esse:
1561 1013 1616 1055 et
1645 999 1741 1069 qui
1775 998 1829 1053 id
1869 998 2056 1053 facere

477 1092 817 1157 noluissent,
853 1091 1265 1162 quamprimum
1305 1091 1558 1145 ecclesiis
1587 1091 1889 1161 expulisse.
1932 1088 2055 1144 Pri-

478 1199 739 1253 mumque
766 1182 1069 1245 Liberium.
1096 1182 1245 1251 quod
1273 1182 1421 1237 dicto
1445 1183 1677 1237 audiens
1702 1197 1812 1237 non
1837 1180 2053 1246 fuisset,

478 1274 529 1328 τί
556 1288 810 1328 exactura
840 1290 984 1328 esse.
1010 1272 1246 1338 Quidam
1270 1289 1402 1328 sane
1427 1273 1727 1330 secundam
1757 1275 1898 1329 hanc
1923 1289 2056 1344 pro-

475 1368 839 1436 scriptmuem
865 1368 985 1436 ejus
1009 1365 1177 1420 fuisse
1201 1365 1419 1435 dicunt,
1471 1368 1563 1422 alii
1587 1374 1769 1421 autem
1796 1370 2054 1437 primam,

472 1475 600 1516 cum
637 1475 702 1515 ea
739 1460 907 1515 etiam
940 1474 1064 1529 qua
1103 1473 1271 1529 supra
1303 1459 1373 1515 de
1417 1459 1583 1516 Felici
1613 1460 1854 1515 diximus
1879 1501 1893 1522 ,
1931 1468 2054 1513 aeta

476 1562 626 1606 sunt.
680 1551 860 1620 Atque
898 1550 1044 1615 illos,
1104 1548 1270 1604 rebus
1316 1551 1391 1603 ita
1448 1562 1548 1619 per
1596 1548 1805 1603 italiam
1847 1547 2053 1618 gestis,

472 1644 670 1701 eadem
714 1658 811 1712 per
849 1641 1129 1697 Orientem
1171 1656 1395 1712 quoque
1433 1641 1618 1697 facere
1672 1640 2051 1696 constituisse.

475 1736 545 1792 Et
578 1752 676 1806 per
706 1736 997 1790 Thraciam
1024 1744 1242 1800 euntes,
1267 1735 1360 1790 ubi
1392 1734 1447 1789 in
1478 1733 1742 1806 oppidum
1772 1734 2055 1805 quoddam

2161 540 2236 609 μὴ
2267 538 2610 606 ὑπογράφειν
2640 537 2884 605 αἱροῖντο
2909 535 3137 605 ταύτην,
3188 536 3294 589 τῶν
3335 534 3553 605 θρόνων
3585 534 3739 590 έλαύ-

2157 645 2292 694 νειν,
2322 628 2416 681 καὶ
2442 626 2635 689 ἄλλους
2667 625 2912 694 εἰσάγειν
2944 624 3042 687 οὓς
3092 625 3159 678 ἂν
3189 625 3525 696 όμοφρονεῖν
3544 625 3741 692 γνοῖεν.

2159 720 2429 789 Τοιαύτης
2456 719 2501 773 δ’
2548 718 2811 784 ἐξουσίας
2852 716 3317 787 ἐπειλημμένους,
3355 717 3579 779 πάντας
3611 714 3743 786 πρὸς

2161 810 2285 881 βίαν
2309 810 2465 879 ἄγειν
2492 811 2559 880 τῇ
2593 808 2862 879 εἰρημένῃ
2888 808 3069 859 πίστει
3096 806 3567 874 καθυπογρὰφειιν
3585 821 3600 838 ο
3649 807 3739 857 καὶ

2158 907 2284 970 τοὺς
2310 904 2388 974 μὴ
2437 904 2801 974 βουλομένους
2831 901 2976 955 οὕτω
3018 905 3218 966 ποιεῖν,
3252 901 3325 963 ὡς
3362 899 3534 970 τάχος
3565 900 3743 954 ὠθεῖν.

2156 990 2259 1050 Ὧν
2283 997 2506 1067 πρῶτον
2551 995 2833 1065 Λιόέριον,
2899 994 2974 1064 μὴ
3029 994 3376 1063 πειθόμενον,
3436 992 3578 1062 πρὸς
3630 992 3747 1063 βίαν

2157 1089 2477 1158 ἐξήλαυνον.
2503 1089 2616 1143 Καὶ
2639 1090 2690 1142 σί
2716 1088 2817 1157 μέν
2844 1104 2977 1155 φασι
3005 1087 3266 1157 δευτέραν
3285 1086 3518 1157 ἐξορίαν
3544 1085 3748 1154 ταύτην

2158 1183 2309 1252 αὐτῷ
2349 1181 2629 1251 γενέσθαι,
2657 1182 2704 1235 οἰ
2740 1180 2796 1233 δὲ
2830 1179 3058 1249 πρώτην
3083 1195 3098 1210 ’
3141 1180 3229 1233 ὅτε
3259 1180 3355 1231 καὶ
3386 1180 3458 1231 τὰ
3481 1177 3625 1231 κατᾶ
3662 1177 3744 1228 τλν

2157 1275 2367 1344 Φήλικα
2403 1274 2650 1343 γέγονεν,
2687 1273 2765 1336 ὡς
2793 1273 2901 1343 πρὸ
2929 1271 3158 1342 βραχέος
3190 1272 3533 1341 εἰρήκαμεν.
3569 1267 3750 1322 Ταῦτα

2156 1366 2214 1421 δὲ
2245 1365 2392 1420 κατὰ
2419 1366 2520 1437 τὴν
2568 1364 2805 1423 Ἰταλίαν
2842 1362 3281 1433 διαπραξάμενοι
3332 1362 3388 1417 οἱ
3449 1361 3586 1432 περὶ
3614 1360 3751 1414 0ὐά-

2159 1460 2347 1525 λεντα,
2379 1462 2449 1514 τὰ
2482 1460 2572 1512 ίσα
2609 1459 2704 1512 καὶ
2734 1458 2881 1512 κατὰ
2913 1458 3013 1530 τὴν
3049 1458 3125 1510 ἕω
3154 1457 3427 1526 πράττειν
3451 1456 3745 1508 ἐσκόπουν.

2160 1555 2269 1607 Καὶ
2296 1552 2361 1621 δὴ
2382 1554 2471 1606 διὰ
2499 1549 2725 1623 Θρᾴκης
2756 1550 2951 1615 ἰόντες,
2981 1548 3104 1602 ἐπεὶ
3127 1548 3272 1603 κατὰ
3295 1563 3425 1601 τινα
3442 1545 3539 1600 τοῦ
3562 1544 3747 1606 ἔθνους

2159 1635 2388 1714 πόλιν,ᾖ
2416 1641 2564 1712 Νίκη
2583 1640 2761 1710 ὄνομα
2774 1633 2864 1709 ἦν,
2892 1638 3289 1710 παρεγένοντο.
3312 1636 3547 1690 σύνοδον
3572 1632 3753 1704 ἀθροί-

2161 1750 2375 1799 σαντες,
2410 1734 2510 1804 τὴν
2538 1732 2597 1787 ἐν
2639 1718 2910 1804 ’Λριμίνιρ
2966 1732 3156 1784 πίστιν
3205 1730 3270 1783 ἐκ
3313 1728 3644 1798 Ῥωμαῖκῆς
3676 1729 3749 1789 εἰς

472 1830 722 1901 regionis
771 1830 893 1902 ejus
955 1828 1178 1885 nomine
1239 1826 1373 1884 Nica
1429 1828 1856 1900 pervenissent,
1921 1844 2057 1884 con-

2169 1827 2402 1882 Ἐλλάδα
2430 1801 2617 1896 φωνὴν
2651 1801 3080 1897 μεταϐαλόντες,
3125 1822 3381 1893 βεϐαιοῦν
3417 1821 3745 1889 ἐπειρῶντο·

476 1933 703 1980 ventum
751 1923 1025 1994 coegisse,
1082 1921 1357 1992 fidemque
1397 1921 1630 1976 Arimini
1674 1936 1704 1976 a
1735 1936 1795 1978 se
1835 1921 2056 1988 lectam,

475 2031 543 2070 ex
574 2014 767 2070 Latina
801 2015 854 2068 in
890 2014 1135 2070 Grmcam
1170 2015 1415 2084 linguam
1449 2028 1774 2070 conversam
1805 2013 2057 2069 stabilire

475 2115 705 2161 conatos
731 2121 880 2171 esse,
937 2114 1103 2175 atque
1134 2105 1354 2177 publice
1381 2104 1733 2161 sermonibus
1763 2104 2056 2175 sparsisse,

475 2200 770 2255 formulam
809 2214 930 2254 eam
958 2199 1110 2255 Niea:
1135 2214 1165 2252 a
1193 2198 1404 2269 synodo
1434 2198 1736 2254 universali
1766 2199 1869 2253 rite
1892 2207 2059 2269 atque

476 2294 674 2347 ordine
707 2293 918 2346 editam
973 2290 1472 2362 conﬁrmatamque
1503 2306 1627 2347 esse
1655 2308 1671 2346 :
1709 2302 1769 2347 ut
1803 2291 2060 2347 videlicet

477 2387 769 2443 nominum
796 2386 1079 2442 vicinitate
1105 2403 1205 2457 per
1239 2385 1490 2441 fraudem
1523 2385 1895 2456 simpliciores
1920 2385 2060 2441 serio

478 2493 635 2552 ptum
675 2479 751 2546 id,
782 2479 1011 2549 perinde
1039 2487 1205 2549 atque
1229 2478 1427 2534 Nicaeae
1459 2478 1515 2533 in
1545 2478 1797 2550 Bithynia
1829 2492 2057 2549 compo-

474 2574 646 2629 situm
682 2580 854 2635 esset,
887 2571 1245 2641 accipientes,
1280 2571 1538 2641 decipere
1572 2578 1819 2640 possent.
1856 2568 2059 2625 Verum

476 2661 835 2719 calliditatem
881 2661 1408 2732 cavillationemque
1456 2676 1580 2716 eam
1629 2659 2058 2731 deprehensam,

478 2756 532 2809 in
567 2755 739 2809 risum
778 2764 946 2824 atque
990 2752 1294 2807 ludibrium
1345 2752 1569 2809 abiisse.
1612 2755 1792 2824 Atque
1839 2753 1944 2807 hoc
1980 2753 2061 2810 sic

480 2846 739 2901 nonnulli
805 2844 1107 2901 tradidere.
1173 2843 1359 2899 Altera
1424 2853 1612 2900 autem
1677 2840 1867 2915 Opiiiio
1934 2843 2058 2900 fuit.

479 2938 647 3009 780
677 2936 813 2992 Cum
848 2937 1098 3007 episcopi
1130 2937 1372 2992 Arimini
1405 2939 1745 3009 congregati,
1781 2936 1928 3008 quod
1960 2936 2063 2990 im-

480 3038 708 3099 perator
742 3042 1070 3100 restionsum
1104 3027 1398 3094 differret,
1431 3028 1693 3100 quodque
1736 3028 1847 3085 illis
1880 3027 2061 3083 redire

2159 1921 2255 1975 καὶ
2309 1919 2587 1992 ἐκήρυξαν
2640 1919 2714 1983 ὡς
2748 1919 2855 1972 ὑπὸ
2912 1915 3311 1988 οίκουμενικῆς
3347 1913 3583 1968 συνόδου
3627 1913 3659 1982 ἡ
3696 1913 3751 1963 ἐν

2159 2014 2305 2086 Νίκῃ
2341 2015 2524 2078 πίστις
2554 2012 2614 2066 τὸ
2666 2012 2884 2085 βέϐαιον
2943 2010 3105 2081 ἔσχεν
3134 2008 3210 2073 ὡς
3260 2006 3449 2080 χρεὼν
3489 2004 3747 2075 ἐπιψηφι-

2163 2107 2353 2160 σθεῖσα
2378 2121 2390 2135 ·
2427 2105 2504 2170 ὡς
2554 2104 2620 2160 ἂν
2680 2122 2745 2175 γε
2776 2104 2858 2175 τῷ
2910 2102 3283 2175 παραπλησίῳ
3321 2101 3440 2160 τῶν
3467 2098 3749 2170 ὀνομάτων

2162 2174 2472 2263 ἐπιϐούλως
2511 2200 2733 2271 ἀπατᾷν
2759 2199 2927 2270 ἔχωσι
2956 2199 3084 2260 τοὺς
3133 2196 3557 2266 ἁπλουστέρους
3579 2210 3592 2223 ·
3622 2188 3747 2246 ὥστ’

2162 2295 2331 2364 αὐτὴν
2383 2288 2526 2348 εἷναι
2586 2294 2799 2347 οἴεσθαι
2849 2294 2951 2363 τὴν
3003 2295 3059 2345 ἐν
3090 2292 3301 2362 Νικαίᾳ
3355 2292 3460 2359 τῆς
3494 2286 3747 2347 Βιθυνίας

2162 2386 2545 2458 ὲξενεχθεῖσαν
2563 2388 2809 2458 γραφήν.
2835 2385 3001 2439 Ἀλλὰ
3031 2384 3092 2439 τὸ
3121 2384 3368 2454 σόφισμα
3399 2381 3746 2452 ἐξηλέγχετο.

2163 2480 2260 2532 καί
2311 2481 2371 2532 έν
2418 2477 2767 2547 καταγέλωτι
2798 2471 2942 2548 ἦσαν
2971 2476 3040 2529 τὰ
3090 2476 3366 2547 δρώμενα.
3422 2476 3487 2528 Oi
3526 2472 3630 2543 μὲν
3658 2465 3745 2523 οὖν

2163 2571 2307 2627 οὕτω
2337 2572 2501 2640 φασίν
2527 2590 2537 2603 ·
2571 2572 2762 2642 ἕτερος
2791 2572 2848 2626 δὲ
2874 2570 3030 2641 λόγος
3060 2570 3196 2640 ἔχει,
3245 2570 3323 2632 ὡς
3353 2569 3468 2623 τῶν
3517 2569 3578 2621 έν
3606 2564 3748 2635 Ἀρι-

2166 2661 2309 2732 μίνῳ
2338 2663 2408 2733 τῇ
2445 2660 2745 2731 βραδυτῆτι
2779 2659 2884 2731 τῆς
2922 2659 3206 2729 βασιλικῆς
3238 2660 3606 2732 ἀποκρίσεως
3638 2675 3747 2709 πιε-

2164 2755 2433 2824 ζομένων,
2466 2754 2545 2825 τῷ
2581 2753 2657 2824 μὴ
2705 2752 2899 2807 ἐᾶσθαι
2925 2754 3257 2825 ἀναχωρεῖν,
3303 2755 3355 2806 οἰ
3388 2753 3600 2823 θατέρᾳ
3627 2750 3744 2818 δόξῃ

2164 2845 2563 2917 προσκείμενοι
2598 2844 2975 2900 ὑποϐάλλουσί
3005 2862 3159 2909 τινας
3189 2846 3652 2917 εἰσηγουμένους,
3676 2845 3746 2915 μὴ

2162 2938 2274 2992 δεῖν
2296 2933 2458 3001 εἶναι,
2495 2939 2627 3008 μιᾶς
2653 2936 2854 3005 λέξεως
2883 2938 3286 3009 ἀντεχομένους
3314 2939 3416 2994 τοῦ
3440 2942 3541 3010 τῆς
3569 2938 3747 3000 οὐσίας

2163 3030 2452 3101 ὀνόματος,
2506 3029 2576 3084 δι’
2632 3031 2808 3101 αὐτῆς
2869 3031 3188 3097 στασιάζειν
3245 3034 3378 3099 τοὺς
3439 3029 3744 3103 ἁπανταχοῦ

479 3123 547 3177 ad
577 3138 676 3177 sua
710 3136 820 3176 non
854 3121 1073 3190 liceret,
1107 3132 1524 3178 macerarentur
1553 3139 1566 3176 :
1602 3123 1697 3193 qui
1732 3123 1894 3177 alteri
1934 3136 2054 3177 sen-

2169 3124 2352 3192 ἱερέας
2376 3139 2390 3154 ο
2455 3123 2630 3176 ἔνεστι
2683 3125 2794 3196 γὰρ
2834 3124 3019 3195 ὅμοιον
3067 3124 3144 3196 τῷ
3179 3126 3354 3199 Πατρί
3387 3126 3485 3180 τὸν
3515 3127 3642 3182 Υίὸν
3669 3124 3749 3176 λέ-

479 3215 669 3270 tentiae
711 3215 919 3273 addicti
968 3222 1164 3281 erant,
1209 3215 1585 3270 subornarunt
1634 3215 1902 3286 quosdam
1961 3213 2058 3285 qui

477 3306 753 3372 dicerent,
787 3322 897 3361 non
929 3306 1252 3372 convenire,
1285 3307 1431 3376 quod
1469 3305 1693 3377 quidam
1730 3320 1902 3360 unum
1930 3308 2062 3361 sub-

477 3399 699 3455 stantia:
730 3398 970 3453 Verbum
1017 3407 1305 3469 tantopere
1347 3406 1795 3468 propugnarent.
1845 3406 1906 3452 ut
1929 3412 2063 3468 pro-

479 3498 669 3560 pterea
699 3502 898 3543 omnes
928 3488 1130 3558 ubique
1162 3488 1410 3558 episcopi
1452 3504 1548 3558 per
1580 3489 1917 3543 seditionem
1948 3487 2064 3542 dis-

479 3578 720 3633 sideant.
768 3578 965 3634 Licere
1008 3578 1246 3634 similem
1291 3577 1438 3632 Patri
1494 3578 1693 3632 Filium
1738 3564 2066 3642 dit-erepet

478 3673 857 3729 univcrsalem
886 3671 1040 3727 orbis
1068 3673 1487 3727 contentionem
1518 3671 1722 3741 sepire.
1762 3671 2064 3742 Episcopos

479 3763 813 3829 Orientales,
845 3761 950 3818 nisi
979 3761 1310 3818 substantia:
1339 3776 1545 3815 nomen
1579 3762 1894 3825 tolleretur,
1926 3776 2066 3816 con-

481 3856 773 3926 quivturos
817 3870 929 3910 non
967 3869 1114 3910 esse.
1152 3853 1282 3909 Haec
1322 3869 1448 3908 cum
1493 3854 1563 3909 ab
1611 3854 1733 3925 ejus
1774 3855 2067 3910 sententiae

481 3950 748 4006 studiosis
772 3963 898 4004 cum
930 3956 1155 4002 versuta
1181 3946 1419 4017 quadam
1448 3947 1720 4017 gravitate
1747 3958 1803 4001 et
1837 3947 1886 4002 ri
1919 3947 2066 4003 dicta

479 4052 700 4107 essent,
732 4056 876 4112 aegre
909 4040 1129 4095 tandem
1167 4039 1438 4111 synodum
1481 4039 1773 4094 adductam
1804 4055 1963 4105 esse,
2003 4053 2066 4098 ut

483 4139 696 4195 Ursacii
728 4150 784 4195 et
812 4138 1346 4205 Valentis_formulae
1392 4137 1859 4194 subscribendum
1900 4147 2066 4210 puta.

482 4241 588 4287 ret.
627 4232 848 4287 Veritos
892 4232 1099 4302 quippe
1153 4231 1397 4286 artiﬁces
1442 4229 1555 4285 doli
1600 4230 1763 4287 istius
1802 4246 1948 4295 esse,
1992 4246 2064 4288 ne

479 4324 647 4395 legati
682 4324 829 4395 apud
865 4323 1269 4394 imperatorem
1296 4320 1730 4378 Occidentalium
1771 4325 2064 4394 episcopo-

480 4431 608 4469 rum
636 4423 986 4470 constantem
1026 4430 1191 4484 quam
1222 4413 1353 4469 inde
1384 4414 1452 4469 ab
1480 4414 1642 4471 initio
1669 4416 2060 4486 praestitissent

482 4508 854 4574 alacritatem,
875 4516 932 4563 et
961 4506 1056 4560 τοῦ
1082 4506 1928 4579 ὁμοουσίου,οοηειὼειαηῑῐσιίε,
1962 4510 2066 4564 telo

484 4600 633 4657 lendi
676 4616 899 4657 causam
943 4608 1309 4671 exponerent.
1364 4599 1547 4666 Quare
1589 4599 1722 4655 illud
1770 4616 1867 4655 eos
1913 4601 2069 4657 inve-

485 4693 635 4747 nisse
689 4690 1010 4754 consilium,
1062 4699 1126 4743 ut
1175 4698 1426 4744 oratores
1470 4688 1524 4742 in
1571 4687 1776 4758 oppido
1818 4687 2071 4743 Thraciae

485 4782 633 4853 quod
676 4782 886 4837 dictum
937 4791 1022 4836 est
1070 4780 1205 4836 Nica
1254 4780 1691 4847 distinerentur,
1743 4795 1842 4851 per
1889 4794 2071 4835 causa:

486 4872 760 4945 ejusmodi
811 4874 1137 4937 obtentum,
1192 4886 1414 4943 promer
1455 4872 1671 4941 hyemis
1714 4873 2069 4943 asperitatem

481 4976 538 5020 ct
566 4966 827 5020 itinerum
864 4964 1245 5021 difﬁcultatem
1307 4965 1559 5037 jumeuta
1598 4967 1852 5037 progredi
1885 4974 1942 5020 ct
1970 4967 2070 5021 vite

482 5058 726 5112 laborem
781 5057 931 5116 ferre
988 5072 1101 5113 non
1151 5072 1335 5128 posse.
1386 5059 1567 5127 Atque
1620 5058 1674 5111 in
1723 5073 1785 5113 ea
1842 5058 2066 5113 interim

485 5164 639 5203 mora
667 5150 1026 5206 constituisse
1049 5190 1064 5215 ,
1112 5150 1279 5207 fidem
1324 5152 1394 5206 ab
1429 5150 1564 5222 ipsis
1593 5151 1958 5221 compositam
2000 5169 2067 5207 ex

483 5240 681 5295 Latino
707 5241 760 5296 in
784 5240 1033 5298 Graecum
1061 5258 1374 5299 sermonem
1403 5243 1749 5310 translatam,
1776 5244 1842 5298 ad
1873 5244 2069 5299 Orien-

485 5334 620 5390 tales
656 5335 876 5390 mittere
907 5335 1221 5406 episcopos.
1259 5334 1350 5391 Sic
1383 5349 1623 5405 namque
1652 5333 1795 5404 fore,
1825 5350 1953 5391 cum
1984 5336 2063 5391 illi

481 5427 550 5481 ad
595 5412 931 5483 sententiam
984 5442 1180 5483 eorum
1230 5426 1484 5484 inclinati
1529 5434 1760 5491 essent,
1808 5436 1871 5482 ut
1913 5428 2063 5499 quod

482 5527 745 5587 ageretur
769 5518 1130 5589 perlicerent;
1160 5518 1433 5574 fallaciam
1462 5533 1596 5574 vero
1627 5517 1789 5572 talem
1823 5535 1933 5575 non
1960 5520 2058 5576 de-

2166 3233 2306 3286 γειν,
2341 3215 2436 3268 καί¹
2466 3215 2569 3286 τὴν
2597 3216 2991 3289 οἰκουμενικὴν
3025 3216 3266 3273 διαλύειν
3295 3218 3452 3291 ἔριν·
3486 3215 3743 3289 μηδὲγὰρ

2165 3308 2231 3363 ἂν
2260 3309 2384 3373 τοὺς
2410 3309 2513 3362 ἀνὰ
2538 3308 2638 3379 τὴν
2658 3308 2734 3363 ’έω
2765 3311 2931 3380 ἱερεῖς
2947 3312 3199 3382 ἠρεμεῖν,
3225 3311 3300 3384 μὴ
3326 3313 3425 3366 τοῦ
3450 3314 3551 3381 τῆς
3567 3312 3745 3371 οὐσίας

2166 3402 2599 3472 περιαιρομένου
2629 3401 2917 3471 ὀνόματος.
2954 3400 3114 3457 Οὕτω
3144 3404 3198 3455 δὲ
3249 3403 3487 3476 κομψῶς
3548 3407 3742 3457 ἐπικει-

2169 3494 2350 3563 μέ·.ων
2379 3493 2487 3548 τῶν
2517 3494 2895 3560 σπουδαστῶν,
2934 3496 3093 3565 μόλις
3145 3499 3336 3550 πεῖσαι
3367 3497 3471 3568 σὴν
3516 3496 3742 3550 σύνοδον

2166 3586 2260 3641 καὶ
2291 3586 2637 3658 ὑπογράφειν
2664 3588 2965 3660 αἱρεῖσθαι,
2999 3587 3068 3661 ῆν
3091 3588 3140 3641 οἰ
3171 3590 3298 3659 περὶ
3322 3590 3637 3660 Οὑρσόικιον
3660 3585 3745 3639 καὶ

2168 3677 2450 3731 Οὐάλεντα
2510 3678 2756 3750 ἔγραφον
2814 3678 3056 3735 ἔκθεσιν.
3095 3680 3185 3734 Ἐν
3214 3683 3325 3736 δέει
3380 3685 3440 3738 δὲ
3469 3682 3745 3754 γεγονότες

2170 3772 2365 3842 μήπως
2398 3772 2446 3824 οἱ
2480 3772 2745 3839 πρέσϐεις
2776 3770 2945 3841 δήλην
2967 3775 3359 3846 καταστήσωσι
3400 3776 3613 3847 βασιλεί
3644 3775 3744 3827 τείν

2169 3864 2443 3933 ἐσπερίων
2462 3863 2657 3935 ἱερέων
2681 3864 2779 3934 τὴν
2797 3863 2857 3928 ἐξ
2877 3865 3051 3935 ἀρχῆς
3073 3864 3350 3931 ἔνστασιν,
3374 3868 3470 3922 καὶ
3501 3868 3560 3920 τὺ
3580 3868 3744 3919 αῖτιον

2166 3953 2263 4023 τῆς
2282 3952 2377 4005 τοῦ
2399 3952 2691 4024 δμοουσίου
2714 3955 3050 4024 ἀναιρέσεως
3072 3957 3323 4027 ἐπισχ;ῖν
3342 3962 3474 4022 τοὺς
3497 3957 3743 4030 πρέσϐεις

2167 4044 2311 4098 κατὰ
2342 4044 2443 4116 τὴν
2465 4046 2771 4118 εἰρημένην
2806 4047 2964 4100 πόλιν
2993 4048 3094 4118 τῆς
3126 4050 3350 4120 Θρᾴκης
3398 4052 3601 4121 Νίκην,
3628 4049 3742 4119 βου-

2165 4138 2263 4211 λὴν
2322 4138 2531 4201 ἔθεντο,
2599 4140 2880 4211 πρόφασιν
2936 4143 3196 4209 εἰπόντας
3255 4147 3319 4197 τὸ
3353 4147 3452 4201 τοῦ
3486 4145 3742 4217 χειμῶνος

2164 4226 2364 4297 τραχὺ,
2416 4227 2514 4280 καὶ
2548 4226 2610 4281 τὸ
2649 4227 2724 4297 μὴ
2766 4229 2903 4294 πρὸς
2958 4232 3275 4303 ὁδοιπορίαν
3309 4221 3609 4306 πρόχειρον
3636 4233 3738 4290 τοῖς

2164 4317 2519 4388 ὑποζυγίοις*
2584 4321 2682 4374 καὶ
2735 4323 2796 4374 ἐν
2855 4321 2932 4391 τῷ
2972 4324 3179 4393 μεταξὺ
3233 4326 3332 4396 τῆς
3392 4323 3738 4401 βραδυτῆτος,

2167 4412 2566 4485 βουλεύσασθαι
2589 4413 2686 4485 τὴν
2705 4416 3029 4470 ἐκτεθείσαν
3052 4419 3234 4472 πίστιν
3259 4421 3494 4485 ἐκείνοις
3514 4421 3576 4474 ἐκ
3618 4416 3739 4468 Ῥω·

2103 4503 2141 4554 υ
2172 4505 2378 4577 μαῖκῆς
2432 4506 2512 4568 εἰς
2556 4504 2841 4576 Ἑλληνίδα
2875 4508 3079 4577 φράσιν
3129 4511 3482 4579 μεταϐαλεῖν,
3516 4511 3610 4563 καὶ
3640 4508 3737 4562 τοῖς

2171 4597 2278 4651 ἀνὰ
2305 4597 2407 4668 τὴν
2464 4597 2539 4649 ἓω
2590 4596 3007 4668 διαπέμπεσθαι
3073 4601 3347 4673 ἱερεῦσινο
3413 4599 3738 4665 ὲκεῑναιγάρ

2172 4686 2352 4750 οὕτως
2378 4689 2437 4741 τὸ
2465 4687 2914 4760 σπουδαζόμενον
2950 4693 3280 4763 κατορθοῦν,
3325 4699 3469 4751 κατὰ
3500 4691 3738 4763 βούλησιν

2146 4778 2151 4787 “
2178 4778 2560 4850 συγκειμένων
2592 4782 2847 4837 ἐκείνων.
2879 4782 2992 4852 Τὴν
3021 4783 3078 4837 δὲ
3106 4786 3466 4859 ῥᾳδιουργίαν
3491 4784 3566 4856 μὴ
3587 4778 3740 4834 κατά·

2179 4887 2364 4943 φωρον
2395 4865 2542 4924 εἶναι
2576 4871 2666 4925 διὰ
2703 4873 2815 4925 τῶν
2848 4875 3211 4946 ἐλεγχόντων,
3253 4878 3328 4943 ὡς
3361 4882 3581 4938 ἄκοντες
3607 4874 3653 4926 οἰ
3687 4872 3738 4922 ἐν

2191 4962 2474 5034 Ἀριμήνῳ
2494 4962 2595 5034 τῆς
2620 4962 2823 5030 λέξεως
2839 4966 2934 5020 τοῦ
2965 4969 3258 5038 ὁμοουσίου
3290 4972 3605 5038 ἀπέστησαν
3622 4977 3636 4993 °
3658 4959 3735 5012 διὰ

2175 5055 2233 5108 δὲ
2256 5055 2383 5118 τοὺς
2412 5054 2555 5109 κατὰ
2585 5056 2687 5126 τὴν
2715 5055 2791 5110 ἕω
2837 5059 3182 5126 ἐπισκόπους
3235 5063 3622 5135 σκηπτόμενοι,
3669 5051 3734 5110 ὡς

2178 5148 2528 5202 παντάπασιν
2584 5149 3018 5222 ἀποσειομένους
3070 5153 3132 5206 τὸ
3183 5152 3397 5225 ὄνομα⁹
3444 5154 3578 5220 ὅπερ
3627 5143 3733 5201 ταῖς
3780 5170 3785 5175 ·

2175 5239 2461 5310 ἀληθείαις
2487 5240 2683 5311 ψευδὲς
2706 5239 2796 5313 ἦν.
2825 5244 3021 5314 Σχεδὸν
3071 5247 3181 5318 γὰρ
3221 5248 3462 5310 ἅπαντες
3509 5243 3601 5299 καὶ
3626 5232 3732 5290 κ;τ’

2173 5335 2369 5388 οὐσίαν
2390 5335 2579 5404 ὅμοιον
2607 5332 2747 5390 εἶναι
2776 5337 2856 5408 τῷ
2891 5339 3069 5410 Πατρι
3090 5339 3182 5393 τὸν
3213 5341 3341 5395 Υἰὸν
3374 5334 3637 5404 ἐδόξαζον.
3676 5323 3728 5378 Ἦ

2174 5425 2411 5500 διαφορᾶ
2451 5430 2510 5483 δὲ
2547 5426 2617 5502 ἦν
2657 5432 2843 5501 μόνον,
2884 5434 3082 5506 ὅτιπερ
3129 5437 3178 5487 οἰ
3214 5437 3316 5504 μὲν
3351 5433 3646 5507 ὁμοούσιον,
3687 5417 3731 5471 οἱ

2170 5521 2228 5575 δὲ
2258 5522 2604 5593 όμοιοούσιον
2638 5524 2992 5595 ὠνομάζοντο
3024 5531 3115 5581 τὸν
3143 5528 3297 5584 Υἰόν.

483 5610 823 5679 prehensum
857 5611 926 5666 iri
958 5613 1028 5666 ab
1066 5613 1169 5680 eis,
1205 5615 1299 5683 qui
1331 5629 1443 5668 rem
1486 5615 1629 5670 hanc
1694 5602 2105 5671 consideraturi
2148 5627 2359 5680 essent,
2426 5632 2765 5676 conventum
2801 5623 3059 5678 videlicet
3088 5626 3487 5680 Ariminensem
3517 5615 3724 5674 invitum

483 5707 555 5762 ab
599 5708 917 5778 ὁμοουσίου,
958 5712 1474 5779 eonsuhstantialis,
1507 5713 1681 5769 verbo
1713 5714 2054 5769 recessisse:
2101 5724 2292 5786 utpote
2341 5718 2411 5771 ab
2460 5717 2851 5776 Orientalibus
2921 5723 3223 5793 episcopis,

3310 5725 3402 5793 qui
3450 5719 3723 5775 dictionem

483 5814 604 5856 eam
640 5816 867 5872 prorsus
914 5804 1271 5877 rejccissent,
1316 5811 1593 5861 coactum.
1674 5804 1831 5873 Quod
1880 5804 2103 5877 quidem
2146 5808 2325 5879 reipsa
2366 5811 2562 5867 talsqu
2607 5821 2747 5868 erat.
2796 5810 2933 5870 Fere
2976 5815 3124 5873 enim
3202 5833 3392 5875 onines
3425 5821 3474 5872 in
3507 5812 3722 5868 ΟεΊυιίίυι
