4054 6440
336 317 440 379 3έι9

1282 318 1896 380 ECCLESIAS’l'lC/E
1937 322 2332 385 HlSTORI/E
2369 326 2513 388 LIB.
2559 328 2668 389 1X.

3482 337 3589 398 3‘0

332 430 525 501 paucis
570 433 852 503 exceptis.
901 433 1212 491 substantia
1248 435 1396 491 Patri
1444 436 1679 492 similem
1764 439 1959 494 Filium
2003 450 2135 496 sunt
2198 442 2431 513 opinati.
2464 445 2525 500 Et
2573 446 2953 501 controversia
3005 446 3057 501 in
3082 462 3148 502 eo
3199 457 3410 505 tantum
3446 465 3586 521 erat,

332 524 477 592 quod
517 525 717 593 partim
761 527 983 595 quidem
1022 526 1340 596 ὁμοούσιον,
1382 530 1907 586 consubstantialem

2009 533 2196 601 partim
2242 544 2425 590 autem
2470 536 2806 607 ὀμοιούσιον,
2841 539 3466 609 similisubstautialciu,
3499 546 3589 601 Fi-

331 619 465 674 lium
501 619 771 676 dicereut.
821 621 887 676 Et
934 624 1050 678 bace
1077 624 1302 694 quidem
1336 624 1392 680 in
1425 623 1744 680 Occidentis
1779 625 2036 695 partibus
2072 634 2220 682 acta.

800 770 829 797 ι
909 739 1160 792 ΚΕΦΑΛ.
1202 737 1336 795 ΜΒ’.

332 830 495 884 Ὀσα
524 831 679 885 κακὰ
709 834 762 884 oi
786 830 1081 898 Ἀρειιινοὶ
1110 830 1237 896 τοῖς
1267 829 1332 883 td
1369 830 1697 897 ὀμοούσιον
1733 835 1907 885 oetio-

400 900 613 969 μένοις
641 900 871 968 ἐπῆγον
889 920 903 935 ι
929 900 1024 955 καὶ
1068 900 1196 967 περ)
1232 899 1341 968 τῆς
1364 900 1737 954 Μακεδονίου
1760 901 1909 968 ὡμό-

408 987 587 1034 τητες
609 986 623 1000 ⁸
654 972 752 1024 καὶ
772 971 888 1024 ὅσα
923 972 1018 1023 καὶ
1043 969 1439 1038 Ναυατιανοῑς
1460 969 1560 1021 διὰ
1594 969 1661 1023 τὸ
1690 972 1908 1038 ὁμοσύ-

402 1056 543 1091 σιον
570 1042 901 1107 ἐπισυνέϐη
929 1039 1113 1093 κακά·
1154 1037 1252 1092 καί
1278 1041 1361 1104 ὡς
1386 1037 1778 1104 Μακεδόνιος,
1806 1058 1907 1107 με-

403 1112 729 1179 ταθέμενος
755 1110 872 1176 τὴν
890 1109 1021 1179 τῶνί
1040 1111 1353 1177 ,λειψάνων
1383 1111 1560 1176 θίϐην
1587 1114 1906 1179 [furatur-

409 1176 603 1243 τίνοι),
638 1180 862 1234 στάσιν
891 1180 969 1243 τῷ
999 1176 1168 1246 δήμῷ
1193 1179 1446 1245 ἐποίησε
1468 1194 1480 1207 ·
1513 1179 1593 1232 δι’
1622 1176 1693 1235 οὗ
1718 1183 1902 1248 χαλε-

405 1251 733 1316 παίνοντος
756 1248 1033 1318 ἐπειρᾶτο
1058 1249 1164 1304 τοῦ
1196 1249 1643 1306 Κωνσταντίου.

408 1365 545 1435 Περὶ
575 1366 671 1433 μὲν
693 1360 788 1417 οὖν
809 1366 878 1417 τά
905 1364 1138 1434 ἑσπέρια
1162 1362 1306 1435 μέρη
1329 1362 1557 1418 τοιαῦτα
1578 1364 1902 1436 ἐπράττετοο

334 1458 468 1528 περὶ
509 1457 567 1510 δὲ
616 1456 718 1526 τὴν
766 1456 842 1509 ἕω
874 1455 1082 1508 τούτων
1121 1455 1450 1524 γινομένων.
1494 1456 1662 1525 πρινὴ
1701 1456 1801 1528 τὴν
1846 1458 1905 1509 ὲν

332 1549 630 1620 Σελευκείᾳ
665 1548 887 1602 σύνοδον
919 1546 1225 1612 συνελθεϊν,
1247 1548 1350 1600 οὐκ
1382 1547 1638 1612 ἐλάττους
1659 1547 1906 1617 ἐγίνοντο

329 1642 599 1713 ταραχαί.
650 1641 713 1695 Οἱ
774 1640 884 1710 γὰρ
941 1638 1038 1692 τοῦ
1106 1639 1446 1706 Ἀρειανείου
1507 1641 1904 1711 προϊστάμενοι

329 1735 621 1803 δόγματος,
649 1729 786 1785 πολὺ
831 1747 887 1784 τι
924 1730 1124 1800 θράσος
1146 1731 1232 1785 -ἐκ
1263 1731 1365 1801 τῆς
1403 1730 1691 1802 βασιλικῆς
1729 1736 1905 1804 ῥοπῆς

330 1822 875 1895 προσλαμϐάνοντες,
903 1822 1202 1875 άκάθεκτοί
1231 1839 1290 1875 τε
1322 1818 1488 1892 ἦσαν,
1518 1823 1617 1875 καὶ⁵
1656 1824 1905 1876 καινοτέ-

333 1933 447 1987 ροις
473 1915 562 1970 ἀεὶ
589 1913 911 1986 πράγμασιν
952 1913 1295 1984 ἐπεχείρουν.
1340 1913 1559 1982 Ἀμέλει
1590 1931 1675 1967 τοι
1721 1915 1817 1968 καὶ
1853 1915 1903 1969 oi

330 2006 476 2077 ἀμφὶ
519 2007 615 2059 τὸν
655 2004 1000 2075 Καισαρείας
1046 2006 1330 2069 ’Δκάκιον,
1370 2005 1465 2059 καὶ
1501 2005 1593 2058 τὸν
1628 2006 1903 2060 Σκυθοπο-

2480 742 2638 811 781
2682 741 2909 800 CAPUT
2950 745 3108 800 XLII.

2010 828 2144 893 Qum
2176 830 2323 884 mola
2380 832 2569 884 Ariani
2598 832 2875 886 intulerint
2920 836 3373 890 consubstantiaie
3410 840 3590 894 colen-

2080 899 2257 953 tibus:
2287 899 2351 953 de
2385 900 2681 955 Macedonii
2711 903 3046 957 crudelitate.
3080 906 3210 966 Qun!
3243 910 3404 962 etiam
3438 911 3587 965 mala

2084 967 2405 1039 Novatianis
2451 981 2663 1039 propter
2694 974 3145 1028 consubstantiale
3180 978 3489 1035 acciderint.
3521 982 3587 1036 Ut

2082 1037 2423 1092 Macedonius
2453 1037 2730 1094 translatis
2756 1041 2810 1093 in
2842 1044 3009 1097 alium
3043 1043 3212 1099 locum
3248 1044 3588 1105 Constantini

2082 1110 2319 1174 reliquiis
2335 1110 2664 1189 ,“tumullum
2706 1111 2887 1189 populi
2910 1116 3207 1189 fancilarit
3233 1132 3254 1172 :
3299 1134 3465 1189 quam
3524 1120 3586 1174 ob

2079 1194 2298 1233 causam
2337 1179 2679 1233 Constantius
2713 1190 2790 1234 est
2827 1182 3158 1253 indignatus.

2078 1357 2139 1413 lu
2190 1355 2416 1414 Oriente
2451 1373 2603 1426 vero,
2638 1359 2962 1430 priusquam
3016 1364 3260 1433 synodus
3310 1365 3580 1424 Seleuciae

2006 1448 2198 1516 coiret,
2226 1465 2334 1504 non
2378 1449 2624 1506 minores
2645 1462 2807 1508 erant
2833 1454 3028 1509 turbae.
3049 1454 3265 1511 Arianae
3293 1463 3442 1513 enim
3464 1460 3579 1514 bae-

2007 1542 2148 1596 resis
2174 1551 2614 1613 propugnatores
2663 1544 2874 1614 ingenti
2912 1546 3250 1603 conﬁdentia
3292 1564 3357 1603 ex
3394 1551 3586 1622 impe~

2007 1634 2129 1689 riali
2176 1634 2384 1689 auxilio
2433 1644 2698 1706 concepta
2729 1674 2746 1698 ,
2791 1636 3064 1694 ell‘renato
3093 1650 3260 1709 atque
3293 1641 3586 1713 impetenti

2006 1731 2164 1777 erant
2200 1723 2420 1788 animo,
2455 1739 2788 1795 semperque
2829 1727 2990 1783 novis
3030 1730 3331 1785 studebant
3389 1733 3583 1788 rebus.
3662 1792 3669 1797 ,

2006 1814 2244 1871 Proinde
2299 1815 2536 1872 Aeacius
2556 1815 2933 1887 Caesariensis,
2967 1828 3025 1876 et
3058 1820 3417 1892 Patrophilus
3443 1825 3582 1897 Scy-

2008 1904 2406 1975 thopolitanus,
2472 1908 2707 1964 Maximo
2753 1919 3144 1979 exauctorato,
3192 1913 3396 1985 Cyrillo
3452 1916 3588 1971 Hie-

2006 1997 2414 2068 rosolymitauae
2467 1999 2718 2056 ecclesiae
2760 2018 2951 2059 curam
2987 2006 3339 2064 commisere.
3374 2007 3444 2062 Et
3473 2008 3588 2063 Ma-

327 2098 485 2170 λίτην
535 2097 898 2167 Πατρόφιλον,
935 2097 1193 2167 Μάξιμον
1242 2096 1588 2167 παυσάμενοι
1627 2098 1900 2169 ἱερᾶσθαι,

2009 2088 2276 2146 cedonius
2311 2091 2847 2164 Constantinopolim
2905 2097 3231 2168 vicinasque
3279 2100 3331 2153 ei
3391 2100 3586 2168 praeie-

330 2189 585 2257 Κυρίλλῳ
630 2188 728 2260 τὴν
775 2188 886 2243 τῶν
940 2188 1337 2259 Ἱεροσολύμων
1381 2188 1715 2255 Ἐκκλησίαν
1767 2189 1901 2244 ἑπέ-

332 2283 558 2355 τρεψαν.
587 2283 922 2346 Μακεδόνιος
964 2281 1020 2336 δὲ
1062 2281 1159 2346 τὰς
1188 2282 1317 2352 περὶ
1349 2284 1448 2352 τὴν
1491 2282 1902 2337 Κωνσταντίνου

336 2377 603 2447 ἐπαρχίας
625 2378 721 2429 καὶ
753 2376 939 2440 πόλεις
971 2375 1297 2446 ἀνατρέπων
1326 2374 1651 2445 ἐτάραττεν,
1683 2375 1905 2428 ἐπισκό-

333 2486 468 2530 πους
495 2470 686 2532 αὑταῖς
726 2468 1191 2539 προϐαλλόμενος,
1229 2467 1324 2532 οὓς
1354 2467 1473 2540 ᾔδει
1517 2469 1655 2538 πρὸς
1698 2469 1903 2540 ὑπουρ-

332 2562 459 2627 γίαν
509 2559 603 2613 τοῦ
656 2561 925 2631 σφετέρου
976 2558 1183 2613 σκοποῦ
1235 2557 1470 2626 δεξιούς.
1508 2559 1768 2630 Ἐλευσίῳ
1805 2562 1905 2630 μὲν

333 2650 429 2706 οὖν
458 2650 555 2724 τὴν
590 2652 830 2716 Κύζικον
863 2650 1183 2723 ἐνεχείριζε,
1210 2651 1483 2722 λαμπρῶς
1512 2653 1571 2707 ὲν
1606 2654 1718 2715 τοῖς
1745 2652 1903 2722 βασι·

334 2744 499 2806 λείοις
550 2742 718 2797 πάλαι
770 2745 1253 2814 στρατευσαμένῳ·
1289 2742 1657 2814 Μαραθώνιον
1702 2743 1759 2797 δὲ
1806 2746 1905 2814 τῆς

334 2838 694 2909 Νικομηδέων
723 2837 931 2901 πόλεως
965 2838 1231 2908 ἀρχιερέα
1280 2836 1515 2901 ἐδείκνυ,
1550 2836 1611 2892 ὃν
1641 2837 1742 2908 τῆς
1783 2836 1905 2891 κατ’

336 2930 500 2982 αὐτὸν
554 2929 880 2997 Ἐκκλησίας
926 2928 1175 2982 διάκονον
1221 2928 1372 2991 ὅντα,
1418 2928 1708 2982 σπουδαῖον
1759 2924 1905 2982 εἶναι

336 3022 492 3092 λόγος
537 3021 673 3092 ἔχει,
708 3025 951 3092 πτωχεῐα
988 3022 1268 3092 συνιστᾷν,
1300 3021 1397 3074 καὶ
1443 3020 1653 3093 ἀνδρῶν
1683 3021 1778 3074 καὶ
1810 3037 1907 3090 γυ-

336 3113 538 3169 ναικῶν
566 3116 983 3189 φροντιστήριει·
1017 3118 1111 3168 καὶ
1157 3115 1248 3169 τὸν
1283 3113 1383 3183 μὲν
1428 3113 1548 3185 βίον
1576 3114 1767 3182 ἀγαθὼ
1810 3115 1906 3167 καὶ

336 3208 505 3278 ἄμφω
534 3205 811 3275 γενέσθαι·
838 3208 1026 3272 κακῶς
1053 3206 1112 3260 δὲ
1147 3205 1433 3261 διαθέσθαι
1461 3207 1587 3272 τοὺς
1617 3205 1906 3278 ὁμοούσιον

333 3299 660 3367 δοξάζοντας
696 3300 775 3370 τῷ
808 3301 982 3371 Πατρὶ
1016 3300 1107 3354 τὸν
1142 3301 1269 3354 rte.»
1300 3302 1397 3353 καὶ
1447 3299 1689 3371 μάλιστα
1719 3300 1902 3363 δεξιοί·

336 3392 477 3463 πλὴν
508 3395 606 3464 οὐχ
631 3392 823 3463 ῶσπερ
851 3395 880 3445 ὁ
909 3394 1269 3455 Μακεδόνιος·
1301 3389 1457 3458 οὗτος
1495 3393 1605 3463 γὰρ
1642 3394 1702 3447 οὐ
1744 3393 1908 3464 μόνον
1932 3412 1978 3475 C

335 3482 557 3550 ἀπηνῶς
588 3481 779 3536 ἐδίωκε
808 3482 940 3546 τοὺς
960 3485 1401 3555 ἐκτρεπομένους
1421 3484 1571 3554 αὐτῷ
1600 3487 1900 3549 κοινωνεῖν,

334 3575 470 3628 ἀλλὰ
500 3576 591 3629 καὶ
618 3577 862 3646 εἱρκταῖς
889 3576 1220 3648 περιέκλειε,
1249 3578 1346 3631 καὶ
1369 3578 1600 3642 ἄκοντας
1625 3576 1900 3646 ἐϐιάζετο,

337 3667 432 3721 καί
464 3667 692 3730 πολλοὺς
723 3666 831 3719 τῶν
860 3669 919 3720 ὲν
961 3666 1225 3739 εὐλαϐείᾳ
1254 3665 1499 3738 ᾐκίζετο,
1529 3667 1625 3721 καὶ
1666 3667 1808 3739 ξύλῳ
1838 3669 1906 3722 τὰ

336 3758 582 3827 στόματα
632 3758 880 3829 διαιρῶν,
923 3758 1172 3813 ἀκόντων
1206 3760 1279 3813 τά
1331 3760 1613 3832 μυστήρια
1650 3761 1901 3815 ἐνετίθει.

333 3849 511 3920 Πολλὴ
558 3851 613 3904 δέ
657 3868 741 3914 τις
792 3851 1017 3914 κόλασις
1051 3849 1191 3918 αὕτη
1226 3851 1428 3916 ἐδόκει,
1460 3853 1556 3906 καὶ
1586 3852 1696 3905 τῶν
1726 3852 1905 3906 ἄλλων

331 3944 613 4013 τιμωριῶν
659 3944 1068 4015 ὑπερφέρουσα.
1104 3943 1384 4008 Ὡσαύτως
1413 3945 1470 3998 δὲ
1510 3945 1605 3998 καὶ
1635 3947 1905 4014 γυναῖκας

333 4031 695 4101 συναρπάζων
732 4035 830 4087 καὶ
864 4035 1081 4098 παῖδας,
1115 4035 1209 4088 καὶ
1252 4034 1425 4089 ταῦτα
1461 4035 1630 4105 μήπω
1667 4033 1903 4106 μυηθέν-

330 4139 453 4186 τας,
487 4128 869 4193 μυσταγωγετν
902 4125 1174 4191 ἐϐιάζετο.
1206 4127 1268 4179 Εἰ
1308 4126 1364 4180 δέ
1390 4142 1473 4189 τις
1515 4128 1835 4198 παρῃτεῖτο,
1867 4124 1901 4195 ἢ

333 4215 428 4267 καὶ
460 4214 741 4284 ἀντέλεγε,
778 4217 992 4286 πληγάς
1023 4215 1091 4288 ἦν
1114 4219 1232 4273 ἐκεῖ
1264 4219 1359 4272 καὶ
1396 4216 1671 4288 μάστιγας
1695 4217 1903 4272 ἐπακο-

330 4305 629 4371 λουθούσας
659 4310 813 4380 ὀρᾷν,
847 4309 1024 4381 δεσμά
1062 4326 1125 4364 τε
1153 4312 1249 4364 καὶ
1279 4310 1656 4381 δεσμωτήρια,
1689 4310 1784 4363 καὶ
1802 4309 1905 4364 ὅσα

331 4399 540 4464 τούτοις
570 4401 862 4457 ἀκόλουθα.
898 4402 1149 4474 ’Δρκέσει
1201 4404 1259 4457 δὲ
1290 4405 1509 4467 πάντως
1545 4401 1722 4475 ἑνδςῆ
1756 4404 1905 4457 δυεῖν

336 4491 666 4560 μνησθέντα,
724 4493 896 4559 δεῖξαι
943 4494 1072 4548 ὅσον
1120 4494 1404 4565 ὠμότητος
1455 4494 1535 4564 τῷ
1586 4495 1904 4565 Μακεδονίῳ

332 4583 572 4653 προσῆν,
613 4585 709 4639 καὶ
736 4588 850 4650 τοῖς
882 4585 1003 4639 κατ’
1039 4587 1247 4641 ἐκεῖνον
1281 4586 1668 4657 συνηκμακὸσι
1701 4585 1763 4639 τὸ
1799 4587 1904 4640 άπ-

331 4673 459 4742 ηνὲς
488 4674 579 4725 καὶ
610 4673 1006 4745 ἀπάνθρωπον.
1036 4676 1144 4729 Καὶ
1174 4676 1282 4743 γάρ
1314 4691 1478 4730 τινων
1509 4677 1811 4741 γυναικῶν,
1847 4673 1901 4728 αἱ

2002 2189 2194 2238 cturas
2244 2191 2299 2238 et
2329 2184 2495 2240 urbes
2529 2186 2769 2242 miscens
2802 2187 3087 2254 turbabat,
3160 2190 3454 2263 episcopos
3497 2194 3583 2248 eis

2002 2288 2144 2344 quos
2173 2273 2340 2330 rebus
2370 2274 2490 2330 suis
2519 2275 2748 2333 idoneos
2772 2293 2896 2335 esse
2950 2281 3184 2345 sciebat,
3237 2282 3542 2353 designans
3568 2301 3583 2336 :

2003 2379 2130 2418 nam
2164 2363 2387 2420 Eleusio
2437 2365 2766 2438 Cyzicenam
2815 2370 3074 2425 attribuit
3113 2371 3405 2428 ecclesiam
3435 2412 3451 2437 ,
3485 2373 3583 2443 qui

2003 2456 2238 2512 antehac
2264 2458 2388 2514 loco
2414 2459 2709 2528 splendido
2748 2460 2802 2516 in
2836 2463 3109 2533 imperiali
3155 2465 3280 2521 aula
3308 2466 3582 2536 stipendia

2005 2547 2227 2606 fecerat.
2264 2550 2667 2607 Marathonium
2704 2563 2886 2609 autem
2925 2554 3263 2610 Nicomedia:
3292 2571 3582 2612 sacrorum

2003 2636 2305 2693 antistitem
2356 2640 2585 2704 creavit,
2637 2643 2733 2710 qui
2781 2643 3035 2699 ecclesia
3073 2644 3251 2715 ipsius
3309 2647 3582 2703 diaconus

2003 2741 2128 2782 cum
2153 2727 2369 2789 fuisset.
2401 2731 2687 2801 egregium
2718 2749 2777 2788 se
2805 2734 3134 2804 praestitisse
3156 2738 3333 2792 virum
3355 2738 3585 2801 dicitur,

2005 2821 2368 2892 indigentium
2406 2824 2690 2881 hominum
2743 2826 3079 2895 domiciliis,
3111 2831 3477 2901 virorumque
3530 2843 3586 2885 et

2005 2915 2302 2970 mulierum
2356 2916 2562 2973 scholis
2604 2904 2958 2975 exstruendis
2998 2931 3164 2991 atque
3195 2922 3480 2980 curandis.
3520 2922 3588 2977 Et

2005 3022 2134 3063 cum
2165 3008 2458 3064 amborum
2498 3009 2731 3064 istorum
2766 3010 2877 3064 vita
2904 3010 3255 3079 probaretur,
3286 3012 3589 3083 amigendis

2008 3106 2188 3154 tamen
2237 3100 2320 3154 eis
2376 3099 2471 3170 qui
2517 3100 2830 3169 ὁμοούσιον,
2857 3102 3582 3167 consubstantialem,Patri

2010 3192 2207 3247 Filium
2234 3191 2653 3264 proﬁterentur,
2684 3192 2917 3247 nimium
2945 3201 3105 3248 erant
3144 3193 3403 3249 industrii
3435 3212 3449 3249 :
3482 3209 3585 3251 ve-

2008 3292 2321 3339 rumtamen
2343 3298 2406 3340 ea
2434 3284 2489 3339 in
2521 3300 2582 3339 re
2613 3283 2934 3339 Macedonio
2965 3283 3283 3339 dissimiles.
3305 3284 3355 3339 ls
3376 3285 3585 3342 etenim

2010 3393 2121 3432 non
2161 3376 2324 3433 modo
2372 3375 2673 3433 crudeliter
2702 3391 2800 3431 eos
2823 3377 3286 3448 persequebatur,
3309 3378 3404 3447 qui
3434 3392 3587 3433 com-

2016 3469 2334 3524 muniouem
2368 3468 2490 3539 ejus
2538 3468 2802 3535 vitarent,
2857 3472 2954 3523 sed
3004 3469 3058 3523 in
3104 3470 3324 3525 vincula
3368 3485 3591 3540 quoque

2019 3561 2350 3632 cnujiciebat
2395 3559 2617 3626 invitos,
2641 3570 2698 3616 et
2736 3560 3018 3632 iudicibus
3060 3560 3330 3616 tradebat.
3358 3561 3405 3617 A
3436 3576 3591 3617 com-

2014 3654 2278 3708 munione
2340 3653 2458 3723 ejus
2509 3652 2872 3708 abhorrentes
2928 3652 2994 3706 ad
3054 3668 3176 3708 eam
3210 3654 3262 3707 vi
3318 3654 3589 3709 intentata

2011 3747 2264 3816 cogebat,
2299 3746 2613 3815 multosque
2655 3745 2921 3815 religione
2975 3748 3269 3814 praeclaros
3313 3746 3590 3816 pulsabat,

2011 3852 2068 3895 et
2099 3841 2244 3895 fuste
2271 3855 2368 3894 ora
2394 3853 2591 3894 eorum
2619 3838 2910 3906 diducens,
2949 3841 3033 3895 vel
3063 3840 3251 3895 invitis
3292 3856 3447 3896 sacra
3477 3856 3592 3912 my-

2020 3936 2185 3990 steria
2208 3934 2512 4004 ingerebat.
2543 3932 2645 3999 Qui
2677 3933 2899 4003 quidem
2948 3933 3144 4004 ingens
3176 3933 3328 3989 visus
3357 3943 3443 3987 est
3468 3948 3591 3989 esse

2012 4027 2312 4090 cruciatus,
2356 4033 2625 4081 tormenta
2658 4025 2765 4079 alia
2800 4026 2960 4096 longe
2988 4039 3284 4096 superans.
3312 4024 3394 4080 Ad
3432 4041 3588 4081 eum-

2010 4119 2134 4175 dem
2166 4118 2387 4175 modutu
2430 4127 2487 4173 et
2514 4117 2775 4173 mulieres
2804 4129 2970 4188 atque
2994 4133 3219 4188 pueros,
3251 4118 3346 4188 qui
3386 4118 3455 4173 de
3502 4135 3588 4174 re-

2010 4214 2114 4269 bus
2142 4212 2314 4269 sacris
2346 4212 2593 4268 nondum
2654 4211 2893 4266 instituti
2935 4221 3123 4269 essent
3172 4220 3267 4268 aut
3304 4212 3588 4283 baptizati,

2010 4308 2309 4378 arripiens,
2340 4306 2619 4378 mysteriis
2648 4305 2857 4360 initiari
2910 4306 3166 4375 cogebat.
3201 4305 3357 4373 Quod
3388 4306 3430 4360 si
3469 4306 3594 4376 quis

2011 4408 2306 4464 renueret,
2363 4407 2465 4454 aut
2513 4408 2905 4469 responsaret,
2962 4413 3091 4453 eum
3155 4397 3358 4469 plaga,
3398 4397 3590 4469 ﬂagra,

2011 4491 2251 4557 vincula,
2278 4504 2485 4554 carcer,
2516 4499 2572 4543 et
2600 4505 2723 4559 quae
2748 4490 2815 4544 iis
2849 4488 3249 4563 convenientia
3283 4498 3431 4552 sunt,
3462 4507 3595 4546 con-

2010 4583 2409 4653 sequebantur.
2424 4581 2698 4637 Caeterum
2725 4584 2890 4638 unius
2909 4591 3080 4654 atque
3113 4583 3341 4639 alterius
3356 4585 3594 4655 οτι-ηιριί

2009 4674 2134 4745 ejus
2189 4675 2469 4730 mentione
2523 4674 2690 4737 facta,
2730 4676 2865 4730 satis
2909 4679 3141 4731 omnino
3206 4678 3335 4741 erit,
3389 4689 3595 4747 quanta

330 4766 433 4834 τὴν
462 4765 624 4818 αὑτοῦ
657 4767 1013 4836 ἐξετρέποντο
1047 4769 1357 4831 κοινωνίαν,
1391 4770 1519 4831 τοὶς
1550 4768 1792 4836 μαστοὺς
1823 4767 1905 4821 θί-

2012 4766 2318 4822 Macedonii
2346 4767 2561 4833 feritas,
2597 4783 2907 4838 eorumque
2947 4768 3043 4839 qui
3097 4784 3223 4823 eum
3254 4786 3323 4825 eo
3371 4770 3595 4839 viguere

337 4856 461 4916 εαις
484 4855 579 4908 καὶ
604 4858 818 4919 κίσταις
850 4857 1220 4912 ὲναποκλείων
1250 4858 1545 4927 άπέπριεν.
1582 4857 1703 4911 Εἰσὶ
1735 4851 1909 4926 δὲ,ὧν

333 4944 405 4998 τά
436 4945 592 5014 αὐτὰ,
631 4948 760 5000 ποτὲ
796 4949 893 5020 μὲν
914 4949 1037 5013 ὠοῖς
1069 4952 1148 5013 είς
1170 4951 1338 5020 ἄκρον
1360 4948 1751 5020 ὲκπυρωθείσι,
1780 4950 1911 5004 ποτὲ

333 5036 390 5090 δὲ
427 5037 524 5089 καὶ
564 5037 770 5110 σιδήρῳ
819 5041 1310 5111 πεπυρακτωμένῳ
1347 5039 1665 5096 κατέκαιον.
1708 5040 1910 5113 ’Λήθης

332 5145 392 5181 τε
415 5123 484 5199 ἦν
516 5128 658 5200 αὕτη
690 5131 784 5182 καὶ
808 5130 1097 5197 ξενίζουσα
1123 5132 1366 5204 τιμωρία
1400 5131 1507 5186 ὑπὸ
1537 5131 1646 5186 τῶν
1674 5132 1912 5203 Χριστὸν

332 5220 743 5289 ὁμολογούντων
768 5221 1164 5292 ὲφευρεθεῖσα,
1191 5223 1454 5277 ἐπέκεινα
1486 5224 1618 5288 τῶν,
1653 5218 1731 5278 ὧν
1770 5225 1821 5277 oi
1855 5225 1913 5290 ἐξ

346 5311 619 5382 Ἑλλήνων
655 5313 913 5383 τύραννοι
966 5314 1136 5368 πάλαι
1182 5314 1485 5386 φιλοτίμως
1518 5314 1764 5386 ἐξεῦρον.
1804 5315 1913 5371 Ναὶ

340 5405 448 5474 μὴν
481 5409 577 5461 καὶ
609 5407 808 5471 πολλὰς
840 5407 951 5461 τῶν
976 5409 1287 5478 ἐκκλησιῶν
1318 5410 1400 5472 είς
1430 5407 1630 5478 ἔδαφος
1663 5410 1911 5481 ἔρριπτε,

338 5493 600 5564 βασιλέως
636 5498 944 5569 γράμματα
999 5499 1419 5571 προϊσχόμενος,
1452 5497 1489 5552 ἃ
1543 5502 1910 5568 προσέταττον

334 5585 460 5648 τοὺς
492 5586 820 5659 εὐκτηρίους
848 5589 1032 5653 οἴκους
1062 5588 1171 5643 τῶν
1201 5589 1265 5642 τὸ
1294 5587 1586 5660 ὁμοούσιον
1610 5588 1911 5660 κηρυττόν-

335 5693 442 5731 των
472 5680 636 5744 εὑθὺς
667 5682 1089 5752 ἀνατρέπεσθαι.
1109 5684 1198 5747 Ἐξ
1227 5678 1293 5755 ἧς
1333 5683 1512 5747 αἰτίας
1541 5683 1638 5737 καὶ
1668 5682 1767 5754 τὴν
1800 5681 1910 5737 τῶν

339 5767 697 5829 Ναυατιανῶν
750 5777 808 5829 ἐν
839 5779 904 5847 τῇ
950 5776 1231 5848 Πελαργοῦ
1272 5776 1570 5846 ἐκκλησίαν
1615 5774 1906 5846 ἡῗάφιτεν,

2014 4857 2314 4914 crudelitas
2343 4859 2511 4913 fuerit
2546 4868 2602 4914 et
2645 4860 3043 4927 inhumanitas,
3069 4863 3385 4919 ostendere.
3426 4862 3591 4933 782

2013 4948 2384 5014 Quarumdam
2440 4949 2590 5004 enim
2643 4949 2971 5005 feminarum
3021 4966 3145 5021 quae
3200 4952 3322 5022 ejus
3376 4967 3598 5010 aversa-

2017 5041 2221 5096 bantur
2282 5043 2764 5106 communionem,
2820 5059 3087 5101 mammas
3144 5046 3290 5101 arcis
3348 5057 3405 5101 et
3444 5046 3601 5103 cistis

2014 5145 2357 5200 compressus
2391 5132 2613 5187 avulsit.
2658 5133 2829 5189 Erant
2858 5135 3067 5205 quibus
3098 5136 3318 5192 easdem
3342 5137 3595 5207 corporis

2017 5232 2201 5292 partes
2224 5239 2371 5278 nunc
2390 5223 2513 5280 ovis
2535 5224 2602 5280 ad
2632 5241 2910 5281 summum
2942 5227 3066 5297 igne
3090 5228 3270 5294 tostis,
3289 5243 3438 5284 nunc
3455 5229 3604 5285 ferro

2017 5316 2275 5370 candenti
2313 5315 2595 5372 adureret.
2634 5318 2920 5375 lusolitum
2948 5336 3080 5375 sane
3101 5321 3177 5385 id,
3206 5320 3599 5390 exoticumque

2000 5409 2371 5491 supplicium,
2405 5408 2473 5463 ab
2503 5409 2585 5464 eis
2615 5412 2711 5480 qui
2740 5409 3023 5466 Christum
3078 5411 3308 5482 professi
3348 5422 3483 5466 sunt
3516 5412 3602 5465 '.u-

2018 5509 2266 5561 ventum.
2295 5500 2442 5571 quod
2469 5516 2535 5557 ea
2562 5517 2685 5572 qua:
2707 5502 2839 5558 olim
2878 5502 3198 5558 Graecorum
3229 5502 3449 5574 tyranni
3476 5518 3597 5557 ma-

2019 5609 2127 5664 gno
2163 5593 2346 5648 studio
2383 5601 2438 5647 et
2483 5595 3207 5667 ambitionecxcogitarunt,
3258 5597 3419 5667 longe
3483 5607 3604 5668 post

2018 5699 2076 5739 se
2113 5684 2393 5754 relinquit.
2449 5683 2592 5751 Quin
2654 5688 2857 5743 multas
2886 5703 3110 5759 quoque
3160 5688 3431 5744 ecclesias
3484 5688 3604 5744 solo

2018 5780 2278 5847 atquavit,
2317 5776 2673 5849 imperatoris
2725 5781 2938 5837 litteras
2986 5780 3288 5851 praeferens
3313 5822 3326 5849 ,
3354 5796 3475 5853 qua
3505 5780 3605 5837 do-
