4054 6444
517 307 621 372 391

1748 308 2179 373 NICEPHORI
2222 311 2570 373 CALLlSTI

3673 315 3770 380 392

520 434 643 476 mos
661 420 1004 491 precatorias
1025 421 1087 475 τδ
1109 418 1426 492 όμοούσιον,
1454 419 1955 489 consubstantiale,
1973 435 2101 492 pro-

2207 420 2291 476 ἆτ’
2325 422 2485 486 εἰδὼς
2516 422 2808 486 κάκείνους
2839 421 2918 492 τῷ
2946 420 3221 492 όμοουσίῳ
3279 418 3623 493 στοιχοῦντας
3644 437 3659 453 θ
3687 423 3771 477 ὅτε

524 512 797 568 titentium
831 513 1015 569 statim
1044 524 1296 570 evenere
1348 511 1644 583 jubebant.
1676 513 1759 568 Ex
1790 528 1902 583 qua
1932 527 2101 571 causa

431 636 440 644 ~
518 605 685 660 etiam
736 606 1166 662 Novatianorum
1211 606 1527 670 ecclesiam,
1572 620 1696 676 qua:
1736 606 1793 661 in
1834 606 1959 662 vico
2004 605 2100 661 τοῦ

519 698 830 770 Πελαργοῦ,
884 698 988 753 hoc
1039 708 1125 753 est
1163 698 1430 780 βίοοηῖιε,
1455 706 1597 763 erat,
1644 706 1730 753 est
1780 697 2099 765 demolitus,

520 794 666 866 quod
702 809 799 850 eos
823 808 1042 864 quoque
1081 793 1158 863 τῷ
1187 796 1481 864 όμοουσίῳ,
1512 793 1992 861 consubstantiali,
2011 809 2101 851 as-

520 884 714 941 sentiri
736 884 928 940 sciret.
961 884 1083 951 Quo
1114 894 1364 951 tempore
1418 886 1498 940 illi
1530 885 1812 957 egregium
1855 893 2097 941 strenuae

521 991 719 1031 manus
744 991 883 1046 opus
908 977 1157 1040 edidere,
1208 978 1439 1033 forsitan
1478 993 1574 1033 eos
1612 986 1671 1032 ut
1694 977 1943 1048 ejusdem
1973 993 2101 1034 sen-

518 1071 702 1125 tentiae
727 1079 1036 1125 assertores
1062 1070 1464 1140 adjuvantibus
1489 1067 1585 1121 τοῦ
1622 1070 1936 1138 όμοουσίου,
1967 1083 2101 1122 con-

517 1161 923 1229 substantialis,
967 1162 1400 1232 professoribus.
1432 1160 1677 1215 Ecclesia
1711 1162 1858 1214 enim
1903 1160 1995 1214 illa
2034 1158 2104 1213 ab

516 1253 598 1309 eis
624 1254 830 1324 quibus
867 1254 974 1309 hoc
1015 1255 1372 1310 commissum
1432 1254 1612 1309 fuerat
1660 1290 1676 1316 ,
1723 1267 1915 1308 eversa
1946 1290 1962 1317 ,
2022 1252 2100 1307 illi

516 1355 709 1402 coacta
741 1360 909 1400 manu
950 1346 1196 1402 universi
1241 1361 1368 1402 cum
1414 1346 1745 1417 coniugibus
1772 1354 1830 1401 et
1870 1346 2099 1412 liberis,

517 1440 666 1509 quod
716 1453 857 1508 opus
910 1446 1034 1494 erat
1090 1446 1150 1495 et
1198 1439 1581 1505 conveniebat,
1621 1454 1723 1510 pro
1766 1452 1827 1494 se
1868 1437 2106 1509 quisque

520 1533 837 1593 afferentes,
899 1546 1066 1601 supra
1125 1532 1352 1588 modum
1403 1531 1728 1588 laborarunt
1781 1540 1888 1588 :et
1942 1531 2102 1587 brevi

522 1625 794 1696 temporis
837 1633 1140 1689 momento.
1193 1626 1249 1680 in
1294 1625 1416 1682 loco
1436 1627 1527 1681 cui
1556 1640 1761 1681 nomen
1797 1634 1882 1681 est
1912 1626 2103 1690 Συκαὶ,

522 1721 630 1774 hoc
652 1728 740 1774 est
763 1718 846 1773 fici
874 1718 974 1789 (l),
997 1733 1028 1774 e
1048 1718 1271 1789 regione
1298 1719 1470 1782 urbis,
1488 1734 1519 1773 e
1539 1718 1770 1789 vestigio
1793 1718 1953 1773 aliam
1975 1734 2107 1775 con—

523 1812 713 1867 didere
740 1811 1029 1867 ecclesiam
1054 1850 1071 1876 ,
1105 1826 1339 1882 eamque
1382 1811 1753 1865 ’Δναστασίαν
1788 1810 1887 1882 (2),
1919 1811 1976 1867 id
2023 1822 2107 1867 est

524 1905 1039 1970 Resnrreetionem,
1071 1919 1372 1969 vocavere,
1404 1920 1470 1960 ex
1514 1915 1715 1961 eventu
1754 1906 1875 1976 ipso
1904 1920 2106 1961 nomen

522 1998 579 2052 id
617 1998 666 2051 ei
712 1997 1080 2066 imponentes.
1107 1995 1280 2062 Quam
1318 1995 1581 2066 deinceps
1612 2012 1858 2065 rursum,
1886 1997 2108 2054 Iuliano

522 2090 834 2159 imperante
898 2097 1064 2157 atque
1112 2088 1492 2157 permittente,
1535 2087 1592 2143 in
1632 2089 1872 2158 priorem
1920 2090 2106 2145 locum

523 2180 756 2234 materia
804 2193 872 2234 ex
923 2177 1076 2234 Ficis
1115 2177 1404 2248 deportata
1445 2180 1888 2243 transtulerunt,
1942 2196 2109 2251 opere

524 2279 761 2340 utroque
814 2269 1129 2325 incredibili
1188 2270 1475 2326 celeritate
1512 2270 1782 2341 perfecto.
1816 2270 1945 2326 Haec
1982 2285 2108 2327 cum

524 2376 557 2416 a
582 2360 906 2417 Macedonio
937 2361 1012 2416 ita
1066 2371 1417 2433 gererentur,
1459 2360 1750 2418 Novatiani
1790 2361 1906 2420 fere
1935 2372 1991 2418 et
2019 2378 2112 2419 ca-

527 2453 748 2510 tholicaa
773 2453 1037 2509 Ecclesiae
1054 2453 1117 2507 τὸ
1135 2453 1449 2523 όμοούσιον,
1476 2454 1966 2520 eonsubstantiale,
1986 2468 2112 2525 pro-

524 2545 770 2611 ﬁtentes,
797 2546 1079 2617 conjuncti
1126 2555 1296 2617 atque
1330 2546 1475 2603 uniti
1512 2556 1662 2611 sunt,
1689 2548 1938 2602 eamdem
1968 2547 2111 2603 obti-

524 2648 726 2695 nentes
774 2638 1130 2704 sententiam,
1167 2647 1335 2709 atque
1366 2638 1594 2705 :eisdem
1631 2639 1890 2710 exagitati
1925 2638 2107 2696 malis.

526 2730 727 2785 Pacem
774 2745 1012 2801 namque
1065 2729 1213 2786 inter
1258 2744 1318 2786 se
1367 2730 1621 2801 agebant.
1681 2730 2109 2798 conveniebant,

529 2823 922 2887 orationesque
971 2830 1030 2877 et
1087 2820 1192 2877 alia
1246 2821 1772 2887 communicabant,
1824 2822 1977 2877 nullo
2042 2822 2111 2878 ab

525 2915 749 2970 Arianis
777 2915 871 2984 qui
919 2915 1186 2971 ecclesias
1226 2930 1420 2971 omnes
1465 2925 1892 2986 occupaverant.
1921 2914 2112 2971 catho-

525 3009 652 3065 licis
694 3010 889 3065 relicto
920 3009 1145 3078 templo.
1187 3009 1267 3064 lta
1296 3009 1720 3065 consuetudinis
1762 3009 2109 3072 assiduitate,

2200 516 2268 588 δὴ
2312 516 2471 584 λόγος
2498 515 2616 586 ἔχει
2658 518 2886 585 γενναῖα
2918 515 3121 578 αὐτοὺς
3148 515 3287 585 ἔργα
3328 514 3516 585 χειρὸς
3550 513 3773 585 διαπρά-

2204 606 2422 674 ξασθαι,
2472 607 2617 679 τάχα
2662 608 3078 679 συναιρομένων
3125 601 3324 679 οἷάπερ
3364 607 3636 678 όμόφροσι
3687 609 3775 661 καὶ

2203 701 2313 754 τῶν
2352 698 2461 753 ἀπὸ
2510 699 2612 769 τῆς
2639 701 2932 771 όμοουσίου
2963 701 3148 772 δόξης.
3182 700 3475 772 Δυμένης
3505 702 3614 770 γὰρ
3642 700 3775 753 ἐκεί-

2204 810 2302 863 νης
2352 792 2421 847 δι’
2448 788 2528 849 ῶν
2556 793 2932 863 ἐπετράπετο,
2988 793 3269 864 πανδημεὶ
3307 791 3779 863 συναθροισθέντες

2205 878 2559 953 ἐκεῖνοςκαὶ
2591 889 2851 955 γυναῖκες
2893 887 2990 940 καὶ
3020 886 3229 950 παῖδες,
3261 886 3323 940 τὸ
3353 884 3637 956 προσῆκον
3659 882 3780 935 lxa-

2206 994 2332 1041 στος
2360 976 2885 1048 μετακομιζόμενοι,
2915 977 3217 1049 ὑπερφυῶς
3243 977 3473 1032 ἐπόνουν
3496 990 3510 1003 ·
3532 975 3626 1030 καὶ
3654 974 3782 1030 ἀκα-

2207 1069 2400 1140 ριαίως
2435 1069 2518 1131 είς
2546 1069 2638 1122 τὸν
2671 1070 2984 1140 ἀντιπέραν
3010 1069 3179 1123 τόπον
3206 1068 3308 1138 τῆς
3347 1067 3583 1131 πόλεως,
3610 1061 3656 1134 ᾧ
3686 1066 3780 1118 Συ-

2204 1158 2302 1211 καὶ
2332 1157 2528 1227 ὄνομα,
2558 1157 2758 1228 ἁθρόον
2785 1158 2977 1230 ἕτερον
3017 1155 3169 1214 οἷκον
3204 1159 3442 1212 ἀνίστων
3469 1175 3483 1190 ·
3514 1158 3607 1211 καὶ
3638 1155 3803 1215 ’Ᾱνα-.

2207 1249 2438 1305 στασίαν
2468 1251 2560 1305 τὸν
2592 1249 2741 1307 οῐκον
2780 1253 3096 1322 ὠνόμασαν,
3134 1254 3201 1306 ἐκ
3249 1252 3345 1305 τοῦ
3382 1251 3693 1321 συμϐάντος
3726 1251 3782 1300 τε)

2205 1334 2389 1406 δνομα
2436 1338 2790 1409 περιθέμενοι
2815 1355 2832 1374 ⁸
2879 1340 2941 1395 όν
2965 1338 3126 1403 αὖθις
3171 1339 3472 1394 Ἰουλιανοῦ
3528 1335 3780 1409 ἄρξαντος

2206 1433 2304 1486 καὶ
2334 1431 2757 1501 ἐπιτρέψαντος,
2785 1434 2870 1496 είς
2919 1433 3014 1487 τὸν
3044 1434 3318 1503 πρότερον
3354 1431 3671 1501 μετήγαγον
3696 1430 3780 1482 τό-

2204 1537 2330 1588 πον,
2357 1521 2458 1585 τὰς
2493 1520 2628 1588 ὕλας
2682 1528 3165 1594 μετακομίσαντες
3206 1526 3273 1577 ἐκ
3326 1521 3537 1587 συκῶν,
3580 1520 3782 1590 ἀπείρῳ

2205 1612 2360 1682 τάχει
2389 1614 2483 1668 καὶ
2504 1612 2677 1684 ἄμφω
2705 1613 3164 1684 διαπραξάμενοι.
3194 1614 3422 1668 Τούτων
3449 1614 3507 1667 δέ
3540 1613 3646 1667 ύπδ
3670 1612 3781 1666 Μα-

2207 1705 2449 1759 κεδονίου
2479 1707 2807 1775 γινομένων,
2843 1706 3047 1778 μικροῦ
3089 1706 3231 1773 οῖ,τε
3259 1705 3603 1760 Ναυατιανοὶ
3629 1705 3718 1759 καὶ
3735 1705 3779 1756 οί

2140 1776 2180 1830 Β
2208 1798 2308 1866 τῆς
2360 1798 2593 1852 καθόλου
2639 1776 2974 1869 Ἐκκλησίας
3001 1798 3082 1867 τῷ
3126 1798 3405 1870 όμοουσίῳ
3454 1796 3781 1869 ποιχοῦντες

2211 1890 2526 1963 ήνώθησαν,
2560 1891 2685 1963 ίσην
2714 1892 2874 1959 δόξαν
2905 1892 3144 1962 ἔχοντες,
3176 1893 3375 1962 ἐπίσης
3402 1907 3464 1945 τε
3500 1889 3782 1959 ἐλαυνόμε-

2209 2001 2291 2039 νοι
2318 1998 2332 2013 °
2355 1987 2453 2040 καὶ
2486 1984 2622 2056 πρὸς
2653 1984 2925 2055 ἀλλήλους
2955 1985 3302 2049 ἐσπένδοντο,
3344 1984 3479 2054 συνὴ
3489 1985 3680 2053 ρχοντό
3729 1996 3782 2032 τε

2209 2077 2309 2130 καὶ
2350 2077 2518 2147 εὐχῆς
2546 2080 2644 2131 καὶ
2681 2078 2794 2133 τῶν
2842 2077 3049 2131 λοιπῶν
3079 2076 3428 2130 ἐκοινώνουν.
3471 2074 3659 2136 Οὐδεὶς
3685 2073 3783 2140 γὰρ

2210 2165 2360 2234 οἶκος
2396 2172 2509 2233 τοῖς
2555 2168 2668 2223 ἇπδ
2716 2172 2821 2240 τῆς
2846 2170 3082 2225 καθόλου
3132 2167 3471 2238 Ἐκκλησίας
3523 2167 3781 2229 ἐλείπετο,

2209 2266 2323 2328 τοῖς
2363 2265 2665 2334 ’Δρειανοῖς
2689 2264 2906 2319 πάντων
2935 2262 3343 2334 κατεχομένων.
3377 2260 3472 2332 Τῷ
3496 2259 3555 2314 δὲ
3583 2259 3784 2329 συνεχεῖ

2210 2359 2310 2430 τῆς
2353 2358 2578 2429 ὁμιλίας
2614 2359 2712 2411 καὶ
2736 2357 2814 2428 τῷ
2844 2357 2940 2412 τοῦ
2972 2358 3184 2421 πάθους
3234 2353 3425 2427 ταυτῷ
3460 2354 3616 2409 κενὸν
3652 2348 3782 2406 εἶναι

2210 2451 2454 2521 οἰόμενοι
2485 2450 2734 2521 ἀλλήλων
2762 2450 3097 2517 διίστασθαι,
3131 2449 3265 2520 πρὸς
3289 2449 3353 2503 τὸ
3388 2447 3670 2503 κοινωνεῖν
3697 2442 3786 2497 ἀλ·

2211 2543 2397 2615 λήλοις
2427 2539 2590 2614 ἦσαν.
2628 2543 2740 2598 Καί
2784 2559 2851 2612 γε
2892 2543 2961 2598 ἂν
3010 2543 3354 2616 ἐπεραίνετο,
3394 2543 3446 2597 εί
3493 2541 3569 2612 μὴ
3599 2539 3660 2594 τὸ
3697 2535 3780 2589 τοῦ

2214 2638 2460 2709 πλήθους
2489 2638 2774 2709 πρόθυμον
2799 2638 2978 2709 βραχύ
3007 2655 3062 2691 τι
3094 2636 3404 2708 βασκανίας
3434 2634 3674 2708 ἐμπεσὸν
3699 2634 3783 2686 ἐπ-

2212 2732 2364 2801 έσχε,
2394 2731 2458 2785 τὸ
2487 2733 2553 2785 ἐκ
2590 2730 2825 2785 παλαιοῦ
2859 2730 2981 2794 ιθος
3014 2731 3215 2803 χρῆναι
3249 2731 3345 2785 καὶ
3389 2728 3548 2792 αὖθις
3578 2725 3781 2798 κρατεῖν

2214 2818 2426 2872 πολλῶν
2450 2818 2746 2887 λεγόντων,
2796 2819 2890 2873 καὶ
2928 2818 3026 2889 τὴν
3054 2819 3131 2892 μὴ
3162 2818 3355 2889 ἐντελῆ
3391 2816 3676 2873 κοινωνίαν
3699 2815 3781 2868 ἐκ·

2211 2910 2535 2983 τρέπεσθαι.
2578 2911 2662 2965 Τὰ
2689 2911 2779 2965 ῐσα
2808 2912 2866 2966 δὲ
2893 2913 2989 2966 καὶ
3031 2911 3312 2976 Ἐλεύσιος
3345 2911 3452 2966 ἀνὰ
3496 2912 3597 2980 τὴν
3631 2908 3781 2971 Κύζι-

2214 3022 2312 3060 κον
2341 3008 2455 3069 τοῖς
2479 3005 2849 3068 Ναυατιανοῖς
2876 3005 3074 3061 ἐποίει.
3103 3004 3219 3075 Τὴν
3254 3004 3366 3075 γὰρ
3396 3005 3576 3058 ἐκεῖσε
3605 2999 3782 3066 ἐκκλη-

524 3112 584 3157 et
619 3116 802 3156 rerum
825 3102 1176 3157 adversarum
1199 3102 1598 3173 aequabilitate,
1623 3101 1826 3158 frustra
1859 3101 1936 3156 illi
1962 3115 2106 3167 esse,

2215 3100 2336 3153 σίαν
2360 3098 2539 3153 αὐτῶν
2567 3100 2743 3169 ἄρδην
2768 3098 3043 3154 καθεῖλεν.
3100 3098 3430 3171 Ἐπίσηςοδέ
3462 3100 3555 3151 καὶ
3583 3097 3631 3151 οἱ
3655 3093 3779 3149 κατά

527 3195 573 3250 si
615 3195 761 3250 inter
795 3209 854 3250 se
882 3195 1236 3263 dissiderent,
1269 3197 1712 3263 exsistimantes,
1756 3196 1824 3252 ad
1858 3207 2107 3253 mutuam

527 3289 980 3343 communionem
1038 3298 1194 3344 erant
1260 3293 1545 3359 propensi.
1605 3289 1672 3344 Et
1727 3289 1971 3361 perfecta
2020 3307 2110 3348 res

528 3381 741 3446 fuisset,
767 3380 871 3437 nisi
905 3382 1277 3439 multitudinis
1296 3384 1635 3441 alacritatem
1664 3399 1828 3454 parva
1852 3387 2109 3455 quaedam

382 3524 391 3533 ,
502 3472 736 3526 invidia
779 3473 1127 3529 intercedens
1171 3474 1571 3543 impedivisset,
1654 3475 1843 3531 multis
1898 3492 2109 3533 morem

529 3579 749 3619 rursum
782 3573 1058 3620 vetustum
1114 3566 1496 3630 retinendum,
1537 3573 1704 3636 atque
1757 3569 2110 3622 communio-

527 3673 655 3713 nem
679 3657 1058 3727 imperfectam
1075 3658 1436 3714 aversandam
1453 3674 1573 3715 esse
1595 3659 1928 3715 dicentibus.
1947 3662 2110 3733 783

531 3748 753 3803 Eisdem
813 3765 979 3819 porro
1028 3751 1209 3805 modis
1259 3748 1446 3821 Cyzici
1477 3750 1736 3806 Eleusius
1780 3751 2112 3809 Novatianos

531 3840 807 3912 ailligebat
832 3859 847 3896 :
873 3843 1139 3912 templum
1176 3842 1325 3897 enim
1352 3856 1545 3897 eorum
1574 3842 1648 3897 ibi
1679 3858 1903 3913 prorsus
1927 3855 2112 3900 sustu-

531 3934 615 3990 lit.
642 3934 792 3990 Idem
826 3936 922 4006 qui
956 3935 1216 3990 Manlinei
1254 3935 1601 3997 habitabant.
1648 3945 1706 3990 et
1747 3936 1840 3993 alii
1894 3953 2113 4008 quoque

531 4029 587 4084 in
616 4027 982 4100 Paphlagonia
1009 4028 1298 4084 Novatiani
1335 4026 1712 4098 patiebantur.
1738 4028 1887 4094 Quos
1911 4030 2114 4103 ejicere

530 4121 908 4177 Macedoniani
939 4136 1066 4177 cum
1092 4136 1205 4174 non
1248 4129 1510 4190 possent,
1556 4122 1906 4191 imperatoris
1951 4140 2113 4195 opem

2211 3191 2273 3246 τὸ
2301 3192 2630 3246 Μαντίνειον
2673 3190 2955 3255 οἰκοῦντες
3004 3191 3264 3262 ἔπασχον,
3309 3194 3409 3246 καὶ¹
3436 3191 3588 3247 ἄλλοι
3615 3188 3781 3242 Ναυα-

2211 3284 2387 3339 τιανοὶ
2409 3284 2765 3354 Παφλαγόνες
2785 3300 2800 3317 ·
2823 3282 2918 3349 οὒς
2953 3283 3268 3350 ἐξελαύνειν
3301 3285 3379 3356 μὴ
3422 3280 3525 3340 οἷοί
3556 3302 3611 3336 τε
3644 3283 3778 3341 ὄντες

2212 3379 2262 3432 οῑ
2289 3377 2391 3447 τῆς
2412 3376 2716 3448 ἐκκλησίας
2741 3376 3104 3443 Μακεδονίου,
3139 3379 3352 3433 ἐδέοντο
3378 3377 3647 3448 βασιλέως
3671 3391 3782 3426 συν-

2215 3470 2489 3541 αίρεσθαι.
2540 3470 2602 3524 Ὅ
2638 3470 2696 3524 δὲ
2735 3470 3215 3541 τετρακισχιλίους
3244 3471 3504 3542 ξιφήρεις
3538 3466 3781 3540 στρατιώ-

2213 3581 2314 3627 τας
2348 3563 2588 3632 πέμπων
2607 3602 2623 3630 ,
2653 3563 2730 3635 τῷ
2756 3563 2918 3636 ἀήθει
2970 3565 3080 3618 τῶν
3111 3566 3296 3619 ὃπλων
3326 3564 3470 3636 ᾤετο
3499 3565 3600 3618 ὑπ’)
3640 3563 3782 3630 χεῖρα

2217 3658 2388 3726 σχεῖν.
2420 3656 2494 3709 Τὸ
2524 3656 2583 3709 δὲ
2613 3656 2793 3721 ἄλλως
2823 3656 3116 3712 ἀπέϐαινε.
3139 3658 3219 3712 Τὰ
3250 3660 3357 3726 γὰρ
3381 3659 3565 3712 ἐκεῖσε
3599 3650 3777 3722 πλήθη,

2213 3749 2460 3819 δρέπανα
2483 3750 2581 3804 καὶ
2600 3750 2847 3821 κορύνας
2873 3751 2968 3806 καὶ
2986 3751 3114 3807 ἄλλο
3144 3752 3199 3804 el’
3226 3769 3279 3805 τι
3301 3750 3496 3822 ἔτυχεν
3525 3746 3784 3818 ἁρπάσαν-

2212 3859 2327 3908 τες,
2380 3842 2613 3907 ἕκαστος
2662 3840 3042 3912 συμϐάλλουσι
3099 3847 3215 3908 τοῖς
3261 3844 3649 3914 στρατιώταις.
3686 3836 3781 3891 Καὶ

2218 3937 2400 4008 μάχης
2446 3935 2801 4008 ἑκατέρωθεν
2860 3936 3262 4010 συρῤαγείσης,
3329 3937 3520 3990 πολλοὶ
3567 3934 3662 4007 μὲν
3699 3929 3782 3984 καὶ

2215 4027 2323 4080 τῶν
2359 4026 2761 4097 Παφλαγόνων,
2792 4026 2906 4082 τῶν
2942 4030 3000 4082 δέ
3055 4028 3414 4100 στρατιωτῶν
3465 4028 3643 4099 σχεδὸν
3682 4022 3779 4076 ὅλοι

2217 4120 2502 4172 πίπτουσι.
2558 4118 2871 4173 Κὰντεῦθεν
2918 4120 3024 4173 ὑπὸ
3088 4121 3306 4191 μέμψιν
3341 4116 3415 4193 ἦν
3471 4117 3779 4175 Μακεδόνως

533 4209 922 4280 imploraruut,
944 4211 1041 4280 qui
1089 4209 1173 4265 eis
1205 4218 1442 4280 quatuor
1470 4209 1639 4265 millia
1669 4221 2000 4267 armatorum
2033 4213 2106 4284 (5)

2216 4210 2329 4272 τοῖς
2370 4210 2584 4274 πολλοῖς
2626 4212 2736 4267 τῶν
2770 4212 3122 4284 ἐπιτηδείων.
3146 4272 3153 4278 _
3173 4214 3410 4286 Ἀφῄρει
3439 4214 3494 4268 δὲ
3522 4214 3615 4266 καὶ
3643 4209 3780 4279 βασι·

530 4301 762 4359 Iittribui
805 4302 993 4371 jussit,
1051 4303 1169 4375 fore
1199 4309 1388 4367 ratus,
1427 4310 1487 4355 ut
1534 4302 1610 4355 illi
1669 4303 1894 4360 insolito
1928 4321 2106 4360 armo-

2217 4300 2342 4360 λεὺς
2374 4303 2433 4355 τὸ
2460 4302 2561 4373 τῆς
2610 4303 2827 4368 εὐνοίας
2860 4305 3084 4374 θερμὸν,
3116 4305 3212 4358 καὶ⁵
3246 4307 3315 4359 τα
3346 4305 3486 4377 πρὸς
3512 4301 3667 4357 αὐτὸν
3690 4298 3779 4350 οὐκ

529 4410 654 4449 rum
693 4403 841 4448 metu
905 4394 1168 4449 cederent
1194 4401 1362 4463 atque
1388 4394 1746 4451 vincerentur
1773 4397 1872 4469 (ιι).
1909 4397 2106 4452 Verum

2219 4381 2555 4465 ὲρῤωμένώς
2581 4394 2838 4460 διέκειτο,
2871 4397 2969 4451 ἆτε
3009 4396 3074 4467 δὴ
3105 4396 3380 4452 τοσούτων
3425 4398 3600 4467 φόνων
3626 4391 3779 4445 αἴτιον

535 4499 624 4540 res
651 4486 812 4541 aliter
836 4484 1058 4541 cecidit.
1091 4483 1336 4555 Populus
1387 4487 1532 4540 enim
1588 4467 1825 4543 falcibus
1853 4496 1909 4544 et
1942 4489 2106 4544 clavis

2218 4487 2504 4555 γεγονότα.
2559 4489 2786 4559 Συμόἂν
2854 4489 2912 4543 δὲ
2952 4489 3236 4544 καὶτοῦτο
3297 4492 3520 4561 μεέζονα
3554 4487 3646 4558 τὴν
3676 4477 3778 4533 κατ’

531 4585 589 4630 et
617 4578 926 4640 securibus,
957 4575 1190 4646 aliisque
1218 4576 1409 4640 arntis,
1448 4587 1507 4631 ut
1541 4593 1663 4632 sors
1711 4578 1946 4643 ferebat,
1980 4594 2106 4635 cor-

2218 4578 2385 4633 αὺτοῦ
2421 4579 2720 4650 ἀπέχθειαν
2751 4582 2945 4654 ἤγειρε
2976 4583 3231 4654 βασιλεῖ·
3282 4584 3379 4637 τοῦ
3411 4586 3518 4653 γὰρ
3559 4580 3700 4634 οῐκου
3728 4577 3776 4624 ἐν

533 4670 723 4738 ruptis,
754 4684 878 4724 cum
904 4670 1129 4723 militari
1160 4685 1325 4723 manu
1352 4685 1455 4739 pro
1486 4685 1543 4726 se
1566 4673 1802 4741 quisque
1834 4674 2106 4744 congressi

2215 4662 2261 4734 ᾧ
2291 4672 2323 4740 ἡ
2356 4670 2561 4740 λάρναξ
2584 4671 2681 4725 καὶ⁵
2710 4674 2769 4726 τὸ
2788 4673 2952 4744 σῶμα
2986 4673 3165 4728 ἔκειτο
3191 4674 3621 4736 Κωνσταντίνου,
3653 4663 3778 4719 πτῶ“

534 4770 685 4814 sunt.
712 4759 781 4812 Et
816 4758 1003 4828 prm‘lio
1045 4760 1303 4829 utrinque
1334 4762 1649 4824 commisso,
1688 4761 1845 4815 multi
1890 4762 2106 4831 quidem

2220 4780 2306 4815 σιν
2324 4761 2701 4830 ἀπειλοῦντος,
2733 4767 2831 4821 καὶ
2858 4767 3014 4832 δέους
3041 4770 3141 4821 οὐκ
3163 4768 3449 4838 ἐλαχίστου
3482 4767 3584 4826 τοῖς
3617 4760 3775 4814 ἐκεῖσε

535 4850 701 4905 etiam
732 4865 798 4904 ex
826 4849 1287 4920 Paphlagonibus,
1318 4849 1520 4906 milites
1545 4863 1727 4907 autem
1771 4849 1887 4907 fere
1919 4866 2106 4908 omnes

2219 4854 2282 4924 δὴ
2309 4871 2383 4908 πα
2396 4857 2743 4928 ρεδρεύουσιν
2776 4860 3168 4929 ἐπηρτημένου
3192 4902 3207 4926 ,
3244 4859 3580 4918 Μακεδόνιος
3610 4852 3673 4905 τὰ
3695 4845 3776 4901 τ’ιῦ

535 4942 917 4996 conciderunt.
971 4940 1337 5008 Quamobrem
1396 4958 1428 4997 a
1482 4943 1676 4999 multis
1707 4983 1724 5008 ,
1782 4946 2106 5000 necessariis

2224 4944 2490 5014 βασιλέως
2539 4949 2674 5003 όστᾶ
2726 4949 2962 5021 ἀλλαχοῦ
2994 4952 3334 5023 μεταφέρειν
3370 4943 3682 5008 ἐσπούδαζε.
3714 4938 3775 4991 Τὸ

536 5036 703 5088 etiam
739 5034 876 5101 suis,
909 5033 1264 5092 Macedonius
1292 5046 1381 5092 est
1420 5038 1810 5107 reprehensus.
1838 5039 2106 5094 Alienavit

2220 5036 2277 5089 δὲ
2299 5036 2527 5115 πλῆθος,
2561 5040 2850 5110 μαθόντες,
2883 5043 3277 5108 στασιάζοντες
3305 5039 3466 5115 ἦσαν,
3501 5040 3573 5112 μὴ
3601 5035 3773 5107 κρῆναι

537 5139 761 5194 quoque
821 5126 890 5180 ab
918 5140 988 5181 eo
1027 5125 1428 5181 benevolentiae
1475 5127 1733 5183 ardorem
1794 5129 2106 5198 imperator.

2222 5127 2470 5197 λέγοντες
2526 5131 2753 5202 βασιλέα
2793 5135 2968 5205 μέγαν
2997 5135 3141 5189 οὖτω
3172 5136 3560 5207 μετακομίζειν
3581 5148 3593 5162 ·
3626 5124 3772 5196 μηδὲν

538 5231 718 5287 neque
755 5218 895 5274 adeo
917 5219 1056 5273 bene
1083 5220 1315 5289 posthac
1340 5235 1470 5290 erga
1497 5236 1623 5275 eum
1658 5221 1937 5276 animatus
1973 5221 2077 5276 fuit
2105 5241 2106 5270 :

2223 5223 2333 5289 γὰρ
2364 5209 2643 5293 διαφέρειν
2674 5226 2767 5279 τοῦ
2800 5226 3148 5297 ἀνορύττειν.
3186 5222 3281 5291 Οἷς
3307 5227 3372 5299 δὴ
3401 5226 3625 5298 μάλιστα
3655 5214 3775 5281 659--
3806 5298 3809 5301 Δ

612 5417 693 5486 (l)
726 5415 984 5473 Socrates
1026 5418 1185 5475 Ficos
1216 5421 1572 5476 tredecimam
1618 5423 1776 5478 urbis
1804 5421 2125 5479 Constanti-

612 5489 877 5545 .pnlitanze
913 5491 1191 5545 regionem
1226 5507 1349 5545 esse
1376 5493 1594 5545 scribit.

657 5503 877 5541 tlltttilim
913 5504 1191 5541 realonem
1226 5507 1349 5541 esse
1376 5503 1594 5541 scrlhll.
2233 5503 2455 5541 Βυᾙιηι-
2492 5503 2907 5541 Tﬁtnnhlannn}.
2942 5504 3288 5541 nrnnvuﬁen‘
3341 5503 3434 5541 gn;

541 5495 877 5556 nopolitanze
913 5495 1191 5559 regionem
1226 5507 1349 5547 esse
1376 5495 1594 5547 scribit.

617 5560 691 5641 (:ll
735 5559 1160 5641 ‘Avdstastc_et
1198 5564 1506 5641 αναστασία
1538 5562 1876 5641 vastitatem,
1920 5574 1977 5620 et
2027 5580 2106 5634 pel

2233 5495 2457 5551 Sozom.
2492 5495 2907 5573 Τετραριθμουῖς
2942 5495 3307 5575 στρατιώτας,
3341 5495 3493 5559 Suid.

2270 5567 2385 5641 _(4)
2431 5567 2489 5641 lu
2537 5584 2600 5625 ea
2652 5577 3036 5641 persecutione
3086 5573 3377 5629 Novatiani
3428 5564 3772 5641 ρθριιιθεοηεὲ

545 5622 877 5711 contrarian:
946 5622 1399 5711 signiﬁcationem
1464 5622 1878 5687 restitutionem
1956 5622 2123 5704 atque
2230 5622 2449 5711 vint'vi
2504 5622 3772 5711 repetiéniés'finiiium'malc

548 5699 1321 5776 resurrectionemdesignat:
1347 5702 1399 5755 in
1433 5711 1723 5776 utramque
1752 5720 1881 5759 sane
1912 5699 2122 5776 partem
2231 5708 2534 5776 aecipiunt.

547 5770 749 5839 templo
780 5770 829 5824 ei
856 5770 1152 5841 appellatio
1186 5783 1288 5828 ista
1318 5771 1597 5827 convenit.

2303 5422 2379 5494 (δ)
2414 5428 2705 5505 Τέεσαρας
2724 5431 3030 5505 ἓᾲριθμούς,
3060 5432 3219 5505 Socr.
3241 5433 3492 5505 Τέσσαρα
3521 5423 3770 5491 τάγματα,
