4054 6484
486 457 490 462 .
545 397 649 459 395

1777 395 2212 457 ΝίΟΕΡΗΟΜ
2242 396 2589 457 (εΑιιιετί
2627 374 2631 379 ’
3673 394 3757 456 396

549 510 945 582 inquirendum
996 524 1120 567 esse
1152 516 1536 565 censuerunt:
1590 518 1757 578 atque
1812 509 1865 563 id
1908 519 2115 580 proptei

2238 508 2328 560 τὸν
2369 506 2702 572 Σεϐαστείας
2734 503 2980 576 προῆγον
3001 545 3015 568 ,
3080 504 3173 558 καὶ
3218 502 3425 567 ἄλλους.
3459 504 3699 576 Πρόφασιν
3725 508 3762 562 δ’

548 605 816 687 (ἴχτίιιιιηι
850 601 1409 673 llierosolymitanum
1433 640 1447 664 ,
1485 610 1540 655 et
1580 598 1937 655 Eustathiqu
1966 599 2136 655 Seba-

551 697 837 763 suenscm,
878 704 1042 765 atque
1088 694 1225 749 alios
1280 693 1649 762 protulerunt.
1688 691 1853 765 785
1894 691 1995 748 Cui
2056 691 2134 747 rei

548 803 771 843 causam
824 787 988 843 etiam
1036 784 1389 855 imperatoris
1434 783 1670 847 litterae,
1717 799 1866 838 nunc
1914 782 1982 837 de
2028 781 2135 837 ﬁde

547 882 811 953 primum,
863 892 1012 932 nunc
1077 879 1146 932 de
1199 876 1452 931 moribus
1501 875 1790 945 inquirere
1847 874 2131 945 jubentes,

549 976 855 1045 prtebuere.
882 971 1121 1027 fh-oiude
1162 972 1215 1023 iu
1247 971 1542 1024 verborum
1568 968 1980 1024 contentionem
2036 968 2134 1021 de-

543 1067 704 1136 lap.~i,
756 1065 914 1120 alteri
965 1064 1174 1119 alteros
1224 1062 1366 1117 male
1423 1076 1740 1132 accepere:
1798 1070 1856 1116 et
1913 1059 2134 1114 rixandi

543 1161 728 1214 studio
782 1160 837 1213 in
885 1159 1023 1212 duas
1056 1156 1363 1212 discessere
1414 1165 1647 1225 partes:
1693 1168 1928 1225 quarum
1973 1154 2131 1209 alteri

541 1251 781 1307 Aeacius
808 1249 1168 1306 Caesariensis
1196 1248 1394 1318 pratiit,
1423 1259 1478 1303 et
1496 1247 1770 1318 Georgius
1798 1247 2130 1303 Alexandri-

539 1361 665 1408 nus,
696 1354 751 1399 et
780 1344 1023 1401 Uranius
1055 1341 1274 1413 Tyrius,
1306 1350 1362 1395 et
1391 1341 1683 1395 Eudoxius
1719 1339 2126 1408 Autioehenus,

537 1440 808 1494 habentes
835 1451 1024 1493 secum
1055 1436 1194 1492 alios
1222 1436 1448 1506 triginta
1479 1444 1534 1489 et
1560 1434 1738 1489 duos:
1764 1433 1919 1488 alteri
1940 1443 2124 1489 autem

533 1530 808 1602 Georgius
841 1529 1126 1584 Laodiceae
1153 1529 1209 1583 iu
1242 1526 1423 1600 Syria,
1460 1526 1807 1597 Sophronius
1837 1526 2129 1595 Pompeio-

536 1624 678 1694 polis
709 1622 764 1677 in
791 1622 1183 1692 Paphlagonia,
1208 1631 1264 1677 et
1287 1620 1541 1676 Eleusius
1578 1619 1762 1692 Cyzici
1802 1622 2124 1691 episcopus,

535 1731 676 1784 quos
710 1715 954 1785 reliquus
990 1714 1184 1786 synodi
1221 1722 1400 1769 castus
1444 1724 1671 1777 secutus
1703 1722 1811 1768 est.
1851 1714 1998 1769 Vicit
2047 1724 2129 1769 ta-

536 1822 663 1863 men
693 1822 884 1861 eorum
923 1805 1219 1869 sententia,
1259 1804 1352 1876 qui
1409 1804 1648 1875 primum
1694 1805 1762 1860 de
1796 1804 1900 1860 ﬁde
1928 1802 2125 1876 dispu-

2242 601 2418 656 ἐδέδου
2452 603 2637 665 αὐτοῖς
2669 599 2768 670 τάξ
2796 598 3065 670 βασιλέως
3093 598 3396 669 γράμματα
3416 639 3430 664 ,
3459 599 3544 651 νῦν
3570 600 3654 670 μὲν
3684 605 3765 670 τὴν

2241 695 2427 747 πίστιν
2466 695 2755 765 πρότερον,
2788 694 2883 746 νῦν
2928 692 2986 745 δέ
3013 693 3142 755 τοὺς
3179 691 3328 762 βίους
3364 691 3615 756 ἐξετάζειν
3642 696 3764 760 ἐγκε-

2239 787 2534 856 λευόμενα.
2571 785 2885 840 Κάντεῦθεν
2920 787 2999 848 εἰς
3038 785 3225 856 ἔριδας
3260 785 3431 852 λόγων
3465 786 3634 851 ἰόντες,
3657 788 3765 857 πρὸς

2238 880 2505 953 ἀλλήλους
2549 880 2738 943 κακῶς
2773 875 2946 949 εἶχον,
2974 878 3071 932 καί
3118 880 3183 931 ἐκ
3226 880 3549 948 φιλονεικίας
3590 883 3659 942 εἰς
3697 880 3768 932 δύ(

2242 973 2381 1044 μέρη
2416 971 2706 1043 διῄρηντο·
2738 964 2823 1026 ὧν
2843 970 2937 1025 τοῦ
2990 973 3090 1040 μὲν
3145 973 3262 1035 ἐνὸς
3306 973 3548 1034 Ἀκὰκιος
3599 974 3770 1042 ἠγεῖτο,

2237 1063 2333 1132 τῆς
2371 1065 2427 1115 ἐν
2457 1063 2795 1133 Παλαιστίνῃ
2828 1063 3172 1131 Καισαρείας
3206 1064 3521 1126 ἐπίσκοπος,
3544 1064 3772 1133 Γεώρείιο,

2236 1156 2667 1228 Ἀλεξανδρείας,
2695 1155 2876 1222 Τύρου
2895 1156 3185 1224 Ούράνιος,
3205 1156 3445 1220 Εὑδόξιος
3464 1157 3773 1225 Ἀντιοχείας,

2235 1246 2454 1317 ἔχοντες
2494 1246 2615 1317 μεθ’
2645 1248 2858 1300 ἑαυτῶν
2890 1246 2985 1300 καὶ
3015 1246 3210 1309 ἄλλους
3237 1247 3332 1301 δύο
3361 1248 3497 1317 πρὸς
3528 1251 3632 1308 τοῖς
3646 1249 3761 1316 τριά
3786 1288 3792 1300 .

2238 1357 2403 1394 κοντα
2426 1355 2440 1371 ·
2478 1338 2717 1410 θατὲρας
2744 1339 2801 1392 δέ
2841 1338 3062 1410 μερίδος
3089 1339 3290 1411 ἐξῆρχε
3323 1341 3587 1411 Γεώργιος
3619 1341 3769 1395 Λαοδι-

2234 1434 2388 1498 κείας
2408 1436 2506 1505 τῆς
2528 1434 2753 1505 Συρίας,
2777 1434 3090 1504 Σωφρόνιος
3117 1416 3614 1506 Πομπηῖουπόλεως
3635 1435 3719 1502 τῆς
3737 1437 3781 1486 ἐν
3883 1484 3895 1497 ,

2235 1526 2617 1597 Παφλαγονίᾳ,
2671 1528 2769 1580 καὶ
2802 1525 3084 1591 Ἐλεύσιος
3114 1528 3142 1580 ὁ
3196 1528 3469 1592 Κυζίκοιν
3523 1523 3600 1590 οἷς
3628 1529 3713 1580 καὶ
3737 1527 3780 1577 τὲ
3878 1528 3895 1551 ⁴

2231 1617 2420 1671 λοιπὸν
2451 1616 2641 1671 εἵπετο
2662 1617 2764 1687 τῆς
2793 1618 3018 1671 συνόδου
3050 1619 3354 1690 πλήρωμα.
3393 1621 3634 1691 Ἐκράτει
3656 1616 3785 1672 δὀὖν

2232 1712 2383 1781 ὅμως
2413 1709 2474 1764 τὸ
2505 1711 2637 1780 περὶ
2665 1711 2908 1776 πίστεως
2940 1709 3224 1776 ἐξετάζειν
3252 1713 3538 1785 πρότερον.
3582 1712 3721 1764 Ἐπεὶ
3742 1711 3784 1764 δὲ

2231 1802 2313 1865 εἰς
2337 1799 2499 1854 τοῦτο
2526 1801 2903 1870 κατέστησαν,
2962 1804 3076 1865 τοῖς
3108 1803 3209 1873 μὲν
3246 1806 3375 1874 περὶ
3400 1802 3653 1857 Ἀκάκιον
3682 1802 3788 1855 ἀθε-

534 1898 766 1954 tandum
804 1905 1164 1954 censuerunt.
1199 1896 1319 1951 Huc
1340 1896 1436 1951 ubi
1471 1905 1721 1962 ventum,
1747 1896 1983 1952 Aeacius
2005 1896 2115 1952 for-

2229 1878 2437 1946 τεϊσθᾶι
2469 1892 2581 1946 δεῖν
2614 1892 2793 1947 ἐδόκει
2825 1894 2928 1965 τὴν
2955 1895 3010 1949 ἐν
3056 1896 3265 1966 Νικαίᾳ
3301 1898 3539 1961 πίστεως
3564 1895 3787 1949 ἔκθεσιν

535 1991 737 2045 mulam
772 1989 896 2044 fidei
925 1989 1119 2044 Niemae
1155 1986 1362 2042 editam
1396 1988 1771 2059 abrogandam
1800 2028 1815 2054 ,
1851 1990 2126 2059 aliamque

532 2100 732 2139 novam
766 2080 1223 2153 promulgandam
1265 2095 1389 2137 esse
1428 2081 1675 2137 censuit.
1702 2081 1890 2138 Altera
1937 2091 2123 2138 autem

530 2180 720 2245 factio,
759 2194 881 2249 qua:
914 2177 1080 2233 etiam
1113 2190 1347 2231 numero
1374 2176 1632 2246 superior
1661 2187 1803 2241 erat,
1841 2176 2122 2232 Niczenam

531 2270 825 2325 formulam
862 2266 1338 2338 cotnplectendam
1390 2267 1974 2339 somprobaudamque
2004 2284 2125 2324 esse

530 2363 689 2429 dixit,
708 2369 766 2415 ut
782 2359 943 2415 modo
962 2375 1128 2415 unum
1153 2359 1247 2412 τοῦ
1265 2361 1433 2430 όμοου
1444 2361 1559 2413 σίου
1581 2360 2123 2432 (consubstantialis)

532 2458 761 2511 verbum
799 2454 1179 2509 induceretur.
1230 2453 1531 2508 Contentio
1577 2451 1695 2508 haec
1735 2457 1800 2507 ad
1832 2469 2120 2524 vesperam

533 2562 708 2616 usque
735 2555 978 2600 extracta
1015 2553 1099 2600 est
1124 2583 1140 2609 ,
1168 2544 1347 2600 donec
1381 2543 1672 2616 Sylvanus.
1696 2541 1986 2600 Tarsensis
2015 2545 2122 2600 Ee-

528 2641 713 2696 clesie
744 2639 992 2704 antistes,
1028 2652 1163 2693 voce
1194 2652 1392 2708 magna
1415 2676 1432 2704 ,
1456 2652 1566 2691 non
1599 2651 1741 2706 opus
1761 2651 1907 2704 esse,
1938 2637 2124 2692 excla-

528 2735 723 2797 mavit,
748 2731 909 2786 aliam
943 2730 1067 2785 ﬁdei
1103 2729 1432 2800 scripturam
1463 2743 1838 2799 camponere:
1870 2729 2123 2787 suﬁicere

520 2826 674 2882 enim
700 2841 822 2897 quze
862 2823 1169 2880 Antiochiae
1220 2823 1376 2894 prius
1424 2834 1685 2878 accurate
1735 2832 1789 2880 et
1841 2824 2122 2880 subtiliter

526 2919 731 2974 dictata
764 2927 949 2974 esset:
976 2931 1098 2972 eam
1139 2914 1317 2985 ipsam
1348 2915 1697 2971 retinendam
1725 2932 1869 2974 esse.
1905 2917 2119 2986 Quibus

526 3012 708 3068 verbis
738 3020 1051 3067 commotus
1083 3010 1344 3076 Aeacius,
1385 3026 1515 3067 cum
1567 3012 1826 3068 factionis
1853 3028 1968 3069 sua:
2022 3029 2119 3086 po-

527 3106 816 3175 pularibus
850 3121 917 3159 ex
940 3113 1216 3161 eonrentu
1253 3105 1410 3170 abiit.
1458 3104 1562 3173 Qui
1603 3122 1735 3162 vero
1785 3107 1859 3164 ibi
1902 3125 2118 3166 reman-

524 3212 670 3265 sere,
699 3197 1098 3252 Antiochenam
1128 3194 1256 3251 ﬁdei
1290 3196 1690 3267 professionem
1738 3209 1855 3255 tum
1894 3203 1947 3257 in
1976 3218 2113 3258 con-

2228 1984 2396 2056 ἄλλην
2411 1984 2467 2039 δέ
2489 2002 2613 2039 τινα
2630 1987 2956 2058 καινοτέραν
2971 1978 3337 2058 ύπαγὸρεύειν
3360 1990 3463 2041 ύπε
3472 2006 3534 2058 σῃ
3543 1988 3790 2059 μαίνοντοο

2227 2079 2277 2132 οἱ
2323 2079 2379 2133 δέ
2411 2079 2511 2151 τῆς
2558 2080 2753 2152 ἐτέρας
2787 2080 3093 2151 φάλαγγος,
3125 2082 3176 2134 οἵ
3226 2081 3292 2153 δὴ
3326 2083 3421 2136 καὶ
3471 2081 3549 2153 τῷ
3593 2079 3791 2153 ἀριθμῷ

2227 2172 2580 2237 ἐπλεόναζον,
2614 2172 2836 2243 ἐκείνην
2871 2172 2970 2244 μὲν
3005 2175 3190 2227 πᾶσαν
3226 2175 3482 2245 στέργειν
3507 2177 3600 2227 καὶ
3625 2174 3793 2227 ἀσπιδη-

2225 2265 2324 2336 χῆ;
2362 2264 2550 2333 ἀξιοῦν
2579 2265 2769 2334 ελεγον
2795 2280 2813 2298 ⁸
2844 2266 3014 2336 μόνην
3049 2266 3106 2319 δὲ
3135 2265 3238 2339 τὴν
3261 2267 3358 2320 τοῦ
3390 2267 3678 2337 όμοουςίου
3704 2267 3794 2319 ἀτ-

2226 2358 2471 2411 εσείοντο
2502 2357 2670 2422 λέξιν.
2705 2358 2815 2411 Καὶ
2841 2356 3004 2428 ἄχρις
3033 2358 3273 2430 ἑσπέρας
3295 2362 3328 2429 ἠ
3366 2361 3500 2432 περὶ
3525 2358 3688 2414 ταῦτα
3717 2375 3794 2428 φι-

2224 2450 2468 2503 λονεικία
2499 2450 2723 2522 ἐχώρει,
2750 2450 2856 2512 ἕως
2888 2449 3149 2517 Σιλϐανδς
3178 2454 3275 2523 τῆς
3300 2453 3517 2524 Ταρσοῦ
3535 2451 3790 2524 προεστὼς

2237 2542 2590 2607 Ἐκκλησίας,
2618 2542 2763 2614 μέγα
2797 2544 3152 2616 ἀνακραγὼν,
3193 2545 3268 2616 μὴ
3296 2545 3413 2600 δεῖν
3447 2547 3641 2616 ἑτέραν
3660 2540 3794 2605 αὖθις

2225 2635 2463 2699 πίστεως
2513 2635 2884 2706 ὑπαγορεύειν
2914 2640 3135 2710 γραφὴν
3185 2639 3398 2708 ἔλεγεν.
3446 2639 3659 2710 Ἀρκεῖν
3700 2637 3792 2706 γὰρ

2222 2729 2441 2801 ἐκείνην
2472 2730 2507 2800 ἢ
2545 2730 2602 2784 ἐν
2635 2730 2940 2802 Ἀντιοχείᾳ
2974 2732 3245 2803 πρότερον
3288 2732 3676 2805 διηκρίϐωται,
3712 2730 3796 2783 καὶ

2221 2825 2422 2896 χρῆναι
2448 2824 2932 2896 ταύτῃέμμένειν.
2961 2820 3144 2895 Ἐφ⁹ᾧ
3173 2825 3591 2898 χαλεπήναντες
3619 2823 3794 2893 οἱπερὶ

2233 2917 2513 2995 ’Λκάκιον,
2538 2917 2635 2971 τοῦ
2670 2918 2935 2986 συλλόγου
2972 2919 3292 2990 ἐξῆλθον.οί
3317 2922 3369 2975 δ’
3394 2919 3796 2990 ἐναπολειφθέν-

2219 3025 2314 3073 τες
2374 3008 2496 3063 τότε
2542 3010 2644 3080 μὲν
2683 3011 2784 3081 τὴν
2817 3013 3119 3082 εἰρημένην
3161 3014 3218 3065 ἐν
3256 3013 3569 3087 Ἀντιοχείᾳ
3598 3012 3794 3066 ἔκθεσιν

2217 3101 2295 3171 τῷ
2329 3101 2593 3175 συνεδρίῳ
2619 3103 2959 3171 ἀνέγνωσαν,
2981 3106 3075 3159 καὶ
3104 3108 3131 3160 ὁ
3165 3106 3431 3175 σύλλογος
3453 3107 3719 3162 διελύετο·
3737 3104 3794 3174 τῇ

2218 3191 2265 3246 δ’
2298 3194 2550 3268 ἐπιούσῃ,
2594 3196 2675 3260 είς
2701 3196 2796 3250 τὸν
2826 3198 2926 3268 τῆς
2957 3197 3260 3264 θεσπεσίας
3290 3200 3511 3273 Θέκλης
3555 3198 3796 3259 εἰσιόντες

520 3290 653 3346 cilio
687 3289 909 3346 recitari
953 3289 1264 3360 jusserunt.
1317 3287 1386 3343 Et
1419 3288 1500 3347 sic
1542 3305 1842 3349 consessus
1894 3294 2113 3351 solutus

2220 3285 2359 3340 νεὼν
2381 3327 2396 3352 ,
2424 3267 2520 3341 καλ
2547 3288 2648 3352 τὰς
2684 3288 2854 3361 θύρας
2886 3291 3382 3365 ἀποκλεισάμενοι,
3416 3267 3798 3366 ἐπεψηφῐζοντυ

522 3392 627 3438 est.
680 3382 955 3437 Postridie
999 3392 1187 3438 autem
1238 3385 1504 3454 templum
1560 3384 1700 3440 divae
1752 3385 1977 3443 Thecla:
2029 3389 2115 3444 in-

522 3476 721 3546 gressi,
753 3475 966 3529 foribus
1002 3473 1246 3547 clausis,
1299 3476 1598 3533 sententiis
1629 3480 1745 3533 suis
1790 3495 1915 3549 quae
1968 3481 2112 3536 lecta

518 3570 741 3623 fuerant
758 3565 1208 3637 comprobarunt,
1228 3569 1574 3640 seorsimque
1603 3571 2113 3641 subscriptionibns

516 3661 940 3716 conﬁrmarunt.
967 3658 1202 3726 Quidam
1242 3661 1436 3727 etiam,
1463 3661 1614 3716 vices
1639 3661 1873 3717 aliorum
1908 3664 2116 3719 absen-

521 3751 659 3805 tium
701 3751 991 3814 obeuntes,
1024 3749 1257 3805 lectores
1271 3762 1327 3805 et
1349 3750 1593 3815 diaconi,
1627 3765 1820 3806 eorum
1861 3754 2113 3823 aquibus

522 3843 675 3899 missi
711 3841 931 3897 fuerant
958 3845 1183 3898 nomine
1205 3842 1288 3898 eis
1313 3843 1791 3914 subscripserunt.
1822 3844 1979 3911 Quod
2022 3847 2110 3902 la-

521 3948 674 3993 etum
698 3934 939 3991 Aeacius
959 3934 1318 4005 reprehendit
1336 3955 1348 3990 :
1370 3950 1493 4006 qua:
1515 3936 1741 3991 occulto
1755 3949 2107 4008 gererentur,

487 4068 490 4071 λ
523 4029 709 4087 minus
758 4027 1034 4084 laudanda
1072 4042 1215 4091 esse,
1251 4036 1420 4098 atque
1444 4043 1476 4083 a
1505 4027 1734 4083 sinistra
1788 4031 2109 4100 suspicione

521 4136 629 4175 nou
662 4121 874 4184 abesse,
912 4120 1129 4175 dicens.
1184 4116 1504 4174 Conabatur
1529 4128 1714 4174 autem
1766 4136 1965 4176 novam
2025 4123 2112 4178 in-

516 4205 666 4267 ferre
698 4206 894 4261 ﬁdem:
930 4221 1097 4277 quam
1126 4205 1316 4272 etiam,
1345 4206 1510 4262 sicuti
1545 4207 1645 4277 ipsi
1690 4218 1864 4264 visum
1901 4211 2105 4280 fuerat,

519 4318 548 4355 a
579 4317 638 4356 se
678 4300 1067 4371 compositam,
1104 4300 1361 4369 privatim
1413 4301 1760 4372 principibus
1794 4304 1925 4359 viris
1968 4305 2110 4363 Leo-

521 4410 603 4448 nzr.
628 4402 682 4448 et
702 4392 954 4447 Lauricio
988 4391 1142 4463 legit,
1168 4402 1226 4447 et
1248 4391 1502 4450 obtinere
1534 4396 1770 4460 masime
1792 4400 2102 4455 contendit.

519 4485 644 4542 Haec
669 4485 724 4540 in
751 4484 996 4540 secundo
1032 4500 1333 4557 congressu
1363 4496 1511 4542 acta.
1546 4487 1712 4561 786
1730 4489 1917 4546 Tertio
1938 4507 2103 4562 porro

2216 3380 2283 3433 τὰ
2304 3380 2716 3452 ἀνεγνωσμένα,
2742 3387 2840 3437 καὶ
2868 3385 3102 3456 ἐκύρουν
3123 3387 3248 3441 καθ’
3274 3389 3515 3452 ἑαυτοὺς
3538 3391 3656 3451 ταῖς
3684 3387 3799 3440 ὐπ’]-

2215 3473 2483 3542 γραφαίς.
2518 3473 2630 3526 Καί
2660 3490 2807 3538 τινες
2842 3474 2899 3528 δὲ
2923 3476 3088 3532 τόπον
3117 3477 3323 3551 ἐτέρων
3358 3481 3653 3552 ἐπέχοντες
3682 3482 3799 3535 ἀνα·

2216 3559 2458 3627 γνῶσταὶ
2497 3577 2557 3615 τε
2598 3563 2694 3615 καὶ
2729 3563 2996 3630 διάκονοι,
3033 3566 3174 3638 ὑπὲρ
3204 3569 3315 3623 τῶν
3345 3573 3687 3644 πεμψάντων
3711 3573 3801 3625 ὐπ-

2217 3649 2481 3721 έγραφον.
2500 3651 2758 3731 ’Λεκάκιος
2785 3654 2842 3708 δὲ
2874 3658 2933 3709 ἐν
2953 3656 3159 3726 μέμψει
3188 3659 3247 3712 τὸ
3278 3663 3539 3733 πραχθὲν
3560 3663 3801 3726 ἐποιεῖτο,

2214 3742 2298 3795 Τὰ
2326 3743 2385 3795 ἐν
2408 3742 2736 3817 ἀποκρύφῳ,
2772 3746 2968 3816 λέγων,
3011 3753 3298 3822 γινόμενα,
3339 3757 3541 3827 πόρρω
3578 3757 3676 3826 μέν
3704 3759 3799 3808 εισι

2213 3836 2307 3889 τοῦ
2340 3837 2507 3892 καλοῦ
2535 3855 2551 3872 ο
2595 3845 2775 3912 κακῆς
2802 3842 2848 3895 δ’
2876 3843 3115 3914 ὑποψίας
3148 3845 3301 3899 οὐδὲν
3335 3850 3609 3905 ἐλλείπει.
3640 3849 3803 3902 Σπου-

2211 3929 2391 3996 δάζων
2425 3930 2471 3984 δ’
2500 3933 2698 4005 ἑτέραν
2727 3937 2915 3990 πίστιν
2949 3938 3223 4008 εἰσάγειν,
3260 3940 3352 4015 ἣν,
3383 3942 3463 4007 ὡς
3482 3944 3678 4014 ἐκείνῳ
3704 3943 3801 3995 δεῖν

2212 4023 2413 4089 ἐδόκει,
2448 4028 2542 4080 καὶ
2582 4027 2930 4099 διαθέμενος,
2970 4031 3078 4104 ἰδίᾳ
3106 4036 3220 4099 τοῖς
3246 4034 3524 4106 ἄρχουσιν
3554 4038 3803 4108 ἀνεγίνω-

2213 4135 2333 4185 σκε,
2369 4119 2563 4193 Λεωνᾷ
2610 4139 2671 4175 τε
2704 4123 2801 4176 καὶ
2840 4125 3154 4197 Λαυρικίῳο
3184 4130 3279 4182 καὶ
3332 4136 3571 4201 κρατεῖν
3601 4132 3802 4199 ἐκείνην

2212 4211 2448 4280 μάλιστα
2496 4213 2721 4285 ἡπειγε.
2758 4214 2932 4271 Τοῦτο
2966 4220 3067 4288 μὲν
3121 4220 3218 4274 καὶ
3248 4222 3351 4292 τῆς
3384 4226 3653 4298 δευτέρας
3690 4242 3805 4278 συν⁴
3858 4270 3869 4283 .

2208 4303 2475 4370 ελεύσεως
2500 4307 2562 4359 τὸ
2580 4308 2742 4381 ἔργον
2765 4325 2781 4343 ο
2816 4313 2962 4367 κατὰ
2993 4312 3048 4365 δὲ
3072 4315 3172 4385 τὴν
3196 4316 3396 4387 τρίτην
3429 4319 3649 4391 ἡμέραιν
3674 4334 3805 4386 παρ-

2209 4395 2348 4465 ῆσαν
2374 4397 2478 4469 ἤδη
2533 4402 2626 4453 καὶ
2659 4402 2708 4454 οἱ
2758 4402 3212 4473 ἀπολειφθέντες,
3258 4409 3609 4475 Μακεδόνιος
3648 4413 3678 4464 ό
3712 4410 3803 4481 τῆς

2211 4490 2651 4559 Κωνσταντίνου,
2684 4499 2781 4549 καὶ
2816 4496 3102 4560 Βασίλειος
3133 4501 3162 4552 ό
3207 4501 3518 4577 Ἀγκύρας.
3550 4508 3612 4560 Oi
3634 4509 3667 4560 δ
3707 4508 3807 4574 ἀμ-

518 4578 632 4642 die,
654 4579 766 4650 jam
798 4578 969 4631 etiam
1006 4576 1102 4646 qui
1126 4576 1425 4632 abfuerant
1457 4589 1659 4644 praesto
1698 4593 1860 4639 erant
1881 4624 1898 4651 ,
1921 4583 2105 4640 Mace-

2220 4584 2274 4652 φὶ
2320 4582 2577 4639 ’Δκάκιον
2604 4586 2696 4640 τοῦ
2740 4588 3003 4659 συλλόγου
3031 4597 3314 4649 κοινωνεῖν
3355 4599 3729 4672 παρῃτοῦντο,
3760 4596 3804 4650 εἰ

517 4669 720 4724 donius
734 4668 1405 4738 Constantinopolitanus.
1420 4681 1471 4727 et
1497 4671 1734 4728 Basilius
1751 4674 2102 4748 Ancyranus.

515 4762 792 4818 Caeterum
828 4760 1070 4816 Aeacius
1103 4776 1229 4817 cum
1264 4762 1507 4821 factione
1536 4781 1634 4821 sua
1681 4768 1740 4821 in
1767 4779 2104 4825 conventum

518 4871 578 4911 se
601 4863 892 4909 venturum
929 4852 1169 4924 negavit,
1194 4854 1299 4909 nisi
1326 4855 1421 4925 qui
1455 4856 1524 4911 ab
1560 4857 1696 4927 ipsis
1727 4867 1784 4914 et
1817 4872 2107 4921 autcaes-

517 4950 810 5015 auetorati,
847 4956 904 5003 et
932 4949 1047 5019 jam
1097 4949 1340 5004 accusati
1369 4959 1580 5017 essent,
1623 4965 1887 5008 consessu
1920 4955 2105 5025 exige-

517 5051 729 5098 rentur.
777 5036 847 5096 Et
887 5039 1056 5095 multa
1092 5038 1219 5096 inde
1270 5051 1460 5096 coorta
1513 5045 1655 5105 rixa,
1707 5046 1969 5114 placitum
2016 5057 2104 5105 est

516 5135 759 5201 tandem,
790 5144 853 5190 ut
877 5134 957 5191 illi
991 5134 1355 5191 secederent:
1381 5137 1529 5206 quod
1559 5139 1726 5193 etiam
1753 5148 1838 5194 est
1865 5139 2099 5197 factum.

518 5226 602 5281 Illi
629 5228 777 5281 enim
811 5240 1054 5283 cessere.
1088 5225 1418 5283 Statuerunt
1450 5227 1555 5282 hoc
1586 5229 1666 5283 sic
1710 5228 1930 5295 Patres,
1962 5231 2102 5287 Aca-

514 5320 663 5375 cium
722 5332 944 5374 causam
1002 5318 1195 5391 synodi
1247 5318 1526 5375 solvendae
1584 5320 1792 5392 ﬁngere
1851 5323 1981 5388 rati,
2042 5333 2103 5378 ut

515 5410 681 5466 simul
704 5420 760 5466 et
790 5410 932 5468 Aetii
957 5410 1183 5466 lueresis
1202 5411 1458 5481 prasenti
1486 5411 1858 5483 disquisitioni
1885 5415 2101 5470 exime-

518 5513 688 5567 retur,
748 5514 804 5559 et
857 5503 952 5573 qui
985 5503 1064 5558 rei
1101 5503 1408 5574 agebantur
1430 5503 1704 5575 judicium
1744 5505 2055 5577 eﬁugerent
2080 5550 2097 5577 ,

517 5595 733 5663 ipsique
764 5596 900 5651 adeo
938 5595 1221 5660 Acaciani,
1254 5594 1323 5650 de
1352 5594 1557 5664 quibus
1588 5596 1965 5664 arguebantur
1989 5600 2101 5653 cri-

513 5686 781 5752 minibus,
810 5702 1033 5743 causam
1085 5703 1194 5742 non
1230 5684 1501 5741 dicerent.
1532 5684 1712 5757 Atque
1747 5688 1839 5743 ubi
1869 5690 1980 5744 illis
2018 5690 2100 5745 di-

516 5779 737 5844 gressis.
774 5782 1002 5836 Aeacius
1035 5794 1160 5833 cum
1177 5779 1304 5841 suis
1334 5777 1573 5843 introiit,
1603 5778 1818 5835 Leonas
1844 5781 2097 5840 libellum

516 5886 679 5939 quem
735 5874 837 5929 sibi
870 5876 936 5928 ab
967 5872 1169 5929 Acacio
1223 5882 1280 5928 et
1326 5872 1685 5943 pepularibus
1724 5873 1847 5946 ejus
1878 5875 2089 5947 datum,

2215 4672 2293 4743 μὴ
2321 4675 2369 4727 oi
2403 4672 2493 4727 ὑπ’
2522 4675 2704 4730 αὐτῶν
2733 4677 3185 4751 καθαιρεθέντες,
3223 4685 3319 4739 καὶ
3356 4687 3465 4759 ἤδη
3494 4706 3803 4759 καταγορη·

2210 4765 2417 4829 θέντες,
2449 4767 2544 4820 τοῦ
2591 4770 2873 4841 συνεδρίου
2921 4772 3243 4839 ἐξελαθῶσι.
3289 4779 3509 4853 Πολλῆς
3561 4781 3611 4836 δ’
3638 4782 3804 4855 ἔριδος

2209 4859 2552 4931 ἀναφθείσης
2599 4864 2878 4932 ἐντεῦθεν,
2933 4868 3160 4938 ἐκράτει
3200 4871 3417 4942 μᾶλλον
3473 4876 3801 4945 ἐξάγεσθαιο

2208 4954 2304 5005 καὶ
2354 4954 2637 5025 ἐξήγοντο.
2686 4958 3055 5031 Παρεχώρουν
3114 4964 3223 5035 γὰρ
3283 4967 3520 5036 ἐκεῖνοι,
3575 4971 3804 5041 οἰόμενοι

2222 5045 2476 5101 Ἀκάκιον
2518 5050 2853 5104 πλάττεσθαι
2909 5052 3192 5124 πρόφασιν
3214 5056 3473 5113 διαλύειν
3524 5062 3625 5132 τὴν
3659 5062 3806 5113 σύνο⁴

2205 5136 2318 5202 δον,
2340 5137 2417 5202 ὡς
2474 5139 2570 5193 καὶ
2600 5140 2705 5211 τὴν
2732 5139 2942 5197 ’Δετίου
2975 5145 3194 5215 αἰρεσιν
3231 5148 3333 5220 τὴν
3366 5151 3669 5223 παροῦσαν
3694 5144 3803 5210 ἐξέ-

2207 5245 2366 5281 τασιν
2392 5229 2698 5302 διαφυγεῖν,
2725 5236 2819 5292 καὶ
2844 5237 3042 5303 αὐτούς
3071 5240 3123 5308 γ’
3146 5241 3401 5308 ἐκείνους
3444 5247 3544 5308 τὰς
3570 5239 3646 5297 ὧν
3675 5259 3804 5295 κατ-

2207 5325 2482 5395 ηγόρηντο
2529 5326 2706 5391 δίκας.
2752 5328 2841 5396 Ὠς
2872 5331 2919 5385 δ’
2957 5335 3005 5387 oi
3035 5336 3165 5405 περὶ
3208 5336 3473 5392 Ἀκάκιον
3519 5337 3803 5406 εἰσῆλθον,

2205 5418 2480 5473 ἀπιόντων
2513 5421 2761 5492 ἐκείνων,
2790 5425 3013 5491 Λεωνᾶς
3044 5428 3258 5499 βιϐλίον
3284 5432 3636 5494 ἐπιδεικνὺς,
3660 5426 3804 5497 αὐτῷ

2204 5513 2253 5564 οἱ
2288 5511 2511 5583 δοθῆναι
2529 5515 2591 5568 ἐκ
2626 5514 2736 5569 τῶν
2769 5519 2904 5588 περὶ
2943 5520 3204 5578 Ἀκάκιον
3234 5524 3423 5592 ἔλεγε,
3465 5524 3546 5594 μὴ
3570 5526 3802 5579 πίστεως

2204 5602 2418 5658 ἔκδοσιν
2455 5601 2600 5660 εἶναι
2630 5610 2806 5663 εἰπών
2828 5627 2845 5643 ο
2877 5613 2975 5669 καὶ
3025 5615 3213 5685 κρύφα
3243 5618 3353 5687 γὰρ
3391 5619 3495 5671 καὶ
3552 5613 3807 5685 φανερῶς

2202 5701 2312 5762 τοῖς
2341 5698 2617 5770 παροῦσιν
2647 5703 2908 5776 ἐμάχετο.
2938 5708 3057 5761 Καὶ.
3078 5709 3214 5780 δῆτα
3242 5706 3539 5779 ἐνήσύχῳ
3558 5705 3807 5777 καθημέ-

2204 5807 2310 5845 νων
2347 5794 2598 5862 ἐκείνων,
2632 5799 2709 5868 μὴ
2740 5798 2977 5864 πίστεως
3029 5803 3294 5872 οἰομένων
3331 5796 3488 5855 εἶναι
3520 5802 3625 5870 τὴν
3657 5798 3804 5853 ἐκδοί-

2204 5900 2311 5950 σιν,
2344 5886 2650 5957 τηνικαῦτα
2698 5891 3034 5959 ἐφανεροῦτο
3065 5896 3092 5945 ἦ
3126 5893 3222 5958 τῆς
3254 5892 3527 5959 Ἀκακίου
3562 5895 3797 5948 πίστεως
