  <div class='ocr_page' id='page_1' title='image "/cluster/home/n/w/nwhite01/storage/ocr_20150623/146:no.2/coo.31924054870518/206.png"; bbox 0 0 4054 6464; ppageno 0'>
   <div class='ocr_carea' id='block_1_1' title="bbox 319 370 427 432">
    <p class='ocr_par' dir='ltr' id='par_1_1' title="bbox 319 370 427 432">
     <span class='ocr_line' id='line_1_1' title="bbox 319 370 427 432; baseline 0.019 -2"><span class='ocrx_word' id='word_1_1' title='bbox 319 370 427 432; x_wconf 61' lang='grc' dir='ltr'>ποι</span> 
     </span>
    </p>
   </div>
   <div class='ocr_carea' id='block_1_2' title="bbox 1250 363 2608 459">
    <p class='ocr_par' dir='ltr' id='par_1_2' title="bbox 1250 363 2608 459">
     <span class='ocr_line' id='line_1_2' title="bbox 1250 363 2608 459; baseline -0.001 -27"><span class='ocrx_word' id='word_1_2' title='bbox 1250 367 1853 459; x_wconf 72' lang='lat' dir='ltr'><strong>ECCLESIASTICIE</strong></span> <span class='ocrx_word' id='word_1_3' title='bbox 1893 365 2280 428; x_wconf 73' lang='lat' dir='ltr'><strong>HISTORUE</strong></span> <span class='ocrx_word' id='word_1_4' title='bbox 2314 366 2461 428; x_wconf 71' lang='grc' dir='ltr'><strong>ΠΒ·</strong></span> <span class='ocrx_word' id='word_1_5' title='bbox 2502 363 2608 430; x_wconf 83' lang='lat' dir='ltr'><strong>IX.</strong></span> 
     </span>
    </p>
   </div>
   <div class='ocr_carea' id='block_1_3' title="bbox 3482 364 3586 427">
    <p class='ocr_par' dir='ltr' id='par_1_3' title="bbox 3482 364 3586 427">
     <span class='ocr_line' id='line_1_3' title="bbox 3482 364 3586 427; baseline -0.019 0"><span class='ocrx_word' id='word_1_6' title='bbox 3482 364 3586 427; x_wconf 43' lang='lat'><strong>3&#39;18</strong></span> 
     </span>
    </p>
   </div>
   <div class='ocr_carea' id='block_1_4' title="bbox 319 476 1916 557">
    <p class='ocr_par' dir='ltr' id='par_1_4' title="bbox 319 480 1904 557">
     <span class='ocr_line' id='line_1_4' title="bbox 319 480 1904 557; baseline -0.003 -18"><span class='ocrx_word' id='word_1_7' title='bbox 319 487 554 549; x_wconf 73' lang='grc' dir='ltr'>ἕκδοσις,</span> <span class='ocrx_word' id='word_1_8' title='bbox 586 486 726 554; x_wconf 79' lang='grc' dir='ltr'>μετὰ</span> <span class='ocrx_word' id='word_1_9' title='bbox 760 486 1046 556; x_wconf 76' lang='grc' dir='ltr'>προοιμίου</span> <span class='ocrx_word' id='word_1_10' title='bbox 1076 484 1267 538; x_wconf 75' lang='grc' dir='ltr'>τοῦτον</span> <span class='ocrx_word' id='word_1_11' title='bbox 1298 485 1636 557; x_wconf 74' lang='grc' dir='ltr'><strong>περιέχουσα</strong></span> <span class='ocrx_word' id='word_1_12' title='bbox 1665 481 1758 536; x_wconf 69' lang='grc' dir='ltr'>τδν</span> <span class='ocrx_word' id='word_1_13' title='bbox 1782 480 1904 551; x_wconf 87' lang='grc' dir='ltr'>τρό-</span> 
     </span>
    </p>
   </div>
   <div class='ocr_carea' id='block_1_5' title="bbox 2022 476 3589 557">
    <p class='ocr_par' dir='ltr' id='par_1_5' title="bbox 2022 476 3589 547">
     <span class='ocr_line' id='line_1_5' title="bbox 2022 476 3589 547; baseline 0.002 -16"><span class='ocrx_word' id='word_1_14' title='bbox 2022 495 2119 533; x_wconf 87' lang='lat' dir='ltr'><strong>non</strong></span> <span class='ocrx_word' id='word_1_15' title='bbox 2157 478 2281 534; x_wconf 82' lang='lat' dir='ltr'><strong>ﬁdei</strong></span> <span class='ocrx_word' id='word_1_16' title='bbox 2310 479 2599 534; x_wconf 79' lang='lat' dir='ltr'><strong>formulam</strong></span> <span class='ocrx_word' id='word_1_17' title='bbox 2626 477 2908 531; x_wconf 79' lang='lat' dir='ltr'><strong>continere</strong></span> <span class='ocrx_word' id='word_1_18' title='bbox 2946 476 3162 532; x_wconf 71' lang='lat' dir='ltr'><strong>diccbat</strong></span> <span class='ocrx_word' id='word_1_19' title='bbox 3187 477 3284 547; x_wconf 83' lang='lat' dir='ltr'><strong>(l),</strong></span> <span class='ocrx_word' id='word_1_20' title='bbox 3315 478 3589 534; x_wconf 74' lang='lat' dir='ltr'><strong>exhibuit.</strong></span> 
     </span>
    </p>
   </div>
   <div class='ocr_carea' id='block_1_6' title="bbox 319 559 1903 645">
    <p class='ocr_par' dir='ltr' id='par_1_6' title="bbox 319 574 1903 645">
     <span class='ocr_line' id='line_1_6' title="bbox 319 574 1903 645; baseline -0.002 -19"><span class='ocrx_word' id='word_1_21' title='bbox 319 593 419 627; x_wconf 83' lang='grc' dir='ltr'><strong>πον</strong></span> <span class='ocrx_word' id='word_1_22' title='bbox 448 592 461 605; x_wconf 88' lang='grc'><strong>·</strong></span> <span class='ocrx_word' id='word_1_23' title='bbox 502 594 522 626; x_wconf 74' lang='grc' dir='ltr'><strong>ι</strong></span> <span class='ocrx_word' id='word_1_24' title='bbox 568 576 759 645; x_wconf 79' lang='grc' dir='ltr'>Ἡμεῖς</span> <span class='ocrx_word' id='word_1_25' title='bbox 807 575 1157 638; x_wconf 76' lang='grc' dir='ltr'><strong>συνελθόντες</strong></span> <span class='ocrx_word' id='word_1_26' title='bbox 1186 578 1246 629; x_wconf 82' lang='grc' dir='ltr'><strong>ἐν</strong></span> <span class='ocrx_word' id='word_1_27' title='bbox 1279 575 1573 645; x_wconf 73' lang='grc' dir='ltr'>Σελευκείᾳ</span> <span class='ocrx_word' id='word_1_28' title='bbox 1598 574 1697 643; x_wconf 82' lang='grc' dir='ltr'>τῆς</span> <span class='ocrx_word' id='word_1_29' title='bbox 1728 574 1903 626; x_wconf 74' lang='grc' dir='ltr'>Ἰσαυ-</span> 
     </span>
    </p>
   </div>
   <div class='ocr_carea' id='block_1_7' title="bbox 319 668 1900 740">
    <p class='ocr_par' dir='ltr' id='par_1_7' title="bbox 319 668 1900 740">
     <span class='ocr_line' id='line_1_7' title="bbox 319 668 1900 740; baseline 0.001 -22"><span class='ocrx_word' id='word_1_30' title='bbox 319 670 465 737; x_wconf 77' lang='grc' dir='ltr'>ρίας,</span> <span class='ocrx_word' id='word_1_31' title='bbox 504 668 647 721; x_wconf 78' lang='grc' dir='ltr'>κατᾶ</span> <span class='ocrx_word' id='word_1_32' title='bbox 683 669 744 721; x_wconf 84' lang='grc' dir='ltr'>τὸ</span> <span class='ocrx_word' id='word_1_33' title='bbox 781 668 1067 738; x_wconf 80' lang='grc' dir='ltr'>βασιλικὸν</span> <span class='ocrx_word' id='word_1_34' title='bbox 1101 668 1372 740; x_wconf 84' lang='grc' dir='ltr'>βούλημα,</span> <span class='ocrx_word' id='word_1_35' title='bbox 1422 670 1487 739; x_wconf 83' lang='grc' dir='ltr'>τῇ</span> <span class='ocrx_word' id='word_1_36' title='bbox 1524 668 1649 737; x_wconf 86' lang='grc' dir='ltr'>χθὲς</span> <span class='ocrx_word' id='word_1_37' title='bbox 1695 668 1900 738; x_wconf 73' lang='grc' dir='ltr'>ἡμέρᾳ,</span> 
     </span>
    </p>
   </div>
   <div class='ocr_carea' id='block_1_8' title="bbox 318 755 1905 830">
    <p class='ocr_par' dir='ltr' id='par_1_8' title="bbox 318 755 1905 830">
     <span class='ocr_line' id='line_1_8' title="bbox 318 755 1905 830; baseline -0.001 -19"><span class='ocrx_word' id='word_1_38' title='bbox 318 762 442 830; x_wconf 75' lang='grc' dir='ltr'>ἥτις</span> <span class='ocrx_word' id='word_1_39' title='bbox 489 755 559 830; x_wconf 80' lang='grc' dir='ltr'>ἦν</span> <span class='ocrx_word' id='word_1_40' title='bbox 606 760 711 829; x_wconf 73' lang='grc' dir='ltr'><strong>πρὸ</strong></span> <span class='ocrx_word' id='word_1_41' title='bbox 764 761 925 813; x_wconf 80' lang='grc' dir='ltr'><strong>πέντε</strong></span> <span class='ocrx_word' id='word_1_42' title='bbox 970 760 1257 813; x_wconf 82' lang='grc' dir='ltr'>Καλενδῶν</span> <span class='ocrx_word' id='word_1_43' title='bbox 1307 760 1678 830; x_wconf 84' lang='grc' dir='ltr'>Ὀκτωϐρίων,</span> <span class='ocrx_word' id='word_1_44' title='bbox 1723 761 1905 812; x_wconf 81' lang='grc' dir='ltr'>πᾶσαν</span> 
     </span>
    </p>
   </div>
   <div class='ocr_carea' id='block_1_9' title="bbox 322 851 1906 922">
    <p class='ocr_par' dir='ltr' id='par_1_9' title="bbox 322 851 1906 922">
     <span class='ocr_line' id='line_1_9' title="bbox 322 851 1906 922; baseline -0.001 -18"><span class='ocrx_word' id='word_1_45' title='bbox 322 853 561 921; x_wconf 76' lang='grc' dir='ltr'>σπουδὴν</span> <span class='ocrx_word' id='word_1_46' title='bbox 608 853 844 921; x_wconf 81' lang='grc' dir='ltr'>ἐθέμεθα</span> <span class='ocrx_word' id='word_1_47' title='bbox 879 852 1018 921; x_wconf 72' lang='grc' dir='ltr'>μετὰ</span> <span class='ocrx_word' id='word_1_48' title='bbox 1045 855 1228 921; x_wconf 84' lang='grc' dir='ltr'>πάσης</span> <span class='ocrx_word' id='word_1_49' title='bbox 1261 853 1516 917; x_wconf 74' lang='grc' dir='ltr'><strong>εὐταξίας</strong></span> <span class='ocrx_word' id='word_1_50' title='bbox 1549 851 1647 922; x_wconf 81' lang='grc' dir='ltr'><strong>τὴν</strong></span> <span class='ocrx_word' id='word_1_51' title='bbox 1678 854 1906 921; x_wconf 75' lang='grc' dir='ltr'><strong>εἰρήνην</strong></span> 
     </span>
    </p>
   </div>
   <div class='ocr_carea' id='block_1_10' title="bbox 321 943 1907 1015">
    <p class='ocr_par' dir='ltr' id='par_1_10' title="bbox 321 943 1907 1015">
     <span class='ocr_line' id='line_1_10' title="bbox 321 943 1907 1015; baseline -0.001 -20"><span class='ocrx_word' id='word_1_52' title='bbox 321 946 384 1014; x_wconf 72' lang='grc' dir='ltr'>τῇ</span> <span class='ocrx_word' id='word_1_53' title='bbox 409 943 713 1015; x_wconf 74' lang='grc' dir='ltr'>Ἐκκλησία</span> <span class='ocrx_word' id='word_1_54' title='bbox 749 944 1005 1013; x_wconf 77' lang='grc' dir='ltr'>φυλάξαι,</span> <span class='ocrx_word' id='word_1_55' title='bbox 1031 946 1126 997; x_wconf 72' lang='grc' dir='ltr'><strong>καὶ</strong></span> <span class='ocrx_word' id='word_1_56' title='bbox 1158 947 1285 1015; x_wconf 82' lang='grc' dir='ltr'>περ’.</span> <span class='ocrx_word' id='word_1_57' title='bbox 1310 944 1407 1011; x_wconf 76' lang='grc' dir='ltr'>τῆς</span> <span class='ocrx_word' id='word_1_58' title='bbox 1440 946 1677 1007; x_wconf 78' lang='grc' dir='ltr'>πίστεως</span> <span class='ocrx_word' id='word_1_59' title='bbox 1713 944 1907 996; x_wconf 74' lang='grc' dir='ltr'>εὐστα-</span> 
     </span>
    </p>
   </div>
   <div class='ocr_carea' id='block_1_11' title="bbox 326 1034 1906 1104">
    <p class='ocr_par' dir='ltr' id='par_1_11' title="bbox 326 1034 1906 1104">
     <span class='ocr_line' id='line_1_11' title="bbox 326 1034 1906 1104; baseline 0 -18"><span class='ocrx_word' id='word_1_60' title='bbox 326 1035 428 1098; x_wconf 75' lang='grc' dir='ltr'>θῶς</span> <span class='ocrx_word' id='word_1_61' title='bbox 458 1035 759 1099; x_wconf 80' lang='grc' dir='ltr'>διαλαϐεῖν,</span> <span class='ocrx_word' id='word_1_62' title='bbox 797 1037 872 1099; x_wconf 80' lang='grc' dir='ltr'>ὡς</span> <span class='ocrx_word' id='word_1_63' title='bbox 908 1037 1245 1104; x_wconf 74' lang='grc' dir='ltr'><strong>προσέταξεν</strong></span> <span class='ocrx_word' id='word_1_64' title='bbox 1294 1037 1322 1087; x_wconf 85' lang='grc' dir='ltr'>ὁ</span> <span class='ocrx_word' id='word_1_65' title='bbox 1352 1034 1767 1104; x_wconf 74' lang='grc' dir='ltr'><strong>θεοφιλέστατος</strong></span> <span class='ocrx_word' id='word_1_66' title='bbox 1808 1035 1906 1104; x_wconf 80' lang='grc' dir='ltr'><strong>βα-</strong></span> 
     </span>
    </p>
   </div>
   <div class='ocr_carea' id='block_1_12' title="bbox 323 1126 1904 1197">
    <p class='ocr_par' dir='ltr' id='par_1_12' title="bbox 323 1126 1904 1197">
     <span class='ocr_line' id='line_1_12' title="bbox 323 1126 1904 1197; baseline -0.001 -19"><span class='ocrx_word' id='word_1_67' title='bbox 323 1126 502 1188; x_wconf 62' lang='grc' dir='ltr'>σιλεὺς</span> <span class='ocrx_word' id='word_1_68' title='bbox 532 1127 689 1197; x_wconf 74' lang='grc' dir='ltr'>ἡμῶν</span> <span class='ocrx_word' id='word_1_69' title='bbox 711 1128 1118 1191; x_wconf 78' lang='grc' dir='ltr'>Κωνστάντιος,</span> <span class='ocrx_word' id='word_1_70' title='bbox 1150 1127 1294 1180; x_wconf 83' lang='grc' dir='ltr'>κατὰ</span> <span class='ocrx_word' id='word_1_71' title='bbox 1316 1128 1412 1190; x_wconf 76' lang='grc' dir='ltr'>τὰς</span> <span class='ocrx_word' id='word_1_72' title='bbox 1447 1127 1794 1197; x_wconf 72' lang='grc' dir='ltr'>προφητικὰς</span> <span class='ocrx_word' id='word_1_73' title='bbox 1811 1128 1904 1179; x_wconf 71' lang='grc' dir='ltr'><strong>καὶ</strong></span> 
     </span>
    </p>
   </div>
   <div class='ocr_carea' id='block_1_13' title="bbox 321 1205 1903 1292">
    <p class='ocr_par' dir='ltr' id='par_1_13' title="bbox 321 1205 1903 1292">
     <span class='ocr_line' id='line_1_13' title="bbox 321 1205 1903 1292; baseline 0.006 -21"><span class='ocrx_word' id='word_1_74' title='bbox 321 1205 688 1287; x_wconf 74' lang='grc' dir='ltr'>εὖαγγελικὰς</span> <span class='ocrx_word' id='word_1_75' title='bbox 742 1222 949 1289; x_wconf 77' lang='grc' dir='ltr'>φωνὰς,</span> <span class='ocrx_word' id='word_1_76' title='bbox 992 1223 1087 1275; x_wconf 75' lang='grc' dir='ltr'><strong>καὶ</strong></span> <span class='ocrx_word' id='word_1_77' title='bbox 1135 1222 1302 1291; x_wconf 79' lang='grc' dir='ltr'>μηδὲν</span> <span class='ocrx_word' id='word_1_78' title='bbox 1353 1223 1507 1292; x_wconf 78' lang='grc' dir='ltr'>παρὰ</span> <span class='ocrx_word' id='word_1_79' title='bbox 1547 1220 1642 1278; x_wconf 76' lang='grc' dir='ltr'>τὰς</span> <span class='ocrx_word' id='word_1_80' title='bbox 1677 1221 1903 1290; x_wconf 67' lang='grc' dir='ltr'>Γραφᾶς</span> 
     </span>
    </p>
   </div>
   <div class='ocr_carea' id='block_1_14' title="bbox 324 1310 1905 1381">
    <p class='ocr_par' dir='ltr' id='par_1_14' title="bbox 324 1310 1905 1381">
     <span class='ocr_line' id='line_1_14' title="bbox 324 1310 1905 1381; baseline -0.001 -19"><span class='ocrx_word' id='word_1_81' title='bbox 324 1311 707 1378; x_wconf 80' lang='grc' dir='ltr'>ὲπεισενέγκαι</span> <span class='ocrx_word' id='word_1_82' title='bbox 738 1313 805 1381; x_wconf 80' lang='grc' dir='ltr'>τῇ</span> <span class='ocrx_word' id='word_1_83' title='bbox 836 1311 1269 1381; x_wconf 80' lang='grc' dir='ltr'>ἐκκλησιαστικῇ</span> <span class='ocrx_word' id='word_1_84' title='bbox 1306 1313 1509 1365; x_wconf 80' lang='grc' dir='ltr'>πίστει.</span> <span class='ocrx_word' id='word_1_85' title='bbox 1557 1311 1709 1363; x_wconf 78' lang='grc' dir='ltr'>Ἐπεὶ</span> <span class='ocrx_word' id='word_1_86' title='bbox 1742 1310 1797 1362; x_wconf 80' lang='grc' dir='ltr'><em>δέ</em></span> <span class='ocrx_word' id='word_1_87' title='bbox 1827 1328 1905 1362; x_wconf 84' lang='grc' dir='ltr'>τι·</span> 
     </span>
    </p>
   </div>
   <div class='ocr_carea' id='block_1_15' title="bbox 322 1403 1906 1477">
    <p class='ocr_par' dir='ltr' id='par_1_15' title="bbox 322 1403 1906 1477">
     <span class='ocr_line' id='line_1_15' title="bbox 322 1403 1906 1477; baseline -0.003 -20"><span class='ocrx_word' id='word_1_88' title='bbox 322 1423 410 1467; x_wconf 80' lang='grc' dir='ltr'><strong>νες</strong></span> <span class='ocrx_word' id='word_1_89' title='bbox 460 1406 517 1456; x_wconf 82' lang='grc' dir='ltr'>ὲν</span> <span class='ocrx_word' id='word_1_90' title='bbox 550 1406 616 1474; x_wconf 76' lang='grc' dir='ltr'>τῇ</span> <span class='ocrx_word' id='word_1_91' title='bbox 673 1404 879 1477; x_wconf 78' lang='grc' dir='ltr'>συνόδῳ</span> <span class='ocrx_word' id='word_1_92' title='bbox 924 1406 1052 1469; x_wconf 75' lang='grc' dir='ltr'>τοὺς</span> <span class='ocrx_word' id='word_1_93' title='bbox 1108 1405 1208 1475; x_wconf 86' lang='grc' dir='ltr'>μὲν</span> <span class='ocrx_word' id='word_1_94' title='bbox 1253 1405 1414 1476; x_wconf 75' lang='grc' dir='ltr'>ἡμῶν</span> <span class='ocrx_word' id='word_1_95' title='bbox 1467 1404 1721 1476; x_wconf 80' lang='grc' dir='ltr'>ὕϐρισαν,</span> <span class='ocrx_word' id='word_1_96' title='bbox 1779 1403 1906 1463; x_wconf 75' lang='grc' dir='ltr'>τοὺς</span> 
     </span>
    </p>
   </div>
   <div class='ocr_carea' id='block_1_16' title="bbox 321 1495 1907 1569">
    <p class='ocr_par' dir='ltr' id='par_1_16' title="bbox 321 1495 1907 1569">
     <span class='ocr_line' id='line_1_16' title="bbox 321 1495 1907 1569; baseline -0.002 -18"><span class='ocrx_word' id='word_1_97' title='bbox 321 1498 375 1551; x_wconf 78' lang='grc' dir='ltr'><strong>δὲ</strong></span> <span class='ocrx_word' id='word_1_98' title='bbox 443 1495 833 1566; x_wconf 80' lang='grc' dir='ltr'>ὲπεστόμισαν,</span> <span class='ocrx_word' id='word_1_99' title='bbox 881 1498 942 1550; x_wconf 80' lang='grc' dir='ltr'><strong>οὐ</strong></span> <span class='ocrx_word' id='word_1_100' title='bbox 1008 1498 1420 1569; x_wconf 75' lang='grc' dir='ltr'>συγχωροῦντες</span> <span class='ocrx_word' id='word_1_101' title='bbox 1492 1497 1715 1561; x_wconf 79' lang='grc' dir='ltr'>λαλεῖν,</span> <span class='ocrx_word' id='word_1_102' title='bbox 1781 1497 1907 1559; x_wconf 72' lang='grc' dir='ltr'>τοὺς</span> 
     </span>
    </p>
   </div>
   <div class='ocr_carea' id='block_1_17' title="bbox 318 1577 1907 1662">
    <p class='ocr_par' dir='ltr' id='par_1_17' title="bbox 318 1577 1907 1662">
     <span class='ocr_line' id='line_1_17' title="bbox 318 1577 1907 1662; baseline -0.001 -17"><span class='ocrx_word' id='word_1_103' title='bbox 318 1591 377 1645; x_wconf 82' lang='grc' dir='ltr'><strong>δὲ</strong></span> <span class='ocrx_word' id='word_1_104' title='bbox 417 1577 750 1645; x_wconf 80' lang='grc' dir='ltr'>ἀπέκλεισαν</span> <span class='ocrx_word' id='word_1_105' title='bbox 785 1591 1039 1656; x_wconf 78' lang='grc' dir='ltr'>ἄκοντας,</span> <span class='ocrx_word' id='word_1_106' title='bbox 1091 1591 1219 1649; x_wconf 71' lang='grc' dir='ltr'>τοὺς</span> <span class='ocrx_word' id='word_1_107' title='bbox 1260 1591 1316 1645; x_wconf 82' lang='grc' dir='ltr'>δὲ</span> <span class='ocrx_word' id='word_1_108' title='bbox 1376 1590 1802 1662; x_wconf 76' lang='grc' dir='ltr'><strong>καθῃρημένους</strong></span> <span class='ocrx_word' id='word_1_109' title='bbox 1843 1591 1907 1644; x_wconf 80' lang='grc' dir='ltr'>ὲκ</span> 
     </span>
    </p>
   </div>
   <div class='ocr_carea' id='block_1_18' title="bbox 316 1678 1905 1756">
    <p class='ocr_par' dir='ltr' id='par_1_18' title="bbox 316 1678 1905 1756">
     <span class='ocr_line' id='line_1_18' title="bbox 316 1678 1905 1756; baseline -0.001 -17"><span class='ocrx_word' id='word_1_110' title='bbox 316 1685 592 1754; x_wconf 78' lang='grc' dir='ltr'>διαφόρων</span> <span class='ocrx_word' id='word_1_111' title='bbox 642 1684 928 1756; x_wconf 78' lang='grc' dir='ltr'>ἐπαρχιῶν</span> <span class='ocrx_word' id='word_1_112' title='bbox 964 1678 1112 1756; x_wconf 83' lang='grc' dir='ltr'>εἶχον</span> <span class='ocrx_word' id='word_1_113' title='bbox 1149 1683 1272 1755; x_wconf 81' lang='grc' dir='ltr'>μεθ’</span> <span class='ocrx_word' id='word_1_114' title='bbox 1326 1687 1573 1750; x_wconf 75' lang='grc' dir='ltr'>ἑαυτοὺς,</span> <span class='ocrx_word' id='word_1_115' title='bbox 1630 1685 1727 1738; x_wconf 72' lang='grc' dir='ltr'><strong>καὶ</strong></span> <span class='ocrx_word' id='word_1_116' title='bbox 1756 1684 1905 1753; x_wconf 77' lang='grc' dir='ltr'>παρὰ</span> 
     </span>
    </p>
   </div>
   <div class='ocr_carea' id='block_1_19' title="bbox 321 1774 1904 1850">
    <p class='ocr_par' dir='ltr' id='par_1_19' title="bbox 321 1774 1904 1850">
     <span class='ocr_line' id='line_1_19' title="bbox 321 1774 1904 1850; baseline -0.001 -19"><span class='ocrx_word' id='word_1_117' title='bbox 321 1778 527 1831; x_wconf 83' lang='grc' dir='ltr'>κανόνα</span> <span class='ocrx_word' id='word_1_118' title='bbox 560 1779 962 1842; x_wconf 72' lang='grc' dir='ltr'>καταστάντας</span> <span class='ocrx_word' id='word_1_119' title='bbox 1001 1774 1137 1850; x_wconf 75' lang='grc' dir='ltr'>ἦγον</span> <span class='ocrx_word' id='word_1_120' title='bbox 1172 1777 1292 1848; x_wconf 84' lang='grc' dir='ltr'>μεθ’</span> <span class='ocrx_word' id='word_1_121' title='bbox 1318 1779 1552 1840; x_wconf 78' lang='grc' dir='ltr'>ἑαυτῶν,</span> <span class='ocrx_word' id='word_1_122' title='bbox 1590 1778 1663 1841; x_wconf 77' lang='grc' dir='ltr'>ὠς</span> <span class='ocrx_word' id='word_1_123' title='bbox 1696 1795 1904 1830; x_wconf 74' lang='grc' dir='ltr'>πανταο</span> 
     </span>
    </p>
   </div>
   <div class='ocr_carea' id='block_1_20' title="bbox 319 1868 1909 1941">
    <p class='ocr_par' dir='ltr' id='par_1_20' title="bbox 319 1868 1909 1941">
     <span class='ocr_line' id='line_1_20' title="bbox 319 1868 1909 1941; baseline 0.001 -19"><span class='ocrx_word' id='word_1_124' title='bbox 319 1870 479 1941; x_wconf 79' lang='grc' dir='ltr'>χόθεν</span> <span class='ocrx_word' id='word_1_125' title='bbox 512 1868 746 1939; x_wconf 78' lang='grc' dir='ltr'>θορύϐου</span> <span class='ocrx_word' id='word_1_126' title='bbox 780 1870 1036 1938; x_wconf 82' lang='grc' dir='ltr'>γενέσθαι</span> <span class='ocrx_word' id='word_1_127' title='bbox 1066 1870 1251 1941; x_wconf 78' lang='grc' dir='ltr'>πλήρη</span> <span class='ocrx_word' id='word_1_128' title='bbox 1293 1871 1393 1940; x_wconf 87' lang='grc' dir='ltr'>τὴν</span> <span class='ocrx_word' id='word_1_129' title='bbox 1434 1870 1656 1924; x_wconf 76' lang='grc' dir='ltr'>σύνοδον</span> <span class='ocrx_word' id='word_1_130' title='bbox 1677 1887 1691 1901; x_wconf 80' lang='grc'><em>’</em></span> <span class='ocrx_word' id='word_1_131' title='bbox 1722 1872 1909 1937; x_wconf 86' lang='grc' dir='ltr'>καθὼς</span> 
     </span>
    </p>
   </div>
   <div class='ocr_carea' id='block_1_21' title="bbox 320 1962 1912 2036">
    <p class='ocr_par' dir='ltr' id='par_1_21' title="bbox 320 1962 1912 2036">
     <span class='ocr_line' id='line_1_21' title="bbox 320 1962 1912 2036; baseline 0.003 -21"><span class='ocrx_word' id='word_1_132' title='bbox 320 1962 418 2016; x_wconf 77' lang='grc' dir='ltr'>καὶ</span> <span class='ocrx_word' id='word_1_133' title='bbox 443 1964 468 2015; x_wconf 83' lang='grc' dir='ltr'>ὁ</span> <span class='ocrx_word' id='word_1_134' title='bbox 496 1962 884 2033; x_wconf 73' lang='grc' dir='ltr'>λαμπρότατος</span> <span class='ocrx_word' id='word_1_135' title='bbox 918 1962 1095 2034; x_wconf 82' lang='grc' dir='ltr'><strong>κόμης</strong></span> <span class='ocrx_word' id='word_1_136' title='bbox 1131 1963 1373 2028; x_wconf 81' lang='grc' dir='ltr'>Λεωνᾶς,</span> <span class='ocrx_word' id='word_1_137' title='bbox 1406 1965 1500 2017; x_wconf 78' lang='grc' dir='ltr'>καὶ</span> <span class='ocrx_word' id='word_1_138' title='bbox 1527 1967 1553 2019; x_wconf 79' lang='grc' dir='ltr'>ὁ</span> <span class='ocrx_word' id='word_1_139' title='bbox 1585 1965 1912 2036; x_wconf 78' lang='grc' dir='ltr'>λαμπρότα-</span> 
     </span>
    </p>
   </div>
   <div class='ocr_carea' id='block_1_22' title="bbox 320 2054 1911 2134">
    <p class='ocr_par' dir='ltr' id='par_1_22' title="bbox 320 2054 1911 2134">
     <span class='ocr_line' id='line_1_22' title="bbox 320 2054 1911 2134; baseline 0.004 -28"><span class='ocrx_word' id='word_1_140' title='bbox 320 2073 411 2118; x_wconf 79' lang='grc' dir='ltr'><strong>τος</strong></span> <span class='ocrx_word' id='word_1_141' title='bbox 473 2054 776 2125; x_wconf 71' lang='grc' dir='ltr'>ἡγούμενος</span> <span class='ocrx_word' id='word_1_142' title='bbox 826 2054 927 2125; x_wconf 78' lang='grc' dir='ltr'>τῆς</span> <span class='ocrx_word' id='word_1_143' title='bbox 982 2056 1254 2127; x_wconf 77' lang='grc' dir='ltr'>ἐπαρχίας</span> <span class='ocrx_word' id='word_1_144' title='bbox 1325 2059 1621 2129; x_wconf 85' lang='grc' dir='ltr'>Λαυρίκιος</span> <span class='ocrx_word' id='word_1_145' title='bbox 1675 2059 1911 2134; x_wconf 71' lang='grc' dir='ltr'>αὐτοψίᾳ</span> 
     </span>
    </p>
   </div>
   <div class='ocr_carea' id='block_1_23' title="bbox 324 2148 1912 2221">
    <p class='ocr_par' dir='ltr' id='par_1_23' title="bbox 324 2148 1912 2221">
     <span class='ocr_line' id='line_1_23' title="bbox 324 2148 1912 2221; baseline 0.003 -20"><span class='ocrx_word' id='word_1_146' title='bbox 324 2148 642 2218; x_wconf 68' lang='grc' dir='ltr'>παρέλαϐε*</span> <span class='ocrx_word' id='word_1_147' title='bbox 696 2148 887 2202; x_wconf 82' lang='grc' dir='ltr'>τούτου</span> <span class='ocrx_word' id='word_1_148' title='bbox 939 2148 1126 2202; x_wconf 73' lang='grc' dir='ltr'>ἕνεκεν</span> <span class='ocrx_word' id='word_1_149' title='bbox 1173 2149 1534 2221; x_wconf 81' lang='grc' dir='ltr'>διαλαλοῢμεν</span> <span class='ocrx_word' id='word_1_150' title='bbox 1587 2150 1781 2216; x_wconf 81' lang='grc' dir='ltr'>ταῦτα,</span> <span class='ocrx_word' id='word_1_151' title='bbox 1835 2152 1912 2215; x_wconf 81' lang='grc' dir='ltr'>ὡς</span> 
     </span>
    </p>
   </div>
   <div class='ocr_carea' id='block_1_24' title="bbox 320 2242 1911 2316">
    <p class='ocr_par' dir='ltr' id='par_1_24' title="bbox 320 2242 1911 2316">
     <span class='ocr_line' id='line_1_24' title="bbox 320 2242 1911 2316; baseline 0.003 -22"><span class='ocrx_word' id='word_1_152' title='bbox 320 2242 381 2294; x_wconf 72' lang='grc' dir='ltr'>οὔ</span> <span class='ocrx_word' id='word_1_153' title='bbox 426 2243 703 2312; x_wconf 72' lang='grc' dir='ltr'>φεύγομεν</span> <span class='ocrx_word' id='word_1_154' title='bbox 750 2242 849 2314; x_wconf 77' lang='grc' dir='ltr'>τὴν</span> <span class='ocrx_word' id='word_1_155' title='bbox 886 2244 1205 2297; x_wconf 81' lang='grc' dir='ltr'>ὲκτεθεῖσαν</span> <span class='ocrx_word' id='word_1_156' title='bbox 1241 2244 1572 2316; x_wconf 78' lang='grc' dir='ltr'>αὐθεντικὴν</span> <span class='ocrx_word' id='word_1_157' title='bbox 1628 2247 1812 2299; x_wconf 83' lang='grc' dir='ltr'>πίστιν</span> <span class='ocrx_word' id='word_1_158' title='bbox 1853 2248 1911 2299; x_wconf 79' lang='grc' dir='ltr'>ἐν</span> 
     </span>
    </p>
   </div>
   <div class='ocr_carea' id='block_1_25' title="bbox 321 2335 1912 2410">
    <p class='ocr_par' dir='ltr' id='par_1_25' title="bbox 321 2335 1912 2410">
     <span class='ocr_line' id='line_1_25' title="bbox 321 2335 1912 2410; baseline 0.004 -23"><span class='ocrx_word' id='word_1_159' title='bbox 321 2337 435 2396; x_wconf 81' lang='grc' dir='ltr'>τοῖς</span> <span class='ocrx_word' id='word_1_160' title='bbox 488 2335 788 2402; x_wconf 83' lang='grc' dir='ltr'>ὲγκαινίοις</span> <span class='ocrx_word' id='word_1_161' title='bbox 851 2337 962 2400; x_wconf 86' lang='grc' dir='ltr'>τοῖς</span> <span class='ocrx_word' id='word_1_162' title='bbox 1014 2336 1156 2390; x_wconf 74' lang='grc' dir='ltr'>κατὰ</span> <span class='ocrx_word' id='word_1_163' title='bbox 1211 2337 1312 2407; x_wconf 71' lang='grc' dir='ltr'><strong>τὴν</strong></span> <span class='ocrx_word' id='word_1_164' title='bbox 1371 2338 1727 2410; x_wconf 71' lang='grc' dir='ltr'>Ἀντιόχειαν,</span> <span class='ocrx_word' id='word_1_165' title='bbox 1776 2356 1912 2410; x_wconf 81' lang='grc' dir='ltr'>προ-</span> 
     </span>
    </p>
   </div>
   <div class='ocr_carea' id='block_1_26' title="bbox 326 2426 1914 2500">
    <p class='ocr_par' dir='ltr' id='par_1_26' title="bbox 326 2426 1914 2500">
     <span class='ocr_line' id='line_1_26' title="bbox 326 2426 1914 2500; baseline 0.005 -21"><span class='ocrx_word' id='word_1_166' title='bbox 326 2426 651 2495; x_wconf 76' lang='grc' dir='ltr'>κομίζοντες</span> <span class='ocrx_word' id='word_1_167' title='bbox 703 2428 913 2497; x_wconf 73' lang='grc' dir='ltr'>αὐτὴν,</span> <span class='ocrx_word' id='word_1_168' title='bbox 966 2430 1015 2483; x_wconf 80' lang='grc' dir='ltr'>εἰ</span> <span class='ocrx_word' id='word_1_169' title='bbox 1069 2431 1164 2484; x_wconf 74' lang='grc' dir='ltr'><strong>καὶ</strong></span> <span class='ocrx_word' id='word_1_170' title='bbox 1230 2433 1299 2484; x_wconf 74' lang='grc' dir='ltr'>τὰ</span> <span class='ocrx_word' id='word_1_171' title='bbox 1350 2431 1590 2500; x_wconf 86' lang='grc' dir='ltr'>μάλιστα</span> <span class='ocrx_word' id='word_1_172' title='bbox 1639 2433 1688 2486; x_wconf 78' lang='grc' dir='ltr'>οἱ</span> <span class='ocrx_word' id='word_1_173' title='bbox 1746 2432 1914 2487; x_wconf 78' lang='grc' dir='ltr'>πατέ-</span> 
     </span>
    </p>
   </div>
   <div class='ocr_carea' id='block_1_27' title="bbox 331 2520 1915 2595">
    <p class='ocr_par' dir='ltr' id='par_1_27' title="bbox 331 2520 1915 2595">
     <span class='ocr_line' id='line_1_27' title="bbox 331 2520 1915 2595; baseline 0.004 -24"><span class='ocrx_word' id='word_1_174' title='bbox 331 2536 424 2588; x_wconf 86' lang='grc' dir='ltr'><strong>ρες</strong></span> <span class='ocrx_word' id='word_1_175' title='bbox 473 2520 629 2590; x_wconf 78' lang='grc' dir='ltr'>ἡμῶν</span> <span class='ocrx_word' id='word_1_176' title='bbox 674 2524 803 2574; x_wconf 78' lang='grc' dir='ltr'>κατ’</span> <span class='ocrx_word' id='word_1_177' title='bbox 848 2520 1024 2577; x_wconf 72' lang='grc' dir='ltr'>ἐκεῖνο</span> <span class='ocrx_word' id='word_1_178' title='bbox 1078 2523 1174 2575; x_wconf 81' lang='grc' dir='ltr'>τοῦ</span> <span class='ocrx_word' id='word_1_179' title='bbox 1220 2523 1415 2595; x_wconf 77' lang='grc' dir='ltr'>καιροῦ</span> <span class='ocrx_word' id='word_1_180' title='bbox 1467 2524 1604 2595; x_wconf 75' lang='grc' dir='ltr'>πρὸς</span> <span class='ocrx_word' id='word_1_181' title='bbox 1659 2524 1720 2579; x_wconf 82' lang='grc' dir='ltr'><strong>τὸ</strong></span> <span class='ocrx_word' id='word_1_182' title='bbox 1779 2527 1915 2579; x_wconf 70' lang='grc' dir='ltr'>ὑπε-</span> 
     </span>
    </p>
   </div>
   <div class='ocr_carea' id='block_1_28' title="bbox 328 2611 1916 2687">
    <p class='ocr_par' dir='ltr' id='par_1_28' title="bbox 328 2611 1916 2687">
     <span class='ocr_line' id='line_1_28' title="bbox 328 2611 1916 2687; baseline 0.004 -22"><span class='ocrx_word' id='word_1_183' title='bbox 328 2611 583 2680; x_wconf 87' lang='grc' dir='ltr'>κείμενον</span> <span class='ocrx_word' id='word_1_184' title='bbox 641 2613 741 2681; x_wconf 81' lang='grc' dir='ltr'>τῆς</span> <span class='ocrx_word' id='word_1_185' title='bbox 794 2614 1079 2685; x_wconf 78' lang='grc' dir='ltr'>ζητήσεως</span> <span class='ocrx_word' id='word_1_186' title='bbox 1111 2616 1471 2687; x_wconf 86' lang='grc' dir='ltr'>συνέδραμον.</span> <span class='ocrx_word' id='word_1_187' title='bbox 1501 2618 1657 2672; x_wconf 75' lang='grc' dir='ltr'>Ἐπεὶ</span> <span class='ocrx_word' id='word_1_188' title='bbox 1698 2620 1755 2673; x_wconf 76' lang='grc' dir='ltr'><strong>δὲ</strong></span> <span class='ocrx_word' id='word_1_189' title='bbox 1785 2621 1916 2674; x_wconf 84' lang='grc' dir='ltr'>πολ-</span> 
     </span>
    </p>
   </div>
   <div class='ocr_carea' id='block_1_29' title="bbox 328 2700 1914 2773">
    <p class='ocr_par' dir='ltr' id='par_1_29' title="bbox 328 2700 1914 2773">
     <span class='ocr_line' id='line_1_29' title="bbox 328 2700 1914 2773; baseline 0.006 -20"><span class='ocrx_word' id='word_1_190' title='bbox 328 2700 458 2765; x_wconf 72' lang='grc' dir='ltr'>λοὺς</span> <span class='ocrx_word' id='word_1_191' title='bbox 510 2700 814 2771; x_wconf 73' lang='grc' dir='ltr'>ὲθορύϐησε</span> <span class='ocrx_word' id='word_1_192' title='bbox 863 2702 924 2757; x_wconf 79' lang='grc' dir='ltr'>τὸ</span> <span class='ocrx_word' id='word_1_193' title='bbox 975 2703 1265 2773; x_wconf 80' lang='grc' dir='ltr'>όμοούσιον</span> <span class='ocrx_word' id='word_1_194' title='bbox 1313 2706 1409 2759; x_wconf 66' lang='grc' dir='ltr'>καὶ</span> <span class='ocrx_word' id='word_1_195' title='bbox 1456 2705 1516 2759; x_wconf 90' lang='grc' dir='ltr'>τδ</span> <span class='ocrx_word' id='word_1_196' title='bbox 1571 2707 1914 2773; x_wconf 82' lang='grc' dir='ltr'>ὀμοιοούσιον</span> 
     </span>
    </p>
   </div>
   <div class='ocr_carea' id='block_1_30' title="bbox 328 2793 1914 2875">
    <p class='ocr_par' dir='ltr' id='par_1_30' title="bbox 328 2793 1914 2875">
     <span class='ocr_line' id='line_1_30' title="bbox 328 2793 1914 2875; baseline 0.009 -31"><span class='ocrx_word' id='word_1_197' title='bbox 328 2794 389 2846; x_wconf 83' lang='grc' dir='ltr'>ὲν</span> <span class='ocrx_word' id='word_1_198' title='bbox 450 2796 561 2847; x_wconf 65' lang='lat' dir='ltr'><strong>toi;</strong></span> <span class='ocrx_word' id='word_1_199' title='bbox 611 2793 862 2863; x_wconf 74' lang='grc' dir='ltr'>,παροῦσι</span> <span class='ocrx_word' id='word_1_200' title='bbox 929 2797 1143 2866; x_wconf 86' lang='grc' dir='ltr'>χρόνοις</span> <span class='ocrx_word' id='word_1_201' title='bbox 1200 2798 1294 2850; x_wconf 71' lang='grc' dir='ltr'><strong>καὶ</strong></span> <span class='ocrx_word' id='word_1_202' title='bbox 1368 2799 1533 2875; x_wconf 68' lang='grc' dir='ltr'>μέχρι</span> <span class='ocrx_word' id='word_1_203' title='bbox 1587 2799 1721 2862; x_wconf 76' lang='grc' dir='ltr'>νῦν,</span> <span class='ocrx_word' id='word_1_204' title='bbox 1775 2797 1914 2858; x_wconf 74' lang='grc' dir='ltr'>ἀλλὰ</span> 
     </span>
    </p>
   </div>
   <div class='ocr_carea' id='block_1_31' title="bbox 331 2886 1914 2961">
    <p class='ocr_par' dir='ltr' id='par_1_31' title="bbox 331 2886 1914 2961">
     <span class='ocr_line' id='line_1_31' title="bbox 331 2886 1914 2961; baseline 0.008 -24"><span class='ocrx_word' id='word_1_205' title='bbox 331 2886 428 2938; x_wconf 77' lang='grc' dir='ltr'><strong>καὶ</strong></span> <span class='ocrx_word' id='word_1_206' title='bbox 495 2887 696 2958; x_wconf 82' lang='grc' dir='ltr'>ἀρτίως</span> <span class='ocrx_word' id='word_1_207' title='bbox 757 2887 980 2955; x_wconf 78' lang='grc' dir='ltr'>λέγεται</span> <span class='ocrx_word' id='word_1_208' title='bbox 1047 2892 1492 2961; x_wconf 78' lang='grc' dir='ltr'>καινοτομεῖσθαι</span> <span class='ocrx_word' id='word_1_209' title='bbox 1580 2895 1684 2947; x_wconf 81' lang='grc' dir='ltr'><strong>ὑπό</strong></span> <span class='ocrx_word' id='word_1_210' title='bbox 1751 2912 1914 2950; x_wconf 75' lang='grc' dir='ltr'>τινων</span> 
     </span>
    </p>
   </div>
   <div class='ocr_carea' id='block_1_32' title="bbox 330 2977 1914 3055">
    <p class='ocr_par' dir='ltr' id='par_1_32' title="bbox 330 2977 1914 3055">
     <span class='ocr_line' id='line_1_32' title="bbox 330 2977 1914 3055; baseline 0.005 -26"><span class='ocrx_word' id='word_1_211' title='bbox 330 2977 393 3029; x_wconf 65' lang='grc' dir='ltr'><strong>τὸ</strong></span> <span class='ocrx_word' id='word_1_212' title='bbox 424 2977 675 3046; x_wconf 79' lang='grc' dir='ltr'>ἄνομοιον</span> <span class='ocrx_word' id='word_1_213' title='bbox 731 2977 863 3030; x_wconf 86' lang='grc' dir='ltr'>Υἱοῦ</span> <span class='ocrx_word' id='word_1_214' title='bbox 895 2978 1031 3048; x_wconf 80' lang='grc' dir='ltr'>πρδς</span> <span class='ocrx_word' id='word_1_215' title='bbox 1084 2978 1179 3032; x_wconf 82' lang='grc' dir='ltr'><strong>τὸν</strong></span> <span class='ocrx_word' id='word_1_216' title='bbox 1215 2979 1437 3051; x_wconf 75' lang='grc' dir='ltr'>Πατέρα</span> <span class='ocrx_word' id='word_1_217' title='bbox 1460 2996 1476 3011; x_wconf 80' lang='grc'><strong><em>⁸</em></strong></span> <span class='ocrx_word' id='word_1_218' title='bbox 1507 2981 1698 3035; x_wconf 81' lang='grc' dir='ltr'>τούτου</span> <span class='ocrx_word' id='word_1_219' title='bbox 1750 2984 1914 3055; x_wconf 81' lang='grc' dir='ltr'>χάριν</span> 
     </span>
    </p>
   </div>
   <div class='ocr_carea' id='block_1_33' title="bbox 250 3069 1915 3146">
    <p class='ocr_par' dir='ltr' id='par_1_33' title="bbox 250 3069 1915 3146">
     <span class='ocr_line' id='line_1_33' title="bbox 250 3069 1915 3146; baseline 0.006 -25"><span class='ocrx_word' id='word_1_220' title='bbox 250 3106 257 3112; x_wconf 94' lang='grc'><strong>-</strong></span> <span class='ocrx_word' id='word_1_221' title='bbox 331 3071 391 3122; x_wconf 74' lang='grc' dir='ltr'>τὸ</span> <span class='ocrx_word' id='word_1_222' title='bbox 428 3069 527 3139; x_wconf 74' lang='grc' dir='ltr'>μὲν</span> <span class='ocrx_word' id='word_1_223' title='bbox 548 3069 835 3140; x_wconf 81' lang='grc' dir='ltr'>ὁμοούσιον</span> <span class='ocrx_word' id='word_1_224' title='bbox 864 3071 959 3125; x_wconf 77' lang='grc' dir='ltr'><strong>καὶ</strong></span> <span class='ocrx_word' id='word_1_225' title='bbox 990 3070 1050 3122; x_wconf 81' lang='grc' dir='ltr'>τὺ</span> <span class='ocrx_word' id='word_1_226' title='bbox 1081 3072 1425 3141; x_wconf 82' lang='grc' dir='ltr'>όμοιοούσιον</span> <span class='ocrx_word' id='word_1_227' title='bbox 1459 3073 1798 3146; x_wconf 79' lang='grc' dir='ltr'>ἐκϐάλλομεν</span> <span class='ocrx_word' id='word_1_228' title='bbox 1838 3078 1915 3142; x_wconf 87' lang='grc' dir='ltr'><strong>ὡς</strong></span> 
     </span>
    </p>
   </div>
   <div class='ocr_carea' id='block_1_34' title="bbox 334 3159 1990 3254">
    <p class='ocr_par' dir='ltr' id='par_1_34' title="bbox 334 3159 1990 3254">
     <span class='ocr_line' id='line_1_34' title="bbox 334 3159 1990 3254; baseline 0.008 -43"><span class='ocrx_word' id='word_1_229' title='bbox 334 3159 588 3254; x_wconf 66' lang='grc' dir='ltr'>ᾁλλέτρια</span> <span class='ocrx_word' id='word_1_230' title='bbox 638 3161 746 3216; x_wconf 81' lang='grc' dir='ltr'><strong>τῶν</strong></span> <span class='ocrx_word' id='word_1_231' title='bbox 777 3162 1048 3233; x_wconf 76' lang='grc' dir='ltr'>Γραφῶν,’</span> <span class='ocrx_word' id='word_1_232' title='bbox 1091 3162 1151 3216; x_wconf 71' lang='grc' dir='ltr'>τὸ</span> <span class='ocrx_word' id='word_1_233' title='bbox 1176 3164 1233 3218; x_wconf 87' lang='grc' dir='ltr'><strong>δὲ</strong></span> <span class='ocrx_word' id='word_1_234' title='bbox 1271 3165 1527 3236; x_wconf 74' lang='grc' dir='ltr'>ἀνόμοιον</span> <span class='ocrx_word' id='word_1_235' title='bbox 1576 3168 1915 3239; x_wconf 78' lang='grc' dir='ltr'>ἀναθεματί-</span> <span class='ocrx_word' id='word_1_236' title='bbox 1947 3197 1990 3254; x_wconf 76' lang='lat' dir='ltr'>c</span> 
     </span>
    </p>
   </div>
   <div class='ocr_carea' id='block_1_35' title="bbox 334 3253 1915 3331">
    <p class='ocr_par' dir='ltr' id='par_1_35' title="bbox 334 3253 1915 3331">
     <span class='ocr_line' id='line_1_35' title="bbox 334 3253 1915 3331; baseline 0.004 -24"><span class='ocrx_word' id='word_1_237' title='bbox 334 3253 544 3326; x_wconf 83' lang='grc' dir='ltr'>ζομεν·</span> <span class='ocrx_word' id='word_1_238' title='bbox 606 3257 702 3310; x_wconf 74' lang='grc' dir='ltr'>καὶ</span> <span class='ocrx_word' id='word_1_239' title='bbox 765 3257 977 3321; x_wconf 76' lang='grc' dir='ltr'>’πάντας</span> <span class='ocrx_word' id='word_1_240' title='bbox 1036 3258 1150 3312; x_wconf 77' lang='grc' dir='ltr'>ὅσοι</span> <span class='ocrx_word' id='word_1_241' title='bbox 1220 3258 1455 3313; x_wconf 82' lang='grc' dir='ltr'>τοιοῦτοι</span> <span class='ocrx_word' id='word_1_242' title='bbox 1510 3262 1915 3331; x_wconf 76' lang='grc' dir='ltr'>τυγχάνουσιν,</span> 
     </span>
    </p>
   </div>
   <div class='ocr_carea' id='block_1_36' title="bbox 333 3348 1918 3424">
    <p class='ocr_par' dir='ltr' id='par_1_36' title="bbox 333 3348 1918 3424">
     <span class='ocr_line' id='line_1_36' title="bbox 333 3348 1918 3424; baseline 0.005 -24"><span class='ocrx_word' id='word_1_243' title='bbox 333 3348 646 3417; x_wconf 75' lang='grc' dir='ltr'>ἀλλοτρίους</span> <span class='ocrx_word' id='word_1_244' title='bbox 674 3348 963 3419; x_wconf 78' lang='grc' dir='ltr'>ἡγούμεθα</span> <span class='ocrx_word' id='word_1_245' title='bbox 991 3350 1096 3421; x_wconf 83' lang='grc' dir='ltr'>τῆς</span> <span class='ocrx_word' id='word_1_246' title='bbox 1138 3350 1493 3419; x_wconf 80' lang='grc' dir='ltr'>Ἐκκλησίας.</span> <span class='ocrx_word' id='word_1_247' title='bbox 1526 3353 1599 3406; x_wconf 78' lang='grc' dir='ltr'>Τὸ</span> <span class='ocrx_word' id='word_1_248' title='bbox 1627 3353 1683 3406; x_wconf 78' lang='grc' dir='ltr'><strong>δὲ</strong></span> <span class='ocrx_word' id='word_1_249' title='bbox 1729 3356 1918 3424; x_wconf 81' lang='grc' dir='ltr'>ὅμοιον</span> 
     </span>
    </p>
   </div>
   <div class='ocr_carea' id='block_1_37' title="bbox 336 3440 1919 3515">
    <p class='ocr_par' dir='ltr' id='par_1_37' title="bbox 336 3440 1919 3515">
     <span class='ocr_line' id='line_1_37' title="bbox 336 3440 1919 3515; baseline 0.006 -23"><span class='ocrx_word' id='word_1_250' title='bbox 336 3440 433 3493; x_wconf 77' lang='grc' dir='ltr'>τοῦ</span> <span class='ocrx_word' id='word_1_251' title='bbox 466 3441 595 3494; x_wconf 79' lang='grc' dir='ltr'>Υῐοῢ</span> <span class='ocrx_word' id='word_1_252' title='bbox 657 3442 796 3513; x_wconf 74' lang='grc' dir='ltr'>πρὸς</span> <span class='ocrx_word' id='word_1_253' title='bbox 835 3443 1058 3513; x_wconf 83' lang='grc' dir='ltr'>Πατέρα</span> <span class='ocrx_word' id='word_1_254' title='bbox 1117 3443 1303 3512; x_wconf 80' lang='grc' dir='ltr'>σαφῶς</span> <span class='ocrx_word' id='word_1_255' title='bbox 1343 3445 1741 3515; x_wconf 77' lang='grc' dir='ltr'>ὁμολογοῦμεν,</span> <span class='ocrx_word' id='word_1_256' title='bbox 1779 3449 1919 3503; x_wconf 73' lang='grc' dir='ltr'>κατὰ</span> 
     </span>
    </p>
   </div>
   <div class='ocr_carea' id='block_1_38' title="bbox 338 3535 1921 3608">
    <p class='ocr_par' dir='ltr' id='par_1_38' title="bbox 338 3535 1921 3608">
     <span class='ocr_line' id='line_1_38' title="bbox 338 3535 1921 3608; baseline 0.005 -21"><span class='ocrx_word' id='word_1_257' title='bbox 338 3537 429 3587; x_wconf 64' lang='grc' dir='ltr'>τὸν</span> <span class='ocrx_word' id='word_1_258' title='bbox 465 3535 796 3589; x_wconf 83' lang='grc' dir='ltr'>Ἀπόστολον</span> <span class='ocrx_word' id='word_1_259' title='bbox 843 3535 1069 3606; x_wconf 76' lang='grc' dir='ltr'>λέγοντα</span> <span class='ocrx_word' id='word_1_260' title='bbox 1101 3539 1237 3608; x_wconf 70' lang='grc' dir='ltr'>περὶ</span> <span class='ocrx_word' id='word_1_261' title='bbox 1283 3536 1377 3591; x_wconf 76' lang='grc' dir='ltr'>τοῦ</span> <span class='ocrx_word' id='word_1_262' title='bbox 1421 3536 1575 3605; x_wconf 81' lang='grc' dir='ltr'><strong>Υίοῦ,</strong></span> <span class='ocrx_word' id='word_1_263' title='bbox 1608 3539 1717 3606; x_wconf 82' lang='grc' dir='ltr'><strong>’⁸ος</strong></span> <span class='ocrx_word' id='word_1_264' title='bbox 1745 3541 1921 3596; x_wconf 83' lang='grc' dir='ltr'>ἐστιν</span> 
     </span>
    </p>
   </div>
   <div class='ocr_carea' id='block_1_39' title="bbox 333 3628 1919 3702">
    <p class='ocr_par' dir='ltr' id='par_1_39' title="bbox 333 3628 1919 3702">
     <span class='ocr_line' id='line_1_39' title="bbox 333 3628 1919 3702; baseline 0.006 -21"><span class='ocrx_word' id='word_1_265' title='bbox 333 3628 517 3681; x_wconf 78' lang='grc' dir='ltr'>εἰκὼν</span> <span class='ocrx_word' id='word_1_266' title='bbox 545 3629 649 3683; x_wconf 74' lang='grc' dir='ltr'>τοῦ</span> <span class='ocrx_word' id='word_1_267' title='bbox 704 3629 855 3683; x_wconf 85' lang='grc' dir='ltr'>Θεοῦ</span> <span class='ocrx_word' id='word_1_268' title='bbox 908 3628 1014 3684; x_wconf 88' lang='grc' dir='ltr'>τοῦ</span> <span class='ocrx_word' id='word_1_269' title='bbox 1065 3630 1349 3700; x_wconf 82' lang='grc' dir='ltr'>ἀοράτου.</span> <span class='ocrx_word' id='word_1_270' title='bbox 1401 3631 1814 3702; x_wconf 80' lang='grc' dir='ltr'>Ὀμολογοῦμεν</span> <span class='ocrx_word' id='word_1_271' title='bbox 1863 3636 1919 3691; x_wconf 82' lang='grc' dir='ltr'><strong>δὲ</strong></span> 
     </span>
    </p>
   </div>
   <div class='ocr_carea' id='block_1_40' title="bbox 340 3718 1917 3794">
    <p class='ocr_par' dir='ltr' id='par_1_40' title="bbox 340 3718 1917 3794">
     <span class='ocr_line' id='line_1_40' title="bbox 340 3718 1917 3794; baseline 0.006 -24"><span class='ocrx_word' id='word_1_272' title='bbox 340 3718 435 3770; x_wconf 67' lang='grc' dir='ltr'><strong>καὶ</strong></span> <span class='ocrx_word' id='word_1_273' title='bbox 461 3718 789 3787; x_wconf 78' lang='grc' dir='ltr'>πιστεύομεν</span> <span class='ocrx_word' id='word_1_274' title='bbox 819 3719 897 3782; x_wconf 78' lang='grc' dir='ltr'><strong>είς</strong></span> <span class='ocrx_word' id='word_1_275' title='bbox 926 3720 1025 3774; x_wconf 77' lang='grc' dir='ltr'>ἕνα</span> <span class='ocrx_word' id='word_1_276' title='bbox 1048 3719 1184 3774; x_wconf 80' lang='grc' dir='ltr'>Θεὸν</span> <span class='ocrx_word' id='word_1_277' title='bbox 1223 3722 1442 3793; x_wconf 84' lang='grc' dir='ltr'>Πατέρα</span> <span class='ocrx_word' id='word_1_278' title='bbox 1473 3725 1917 3794; x_wconf 85' lang='grc' dir='ltr'>ποιντοκράτορα,</span> 
     </span>
    </p>
   </div>
   <div class='ocr_carea' id='block_1_41' title="bbox 342 3807 1917 3885">
    <p class='ocr_par' dir='ltr' id='par_1_41' title="bbox 342 3807 1917 3885">
     <span class='ocr_line' id='line_1_41' title="bbox 342 3807 1917 3885; baseline 0.004 -26"><span class='ocrx_word' id='word_1_279' title='bbox 342 3808 577 3879; x_wconf 74' lang='grc' dir='ltr'>ποιητὴν</span> <span class='ocrx_word' id='word_1_280' title='bbox 631 3807 866 3875; x_wconf 75' lang='grc' dir='ltr'>οὐρανοῦ</span> <span class='ocrx_word' id='word_1_281' title='bbox 909 3810 1004 3861; x_wconf 68' lang='grc' dir='ltr'><strong>καὶ</strong></span> <span class='ocrx_word' id='word_1_282' title='bbox 1059 3807 1185 3885; x_wconf 73' lang='grc' dir='ltr'>γῆς,</span> <span class='ocrx_word' id='word_1_283' title='bbox 1239 3809 1454 3880; x_wconf 79' lang='grc' dir='ltr'>ὁρατῶν</span> <span class='ocrx_word' id='word_1_284' title='bbox 1503 3809 1597 3863; x_wconf 69' lang='grc' dir='ltr'><strong>καὶ</strong></span> <span class='ocrx_word' id='word_1_285' title='bbox 1647 3811 1917 3879; x_wconf 81' lang='grc' dir='ltr'>ἀοράτων.</span> 
     </span>
    </p>
   </div>
   <div class='ocr_carea' id='block_1_42' title="bbox 344 3897 1922 3973">
    <p class='ocr_par' dir='ltr' id='par_1_42' title="bbox 344 3897 1922 3973">
     <span class='ocr_line' id='line_1_42' title="bbox 344 3897 1922 3973; baseline 0.004 -24"><span class='ocrx_word' id='word_1_286' title='bbox 344 3897 680 3968; x_wconf 88' lang='grc' dir='ltr'>Πιστεύομεν</span> <span class='ocrx_word' id='word_1_287' title='bbox 724 3899 780 3951; x_wconf 83' lang='grc' dir='ltr'>δὲ</span> <span class='ocrx_word' id='word_1_288' title='bbox 841 3903 935 3950; x_wconf 74' lang='grc' dir='ltr'>καὶ</span> <span class='ocrx_word' id='word_1_289' title='bbox 983 3900 1063 3963; x_wconf 85' lang='grc' dir='ltr'><strong>είς</strong></span> <span class='ocrx_word' id='word_1_290' title='bbox 1116 3898 1207 3953; x_wconf 79' lang='grc' dir='ltr'><strong>τὸν</strong></span> <span class='ocrx_word' id='word_1_291' title='bbox 1253 3899 1461 3970; x_wconf 78' lang='grc' dir='ltr'>Κύριον</span> <span class='ocrx_word' id='word_1_292' title='bbox 1504 3900 1663 3969; x_wconf 77' lang='grc' dir='ltr'>ἡμῶν</span> <span class='ocrx_word' id='word_1_293' title='bbox 1707 3901 1922 3973; x_wconf 75' lang='grc' dir='ltr'>Ἰησοῦν</span> 
     </span>
    </p>
   </div>
   <div class='ocr_carea' id='block_1_43' title="bbox 341 3988 1924 4064">
    <p class='ocr_par' dir='ltr' id='par_1_43' title="bbox 341 3988 1924 4064">
     <span class='ocr_line' id='line_1_43' title="bbox 341 3988 1924 4064; baseline 0.003 -21"><span class='ocrx_word' id='word_1_294' title='bbox 341 3990 579 4058; x_wconf 74' lang='grc' dir='ltr'>Χριστὸν</span> <span class='ocrx_word' id='word_1_295' title='bbox 609 3990 702 4043; x_wconf 80' lang='grc' dir='ltr'><strong>τὸν</strong></span> <span class='ocrx_word' id='word_1_296' title='bbox 726 3990 857 4043; x_wconf 79' lang='grc' dir='ltr'>Υίδν</span> <span class='ocrx_word' id='word_1_297' title='bbox 890 3988 1058 4044; x_wconf 80' lang='grc' dir='ltr'>αὑτοῦ</span> <span class='ocrx_word' id='word_1_298' title='bbox 1090 4006 1104 4021; x_wconf 76' lang='grc' dir='ltr'><strong>ο</strong></span> <span class='ocrx_word' id='word_1_299' title='bbox 1144 3990 1237 4043; x_wconf 77' lang='grc' dir='ltr'><strong>τὸν</strong></span> <span class='ocrx_word' id='word_1_300' title='bbox 1294 3990 1355 4056; x_wconf 78' lang='grc' dir='ltr'><strong>ἐξ</strong></span> <span class='ocrx_word' id='word_1_301' title='bbox 1388 3990 1556 4044; x_wconf 73' lang='grc' dir='ltr'>αὐτοῦ</span> <span class='ocrx_word' id='word_1_302' title='bbox 1588 3993 1924 4064; x_wconf 61' lang='grc' dir='ltr'>γενντρθέντα</span> 
     </span>
    </p>
   </div>
   <div class='ocr_carea' id='block_1_44' title="bbox 339 4083 1923 4156">
    <p class='ocr_par' dir='ltr' id='par_1_44' title="bbox 339 4083 1923 4156">
     <span class='ocr_line' id='line_1_44' title="bbox 339 4083 1923 4156; baseline 0.004 -20"><span class='ocrx_word' id='word_1_303' title='bbox 339 4083 567 4146; x_wconf 77' lang='grc' dir='ltr'>ἀπαθῶς</span> <span class='ocrx_word' id='word_1_304' title='bbox 610 4084 716 4153; x_wconf 64' lang='grc' dir='ltr'>πρὸ</span> <span class='ocrx_word' id='word_1_305' title='bbox 773 4083 995 4137; x_wconf 80' lang='grc' dir='ltr'>πάντων</span> <span class='ocrx_word' id='word_1_306' title='bbox 1025 4084 1135 4137; x_wconf 81' lang='grc' dir='ltr'>τῶν</span> <span class='ocrx_word' id='word_1_307' title='bbox 1167 4083 1386 4138; x_wconf 71' lang='grc' dir='ltr'>αἰώνων</span> <span class='ocrx_word' id='word_1_308' title='bbox 1409 4100 1424 4117; x_wconf 76' lang='grc' dir='ltr'><strong>ο</strong></span> <span class='ocrx_word' id='word_1_309' title='bbox 1463 4085 1599 4139; x_wconf 79' lang='grc' dir='ltr'>Θεὸν</span> <span class='ocrx_word' id='word_1_310' title='bbox 1654 4087 1827 4156; x_wconf 73' lang='grc' dir='ltr'>Λόγον</span> <span class='ocrx_word' id='word_1_311' title='bbox 1858 4090 1923 4143; x_wconf 80' lang='grc' dir='ltr'><strong>ὲκ</strong></span> 
     </span>
    </p>
   </div>
   <div class='ocr_carea' id='block_1_45' title="bbox 340 4175 1922 4249">
    <p class='ocr_par' dir='ltr' id='par_1_45' title="bbox 340 4175 1922 4249">
     <span class='ocr_line' id='line_1_45' title="bbox 340 4175 1922 4249; baseline 0.003 -20"><span class='ocrx_word' id='word_1_312' title='bbox 340 4175 479 4230; x_wconf 79' lang='grc' dir='ltr'>Θεοῦ</span> <span class='ocrx_word' id='word_1_313' title='bbox 518 4177 824 4248; x_wconf 77' lang='grc' dir='ltr'>μονογενῆο</span> <span class='ocrx_word' id='word_1_314' title='bbox 868 4177 1006 4248; x_wconf 73' lang='grc' dir='ltr'>φῶς,</span> <span class='ocrx_word' id='word_1_315' title='bbox 1038 4177 1210 4249; x_wconf 76' lang='grc' dir='ltr'>ζωὴν,</span> <span class='ocrx_word' id='word_1_316' title='bbox 1243 4177 1524 4248; x_wconf 78' lang='grc' dir='ltr'>ἀλήθειαν,</span> <span class='ocrx_word' id='word_1_317' title='bbox 1576 4179 1809 4248; x_wconf 76' lang='grc' dir='ltr'>σοφίανο</span> <span class='ocrx_word' id='word_1_318' title='bbox 1854 4181 1922 4234; x_wconf 78' lang='grc' dir='ltr'>δι’</span> 
     </span>
    </p>
   </div>
   <div class='ocr_carea' id='block_1_46' title="bbox 337 4263 1923 4343">
    <p class='ocr_par' dir='ltr' id='par_1_46' title="bbox 337 4263 1923 4343">
     <span class='ocr_line' id='line_1_46' title="bbox 337 4263 1923 4343; baseline 0.004 -22"><span class='ocrx_word' id='word_1_319' title='bbox 337 4263 401 4322; x_wconf 67' lang='grc' dir='ltr'>οὗ</span> <span class='ocrx_word' id='word_1_320' title='bbox 443 4270 509 4323; x_wconf 73' lang='grc' dir='ltr'>τὰ</span> <span class='ocrx_word' id='word_1_321' title='bbox 541 4270 717 4324; x_wconf 85' lang='grc' dir='ltr'>πάντα</span> <span class='ocrx_word' id='word_1_322' title='bbox 748 4270 971 4338; x_wconf 77' lang='grc' dir='ltr'>ἐγένετο</span> <span class='ocrx_word' id='word_1_323' title='bbox 1003 4269 1073 4323; x_wconf 88' lang='grc' dir='ltr'><strong>τά</strong></span> <span class='ocrx_word' id='word_1_324' title='bbox 1108 4288 1165 4322; x_wconf 90' lang='grc' dir='ltr'><strong>τε</strong></span> <span class='ocrx_word' id='word_1_325' title='bbox 1199 4273 1257 4323; x_wconf 83' lang='grc' dir='ltr'>ὲν</span> <span class='ocrx_word' id='word_1_326' title='bbox 1287 4273 1400 4334; x_wconf 84' lang='grc' dir='ltr'>τοῖς</span> <span class='ocrx_word' id='word_1_327' title='bbox 1430 4271 1687 4343; x_wconf 77' lang='grc' dir='ltr'>οὐρανοῖς</span> <span class='ocrx_word' id='word_1_328' title='bbox 1728 4274 1824 4328; x_wconf 68' lang='grc' dir='ltr'><strong>καὶ</strong></span> <span class='ocrx_word' id='word_1_329' title='bbox 1855 4273 1923 4328; x_wconf 79' lang='grc' dir='ltr'>τὰ</span> 
     </span>
    </p>
   </div>
   <div class='ocr_carea' id='block_1_47' title="bbox 340 4359 1926 4432">
    <p class='ocr_par' dir='ltr' id='par_1_47' title="bbox 340 4359 1926 4432">
     <span class='ocr_line' id='line_1_47' title="bbox 340 4359 1926 4432; baseline 0.003 -19"><span class='ocrx_word' id='word_1_330' title='bbox 340 4360 435 4413; x_wconf 69' lang='grc' dir='ltr'>ἐπὶ</span> <span class='ocrx_word' id='word_1_331' title='bbox 465 4362 564 4430; x_wconf 80' lang='grc' dir='ltr'>τῆς</span> <span class='ocrx_word' id='word_1_332' title='bbox 620 4361 745 4428; x_wconf 76' lang='grc' dir='ltr'>γῆς,</span> <span class='ocrx_word' id='word_1_333' title='bbox 781 4360 893 4414; x_wconf 71' lang='grc' dir='ltr'>εἴτε</span> <span class='ocrx_word' id='word_1_334' title='bbox 927 4359 1101 4429; x_wconf 73' lang='grc' dir='ltr'>ὁρατὰ.</span> <span class='ocrx_word' id='word_1_335' title='bbox 1145 4360 1257 4413; x_wconf 76' lang='grc' dir='ltr'>εἴτε</span> <span class='ocrx_word' id='word_1_336' title='bbox 1314 4361 1544 4432; x_wconf 86' lang='grc' dir='ltr'>ἀόρατα.</span> <span class='ocrx_word' id='word_1_337' title='bbox 1596 4362 1800 4416; x_wconf 69' lang='grc' dir='ltr'>Τοῦτον</span> <span class='ocrx_word' id='word_1_338' title='bbox 1834 4383 1926 4418; x_wconf 84' lang='grc' dir='ltr'>πι-</span> 
     </span>
    </p>
   </div>
   <div class='ocr_carea' id='block_1_48' title="bbox 340 4446 1925 4523">
    <p class='ocr_par' dir='ltr' id='par_1_48' title="bbox 340 4446 1925 4523">
     <span class='ocr_line' id='line_1_48' title="bbox 340 4446 1925 4523; baseline 0.003 -20"><span class='ocrx_word' id='word_1_339' title='bbox 340 4450 607 4518; x_wconf 81' lang='grc' dir='ltr'>στεύομεν</span> <span class='ocrx_word' id='word_1_340' title='bbox 654 4448 747 4502; x_wconf 76' lang='grc' dir='ltr'>ἐπὶ</span> <span class='ocrx_word' id='word_1_341' title='bbox 783 4448 1069 4520; x_wconf 79' lang='grc' dir='ltr'>συντελείᾳ</span> <span class='ocrx_word' id='word_1_342' title='bbox 1115 4446 1226 4500; x_wconf 82' lang='grc' dir='ltr'><strong>τῶν</strong></span> <span class='ocrx_word' id='word_1_343' title='bbox 1274 4446 1488 4503; x_wconf 84' lang='grc' dir='ltr'>αἰώνων</span> <span class='ocrx_word' id='word_1_344' title='bbox 1540 4451 1619 4513; x_wconf 83' lang='grc' dir='ltr'>εἰς</span> <span class='ocrx_word' id='word_1_345' title='bbox 1664 4450 1925 4523; x_wconf 77' lang='grc' dir='ltr'>ἀθέτησιν</span> 
     </span>
    </p>
   </div>
   <div class='ocr_carea' id='block_1_49' title="bbox 2009 570 3590 643">
    <p class='ocr_par' dir='ltr' id='par_1_49' title="bbox 2009 570 3590 643">
     <span class='ocr_line' id='line_1_49' title="bbox 2009 570 3590 643; baseline 0 -18"><span class='ocrx_word' id='word_1_346' title='bbox 2009 570 2179 625; x_wconf 90' lang='lat' dir='ltr'><strong>Simul</strong></span> <span class='ocrx_word' id='word_1_347' title='bbox 2205 573 2349 625; x_wconf 84' lang='lat' dir='ltr'><strong>enim</strong></span> <span class='ocrx_word' id='word_1_348' title='bbox 2387 571 2433 627; x_wconf 92' lang='lat' dir='ltr'><strong>is</strong></span> <span class='ocrx_word' id='word_1_349' title='bbox 2463 572 2682 626; x_wconf 84' lang='lat' dir='ltr'><strong>etclam</strong></span> <span class='ocrx_word' id='word_1_350' title='bbox 2731 579 2786 626; x_wconf 88' lang='lat' dir='ltr'><strong>et</strong></span> <span class='ocrx_word' id='word_1_351' title='bbox 2825 570 2998 640; x_wconf 82' lang='lat' dir='ltr'><strong>palam</strong></span> <span class='ocrx_word' id='word_1_352' title='bbox 3031 585 3126 625; x_wconf 89' lang='lat' dir='ltr'><strong>eos</strong></span> <span class='ocrx_word' id='word_1_353' title='bbox 3160 571 3254 641; x_wconf 93' lang='lat' dir='ltr'><strong>qui</strong></span> <span class='ocrx_word' id='word_1_354' title='bbox 3289 571 3342 625; x_wconf 91' lang='lat' dir='ltr'><strong>in</strong></span> <span class='ocrx_word' id='word_1_355' title='bbox 3380 576 3590 643; x_wconf 73' lang='lat' dir='ltr'><strong>synodo</strong></span> 
     </span>
    </p>
   </div>
   <div class='ocr_carea' id='block_1_50' title="bbox 2008 661 3589 734">
    <p class='ocr_par' dir='ltr' id='par_1_50' title="bbox 2008 661 3589 734">
     <span class='ocr_line' id='line_1_50' title="bbox 2008 661 3589 734; baseline 0.001 -18"><span class='ocrx_word' id='word_1_356' title='bbox 2008 661 2236 716; x_wconf 87' lang='lat' dir='ltr'><strong>aderant</strong></span> <span class='ocrx_word' id='word_1_357' title='bbox 2263 663 2631 734; x_wconf 80' lang='lat' dir='ltr'><strong>oppugnabat,</strong></span> <span class='ocrx_word' id='word_1_358' title='bbox 2663 678 2767 718; x_wconf 90' lang='lat' dir='ltr'><strong>nec</strong></span> <span class='ocrx_word' id='word_1_359' title='bbox 2821 664 3003 718; x_wconf 78' lang='lat' dir='ltr'><strong>minus</strong></span> <span class='ocrx_word' id='word_1_360' title='bbox 3040 664 3260 719; x_wconf 87' lang='lat' dir='ltr'><strong>libelius</strong></span> <span class='ocrx_word' id='word_1_361' title='bbox 3288 674 3479 734; x_wconf 70' lang='lat' dir='ltr'><strong>aperte</strong></span> <span class='ocrx_word' id='word_1_362' title='bbox 3531 678 3589 719; x_wconf 76' lang='lat' dir='ltr'><strong>et</strong></span> 
     </span>
    </p>
   </div>
   <div class='ocr_carea' id='block_1_51' title="bbox 2008 754 3592 824">
    <p class='ocr_par' dir='ltr' id='par_1_51' title="bbox 2008 754 3592 824">
     <span class='ocr_line' id='line_1_51' title="bbox 2008 754 3592 824; baseline -0.001 -15"><span class='ocrx_word' id='word_1_363' title='bbox 2008 754 2349 809; x_wconf 74' lang='lat' dir='ltr'><strong>clandestine</strong></span> <span class='ocrx_word' id='word_1_364' title='bbox 2376 755 2614 810; x_wconf 83' lang='lat' dir='ltr'><strong>lectores</strong></span> <span class='ocrx_word' id='word_1_365' title='bbox 2653 755 2970 811; x_wconf 75' lang='lat' dir='ltr'><strong>infestabat.</strong></span> <span class='ocrx_word' id='word_1_366' title='bbox 3015 755 3128 809; x_wconf 89' lang='lat' dir='ltr'><strong>lllis</strong></span> <span class='ocrx_word' id='word_1_367' title='bbox 3160 756 3327 824; x_wconf 79' lang='lat' dir='ltr'><strong>igitur</strong></span> <span class='ocrx_word' id='word_1_368' title='bbox 3363 756 3592 809; x_wconf 79' lang='lat' dir='ltr'><strong>tacenti-</strong></span> 
     </span>
    </p>
   </div>
   <div class='ocr_carea' id='block_1_52' title="bbox 2007 845 3592 926">
    <p class='ocr_par' dir='ltr' id='par_1_52' title="bbox 2007 845 3592 926">
     <span class='ocr_line' id='line_1_52' title="bbox 2007 845 3592 926; baseline 0 -26"><span class='ocrx_word' id='word_1_369' title='bbox 2007 845 2133 911; x_wconf 85' lang='lat' dir='ltr'><strong>bus,</strong></span> <span class='ocrx_word' id='word_1_370' title='bbox 2175 855 2231 926; x_wconf 60' lang='grc' dir='ltr'>εξ</span> <span class='ocrx_word' id='word_1_371' title='bbox 2251 846 2687 901; x_wconf 75' lang='lat' dir='ltr'><strong>considentibus.</strong></span> <span class='ocrx_word' id='word_1_372' title='bbox 2710 847 2855 917; x_wconf 84' lang='lat' dir='ltr'><strong>quod</strong></span> <span class='ocrx_word' id='word_1_373' title='bbox 2892 846 3116 901; x_wconf 83' lang='lat' dir='ltr'><strong>minime</strong></span> <span class='ocrx_word' id='word_1_374' title='bbox 3144 847 3270 901; x_wconf 85' lang='lat' dir='ltr'><strong>ﬁdei</strong></span> <span class='ocrx_word' id='word_1_375' title='bbox 3300 847 3592 901; x_wconf 82' lang='lat' dir='ltr'><strong>formulam</strong></span> 
     </span>
    </p>
   </div>
   <div class='ocr_carea' id='block_1_53' title="bbox 2007 937 3598 1009">
    <p class='ocr_par' dir='ltr' id='par_1_53' title="bbox 2007 937 3598 1009">
     <span class='ocr_line' id='line_1_53' title="bbox 2007 937 3598 1009; baseline 0.001 -18"><span class='ocrx_word' id='word_1_376' title='bbox 2007 952 2134 993; x_wconf 85' lang='lat' dir='ltr'><strong>esse</strong></span> <span class='ocrx_word' id='word_1_377' title='bbox 2170 937 2223 991; x_wconf 91' lang='lat' dir='ltr'><strong>in</strong></span> <span class='ocrx_word' id='word_1_378' title='bbox 2257 939 2463 1008; x_wconf 86' lang='lat' dir='ltr'><strong>scripto</strong></span> <span class='ocrx_word' id='word_1_379' title='bbox 2489 953 2554 992; x_wconf 89' lang='lat' dir='ltr'><strong>eo</strong></span> <span class='ocrx_word' id='word_1_380' title='bbox 2589 946 2869 1008; x_wconf 85' lang='lat' dir='ltr'><strong>putarent,</strong></span> <span class='ocrx_word' id='word_1_381' title='bbox 2927 938 3109 993; x_wconf 84' lang='lat' dir='ltr'><strong>Acacii</strong></span> <span class='ocrx_word' id='word_1_382' title='bbox 3145 948 3259 992; x_wconf 90' lang='lat' dir='ltr'><strong>tum</strong></span> <span class='ocrx_word' id='word_1_383' title='bbox 3308 938 3432 993; x_wconf 82' lang='lat' dir='ltr'><strong>ﬁdei</strong></span> <span class='ocrx_word' id='word_1_384' title='bbox 3466 955 3598 1009; x_wconf 92' lang='lat' dir='ltr'><strong>pro-</strong></span> 
     </span>
    </p>
   </div>
   <div class='ocr_carea' id='block_1_54' title="bbox 2009 1029 3597 1099">
    <p class='ocr_par' dir='ltr' id='par_1_54' title="bbox 2009 1029 3597 1099">
     <span class='ocr_line' id='line_1_54' title="bbox 2009 1029 3597 1099; baseline -0.001 -16"><span class='ocrx_word' id='word_1_385' title='bbox 2009 1029 2174 1085; x_wconf 82' lang='lat' dir='ltr'><strong>fessio</strong></span> <span class='ocrx_word' id='word_1_386' title='bbox 2204 1037 2288 1084; x_wconf 85' lang='lat' dir='ltr'><strong>est</strong></span> <span class='ocrx_word' id='word_1_387' title='bbox 2322 1029 2622 1097; x_wconf 85' lang='lat' dir='ltr'><strong>publicata,</strong></span> <span class='ocrx_word' id='word_1_388' title='bbox 2662 1044 2787 1083; x_wconf 90' lang='lat' dir='ltr'><strong>cum</strong></span> <span class='ocrx_word' id='word_1_389' title='bbox 2820 1030 3145 1099; x_wconf 61' lang='lat' dir='ltr'><strong>praefatione</strong></span> <span class='ocrx_word' id='word_1_390' title='bbox 3173 1029 3239 1083; x_wconf 89' lang='lat' dir='ltr'><strong>ad</strong></span> <span class='ocrx_word' id='word_1_391' title='bbox 3278 1029 3429 1083; x_wconf 82' lang='lat' dir='ltr'><strong>hunc</strong></span> <span class='ocrx_word' id='word_1_392' title='bbox 3463 1045 3597 1083; x_wconf 48' lang='lat' dir='ltr'><strong>cun.</strong></span> 
     </span>
    </p>
   </div>
   <div class='ocr_carea' id='block_1_55' title="bbox 2008 1120 3598 1192">
    <p class='ocr_par' dir='ltr' id='par_1_55' title="bbox 2008 1120 3598 1192">
     <span class='ocr_line' id='line_1_55' title="bbox 2008 1120 3598 1192; baseline -0.001 -16"><span class='ocrx_word' id='word_1_393' title='bbox 2008 1131 2164 1191; x_wconf 85' lang='lat' dir='ltr'><strong>cepta</strong></span> <span class='ocrx_word' id='word_1_394' title='bbox 2196 1122 2461 1176; x_wconf 77' lang='lat' dir='ltr'><strong>modum:</strong></span> <span class='ocrx_word' id='word_1_395' title='bbox 2505 1141 2522 1173; x_wconf 85' lang='grc' dir='ltr'><strong>ι</strong></span> <span class='ocrx_word' id='word_1_396' title='bbox 2559 1123 2668 1177; x_wconf 89' lang='lat' dir='ltr'><strong>Nos</strong></span> <span class='ocrx_word' id='word_1_397' title='bbox 2695 1123 2788 1192; x_wconf 88' lang='lat' dir='ltr'><strong>qui</strong></span> <span class='ocrx_word' id='word_1_398' title='bbox 2838 1120 3102 1177; x_wconf 69' lang='lat' dir='ltr'><strong>Seleuciae</strong></span> <span class='ocrx_word' id='word_1_399' title='bbox 3146 1123 3463 1181; x_wconf 79' lang='lat' dir='ltr'><strong>Isaurorum</strong></span> <span class='ocrx_word' id='word_1_400' title='bbox 3498 1122 3598 1174; x_wconf 70' lang='lat' dir='ltr'><strong>im-</strong></span> 
     </span>
    </p>
   </div>
   <div class='ocr_carea' id='block_1_56' title="bbox 2009 1214 3597 1288">
    <p class='ocr_par' dir='ltr' id='par_1_56' title="bbox 2009 1214 3597 1288">
     <span class='ocr_line' id='line_1_56' title="bbox 2009 1214 3597 1288; baseline -0.001 -17"><span class='ocrx_word' id='word_1_401' title='bbox 2009 1216 2282 1285; x_wconf 87' lang='lat' dir='ltr'><strong>peratoris</strong></span> <span class='ocrx_word' id='word_1_402' title='bbox 2327 1218 2484 1288; x_wconf 86' lang='lat' dir='ltr'><strong>jussu</strong></span> <span class='ocrx_word' id='word_1_403' title='bbox 2532 1216 2793 1270; x_wconf 81' lang='lat' dir='ltr'><strong>hesterno</strong></span> <span class='ocrx_word' id='word_1_404' title='bbox 2822 1215 2913 1270; x_wconf 89' lang='lat' dir='ltr'><strong>die</strong></span> <span class='ocrx_word' id='word_1_405' title='bbox 2957 1214 3073 1286; x_wconf 90' lang='lat' dir='ltr'><strong>(qui</strong></span> <span class='ocrx_word' id='word_1_406' title='bbox 3111 1216 3231 1270; x_wconf 81' lang='lat' dir='ltr'><strong>dies</strong></span> <span class='ocrx_word' id='word_1_407' title='bbox 3287 1227 3410 1271; x_wconf 85' lang='lat' dir='ltr'><strong>erat</strong></span> <span class='ocrx_word' id='word_1_408' title='bbox 3467 1227 3597 1270; x_wconf 86' lang='lat' dir='ltr'><strong>ante</strong></span> 
     </span>
    </p>
   </div>
   <div class='ocr_carea' id='block_1_57' title="bbox 2010 1307 3600 1379">
    <p class='ocr_par' dir='ltr' id='par_1_57' title="bbox 2010 1307 3600 1379">
     <span class='ocr_line' id='line_1_57' title="bbox 2010 1307 3600 1379; baseline 0.003 -20"><span class='ocrx_word' id='word_1_409' title='bbox 2010 1325 2040 1359; x_wconf 82' lang='grc' dir='ltr'><strong>ν</strong></span> <span class='ocrx_word' id='word_1_410' title='bbox 2069 1308 2196 1362; x_wconf 80' lang='lat' dir='ltr'><strong>Kal.</strong></span> <span class='ocrx_word' id='word_1_411' title='bbox 2226 1307 2476 1379; x_wconf 84' lang='lat' dir='ltr'><strong>Octobr.)</strong></span> <span class='ocrx_word' id='word_1_412' title='bbox 2508 1309 2893 1373; x_wconf 79' lang='lat' dir='ltr'><strong>convenimus,</strong></span> <span class='ocrx_word' id='word_1_413' title='bbox 2946 1309 3095 1361; x_wconf 91' lang='lat' dir='ltr'><strong>omni</strong></span> <span class='ocrx_word' id='word_1_414' title='bbox 3137 1309 3323 1363; x_wconf 88' lang='lat' dir='ltr'><strong>studio</strong></span> <span class='ocrx_word' id='word_1_415' title='bbox 3383 1310 3435 1364; x_wconf 90' lang='lat' dir='ltr'><strong>in</strong></span> <span class='ocrx_word' id='word_1_416' title='bbox 3493 1309 3600 1364; x_wconf 80' lang='lat' dir='ltr'><strong>hoc</strong></span> 
     </span>
    </p>
   </div>
   <div class='ocr_carea' id='block_1_58' title="bbox 2011 1400 3600 1463">
    <p class='ocr_par' dir='ltr' id='par_1_58' title="bbox 2011 1400 3600 1463">
     <span class='ocr_line' id='line_1_58' title="bbox 2011 1400 3600 1463; baseline 0.001 -9"><span class='ocrx_word' id='word_1_417' title='bbox 2011 1401 2386 1463; x_wconf 86' lang='lat' dir='ltr'><strong>incubuimus,</strong></span> <span class='ocrx_word' id='word_1_418' title='bbox 2411 1401 2651 1456; x_wconf 81' lang='lat' dir='ltr'><strong>debitam</strong></span> <span class='ocrx_word' id='word_1_419' title='bbox 2705 1400 3144 1456; x_wconf 79' lang='lat' dir='ltr'><strong>moderationem</strong></span> <span class='ocrx_word' id='word_1_420' title='bbox 3184 1415 3404 1454; x_wconf 86' lang='lat' dir='ltr'><strong>omnem</strong></span> <span class='ocrx_word' id='word_1_421' title='bbox 3436 1401 3600 1456; x_wconf 85' lang='lat' dir='ltr'><strong>adhi-</strong></span> 
     </span>
    </p>
   </div>
   <div class='ocr_carea' id='block_1_59' title="bbox 2009 1494 3603 1564">
    <p class='ocr_par' dir='ltr' id='par_1_59' title="bbox 2009 1494 3603 1564">
     <span class='ocr_line' id='line_1_59' title="bbox 2009 1494 3603 1564; baseline 0 -16"><span class='ocrx_word' id='word_1_422' title='bbox 2009 1494 2224 1557; x_wconf 89' lang='lat' dir='ltr'><strong>bentes.</strong></span> <span class='ocrx_word' id='word_1_423' title='bbox 2266 1505 2327 1550; x_wconf 88' lang='lat' dir='ltr'><strong>ut</strong></span> <span class='ocrx_word' id='word_1_424' title='bbox 2361 1510 2550 1564; x_wconf 82' lang='lat' dir='ltr'><strong>pacem</strong></span> <span class='ocrx_word' id='word_1_425' title='bbox 2598 1495 2858 1550; x_wconf 73' lang='lat' dir='ltr'><strong>Ecclesiae</strong></span> <span class='ocrx_word' id='word_1_426' title='bbox 2912 1511 3394 1561; x_wconf 67' lang='lat' dir='ltr'><strong>conservarcmus,</strong></span> <span class='ocrx_word' id='word_1_427' title='bbox 3420 1506 3472 1552; x_wconf 91' lang='lat' dir='ltr'><strong>et</strong></span> <span class='ocrx_word' id='word_1_428' title='bbox 3532 1494 3603 1548; x_wconf 82' lang='lat' dir='ltr'><strong>de</strong></span> 
     </span>
    </p>
   </div>
   <div class='ocr_carea' id='block_1_60' title="bbox 2009 1587 3594 1656">
    <p class='ocr_par' dir='ltr' id='par_1_60' title="bbox 2009 1587 3594 1656">
     <span class='ocr_line' id='line_1_60' title="bbox 2009 1587 3594 1656; baseline 0 -14"><span class='ocrx_word' id='word_1_429' title='bbox 2009 1587 2115 1642; x_wconf 85' lang='lat' dir='ltr'><strong>ﬁde</strong></span> <span class='ocrx_word' id='word_1_430' title='bbox 2139 1589 2380 1656; x_wconf 80' lang='lat' dir='ltr'><strong>graviter</strong></span> <span class='ocrx_word' id='word_1_431' title='bbox 2401 1599 2456 1643; x_wconf 78' lang='lat' dir='ltr'><strong>et</strong></span> <span class='ocrx_word' id='word_1_432' title='bbox 2485 1599 2829 1654; x_wconf 82' lang='lat' dir='ltr'><strong>constanter,</strong></span> <span class='ocrx_word' id='word_1_433' title='bbox 2860 1590 3024 1645; x_wconf 87' lang='lat' dir='ltr'><strong>sicuti</strong></span> <span class='ocrx_word' id='word_1_434' title='bbox 3053 1591 3146 1644; x_wconf 90' lang='lat' dir='ltr'><strong>Dei</strong></span> <span class='ocrx_word' id='word_1_435' title='bbox 3171 1590 3594 1645; x_wconf 85' lang='lat' dir='ltr'><strong>amantissimus</strong></span> 
     </span>
    </p>
   </div>
   <div class='ocr_carea' id='block_1_61' title="bbox 2010 1684 3605 1758">
    <p class='ocr_par' dir='ltr' id='par_1_61' title="bbox 2010 1684 3605 1758">
     <span class='ocr_line' id='line_1_61' title="bbox 2010 1684 3605 1758; baseline 0 -19"><span class='ocrx_word' id='word_1_436' title='bbox 2010 1684 2313 1754; x_wconf 74' lang='lat' dir='ltr'><strong>imperator</strong></span> <span class='ocrx_word' id='word_1_437' title='bbox 2346 1696 2533 1741; x_wconf 82' lang='lat' dir='ltr'><strong>noster</strong></span> <span class='ocrx_word' id='word_1_438' title='bbox 2566 1685 2922 1741; x_wconf 82' lang='lat' dir='ltr'><strong>Constantius</strong></span> <span class='ocrx_word' id='word_1_439' title='bbox 2953 1687 3255 1756; x_wconf 66' lang='lat' dir='ltr'><strong>praacepit,</strong></span> <span class='ocrx_word' id='word_1_440' title='bbox 3285 1688 3440 1758; x_wconf 80' lang='lat' dir='ltr'><strong>juxta</strong></span> <span class='ocrx_word' id='word_1_441' title='bbox 3474 1702 3605 1757; x_wconf 89' lang='lat' dir='ltr'><strong>pro-</strong></span> 
     </span>
    </p>
   </div>
   <div class='ocr_carea' id='block_1_62' title="bbox 2012 1775 3603 1847">
    <p class='ocr_par' dir='ltr' id='par_1_62' title="bbox 2012 1775 3603 1847">
     <span class='ocr_line' id='line_1_62' title="bbox 2012 1775 3603 1847; baseline 0.002 -20"><span class='ocrx_word' id='word_1_442' title='bbox 2012 1775 2255 1845; x_wconf 76' lang='lat' dir='ltr'><strong>pheticus</strong></span> <span class='ocrx_word' id='word_1_443' title='bbox 2277 1786 2324 1829; x_wconf 79' lang='lat' dir='ltr'><strong>et</strong></span> <span class='ocrx_word' id='word_1_444' title='bbox 2365 1776 2717 1847; x_wconf 70' lang='lat' dir='ltr'><strong>erangelicas</strong></span> <span class='ocrx_word' id='word_1_445' title='bbox 2754 1792 2919 1831; x_wconf 75' lang='lat' dir='ltr'><strong>voces</strong></span> <span class='ocrx_word' id='word_1_446' title='bbox 2958 1785 3346 1840; x_wconf 82' lang='lat' dir='ltr'><strong>tractarcmus,</strong></span> <span class='ocrx_word' id='word_1_447' title='bbox 3385 1787 3440 1831; x_wconf 91' lang='lat' dir='ltr'><strong>ct</strong></span> <span class='ocrx_word' id='word_1_448' title='bbox 3466 1777 3603 1831; x_wconf 85' lang='lat' dir='ltr'><strong>nihil</strong></span> 
     </span>
    </p>
   </div>
   <div class='ocr_carea' id='block_1_63' title="bbox 2021 1868 3608 1939">
    <p class='ocr_par' dir='ltr' id='par_1_63' title="bbox 2021 1868 3608 1939">
     <span class='ocr_line' id='line_1_63' title="bbox 2021 1868 3608 1939; baseline 0.003 -18"><span class='ocrx_word' id='word_1_449' title='bbox 2021 1878 2218 1939; x_wconf 56' lang='lat' dir='ltr'><strong>pra&#39;ter</strong></span> <span class='ocrx_word' id='word_1_450' title='bbox 2272 1868 2613 1939; x_wconf 88' lang='lat' dir='ltr'><strong>Scripturam</strong></span> <span class='ocrx_word' id='word_1_451' title='bbox 2673 1869 2728 1923; x_wconf 93' lang='lat' dir='ltr'><strong>in</strong></span> <span class='ocrx_word' id='word_1_452' title='bbox 2771 1870 3201 1924; x_wconf 84' lang='lat' dir='ltr'><strong>ecclesiasticam</strong></span> <span class='ocrx_word' id='word_1_453' title='bbox 3240 1870 3363 1924; x_wconf 81' lang='lat' dir='ltr'><strong>lidei</strong></span> <span class='ocrx_word' id='word_1_454' title='bbox 3397 1870 3608 1939; x_wconf 84' lang='lat' dir='ltr'><strong>profes-</strong></span> 
     </span>
    </p>
   </div>
   <div class='ocr_carea' id='block_1_64' title="bbox 2020 1959 3606 2033">
    <p class='ocr_par' dir='ltr' id='par_1_64' title="bbox 2020 1959 3606 2033">
     <span class='ocr_line' id='line_1_64' title="bbox 2020 1959 3606 2033; baseline 0.001 -20"><span class='ocrx_word' id='word_1_455' title='bbox 2020 1959 2229 2014; x_wconf 88' lang='lat' dir='ltr'><strong>sionem</strong></span> <span class='ocrx_word' id='word_1_456' title='bbox 2261 1959 2658 2016; x_wconf 73' lang='lat' dir='ltr'><strong>insereremus.</strong></span> <span class='ocrx_word' id='word_1_457' title='bbox 2680 1960 2949 2029; x_wconf 87' lang='lat' dir='ltr'><strong>Quoniam</strong></span> <span class='ocrx_word' id='word_1_458' title='bbox 2973 1976 3104 2015; x_wconf 87' lang='lat' dir='ltr'><strong>vero</strong></span> <span class='ocrx_word' id='word_1_459' title='bbox 3135 1960 3189 2014; x_wconf 92' lang='lat' dir='ltr'><strong>in</strong></span> <span class='ocrx_word' id='word_1_460' title='bbox 3222 1961 3432 2033; x_wconf 77' lang='lat' dir='ltr'><strong>synodo</strong></span> <span class='ocrx_word' id='word_1_461' title='bbox 3465 1975 3606 2015; x_wconf 83' lang='lat' dir='ltr'><strong>non-</strong></span> 
     </span>
    </p>
   </div>
   <div class='ocr_carea' id='block_1_65' title="bbox 2020 2054 3609 2129">
    <p class='ocr_par' dir='ltr' id='par_1_65' title="bbox 2020 2054 3609 2129">
     <span class='ocr_line' id='line_1_65' title="bbox 2020 2054 3609 2129; baseline 0.002 -21"><span class='ocrx_word' id='word_1_462' title='bbox 2020 2054 2156 2109; x_wconf 90' lang='lat' dir='ltr'><strong>nulli</strong></span> <span class='ocrx_word' id='word_1_463' title='bbox 2189 2055 2455 2126; x_wconf 87' lang='lat' dir='ltr'><strong>quosdam</strong></span> <span class='ocrx_word' id='word_1_464' title='bbox 2479 2072 2544 2111; x_wconf 82' lang='lat' dir='ltr'><strong>ex</strong></span> <span class='ocrx_word' id='word_1_465' title='bbox 2580 2058 2786 2112; x_wconf 87' lang='lat' dir='ltr'><strong>nostris</strong></span> <span class='ocrx_word' id='word_1_466' title='bbox 2837 2055 3038 2129; x_wconf 83' lang='lat' dir='ltr'><strong>injuria</strong></span> <span class='ocrx_word' id='word_1_467' title='bbox 3072 2056 3334 2122; x_wconf 76' lang='lat' dir='ltr'><strong>aﬂ‘eccre,</strong></span> <span class='ocrx_word' id='word_1_468' title='bbox 3378 2057 3609 2126; x_wconf 85' lang='lat' dir='ltr'><strong>quibus-</strong></span> 
     </span>
    </p>
   </div>
   <div class='ocr_carea' id='block_1_66' title="bbox 2021 2146 3605 2219">
    <p class='ocr_par' dir='ltr' id='par_1_66' title="bbox 2021 2146 3605 2219">
     <span class='ocr_line' id='line_1_66' title="bbox 2021 2146 3605 2219; baseline 0.003 -18"><span class='ocrx_word' id='word_1_469' title='bbox 2021 2146 2144 2201; x_wconf 88' lang='lat' dir='ltr'><strong>dam</strong></span> <span class='ocrx_word' id='word_1_470' title='bbox 2165 2164 2282 2212; x_wconf 83' lang='lat' dir='ltr'><strong>ora,</strong></span> <span class='ocrx_word' id='word_1_471' title='bbox 2319 2163 2427 2202; x_wconf 91' lang='lat' dir='ltr'><strong>non</strong></span> <span class='ocrx_word' id='word_1_472' title='bbox 2469 2149 2853 2219; x_wconf 87' lang='lat' dir='ltr'><strong>permittentes</strong></span> <span class='ocrx_word' id='word_1_473' title='bbox 2902 2164 2999 2205; x_wconf 87' lang='lat' dir='ltr'><strong>eos</strong></span> <span class='ocrx_word' id='word_1_474' title='bbox 3039 2149 3372 2204; x_wconf 81' lang='lat' dir='ltr'><strong>sententiam</strong></span> <span class='ocrx_word' id='word_1_475' title='bbox 3393 2151 3605 2211; x_wconf 75' lang='lat' dir='ltr'><strong>dicere.</strong></span> 
     </span>
    </p>
   </div>
   <div class='ocr_carea' id='block_1_67' title="bbox 2020 2239 3607 2317">
    <p class='ocr_par' dir='ltr' id='par_1_67' title="bbox 2020 2239 3607 2317">
     <span class='ocr_line' id='line_1_67' title="bbox 2020 2239 3607 2317; baseline 0.004 -27"><span class='ocrx_word' id='word_1_476' title='bbox 2020 2239 2370 2317; x_wconf 76' lang='lat' dir='ltr'><strong>obstruxere,</strong></span> <span class='ocrx_word' id='word_1_477' title='bbox 2425 2241 2561 2296; x_wconf 87' lang='lat' dir='ltr'><strong>alios</strong></span> <span class='ocrx_word' id='word_1_478' title='bbox 2615 2242 2901 2297; x_wconf 83' lang='lat' dir='ltr'><strong>exclusere</strong></span> <span class='ocrx_word' id='word_1_479' title='bbox 2984 2243 3207 2308; x_wconf 83' lang='lat' dir='ltr'><strong>invitos,</strong></span> <span class='ocrx_word' id='word_1_480' title='bbox 3282 2253 3446 2312; x_wconf 89' lang='lat' dir='ltr'><strong>atque</strong></span> <span class='ocrx_word' id='word_1_481' title='bbox 3490 2258 3607 2310; x_wconf 88' lang='lat' dir='ltr'><strong>eos,</strong></span> 
     </span>
    </p>
   </div>
   <div class='ocr_carea' id='block_1_68' title="bbox 2020 2333 3604 2406">
    <p class='ocr_par' dir='ltr' id='par_1_68' title="bbox 2020 2333 3604 2406">
     <span class='ocr_line' id='line_1_68' title="bbox 2020 2333 3604 2406; baseline 0.004 -20"><span class='ocrx_word' id='word_1_482' title='bbox 2020 2333 2225 2403; x_wconf 79' lang='lat' dir='ltr'><strong>quibus</strong></span> <span class='ocrx_word' id='word_1_483' title='bbox 2256 2333 2491 2406; x_wconf 79' lang='lat' dir='ltr'><strong>dignitas</strong></span> <span class='ocrx_word' id='word_1_484' title='bbox 2531 2334 2784 2404; x_wconf 86' lang='lat' dir='ltr'><strong>adempta</strong></span> <span class='ocrx_word' id='word_1_485' title='bbox 2818 2343 2922 2399; x_wconf 71' lang='grc' dir='ltr'>εει,</span> <span class='ocrx_word' id='word_1_486' title='bbox 2959 2349 3025 2389; x_wconf 80' lang='lat' dir='ltr'><strong>ex</strong></span> <span class='ocrx_word' id='word_1_487' title='bbox 3088 2334 3256 2390; x_wconf 86' lang='lat' dir='ltr'><strong>variis</strong></span> <span class='ocrx_word' id='word_1_488' title='bbox 3282 2336 3604 2406; x_wconf 80' lang='lat' dir='ltr'><strong>provinciis.</strong></span> 
     </span>
    </p>
   </div>
   <div class='ocr_carea' id='block_1_69' title="bbox 2023 2425 3608 2495">
    <p class='ocr_par' dir='ltr' id='par_1_69' title="bbox 2023 2425 3608 2495">
     <span class='ocr_line' id='line_1_69' title="bbox 2023 2425 3608 2495; baseline 0.002 -17"><span class='ocrx_word' id='word_1_489' title='bbox 2023 2425 2106 2481; x_wconf 81' lang='lat' dir='ltr'><strong>vel</strong></span> <span class='ocrx_word' id='word_1_490' title='bbox 2138 2425 2230 2495; x_wconf 84' lang='lat' dir='ltr'><strong>qui</strong></span> <span class='ocrx_word' id='word_1_491' title='bbox 2263 2436 2455 2481; x_wconf 86' lang='lat' dir='ltr'><strong>contra</strong></span> <span class='ocrx_word' id='word_1_492' title='bbox 2483 2440 2729 2481; x_wconf 88' lang='lat' dir='ltr'><strong>canones</strong></span> <span class='ocrx_word' id='word_1_493' title='bbox 2783 2426 2837 2480; x_wconf 94' lang='lat' dir='ltr'><strong>in</strong></span> <span class='ocrx_word' id='word_1_494' title='bbox 2879 2425 3133 2481; x_wconf 89' lang='lat' dir='ltr'><strong>ordinem</strong></span> <span class='ocrx_word' id='word_1_495' title='bbox 3171 2425 3608 2483; x_wconf 85' lang='lat' dir='ltr'><strong>ecclesiasticum</strong></span> 
     </span>
    </p>
   </div>
   <div class='ocr_carea' id='block_1_70' title="bbox 2022 2517 3610 2588">
    <p class='ocr_par' dir='ltr' id='par_1_70' title="bbox 2022 2517 3610 2588">
     <span class='ocr_line' id='line_1_70' title="bbox 2022 2517 3610 2588; baseline 0.001 -16"><span class='ocrx_word' id='word_1_496' title='bbox 2022 2518 2262 2588; x_wconf 86' lang='lat' dir='ltr'><strong>cooptati</strong></span> <span class='ocrx_word' id='word_1_497' title='bbox 2306 2528 2454 2582; x_wconf 85' lang='lat' dir='ltr'><strong>sunt,</strong></span> <span class='ocrx_word' id='word_1_498' title='bbox 2512 2533 2703 2573; x_wconf 90' lang='lat' dir='ltr'><strong>secum</strong></span> <span class='ocrx_word' id='word_1_499' title='bbox 2761 2517 3067 2585; x_wconf 73' lang='lat' dir='ltr'><strong>adduxere,</strong></span> <span class='ocrx_word' id='word_1_500' title='bbox 3123 2520 3197 2573; x_wconf 86' lang='lat' dir='ltr'><strong>ita</strong></span> <span class='ocrx_word' id='word_1_501' title='bbox 3248 2526 3309 2573; x_wconf 91' lang='lat' dir='ltr'><strong>ut</strong></span> <span class='ocrx_word' id='word_1_502' title='bbox 3338 2534 3406 2574; x_wconf 69' lang='lat' dir='ltr'><strong>ex</strong></span> <span class='ocrx_word' id='word_1_503' title='bbox 3456 2519 3610 2574; x_wconf 91' lang='lat' dir='ltr'><strong>omni</strong></span> 
     </span>
    </p>
   </div>
   <div class='ocr_carea' id='block_1_71' title="bbox 2022 2610 3609 2681">
    <p class='ocr_par' dir='ltr' id='par_1_71' title="bbox 2022 2610 3609 2681">
     <span class='ocr_line' id='line_1_71' title="bbox 2022 2610 3609 2681; baseline 0.003 -19"><span class='ocrx_word' id='word_1_504' title='bbox 2022 2619 2176 2679; x_wconf 88' lang='lat' dir='ltr'><strong>parte</strong></span> <span class='ocrx_word' id='word_1_505' title='bbox 2197 2617 2508 2664; x_wconf 83' lang='lat' dir='ltr'><strong>conventus</strong></span> <span class='ocrx_word' id='word_1_506' title='bbox 2531 2610 2709 2664; x_wconf 82' lang='lat' dir='ltr'><strong>turbis</strong></span> <span class='ocrx_word' id='word_1_507' title='bbox 2729 2610 2977 2680; x_wconf 88' lang='lat' dir='ltr'><strong>repletus</strong></span> <span class='ocrx_word' id='word_1_508' title='bbox 3008 2611 3104 2671; x_wconf 89' lang='lat' dir='ltr'><strong>sit.</strong></span> <span class='ocrx_word' id='word_1_509' title='bbox 3144 2612 3609 2681; x_wconf 87' lang='lat' dir='ltr'><strong>quemadmodum</strong></span> 
     </span>
    </p>
   </div>
   <div class='ocr_carea' id='block_1_72' title="bbox 2024 2700 3612 2770">
    <p class='ocr_par' dir='ltr' id='par_1_72' title="bbox 2024 2700 3612 2770">
     <span class='ocr_line' id='line_1_72' title="bbox 2024 2700 3612 2770; baseline 0.001 -15"><span class='ocrx_word' id='word_1_510' title='bbox 2024 2700 2078 2755; x_wconf 89' lang='lat' dir='ltr'><strong>id</strong></span> <span class='ocrx_word' id='word_1_511' title='bbox 2138 2701 2429 2757; x_wconf 85' lang='lat' dir='ltr'><strong>clarissimi</strong></span> <span class='ocrx_word' id='word_1_512' title='bbox 2464 2702 2591 2770; x_wconf 77' lang='lat' dir='ltr'><strong>viri,</strong></span> <span class='ocrx_word' id='word_1_513' title='bbox 2655 2701 2870 2758; x_wconf 88' lang='lat' dir='ltr'><strong>Leonas</strong></span> <span class='ocrx_word' id='word_1_514' title='bbox 2921 2702 3144 2764; x_wconf 90' lang='lat' dir='ltr'><strong>Comes.</strong></span> <span class='ocrx_word' id='word_1_515' title='bbox 3204 2710 3263 2758; x_wconf 88' lang='lat' dir='ltr'><strong>et</strong></span> <span class='ocrx_word' id='word_1_516' title='bbox 3322 2702 3612 2760; x_wconf 85' lang='lat' dir='ltr'><strong>Lauricius</strong></span> 
     </span>
    </p>
   </div>
   <div class='ocr_carea' id='block_1_73' title="bbox 2023 2793 3613 2868">
    <p class='ocr_par' dir='ltr' id='par_1_73' title="bbox 2023 2793 3613 2868">
     <span class='ocr_line' id='line_1_73' title="bbox 2023 2793 3613 2868; baseline 0.003 -22"><span class='ocrx_word' id='word_1_517' title='bbox 2023 2793 2326 2864; x_wconf 64' lang='lat' dir='ltr'><strong>provinciae</strong></span> <span class='ocrx_word' id='word_1_518' title='bbox 2380 2794 2543 2868; x_wconf 82' lang='lat' dir='ltr'><strong>lmjus</strong></span> <span class='ocrx_word' id='word_1_519' title='bbox 2590 2795 2908 2864; x_wconf 69' lang='lat' dir='ltr'><strong>prmfeetus,</strong></span> <span class='ocrx_word' id='word_1_520' title='bbox 2946 2798 3121 2851; x_wconf 85' lang='lat' dir='ltr'><strong>oculis</strong></span> <span class='ocrx_word' id='word_1_521' title='bbox 3177 2795 3279 2864; x_wconf 91' lang='lat' dir='ltr'><strong>ipsi</strong></span> <span class='ocrx_word' id='word_1_522' title='bbox 3330 2798 3446 2850; x_wconf 85' lang='lat' dir='ltr'><strong>suis</strong></span> <span class='ocrx_word' id='word_1_523' title='bbox 3483 2812 3613 2852; x_wconf 82' lang='lat' dir='ltr'><strong>con-</strong></span> 
     </span>
    </p>
   </div>
   <div class='ocr_carea' id='block_1_74' title="bbox 2025 2884 3619 2957">
    <p class='ocr_par' dir='ltr' id='par_1_74' title="bbox 2025 2884 3619 2957">
     <span class='ocr_line' id='line_1_74' title="bbox 2025 2884 3619 2957; baseline 0.002 -18"><span class='ocrx_word' id='word_1_524' title='bbox 2025 2898 2255 2954; x_wconf 76' lang='lat' dir='ltr'><strong>spexere</strong></span> <span class='ocrx_word' id='word_1_525' title='bbox 2290 2902 2304 2938; x_wconf 93' lang='lat'><strong>:</strong></span> <span class='ocrx_word' id='word_1_526' title='bbox 2341 2896 2631 2955; x_wconf 77' lang='lat' dir='ltr'><strong>propterea</strong></span> <span class='ocrx_word' id='word_1_527' title='bbox 2671 2884 3033 2956; x_wconf 82' lang='lat' dir='ltr'><strong>profitemur.</strong></span> <span class='ocrx_word' id='word_1_528' title='bbox 3067 2902 3168 2941; x_wconf 92' lang='lat' dir='ltr'><strong>nos</strong></span> <span class='ocrx_word' id='word_1_529' title='bbox 3208 2902 3316 2940; x_wconf 90' lang='lat' dir='ltr'><strong>nou</strong></span> <span class='ocrx_word' id='word_1_530' title='bbox 3353 2887 3619 2957; x_wconf 78' lang='lat' dir='ltr'><strong>defugere</strong></span> 
     </span>
    </p>
   </div>
   <div class='ocr_carea' id='block_1_75' title="bbox 2025 2978 3614 3049">
    <p class='ocr_par' dir='ltr' id='par_1_75' title="bbox 2025 2978 3614 3049">
     <span class='ocr_line' id='line_1_75' title="bbox 2025 2978 3614 3049; baseline 0 -18"><span class='ocrx_word' id='word_1_531' title='bbox 2025 2978 2412 3032; x_wconf 80' lang='lat' dir='ltr'><strong>auctoritatem</strong></span> <span class='ocrx_word' id='word_1_532' title='bbox 2461 2978 2611 3040; x_wconf 81' lang='lat' dir='ltr'><strong>fidei.</strong></span> <span class='ocrx_word' id='word_1_533' title='bbox 2654 2994 2777 3048; x_wconf 68' lang='lat' dir='ltr'><strong>quxe</strong></span> <span class='ocrx_word' id='word_1_534' title='bbox 2822 2979 3133 3034; x_wconf 63' lang='lat' dir='ltr'><strong>Antiochiae</strong></span> <span class='ocrx_word' id='word_1_535' title='bbox 3164 2978 3427 3035; x_wconf 78' lang='lat' dir='ltr'><strong>encaeniis</strong></span> <span class='ocrx_word' id='word_1_536' title='bbox 3478 2980 3614 3049; x_wconf 80' lang='lat' dir='ltr'><strong>ipsis</strong></span> 
     </span>
    </p>
   </div>
   <div class='ocr_carea' id='block_1_76' title="bbox 2025 3068 3616 3141">
    <p class='ocr_par' dir='ltr' id='par_1_76' title="bbox 2025 3068 3616 3141">
     <span class='ocr_line' id='line_1_76' title="bbox 2025 3068 3616 3141; baseline 0.003 -19"><span class='ocrx_word' id='word_1_537' title='bbox 2025 3071 2299 3141; x_wconf 79' lang='lat' dir='ltr'><strong>publicata</strong></span> <span class='ocrx_word' id='word_1_538' title='bbox 2326 3080 2432 3135; x_wconf 85' lang='lat' dir='ltr'><strong>est,</strong></span> <span class='ocrx_word' id='word_1_539' title='bbox 2470 3086 2633 3140; x_wconf 78' lang='lat' dir='ltr'><strong>quam</strong></span> <span class='ocrx_word' id='word_1_540' title='bbox 2669 3071 2834 3126; x_wconf 84' lang='lat' dir='ltr'><strong>etiam</strong></span> <span class='ocrx_word' id='word_1_541' title='bbox 2873 3068 3616 3141; x_wconf 78' lang='lat' dir='ltr'><strong>proferimus.737Quan-</strong></span> 
     </span>
    </p>
   </div>
   <div class='ocr_carea' id='block_1_77' title="bbox 2027 3162 3612 3235">
    <p class='ocr_par' dir='ltr' id='par_1_77' title="bbox 2027 3162 3612 3235">
     <span class='ocr_line' id='line_1_77' title="bbox 2027 3162 3612 3235; baseline 0.004 -21"><span class='ocrx_word' id='word_1_542' title='bbox 2027 3162 2324 3234; x_wconf 85' lang='lat' dir='ltr'><strong>doquidem</strong></span> <span class='ocrx_word' id='word_1_543' title='bbox 2381 3172 2600 3218; x_wconf 82' lang='lat' dir='ltr'><strong>constat</strong></span> <span class='ocrx_word' id='word_1_544' title='bbox 2635 3173 2818 3233; x_wconf 74' lang='lat' dir='ltr'><strong>patres</strong></span> <span class='ocrx_word' id='word_1_545' title='bbox 2870 3172 3090 3217; x_wconf 92' lang='lat' dir='ltr'><strong>nostros</strong></span> <span class='ocrx_word' id='word_1_546' title='bbox 3134 3163 3186 3217; x_wconf 92' lang='lat' dir='ltr'><strong>id</strong></span> <span class='ocrx_word' id='word_1_547' title='bbox 3243 3166 3506 3235; x_wconf 89' lang='lat' dir='ltr'><strong>temporis</strong></span> <span class='ocrx_word' id='word_1_548' title='bbox 3556 3164 3612 3220; x_wconf 86' lang='lat' dir='ltr'><strong>in</strong></span> 
     </span>
    </p>
   </div>
   <div class='ocr_carea' id='block_1_78' title="bbox 2028 3253 3618 3324">
    <p class='ocr_par' dir='ltr' id='par_1_78' title="bbox 2028 3253 3618 3324">
     <span class='ocr_line' id='line_1_78' title="bbox 2028 3253 3618 3324; baseline 0.003 -17"><span class='ocrx_word' id='word_1_549' title='bbox 2028 3254 2130 3309; x_wconf 81' lang='lat' dir='ltr'><strong>hac</strong></span> <span class='ocrx_word' id='word_1_550' title='bbox 2162 3254 2437 3324; x_wconf 89' lang='lat' dir='ltr'><strong>proposita</strong></span> <span class='ocrx_word' id='word_1_551' title='bbox 2465 3254 2533 3309; x_wconf 87' lang='lat' dir='ltr'><strong>de</strong></span> <span class='ocrx_word' id='word_1_552' title='bbox 2570 3253 2675 3311; x_wconf 79' lang='lat' dir='ltr'><strong>fide</strong></span> <span class='ocrx_word' id='word_1_553' title='bbox 2700 3256 3076 3310; x_wconf 85' lang='lat' dir='ltr'><strong>controversia</strong></span> <span class='ocrx_word' id='word_1_554' title='bbox 3124 3256 3266 3309; x_wconf 77' lang='lat' dir='ltr'><strong>inter</strong></span> <span class='ocrx_word' id='word_1_555' title='bbox 3297 3271 3354 3311; x_wconf 90' lang='lat' dir='ltr'><strong>se</strong></span> <span class='ocrx_word' id='word_1_556' title='bbox 3385 3272 3618 3312; x_wconf 82' lang='lat' dir='ltr'><strong>COIISCll-</strong></span> 
     </span>
    </p>
   </div>
   <div class='ocr_carea' id='block_1_79' title="bbox 2025 3344 3618 3415">
    <p class='ocr_par' dir='ltr' id='par_1_79' title="bbox 2025 3344 3618 3415">
     <span class='ocr_line' id='line_1_79' title="bbox 2025 3344 3618 3415; baseline 0.001 -17"><span class='ocrx_word' id='word_1_557' title='bbox 2025 3345 2185 3400; x_wconf 82' lang='lat' dir='ltr'><strong>sisse.</strong></span> <span class='ocrx_word' id='word_1_558' title='bbox 2237 3345 2440 3400; x_wconf 76' lang='lat' dir='ltr'><strong>Verum</strong></span> <span class='ocrx_word' id='word_1_559' title='bbox 2471 3344 2729 3415; x_wconf 87' lang='lat' dir='ltr'><strong>quoniam</strong></span> <span class='ocrx_word' id='word_1_560' title='bbox 2787 3347 2848 3399; x_wconf 64' lang='lat' dir='ltr'><strong>&#39;r‘;</strong></span> <span class='ocrx_word' id='word_1_561' title='bbox 2900 3345 3192 3415; x_wconf 78' lang='grc' dir='ltr'>όμοούσιον</span> <span class='ocrx_word' id='word_1_562' title='bbox 3248 3347 3618 3414; x_wconf 75' lang='lat' dir='ltr'><strong>(consubstan-</strong></span> 
     </span>
    </p>
   </div>
   <div class='ocr_carea' id='block_1_80' title="bbox 2028 3428 3614 3508">
    <p class='ocr_par' dir='ltr' id='par_1_80' title="bbox 2028 3428 3614 3508">
     <span class='ocr_line' id='line_1_80' title="bbox 2028 3428 3614 3508; baseline 0.002 -19"><span class='ocrx_word' id='word_1_563' title='bbox 2028 3435 2199 3507; x_wconf 71' lang='lat' dir='ltr'><strong>tiale),</strong></span> <span class='ocrx_word' id='word_1_564' title='bbox 2231 3445 2286 3490; x_wconf 83' lang='lat' dir='ltr'><strong>et</strong></span> <span class='ocrx_word' id='word_1_565' title='bbox 2315 3436 2375 3490; x_wconf 74' lang='grc' dir='ltr'>τὸ</span> <span class='ocrx_word' id='word_1_566' title='bbox 2401 3436 2714 3508; x_wconf 71' lang='grc' dir='ltr'>ίμοιούσιον</span> <span class='ocrx_word' id='word_1_567' title='bbox 2742 3437 2933 3507; x_wconf 77' lang='lat' dir='ltr'><strong>(simile</strong></span> <span class='ocrx_word' id='word_1_568' title='bbox 2976 3428 3300 3506; x_wconf 67' lang='lat' dir='ltr'><strong>substantid)</strong></span> <span class='ocrx_word' id='word_1_569' title='bbox 3360 3439 3614 3508; x_wconf 66' lang='lat' dir='ltr'><strong>pra-teri-</strong></span> 
     </span>
    </p>
   </div>
   <div class='ocr_carea' id='block_1_81' title="bbox 2027 3527 3611 3600">
    <p class='ocr_par' dir='ltr' id='par_1_81' title="bbox 2027 3527 3611 3600">
     <span class='ocr_line' id='line_1_81' title="bbox 2027 3527 3611 3600; baseline 0 -17"><span class='ocrx_word' id='word_1_570' title='bbox 2027 3529 2095 3583; x_wconf 88' lang='lat' dir='ltr'><strong>tis</strong></span> <span class='ocrx_word' id='word_1_571' title='bbox 2156 3529 2541 3597; x_wconf 84' lang='lat' dir='ltr'><strong>temporibus.</strong></span> <span class='ocrx_word' id='word_1_572' title='bbox 2593 3537 2761 3598; x_wconf 88' lang='lat' dir='ltr'><strong>atque</strong></span> <span class='ocrx_word' id='word_1_573' title='bbox 2794 3527 2933 3582; x_wconf 89' lang='lat' dir='ltr'><strong>adeo</strong></span> <span class='ocrx_word' id='word_1_574' title='bbox 2980 3542 3132 3583; x_wconf 91' lang='lat' dir='ltr'><strong>nunc</strong></span> <span class='ocrx_word' id='word_1_575' title='bbox 3192 3544 3416 3600; x_wconf 88' lang='lat' dir='ltr'><strong>quoque</strong></span> <span class='ocrx_word' id='word_1_576' title='bbox 3483 3547 3611 3600; x_wconf 87' lang='lat' dir='ltr'><strong>pcr-</strong></span> 
     </span>
    </p>
   </div>
   <div class='ocr_carea' id='block_1_82' title="bbox 2028 3606 3617 3693">
    <p class='ocr_par' dir='ltr' id='par_1_82' title="bbox 2028 3606 3617 3693">
     <span class='ocr_line' id='line_1_82' title="bbox 2028 3606 3617 3693; baseline 0.003 -18"><span class='ocrx_word' id='word_1_577' title='bbox 2028 3622 2300 3686; x_wconf 73' lang='lat' dir='ltr'><strong>turltavit,</strong></span> <span class='ocrx_word' id='word_1_578' title='bbox 2324 3632 2379 3677; x_wconf 91' lang='lat' dir='ltr'><strong>et</strong></span> <span class='ocrx_word' id='word_1_579' title='bbox 2399 3638 2577 3692; x_wconf 89' lang='lat' dir='ltr'><strong>nuper</strong></span> <span class='ocrx_word' id='word_1_580' title='bbox 2610 3622 2907 3677; x_wconf 84' lang='lat' dir='ltr'><strong>admodum</strong></span> <span class='ocrx_word' id='word_1_581' title='bbox 2938 3606 3162 3693; x_wconf 86' lang='lat' dir='ltr'><strong>quidam</strong></span> <span class='ocrx_word' id='word_1_582' title='bbox 3191 3623 3288 3693; x_wconf 73' lang='lat' dir='ltr'><strong>pe&#39;r</strong></span> <span class='ocrx_word' id='word_1_583' title='bbox 3323 3640 3410 3678; x_wconf 90' lang='lat' dir='ltr'><strong>res</strong></span> <span class='ocrx_word' id='word_1_584' title='bbox 3446 3639 3617 3679; x_wconf 82' lang='lat' dir='ltr'><strong>novas</strong></span> 
     </span>
    </p>
   </div>
   <div class='ocr_carea' id='block_1_83' title="bbox 2028 3710 3616 3785">
    <p class='ocr_par' dir='ltr' id='par_1_83' title="bbox 2028 3710 3616 3785">
     <span class='ocr_line' id='line_1_83' title="bbox 2028 3710 3616 3785; baseline 0.002 -19"><span class='ocrx_word' id='word_1_585' title='bbox 2028 3710 2351 3768; x_wconf 89' lang='lat' dir='ltr'><strong>dissimilem</strong></span> <span class='ocrx_word' id='word_1_586' title='bbox 2419 3729 2543 3769; x_wconf 86' lang='lat' dir='ltr'><strong>esse</strong></span> <span class='ocrx_word' id='word_1_587' title='bbox 2599 3713 2743 3768; x_wconf 82' lang='lat' dir='ltr'><strong>Patri</strong></span> <span class='ocrx_word' id='word_1_588' title='bbox 2780 3713 2981 3769; x_wconf 84' lang='lat' dir='ltr'><strong>Filium</strong></span> <span class='ocrx_word' id='word_1_589' title='bbox 3016 3715 3488 3785; x_wconf 76' lang='lat' dir='ltr'><strong>promulgarunt:</strong></span> <span class='ocrx_word' id='word_1_590' title='bbox 3552 3732 3616 3770; x_wconf 85' lang='lat' dir='ltr'><strong>ea</strong></span> 
     </span>
    </p>
   </div>
   <div class='ocr_carea' id='block_1_84' title="bbox 2031 3803 3619 3876">
    <p class='ocr_par' dir='ltr' id='par_1_84' title="bbox 2031 3803 3619 3876">
     <span class='ocr_line' id='line_1_84' title="bbox 2031 3803 3619 3876; baseline 0.003 -17"><span class='ocrx_word' id='word_1_591' title='bbox 2031 3803 2147 3876; x_wconf 84' lang='lat' dir='ltr'><strong>ipsa</strong></span> <span class='ocrx_word' id='word_1_592' title='bbox 2183 3805 2251 3861; x_wconf 90' lang='lat' dir='ltr'><strong>de</strong></span> <span class='ocrx_word' id='word_1_593' title='bbox 2279 3821 2443 3860; x_wconf 76' lang='lat' dir='ltr'><strong>causa</strong></span> <span class='ocrx_word' id='word_1_594' title='bbox 2480 3814 2537 3860; x_wconf 90' lang='lat' dir='ltr'><strong>et</strong></span> <span class='ocrx_word' id='word_1_595' title='bbox 2607 3805 2668 3858; x_wconf 73' lang='grc' dir='ltr'>τὸ</span> <span class='ocrx_word' id='word_1_596' title='bbox 2698 3803 3011 3875; x_wconf 83' lang='grc' dir='ltr'>ὁμοούσιον,</span> <span class='ocrx_word' id='word_1_597' title='bbox 3052 3807 3523 3873; x_wconf 78' lang='lat' dir='ltr'><strong>consubstantiale,</strong></span> <span class='ocrx_word' id='word_1_598' title='bbox 3562 3819 3619 3863; x_wconf 81' lang='lat' dir='ltr'><strong>ct</strong></span> 
     </span>
    </p>
   </div>
   <div class='ocr_carea' id='block_1_85' title="bbox 2028 3896 3619 3969">
    <p class='ocr_par' dir='ltr' id='par_1_85' title="bbox 2028 3896 3619 3969">
     <span class='ocr_line' id='line_1_85' title="bbox 2028 3896 3619 3969; baseline 0.003 -17"><span class='ocrx_word' id='word_1_599' title='bbox 2028 3899 2089 3952; x_wconf 83' lang='grc' dir='ltr'><strong>τὸ</strong></span> <span class='ocrx_word' id='word_1_600' title='bbox 2124 3899 2465 3969; x_wconf 82' lang='grc' dir='ltr'>όμοιούσιον,</span> <span class='ocrx_word' id='word_1_601' title='bbox 2524 3896 2696 3953; x_wconf 81' lang='lat' dir='ltr'><strong>simile</strong></span> <span class='ocrx_word' id='word_1_602' title='bbox 2726 3897 3029 3954; x_wconf 77' lang='lat' dir='ltr'><strong>substantia</strong></span> <span class='ocrx_word' id='word_1_603' title='bbox 3053 3939 3069 3966; x_wconf 93' lang='lat'><strong>,</strong></span> <span class='ocrx_word' id='word_1_604' title='bbox 3105 3910 3164 3955; x_wconf 83' lang='lat' dir='ltr'><strong>ut</strong></span> <span class='ocrx_word' id='word_1_605' title='bbox 3200 3916 3362 3955; x_wconf 84' lang='lat' dir='ltr'><strong>voces</strong></span> <span class='ocrx_word' id='word_1_606' title='bbox 3398 3917 3424 3954; x_wconf 69' lang='grc' dir='ltr'>τι</span> <span class='ocrx_word' id='word_1_607' title='bbox 3464 3900 3619 3957; x_wconf 73' lang='lat' dir='ltr'><strong>Scri-</strong></span> 
     </span>
    </p>
   </div>
   <div class='ocr_carea' id='block_1_86' title="bbox 2030 3992 3617 4065">
    <p class='ocr_par' dir='ltr' id='par_1_86' title="bbox 2030 3992 3617 4065">
     <span class='ocr_line' id='line_1_86' title="bbox 2030 3992 3617 4065; baseline 0 -17"><span class='ocrx_word' id='word_1_608' title='bbox 2030 3992 2210 4065; x_wconf 87' lang='lat' dir='ltr'><strong>pturis</strong></span> <span class='ocrx_word' id='word_1_609' title='bbox 2243 3994 2454 4049; x_wconf 87' lang='lat' dir='ltr'><strong>alienas</strong></span> <span class='ocrx_word' id='word_1_610' title='bbox 2479 4032 2494 4054; x_wconf 90' lang='lat'><strong>.</strong></span> <span class='ocrx_word' id='word_1_611' title='bbox 2529 3992 2815 4061; x_wconf 84' lang='lat' dir='ltr'><strong>rejicimus</strong></span> <span class='ocrx_word' id='word_1_612' title='bbox 2852 4010 2865 4047; x_wconf 91' lang='lat'><strong>:</strong></span> <span class='ocrx_word' id='word_1_613' title='bbox 2913 3994 3168 4062; x_wconf 84' lang='grc' dir='ltr'>ἀνόμοιον</span> <span class='ocrx_word' id='word_1_614' title='bbox 3203 3994 3308 4050; x_wconf 83' lang='lat' dir='ltr'><strong>hoc</strong></span> <span class='ocrx_word' id='word_1_615' title='bbox 3348 4004 3429 4048; x_wconf 85' lang='lat' dir='ltr'><strong>est</strong></span> <span class='ocrx_word' id='word_1_616' title='bbox 3457 4037 3470 4056; x_wconf 90' lang='lat'><strong>.</strong></span> <span class='ocrx_word' id='word_1_617' title='bbox 3507 3995 3617 4049; x_wconf 69' lang='lat' dir='ltr'><strong>dis-</strong></span> 
     </span>
    </p>
   </div>
   <div class='ocr_carea' id='block_1_87' title="bbox 2028 4084 3620 4156">
    <p class='ocr_par' dir='ltr' id='par_1_87' title="bbox 2028 4084 3620 4156">
     <span class='ocr_line' id='line_1_87' title="bbox 2028 4084 3620 4156; baseline 0.001 -16"><span class='ocrx_word' id='word_1_618' title='bbox 2028 4085 2204 4140; x_wconf 78' lang='lat' dir='ltr'><strong>simile</strong></span> <span class='ocrx_word' id='word_1_619' title='bbox 2262 4094 2443 4140; x_wconf 90' lang='lat' dir='ltr'><strong>autcm</strong></span> <span class='ocrx_word' id='word_1_620' title='bbox 2506 4084 2844 4140; x_wconf 83' lang='lat' dir='ltr'><strong>anathemati</strong></span> <span class='ocrx_word' id='word_1_621' title='bbox 2901 4087 3278 4156; x_wconf 68' lang='lat' dir='ltr'><strong>sulijicitnus:</strong></span> <span class='ocrx_word' id='word_1_622' title='bbox 3328 4096 3385 4143; x_wconf 86' lang='lat' dir='ltr'><strong>et</strong></span> <span class='ocrx_word' id='word_1_623' title='bbox 3421 4102 3620 4143; x_wconf 81' lang='lat' dir='ltr'><strong>omnes</strong></span> 
     </span>
    </p>
   </div>
   <div class='ocr_carea' id='block_1_88' title="bbox 2030 4175 3620 4247">
    <p class='ocr_par' dir='ltr' id='par_1_88' title="bbox 2030 4175 3620 4247">
     <span class='ocr_line' id='line_1_88' title="bbox 2030 4175 3620 4247; baseline 0.003 -17"><span class='ocrx_word' id='word_1_624' title='bbox 2030 4176 2126 4247; x_wconf 88' lang='lat' dir='ltr'><strong>qui</strong></span> <span class='ocrx_word' id='word_1_625' title='bbox 2164 4177 2267 4231; x_wconf 87' lang='lat' dir='ltr'><strong>hoc</strong></span> <span class='ocrx_word' id='word_1_626' title='bbox 2295 4175 2616 4244; x_wconf 87' lang='lat' dir='ltr'><strong>opinantur,</strong></span> <span class='ocrx_word' id='word_1_627' title='bbox 2657 4175 2868 4229; x_wconf 86' lang='lat' dir='ltr'><strong>alienos</strong></span> <span class='ocrx_word' id='word_1_628' title='bbox 2899 4175 2969 4229; x_wconf 85' lang='lat' dir='ltr'><strong>ab</strong></span> <span class='ocrx_word' id='word_1_629' title='bbox 2995 4175 3239 4232; x_wconf 86' lang='lat' dir='ltr'><strong>Ecclesia</strong></span> <span class='ocrx_word' id='word_1_630' title='bbox 3270 4192 3392 4233; x_wconf 86' lang='lat' dir='ltr'><strong>esse</strong></span> <span class='ocrx_word' id='word_1_631' title='bbox 3421 4193 3620 4234; x_wconf 80' lang='lat' dir='ltr'><strong>cense-</strong></span> 
     </span>
    </p>
   </div>
   <div class='ocr_carea' id='block_1_89' title="bbox 2034 4267 3619 4328">
    <p class='ocr_par' dir='ltr' id='par_1_89' title="bbox 2034 4267 3619 4328">
     <span class='ocr_line' id='line_1_89' title="bbox 2034 4267 3619 4328; baseline 0.003 -5"><span class='ocrx_word' id='word_1_632' title='bbox 2034 4285 2179 4324; x_wconf 91' lang='lat' dir='ltr'><strong>mus.</strong></span> <span class='ocrx_word' id='word_1_633' title='bbox 2215 4267 2649 4324; x_wconf 88' lang='lat' dir='ltr'><strong>Similitudinem</strong></span> <span class='ocrx_word' id='word_1_634' title='bbox 2683 4283 2816 4323; x_wconf 87' lang='lat' dir='ltr'><strong>vero</strong></span> <span class='ocrx_word' id='word_1_635' title='bbox 2868 4267 2988 4323; x_wconf 87' lang='lat' dir='ltr'><strong>Filii</strong></span> <span class='ocrx_word' id='word_1_636' title='bbox 3024 4269 3089 4324; x_wconf 90' lang='lat' dir='ltr'><strong>ad</strong></span> <span class='ocrx_word' id='word_1_637' title='bbox 3141 4270 3355 4326; x_wconf 81' lang='lat' dir='ltr'><strong>Patrem</strong></span> <span class='ocrx_word' id='word_1_638' title='bbox 3409 4272 3619 4328; x_wconf 81' lang='lat' dir='ltr'><strong>diserte</strong></span> 
     </span>
    </p>
   </div>
   <div class='ocr_carea' id='block_1_90' title="bbox 2032 4354 3618 4432">
    <p class='ocr_par' dir='ltr' id='par_1_90' title="bbox 2032 4354 3618 4432">
     <span class='ocr_line' id='line_1_90' title="bbox 2032 4354 3618 4432; baseline 0.003 -17"><span class='ocrx_word' id='word_1_639' title='bbox 2032 4360 2384 4432; x_wconf 81' lang='lat' dir='ltr'><strong>profitemur,</strong></span> <span class='ocrx_word' id='word_1_640' title='bbox 2452 4357 2521 4425; x_wconf 86' lang='lat' dir='ltr'><strong>de</strong></span> <span class='ocrx_word' id='word_1_641' title='bbox 2573 4359 2826 4427; x_wconf 85' lang='lat' dir='ltr'><strong>Apostoli</strong></span> <span class='ocrx_word' id='word_1_642' title='bbox 2885 4363 3186 4429; x_wconf 80' lang='lat' dir='ltr'><strong>sententia.</strong></span> <span class='ocrx_word' id='word_1_643' title='bbox 3219 4363 3313 4432; x_wconf 89' lang='lat' dir='ltr'><strong>qui</strong></span> <span class='ocrx_word' id='word_1_644' title='bbox 3347 4364 3415 4418; x_wconf 88' lang='lat' dir='ltr'><strong>de</strong></span> <span class='ocrx_word' id='word_1_645' title='bbox 3456 4354 3618 4420; x_wconf 52' lang='lat' dir='ltr'><strong>&#39;Filio</strong></span> 
     </span>
    </p>
   </div>
   <div class='ocr_carea' id='block_1_91' title="bbox 2033 4451 3620 4522">
    <p class='ocr_par' dir='ltr' id='par_1_91' title="bbox 2033 4451 3620 4522">
     <span class='ocr_line' id='line_1_91' title="bbox 2033 4451 3620 4522; baseline 0.003 -15"><span class='ocrx_word' id='word_1_646' title='bbox 2033 4451 2203 4508; x_wconf 85' lang='lat' dir='ltr'><strong>dicit:</strong></span> <span class='ocrx_word' id='word_1_647' title='bbox 2269 4451 2372 4518; x_wconf 80' lang='lat' dir='ltr'><strong>Qui</strong></span> <span class='ocrx_word' id='word_1_648' title='bbox 2410 4459 2484 4505; x_wconf 79' lang='lat' dir='ltr'><strong>est</strong></span> <span class='ocrx_word' id='word_1_649' title='bbox 2512 4451 2693 4522; x_wconf 85' lang='lat' dir='ltr'><strong>imago</strong></span> <span class='ocrx_word' id='word_1_650' title='bbox 2740 4451 2837 4506; x_wconf 79' lang='lat' dir='ltr'><strong>Dei</strong></span> <span class='ocrx_word' id='word_1_651' title='bbox 2877 4453 3225 4508; x_wconf 76' lang='lat' dir='ltr'><strong>invisibilis‘.</strong></span> <span class='ocrx_word' id='word_1_652' title='bbox 3282 4456 3620 4519; x_wconf 76' lang='lat' dir='ltr'><strong>Profitemur</strong></span> 
     </span>
    </p>
   </div>
   <div class='ocr_carea' id='block_1_92' title="bbox 338 4540 1916 4619">
    <p class='ocr_par' dir='ltr' id='par_1_92' title="bbox 338 4543 1916 4617">
     <span class='ocr_line' id='line_1_92' title="bbox 338 4543 1916 4617; baseline 0.001 -19"><span class='ocrx_word' id='word_1_653' title='bbox 338 4547 437 4615; x_wconf 76' lang='grc' dir='ltr'>τῆς</span> <span class='ocrx_word' id='word_1_654' title='bbox 466 4544 742 4616; x_wconf 80' lang='grc' dir='ltr'>ἁμαρτίας</span> <span class='ocrx_word' id='word_1_655' title='bbox 774 4545 959 4614; x_wconf 78' lang='grc' dir='ltr'>σάρκα</span> <span class='ocrx_word' id='word_1_656' title='bbox 982 4543 1335 4613; x_wconf 79' lang='grc' dir='ltr'>ἀνειληφέναι</span> <span class='ocrx_word' id='word_1_657' title='bbox 1360 4543 1424 4596; x_wconf 87' lang='grc' dir='ltr'>ὲκ</span> <span class='ocrx_word' id='word_1_658' title='bbox 1455 4543 1557 4614; x_wconf 79' lang='grc' dir='ltr'>τῆς</span> <span class='ocrx_word' id='word_1_659' title='bbox 1580 4544 1740 4613; x_wconf 84' lang='grc' dir='ltr'>ἁγίας</span> <span class='ocrx_word' id='word_1_660' title='bbox 1771 4548 1916 4617; x_wconf 89' lang='grc' dir='ltr'>Παρ-</span> 
     </span>
    </p>
   </div>
   <div class='ocr_carea' id='block_1_93' title="bbox 2022 4540 3618 4619">
    <p class='ocr_par' dir='ltr' id='par_1_93' title="bbox 2032 4540 3618 4613">
     <span class='ocr_line' id='line_1_93' title="bbox 2032 4540 3618 4613; baseline 0.004 -16"><span class='ocrx_word' id='word_1_661' title='bbox 2032 4556 2227 4613; x_wconf 91' lang='lat' dir='ltr'><strong>porro,</strong></span> <span class='ocrx_word' id='word_1_662' title='bbox 2251 4550 2307 4596; x_wconf 90' lang='lat' dir='ltr'><strong>et</strong></span> <span class='ocrx_word' id='word_1_663' title='bbox 2340 4540 2622 4596; x_wconf 87' lang='lat' dir='ltr'><strong>credimus</strong></span> <span class='ocrx_word' id='word_1_664' title='bbox 2669 4541 2722 4595; x_wconf 93' lang='lat' dir='ltr'><strong>in</strong></span> <span class='ocrx_word' id='word_1_665' title='bbox 2761 4557 2932 4595; x_wconf 93' lang='lat' dir='ltr'><strong>unum</strong></span> <span class='ocrx_word' id='word_1_666' title='bbox 2964 4543 3140 4597; x_wconf 90' lang='lat' dir='ltr'><strong>Deum</strong></span> <span class='ocrx_word' id='word_1_667' title='bbox 3181 4544 3399 4600; x_wconf 85' lang='lat' dir='ltr'><strong>Patrem</strong></span> <span class='ocrx_word' id='word_1_668' title='bbox 3433 4548 3618 4602; x_wconf 90' lang='lat' dir='ltr'><strong>omni-</strong></span> 
     </span>
    </p>
   </div>
   <div class='ocr_carea' id='block_1_94' title="bbox 338 4634 1922 4710">
    <p class='ocr_par' dir='ltr' id='par_1_94' title="bbox 338 4634 1922 4710">
     <span class='ocr_line' id='line_1_94' title="bbox 338 4634 1922 4710; baseline 0 -21"><span class='ocrx_word' id='word_1_669' title='bbox 338 4636 496 4689; x_wconf 73' lang='grc' dir='ltr'>θένου</span> <span class='ocrx_word' id='word_1_670' title='bbox 522 4637 767 4706; x_wconf 77' lang='grc' dir='ltr'>Μαρίας,</span> <span class='ocrx_word' id='word_1_671' title='bbox 790 4634 885 4688; x_wconf 67' lang='grc' dir='ltr'><strong>καὶ</strong></span> <span class='ocrx_word' id='word_1_672' title='bbox 917 4635 1425 4705; x_wconf 78' lang='grc' dir='ltr'>ὲνανθρωπήσαντα</span> <span class='ocrx_word' id='word_1_673' title='bbox 1450 4649 1466 4664; x_wconf 76' lang='grc'><strong>⁸</strong></span> <span class='ocrx_word' id='word_1_674' title='bbox 1504 4635 1746 4688; x_wconf 80' lang='grc' dir='ltr'>παθόντα</span> <span class='ocrx_word' id='word_1_675' title='bbox 1780 4636 1922 4710; x_wconf 80' lang='grc' dir='ltr'>ὑπὲρ</span> 
     </span>
    </p>
   </div>
   <div class='ocr_carea' id='block_1_95' title="bbox 335 4722 1922 4799">
    <p class='ocr_par' dir='ltr' id='par_1_95' title="bbox 335 4722 1922 4799">
     <span class='ocr_line' id='line_1_95' title="bbox 335 4722 1922 4799; baseline -0.001 -18"><span class='ocrx_word' id='word_1_676' title='bbox 335 4729 450 4781; x_wconf 85' lang='grc' dir='ltr'>τῶν</span> <span class='ocrx_word' id='word_1_677' title='bbox 487 4728 776 4799; x_wconf 82' lang='grc' dir='ltr'>ἁμαρτιῶν</span> <span class='ocrx_word' id='word_1_678' title='bbox 823 4727 1024 4797; x_wconf 76' lang='grc' dir='ltr'>ὴμῶνο</span> <span class='ocrx_word' id='word_1_679' title='bbox 1068 4727 1164 4780; x_wconf 78' lang='grc' dir='ltr'>καὶ</span> <span class='ocrx_word' id='word_1_680' title='bbox 1208 4726 1524 4780; x_wconf 82' lang='grc' dir='ltr'>ἀναστάντα</span> <span class='ocrx_word' id='word_1_681' title='bbox 1577 4726 1672 4779; x_wconf 75' lang='grc' dir='ltr'><strong>καὶ</strong></span> <span class='ocrx_word' id='word_1_682' title='bbox 1715 4722 1922 4798; x_wconf 85' lang='grc' dir='ltr'>ἀναλη-</span> 
     </span>
    </p>
   </div>
   <div class='ocr_carea' id='block_1_96' title="bbox 337 4816 1924 4889">
    <p class='ocr_par' dir='ltr' id='par_1_96' title="bbox 337 4816 1924 4889">
     <span class='ocr_line' id='line_1_96' title="bbox 337 4816 1924 4889; baseline -0.001 -17"><span class='ocrx_word' id='word_1_683' title='bbox 337 4819 542 4886; x_wconf 77' lang='grc' dir='ltr'>φθέντα</span> <span class='ocrx_word' id='word_1_684' title='bbox 573 4821 653 4881; x_wconf 88' lang='grc' dir='ltr'><strong>είς</strong></span> <span class='ocrx_word' id='word_1_685' title='bbox 686 4819 977 4889; x_wconf 70' lang='grc' dir='ltr'>οὐρανοὺς,</span> <span class='ocrx_word' id='word_1_686' title='bbox 1010 4816 1347 4882; x_wconf 78' lang='grc' dir='ltr'>καθέζεσθαι</span> <span class='ocrx_word' id='word_1_687' title='bbox 1403 4817 1462 4869; x_wconf 82' lang='grc' dir='ltr'>ὲν</span> <span class='ocrx_word' id='word_1_688' title='bbox 1501 4816 1654 4889; x_wconf 75' lang='grc' dir='ltr'>δεξιᾷ</span> <span class='ocrx_word' id='word_1_689' title='bbox 1680 4816 1777 4870; x_wconf 79' lang='grc' dir='ltr'>τοῦ</span> <span class='ocrx_word' id='word_1_690' title='bbox 1813 4818 1924 4871; x_wconf 85' lang='grc' dir='ltr'>Πα-</span> 
     </span>
    </p>
   </div>
   <div class='ocr_carea' id='block_1_97' title="bbox 333 4907 1927 4981">
    <p class='ocr_par' dir='ltr' id='par_1_97' title="bbox 333 4907 1927 4981">
     <span class='ocr_line' id='line_1_97' title="bbox 333 4907 1927 4981; baseline 0.001 -21"><span class='ocrx_word' id='word_1_691' title='bbox 333 4910 500 4978; x_wconf 75' lang='grc' dir='ltr'>τρός·</span> <span class='ocrx_word' id='word_1_692' title='bbox 538 4909 632 4961; x_wconf 69' lang='grc' dir='ltr'>καὶ</span> <span class='ocrx_word' id='word_1_693' title='bbox 681 4909 850 4961; x_wconf 77' lang='grc' dir='ltr'>πάλιν</span> <span class='ocrx_word' id='word_1_694' title='bbox 899 4908 1200 4977; x_wconf 79' lang='grc' dir='ltr'>ἐρχόμενον</span> <span class='ocrx_word' id='word_1_695' title='bbox 1230 4909 1289 4959; x_wconf 80' lang='grc' dir='ltr'>ἐν</span> <span class='ocrx_word' id='word_1_696' title='bbox 1317 4907 1445 4981; x_wconf 80' lang='grc' dir='ltr'>δόξῃ</span> <span class='ocrx_word' id='word_1_697' title='bbox 1481 4910 1670 4979; x_wconf 88' lang='grc' dir='ltr'>κρῖναι</span> <span class='ocrx_word' id='word_1_698' title='bbox 1711 4908 1927 4974; x_wconf 77' lang='grc' dir='ltr'>ζῶντας</span> 
     </span>
    </p>
   </div>
   <div class='ocr_carea' id='block_1_98' title="bbox 337 4993 1924 5069">
    <p class='ocr_par' dir='ltr' id='par_1_98' title="bbox 337 4993 1924 5069">
     <span class='ocr_line' id='line_1_98' title="bbox 337 4993 1924 5069; baseline 0.003 -22"><span class='ocrx_word' id='word_1_699' title='bbox 337 4997 434 5048; x_wconf 82' lang='grc' dir='ltr'><strong>καὶ</strong></span> <span class='ocrx_word' id='word_1_700' title='bbox 453 4994 702 5064; x_wconf 81' lang='grc' dir='ltr'>νεκρούς.</span> <span class='ocrx_word' id='word_1_701' title='bbox 734 4993 1080 5066; x_wconf 79' lang='grc' dir='ltr'>Πιστεύομεν</span> <span class='ocrx_word' id='word_1_702' title='bbox 1109 4996 1166 5050; x_wconf 74' lang='grc' dir='ltr'><strong>δὲ</strong></span> <span class='ocrx_word' id='word_1_703' title='bbox 1192 4997 1287 5051; x_wconf 66' lang='grc' dir='ltr'><strong>καὶ</strong></span> <span class='ocrx_word' id='word_1_704' title='bbox 1308 4998 1389 5059; x_wconf 82' lang='grc' dir='ltr'>εἰς</span> <span class='ocrx_word' id='word_1_705' title='bbox 1408 4998 1468 5049; x_wconf 80' lang='grc' dir='ltr'>τὸ</span> <span class='ocrx_word' id='word_1_706' title='bbox 1501 4998 1657 5065; x_wconf 75' lang='grc' dir='ltr'>ἅγιον</span> <span class='ocrx_word' id='word_1_707' title='bbox 1673 4997 1924 5069; x_wconf 80' lang='grc' dir='ltr'>Πνεῦμα,</span> 
     </span>
    </p>
   </div>
   <div class='ocr_carea' id='block_1_99' title="bbox 335 5088 1924 5161">
    <p class='ocr_par' dir='ltr' id='par_1_99' title="bbox 335 5088 1924 5161">
     <span class='ocr_line' id='line_1_99' title="bbox 335 5088 1924 5161; baseline 0.001 -19"><span class='ocrx_word' id='word_1_708' title='bbox 335 5089 367 5142; x_wconf 81' lang='grc' dir='ltr'><strong>ὃ</strong></span> <span class='ocrx_word' id='word_1_709' title='bbox 382 5091 479 5143; x_wconf 75' lang='grc' dir='ltr'>καὶ</span> <span class='ocrx_word' id='word_1_710' title='bbox 505 5089 865 5161; x_wconf 85' lang='grc' dir='ltr'>Παράκλητον</span> <span class='ocrx_word' id='word_1_711' title='bbox 888 5089 1174 5160; x_wconf 81' lang='grc' dir='ltr'>ὠνόμασεν</span> <span class='ocrx_word' id='word_1_712' title='bbox 1195 5091 1224 5143; x_wconf 79' lang='grc' dir='ltr'><strong>ὁ</strong></span> <span class='ocrx_word' id='word_1_713' title='bbox 1247 5088 1499 5160; x_wconf 62' lang='lat' dir='ltr'><strong>Eat-rlij</strong></span> <span class='ocrx_word' id='word_1_714' title='bbox 1519 5089 1723 5160; x_wconf 81' lang='grc' dir='ltr'>Κύριος</span> <span class='ocrx_word' id='word_1_715' title='bbox 1741 5090 1924 5158; x_wconf 82' lang='grc' dir='ltr'>ἡμῶν,</span> 
     </span>
    </p>
   </div>
   <div class='ocr_carea' id='block_1_100' title="bbox 340 5180 1921 5252">
    <p class='ocr_par' dir='ltr' id='par_1_100' title="bbox 340 5180 1921 5252">
     <span class='ocr_line' id='line_1_100' title="bbox 340 5180 1921 5252; baseline 0.002 -21"><span class='ocrx_word' id='word_1_716' title='bbox 340 5183 816 5252; x_wconf 76' lang='grc' dir='ltr'>ἐπαγγειλάμενος</span> <span class='ocrx_word' id='word_1_717' title='bbox 859 5182 1002 5252; x_wconf 79' lang='grc' dir='ltr'>μετὰ</span> <span class='ocrx_word' id='word_1_718' title='bbox 1051 5182 1111 5235; x_wconf 81' lang='grc' dir='ltr'><strong>τὸ</strong></span> <span class='ocrx_word' id='word_1_719' title='bbox 1174 5182 1434 5236; x_wconf 82' lang='grc' dir='ltr'>ἀπελθεῖν</span> <span class='ocrx_word' id='word_1_720' title='bbox 1472 5181 1639 5234; x_wconf 77' lang='grc' dir='ltr'>αὑτὸν</span> <span class='ocrx_word' id='word_1_721' title='bbox 1701 5180 1921 5250; x_wconf 81' lang='grc' dir='ltr'>πέμψαι</span> 
     </span>
    </p>
   </div>
   <div class='ocr_carea' id='block_1_101' title="bbox 338 5268 1924 5344">
    <p class='ocr_par' dir='ltr' id='par_1_101' title="bbox 338 5268 1924 5344">
     <span class='ocr_line' id='line_1_101' title="bbox 338 5268 1924 5344; baseline 0.001 -20"><span class='ocrx_word' id='word_1_722' title='bbox 338 5272 501 5326; x_wconf 78' lang='grc' dir='ltr'>τοῦτο</span> <span class='ocrx_word' id='word_1_723' title='bbox 528 5278 642 5336; x_wconf 85' lang='grc' dir='ltr'>τοῖς</span> <span class='ocrx_word' id='word_1_724' title='bbox 701 5276 973 5344; x_wconf 84' lang='grc' dir='ltr'>μαθηταῖς</span> <span class='ocrx_word' id='word_1_725' title='bbox 999 5291 1015 5307; x_wconf 78' lang='grc' dir='ltr'><strong>ο</strong></span> <span class='ocrx_word' id='word_1_726' title='bbox 1041 5274 1069 5328; x_wconf 82' lang='grc' dir='ltr'><strong>ὃ</strong></span> <span class='ocrx_word' id='word_1_727' title='bbox 1098 5276 1197 5329; x_wconf 72' lang='grc' dir='ltr'><strong>καὶ</strong></span> <span class='ocrx_word' id='word_1_728' title='bbox 1225 5273 1520 5329; x_wconf 78' lang='grc' dir='ltr'>ἀπέστειλε</span> <span class='ocrx_word' id='word_1_729' title='bbox 1540 5287 1556 5304; x_wconf 84' lang='lat'><strong><em>°</em></strong></span> <span class='ocrx_word' id='word_1_730' title='bbox 1617 5273 1685 5327; x_wconf 79' lang='grc' dir='ltr'><strong>δι’</strong></span> <span class='ocrx_word' id='word_1_731' title='bbox 1728 5268 1792 5328; x_wconf 76' lang='grc' dir='ltr'>οὗ</span> <span class='ocrx_word' id='word_1_732' title='bbox 1827 5273 1924 5328; x_wconf 78' lang='grc' dir='ltr'><strong>καὶ</strong></span> 
     </span>
    </p>
   </div>
   <div class='ocr_carea' id='block_1_102' title="bbox 341 5366 1927 5438">
    <p class='ocr_par' dir='ltr' id='par_1_102' title="bbox 341 5366 1927 5438">
     <span class='ocr_line' id='line_1_102' title="bbox 341 5366 1927 5438; baseline 0 -19"><span class='ocrx_word' id='word_1_733' title='bbox 341 5366 567 5432; x_wconf 78' lang='grc' dir='ltr'>ἁγιάζει</span> <span class='ocrx_word' id='word_1_734' title='bbox 595 5368 723 5432; x_wconf 70' lang='grc' dir='ltr'>τοὺς</span> <span class='ocrx_word' id='word_1_735' title='bbox 754 5370 812 5421; x_wconf 77' lang='grc' dir='ltr'><strong>ἐν</strong></span> <span class='ocrx_word' id='word_1_736' title='bbox 842 5370 909 5438; x_wconf 86' lang='grc' dir='ltr'>τῇ</span> <span class='ocrx_word' id='word_1_737' title='bbox 951 5366 1247 5438; x_wconf 76' lang='grc' dir='ltr'>Ἐκκλησία</span> <span class='ocrx_word' id='word_1_738' title='bbox 1280 5367 1662 5430; x_wconf 86' lang='grc' dir='ltr'>πιστεύοντας.</span> <span class='ocrx_word' id='word_1_739' title='bbox 1695 5367 1792 5420; x_wconf 68' lang='grc' dir='ltr'>καὶ</span> <span class='ocrx_word' id='word_1_740' title='bbox 1824 5367 1927 5436; x_wconf 86' lang='grc' dir='ltr'><strong>βα-</strong></span> 
     </span>
    </p>
   </div>
   <div class='ocr_carea' id='block_1_103' title="bbox 340 5457 1926 5531">
    <p class='ocr_par' dir='ltr' id='par_1_103' title="bbox 340 5457 1926 5531">
     <span class='ocr_line' id='line_1_103' title="bbox 340 5457 1926 5531; baseline 0.001 -20"><span class='ocrx_word' id='word_1_741' title='bbox 340 5460 704 5527; x_wconf 66' lang='grc' dir='ltr'>πτιζομένους</span> <span class='ocrx_word' id='word_1_742' title='bbox 750 5462 809 5513; x_wconf 76' lang='grc' dir='ltr'>ἐν</span> <span class='ocrx_word' id='word_1_743' title='bbox 843 5460 1070 5530; x_wconf 77' lang='grc' dir='ltr'>ὀνόματι</span> <span class='ocrx_word' id='word_1_744' title='bbox 1098 5460 1194 5513; x_wconf 81' lang='grc' dir='ltr'>τοῦ</span> <span class='ocrx_word' id='word_1_745' title='bbox 1247 5460 1467 5531; x_wconf 69' lang='grc' dir='ltr'>Πατρος</span> <span class='ocrx_word' id='word_1_746' title='bbox 1502 5457 1599 5513; x_wconf 75' lang='grc' dir='ltr'>καὶ</span> <span class='ocrx_word' id='word_1_747' title='bbox 1652 5459 1747 5512; x_wconf 81' lang='grc' dir='ltr'>τοῦ</span> <span class='ocrx_word' id='word_1_748' title='bbox 1793 5458 1926 5513; x_wconf 85' lang='grc' dir='ltr'>Υἱοῦ</span> 
     </span>
    </p>
   </div>
   <div class='ocr_carea' id='block_1_104' title="bbox 341 5551 1928 5624">
    <p class='ocr_par' dir='ltr' id='par_1_104' title="bbox 341 5551 1928 5624">
     <span class='ocr_line' id='line_1_104' title="bbox 341 5551 1928 5624; baseline -0.001 -19"><span class='ocrx_word' id='word_1_749' title='bbox 341 5554 442 5605; x_wconf 73' lang='grc' dir='ltr'>καὶ</span> <span class='ocrx_word' id='word_1_750' title='bbox 464 5551 557 5604; x_wconf 81' lang='grc' dir='ltr'><strong>τοῦ</strong></span> <span class='ocrx_word' id='word_1_751' title='bbox 584 5552 742 5620; x_wconf 78' lang='grc' dir='ltr'>ἁγίου</span> <span class='ocrx_word' id='word_1_752' title='bbox 772 5552 1115 5624; x_wconf 83' lang='grc' dir='ltr'>Πνεύματος.</span> <span class='ocrx_word' id='word_1_753' title='bbox 1147 5554 1289 5616; x_wconf 77' lang='grc' dir='ltr'>Τοὺς</span> <span class='ocrx_word' id='word_1_754' title='bbox 1321 5553 1376 5606; x_wconf 77' lang='grc' dir='ltr'><strong>δὲ</strong></span> <span class='ocrx_word' id='word_1_755' title='bbox 1406 5552 1560 5621; x_wconf 70' lang='grc' dir='ltr'>παρὰ</span> <span class='ocrx_word' id='word_1_756' title='bbox 1592 5553 1798 5623; x_wconf 86' lang='grc' dir='ltr'>ταύτην</span> <span class='ocrx_word' id='word_1_757' title='bbox 1825 5552 1928 5622; x_wconf 78' lang='grc' dir='ltr'>τὴν</span> 
     </span>
    </p>
   </div>
   <div class='ocr_carea' id='block_1_105' title="bbox 418 5695 874 5763">
    <p class='ocr_par' dir='ltr' id='par_1_105' title="bbox 418 5695 874 5763">
     <span class='ocr_line' id='line_1_105' title="bbox 418 5695 874 5763; baseline 0.002 -12"><span class='ocrx_word' id='word_1_758' title='bbox 418 5699 435 5730; x_wconf 74' lang='grc' dir='ltr'><strong><em>ι</em></strong></span> <span class='ocrx_word' id='word_1_759' title='bbox 468 5695 685 5752; x_wconf 84' lang='lat' dir='ltr'><strong>Coloss.</strong></span> <span class='ocrx_word' id='word_1_760' title='bbox 717 5713 757 5763; x_wconf 81' lang='grc' dir='ltr'><strong>ι,</strong></span> <span class='ocrx_word' id='word_1_761' title='bbox 785 5697 874 5752; x_wconf 80' lang='lat' dir='ltr'><strong>i5.</strong></span> 
     </span>
    </p>
   </div>
   <div class='ocr_carea' id='block_1_106' title="bbox 2029 4632 3621 4705">
    <p class='ocr_par' dir='ltr' id='par_1_106' title="bbox 2029 4632 3621 4705">
     <span class='ocr_line' id='line_1_106' title="bbox 2029 4632 3621 4705; baseline 0.003 -17"><span class='ocrx_word' id='word_1_762' title='bbox 2029 4642 2335 4705; x_wconf 87' lang='lat' dir='ltr'><strong>potentem.</strong></span> <span class='ocrx_word' id='word_1_763' title='bbox 2391 4632 2663 4687; x_wconf 88' lang='lat' dir='ltr'><strong>factorem</strong></span> <span class='ocrx_word' id='word_1_764' title='bbox 2716 4633 2843 4689; x_wconf 84' lang='lat' dir='ltr'><strong>coeli</strong></span> <span class='ocrx_word' id='word_1_765' title='bbox 2885 4644 2940 4687; x_wconf 87' lang='lat' dir='ltr'><strong>ct</strong></span> <span class='ocrx_word' id='word_1_766' title='bbox 2977 4643 3162 4697; x_wconf 80' lang='lat' dir='ltr'><strong>teme,</strong></span> <span class='ocrx_word' id='word_1_767' title='bbox 3196 4636 3506 4691; x_wconf 84' lang='lat' dir='ltr'><strong>visibilium</strong></span> <span class='ocrx_word' id='word_1_768' title='bbox 3563 4649 3621 4693; x_wconf 89' lang='lat' dir='ltr'><strong>et</strong></span> 
     </span>
    </p>
   </div>
   <div class='ocr_carea' id='block_1_107' title="bbox 2029 4723 3617 4787">
    <p class='ocr_par' dir='ltr' id='par_1_107' title="bbox 2029 4723 3617 4787">
     <span class='ocr_line' id='line_1_107' title="bbox 2029 4723 3617 4787; baseline 0.004 -7"><span class='ocrx_word' id='word_1_769' title='bbox 2029 4723 2419 4780; x_wconf 87' lang='lat' dir='ltr'><strong>invisibilium.</strong></span> <span class='ocrx_word' id='word_1_770' title='bbox 2471 4723 2767 4780; x_wconf 84' lang='lat' dir='ltr'><strong>Credimus</strong></span> <span class='ocrx_word' id='word_1_771' title='bbox 2812 4739 2946 4781; x_wconf 83' lang='lat' dir='ltr'><strong>vero</strong></span> <span class='ocrx_word' id='word_1_772' title='bbox 2995 4725 3163 4782; x_wconf 88' lang='lat' dir='ltr'><strong>etiam</strong></span> <span class='ocrx_word' id='word_1_773' title='bbox 3228 4729 3282 4781; x_wconf 90' lang='lat' dir='ltr'><strong>in</strong></span> <span class='ocrx_word' id='word_1_774' title='bbox 3320 4728 3617 4787; x_wconf 90' lang='lat' dir='ltr'><strong>Dominum</strong></span> 
     </span>
    </p>
   </div>
   <div class='ocr_carea' id='block_1_108' title="bbox 2027 4811 3620 4895">
    <p class='ocr_par' dir='ltr' id='par_1_108' title="bbox 2027 4811 3620 4895">
     <span class='ocr_line' id='line_1_108' title="bbox 2027 4811 3620 4895; baseline 0.005 -23"><span class='ocrx_word' id='word_1_775' title='bbox 2027 4826 2282 4872; x_wconf 88' lang='lat' dir='ltr'><strong>nostrum</strong></span> <span class='ocrx_word' id='word_1_776' title='bbox 2310 4815 2500 4872; x_wconf 78' lang='lat' dir='ltr'><strong>Jesum</strong></span> <span class='ocrx_word' id='word_1_777' title='bbox 2553 4816 2837 4872; x_wconf 88' lang='lat' dir='ltr'><strong>Christum</strong></span> <span class='ocrx_word' id='word_1_778' title='bbox 2864 4857 2878 4881; x_wconf 93' lang='lat'><strong>.</strong></span> <span class='ocrx_word' id='word_1_779' title='bbox 2920 4818 3121 4873; x_wconf 87' lang='lat' dir='ltr'><strong>Filium</strong></span> <span class='ocrx_word' id='word_1_780' title='bbox 3159 4811 3306 4892; x_wconf 63' lang='lat' dir='ltr'><strong>ejus.</strong></span> <span class='ocrx_word' id='word_1_781' title='bbox 3339 4836 3407 4876; x_wconf 78' lang='lat' dir='ltr'><strong>ex</strong></span> <span class='ocrx_word' id='word_1_782' title='bbox 3437 4838 3504 4878; x_wconf 83' lang='lat' dir='ltr'><strong>eo</strong></span> <span class='ocrx_word' id='word_1_783' title='bbox 3527 4836 3620 4895; x_wconf 50' lang='lat' dir='ltr'><strong>ge:</strong></span> 
     </span>
    </p>
   </div>
   <div class='ocr_carea' id='block_1_109' title="bbox 2031 4902 3619 4979">
    <p class='ocr_par' dir='ltr' id='par_1_109' title="bbox 2031 4902 3619 4979">
     <span class='ocr_line' id='line_1_109' title="bbox 2031 4902 3619 4979; baseline 0.004 -14"><span class='ocrx_word' id='word_1_784' title='bbox 2031 4911 2209 4966; x_wconf 90' lang='lat' dir='ltr'><strong>nitum</strong></span> <span class='ocrx_word' id='word_1_785' title='bbox 2267 4910 2407 4964; x_wconf 87' lang='lat' dir='ltr'><strong>citra</strong></span> <span class='ocrx_word' id='word_1_786' title='bbox 2472 4909 2892 4979; x_wconf 82' lang='lat' dir='ltr'><strong>perpessionem</strong></span> <span class='ocrx_word' id='word_1_787' title='bbox 2955 4925 3178 4967; x_wconf 89' lang='lat' dir='ltr'><strong>omnem</strong></span> <span class='ocrx_word' id='word_1_788' title='bbox 3233 4923 3361 4969; x_wconf 86' lang='lat' dir='ltr'><strong>ante</strong></span> <span class='ocrx_word' id='word_1_789' title='bbox 3432 4902 3619 4970; x_wconf 84' lang='lat' dir='ltr'><strong>omnia</strong></span> 
     </span>
    </p>
   </div>
   <div class='ocr_carea' id='block_1_110' title="bbox 2032 5000 3620 5079">
    <p class='ocr_par' dir='ltr' id='par_1_110' title="bbox 2032 5000 3620 5079">
     <span class='ocr_line' id='line_1_110' title="bbox 2032 5000 3620 5079; baseline 0.004 -20"><span class='ocrx_word' id='word_1_790' title='bbox 2032 5002 2257 5065; x_wconf 72' lang='lat' dir='ltr'><strong>saecula.</strong></span> <span class='ocrx_word' id='word_1_791' title='bbox 2285 5000 2459 5056; x_wconf 87' lang='lat' dir='ltr'><strong>Deum</strong></span> <span class='ocrx_word' id='word_1_792' title='bbox 2487 5001 2730 5057; x_wconf 79' lang='lat' dir='ltr'><strong>Verbum</strong></span> <span class='ocrx_word' id='word_1_793' title='bbox 2757 5019 2826 5059; x_wconf 79' lang='lat' dir='ltr'><strong>ex</strong></span> <span class='ocrx_word' id='word_1_794' title='bbox 2860 5003 2972 5060; x_wconf 88' lang='lat' dir='ltr'><strong>Deo</strong></span> <span class='ocrx_word' id='word_1_795' title='bbox 3002 5007 3374 5079; x_wconf 79' lang='lat' dir='ltr'><strong>unigenitum,</strong></span> <span class='ocrx_word' id='word_1_796' title='bbox 3408 5009 3620 5077; x_wconf 88' lang='lat' dir='ltr'><strong>lumen,</strong></span> 
     </span>
    </p>
   </div>
   <div class='ocr_carea' id='block_1_111' title="bbox 2027 5093 3621 5169">
    <p class='ocr_par' dir='ltr' id='par_1_111' title="bbox 2027 5093 3621 5169">
     <span class='ocr_line' id='line_1_111' title="bbox 2027 5093 3621 5169; baseline 0.004 -20"><span class='ocrx_word' id='word_1_797' title='bbox 2027 5097 2197 5149; x_wconf 81' lang='lat' dir='ltr'><strong>vitam</strong></span> <span class='ocrx_word' id='word_1_798' title='bbox 2221 5136 2235 5160; x_wconf 95' lang='lat'><strong>,</strong></span> <span class='ocrx_word' id='word_1_799' title='bbox 2273 5093 2606 5157; x_wconf 83' lang='lat' dir='ltr'><strong>veritatem,</strong></span> <span class='ocrx_word' id='word_1_800' title='bbox 2640 5095 2971 5164; x_wconf 84' lang='lat' dir='ltr'><strong>sapientiam</strong></span> <span class='ocrx_word' id='word_1_801' title='bbox 3007 5114 3021 5151; x_wconf 92' lang='lat'><strong>:</strong></span> <span class='ocrx_word' id='word_1_802' title='bbox 3076 5115 3177 5169; x_wconf 84' lang='lat' dir='ltr'><strong>per</strong></span> <span class='ocrx_word' id='word_1_803' title='bbox 3226 5116 3391 5169; x_wconf 85' lang='lat' dir='ltr'><strong>quem</strong></span> <span class='ocrx_word' id='word_1_804' title='bbox 3436 5103 3621 5158; x_wconf 87' lang='lat' dir='ltr'><strong>omnia</strong></span> 
     </span>
    </p>
   </div>
   <div class='ocr_carea' id='block_1_112' title="bbox 2029 5186 3620 5260">
    <p class='ocr_par' dir='ltr' id='par_1_112' title="bbox 2029 5186 3620 5260">
     <span class='ocr_line' id='line_1_112' title="bbox 2029 5186 3620 5260; baseline 0.005 -19"><span class='ocrx_word' id='word_1_805' title='bbox 2029 5187 2171 5241; x_wconf 87' lang='lat' dir='ltr'><strong>facta</strong></span> <span class='ocrx_word' id='word_1_806' title='bbox 2195 5193 2348 5250; x_wconf 84' lang='lat' dir='ltr'><strong>sunt,</strong></span> <span class='ocrx_word' id='word_1_807' title='bbox 2373 5201 2609 5256; x_wconf 72' lang='lat' dir='ltr'><strong>quaeque</strong></span> <span class='ocrx_word' id='word_1_808' title='bbox 2642 5186 2696 5239; x_wconf 91' lang='lat' dir='ltr'><strong>in</strong></span> <span class='ocrx_word' id='word_1_809' title='bbox 2730 5188 2887 5243; x_wconf 62' lang='lat' dir='ltr'><strong>caelis</strong></span> <span class='ocrx_word' id='word_1_810' title='bbox 2907 5231 2920 5255; x_wconf 92' lang='lat'><strong>,</strong></span> <span class='ocrx_word' id='word_1_811' title='bbox 2949 5206 3183 5260; x_wconf 64' lang='lat' dir='ltr'><strong>quaaque</strong></span> <span class='ocrx_word' id='word_1_812' title='bbox 3207 5193 3262 5247; x_wconf 91' lang='lat' dir='ltr'><strong>in</strong></span> <span class='ocrx_word' id='word_1_813' title='bbox 3304 5203 3474 5256; x_wconf 86' lang='lat' dir='ltr'><strong>terra.</strong></span> <span class='ocrx_word' id='word_1_814' title='bbox 3501 5196 3620 5250; x_wconf 86' lang='lat' dir='ltr'><strong>sive</strong></span> 
     </span>
    </p>
   </div>
   <div class='ocr_carea' id='block_1_113' title="bbox 2031 5260 3715 5343">
    <p class='ocr_par' dir='ltr' id='par_1_113' title="bbox 2031 5260 3715 5343">
     <span class='ocr_line' id='line_1_113' title="bbox 2031 5260 3715 5343; baseline 0.008 -12"><span class='ocrx_word' id='word_1_815' title='bbox 2031 5278 2274 5334; x_wconf 84' lang='lat' dir='ltr'><strong>visibilia</strong></span> <span class='ocrx_word' id='word_1_816' title='bbox 2324 5293 2420 5334; x_wconf 88' lang='lat' dir='ltr'><strong>seu</strong></span> <span class='ocrx_word' id='word_1_817' title='bbox 2472 5260 2803 5334; x_wconf 78' lang='lat' dir='ltr'><strong>invisibiiia.</strong></span> <span class='ocrx_word' id='word_1_818' title='bbox 2842 5279 3004 5337; x_wconf 78' lang='lat' dir='ltr'><strong>Hunc</strong></span> <span class='ocrx_word' id='word_1_819' title='bbox 3063 5286 3350 5341; x_wconf 89' lang='lat' dir='ltr'><strong>credimus</strong></span> <span class='ocrx_word' id='word_1_820' title='bbox 3387 5286 3443 5341; x_wconf 91' lang='lat' dir='ltr'><strong>in</strong></span> <span class='ocrx_word' id='word_1_821' title='bbox 3483 5304 3620 5343; x_wconf 91' lang='lat' dir='ltr'><strong>con-</strong></span> <span class='ocrx_word' id='word_1_822' title='bbox 3712 5324 3715 5327; x_wconf 98' lang='lat'><strong><em>-</em></strong></span> 
     </span>
    </p>
   </div>
   <div class='ocr_carea' id='block_1_114' title="bbox 2032 5370 3623 5449">
    <p class='ocr_par' dir='ltr' id='par_1_114' title="bbox 2032 5370 3623 5449">
     <span class='ocr_line' id='line_1_114' title="bbox 2032 5370 3623 5449; baseline 0.007 -23"><span class='ocrx_word' id='word_1_823' title='bbox 2032 5370 2407 5426; x_wconf 88' lang='lat' dir='ltr'><strong>summatione</strong></span> <span class='ocrx_word' id='word_1_824' title='bbox 2455 5371 2838 5438; x_wconf 70' lang='lat' dir='ltr'><strong>saeculorum,</strong></span> <span class='ocrx_word' id='word_1_825' title='bbox 2872 5374 2938 5429; x_wconf 89' lang='lat' dir='ltr'><strong>ad</strong></span> <span class='ocrx_word' id='word_1_826' title='bbox 2988 5374 3351 5432; x_wconf 86' lang='lat' dir='ltr'><strong>abolitionem</strong></span> <span class='ocrx_word' id='word_1_827' title='bbox 3410 5382 3623 5449; x_wconf 88' lang='lat' dir='ltr'><strong>peccati</strong></span> 
     </span>
    </p>
   </div>
   <div class='ocr_carea' id='block_1_115' title="bbox 2032 5463 3622 5539">
    <p class='ocr_par' dir='ltr' id='par_1_115' title="bbox 2032 5463 3622 5539">
     <span class='ocr_line' id='line_1_115' title="bbox 2032 5463 3622 5539; baseline 0.006 -22"><span class='ocrx_word' id='word_1_828' title='bbox 2032 5478 2256 5517; x_wconf 88' lang='lat' dir='ltr'><strong>carnem</strong></span> <span class='ocrx_word' id='word_1_829' title='bbox 2288 5463 2591 5533; x_wconf 89' lang='lat' dir='ltr'><strong>sumpsisse</strong></span> <span class='ocrx_word' id='word_1_830' title='bbox 2624 5478 2657 5518; x_wconf 87' lang='lat' dir='ltr'><strong>e</strong></span> <span class='ocrx_word' id='word_1_831' title='bbox 2714 5475 2904 5521; x_wconf 88' lang='lat' dir='ltr'><strong>sancta</strong></span> <span class='ocrx_word' id='word_1_832' title='bbox 2938 5465 3162 5539; x_wconf 81' lang='lat' dir='ltr'><strong>Virgine</strong></span> <span class='ocrx_word' id='word_1_833' title='bbox 3192 5466 3360 5523; x_wconf 84' lang='lat' dir='ltr'><strong>Maria</strong></span> <span class='ocrx_word' id='word_1_834' title='bbox 3381 5511 3397 5537; x_wconf 94' lang='lat'><strong>,</strong></span> <span class='ocrx_word' id='word_1_835' title='bbox 3437 5481 3495 5527; x_wconf 89' lang='lat' dir='ltr'><strong>et</strong></span> <span class='ocrx_word' id='word_1_836' title='bbox 3522 5473 3622 5527; x_wconf 79' lang='lat' dir='ltr'><strong>lto-</strong></span> 
     </span>
    </p>
   </div>
   <div class='ocr_carea' id='block_1_116' title="bbox 2034 5554 3627 5635">
    <p class='ocr_par' dir='ltr' id='par_1_116' title="bbox 2034 5554 3627 5635">
     <span class='ocr_line' id='line_1_116' title="bbox 2034 5554 3627 5635; baseline 0.01 -27"><span class='ocrx_word' id='word_1_837' title='bbox 2034 5556 2240 5609; x_wconf 84' lang='lat' dir='ltr'><strong>minem</strong></span> <span class='ocrx_word' id='word_1_838' title='bbox 2270 5554 2502 5621; x_wconf 89' lang='lat' dir='ltr'><strong>factum,</strong></span> <span class='ocrx_word' id='word_1_839' title='bbox 2525 5572 2749 5627; x_wconf 88' lang='lat' dir='ltr'><strong>passum</strong></span> <span class='ocrx_word' id='word_1_840' title='bbox 2779 5575 2882 5629; x_wconf 91' lang='lat' dir='ltr'><strong>pro</strong></span> <span class='ocrx_word' id='word_1_841' title='bbox 2908 5562 3154 5633; x_wconf 88' lang='lat' dir='ltr'><strong>peccatis</strong></span> <span class='ocrx_word' id='word_1_842' title='bbox 3188 5563 3414 5620; x_wconf 86' lang='lat' dir='ltr'><strong>nostris.</strong></span> <span class='ocrx_word' id='word_1_843' title='bbox 3433 5562 3538 5635; x_wconf 84' lang='lat' dir='ltr'><strong>Qui</strong></span> <span class='ocrx_word' id='word_1_844' title='bbox 3566 5574 3627 5624; x_wconf 77' lang='lat' dir='ltr'><strong>ct</strong></span> 
     </span>
    </p>
   </div>
   <div class='ocr_carea' id='block_1_117' title="bbox 418 5833 2862 5916">
    <p class='ocr_par' dir='ltr' id='par_1_117' title="bbox 418 5833 2862 5916">
     <span class='ocr_line' id='line_1_117' title="bbox 418 5833 2862 5916; baseline 0.005 -28"><span class='ocrx_word' id='word_1_845' title='bbox 418 5836 496 5909; x_wconf 78' lang='grc' dir='ltr'><strong>(Ι)</strong></span> <span class='ocrx_word' id='word_1_846' title='bbox 525 5833 792 5894; x_wconf 83' lang='lat' dir='ltr'><strong>Consulto</strong></span> <span class='ocrx_word' id='word_1_847' title='bbox 822 5837 973 5892; x_wconf 89' lang='lat' dir='ltr'><strong>enim</strong></span> <span class='ocrx_word' id='word_1_848' title='bbox 1007 5836 1057 5893; x_wconf 90' lang='lat' dir='ltr'><strong>id</strong></span> <span class='ocrx_word' id='word_1_849' title='bbox 1081 5835 1322 5907; x_wconf 86' lang='lat' dir='ltr'><strong>celabat,</strong></span> <span class='ocrx_word' id='word_1_850' title='bbox 1348 5835 1537 5893; x_wconf 79' lang='lat' dir='ltr'><strong>Acacii</strong></span> <span class='ocrx_word' id='word_1_851' title='bbox 1567 5836 2074 5912; x_wconf 82' lang='lat' dir='ltr'><strong>partibus_favens.</strong></span> <span class='ocrx_word' id='word_1_852' title='bbox 2113 5837 2332 5897; x_wconf 82' lang='lat' dir='ltr'><strong>Sozom.</strong></span> <span class='ocrx_word' id='word_1_853' title='bbox 2370 5840 2467 5899; x_wconf 91' lang='lat' dir='ltr'><strong>lib.</strong></span> <span class='ocrx_word' id='word_1_854' title='bbox 2503 5858 2578 5911; x_wconf 85' lang='lat' dir='ltr'><strong>tv,</strong></span> <span class='ocrx_word' id='word_1_855' title='bbox 2609 5857 2732 5916; x_wconf 80' lang='lat' dir='ltr'><strong>cap.</strong></span> <span class='ocrx_word' id='word_1_856' title='bbox 2770 5842 2862 5901; x_wconf 75' lang='lat'><strong>2|.</strong></span> 
     </span>
    </p>
   </div>
  </div>
