4054 6486
508 430 616 497 399

1737 430 2159 493 NICEPIIORI
2199 431 2540 494 CALLISTI
3624 439 3713 505 5.00

510 541 833 608 resurrexit,
868 550 929 597 et
957 551 1212 613 receptus
1245 549 1330 601 est
1376 541 1430 596 in
1464 540 1632 597 coclos
1657 582 1670 605 ,
1708 551 1770 596 ut
1803 542 1991 596 sedeat
2033 541 2069 596 it

2198 544 2383 613 πίστιν
2418 542 2547 597 ἄλλο
2582 559 2633 595 τι
2686 541 3071 614 κηρύσσοντας
3115 545 3429 615 ἀλλοτρίους
3472 545 3594 603 εἶναι
3632 553 3718 623 τῆς

509 638 708 709 dextra
734 638 940 699 Patris,
964 645 1234 705 venturus
1267 652 1491 693 rursum
1520 634 1574 692 in
1604 636 1780 707 gloria
1824 637 1892 695 ad
1928 637 2080 707 judi-

507 729 744 792 candum
781 730 933 783 vivos
961 737 1017 783 et
1064 738 1328 782 mortuos.
1365 727 1658 785 Credimus
1700 737 1883 783 autem
1935 740 1992 784 et
2025 730 2082 785 in

508 820 770 892 Spiritum
807 829 1083 884 sanctum,
1143 835 1305 890 quem
1354 819 1698 875 Paracletum
1752 820 2080 887 nominavit,

505 924 561 971 ct
626 914 923 969 missurqu
977 927 1036 968 se
1088 919 1211 983 post
1268 927 1432 966 suum
1465 911 1771 967 discessum
1817 912 2082 979 apostolis

504 1008 780 1081 promisit,
815 1006 977 1062 sicuti
1026 1015 1084 1061 et
1120 1005 1271 1061 misit
1294 1005 1546 1063 Salvator
1569 1014 1627 1061 et
1669 1005 1940 1060 Dominus
1982 1020 2083 1061 no-

503 1113 619 1159 ster
658 1118 674 1155 :
703 1117 801 1172 per
835 1116 998 1169 quem
1029 1107 1084 1153 ct
1113 1097 1420 1154 sanctificat
1471 1098 1526 1154 in
1562 1097 1804 1155 Ecclesia
1840 1098 2078 1153 creden-

505 1203 625 1256 tes,
675 1202 732 1247 et.
789 1190 1101 1261 baptizatos
1134 1188 1189 1242 in
1226 1189 1453 1243 nomine
1495 1188 1677 1244 Patris
1726 1195 1782 1243 et
1835 1187 1959 1242 Filii
2024 1194 2079 1243 et

504 1287 751 1358 Spiritus
772 1284 971 1341 sancti.
1011 1283 1113 1353 Qui
1149 1297 1282 1337 vero
1317 1291 1519 1352 prmtcr
1561 1280 1703 1335 hanc
1734 1278 1897 1335 ﬁdem
1926 1279 2076 1336 aliud

501 1379 806 1451 quidquam
866 1375 1189 1448 prmdicant,
1237 1388 1332 1430 eos
1382 1371 1451 1431 ab
1498 1373 1746 1429 Ecclesia
1807 1372 2078 1429 catholica

499 1488 623 1528 csse
653 1451 919 1528 alienos»
961 1469 1088 1522 Iliae
1121 1475 1205 1523 est
1243 1464 1423 1523 Acacii
1468 1463 1724 1521 formula.
1766 1463 1866 1521 Cui
1910 1464 2077 1522 etiam

501 1560 762 1618 factionis
805 1561 925 1630 ejus
968 1559 1217 1615 fautores
1273 1556 1498 1628 triginta
1539 1555 1650 1613 duo
1700 1556 1776 1611 illi
1826 1555 2078 1612 subscri-

498 1668 680 1723 psere.
706 1651 787 1707 Ad
820 1667 984 1722 quam
1012 1649 1358 1719 Soplironius
1397 1648 1679 1718 Paphlago
1709 1648 2077 1718 Pompeiopo-

498 1745 718 1800 litantis.
737 1743 1034 1814 episcopos
1056 1750 1249 1811 aperte
1278 1740 1393 1794 haec
1418 1739 1587 1794 verba
1615 1738 1820 1793 dixisse
1845 1737 2029 1793 fertur
2059 1752 2074 1791 :

498 1836 554 1906 Si
588 1835 838 1907 quotidie
879 1834 1222 1889 voluntatem
1261 1847 1417 1888 suam
1457 1845 1738 1901 exponere
1766 1872 1781 1897 ,
1817 1830 1938 1886 fidei
1966 1829 2080 1885 for-

496 1931 700 1994 mulam
750 1928 920 1986 edere
977 1934 1088 1990 est,
1145 1924 1413 1982 destituet
1446 1939 1548 1983 nos
1591 1922 1847 1978 veritatis
1895 1923 2074 1993 ipsius

494 2002 795 2092 certitudo.
824 2017 1174 2090 Sophronias
1194 2014 1420 2088 quidem
1477 2015 1582 2071 hoc
1632 2022 1749 2069 tum
1808 2015 1889 2070 sic
1936 2029 2074 2070 voco

497 2129 689 2184 magna
717 2112 894 2172 dixit:
929 2111 1098 2183 788
1137 2096 1238 2181 ego
1269 2124 1398 2164 vero
1426 2105 1735 2165 censuerim
1763 2149 1778 2174 ,
1820 2106 1863 2161 si
1899 2114 1954 2162 et
1979 2107 2071 2177 qui

494 2216 621 2265 ante
660 2221 758 2263 eos
813 2205 990 2268 fuere,
1018 2214 1076 2261 et
1106 2203 1199 2273 qui
1230 2216 1328 2258 eos
1367 2211 1496 2258 sunt
1546 2200 1747 2264 secuti,
1780 2199 1971 2255 itidem
2006 2199 2074 2254 de

492 2300 712 2359 Nicaana
745 2297 872 2354 fidei
899 2295 1242 2368 professione
1260 2292 1591 2364 cogitassent
1618 2301 1780 2362 atque
1810 2291 2070 2376 egissent,

493 2396 772 2452 sincerum
820 2390 1077 2447 Ecclesia:
1118 2389 1311 2459 dogma
1349 2394 1801 2449 conservaturos,
1840 2394 1897 2440 et
1931 2383 2072 2438 deli-

494 2491 745 2545 ramenta
785 2481 970 2545 omnia
1005 2480 1163 2549 longe
1194 2493 1225 2532 a
1267 2478 1439 2534 sacris
1474 2475 1736 2531 Ecclesiae
1774 2477 1943 2548 septis
1976 2475 2072 2529 ab-

493 2578 680 2637 futura
715 2573 912 2630 fuisse.
946 2570 1024 2626 Ac
1076 2580 1191 2625 tum
1243 2568 1470 2639 quidem
1502 2584 1626 2624 cum
1663 2567 1820 2623 alteri
1866 2566 2072 2622 alteros

491 2672 839 2726 accusantes,
876 2662 1112 2733 plurima
1141 2669 1193 2716 et
1228 2659 1500 2715 dixissent
1525 2668 1580 2715 et
1611 2659 1916 2725 audissent,
1940 2664 2072 2714 co‘u-

489 2738 679 2816 sessus
703 2765 791 2812 est
814 2754 1052 2810 solutus.
1080 2753 1292 2819 Quarto
1326 2766 1623 2822 congressu
1655 2752 1821 2806 multa
1841 2752 2071 2806 futiliter

488 2851 680 2922 nugati
716 2861 868 2905 sunt.
921 2848 984 2902 Et
1014 2846 1252 2901 Aeacius
1298 2845 1438 2899 nihil
1480 2844 1725 2907 obstare,
1769 2847 1902 2915 quin
1966 2846 2068 2900 alia

495 2944 629 3001 fides
653 2942 935 3008 ederetur,
967 2936 1345 2996 contendebat
1372 2978 1385 3003 ,
1420 2937 1866 3007 quandoquidem
1897 2937 2065 2993 semel

488 3037 710 3092 Nicaeus
746 3033 982 3089 formula
1031 3039 1241 3086 mutata
1312 3039 1497 3094 esset;
1549 3045 1659 3084 non
1704 3030 1897 3099 semel,
1959 3030 2069 3085 imo

489 3143 682 3185 verum
713 3127 935 3196 saepius.
970 3124 1050 3183 Ad
1087 3139 1208 3194 quae
1254 3121 1516 3187 Eleusius
1548 3120 1853 3194 Cyziccnus
1883 3141 1896 3178 :
1943 3121 2068 3179 llaec

490 3219 755 3292 synodos,
788 3216 953 3279 dixit,
1006 3224 1193 3270 coacta
1238 3221 1349 3280 "est,
1400 3227 1510 3269 non
1566 3222 1627 3269 ut
1661 3212 1907 3275 addiscat
1944 3229 2069 3286 quas
2096 3245 2141 3305 ε

480 3312 648 3384 prius
678 3326 789 3368 non
819 3308 1103 3373 didicerit,
1126 3320 1305 3377 neque
1331 3315 1391 3360 nt
1421 3305 1791 3376 probatiorem
1820 3307 2068 3363 inveniat

496 3403 684 3470 fidem,
718 3418 882 3473 quam
930 3415 995 3454 ea
1017 3409 1102 3456 est
1134 3415 1255 3468 quae
1285 3414 1313 3452 a
1349 3399 1618 3455 Patribus
1644 3398 1952 3461 Antiochiae
1982 3407 2068 3456 est

492 3495 857 3568 promulgata.
915 3493 1051 3553 Nam
1100 3492 1154 3549 in
1206 3491 1327 3562 ejus
1379 3489 1795 3546 deﬁnitionibus
1838 3503 2065 3549 assensu

488 3587 913 3659 conquiescens,
938 3583 1190 3659 quamvis
1222 3582 1369 3636 aliud
1406 3581 1706 3652 quidquam
1738 3581 1806 3636 ab
1838 3596 1900 3637 ea
1931 3581 2067 3637 eda-

488 3691 600 3745 tur,
640 3698 751 3738 non
790 3689 974 3737 tamen
1023 3693 1268 3749 unquam
1300 3677 1457 3732 illam
1503 3676 1799 3746 relinquet.
1831 3674 1931 3730 Cui
1965 3689 2069 3747 ego

486 3776 721 3833 obvians
771 3774 1004 3829 dixerim
1041 3771 1371 3840 :Quomodo
1415 3769 1661 3832 tandem,
1702 3768 1890 3824 Eleusi
1946 3784 2069 3841 pes-

484 3868 645 3927 sime,
674 3865 769 3936 qui
820 3863 1126 3920 Antiochiae
1173 3860 1490 3933 congregati
1539 3860 1717 3923 fuere,
1747 3858 1937 3914 Patres
1973 3877 2068 3916 v0-

487 3958 611 4015 Cas?
629 3957 802 4014 Multo
832 3956 981 4012 enim
1013 3955 1188 4026 magis
1212 3955 1405 4013 Patres
1427 3959 1478 4006 te
1512 3951 1801 4006 nominare
1823 3966 1921 4007 eos
1934 3967 2067 4007 con-

481 4049 758 4115 veniebat,
814 4049 908 4118 qui
960 4047 1156 4103 Nicaeae
1207 4043 1604 4102 convenientes
1634 4081 1651 4109 ,
1690 4059 1797 4098 una
1827 4060 1964 4100 voce
2000 4045 2063 4099 τὸ

481 4141 792 4212 opma-501w,
809 4138 1282 4207 consubstantiale,
1305 4138 1585 4209 promulga
1596 4147 1752 4193 runt:
1771 4153 1895 4197 cum
1917 4140 2062 4210 quod

485 4242 733 4305 tempore
762 4240 891 4288 sunt
925 4231 1279 4297 vetustiores,
1310 4238 1424 4297 tum
1454 4229 1603 4299 quod
1632 4231 1726 4300 qui
1755 4230 2063 4291 Antioeltim

481 4326 659 4382 coacti
691 4336 842 4384 sunt,
865 4325 933 4380 ab
959 4324 1069 4379 illis
1099 4338 1379 4383 sacrorum
1409 4338 1698 4381 munerum
1723 4323 2062 4387 iunctionem

481 4428 841 4488 acceperunt.
872 4415 1029 4479 Quod
1050 4415 1095 4471 si
1136 4415 1225 4469 isti
1273 4424 1460 4483 patres
1507 4431 1639 4471 suos
1666 4418 2061 4489 reprobarunt,

480 4509 790 4578 parricidas
818 4507 1004 4577 potius
1026 4521 1191 4574 quam
1243 4503 1434 4562 Patres
1471 4521 1567 4563 eos
1598 4507 1771 4565 dicas.
1798 4507 1932 4579 Quis
1962 4510 2064 4567 ita-

2190 636 2489 707 κιθολικῆς
2532 635 2882 707 Ἐκκλησίας.
2944 658 2962 692 ι
2998 640 3062 693 ἸΙ
3102 641 3202 711 μὲν
3247 636 3340 694 οὖν
3377 643 3616 695 Ἀκακίου
3645 644 3722 696 ἐκ·

2186 729 2329 793 δοσις
2359 729 2496 801 αὕτη
2523 746 2536 759 ·
2562 730 2627 799 ἢν
2662 730 2760 783 σὺν
2791 731 2942 803 αὐτῷ
2972 733 3064 815 καὶ
3090 734 3140 787 oi
3170 733 3301 805 περὶ
3332 734 3485 787 αὐτὶν
3506 734 3591 789 δύο
3608 735 3723 803 πρὸς

2185 822 2299 881 τοῖς
2336 819 2638 888 τριάκοντα
2674 821 3116 893 καθυπέγραψαν
3137 839 3150 852 ·
3186 823 3320 892 πρὸς
3354 825 3417 895 ἢν
3449 826 3722 895 Σωφρονιος

2185 913 2213 964 δ
2246 911 2556 980 Παφλαγὼν
2585 914 2683 981 τὴν
2710 912 2999 985 Πομπηΐου
3030 916 3428 986 ἐπιτροπεύων,
3451 916 3723 987 διαρρήδην

2184 1005 2371 1065 αὐταῖς
2417 1003 2629 1069 λέξεσιν
2673 1004 2846 1067 οὕτως
2902 1008 3080 1061 είπεῖν
3128 1008 3387 1076 λέγεται·
3416 1008 3475 1061 Ei
3518 1008 3571 1060 τὺ
3607 1008 3725 1061 ίδίαν

2185 1094 2422 1159 ἑκάστης
2453 1095 2666 1165 ἡμέρας
2698 1095 3015 1149 ἐκτίθεσθαι
3045 1097 3303 1167 βούλησιν
3344 1095 3567 1159 πίστεώς
3598 1100 3728 1148 ἐστιν

2183 1186 2421 1253 ἕκθεσις,
2455 1169 2726 1258 ἐπιλείψει
2753 1189 2903 1259 ἡμᾶς
2948 1191 2979 1258 ή
3012 1192 3112 1256 τῆς
3160 1189 3420 1255 ἀληθείας
3471 1189 3725 1260 ἀκρίίῖεια.

2194 1274 2255 1331 Ὀ
2292 1276 2389 1346 μὲν
2434 1276 2528 1330 οὖν
2582 1276 2898 1346 Παφλαγὼν
2932 1277 3240 1347 Σωφρᾶνιος
3288 1277 3459 1330 ταῦτα
3494 1276 3727 1345 τηνικάδε

2181 1368 2412 1439 ἐϐόησεν
2430 1384 2447 1400 ο
2473 1367 2585 1439 ἐγὼ
2630 1369 2685 1421 δέ
2739 1387 2884 1440 φημι
2915 1369 2991 1431 ὡς
3014 1368 3068 1420 εί
3088 1385 3154 1438 γε
3169 1370 3217 1420 oi
3250 1368 3356 1438 πρὸ
3380 1367 3553 1428 αὐτῶν
3578 1368 3664 1422 καὶ
3683 1366 3730 1420 οι

2183 1460 2303 1529 μετ’
2342 1458 2591 1523 ἐκείνους
2644 1461 2821 1514 τοιάδε
2876 1460 3008 1531 περὶ
3053 1462 3153 1531 τῆς
3191 1462 3249 1514 ἐν
3280 1461 3483 1530 Natat;
3514 1461 3731 1521 πίστεως

2181 1552 2276 1604 καὶ
2303 1551 2604 1605 διενοοῦντο
2648 1554 2743 1606 καὶ
2784 1553 3075 1623 ἔπραττον,
3119 1553 3410 1623 ἀκίϐδηλον
3461 1553 3524 1605 ἂν
3561 1553 3615 1607 τδ
3645 1552 3730 1618 τῆς

2193 1643 2520 1712 Ἐκκλησίας
2573 1645 2754 1715 δόγμα
2788 1645 3170 1719 διατετήρητο,
3211 1646 3307 1700 καὶ
3344 1648 3495 1698 πᾶσα
3527 1647 3734 1714 ἐρεσχε-

2181 1736 2271 1791 λία
2303 1732 2372 1806 ἦν
2407 1737 2472 1790 ἂν
2507 1738 2615 1789 τῶν
2656 1737 2817 1795 θείων
2853 1739 3160 1811 περιϐόλων
3215 1739 3457 1811 μακράν.
3492 1737 3596 1789 Καὶ
3624 1738 3733 1789 τότε

2184 1827 2287 1900 μὲν
2334 1829 2427 1882 τὸν
2464 1828 2724 1900 σύλλογον
2778 1830 2952 1896 ἔλυον,
3018 1831 3242 1885 πλεῖστα
3299 1831 3433 1895 πρὸς
3492 1827 3737 1897 ἀλλήλους

2180 1921 2309 1992 περὶ
2341 1921 2449 1974 τῶν
2472 1924 2972 1995 κατηγορουμένων
3002 1923 3248 1988 εἰπόντες
3281 1941 3340 1978 τε
3373 1925 3468 1977 καὶ
3490 1922 3737 1976 ἀκούσαν-

2178 2029 2297 2075 τες⁹
2322 2015 2387 2084 τῇ
2423 2011 2480 2066 δὲ
2508 2013 2744 2085 τετάρτῃ
2797 2014 3114 2068 συνελεύσει
3168 2015 3338 2086 πολλὴ
3374 2015 3653 2083 ἀδολεσχία
3691 2014 3741 2065 ὑ-

2179 2106 2422 2183 φαίνει-ο.
2456 2107 2519 2159 ’0
2558 2106 2604 2159 δ’
2641 2106 2904 2171 ’Ᾱκάκιος
2960 2109 3271 2178 ἰσχυρίζετο
3314 2109 3482 2178 μηδὲν
3516 2105 3653 2165 εἶναι
3683 2107 3738 2160 τὸ

2177 2198 2432 2268 ἐμποδὼν
2471 2197 2667 2271 ἐτὲραν
2720 2199 2904 2255 πίστιν
2940 2201 3208 2268 εἰσάγειν,
3254 2203 3376 2254 ἐπεὶ
3427 2200 3738 2267 καθάπαξή

2177 2292 2233 2344 ἐν
2260 2290 2463 2369 Nimia}
2512 2293 2697 2356 πίστις
2743 2295 3111 2364 μετεποιήθηο
3149 2296 3243 2348 καὶ
3270 2296 3367 2367 οὐχ
3404 2297 3568 2363 ἅπαξ,
3617 2295 3738 2349 ἀλλὰ

2174 2383 2239 2455 δὴ
2273 2385 2367 2437 καὶ
2400 2383 2685 2448 πολλάκις.
2724 2386 2865 2456 Πρὸς
2897 2387 2952 2439 δὲ
2993 2387 3168 2443 ταῦτα
3203 2390 3481 2452 Ἐλεύσινις
3516 2389 3544 2441 ὁ
3588 2388 3743 2453 Κυζί-

2174 2493 2295 2538 κου,
2336 2476 2403 2528 Ἢ
2450 2475 2567 2541 νῦν,
2607 2476 2766 2546 φησὶ,
2802 2477 3018 2555 σύνοδος
3073 2481 3365 2554 ἠθροίσθη,
3398 2483 3497 2553 οὐκ
3528 2482 3611 2534 ἵνα
3638 2479 3740 2552 γνῷ

2172 2564 2208 2621 ἃ
2233 2568 2309 2639 μὴ
2330 2566 2459 2637 ἔσχε
2493 2568 2743 2637 μαθοῦσα
2775 2571 3062 2640 πρὸτερον,
3101 2573 3211 2627 οὐδ’
3248 2573 3336 2628 ἴνα
3366 2575 3739 2646 δοκιμωτέραν

2175 2661 2360 2719 πίστιν
2415 2660 2641 2733 ἐξεύρῃ,
2683 2662 2818 2733 παρ’
2846 2665 2912 2734 ἣν
2968 2665 3026 2716 ἐν
3069 2665 3379 2739 Ἀντιοχείᾳ
3443 2671 3598 2737 παρὰ
3642 2666 3741 2719 τῶν

2176 2750 2436 2823 Πατέρων
2472 2752 2688 2824 εἰλήφει
2708 2770 2723 2787 ⁸
2746 2756 2857 2817 τοῖς
2885 2757 2993 2829 γὰρ
3012 2757 3235 2812 ἐκείνων
3263 2760 3416 2831 ὅροις
3440 2758 3741 2830 στοιχοῦσα,

2171 2844 2273 2929 οὐκ
2312 2844 2399 2911 ἂν,
2436 2843 2563 2898 εῐτι
2598 2845 2690 2898 καὶ
2721 2845 2969 2916 γένηται,
3016 2848 3223 2918 ταύτης
3276 2850 3555 2921 ἀποσταίη
3598 2849 3741 2904 ποτέ.

2172 2934 2316 3007 Πρὸς
2362 2937 2429 3007 ἢν
2459 2936 2570 3006 ἐγὼ
2613 2936 2893 3001 ἀπαντῶν,
2930 2940 3075 3009 Πῶς,
3120 2935 3165 2994 ὦ
3216 2942 3442 2997 κάκιστ’
3484 2942 3744 3006 Ἐλεύσιε,

2172 3028 2340 3098 φαίην
2392 3029 2482 3094 ἂν,
2540 3030 2795 3101 Πατέρας
2847 3031 2977 3095 τοὺς
3023 3035 3082 3087 ἐν
3153 3034 3464 3107 Ἀντιοχείᾳ
3528 3035 3742 3101 καλεῖςς

2174 3118 2362 3188 Πολλῷ
2387 3121 2497 3191 γὰρ
2522 3122 2769 3191 κρεῖττον
2809 3122 3052 3186 ἐκείνους
3097 3124 3301 3194 μᾶλλον
3340 3128 3533 3182 καλεῖν
3557 3145 3616 3180 σε
3647 3129 3748 3181 [ια-

2174 3211 2339 3281 τέρας
2360 3211 2433 3277 οἳ,
2455 3213 2515 3266 ὲν
2544 3214 2754 3285 Νικαίᾳ
2799 3215 3222 3287 συνδραμόντες,
3255 3219 3565 3289 ὁμοφώνως
3599 3219 3656 3272 τὸ
3698 3220 3748 3270 δ-

2174 3305 2428 3375 μοούσιον
2458 3307 2801 3376 ἀνεκήρυεαν
2822 3323 2836 3338 ⁸
2864 3310 2947 3363 ὅτι
2982 3327 3043 3379 γε
3080 3312 3173 3363 καὶ
3202 3314 3312 3374 τοῖς
3346 3314 3569 3383 χρόνοις
3590 3315 3749 3384 ὑπερ-

2170 3399 2444 3467 τεροῦσιν,
2504 3403 2597 3453 καὶ
2644 3395 2726 3464 οἷς
2787 3401 2837 3455 οἱ
2894 3404 2953 3456 ἐν
2987 3404 3293 3475 ’Δντιοχείᾳ
3355 3406 3609 3469 ἐλθόντες
3664 3404 3751 3458 ὑπ’

2169 3491 2400 3544 ἐκείνων
2447 3492 2607 3563 ἔσχον
2666 3494 2727 3547 τὸ
2784 3495 3065 3565 ἱερᾶσθαι.
3135 3496 3201 3550 El
3265 3496 3314 3552 δ’
3369 3501 3575 3553 ἐκεῖνοι
3632 3500 3751 3561 τοὺς

2170 3582 2382 3635 ἑαυτῶν
2428 3584 2680 3655 Πατέρας
2710 3586 3007 3656 ἠθέτησαν,
3039 3589 3369 3662 πατραλοῖαι
3410 3593 3637 3660 μᾶλλον,
3666 3592 3752 3644 καὶ

2168 3672 2229 3725 οὗ
2258 3674 2520 3745 Πατέρες,
2541 3676 2795 3746 κληθεῖεν
2813 3677 2898 3732 ἄν.
2932 3680 3039 3737 Καὶ
3067 3679 3183 3742 πῶς
3212 3681 3278 3736 ἄν
3305 3699 3397 3746 τις
3428 3683 3619 3737 ἕποιτο
3646 3686 3751 3746 τοῖς

2169 3765 2471 3835 τοιούτοιςς
2508 3770 2568 3823 Et
2594 3768 2640 3823 δ’
2665 3770 2928 3840 ἀδόκιμος
2973 3772 3199 3828 ἐκείνων
3231 3777 3265 3846 ἡ
3294 3776 3514 3841 πίστις,
3548 3779 3669 3831 οὐδὲ
3719 3778 3750 3845 ἡ

2169 3861 2478 3935 χειροτονία
2545 3863 2765 3927 πάντως
2822 3866 3293 3934 ἐνάμφιλέκτοις.
3351 3868 3420 3923 Ei
3483 3871 3593 3941 γὰρ
3652 3870 3754 3941 «po

2167 3952 2394 4012 ἐκείνων
2439 3955 2501 4007 τὸ
2542 3956 2697 4026 ἅγιον
2732 3957 2957 4027 Πνεῦμα
3001 3960 3100 4013 οὐκ
3132 3956 3305 4028 εἶχον,
3330 3963 3360 4018 ὃ
3414 3966 3659 4035 μάλιστα
3688 3966 3749 4034 τῇ

2168 4046 2415 4101 ἐπιθέσει
2446 4047 2667 4119 ἔρχεται
2714 4052 2825 4102 τῶν
2857 4054 3084 4123 χειρῶν,
3116 4054 3228 4107 οὐδ’
3260 4054 3416 4110 οὗτοι
3451 4059 3671 4123 πάντως
3698 4057 3752 4109 ὲν

2169 4139 2401 4212 ἱερεῦσι.
2438 4141 2563 4204 Πῶς
2594 4142 2700 4212 γὰρ
2731 4142 2799 4196 ἂν
2826 4144 2923 4196 καὶ
2958 4145 3143 4198 λαεεῖν
3174 4141 3322 4216 εἶχον
3355 4153 3515 4221 παρὰ
3542 4152 3653 4206 τῶν
3680 4149 3750 4218 μὴ

2167 4229 2424 4296 καθάπαξ
2457 4231 2768 4300 λαϐόντων;
2806 4234 2991 4287 Ταῦτα
3025 4236 3125 4304 μὲν
3154 4238 3219 4290 ἄν
3255 4256 3342 4302 τις
3391 4244 3538 4312 πρὶς
3570 4240 3753 4303 Ἐλεύ-

2168 4340 2283 4376 σιον
2312 4324 2571 4387 ἀντιστὰς
2605 4327 2752 4379 εἴποι
2782 4342 2795 4356 ’
2850 4329 2950 4396 τῆς
3003 4328 3059 4381 δὲ
3093 4330 3392 4397 διαλέξεως
3434 4334 3748 4403 γινομένης,

2166 4419 2246 4479 είς
2279 4416 2508 4486 ζήτησιν
2531 4418 2727 4490 ἑτέραν
2763 4420 3128 4477 καθίσταντοο
3161 4424 3252 4477 καὶ
3280 4425 3408 4483 ἐπεὶ
3444 4429 3513 4503 τῇ
3550 4426 3755 4481 ἐκδόσει

2165 4510 2350 4579 ὅμοιον
2378 4509 2592 4580 ἔφησαν
2642 4513 2723 4582 τῷ
2765 4514 2939 4582 "arpi.
2988 4516 3081 4566 τὸν
3133 4516 3280 4580 Υἰδν,
3330 4519 3755 4577 διεπυνθάνοντο

478 4617 587 4672 que
618 4605 754 4657 tales
790 4601 939 4658 viros
973 4598 1281 4667 sequatur?
1320 4598 1389 4654 Et
1430 4598 1648 4657 illorum
1694 4600 1832 4657 fides
1875 4603 1921 4657 si
1970 4617 2061 4657 re-

2172 4601 2276 4653 τῶν
2308 4604 2438 4670 περὶ
2472 4602 2754 4668 Ἀκάκιον,
2814 4610 2957 4659 κατὰ
2990 4607 3040 4658 τί
3074 4608 3261 4677 ὅμοιον
3306 4611 3389 4678 τῷ
3426 4613 3610 4684 Πατρὶ
3664 4611 3752 4664 τὸν

478 4694 649 4764 proba
681 4703 788 4758 est,
830 4707 933 4746 nec
959 4690 1236 4747 ordinatio
1258 4705 1448 4762 eorum
1482 4706 1711 4762 prorsus
1733 4710 1837 4748 non
1876 4704 2058 4763 potest

482 4786 539 4842 in
575 4786 808 4843 dubium
836 4782 1052 4839 'vocari.
1094 4781 1342 4853 Namque
1370 4783 1414 4838 si
1444 4794 1569 4841 ante
1603 4784 1742 4843 istos
1775 4787 1851 4841 illi
1884 4787 2060 4857 Spiri-

479 4884 880 4935 tum'sanctum
907 4890 1016 4928 non
1062 4873 1331 4938 habuere,
1366 4877 1459 4947 qui
1508 4892 1605 4946 per
1644 4877 2055 4955 impositiouem

475 4985 741 5027 manuum
795 4967 1029 5025 maxime
1081 4968 1255 5032 venit,
1295 4984 1473 5038 neque
1526 4968 1614 5025 isti
1650 4972 2060 5049 omnino_inter

472 5063 765 5137 episcopos
809 5068 865 5115 et
897 5060 1216 5121 sacerdmes
1251 5061 1540 5119 censendi.
1593 5060 1879 5141 Quomodo
1908 5068 2056 5123 enim

475 5154 800 5225 dignitatem
846 5153 1009 5209 talem
1061 5154 1130 5210 ab
1180 5154 1262 5207 eis
1311 5153 1566 5229 accipere
1597 5162 1924 5225 potuerunt,
1963 5160 2057 5226 qui

372 5309 377 5315 _
474 5246 623 5303 illaut
652 5261 935 5318 nunquam
970 5245 1311 5306 habuerint?
1341 5246 1501 5301 llisee
1539 5246 1723 5303 verbis
1761 5249 2053 5320 quisquam

472 5347 673 5395 contra
721 5336 1003 5397 Eleusium
1031 5336 1219 5397 venire
1275 5336 1566 5404 potuisset.
1605 5337 1779 5397 Porro
1811 5339 2061 5408 disputa-

470 5430 625 5499 tione
642 5427 1052 5498 progrediente,
1070 5426 1140 5501 ad
1158 5428 1515 5503 quaestionem
1543 5427 1704 5481 aliam
1726 5443 2057 5498 pervenere.

472 5523 542 5577 Et.
599 5523 865 5592 quoniam
919 5523 973 5577 in
1026 5522 1260 5579 formula
1321 5521 1557 5579 similem
1606 5520 1859 5579 dixerant
1904 5523 2054 5578 Patri

472 5598 700 5681 Filium,
754 5616 939 5670 Acacii
995 5616 1162 5670 factio
1211 5616 1546 5685 interrogata
1576 5624 1687 5679 est,
1729 5600 1962 5684 quanam
1997 5633 2055 5669 re

475 5705 710 5760 similem
758 5707 905 5762 Patri
964 5707 1167 5762 Filium
1221 5705 1661 5777 profiterentur?
1699 5706 1877 5774 Atque
1939 5707 2051 5769 illa,

474 5796 760 5854 voluntate
787 5799 926 5865 sola,
962 5815 1070 5854 non
1095 5807 1280 5854 autem
1326 5797 1658 5861 substantia,
1690 5797 1924 5852 similem
1980 5801 2059 5852 di-

472 5897 635 5945 cente
658 5927 677 5958 ,
702 5892 795 5947 alii
820 5908 1031 5960 omnes,
1063 5892 1231 5947 etiam
1262 5890 1568 5947 substantia
1600 5890 1834 5945 similem
1867 5891 2057 5946 dicen-

2167 4696 2298 4755 Υίδν
2329 4694 2681 4764 ὁμολογοῦσι.
2718 4696 2840 4749 Τῶν
2886 4698 2941 4755 δὲ
2976 4702 3114 4755 κατᾶ
3152 4700 3418 4769 βούλησιν
3474 4706 3662 4773 μόνον,
3696 4705 3753 4753 οὐ

2168 4788 2277 4859 μὴν
2299 4788 2357 4841 δὲ
2387 4788 2485 4842 καὶ
2516 4787 2660 4841 κατὰ
2688 4789 2788 4858 τὴν
2814 4791 3005 4843 οὐσίαν
3036 4793 3178 4860 ἔχειν
3204 4793 3263 4851 τὸ
3287 4795 3510 4861 ὅμοιον,
3538 4797 3587 4849 οί
3611 4794 3755 4851 ἄλλοι

2163 4882 2367 4941 πάντες
2402 4881 2494 4937 καὶ
2527 4881 2671 4935 κατὰ
2698 4883 2801 4952 τὴν
2829 4884 3021 4939 οὐσίαν
3051 4887 3242 4954 ὅμοιον
3276 4890 3639 4957 ἰσχυρίζοντο
3668 4888 3756 4939 λέ-

2162 4988 2302 5039 γειν.
2335 4970 2448 5024 Καὶ
2476 4974 2603 5043 περὶ
2637 4973 2829 5024 τούτου
2858 4973 2973 5042 ἔρις
3011 4974 3239 5045 πλείστη
3272 4978 3338 5030 δι’
3372 4979 3509 5049 ὅλης
3541 4978 3754 5050 ἡμέρας

2163 5064 2396 5131 ἐγένετο,
2444 5065 2775 5135 Ἐξήλεγχόν
2806 5084 2865 5118 τε
2901 5069 2992 5121 καὶ
3045 5069 3210 5122 αὑτ“ν
3262 5072 3536 5127 Ἀκάκιον
3564 5073 3642 5135 ὡς
3671 5072 3755 5138 εἴη

2160 5154 2435 5224 διαφόρως
2468 5158 2686 5231 γράψας
2719 5160 2777 5209 ἐν
2825 5161 2938 5221 τοῖς
2969 5160 3135 5214 αὐτοῦ
3166 5160 3371 5227 λήγοις,
3406 5163 3509 5227 οὓς
3543 5165 3640 5218 καὶ
3667 5166 3753 5215 ἐκ·

2160 5249 2436 5317 δέδωκεν,
2464 5253 2650 5319 ὅμοιον
2699 5254 2842 5305 κατὰ
2903 5255 3081 5309 πάντα
3125 5255 3203 5327 τῷ
3250 5257 3431 5324 Ilath
3483 5259 3581 5311 τὸν
3632 5255 3754 5307 Υίδν

2161 5339 2356 5405 εἰπὼν,
2406 5344 2503 5397 καὶ
2535 5343 2737 5414 ὁμοίως
2778 5343 3025 5410 δοξάζειν
3082 5348 3290 5406 αὐτοῖς.
3344 5350 3466 5402 Καὶ
3503 5348 3603 5405 νῦν
3642 5347 3755 5409 πῶς

2164 5434 2326 5502 ἀρνῇ,
2364 5433 2573 5501 ἔλεγον,
2609 5436 2670 5487 τὸ
2718 5436 2841 5489 κατ’
2871 5438 3063 5495 οὐσίαν
3116 5439 3340 5506 δμοιονς
3391 5440 3453 5492 Ὀ
3486 5442 3569 5502 δὲ,
3619 5439 3753 5492 Οὔτε

2161 5527 2281 5587 νέος
2311 5543 2418 5588 τις,
2444 5528 2571 5579 οὔτε
2607 5545 2692 5589 τις
2729 5529 2836 5580 τῶν
2864 5529 3113 5598 ἀρχαίων
3147 5531 3252 5582 ἀπὸ
3285 5532 3754 5600 συγγραμμάτιον

2162 5617 2392 5673 εὐθῦνας
2445 5618 2591 5687 ἔσχε.
2627 5621 2733 5672 Καὶ
2790 5620 2966 5688 ἔριδος
3010 5622 3273 5690 πλείστης
3322 5606 3753 5690 ἁνατὶτομένης,

2160 5709 2314 5772 τέλος
2341 5712 2369 5763 ὁ
2402 5712 2641 5773 Κυζίκου
2688 5712 2986 5776 Ἐλεύσιος,
3028 5714 3091 5764 Εἰ
3119 5714 3219 5782 μὲν
3274 5711 3595 5773 Βασίλειος,
3622 5712 3753 5779 ἔφη,

2162 5804 2194 5872 ἦ
2229 5803 2456 5874 Μάρκος
2515 5805 2639 5859 τινὰ
2675 5804 2798 5857 καθ’
2838 5808 3066 5871 ἑαυτοὺς
3119 5804 3471 5876 πεπραχότες
3526 5807 3691 5869 εἰσὶν,
3722 5804 3755 5872 ἢ

2162 5896 2255 5947 ἐπί
2287 5912 2427 5948 τισιν
2461 5897 2611 5959 ἰδίοις
2661 5899 2916 5969 ἀλλήλοις
2972 5898 3469 5967 ἀντεγκαλοῦντες,
3509 5895 3669 5950 οὐδὲν
3698 5897 3757 5949 τὸ
