4054 6456
286 474 383 538 £05

1194 475 1803 537 ECCLESIASTIEJE
1846 474 2232 536 HISTORLE
2275 477 2424 540 LIB.
2470 479 2569 538 IX.

3445 478 3548 545 105

286 586 411 656 περὶ
443 583 640 640 πολλοῦ
673 585 984 643 ἐποιοῦντο.
1022 586 1097 641 Οὐ
1139 586 1249 657 μὴν
1277 586 1335 641 δὲ
1373 587 1508 641 ἁλλᾶ
1565 587 1658 640 καὶ
1693 584 1859 647 αὐτὸς

1972 587 2042 639 sia
2075 589 2447 657 proscribere,
2479 598 2537 643 ut
2571 585 2915 643 Ariminensi
2942 584 3192 641 formulae
3225 584 3544 641 subscribe-

281 679 311 729 ὁ
343 677 599 748 βασιλεὺς
631 678 835 746 ταύτην
891 681 990 750 τὴν
1029 679 1250 734 ἔκθεσιν
1304 680 1671 751 διαφερόντως
1719 678 1858 750 ἐπῄ-

285 786 393 823 νει·
435 770 816 837 συνελογίζετο
848 774 980 845 γὰρ,
1012 773 1089 838 ὡς
1130 777 1180 827 oi
1211 777 1269 828 ὲν
1311 775 1585 846 ’Δριμίνῳ
1613 774 1860 829 τοσοῦτοι

285 864 432 926 δντες
459 864 559 916 οὐκ
611 866 678 918 ἂν
727 868 784 929 ἐς
833 866 992 921 τόσον
1024 867 1400 939 διαμάρτοιεν,
1443 869 1634 938 ὅμοιον
1663 868 1859 937 ὁμολο-

291 955 505 1020 γοῦντες
551 959 644 1010 καὶ
680 958 970 1025 ὁμοοῦσιον
995 976 1009 991 ·
1054 962 1149 1015 καὶ
1181 963 1352 1033 μηδὲν
1380 960 1532 1032 αὐτῷ
1572 961 1861 1030 διαφέρειν

292 1049 402 1099 κατ’
435 1047 668 1114 ἔννοιαν,
704 1051 758 1102 εἴ
784 1067 847 1118 γε
881 1052 955 1120 μὴ
994 1051 1175 1122 χρῷτο
1208 1052 1465 1122 ὀνόμασι,
1502 1054 1569 1123 τῇ
1628 1053 1749 1123 ἱερᾷ
1786 1052 1861 1121 μὴ

289 1143 653 1213 ἐγνωσμένοις
687 1145 903 1216 Γραφῇ,
938 1148 995 1199 ἐν
1033 1147 1343 1219 ίσοδυνάμῳ
1377 1164 1438 1200 τε
1472 1150 1568 1201 καὶ
1602 1149 1860 1217 ἀναμφη·

285 1236 451 1306 ρίστῳ
471 1236 696 1306 ὀνόματι
729 1239 791 1291 τὸ
823 1240 1009 1309 ὅμοιον
1035 1240 1134 1311 τὴν
1162 1239 1328 1295 αὑτοῦ
1360 1240 1642 1312 σημασίαν
1666 1242 1863 1311 ὁμολο-

284 1326 427 1396 γοίη.
449 1325 636 1392 Οὕτως
660 1327 752 1381 οὖν
782 1329 922 1400 ἔχων
950 1330 1202 1401 γνώμης,
1225 1333 1324 1386 οὐκ
1350 1334 1491 1387 ἀνίει
1516 1334 1717 1387 πείθων
1733 1333 1862 1396 τοὺς

283 1421 347 1470 ἐκ
377 1419 699 1483 Σελευκείας
736 1423 1096 1488 ἐπισκόπους,
1127 1424 1233 1488 ἕως
1258 1421 1320 1480 οὗ
1355 1426 1449 1479 καὶ
1479 1425 1636 1479 αὐτοὶ
1666 1427 1770 1496 τὴν
1803 1428 1861 1480 ὲν

293 1511 561 1583 ’Δριμίνφ
596 1514 781 1569 πίστιν
837 1514 1192 1586 ὑπέγραψαν.
1239 1519 1303 1571 Οί
1337 1518 1393 1572 δέ
1420 1535 1484 1587 γε
1534 1520 1660 1590 περὶ
1700 1516 1866 1575 Ἀκάὲ-

285 1620 402 1655 κιον
426 1607 490 1674 τῇ
519 1608 935 1662 Κωνσταντίνου
962 1612 1579 1683 προσκαρτερήσαντες,
1612 1613 1707 1666 καὶ
1736 1615 1864 1677 τοὺς

286 1696 542 1760 Βιθυνοὺς
593 1703 1091 1774 μεταστειλάμενοι
1141 1706 1344 1775 ίερέας,
1394 1707 1451 1760 ἐν
1511 1702 1590 1770 οἷς
1643 1703 1713 1778 ἦν
1769 1707 1862 1761 καὶ

279 1788 461 1857 Μάρις
496 1793 523 1841 ὁ
563 1792 936 1864 Χαλκηδόνος,
967 1799 1062 1850 καὶ
1111 1799 1387 1867 Οίιλςρί).ας
1434 1800 1462 1852 6
1494 1801 1606 1853 τῶν
1644 1800 1860 1855 Γὸτθων

1964 686 2108 741 rent,
2145 679 2339 735 suasit.
2378 679 2517 735 Cum
2559 695 2695 733 vero
2731 692 2933 749 prater
2965 694 3184 734 omnem
3227 678 3547 748 opinionem

1962 772 2348 829 Occidentales
2394 789 2462 828 ex
2501 773 2753 828 Arimino
2789 784 2994 845 praesto
3042 781 3230 829 essent
3274 771 3545 842 episcopi.

1961 876 2017 921 et
2061 866 2387 922 substantiae
2436 867 2664 922 verbum
2716 869 3062 934 omitterent,
3097 882 3265 937 quam
3318 864 3544 936 plurimi

1961 960 2111 1029 apud
2155 975 2253 1015 eos
2299 975 2421 1015 esse
2471 960 2748 1031 ejusmodi
2795 960 2921 1015 fidei
2963 959 3368 1029 professionem
3406 956 3547 1012 Aea-

1964 1048 2111 1103 ciaui
2142 1048 2355 1103 dixere.
2393 1048 2797 1104 Existimabam
2832 1064 3093 1121 namque,
3125 1052 3169 1103 si
3210 1064 3275 1104 ea
3313 1047 3548 1102 formula

1963 1142 2333 1210 reciperetur,
2387 1141 2716 1196 substantia:
2770 1142 2998 1198 nomine
3052 1158 3283 1213 prorsus
3338 1142 3546 1206 tacito,

1961 1233 2022 1285 τὸ
2053 1233 2360 1303 ὁμοούσιον,
2394 1212 2865 1300 σᾶιιιιώεεαηείαιε,
2899 1212 3122 1305 quoque
3157 1235 3213 1289 in
3251 1235 3362 1290 alto
3390 1233 3548 1288 futu-

1965 1342 2086 1381 rum
2120 1326 2345 1381 silentio
2379 1344 2394 1380 :
2425 1320 2589 1396 quod-
2610 1340 2745 1382 sane
2776 1328 3023 1397 episcopi
3057 1326 3444 1382 Occidentales
3477 1326 3549 1380 ob

1962 1418 2197 1475 Nicaeum
2245 1418 2438 1490 synodi
2482 1420 2855 1475 reverentiam
2908 1418 3394 1489 magnifaciebant.
3443 1418 3547 1474 Sed

1964 1511 2110 1566 enim
2148 1512 2266 1580 ipse
2296 1512 2459 1565 etiam
2497 1514 2798 1583 imperator
2822 1529 2946 1585 eam
2977 1514 3270 1569 formulam
3303 1514 3551 1584 apprime

1963 1602 2230 1659 laudavit.
2265 1605 2579 1675 Reputahat
2623 1623 2861 1678 namque
2908 1623 3120 1672 secum,
3155 1623 3280 1663 cum
3316 1615 3395 1662 tot
3451 1623 3550 1661 an-

1967 1695 2172 1752 tistites
2209 1697 2312 1750 viri
2345 1698 2584 1754 Arimini
2622 1699 2855 1766 fuerint,
2889 1717 2999 1758 non
3037 1698 3324 1771 tantopere
3360 1702 3548 1769 lapsu-

1965 1806 2057 1847 ros
2089 1803 2185 1845 eos
2220 1790 2412 1856 fuisse,
2450 1802 2505 1847 ut
2541 1801 2748 1850 temere
2780 1796 2991 1865 ὅμοιον,
3023 1795 3127 1849 hoc
3165 1804 3254 1849 est
3283 1794 3546 1854 similem,

277 1882 593 1965 ἐπίσκοπος,
646 1887 704 1948 ὃς
739 1890 1010 1960 πρῦτερον
1044 1893 1145 1963 τὴν
1185 1895 1242 1946 έν
1291 1894 1499 1966 Νικαίᾳ
1533 1897 1720 1950 πίστιν
1786 1899 1858 1968 ἡ·

1972 1887 2384 1955 proﬁterentur,
2435 1895 2597 1941 antea
2660 1887 2950 1957 ὁμοούσιον
3014 1886 3550 1944 οοηδιιὺεῑιιῇιίσιειιι

279 1976 545 2040 σπάξῖτο.
579 1978 849 2048 ἑπόμενος
883 1983 963 2053 τῷ
997 1985 1104 2054 πρὸ
1138 1985 1307 2041 αὑτοῦ
1349 1986 1619 2058 Θεοφίλῳ,
1654 1991 1721 2060 τῇ
1767 2006 1859 2043 συ-

279 2069 413 2140 νόδῳ
444 2074 673 2141 παρόντι
704 2075 798 2126 καὶ
822 2076 1297 2150 συμψηφιζομένῳ
1319 2082 1385 2150 τῇ
1421 2079 1549 2152 δόξῃ
1579 2098 1593 2111 ·
1627 2082 1706 2144 είς
1735 2098 1860 2134 πεν-

277 2164 514 2231 τήκοντα
544 2165 601 2218 δὲ
638 2168 996 2237 συνηγμένοι,
1027 2170 1129 2239 τὴν
1188 2172 1246 2223 ὲν
1291 2172 1561 2243 Ἀριμίνῳ
1607 2176 1859 2243 ἀναγνω-

278 2252 501 2306 σθεῖσαν
534 2257 719 2308 πῖστιν
757 2257 1007 2328 κυροῦσι,
1061 2260 1419 2331 προσθέντες,
1454 2265 1549 2315 ἐπὶ
1582 2263 1720 2317 Θεοῦ
1762 2264 1856 2319 τοῦ

279 2342 470 2397 λοιποῦ
523 2347 715 2401 οὐσῖαν
753 2347 787 2417 ἢ
836 2349 1143 2404 ὑπόστασιν
1201 2352 1472 2422 μηδαμῶς
1527 2354 1859 2424 ὀνομάζειν·

282 2433 381 2485 καὶ
422 2434 573 2505 παρὰ
614 2435 717 2508 τὴν
755 2442 1133 2512 προκειμένην
1163 2442 1333 2513 ἄλλην
1375 2445 1450 2517 μὴ
1482 2446 1736 2518 δέχεσθαι
1771 2449 1863 2503 ἐκ·

274 2524 427 2578 δοσιν
458 2527 781 2602 πίστεως,ἢ
842 2538 1336 2607 προγεγενημένην
1381 2539 1414 2609 ἢ
1463 2541 1865 2613 ὲπιγενησομέ-

275 2632 401 2685 νην.
454 2617 605 2670 Ἐπεὶ
629 2619 686 2672 δὲ
722 2620 932 2692 ταύτης
960 2624 1161 2693 ἥκιστα
1216 2625 1711 2698 προεμνήσθημεν,
1750 2630 1863 2682 δεῖν

276 2706 550 2777 ἠγοῦμαι,
599 2712 722 2764 ἐπεὶ
771 2713 866 2767 καί
917 2731 1041 2769 τινα
1087 2717 1572 2788 προστεθείκασιν,
1623 2723 1863 2776 ἐκθεῖναι

276 2800 379 2851 καὶ
410 2801 616 2870 ταύτην
643 2802 722 2868 ὡς
748 2799 858 2858 οἷόν
885 2824 964 2862 τε.
993 2808 1150 2878 Ἔχει
1179 2810 1237 2864 δὲ
1265 2811 1296 2881 ἡ
1331 2812 1389 2864 ὲν
1430 2812 1697 2886 Ἀριμίνῳ
1725 2815 1864 2881 μετὰ

277 2889 381 2959 τῆς
443 2894 765 2966 προσθήκης
822 2897 917 2950 ἐπὶ
948 2898 1150 2964 λέξεως
1209 2899 1421 2965 οὕτως·
1462 2923 1481 2955 ι
1524 2903 1866 2974 Πιστεύομεν

275 2985 363 3046 είς
399 2985 492 3038 ἕνα
519 2987 681 3057 μόνον
716 2990 871 3057 Θεὸν,
927 2992 1147 3065 Πατέρα
1203 2996 1650 3066 παντοκράτορα,
1684 2995 1752 3063 ἐξ
1804 2991 1864 3050 οὗ

274 3077 349 3130 τὰ
385 3079 598 3134 πάντα·
654 3083 748 3135 καὶ
784 3088 863 3148 είς
906 3086 997 3140 τὸν
1066 3089 1335 3161 μονογενῆ
1374 3090 1504 3144 Υίὸν
1551 3090 1646 3144 τοῦ
1704 3088 1863 3155 Θεοῦ,

280 3171 396 3239 πρὸ
424 3173 645 3229 πάντων
676 3176 787 3231 τῶν
810 3180 1024 3233 αἰώνων
1059 3181 1153 3234 καὶ⁹
1185 3184 1292 3254 πρὸ
1320 3184 1503 3252 πάσης
1532 3184 1712 3256 ἀρχῆς
1739 3202 1866 3253 γεν-

1963 1976 2216 2047 professi.
2254 1977 2401 2032 Nihil
2446 1977 2671 2047 quidem
2726 1977 2873 2048 apud
2935 1993 3016 2046 se,
3075 1977 3256 2048 quoad
3298 1993 3548 2041 sensum,

1965 2068 2193 2133 referre,
2226 2070 2271 2124 si
2305 2068 2491 2126 verbis
2535 2085 2661 2140 quae
2689 2084 2861 2126 sacrae
2891 2068 3194 2141 Scriptura
3237 2069 3421 2141 ignota
3465 2083 3553 2124 es-

1963 2169 2110 2229 sent,
2141 2177 2253 2216 non
2284 2157 2699 2226 ususfnomine
2729 2163 2980 2234 ejusdem
3008 2160 3290 2228 efﬁcaciae,
3322 2169 3377 2216 ct
3403 2161 3550 2232 quod

1964 2253 2105 2309 nihil
2139 2252 2375 2309 haberet
2406 2256 2823 2318 controversiae.
2863 2255 2941 2326 τῷ
2977 2255 3171 2326 ὁμοίῳ,
3200 2254 3365 2310 simili
3394 2254 3548 2309 scili-

1964 2353 2078 2411 cet,
2127 2347 2460 2400 sententiam
2498 2360 2655 2400 suam
2688 2344 3069 2417 profiteretur;
3104 2345 3232 2401 Hrec
3262 2361 3389 2402 cum
3434 2346 3553 2417 ejus

1965 2452 2113 2495 esset
2143 2428 2307 2502 ratio.
2338 2440 2589 2511 suadere.
2613 2439 2894 2511 episcopis
2921 2438 3179 2496 Seleucia
3216 2439 3407 2495 missis
3443 2454 3552 2494 non

1966 2531 2153 2599 desiit,
2182 2532 2350 2603 792
2392 2533 2572 2589 donec
2600 2542 2659 2590 et
2690 2532 2792 2602 ipsi
2823 2533 3230 2589 Ariminensem
3259 2533 3553 2590 formulam

1967 2625 2417 2695 comprobarent.
2454 2625 2696 2682 Aeacius
2741 2641 2894 2690 vero.
2925 2638 3094 2699 atque
3128 2627 3252 2698 ejus
3294 2626 3554 2690 Studiosis

1966 2717 2447 2788 Constantinopoli
2486 2719 2701 2777 diutius
2733 2730 3039 2784 morantes.
3082 2720 3354 2791 Bithynos
3388 2721 3556 2775 etiam

1968 2811 2224 2866 accivere
2264 2812 2561 2882 episcopos
2592 2831 2608 2868 :
2643 2814 2698 2867 in
2729 2813 2938 2884 quibus
2970 2824 3149 2877 erant,
3182 2814 3350 2870 Maris
3387 2812 3557 2869 Chal-

1969 2903 2218 2969 cedonis,
2255 2914 2421 2976 atque
2452 2905 2707 2976 Ulphilas
2735 2905 3071 2962 Gotthorum
3108 2906 3429 2981 episcopus,
3463 2906 3558 2976 qui

1970 2999 2127 3069 prius
2159 2997 2948 3069 Niczenamseomprobaverat
2984 2998 3175 3065 fidem;
3205 2999 3559 3055 decessorem

1940 3088 1945 3094 ’
1971 3099 2385 3159 suumsecutus
2415 3088 2824 3166 Theophilum,
2845 3090 2942 3161 qui
2973 3090 3184 3163 synodo
3209 3090 3442 3146 Niczr'na:
3473 3090 3559 3145 in-

1973 3183 2264 3248 terruerat,
2290 3192 2344 3238 et
2374 3182 2589 3239 calculo
2615 3198 2719 3238 suo
2747 3186 3081 3239 sententiam
3108 3185 3557 3239 confirmaverat.

278 3264 525 3332 ν’ςθέντα
554 3270 616 3321 ἐκ
648 3272 745 3321 τοῦ
803 3271 941 3339 Θεοῦ
966 3289 979 3303 ·
1019 3274 1089 3326 δι’
1120 3274 1181 3328 οὖ
1222 3277 1290 3329 τὰ
1331 3276 1513 3331 πάντα
1548 3280 1767 3346 ἐγένετο
1801 3278 1869 3332 τὰ

1978 3276 2045 3330 Et
2072 3291 2198 3331 cum
2229 3276 2636 3348 quinquaginta
2669 3277 2948 3334 antistites
2984 3277 3399 3343 convenissent,
3431 3278 3562 3333 Ari-

276 3359 458 3429 ἰρατὰ
501 3364 594 3416 καὶ
624 3365 691 3417 τὰ
745 3365 995 3436 ἁὸρατα·
1051 3368 1382 3439 γεννηθέντα
1441 3370 1541 3437 δὲ,
1595 3371 1889 3443 μονογενῆ,

283 3453 455 3523 μόνον
505 3457 567 3508 ἐκ
605 3460 770 3526 μόνου
803 3459 896 3512 τοῦ
946 3461 1188 3533 Πατρὸς,
1219 3462 1354 3516 Θεὸν
1394 3464 1460 3518 ὲκ
1492 3463 1651 3526 Θεοῦ,
1683 3466 1872 3537 ὅμοιον

277 3546 362 3613 τῷ
393 3550 715 3620 γεννήσαντι
750 3552 923 3607 αὐτὸν
947 3554 1145 3624 Πατρι,
1178 3555 1325 3608 κατὰ
1367 3555 1468 3619 τὰς
1507 3556 1732 3627 Γραφάς
1763 3574 1777 3588 ⁵
1810 3550 1873 3613 οῦ

277 3637 387 3708 τὴν
425 3640 680 3711 γέννησιν
706 3643 888 3707 οὐδεὶς
941 3647 1235 3715 γινώσκει,
1280 3649 1328 3702 εί
1373 3647 1448 3721 μὴ
1487 3650 1652 3720 μόνον
1683 3653 1710 3705 ὁ
1746 3668 1868 3720 γενο

283 3733 462 3802 νήσας
496 3736 661 3789 αὐτὸν
694 3738 905 3809 Πατήρ.
949 3740 1157 3794 Τοῦτον
1208 3742 1439 3814 οἴδαμεν
1472 3744 1743 3815 μονογενῆ
1775 3744 1873 3800 τοῦ

284 3825 428 3881 Θεοῦ
463 3831 608 3893 Υίὸν,
644 3833 956 3902 πέμποντος
987 3834 1080 3889 τοῦ
1112 3838 1343 3906 Πατρὶς,
1367 3841 1780 3908 παραγενέσθαι
1811 3844 1876 3896 ὲκ

281 3919 400 3970 τῶν
430 3920 701 3988 οὐρανῶν,
731 3923 808 3986 ὡς
845 3924 1187 3996 γέγραπται,
1223 3927 1524 3982 καταλύσει
1554 3928 1657 3999 τῆς
1688 3932 1875 4004 ἁμαρ-

285 4013 415 4074 τίας
447 4015 545 4067 καὶ
577 4015 669 4067 τοῦ
702 4015 941 4071 θανάτου
965 4034 976 4045 ·
1006 4020 1111 4071 καὶ·
1140 4022 1476 4091 γεννηθέντα
1525 4025 1599 4077 bc
1624 4026 1876 4096 Πνεῦμα-

282 4123 383 4170 τος
406 4106 566 4174 ἁγίου
597 4108 689 4161 καὶ
712 4107 935 4179 Μαρίας
965 4112 1062 4180 τῆς
1092 4112 1380 4181 Παρθένου
1405 4114 1466 4167 τὸ
1499 4117 1642 4171 κατὰ
1669 4118 1875 4190 σάρκα,

283 4201 367 4262 ὡς
396 4201 710 4270 γέγραπται
736 4219 751 4235 ·
783 4205 871 4257 καὶ
906 4207 1331 4277 ἀναστραφέντα
1380 4210 1522 4278 μετὰ
1556 4210 1667 4267 τῶν
1696 4212 1877 4283 μαθη-

286 4293 403 4346 τῶν
428 4311 444 4326 ·
477 4296 568 4347 καὶ
598 4298 778 4366 πάσης
808 4297 909 4365 τῆς
935 4300 1258 4367 οἰκονομίας
1305 4300 1697 4376 πληρωθείσης
1732 4306 1880 4359 κατᾶ

287 4383 395 4454 τὴν
443 4390 719 4459 πατρικὴν
766 4388 1048 4460 βούλησιν,
1087 4394 1480 4465 σταυρωθέντα
1528 4398 1624 4451 καὶ
1667 4398 1879 4453 ἀποθα-

290 4481 463 4533 νόντα
484 4484 577 4544 καὶ
612 4485 887 4551 ταφέντα·
925 4487 1023 4540 καὶ
1067 4489 1149 4550 εἰς
1177 4489 1246 4542 τὰ
1276 4489 1612 4560 καταχθόνια
1642 4493 1879 4565 κατελη-

290 4574 531 4628 λυθότα·
560 4576 619 4630 ὃν
669 4578 760 4630 καὶ
811 4578 976 4643 αὐτὸς
1025 4581 1054 4633 ὁ
1096 4579 1232 4652 ᾅδης
1282 4581 1559 4653 ἔπτηξεν·
1595 4585 1746 4649 ὅστις
1785 4587 1879 4640 καὶ

1976 3364 2111 3420 mini
2162 3365 2361 3422 lectam
2424 3366 2553 3422 lidei
2613 3367 3021 3439 professionem
3080 3370 3411 3426 auctoritate
3461 3385 3563 3426 sua

1975 3457 2372 3513 stabilierunt:
2407 3458 2504 3514 illo
2552 3458 2784 3530 insuper
2830 3459 3043 3525 addito,
3086 3476 3147 3517 se
3190 3461 3456 3532 deinceps
3506 3462 3562 3516 iu

1975 3548 2088 3605 Deo
2117 3565 2464 3621 nequaquam
2497 3552 2864 3608 substantiam
2897 3562 2992 3609 aut
3016 3552 3433 3610 subsistentiam
3461 3570 3563 3607 no-

1976 3644 2327 3700 minaturus:
2364 3653 2421 3701 et
2449 3654 2652 3715 pra-ter
2682 3660 2803 3701 eam
2838 3646 3041 3716 ipsam,
3073 3647 3237 3702 aliam
3280 3645 3405 3711 fidei
3450 3646 3570 3703 for;

1976 3738 2182 3793 mulam
2221 3739 2306 3794 vel
2339 3748 2502 3794 antea
2530 3739 2765 3807 editam,
2796 3739 2882 3795 vel
2913 3751 3102 3812 postea
3127 3740 3422 3804 edendam,
3453 3757 3562 3795 non

1976 3841 2325 3905 recepturos.
2387 3834 2454 3888 Et
2509 3835 2766 3905 quamvis
2815 3815 2982 3891 hanc.
3011 3835 3170 3906 prius
3232 3835 3563 3898 retulimus,

1976 3926 2294 3983 faciendum
2330 3936 2515 3984 tamen
2546 3943 2668 3984 esse
2701 3927 2860 3998 duxi,
2888 3944 3015 3985 cum
3048 3929 3103 3984 id
3136 3929 3294 3984 locus
3335 3936 3565 3998 poscere

1978 4021 2257 4089 videatur,
2288 4030 2348 4077 ut
2380 4022 2471 4079 hic
2500 4037 2747 4093 quoque,
2776 4032 3046 4093 quantum
3085 4020 3205 4078 ﬁeri
3235 4031 3442 4093 posset,
3477 4022 3565 4076 in-

1978 4130 2247 4174 sererem.
2279 4114 2353 4169 Ea
2378 4130 2503 4171 cum
2534 4115 2840 4187 appendice
2877 4130 2980 4171 sua
3016 4116 3087 4170 de
3124 4115 3295 4171 verbo
3327 4115 3396 4170 ad
3440 4131 3566 4171 ver-

1979 4213 2111 4267 bum
2159 4207 2241 4264 sic
2282 4224 2343 4264 se
2398 4208 2613 4264 habet:
2656 4226 2681 4259 ι
2714 4206 3010 4264 Credimus
3058 4208 3112 4262 in
3162 4225 3334 4263 unum
3386 4209 3567 4264 solum

1979 4304 2177 4366 Deum,
2213 4303 2432 4358 Patrem
2468 4303 2906 4371 omnipotentem
2942 4301 3045 4372 il).
3088 4300 3157 4357 Et
3208 4304 3265 4356 in
3314 4303 3569 4371 unigeni-

1982 4406 2098 4452 tum
2131 4397 2331 4453 Filium
2364 4395 2484 4463 Dei,
2520 4390 2650 4451 ante
2677 4395 2865 4450 omnia
2898 4394 3122 4459 stecula,
3155 4404 3213 4449 et
3240 4405 3369 4450 ante
3410 4396 3566 4465 prin-

1981 4491 2189 4562 cipium
2226 4503 2392 4544 atnue
2431 4489 2678 4560 genitum
2723 4502 2794 4543 ex
2841 4488 2974 4553 Deo,
3024 4503 3124 4558 per
3175 4502 3337 4557 quem
3381 4489 3568 4542 omnia

1982 4584 2126 4640 facta
2161 4592 2312 4647 sunt,
2348 4581 2587 4637 visibilia
2621 4592 2675 4635 ct
2709 4580 3014 4636 invisibilia
3048 4598 3064 4636 :
3098 4581 3350 4650 genitum
3382 4590 3565 4636 autem

294 4671 500 4740 ἀνέστη
533 4673 643 4724 ἀπὸ
672 4670 785 4726 τῶν
829 4673 1042 4745 νεκρῶν
1079 4679 1146 4745 τῇ
1191 4673 1356 4745 τρίτῃ
1398 4675 1608 4749 ἡμέρᾳ,
1641 4678 1734 4732 καὶ
1761 4677 1870 4733 διέ-

1986 4675 2329 4748 unigenitum
2378 4675 2558 4729 solum
2591 4688 2657 4728 ex
2699 4673 2818 4728 solo
2864 4670 3051 4737 Patre,
3087 4672 3263 4727 Deum
3319 4686 3385 4725 ex
3433 4669 3567 4734 Deo,

289 4766 461 4834 τριψε
497 4768 632 4834 μετὰ
670 4766 781 4821 τῶν
835 4768 1133 4840 μαθητῶν·
1173 4773 1271 4825 καὶ
1319 4772 1729 4843 πληρωθεισῶν.
1768 4774 1880 4828 τῶν

293 4858 711 4930 τεσσαράκοντα
735 4860 983 4932 ἡμερῶν,
1011 4863 1297 4935 ἀνελήφθη
1327 4867 1406 4928 εἰς
1421 4866 1552 4930 τοὺς
1572 4866 1842 4938 οὐρανούς
1862 4885 1877 4901 ·

299 4949 396 5003 καὶ
429 4950 718 5016 καθέζεται
746 4954 804 5005 ὲν
833 4953 985 5027 δεξιᾷ
1017 4955 1115 5009 τοῦ
1156 4956 1373 5027 Πατρός
1395 4975 1410 4991 ·
1437 4959 1802 5030 ὲλευσόμενος
1826 4965 1882 5017 ἐν

295 5044 368 5113 τῇ
420 5045 624 5117 ἐσχάτῃ
674 5047 863 5118 ἡμέρα
893 5048 994 5118 τῆς
1024 5050 1387 5114 ἀναστάσεως
1430 5051 1487 5105 ὲν
1534 5055 1602 5123 τῇ
1633 5059 1881 5126 πατρικῇ

296 5136 429 5207 δόξῃ
449 5136 537 5191 ῐνα
558 5138 821 5214 ἀποδὼσῃ
852 5141 1075 5213 ἑκάστῳ
1096 5143 1242 5196 κατὰ
1270 5143 1342 5197 τὰ
1368 5143 1508 5214 ἔργα
1547 5145 1741 5200 αὑτοῦ.
1770 5149 1884 5202 Καὶ

304 5232 387 5291 εἰς
416 5230 477 5281 τὸ
511 5232 667 5299 ἅγιον
704 5233 951 5304 Πνεῦμα,
989 5236 1129 5306 ὅπερ
1166 5236 1334 5300 αὐτὸς
1365 5238 1394 5291 ὁ
1446 5238 1752 5311 μονογενὴς
1785 5239 1880 5295 τοῦ

303 5324 444 5377 Θεοῦ
475 5325 621 5390 Υἱὸς,
671 5326 702 5378 ὁ
738 5327 945 5399 Κύριος
997 5330 1092 5383 καὶ
1126 5329 1261 5394 Θεὸς
1296 5329 1479 5401 ἡμῶν,
1511 5332 1884 5403 ἐπηγγείλατο

302 5419 545 5486 πέμπειν
566 5420 642 5490 τῷ
680 5423 832 5491 γένει
873 5423 980 5475 τῶν
1009 5422 1318 5495 ἀνθρώπων
1363 5425 1745 5497 Παράκλητον,
1784 5445 1885 5481 κα·-

304 5512 483 5582 θᾶπερ
519 5514 858 5584 γέγραπται,
909 5516 969 5569 τὸ
1021 5516 1247 5587 Πνεῦμα
1290 5520 1391 5588 τῆς
1415 5517 1701 5589 ἀληθείας,
1744 5521 1884 5592 ὅπερ

303 5607 485 5668 αῷτοῖς
507 5606 753 5675 ἐπεμψεν
787 5609 876 5660 ὅτε
906 5608 1188 5679 ἀνελήφθη
1218 5611 1301 5671 είς
1336 5611 1465 5674 τοὺς
1494 5610 1786 5681 οὐρανούς.
1811 5615 1885 5667 Τὸ

303 5698 364 5753 δὲ
396 5698 568 5765 ὄνομα
610 5700 707 5769 τῆς
756 5699 968 5767 οὐσίας,
1015 5701 1156 5772 ὅπερ
1203 5701 1581 5773 ἁπλούστερον
1619 5703 1727 5757 ὑπὸ
1774 5704 1884 5759 τῶν

304 5791 576 5860 Πατέρων
603 5778 790 5862 ἐτέθη,
819 5792 1190 5865 ἀγνοούμενον
1211 5794 1267 5849 δὲ
1300 5797 1413 5859 τοῖς
1447 5794 1615 5864 λαοῖς,
1650 5798 1885 5853 σκάνδα-

380 5950 461 6021 (ι)
492 5949 667 6021 Supra
697 5964 822 6021 cap.
850 5950 939 6007 59.

1984 4772 2249 4843 aequalem
2280 4768 2375 4840 qui
2403 4784 2530 4822 eum
2563 4766 2755 4838 genuit
2779 4764 2952 4833 Patri,
2979 4763 3287 4823 secundum
3319 4762 3570 4833 Scriptuo

1958 4881 2106 4932 .ras;
2147 4863 2307 4935 cujus
2350 4861 2983 4931 generationemnemo
3032 4859 3211 4924 novit,
3261 4857 3369 4913 nisi
3422 4855 3575 4913 solus

1984 4960 2255 5029 qui‘eum
2307 4957 2500 5027 genuit
2546 4954 2728 5010 Pater.
2765 4954 2925 5010 Hunc
2970 4952 3178 5010 scimus
3220 4952 3570 5023 unigenitum

1990 5052 2084 5108 Dei
2141 5050 2365 5113 Filium,
2410 5050 2666 5104 mittente
2723 5047 2908 5112 Patre,
2957 5061 2989 5102 e
3047 5045 3204 5102 cmlis
3256 5044 3570 5106 advenisse.

1986 5147 2136 5201 sicut
2192 5144 2461 5211 scriptum
2514 5150 2620 5208 est,
2666 5140 2736 5196 ad
2784 5138 3118 5195 abolendum
3173 5147 3467 5209 peccatum
3518 5145 3570 5190 et

1988 5249 2257 5303 mortem;
2299 5246 2357 5292 et
2407 5244 2594 5290 natum
2625 5247 2751 5289 esse
2781 5233 2851 5290 de
2883 5232 3091 5304 Spiritu
3125 5227 3318 5288 sancto
3348 5246 3415 5286 ex
3459 5228 3573 5284 Ma-

1989 5330 2072 5385 ria
2103 5327 2346 5399 Virgine,
2377 5325 2685 5381 secundmu
2711 5338 2965 5391 carnem,
2990 5323 3137 5378 sicut
3161 5321 3434 5389 scriptum
3463 5331 3569 5377 esu;

1986 5435 2051 5494 et.
2087 5431 2364 5494 versatqu
2392 5434 2519 5475 cum
2546 5417 2872 5488 discipulis;
2899 5426 2956 5473 et
2981 5413 3289 5471 (nconomia
3319 5426 3415 5465 seu
3449 5411 3573 5463 fun-

1989 5492 2175 5574 ctione
2204 5492 2354 5570 omni
2385 5511 2694 5569 secundum
2723 5519 3011 5581 paternam
3039 5508 3388 5563 voluntatem
3418 5517 3573 5556 com-

1988 5610 2165 5682 pleta,
2191 5606 2520 5664 cruciﬁxum
2550 5619 2710 5671 esse,
2730 5611 2789 5659 et
2833 5613 3136 5665 mortuum,
3173 5608 3229 5653 et
3267 5598 3570 5666 sepultum.

1987 5702 2058 5757 Et
2086 5701 2442 5757 descendisse
2481 5700 2549 5756 ad
2599 5698 2830 5765 inferos,
2872 5696 3170 5768 ipsumque
3204 5707 3393 5749 orcum
3439 5705 3567 5746 eum

1987 5780 2370 5850 exhorruisse.
2400 5789 2503 5860 Qui
2530 5803 2586 5847 et
2615 5792 2922 5848 resurrexit
2946 5804 2976 5845 a
3000 5786 3236 5843 mortuis
3267 5784 3428 5840 tertia
3455 5784 3568 5848 die,
