4054 6468
472 442 575 508 ιη

1700 450 2125 515 NICEl’llURl
2169 458 2255 515 CA
2268 452 2520 514 LLISTI

3647 456 3747 520 ΜΞ

475 576 638 626 nens,
663 560 871 629 judicia
903 574 971 616 eo
1004 559 1170 614 modo
1199 558 1504 629 effugeret;
1540 570 1704 633 atque
1754 575 1815 619 ut
1862 566 2064 620 Bas'lio

2179 570 2408 635 θήκοντα
2461 570 2557 623 καὶ
2589 568 2800 635 φρονῶν
2837 569 2932 622 καὶ
2972 556 3073 622 ἐπ”
3108 571 3414 640 ἐκκλησίας
3463 570 3745 642 διδάσκων,

474 653 769 723 Aneyrano
796 655 1150 725 episcopatus
1178 653 1542 719 adimeretur,
1569 669 1747 711 cause
1776 659 1855 710 ha-
1886 655 2088 712 fuere."

478 747 773 800 Eustathio
820 757 1005 801 autem
1046 742 1319 802 ‘Sebastim
1365 749 1759 803 Armeniorum
1805 751 2062 811 antitisti,

481 839 723 907 primum
773 838 997 906 quidem
1047 837 1196 908 quod
1247 855 1373 894 etin:
1423 840 1719 910 presbyter
1754 855 2063 907 crearetur,

478 946 604 983 eum
643 943 799 998 pater
832 932 953 1000 ejus
988 931 1237 987 Eulalius
1271 932 1349 1003 (l)
1387 933 1711 1003 praejudicio
1758 950 1861 988 suo
1908 936 2069 989 dum-

479 1023 720 1086 naverit,
756 1032 811 1078 et
864 1024 1104 1079 ecclesia
1155 1025 1405 1095 ejecerit,
1449 1035 1741 1096 propterea
1782 1028 1930 1095 quod
1974 1030 2068 1081 ha-

479 1112 595 1166 bitu
643 1116 737 1183 qui
784 1117 1131 1171 sacerdotem
1182 1132 1295 1171 non
1339 1116 1588 1184 deceret,
1629 1127 1899 1173 uteretur.
1945 1120 2069 1174 Fuit

480 1216 667 1260 autem
718 1207 969 1261 Eulalius
1016 1207 1280 1263 Caesareae
1317 1208 1703 1278 Cappadocum
1746 1211 2067 1281 episcopus.

482 1296 694 1351 Deinde
725 1299 873 1367 quod
905 1299 1278 1355 Neoczesareae
1309 1301 1363 1355 in
1400 1296 1575 1357 Ponto
1602 1317 1630 1355 a
1664 1304 1874 1373 synodo
1904 1305 2071 1358 isthic

481 1401 673 1447 coacta
703 1395 1221 1447 excommunicatus
1246 1392 1434 1453 fuerit,
1466 1404 1757 1464 propterea
1791 1398 1936 1465 quod
1971 1398 2072 1450 mi-

482 1498 592 1538 nus
620 1483 858 1537 lideliter
888 1500 979 1539 res
1001 1479 1267 1554 quasdafn
1295 1486 1401 1540 sibi
1429 1487 1754 1542 commissas
1778 1489 2067 1558 gessisset:

484 1573 743 1644 deposuit
793 1588 977 1630 autem
1033 1577 1184 1631 illum
1238 1579 1511 1633 Eusebius
1561 1580 1799 1649 primum
1855 1582 2071 1653 Beryti,

485 1668 689 1722 deinde
715 1668 1073 1736 Nicomediae,
1111 1680 1300 1740 postea
1330 1687 1459 1726 vero
1485 1672 1653 1727 etiam
1683 1672 2075 1729 Constantino-

485 1758 649 1828 polis.
689 1771 811 1829 post
845 1761 1098 1826 Paulum,
1135 1764 1447 1833 episcopus.
1482 1764 1706 1828 Adhmc,
1740 1767 1886 1835 quod
1928 1767 1981 1821 ei
2018 1767 2071 1821 in

485 1852 698 1922 synodo
749 1852 1094 1925 Gangrensi,
1139 1866 1442 1926 propterea
1494 1859 1642 1927 quod
1698 1859 1861 1913 aliter
1908 1875 2072 1929 quam

2168 664 2320 733 παρὰ
2354 663 2450 731 τῆς
2486 664 2542 714 ἐν
2584 661 2810 729 Γάγγρᾳ
2853 660 3073 713 συνόδου
3115 662 3215 730 τὴν
3270 662 3586 734 ἐπισκοπὴν
3617 668 3752 739 ἀφῃ-

2173 756 2326 823 ρέθη.
2366 754 2455 806 Ἐν
2487 755 2548 807 δέ
2596 756 2663 823 τῇ
2696 753 2822 806 κατ’
2850 753 3184 823 Ἀντιόχειαν
3213 754 3425 821 συνόδῳ
3471 757 3753 826 ἐπιορκίας

2170 848 2311 900 ἐάλω
2336 864 2348 876 ·
2387 849 2480 900 καὶ
2528 848 2612 900 ὅτι
2649 847 2923 917 ἐπεχείρει
2973 832 3041 901 τά
3089 848 3270 911 καλῶς
3306 849 3613 919 δεδογμένα
3646 854 3755 915 τοῖς

2169 943 2223 994 ἐν
2251 941 2511 1011 Μελιτινῇ
2548 941 2821 995 συνιοῦσιν
2867 942 3198 1012 ἀνατρέπειν
3228 945 3320 997 καί
3354 945 3595 1014 διασπᾷν
3622 959 3636 986 ε
3668 962 3753 997 το-

2172 1032 2382 1094 σούτοις
2403 1031 2448 1084 δ’
2474 1030 2816 1099 ἐγκλήμασιν
2839 1032 3141 1094 ὑπεύθυνος
3165 1031 3261 1093 ὢν,
3280 1034 3535 1098 δικάζειν
3553 1037 3755 1106 ᾑρεῖτο,

2172 1120 2494 1188 ἀλλοτρίους
2539 1120 2637 1189 τῆς
2671 1121 2910 1183 πίστεως
2937 1122 3064 1184 τοὺς
3098 1123 3281 1184 ἄλλους
3333 1124 3546 1177 καλῶν.
3583 1125 3683 1178 Ἰὸν
3706 1125 3757 1178 δὲ

2171 1210 2421 1277 Σάρδεων
2475 1212 2775 1265 ἐπίσκοπον
2834 1213 3151 1283 Ἕορτὰσιον
3202 1215 3481 1279 καθεῖλον,
3543 1217 3636 1269 ἆτε
3688 1215 3757 1284 μὴ

2171 1301 2280 1353 τῶν
2313 1301 2501 1354 Λυδῶν
2544 1304 2860 1357 ἐπισκόπων
2889 1307 2954 1376 τῇ
3000 1306 3317 1378 χειροτονίᾳ
3366 1307 3759 1374 καταθεμέιων

2173 1392 2361 1445 αὑτοῦ.
2414 1396 2522 1447 Καὶ
2572 1393 2664 1447 τὸν
2719 1395 3016 1468 Περγάμου
3067 1397 3125 1450 δέ
3173 1399 3535 1467 Δρακόντιον,
3587 1399 3661 1462 ὡς
3707 1402 3759 1451 ἐν

2172 1485 2413 1557 Γαλατίᾳ
2464 1488 2917 1558 ἐπισκοπὴσαντα
2970 1490 3282 1559 πρότερον·
3340 1490 3443 1543 καὶ
3502 1490 3760 1554 λύσαντες

2174 1577 2338 1631 αὐτὸν
2368 1578 2467 1647 τῆς
2493 1578 2751 1648 ὑστέρας,
2782 1580 2894 1633 οὐδ’
2921 1581 3014 1633 ἐπὶ
3040 1580 3138 1653 τὴν
3169 1581 3400 1651 πρώτην
3432 1582 3614 1635 ἐλθεῖν
3637 1598 3761 1635 συν-

2175 1663 2487 1736 εχώρησαν.
2556 1668 2869 1737 Σωφρὸνιον
2900 1670 2957 1723 δέ
2987 1670 3080 1724 τὸν
3107 1669 3475 1740 ῐῐαῴλαγόνα,
3499 1672 3575 1735 ὡς
3606 1672 3759 1725 πλεο-

2175 1759 2410 1830 νεκτικῷ
2456 1760 2646 1835 τρόπῳ
2710 1761 2779 1814 τὰ
2825 1762 2926 1832 τῆς
2983 1762 3322 1832 Ἐκκλησίας
3376 1764 3760 1834 καπηλεύοντα

2177 1853 2456 1920 χρήματα,
2486 1852 2581 1905 καὶ
2628 1851 2703 1915 ὡς
2741 1854 2882 1922 μετὰ
2910 1852 3107 1921 κλῆσιν
3146 1855 3242 1907 καὶ
3284 1857 3423 1925 μίαν
3450 1857 3548 1908 καὶ
3589 1855 3763 1909 δευτέ-

484 1945 766 2010 eonvenit,
816 1956 872 2000 et
928 1948 1218 2012 sensisset,
1268 1959 1324 2004 et
1377 1950 1432 2004 in
1477 1953 1715 2007 ecclesia
1768 1952 2070 2019 docuisset,

2180 1954 2281 2007 ραν
2329 1940 2482 2007 μόλις
2540 1940 2783 2004 ἐλθόντα,
2839 1941 2965 2012 μηδ’
3019 1943 3323 2012 ἀπολογίας
3376 1944 3618 2009 ἀξιῶσαι
3665 1942 3760 2012 τὴν

483 2038 814 2107 episcopalis
862 2038 1103 2110 dignitas
1139 2043 1211 2097 sit
1257 2043 1541 2114 abrogata.
1575 2046 1642 2099 Et
1678 2046 1822 2115 quod
1860 2046 1915 2101 in
1953 2046 2072 2101 An-

486 2130 743 2184 tiochena
785 2134 995 2203 synodo
1028 2135 1257 2206 perjurii
1315 2135 1482 2191 fuerit
1517 2143 1809 2195 convictus
1845 2159 1857 2194 :
1899 2139 2075 2211 quod-

485 2237 593 2290 que
644 2234 878 2279 conatus
910 2227 981 2280 sit
1015 2242 1082 2281 ea
1111 2244 1235 2297 qua:
1283 2240 1435 2284 recte
1470 2229 1527 2284 in
1564 2230 1896 2288 Melitinensi
1935 2248 2073 2288 con-

484 2325 651 2367 ventu
705 2318 1005 2372 constituta
1057 2318 1300 2385 fuerant,
1337 2332 1589 2378 evertere
1623 2334 1679 2379 et
1715 2325 1937 2380 abolere
1960 2368 1976 2391 ,
2017 2336 2073 2382 et

486 2419 614 2458 cum
655 2414 735 2459 tot
777 2406 1115 2463 criminibus
1147 2426 1277 2465 reus
1305 2422 1586 2481 ageretur,
1608 2413 1815 2484 judicis
1849 2414 1955 2469 sibi
1991 2423 2073 2469 ta-

490 2510 616 2547 men
649 2506 836 2566 partes
866 2500 1185 2568 sumpserit,
1222 2502 1432 2556 alienos
1469 2517 1498 2555 a
1534 2503 1638 2558 [ide
1670 2505 1809 2559 alios
1848 2521 2070 2559 vocans.

489 2586 806 2643 Eortasium
849 2606 985 2644 vero
1031 2590 1223 2646 Sardis
1272 2594 1654 2664 episcopatum
1693 2608 1971 2666 gerentem
2007 2601 2072 2653 de

489 2683 661 2751 gradu
701 2681 1052 2751 deiecerunt,
1090 2687 1239 2755 quod
1289 2688 1536 2757 episcopi
1574 2688 1729 2760 Lydii
1767 2690 2073 2744 ordinatio-

494 2790 617 2828 nem
666 2776 787 2845 ejus
840 2792 949 2829 non
1009 2777 1431 2846 approbassent.
1486 2780 1844 2836 Dracontium
1887 2795 2073 2837 autem

491 2866 919 2937 Pergamenum,
952 2871 1100 2936 quod
1145 2870 1197 2923 in
1235 2869 1443 2925 Galatia
1485 2874 1639 2942 prius
1675 2875 1921 2929 ecclesiae
1966 2877 2078 2946 epi-

491 2975 693 3027 smpus
729 2960 1074 3028 praefuisset;
1109 2971 1166 3016 et
1210 2962 1472 3033 adempto
1509 2966 1585 3018 illi
1622 2967 1947 3037 cpiscepatu
1984 2986 2077 3038 po-

491 3050 745 3118 steriore,
779 3051 846 3105 ad
883 3052 1122 3122 priorem
1164 3070 1381 3125 quoque
1417 3073 1542 3110 eum
1584 3059 1765 3113 redire
1806 3075 1913 3113 non
1952 3076 2077 3129 per-

492 3145 712 3200 misere.
771 3146 935 3217 796
992 3146 1362 3215 SOpbronium
1416 3167 1583 3221 porro
1625 3153 2072 3223 Paphlagonem,

493 3236 639 3303 quod
670 3238 915 3291 avaritia:
945 3239 1132 3292 studio
1162 3239 1217 3293 in
1250 3241 1508 3295 Ecclesia:
1539 3244 1773 3312 pecunia
1803 3254 2071 3312 quaestum

491 3326 724 3392 fecerit;
760 3338 815 3382 et
857 3331 1002 3398 quod
1048 3332 1224 3385 semel
1271 3344 1436 3402 atque
1481 3335 1680 3389 iterum
1726 3335 1950 3401 citatus,
1991 3336 2077 3389 vix

497 3418 720 3471 tandem
749 3420 999 3487 venerit;
1032 3430 1083 3476 et
1117 3422 1263 3492 quod
1295 3441 1560 3494 responso
1594 3426 1862 3497 synodum
1890 3429 2080 3498 digna-

499 3526 588 3566 tus
619 3529 728 3567 non
759 3514 853 3578 sit,
888 3518 1179 3583 profanum
1208 3518 1448 3588 judicem
1493 3535 1588 3588 per
1620 3523 2070 3590 provocationem

496 3606 800 3672 appellans.
844 3605 1049 3662 Praeter
1084 3609 1183 3663 hos
1215 3608 1595 3664 Salalcnorum
1633 3613 1710 3684 (‘2)
1751 3614 2073 3681 episcopum

498 3695 772 3765 Elpidium
847 3700 914 3754 de
954 3702 1128 3772 gradu
1177 3702 1429 3769 dimovit,
1495 3715 1553 3758 ut
1603 3705 1787 3760 Basilii
1838 3708 2072 3773 socium,

500 3801 557 3844 et
587 3792 783 3847 ordine
829 3795 1048 3849 sublato
1096 3795 1440 3851 confusionis
1472 3808 1528 3852 et
1563 3799 1736 3853 turbas
1771 3800 2073 3862 auctorem,

502 3883 597 3952 qui
650 3885 814 3938 etiam
870 3886 1171 3940 Eusebium
1215 3889 1542 3956 quemdam,
1581 3891 1667 3945 cui
1714 3889 2075 3949 Melitinensis

499 3971 747 4041 synodus
799 3975 1199 4029 sacerdotalem
1257 3976 1540 4031 ademerat
1586 3979 1945 4049 dignitatem,
1999 3991 2076 4037 te-

503 4076 653 4116 mere
698 4066 835 4119 citra
878 4066 1294 4135 inquisitionem
1337 4072 1389 4122 in
1435 4070 1880 4141 presbyterorum
1921 4074 2072 4128 ordi-

499 4170 623 4208 nem
662 4156 1017 4211 restituerit:
1046 4169 1102 4212 et
1140 4158 1414 4215 Nectarite
1449 4163 1690 4228 cuidam,
1721 4165 1807 4219 cui
1852 4179 2076 4236 propter

488 4248 880 4318 jusjurandum
936 4251 1218 4317 violatum,
1270 4256 1664 4310 communione
1718 4258 2072 4315 interdictum

494 4344 716 4409 fuerat,
764 4342 1118 4397 diaconatum
1156 4347 1491 4411 contulerit;
1534 4352 1749 4404 tametsi
1790 4352 1855 4404 ad
1897 4353 2074 4407 hono-

493 4449 610 4487 rent
645 4436 1084 4490 ecrlesiasticum
1117 4453 1237 4491 eam
1287 4455 1395 4492 non
1449 4440 1750 4496 admiserit.
1788 4443 1941 4497 Neon
1971 4461 2074 4499 au-

494 4536 601 4578 tem
656 4525 921 4581 Seleuciae
960 4529 1207 4597 pontifex
1255 4542 1551 4601 prepterea
1585 4533 1649 4585 ad
1694 4536 2070 4604 episcopatum

491 4709 727 4763 ecclesia
760 4727 857 4765 sua
889 4712 1166 4768 Anianum
1196 4716 1510 4774 Antiochiae
1538 4721 1860 4792 episcopum
1897 4726 2073 4778 creari

491 4802 815 4870 permiserit
855 4822 871 4859 :
919 4819 1183 4876 praeterea
1236 4813 1383 4881 quod
1439 4816 1740 4871 nonnullos
1789 4831 2076 4873 sacrarum

491 4892 825 4951 Litterarum
872 4900 1177 4970 imperitos,
1218 4915 1273 4959 et
1314 4906 1819 4963 ecclesiasticarum
1865 4910 2078 4965 consti—

491 4991 769 5044 tutionum
820 4993 1062 5061 ignaros,
1110 4998 1363 5069 maleque
1414 5001 1641 5072 insuper
1685 5002 1963 5067 viventes,
2015 5019 2076 5058 re

494 5098 599 5135 non
628 5083 953 5150 deliberata,
991 5088 1287 5159 episcopos
1315 5093 1546 5157 fecerit;
1587 5094 1682 5162 qui
1707 5093 1935 5157 deinde,
1975 5111 2072 5163 pe-

491 5178 686 5230 cunias
741 5177 1039 5248 episcopali
1095 5180 1363 5252 dignitate
1423 5184 1818 5254 prmferentcs,
1870 5186 2077 5241 litteris

492 5268 610 5322 suis
642 5271 883 5323 attestati
918 5282 1068 5339 sunt,
1103 5275 1265 5329 malle
1304 5292 1362 5330 se
1394 5292 1528 5346 epes
1561 5278 1829 5333 habentes
1863 5295 1951 5333 res
1989 5294 2076 5334 sa-

492 5378 615 5416 cras
657 5379 874 5429 curare,
914 5382 1078 5433 quam
1124 5366 1243 5422 sine
1289 5370 1398 5424 illis
1447 5372 1826 5442 episcopatum
1859 5389 2074 5442 gerere.

492 5455 793 5524 Sylvanum
842 5469 1047 5520 autem.
1090 5461 1239 5530 quod
1289 5461 1411 5516 aliis
1450 5475 1504 5517 et
1543 5464 1809 5519 Seleucia:
1844 5473 1899 5519 et
1928 5466 2077 5521 Con-

495 5549 855 5618 stantinopoli
888 5557 1249 5608 contumaciae
1279 5570 1444 5608 causa
1474 5554 1663 5610 fuerit.
1692 5557 1868 5611 Porro
1896 5557 2072 5613 Theo—

496 5638 713 5706 philum
770 5640 1256 5699 Castalialenorum
1300 5648 1378 5716 (5)
1428 5647 1689 5703 Ecclesia:
1739 5650 2077 5716 antistitem,

501 5732 647 5792 quod
689 5742 848 5789 antea
888 5736 957 5790 ab
1001 5739 1276 5808 cpisc0pis
1305 5740 1609 5793 Palestina:
1634 5738 2078 5811 Eleutheropolis

572 5851 649 5925 ili
680 5859 894 5925 hocrat.
934 5854 1093 5909 habet
1131 5853 1407 5917 Eulabius,
1440 5855 1452 5907 l
1483 5855 1533 5909 Ι).
1570 5872 1627 5915 ιι,
1661 5871 1783 5925 cap.
1810 5854 1897 5908 55.
1927 5895 1939 5907 .

575 5921 651 5990 ίὲ)
682 5924 857 5977 Salilla
897 5927 1027 5981 Urb:
1058 5926 1351 5980 Arttusuiac.

2177 2031 2394 2085 σύνοδον
2417 2048 2429 2061 ’
2457 2032 2724 2101 ἔκκλητον
2749 2032 2806 2086 δὲ
2837 2035 3125 2103 κοσμικῶν
3153 2035 3433 2089 δικαστῶν
3465 2036 3760 2104 αἱρεῖσθαι.

2183 2116 2308 2173 Ἐπὶ
2337 2122 2547 2184 τούτοις
2608 2123 2702 2193 καὶ
2742 2122 3012 2178 Ἐλπίδιον
3052 2124 3310 2179 καθεῖλον
3356 2127 3453 2178 τὸν
3507 2124 3763 2177 Σατά).ων

2176 2213 2499 2276 ἐπίσκοπον,
2530 2215 2604 2278 ὡς
2642 2215 2935 2287 σύμμαχον
2969 2217 3262 2271 Βασιλείου
3300 2217 3402 2272 καὶ
3443 2215 3759 2288 καθηγητὴν

2175 2303 2403 2369 ἀταξίας
2455 2308 2768 2375 γενόμενον,
2829 2310 2923 2362 καὶ
2954 2309 3123 2379 ἄνδρα
3177 2308 3302 2363 τινὰ
3352 2308 3624 2363 Εὐσέειον
3665 2305 3758 2376 τὴν

2178 2397 2481 2468 ἱερωσύνην
2505 2400 2861 2470 ἀφῃρημένον
2879 2404 2946 2472 τῇ
2972 2402 3028 2454 ἐν
3053 2402 3319 2473 Μελιτινῇ
3346 2402 3578 2471 συνόδῳ,
3609 2399 3760 2469 ἀκρί-

2173 2507 2282 2554 τως
2315 2492 2409 2543 ἐπὶ
2436 2492 2535 2562 τὴν
2566 2491 2662 2544 τοῦ
2693 2494 3072 2564 πρεσὸυτέρου
3106 2495 3395 2564 ἀγαγόντα
3435 2495 3598 2560 ἀξίαν
3618 2508 3633 2523 ⁸
3669 2491 3761 2545 καί

2176 2599 2301 2636 τινα
2340 2582 2653 2652 Νεκταρίαν
2682 2586 2967 2650 κοινωνίας
3002 2586 3110 2640 ἀπο
3153 2583 3322 2640 οὖσαν
3348 2588 3442 2641 διά
3470 2603 3626 2648 τινας
3658 2601 3755 2636 παι

2179 2674 2442 2745 ραὸάσεις
2475 2676 2655 2745 ὅρκων
2690 2678 2969 2741 διακονίας
3004 2678 3103 2749 μὲν
3134 2680 3455 2744 ἀξιώσαντα
3475 2696 3490 2711 ο
3528 2679 3603 2749 μὴ
3634 2679 3756 2744 μέν·

2176 2785 2257 2821 τοι
2291 2770 2386 2823 καὶ
2422 2772 2521 2842 τῆς
2552 2772 3013 2845 ὲκκλησιαστικῆς
3045 2775 3348 2845 μεταδόντα
3384 2772 3576 2842 τιμῆς.
3610 2772 3756 2824 Νέων

2177 2860 2234 2913 δὲ
2263 2863 2289 2913 ὁ
2320 2862 2645 2928 Σελευκείας
2667 2865 2973 2937 καθῄρητο,
3009 2867 3225 2936 πρῶτον
3256 2866 3358 2936 μὲν
3387 2867 3472 2919 ὅτι
3508 2861 3755 2933 παρεχώ-

2181 2957 2355 3025 ρειτῇ
2394 2957 2561 3009 αὑτοῦ
2612 2958 2884 3030 ἐκκλησίᾳ
2943 2959 3398 3030 χειροτονηθῆναι
3457 2957 3752 3016 σπουδαίως

2191 3045 2435 3101 Ἀνιανὸν
2463 3048 2797 3121 Ἀντιοχείας
2823 3052 3123 3105 ἐπίσκοπον
3145 3068 3159 3083 ⁸
3189 3053 3268 3104 ἔτι
3301 3052 3359 3105 δὲ
3394 3054 3488 3104 καὶ
3514 3049 3587 3112 ὥς
3613 3063 3755 3108 τινας

2177 3136 2443 3205 ἀπείρους
2494 3138 2731 3209 Γραφῶν
2782 3140 2967 3209 ἱερῶν,
3014 3141 3106 3193 καὶ
3138 3144 3246 3193 τίειν
3296 3141 3397 3210 τῆς
3434 3136 3752 3206 Ἐκκλησίας

2180 3226 2445 3296 ἀμοίρους
2508 3227 2748 3296 θεσμῶν,
2801 3230 3257 3301 πολιτευομένους
3313 3247 3378 3284 τε
3438 3231 3500 3282 οὐ
3563 3226 3749 3289 καλῶς,

2184 3321 2616 3390 ἀπερισκέπτως
2658 3325 3059 3393 καταστήσειεν
3090 3324 3431 3386 ἐπισκόπους
3452 3338 3467 3353 ’
3502 3322 3552 3376 οἳ
3607 3320 3752 3390 μετὲ-

2185 3428 2351 3466 πειτα
2378 3412 2691 3468 ἀνθείλοντο
2723 3415 2822 3484 τῆς
2858 3417 3162 3486 ἱερωσύνης
3197 3419 3463 3487 χρήματα
3496 3413 3749 3469 κτᾶσθαι·

2186 3508 2277 3557 καὶ
2320 3508 2616 3579 ἐγγράφως
2665 3508 2872 3563 εἴλοντο
2901 3510 2999 3572 τὰς
3026 3509 3213 3571 οὐσίας
3271 3509 3490 3576 ἔχοντες
3529 3506 3753 3572 λειτουρ-

2186 3601 2325 3664 γεῖν,
2367 3600 2550 3671 ἢδίχα
2599 3603 2807 3657 τούτων
2862 3604 3206 3657 ἐπισκοπεῖν.
3240 3602 3345 3654 Τὸν
3393 3602 3450 3653 δὲ
3507 3596 3753 3651 Σιλΰανον

2184 3691 2258 3755 ὡς
2305 3696 2570 3759 ἀπονοίας
2611 3695 2786 3751 αἴτιον
2829 3697 3186 3752 καταστάντες
3225 3698 3339 3760 τοῖς
3392 3696 3573 3756 ἄλλοις
3616 3691 3671 3742 ἐν
3698 3703 3750 3739 τε

2185 3789 2321 3858 αὐτῇ
2355 3788 2672 3860 Σελευκείᾳ,
2701 3790 2796 3842 καὶ
2834 3791 2892 3843 ἐν
2922 3793 2990 3862 τῇ
3023 3789 3442 3844 Κωνσταντίνου
3467 3805 3482 3818 ⁸
3518 3786 3607 3841 καὶ
3637 3781 3756 3835 Θεό-

2186 3880 2342 3947 φίλον
2371 3883 2471 3950 τῆς
2516 3883 2575 3936 ἐν
2628 3883 3008 3946 Κασταϐάλοις
3050 3883 3387 3951 Ἐκκλησίας
3431 3879 3747 3954 προστάντα,

2184 3976 2259 4038 ὠς
2301 3977 2569 4045 πρότερον
2603 3976 2703 4045 μὲν
2751 3976 2906 4047 παρὰ
2931 3976 3038 4030 τῶν
3070 3979 3129 4030 ἐν
3164 3977 3508 4046 Παλαιστίνῃ
3540 3967 3751 4025 ἐπισκέ-

2185 4084 2324 4132 πων,
2356 4066 2895 4137 Ἐλευθεραυπόλεως
2943 4068 3416 4139 χειροτονηθέντα,
3469 4067 3562 4121 καὶ
3602 4058 3751 4131 ὅρκον

2183 4160 2599 4230 ὲπομοσάμενον
2633 4161 2788 4232 παρὰ
2819 4160 3069 4231 γνώμην,
3106 4165 3178 4232 μή
3211 4161 3334 4214 ποθ’
3372 4163 3567 4230 ἑτέραν
3599 4151 3770 4209 ὑπελ-.

2183 4252 2298 4306 θεῖν
2328 4253 2648 4322 ἐκκλησίαν.
2697 4254 2895 4308 Ἰστέον
2921 4254 3002 4321 δὲ,
3041 4255 3116 4317 ὡς
3152 4256 3245 4308 τὸν
3289 4252 3617 4312 Σεϐαστείας
3658 4243 3750 4296 EO-

2185 4345 2403 4398 στάθιον
2436 4348 2470 4415 ὴ
2523 4347 2581 4398 ἐν
2614 4345 2842 4417 Γάγγρᾳ
2894 4347 3115 4400 καθεῖλε
3165 4346 3408 4410 σύνοδος,
3452 4347 3534 4398 ὃτι
3587 4335 3745 4390 πολλὰ

2182 4440 2337 4509 παρὰ
2358 4439 2456 4509 τὴν
2487 4438 2956 4509 ἐκκλησιαστικὴν
2976 4438 3268 4510 συνήθειαν
3290 4438 3559 4510 ἔπραττεν
3584 4432 3743 4500 γάμον

2181 4533 2292 4602 γὰρ
2325 4531 2538 4603 ἀνῄρει,
2568 4531 2663 4583 καὶ
2690 4530 2870 4602 κρεῶν
2895 4531 3201 4600 ἀπέχεσθαι
3236 4531 3535 4599 εἰσηγεῖτο.
3569 4522 3645 4577 Δι’
3675 4514 3743 4571 ὧν

491 4619 883 4688 deponendum
917 4635 1003 4676 est
1036 4622 1354 4691 damnatus,
1385 4626 1533 4696 quod
1571 4643 1637 4682 ex
1669 4628 1978 4697 composito
2015 4629 2067 4683 in

2185 4624 2375 4678 πολλοὶ
2430 4623 2532 4694 μὲν
2581 4624 2681 4694 τῆς
2729 4624 2975 4695 γαμικῆς
3026 4625 3325 4693 συναφείας
3377 4621 3622 4675 ἐλύοντο·
3657 4610 3742 4664 καὶ

2179 4719 2306 4780 τοὺς
2338 4717 2436 4788 τὴν
2486 4718 2574 4769 ἐπ’
2628 4717 2930 4786 ἐκκλησίας
2984 4717 3274 4769 κοινωνίαν
3323 4712 3742 4786 ἐκτρεπομένους

2180 4806 2273 4859 ἐπ’
2324 4807 2476 4859 οἴκου
2514 4810 2797 4860 κοινωνεῖν
2852 4806 3072 4860 ἐπειθεο
3108 4807 3331 4869 δούλους
3375 4823 3436 4860 τε
3488 4795 3739 4857 θεουεὸεῖν

2180 4897 2493 4966 ᾑρημένους
2538 4898 2720 4949 διίστα
2758 4899 2868 4951 τῶν
2897 4896 3195 4951 δεσποτῶν.
3230 4897 3405 4962 Αὐτός
3438 4914 3492 4950 τε
3536 4888 3738 4956 ἐξαλλον

2182 4989 2377 5051 στολὴν
2436 4990 2579 5042 κατά
2631 4990 2817 5059 σχῆμα
2871 4990 3183 5058 φιλοσόφων
3235 4990 3457 5059 ἐφόρει·
3491 4984 3580 5038 καὶ
3625 4979 3735 5037 τοὺς

2182 5084 2483 5152 ἑπομένους
2550 5081 3170 5148 ξενιζούσαις’στολαίς
3236 5078 3596 5147 περιέστελλε.
3655 5068 3733 5133 Μὴ

2182 5178 2360 5246 κομᾷν
2391 5175 2447 5229 δὲ
2482 5176 2579 5238 τὰς
2611 5178 2881 5243 γυναῖκας
2922 5176 3177 5237 ἐθέσπιζε
3201 5190 3213 5203 ·
3251 5177 3347 5229 καὶ
3377 5180 3470 5237 τὰς
3503 5170 3595 5241 μὲν
3619 5162 3734 5229 ὥρι’

2183 5270 2391 5337 σμένας
2424 5271 2534 5321 τῶν
2559 5271 2827 5338 νηστειῶν
2861 5266 3221 5337 ἐξετρέπετο,
3255 5270 3352 5331 τὰς
3380 5268 3437 5320 δὲ
3471 5265 3734 5331 Κυριακπς

2184 5364 2389 5434 μᾶλλον
2441 5368 2728 5434 νηστεύειν
2778 5365 3092 5418 ἐδίδασκεν”
3129 5365 3301 5425 οἴκοις
3332 5382 3392 5416 τε
3442 5363 3733 5427 γεγαμηκσ-

2181 5476 2288 5510 των
2320 5458 2484 5528 εὐχὰς
2516 5459 2721 5511 ἐκώλυε
2760 5459 3009 5527 γίνεσθαι
3035 5475 3049 5489 ”
3087 5460 3179 5511 καί
3219 5476 3302 5520 τις
3347 5456 3526 5514 λαῖκος
3552 5447 3619 5499 ὦ»
3651 5438 3730 5541 κξὶ

2185 5553 2405 5617 γυναικὶ
2459 5550 2751 5619 ὁμιλήσας,
2808 5553 2855 5603 εἰ
2899 5550 3275 5621 πρεσϐυτέρου
3327 5539 3638 5619 χειροτονίαν
3663 5539 3727 5582 εἰσ

2182 5645 2366 5713 λήφει,
2396 5643 2495 5713 τὴν
2527 5644 2736 5697 ἐκείνου
2766 5644 3018 5709 εὐλογίαν
3055 5646 3148 5698 καὶ
3169 5643 3453 5698 κοινωνίαν
3479 5637 3548 5696 ὡς
3578 5627 3725 5700 μύσος

2181 5739 2443 5803 ἐξέκλινε.
2472 5737 2717 5792 Τοιαῦτα
2749 5738 2805 5789 δὲ
2842 5741 2936 5791 καὶ
2971 5737 3106 5792 ἄλλα
3141 5740 3488 5811 παραπλήσια
3510 5728 3595 5783 καὶ
3626 5720 3718 5772 sla-

2256 5856 2333 5923 (5)
2359 5854 2644 5910 Castabala
2680 5854 2886 5909 C'licitc
2911 5854 3194 5926 oppidum.
