4054 6496
468 437 587 502 Ilii
1706 445 2126 506 NICEl’llUltl
2164 442 2510 504 carusr't
3247 398 3355 463 ³
3655 439 3755 503 1.16

470 558 672 625 coegit.
709 556 873 626 798
907 557 1093 610 Talem
1124 558 1347 626 quidem
1382 559 1747 617 abdicationis
1768 562 1890 632 ejus
1919 578 2049 616 cau-

3069 524 3092 550 ο

2168 563 2382 623 Πάντας
2418 561 2475 614 δέ
2518 559 2747 623 τούτους
2794 560 2954 622 ὅσους
2988 558 3258 623 καθεῖλον,
3297 557 3401 612 καὶ
3443 557 3547 626 τῆς
3600 559 3755 613 Κωνο

470 663 585 701 sam
627 647 799 702 fuisse
847 649 1053 714 audivi,
1097 649 1195 704 sed
1242 665 1354 704 non
1406 651 1540 707 satis
1593 661 1744 707 certe
1799 666 1938 717 tum,
1990 665 2049 707 ut

479 739 612 792 mihi
649 739 887 802 videtur,
937 740 1356 795 convenientem
1397 757 1413 796 :
1462 742 1725 810 quoniam
1781 741 1954 796 fames
1995 752 2053 795 et

473 833 701 900 penuria
757 833 1095 887 venditionis
1149 848 1317 888 causa
1372 832 1551 889 fuere.
1608 835 2049 904 Quibuscunque

471 927 654 972 autem
692 919 926 974 Aeacius
964 919 1330 990 factionisque
1361 922 1481 991 ejus
1527 920 1769 977 fautores
1812 922 2049 993 dignita-

474 1018 581 1063 tem
627 1011 1045 1079 abrogavcrant,
1078 1027 1175 1068 eos
1217 1013 1381 1066 etiam
1417 1028 1611 1068 omnes
1656 1014 2048 1068 Constantino-

471 1100 580 1170 poli
613 1103 960 1169 eitpulerttnt.
998 1105 1169 1159 Erant
1191 1114 1374 1160 autem
1403 1106 1455 1159 in
1481 1121 1542 1160 ea
1572 1106 1811 1162 factione
1834 1111 2048 1172 decem,

473 1194 568 1261 qui
620 1197 924 1249 sententias
969 1198 1159 1250 talium
1204 1197 1628 1266 abrogationum
1665 1198 1891 1253 calculis
1935 1199 2053 1253 suis

472 1287 837 1356 comprobare
873 1291 1191 1344 noluerunt.
1218 1290 1324 1344 Eos
1354 1290 1407 1344 in
1450 1291 1571 1345 loco
1603 1304 1755 1345 certo
1781 1292 2049 1345 asservari

466 1379 706 1456 iussere,
750 1389 810 1434 ut
838 1382 915 1435 ibi
950 1380 1146 1451 privati
1180 1389 1425 1451 agerent.
1455 1398 1634 1451 neque
1668 1400 1778 1437 rem
1812 1382 2051 1436 divinam

471 1471 832 1540 attingentes.
870 1489 1051 1542 neque
1097 1489 1289 1527 eorum
1338 1474 1640 1543 quidquam
1684 1490 1804 1543 qua:
1832 1473 2049 1543 cpi-sco-

475 1546 616 1631 palis
659 1564 904 1618 muneris
928 1574 1078 1619 isunt
1117 1577 1364 1635 agentes,
1414 1566 1590 1620 donec
1630 1567 2051 1636 abrogationum

476 1652 774 1707 sententiis
808 1655 1247 1715 subscriberent.
1282 1656 1348 1711 Et
1381 1657 1484 1711 nisi
1526 1657 1670 1711 intra
1704 1674 1923 1714 menses
1959 1675 2055 1714 sex

474 1762 576 1817 per
604 1749 986 1818 ptenitentiam
1023 1753 1430 1821 resipiscerent,
1475 1765 1529 1808 et
1564 1756 1728 1809 rebus
1785 1756 2045 1812 omnibus

477 1854 599 1909 qua:
641 1842 886 1912 synodus
914 1846 1276 1899 constituerat
1303 1846 1726 1912 assentirentur,
1754 1848 1887 1917 ipsis
1912 1866 2053 1919 quo-

2159 653 2445 705 σταντίνου
2481 650 2774 705 ἀπώσαντο
2806 653 2855 704 οἱ
2886 651 3016 722 περὶ
3055 652 3341 706 Ἀκάκιον.
3376 646 3573 703 Ἷισαν
3616 650 3663 704 δ’
3692 652 3758 705 ἐκ

2154 743 2250 796 τοῦ
2294 742 2496 813 μέρους
2522 742 2705 795 αὐτῶν
2736 740 2867 796 δέκα
2894 742 2985 794 τὸν
3021 742 3280 812 ἀριθμὸν,
3323 742 3379 795 οἳ
3412 743 3542 804 ταῖς
3571 741 3758 796 τοιαύ-

2157 852 2281 895 ταις
2333 835 2723 905 καθαιρέσεσιν
2756 835 2958 905 ἣκιστα
3001 834 3229 907 ᾑροῦντο
3262 833 3717 905 ἐπιψηφίζεσθαι
3742 850 3756 866 ·

2157 925 2252 988 οὓς
2287 926 2380 980 καὶ
2411 926 2661 979 ἐκέλευον
2689 928 2746 979 ἐν
2775 924 2855 997 τῷ
2891 912 3126 996 ἀσφαλεῖ
3159 928 3382 997 τηρεῖν,
3421 926 3527 979 καλ⁵
3552 926 3760 995 διάγειν

2159 1020 2216 1070 ἐν
2264 1019 2502 1083 ἑαυτοῖς,
2540 1020 2677 1088 μήτε
2732 1018 3076 1089 λειτουργίας
3116 1020 3433 1086 ἅπτεσθαι,
3494 1020 3634 1090 μήτ’
3669 1022 3761 1073 ἐκ·

2157 1110 2410 1178 κέηςίαις
2464 1129 2516 1163 τι
2549 1110 2825 1180 προσῆκον
2883 1112 3204 1176 ἐπισκόποις
3255 1113 3431 1184 δρᾷν,
3483 1112 3652 1182 ἄχρις
3696 1111 3761 1165 ἂν

2156 1205 2276 1263 ταῖς
2307 1202 2700 1271 καθαιρέσεσιν
2737 1205 3154 1276 ὑπογράψωσιν.
3192 1207 3253 1258 Εἰ
3282 1204 3335 1258 δ’
3372 1205 3540 1268 ἐντὸς
3572 1206 3761 1274 μηνῶν

2155 1288 2214 1353 ἒξ
2246 1288 2320 1360 μὴ
2350 1291 2661 1360 χρήσωνται
2704 1292 3019 1361 μεταμέλῳ,
3051 1295 3145 1346 καὶ
3189 1291 3268 1364 μὴ
3299 1294 3486 1346 πᾶσιν
3524 1293 3761 1347 ἕλωνται

2155 1382 2270 1441 τοῖς
2316 1382 2380 1449 τῇ
2434 1381 2636 1449 συνόδῳ
2681 1381 3031 1451 δεδογμένοις
3085 1387 3346 1455 στοιχεῖν,
3407 1389 3512 1438 καὶ
3564 1388 3761 1449 αὐτοὺς

2158 1470 2514 1539 ἀφαιρεῖσθαι
2549 1472 2649 1535 τὰς
2697 1472 3018 1543 ἐκκλησίας,
3054 1476 3150 1529 καὶ
3189 1476 3604 1546 ἁντικαθιστᾷν
3650 1477 3765 1530 ἐτέ-

2162 1579 2288 1632 ρους
2320 1563 2507 1625 αὑταῖς
2541 1566 2692 1634 κοινῇ
2724 1565 3031 1632 συνιόντας,
3052 1566 3246 1638 ὥσπερ
3278 1569 3454 1622 εἴωθε
3482 1569 3761 1638 γίνεσθαι.

2166 1652 2259 1717 Ὠς
2294 1653 2351 1707 δέ
2401 1653 2611 1706 τοιαῦτ’
2664 1656 3078 1723 ἐϐουλεύσαντο,
3139 1660 3235 1713 καὶ
3273 1658 3472 1729 πέρας
3535 1652 3657 1729 εἶχε
3707 1660 3764 1711 τὸ

2161 1747 2455 1816 βούλευμα,
2494 1750 2601 1808 τοῖς
2632 1748 2948 1819 ἁπανταχοῦ
2988 1750 3230 1822 ἔγραφον
3264 1751 3636 1817 ἐπισκόποις,
3666 1751 3765 1821 τὴν

2163 1842 2220 1892 ἐν
2254 1839 2520 1911 Ἀριμίνῳ
2556 1841 2738 1895 πίστιν
2771 1842 3064 1912 φυλάττειν
3101 1847 3239 1914 μετὰ
3269 1845 3377 1914 τῆς
3404 1843 3765 1916 προσθήκης,

477 1948 585 2002 que
617 1934 934 2005 ademptum
970 1938 1256 2002 ecclesias,
1290 1940 1522 2008 aliisque
1576 1942 1933 1997 commissum
1963 1944 2053 2011 iri,

2168 1931 2255 1982 καὶ
2286 1932 2630 2002 ὑπογραφαῖς
2653 1934 2858 2002 κυροῦν
2882 1954 2895 1966 ·
2927 1937 3053 1999 τοὺς
3073 1936 3119 1989 δ’
3142 1936 3319 2000 ἄλλως
3357 1935 3600 2006 ἔχοντας
3628 1935 3759 2004 γνώ-

476 2025 573 2092 qni
606 2041 728 2080 cum
762 2029 842 2083 eis
874 2031 1247 2085 consentirent
1270 2073 1284 2095 ,
1320 2032 1480 2087 sicuti
1522 2033 1637 2089 ﬁeri
1671 2038 1849 2101 solet,
1880 2038 2057 2092 utina-

477 2117 700 2172 liantur.
734 2119 847 2174 Hoc
880 2120 970 2174 ubi
999 2125 1429 2188 constituerunt,
1458 2116 1865 2199 consiliumque
1892 2146 2055 2185 suum

475 2207 546 2261 ad
575 2209 782 2263 exitum
811 2211 1211 2280 perduxerunt,
1233 2213 1299 2267 ad
1326 2215 1614 2284 episcopos
1639 2216 1840 2286 ubique
1864 2233 2059 2274 omnes

477 2301 695 2356 litteras
722 2301 1021 2369 dederunt,
1057 2314 1115 2359 ut
1156 2307 1562 2364 Ariminensem
1598 2307 1726 2364 ﬁdei
1767 2310 2059 2381 professio-

476 2408 605 2449 nem
654 2411 761 2450 una
806 2412 929 2451 eum
980 2400 1287 2469 adjectione
1331 2417 1432 2456 sua
1478 2413 1785 2468 servarent,
1823 2420 2057 2475 eamque

481 2485 991 2555 subscriptionibus
1022 2489 1139 2545 suis
1167 2493 1584 2546 conﬁrmarent.
1625 2493 1802 2548 Aliter
1830 2496 1878 2550 si
1910 2495 2052 2550 face-

390 2571 399 2579 ’
480 2586 627 2644 rent,
681 2579 859 2632 solum
909 2582 1087 2636 exsilii
1131 2598 1295 2637 causa
1346 2593 1644 2639 verterent.
1683 2586 1763 2641 Ad
1807 2603 1929 2657 quae
1959 2589 2059 2642 inn

481 2671 756 2740 peratoris
820 2688 1082 2743 quoque,
1156 2686 1335 2746 empta
1399 2692 1593 2731 eorum
1665 2681 2059 2748 comprobans,

482 2764 717 2818 accessit
758 2766 993 2820 sanctio.
1042 2766 1345 2822 Certiorem
1379 2785 1599 2837 quoque
1633 2770 1700 2825 de
1750 2770 1836 2823 his
1866 2772 2059 2827 Patrm

482 2856 698 2927 pbilum
734 2856 1170 2928 Scythopolitatn
1204 2860 1403 2923 fecere.
1432 2862 1527 2930 qui
1556 2878 1613 2916 se
1647 2862 1830 2917 statim
1867 2863 1972 2917 Sel~
1997 2881 2058 2919 tt-

483 2949 571 3003 cia
607 2948 675 3003 ad
702 2965 859 3003 suam
900 2952 1214 3006 contulerat
1249 2953 1580 3008 Ecclesmm.
1614 2954 1682 3009 Et
1721 2955 1891 3023 paulo
1915 2964 2057 3025 post,

483 3041 767 3096 Eudoxius
794 3058 918 3098 cum
949 3044 1318 3100 sectatoribus
1343 3045 1481 3109 suis,
1511 3045 1648 3101 alios
1676 3047 1800 3102 aliis
1832 3048 1885 3100 in
1917 3048 2062 3103 sedi-

484 3131 591 3187 bus
612 3133 1022 3203 episcopalibus
1048 3135 1354 3191 substituit.
1388 3134 1509 3206 ipse
1527 3138 1749 3208 quidem
1781 3139 2061 3193 Eudoxius

484 3226 702 3295 primus
734 3225 1053 3282 Macedonio
1087 3237 1409 3298 surrogatus
1438 3238 1523 3284 est
1573 3249 1586 3283 :
1633 3230 1832 3285 Basilio
1875 3243 2058 3286 autem

485 3319 776 3388 Ancyrauo
849 3319 1202 3375 Athanasius.
1264 3320 1438 3376 Porro
1505 3320 1725 3377 Eleusio
1791 3306 2061 3378 successit

485 3409 817 3474 Eunomius,
846 3412 938 3481 qui
972 3412 1392 3469 etiamhzeresis
1422 3414 1659 3468 nominis
1691 3414 1778 3469 sui
1809 3416 2065 3483 princeps

484 3502 716 3557 exstitit.
756 3503 822 3555 Et
853 3519 954 3571 pro
980 3504 1268 3559 Eustathio
1301 3504 1585 3568 Sebastiae,
1611 3505 1773 3559 divus
1814 3504 2064 3560 Meletius

488 3593 751 3650 Ecclesia:
795 3597 1107 3664 praafectus.
1161 3596 1513 3652 Macedonius
1561 3595 2066 3664 Constantinopoli-

488 3698 621 3741 tano
651 3689 969 3757 episcopatu
999 3689 1269 3758 privatus,
1298 3704 1328 3743 c
1363 3687 1587 3757 regione
1629 3686 1751 3741 urbi
1781 3685 2063 3740 Orientem

491 3791 707 3842 versus,
736 3777 790 3831 in
815 3780 935 3831 loco
964 3778 1049 3831 cui
1078 3792 1274 3831 nomen
1301 3775 1573 3842 Claustra,
1605 3775 1815 3830 diutius
1839 3773 2064 3844 degens,

491 3868 566 3921 ibi
602 3871 866 3923 adversus
914 3870 1185 3939 Spiritum
1237 3877 1489 3923 sanctum
1526 3867 1925 3937 blasphemiam
1972 3881 2067 3920 ore

491 3964 720 4017 minime
767 3962 953 4017 clauso
1009 3963 1294 4022 evomuit,
1346 3971 1402 4015 et
1450 3961 1592 4015 male
1646 3963 1811 4014 vitam
1867 3958 2062 4014 ﬁnivit.

492 4056 665 4111 Porro
729 4055 963 4110 Aeacius
1030 4064 1086 4110 et
1135 4064 1435 4109 sectatores
1478 4053 1599 4123 ejus
1662 4051 1971 4107 Eudoxiqu
2011 4053 2067 4107 in

491 4150 901 4219 possessionem
923 4161 1149 4201 vacuam
1175 4146 1432 4202 Ecclesiae
1450 4144 2071 4215 ConstantinOpolitanae

494 4242 871 4305 deduxerunt,
903 4242 1065 4310 longe
1097 4240 1163 4294 ab
1188 4240 1267 4295 eis
1295 4256 1414 4310 qu.e
1441 4238 1604 4311 paulo
1630 4250 1755 4295 ante
1781 4238 2066 4310 iudicave-

496 4345 622 4390 raut
650 4336 864 4391 diversa
904 4344 1236 4391 statuentes.
1276 4333 1381 4401 Qui
1415 4334 1566 4389 enim
1597 4349 1707 4388 non
1755 4335 1825 4387 ita
1857 4332 2067 4403 pridem

496 4426 793 4482 Dracontio
818 4425 1220 4496 episc0paturn,
1240 4426 1385 4492 quod
1418 4440 1482 4478 ex
1508 4421 1713 4478 Galatia
1744 4423 2069 4492 Pergamum

498 4518 807 4584 transisset,
857 4518 1197 4585 ademerant,
1252 4532 1360 4572 non
1409 4516 1939 4577 animadverterunt,
1987 4528 2069 4579 se,

498 4612 633 4666 dum
665 4610 978 4683 Eudosium
1017 4625 1127 4663 non
1168 4609 1222 4663 in
1256 4626 1443 4674 uuam,
1475 4610 1567 4664 sed
1603 4610 1715 4680 jam
1750 4610 1807 4663 in
1841 4610 2071 4663 alteram
2104 4639 2148 4695 θ

502 4705 806 4761 Ecclesiam
850 4704 1231 4768 transferrent,
1263 4704 1542 4758 contraria
1584 4703 1686 4759 sibi
1720 4703 1853 4773 ipsis
1883 4703 2075 4758 decer-

502 4814 634 4853 nere
679 4810 736 4853 et
779 4798 982 4851 facere.
1015 4797 1179 4868 799
1216 4799 1387 4853 Porro
1420 4812 1542 4851 cum
1590 4796 1636 4852 is
1668 4797 1956 4851 ecclesiam
1990 4811 2073 4851 re-

502 4891 668 4961 cepit,
703 4901 815 4943 tunt
849 4899 904 4944 et
940 4906 1130 4961 magna
1173 4891 1403 4946 ecclesia
1444 4906 1566 4960 qua:
1596 4889 1789 4959 Σοφία,
1833 4890 1937 4943 hoc
1967 4897 2071 4951 est,

470 4966 786 5058 'Sapientia
816 4985 1041 5049 dicitur,
1089 4986 1339 5040 lincaznia
1369 4984 1686 5048 celebravit,
1725 4984 2076 5053 quindecimo

504 5077 795 5134 Februarii
827 5077 1031 5131 mensis
1062 5077 1173 5132 die.
1212 5077 1311 5130 Hic
1355 5076 1444 5130 ille
1487 5076 1539 5129 iu
1579 5077 1779 5129 throno
1811 5088 1912 5128 suo
1942 5088 2077 5126 con-

502 5172 713 5230 sidens.
744 5171 977 5241 primunt
1012 5169 1345 5240 divulgatum
1377 5170 1519 5223 illam
1558 5170 1611 5220 in
1644 5166 1876 5221 ecclesia
1904 5164 2081 5221 edidit

503 5279 697 5320 vocem
735 5283 746 5318 :
778 5265 958 5327 Pater,
1005 5265 1283 5334 inquiens,
1328 5264 1552 5334 ἀσεεὴς,
1593 5263 1695 5316 hoc
1732 5272 1836 5326 est,
1870 5258 1914 5313 si
1948 5259 2080 5311 sim-

506 5357 724 5425 pliciter
772 5355 1115 5423 accipiatur,
1165 5355 1367 5424 impius
1403 5372 1416 5407 :
1446 5356 1644 5416 aliter,
1700 5368 1807 5406 non
1866 5351 2072 5404 colens.

506 5452 680 5505 Filius
719 5459 901 5504 autem
936 5450 1190 5521 εὐσεϐὴς,
1231 5449 1334 5501 hoc
1371 5460 1475 5509 est,
1512 5463 1635 5501 vere
1667 5446 1810 5515 pius,
1843 5454 1897 5500 ct
1932 5455 2080 5497 recte

506 5543 719 5597 colens.
754 5540 821 5595 Et
854 5541 1091 5594 tumultu
1125 5540 1191 5595 ad
1239 5541 1364 5595 talia
1397 5539 1585 5603 verba,
1617 5540 1780 5594 sicuti
1812 5554 1911 5607 par
1940 5547 2079 5600 erat,

507 5650 539 5689 a
587 5636 792 5703 populo
832 5644 887 5688 ct
917 5634 1186 5687 seditione
1228 5644 1407 5693 mota.
1461 5648 1529 5685 ne
1579 5632 1795 5685 turbam
1847 5630 2078 5693 cicrent,

511 5724 765 5780 hortatus
798 5734 902 5780 est.
942 5724 1104 5780 Pater
1148 5725 1320 5787 enim,
1368 5722 1569 5791 inquit,
1617 5721 1891 5775 neminem
1928 5719 2079 5785 colit,

510 5824 569 5871 et
616 5817 697 5872 sic
738 5815 940 5888 ἀσεϐὴς
990 5828 1119 5872 est:
1169 5817 1342 5871 Filius
1399 5831 1529 5870 vero
1584 5813 1835 5884 εὐσεϐὴς,
1885 5812 2082 5866 merito

511 5911 659 5967 enim
701 5922 758 5969 et
798 5926 947 5970 rcctc
999 5912 1212 5985 Patrem
1265 5908 1413 5965 colit.
1463 5907 1557 5965 llis
1604 5907 1766 5964 dictis
1812 5905 2082 5961 tumultus
2124 5984 2161 5989 ﬂ

2168 2038 2277 2091 μης
2334 2023 2665 2093 ὑπερορίους
2712 2024 2967 2093 ἄγεσθαι.
2999 2027 3170 2082 Τοῦτο
3202 2028 3259 2081 δὲ
3307 2029 3413 2083 καὶ
3476 2028 3766 2097 θέσπισμα

2166 2113 2436 2183 βασιλέως
2481 2116 2700 2185 ἐκύρου..
2733 2118 2996 2189 Γνώριμα
3030 2120 3087 2173 δὲ
3125 2119 3302 2175 ταῦτα
3351 2118 3645 2174 καθίστων
3674 2120 3765 2173 καὶ

2166 2206 2493 2279 Ιίατροφίὶῳ
2541 2207 2621 2278 τῷ
2650 2208 3037 2273 Σκυθοπόλεως
3064 2227 3078 2242 ο
3107 2205 3263 2272 οὖτος
3302 2212 3424 2284 γὰρ
3460 2212 3633 2276 εὐθὺς
3660 2211 3771 2268 ἀπὸ

2165 2291 2491 2359 Σελευκείας
2531 2297 2611 2362 εἰς
2637 2296 2735 2367 τὴν
2768 2298 2975 2352 οἰκείαν
3018 2298 3355 2370 Ἐκκλησίαν
3387 2299 3760 2372 ἀφώρμησεν.

2170 2387 2402 2441 Ἔπειτα
2437 2389 2494 2443 δὲ
2524 2390 2585 2442 οὐ
2623 2389 2805 2460 πολλῷ
2838 2391 3066 2463 ὕστερον
3093 2393 3142 2446 oi
3174 2394 3322 2462 ἀμφὶ
3352 2394 3453 2447 τὸν
3482 2392 3767 2461 Εὑδόξιον,

2165 2477 2357 2543 ἄλλους
2386 2479 2566 2544 ἄλλοις
2588 2482 2983 2537 ἀντικαθίστων
3013 2486 3126 2547 τοῖς
3159 2484 3404 2554 θρόνοις.
3445 2485 3630 2548 Αὐτὸς
3664 2484 3760 2554 μὲν

2166 2568 2276 2640 γὰρ
2338 2571 2588 2635 Εὑδόξιος
2635 2572 2851 2642 πρῶτος
2906 2573 3231 2645 Μακεδονίῃ)
3272 2576 3756 2629 ἀντικαθίστατο·

2167 2659 2429 2732 Βασιλείῳ
2448 2661 2503 2714 δέ
2525 2662 2601 2732 τῷ
2629 2660 2955 2734 Ἀγκυρανῷ
2982 2664 3306 2730 Ἀθανὰσιος
3330 2682 3346 2697 ’
3370 2669 3471 2721 τὸν
3496 2667 3553 2721 δὲ
3586 2666 3760 2720 Ἐλεύ-

2170 2766 2284 2803 σιον
2313 2751 2575 2820 Εύνόμιος
2599 2752 2902 2823 διεδέχετο·
2937 2754 2996 2817 ὃς
3022 2755 3157 2825 δῆτα
3186 2758 3281 2809 καὶ
3307 2758 3573 2828 ἀρχηγὸς
3606 2757 3763 2811 κατέ-

2169 2851 2269 2906 στη
2300 2837 2399 2905 τῆς
2426 2838 2715 2908 ἐπωνύμου
2741 2841 3032 2913 αἱρέσεως.
3067 2845 3212 2899 Ἀντὶ
3237 2847 3292 2898 δὲ
3323 2844 3643 2901 Εὐσταθίου
3667 2845 3754 2900 τοῦ

2167 2928 2498 2992 Σεδαστείας
2532 2933 2561 2983 ὁ
2612 2931 2753 2994 θεῖος
2799 2934 3061 2999 Μελέτιος
3095 2937 3194 3007 τὴν
3244 2939 3572 3010 ἐπισκοπὴν
3601 2940 3757 3007 ἐκλη-

2172 3021 2351 3091 ροῦτο.
2396 3023 2455 3077 '0
2481 3024 2537 3076 δὲ
2567 3027 2898 3092 Μακεδόνιος
2923 3029 3019 3101 τὴν
3044 3031 3141 3101 τῆς
3171 3032 3604 3107 Κωνσταντένου
3642 3033 3756 3086 Ἐκ-

2168 3115 2401 3184 κλησίαν
2422 3116 2758 3187 ἀφαιρεθεὶς,
2783 3119 3085 3189 ἀντιπέραν
3111 3122 3207 3191 τῆς
3230 3123 3450 3188 πόλεως
3478 3124 3621 3194 πρὸς
3646 3122 3754 3176 Ἕω

2170 3206 2250 3270 εἷς
2274 3224 2326 3260 τι
2372 3207 2571 3280 χωρίον
2606 3201 2650 3277 ᾧ
2678 3209 2858 3275 Πύλας
2889 3210 3079 3283 ὄνομα,
3122 3215 3395 3287 ἐπὶλπολὺ
3434 3216 3748 3287 διατρίϐων,

2090 3281 2134 3342 C
2167 3298 2388 3351 κάκεῖσε
2415 3299 2516 3370 τὴν
2556 3300 2700 3355 κατὰ
2727 3302 2821 3355 τού
2849 3281 3009 3371 ἁγίοῦ
3041 3284 3362 3374 Πνεύμάτος
3396 3281 3750 3378 βλασῷημίαν

2168 3389 2361 3460 ἁπύλῳ
2396 3391 2629 3461 στόματι
2654 3393 2916 3465 ἐξερευξὰ
2929 3411 3110 3465 μενος,
3144 3401 3336 3463 κακῶς
3365 3402 3428 3453 τὸ
3456 3401 3612 3471 βιοῦν
3644 3399 3751 3463 ἐξεο

2172 3484 2386 3552 μέτρει.
2437 3486 2500 3537 Οί
2534 3484 2592 3538 δέ
2626 3490 2758 3558 περὶ
2795 3487 3052 3543 ’Λκάκιον
3093 3491 3185 3545 τὸν
3233 3491 3495 3559 Εὑδόξιον
3539 3497 3605 3565 τῇ
3661 3492 3749 3546 τοῦ

2169 3571 2445 3640 Βύζαντος
2487 3578 2845 3649 ἐνεθρόνιζον,
2891 3583 3110 3637 ἐναντία
3154 3587 3264 3648 τοῖς
3298 3586 3494 3657 μικρῷ
3522 3586 3753 3656 πρόσθεν

2173 3669 2528 3737 κεκριμένοις
2584 3669 3022 3740 νομοθετοῦντες.
3075 3677 3140 3729 0i.
3183 3676 3292 3750 γὰρ
3358 3681 3473 3748 πρὸ
3526 3677 3751 3748 βραχέος

2173 3759 2504 3829 Δρακόντιον
2538 3761 2632 3815 τοῦ
2680 3764 2935 3834 ἱερᾶσθαι
2964 3770 3330 3840 παυσάμενοι,
3372 3772 3460 3825 ὅτι
3511 3773 3620 3825 ἀπὸ
3649 3769 3751 3821 Γα-

2174 3854 2361 3920 λατίας
2398 3855 2498 3929 τὴν
2531 3859 2822 3931 Πέργαμον
2847 3862 3246 3934 μετηλλάξατο,
3271 3865 3335 3918 ού
3372 3865 3633 3921 συνίεσαν
3662 3863 3748 3916 τὸν

2175 3947 2430 4014 Εὐδόξιον
2457 3951 2518 4002 ού
2553 3951 2683 4020 μίαν
2734 3953 2909 4018 πόλιν,
2958 3953 3077 4008 ἀλλ’
3103 3954 3205 4027 ἤδη
3239 3956 3333 4009 καὶ
3383 3960 3468 4020 είς
3496 3956 3746 4024 δευτέραν

2176 4041 2363 4104 κακῶς
2420 4043 2792 4112 ἐπιϐαίνοντα,
2833 4046 2909 4108 ὼς
2955 4047 3173 4101 ἐναντία
3221 4047 3442 4112 ἑαυτοῖς
3496 4046 3745 4118 διεπράτ-

2174 4148 2355 4187 τοντο.
2393 4134 2598 4188 Τούτου
2632 4136 2688 4189 δὲ
2718 4137 2816 4207 τήν
2847 4138 3145 4206 ἐκκλησίαν
3169 4140 3584 4205 ἀναὸαίνοντος,
3607 4152 3745 4207 τηνι-

2177 4223 2356 4277 καῦτα
2376 4227 2469 4277 καὶ
2495 4228 2527 4296 ή
2564 4228 2775 4299 μεγάλη
2813 4230 3106 4300 ἐκκλησία,
3153 4230 3189 4302 ἧ
3214 4231 3384 4300 Σοφία
3407 4232 3739 4301 ὠνόμασται,

2176 4318 2246 4368 τὰ
2277 4318 2532 4386 ἐγκαίνια
2561 4320 2687 4392 ἔσχε
2725 4325 2793 4393 τῇ
2835 4325 3306 4397 πεντεκαιδεκάτῃ
3337 4326 3436 4380 τοῦ
3473 4323 3741 4394 Φεϐρουα-

2182 4409 2299 4477 ρίου
2343 4412 2541 4482 μηνόςο
2581 4411 2640 4474 ὃς
2688 4414 2973 4480 καθεσθεὶς
3017 4417 3111 4472 ἐπὶ
3136 4419 3229 4470 τὸν
3276 4417 3493 4488 θρόνον,
3532 4414 3739 4486 πρῶτον

2178 4503 2278 4574 τὴν
2328 4506 2766 4578 πολυθρύλλητον
2811 4508 2991 4578 ἀφῆκε
3050 4510 3257 4581 φωνὴν,
3306 4510 3399 4564 ἐπ’
3452 4508 3736 4573 ἐκκλησίας

2180 4597 2351 4650 εἰπὼν
2374 4613 2389 4627 ·
2430 4598 2486 4652 ’0
2519 4599 2706 4669 Πατὴρ
2735 4600 2962 4671 ἀσεϐὴς,
2998 4601 3028 4653 δ
3055 4600 3111 4654 δὲ
3142 4600 3274 4666 Υἱὸς
3302 4602 3554 4672 εὐσεϐής.
3581 4592 3737 4665 Θορύ·

2177 4691 2274 4743 σου
2314 4688 2360 4743 δ’
2393 4689 2469 4753 ὡς
2494 4692 2643 4755 εἰκὸς
2676 4692 2768 4745 ἐπὶ
2802 4694 2979 4760 τούτῳ
3011 4692 3106 4746 καὶ
3138 4694 3387 4759 στάσεως
3426 4695 3506 4765 τῷ
3552 4687 3735 4758 πλήθει

2178 4774 2578 4854 γεγενημένης,
2629 4784 2797 4855 μηδὲν
2825 4784 3195 4855 ταράττεσθαι
3228 4785 3529 4857 παρηγγύα
3550 4800 3564 4813 ο
3588 4783 3615 4834 ό
3645 4778 3735 4849 μὲν

2178 4877 2287 4946 γὰρ
2320 4876 2514 4945 Πατὴρ
2546 4876 2738 4930 οὐδένα
2769 4877 2917 4930 σέϐει
2941 4891 2957 4908 ’
2982 4879 3009 4929 ὁ
3037 4876 3095 4929 δὲ
3141 4876 3272 4941 Υἱὸς
3301 4873 3533 4948 εύσεὸῆς
3556 4890 3573 4908 ο
3597 4869 3734 4926 σέϐει

2178 4972 2310 5040 γὰρ,
2342 4971 2524 5033 καλῶς
2552 4968 2747 5035 ποιῶν,
2784 4970 2879 5022 τὸν
2937 4970 3184 5039 Πατέρα.
3224 4968 3390 5024 Ταῦτ’
3423 4967 3678 5024 εἰπόντος,
3707 4956 3733 5008 δ

2152 5108 2155 5111 ν
2182 5063 2282 5133 μὲν
2310 5062 2540 5137 θόρυϐος
2583 5061 2976 5114 κατεστέλλετο
2996 5078 3011 5092 ο
3044 5062 3218 5129 γέλως
3259 5063 3304 5114 δ’
3338 5060 3602 5131 ἐπεχώρει
3644 5064 3733 5104 πο·

2179 5154 2277 5217 λύς
2298 5170 2311 5185 ο
2342 5156 2438 5207 καὶ
2472 5155 2550 5217 είς
2582 5152 2743 5220 δεῦρο
2769 5155 2833 5205 ἐν
2856 5152 3052 5221 γέλωτι
3087 5154 3148 5205 τὸ
3178 5155 3465 5223 εἰρημένον
3493 5142 3726 5204 διατελεῖ.

2181 5249 2317 5320 Περὶ
2349 5248 2574 5302 τοιαῦτα
2612 5247 2677 5317 δὴ
2707 5248 2754 5300 οἱ
2785 5248 3070 5308 δυσσεϐεῖς
3110 5246 3499 5316 ἀσχολούμενοι
3532 5238 3620 5294 καὶ
3643 5250 3730 5289 και

2179 5339 2622 5408 τασοφιζόμενοι,
2643 5340 2723 5401 είς
2743 5340 2977 5402 ἀτόπους
2999 5337 3155 5402 δόξας
3181 5336 3281 5407 τὴν
3298 5331 3612 5403 Ἐκκλησίαν
3632 5323 3725 5378 διέ·

2184 5448 2422 5498 σπασαν,
2447 5432 2523 5493 ὠς
2546 5429 2748 5484 καὶνῦν
2765 5428 2929 5492 αὑτός
2954 5446 3015 5482 τε
3042 5431 3138 5484 καὶ
3155 5431 3435 5491 Ἀκάκιος,
3462 5425 3551 5478 καὶ
3577 5422 3722 5486 ἀσχο-

2180 5528 2304 5591 λίας
2334 5527 2636 5597 ὑπέρτερον
2663 5523 2965 5613 ἐποιοῦντο,
2988 5523 3128 5598 λήθῃ
3150 5523 3337 5577 δοῦ.αι
3364 5522 3426 5575 τὰ
3460 5521 3514 5570 ἐν
3536 5507 3720 5613 Νικῗξει

2181 5621 2529 5691 γεγενημένα
2553 5637 2566 5651 ·
2601 5620 2699 5673 καὶ
2725 5617 2819 5689 τὴν
2843 5599 2900 5671 ἐν
2932 5616 3199 5688 ’Δριμίνῳ
3227 5616 3366 5685 μετὰ
3385 5614 3482 5684 τῆς
3507 5599 3722 5691 npod'o’l‘

2313 5687 2631 5781 ἁπανταχοῦ
2663 5687 3030 5778 διεπέμποντο
3050 5725 3064 5740 ο
3096 5709 3189 5761 καὶ
3226 5710 3351 5772 τοὺς
3389 5706 3459 5775 μὴ
3485 5687 3719 5784 βουλομίσ

2184 5781 2329 5873 νους,
2371 5808 2445 5868 ὡς
2473 5806 2710 5876 εἴρηται,
2748 5803 2905 5874 ὸῖδίφ
2956 5804 3103 5871 φυγῇ
3144 5799 3375 5872 ζημιοῦν
3399 5814 3410 5827 ·
3441 5796 3468 5848 ὃ
3499 5781 3717 5887 δὴ-δόξίξν

2184 5902 2282 5973 τὴν
2336 5898 2654 5973 παράλογον
2701 5898 2916 5962 ἀπόνως
2968 5892 3217 5950 διανύσαι
3257 5890 3503 5959 σπουδὴν,
3559 5884 3711 5945 ἀρχὴν
