4054 6440
192 408 295 470 425

1120 389 1731 460 ECCLESIASTICE
1778 386 2171 450 IllSTORI/E
2209 384 2362 444 LIB.
2405 381 2506 443 IX.

3365 371 3473 435 496

187 522 351 586 αὐτὸς
404 523 581 576 ἐδόκει
630 518 976 586 δοξάζοντας,
1024 513 1162 567 ἀλλὰ
1201 511 1299 567 καὶ
1331 510 1468 580 πρὸς
1503 507 1778 577 Ἕλληνας
1813 519 1823 555 Α

1931 517 2002 557 im
2035 501 2313 573 perferre,
2341 509 2398 554 et
2437 514 2536 568 per
2567 496 3037 569 interrogationes
3069 507 3168 549 eos
3220 493 3472 562 urgenti-

190 618 363 689 βαρὺς
393 612 484 688 ἦν.
538 615 628 674 Ὠς
675 613 784 681 γὰρ
823 612 1019 679 ἐκείνῳ
1046 607 1224 660 ἐδόκει
1276 603 1569 661 κάκείνους
1618 599 1776 663 δοξά-

188 710 304 776 ζειν
328 711 535 781 ᾑρεῖτο,
565 707 661 760 καὶ
690 704 766 774 μὴ
799 701 1164 774 βουλομένους
1193 698 1454 768 ἧλαυνεν.
1496 695 1572 747 Οὐ
1604 694 1710 763 μὴν
1729 691 1775 743 δ’

191 805 328 859 ἀλλὰ
371 805 468 856 καὶ
519 799 682 854 παντὶ
728 797 807 868 τῷ
841 797 1002 867 δήμῳ
1036 795 1136 864 τῆς
1167 791 1378 852 πόλεως
1406 788 1642 860 χαλεπὸς
1669 782 1773 856 ἦν’

198 893 573 964 ἐπιτιμητικδς
599 891 645 945 δ’
676 891 751 949 ὡς
786 889 1024 961 μάλιστα
1055 886 1168 949 τοῖς
1199 885 1484 954 ἄρχουσιν.
1507 877 1782 949 ’Λπεχοὴς

203 991 259 1043 δὲ
290 991 381 1044 καὶ
402 987 479 1059 τῷ
511 985 708 1057 πλήθει
739 983 1040 1051 ἐτύγχανεν
1061 975 1152 1033 οἶα
1190 973 1544 1046 τυραννικὸς,
1571 971 1666 1026 καὶ
1693 969 1783 1024 δύ·

207 1102 367 1153 ναμιν
392 1081 567 1150 ἐαυτῷ
590 1075 1059 1150 περιποιούμενος
1091 1072 1325 1126 οἴκοθεν,
1353 1068 1429 1122 Τὸ
1457 1067 1504 1120 δ’
1535 1065 1784 1136 Ἐλληνι-

206 1178 299 1230 κὸν
339 1176 498 1228 πλέον
534 1175 853 1242 ἐξέμαινεν,
906 1170 987 1222 ὅτι
1027 1167 1093 1220 τὰ
1128 1167 1337 1236 πάτρια
1360 1161 1604 1223 ἐκείνους
1631 1155 1785 1228 εἶργε

204 1272 375 1322 ποιεῖν
401 1283 415 1298 ·
440 1269 532 1320 κοιὶ
563 1267 663 1330 τὰς
690 1265 887 1335 ἑορτὰς
928 1260 1185 1333 περιῄρει
1206 1275 1222 1289 ο
1247 1259 1343 1310 καὶ
1371 1256 1564 1323 ὅτιπερ
1599 1255 1787 1320 στῖφος

201 1363 262 1427 ἐξ
299 1359 579 1429 Αἰγύπτου
613 1355 1002 1425 στρατιωτικὸν
1034 1348 1334 1420 ἐπαγαγὼν
1365 1348 1573 1410 αὐτοῖς,
1603 1345 1700 1409 τᾶς
1729 1360 1786 1396 τε

200 1451 310 1504 τῶν
359 1451 642 1521 σφετέρων
683 1447 822 1502 Θεῶν
851 1443 1090 1507 εἰκόνας,
1124 1442 1218 1495 καὶ
1237 1438 1568 1509 ἀναθήματα
1601 1434 1789 1506 ἕτερα,

203 1545 299 1597 καὶ
345 1544 469 1606 ὅσος
507 1545 615 1604 τοῖς
651 1543 798 1604 ναοῖς
846 1533 916 1611 ἦν
968 1536 1178 1602 κόσμος
1230 1530 1436 1598 αὐτῶν,
1482 1529 1796 1600 διήρπασεν

203 1636 629 1707 ἀφαιρούμενος.
683 1634 746 1688 'A
783 1633 846 1702 δὴ
879 1632 1060 1685 πάντα
1105 1628 1256 1681 αἴτια
1289 1624 1484 1694 ἐκείνῳ
1512 1623 1612 1690 τῆς
1643 1623 1797 1675 ἀναι-

208 1729 414 1798 ρέσεως
443 1725 710 1794 ἐγεγόνετ,
742 1723 819 1784 ὡς
853 1722 911 1772 ἐν
953 1722 1021 1790 τῇ
1051 1717 1252 1788 ἐφεξῆς
1287 1733 1376 1783 μοι
1413 1712 1796 1786 δηλωθήσεται

208 1820 443 1890 ἱστορίᾳ.
483 1816 592 1871 Τοῦ
619 1817 677 1869 δέ
710 1813 983 1885 Κυρίλλου
1011 1813 1071 1864 ὃν
1101 1811 1310 1882 τρόπον
1339 1809 1557 1878 εἴρηται
1594 1803 1795 1859 καθαι-

1887 593 1994 648 bus
2039 590 2362 646 satisfacere
2396 606 2508 645 non
2552 597 2882 660 potuerunt.
2931 587 2999 641 Et
3042 602 3167 641 cum
3217 585 3366 655 quod
3414 584 3471 638 in

1889 684 2245 740 adversarios
2303 684 2516 738 crimen
2587 691 2951 752 reget-orent,
3007 694 3118 734 non
3183 678 3477 743 haberem,

1893 777 2219 831 contirmata
2249 775 2434 830 denuo
2467 790 2632 844 quam
2657 773 3145 844 Constantinopoli
3178 771 3479 827 ediderant

1893 868 2164 932 formula,
2228 866 2667 923 conciliabulum
2715 883 2880 923 suum
2941 867 3270 930 solverunt,
3317 874 3375 919 et
3422 879 3483 919 se

1895 959 2122 1013 domum
2151 957 2355 1028 singuli
2389 967 2744 1028 receperunt.
2775 956 2980 1012 Eadem
3008 957 3115 1012 hac
3145 963 3481 1026 tempestate

1894 1051 2196 1106 Athanasio
2254 1050 2438 1105 adhuc
2495 1050 2735 1115 latente,
2791 1047 3067 1120 Georgius
3131 1048 3481 1104 Alexandriae

1898 1155 2009 1195 non
2043 1156 2140 1196 eos
2174 1141 2338 1196 modo
2370 1141 2464 1211 qui
2495 1140 2781 1196 diversum
2816 1143 2884 1196 ab
2916 1141 3181 1211 opinione
3213 1157 3314 1195 sua
3359 1156 3488 1195 sen-

1900 1237 2088 1302 tirent,
2143 1238 2285 1292 male
2337 1238 2666 1307 accipiebat,
2703 1237 2801 1292 sed
2835 1237 3043 1292 Graecis
3087 1250 3311 1305 quoque
3357 1235 3494 1304 ipsis

1898 1328 2082 1397 gravis
2135 1337 2277 1382 erat.
2337 1328 2473 1383 Nam
2535 1343 2633 1384 eos
2671 1328 2866 1394 etiam,
2923 1326 3088 1382 sicuti
3141 1325 3249 1397 ipsi
3310 1325 3492 1380 visum

1901 1428 2071 1483 esset,
2103 1422 2321 1493 opinari
2353 1431 2521 1491 atque
2567 1421 2781 1476 sentire
2815 1419 3060 1482 volebat,
3103 1427 3162 1473 et
3195 1418 3382 1473 facere
3441 1418 3496 1471 id

1902 1515 2161 1569 nolentes
2208 1513 2701 1585 persequebatur:
2750 1514 2888 1584 quin
2944 1513 3221 1568 universa:
3269 1525 3497 1584 quoque

1905 1606 2062 1662 urbis
2105 1607 2227 1678 ejus
2276 1607 2424 1677 plebi
2468 1608 2769 1662 molestum
2807 1622 2868 1662 se
2905 1605 3256 1661 exhibebat:
3293 1603 3506 1674 princi-

1907 1717 2038 1771 pum
2070 1702 2310 1757 maxime
2355 1703 2602 1757 virorum
2655 1703 3006 1774 objurgator,
3038 1707 3094 1756 et
3125 1699 3304 1754 doctis
3339 1707 3505 1767 atque

1907 1797 2096 1862 claris,
2117 1797 2266 1866 quod
2294 1811 2393 1851 eos
2417 1796 2836 1860 contemnebat,
2867 1810 2971 1850 nec
3003 1810 3115 1849 non
3151 1791 3504 1850 multitudini

210 1884 488 1979 peOé'v-c-og,
541 1906 642 1975 τὴν
667 1905 776 1958 τῶν
807 1884 1207 1973 Ἱεροσολύμων
1244 1897 1578 1966 Ἐκκλησίαν
1614 1894 1800 1964 Ἐρέν-

1934 1888 2016 1958 psi
2057 1888 2293 1954 invisus,
2326 1888 2500 1943 veluti
2533 1888 2890 1960 tyrannicus,
2927 1896 2986 1942 et
3019 1888 3115 1956 qui
3166 1884 3508 1942 dominatio-

207 1977 323 2066 νιος
373 2002 692 2071 ἐπετράπη·
759 1995 882 2070 μεθ’
921 1995 981 2049 ὃν
1027 1993 1276 2063 ἐγεγόνει
1307 1989 1654 2060 Ἡράκλειος,
1711 1985 1806 2041 καὶ

1931 1995 2038 2034 tem
2089 1981 2196 2036 sibi
2256 1982 2413 2050 quasi
2469 1981 2599 2052 jure
2648 1996 2752 2037 suo
2801 1980 3136 2036 vindicaret.
3195 1977 3255 2033 ln
3311 1979 3508 2049 primis

209 2098 410 2168 ἐφεξῆς
477 2095 746 2164 Ίλάριοςο
801 2083 948 2146 οὗτοι
999 2088 1110 2159 γὰρ
1148 2086 1313 2157 μέχρι
1359 2085 1458 2152 τῆς
1518 2079 1804 2134 Θεοδοσίου

1931 2089 2045 2128 iero
2095 2071 2300 2130 Graecae
2354 2075 2776 2144 superstitionis
2836 2075 3085 2130 cultores
3124 2074 3503 2136 exacerbavit,

215 2165 490 2261 βασιλείας
515 2188 791 2255 διοικῆσαι
809 2185 877 2236 τὰ
901 2183 1001 2252 τῆς
1023 2181 1283 2248 τοιαύτης
1301 2174 1640 2243 Ἐκκλησίας
1667 2169 1809 2226 ίστὸ-

1931 2166 2059 2237 ιιιοά
2105 2181 2202 2223 eos
2243 2168 2442 2238 patriis
2483 2167 2603 2224 suis
2643 2169 2820 2224 sacris
2841 2167 3101 2239 operari,
3140 2167 3376 2237 diesque
3428 2165 3512 2221 fe-

217 2260 434 2354 ρηνται.
460 2279 616 2336 Μετὰ
644 2279 701 2333 δὲ
728 2276 950 2338 τούτους
981 2271 1190 2328 πάλινό
1219 2270 1384 2334 αὐτὸς
1417 2267 1687 2338 Κύριλλος
1717 2264 1809 2316 τὸν

1931 2269 2030 2315 stos
2073 2274 2341 2331 peragere
2391 2261 2708 2332 prohibuit.
2755 2263 2828 2318 Et
2883 2261 3110 2318 militari
3159 2278 3226 2318 ex
3274 2260 3510 2332 Egypto

213 2353 417 2428 οἰκεῖον
451 2369 755 2425 ἐπανέλαϐε
795 2367 1010 2436 Θρόνον.

1931 2353 2154 2408 iddueta
2185 2370 2376 2421 manu,
2417 2355 2650 2412 deorum
2680 2357 2955 2428 imagines
2983 2367 3151 2429 atque
3185 2357 3292 2412 alia
3335 2364 3512 2412 dona-

215 2475 327 2536 ria,
359 2481 416 2526 et
447 2468 720 2541 quidquid
752 2475 1020 2538 praeterea
1065 2463 1121 2516 in
1167 2457 1398 2528 templis
1430 2470 1627 2512 eorum
1660 2461 1812 2509 esset
1887 2453 2225 2517 ornamenti,
2285 2452 2561 2522 diripiens
2592 2455 2849 2510 abstulit.
2876 2455 3016 2522 Quae
3046 2471 3181 2511 sane
3214 2455 3426 2546 omnia:
3453 2464 3515 2509 ut

215 2577 538 2628 necaretur,
560 2578 786 2620 causam
813 2561 1124 2633 praebuere,
1178 2555 1344 2613 sicuti
1402 2554 1550 2609 libro
1614 2551 1868 2622 proximo
1907 2549 2286 2605 ostendemus.
2323 2549 2531 2621 Cyrillo
2583 2551 2837 2608 Ecclesia
2875 2552 3407 2624 l-lierosolymitana,
3441 2566 3512 2607 eo

219 2677 335 2734 quo
367 2678 535 2732 supra
576 2661 789 2716 dictum
827 2666 914 2713 est
968 2654 1160 2720 modo,
1193 2652 1450 2722 adempta
1496 2656 1603 2715 est,
1677 2657 1734 2702 et
1772 2645 2055 2701 Herennio
2124 2645 2407 2700 mandata.
2443 2646 2612 2718 805
2651 2646 2752 2702 Cui
2786 2647 3098 2712 lleraclius,
3151 2659 3320 2719 atque
3371 2647 3506 2703 huic

218 2770 446 2811 rursum
477 2753 751 2809 successit
784 2749 1076 2804 Hilarius:
1110 2745 1201 2802 isti
1243 2756 1485 2812 namque
1519 2753 1695 2810 usque
1737 2737 1804 2792 ad
1847 2734 2151 2792 Theodosii
2198 2735 2494 2807 imperium
2537 2737 2841 2818 Ecclesiam
2891 2755 3012 2794 eam
3078 2741 3506 2801 administrasse

223 2849 418 2906 traditi
451 2857 623 2904 sunt:
659 2857 782 2918 post
813 2861 956 2917 quos
983 2841 1227 2914 Cyrillus
1258 2839 1376 2910 ipse
1429 2835 1616 2893 sedem
1649 2849 1808 2891 suam
1848 2832 2228 2902 recuperavit.

827 2981 1084 3036 ΚΕΦΑΛ.
1129 2979 1213 3035 N'.

223 3101 368 3169 Περὶ
408 3096 518 3169 τῆς
539 3098 648 3153 τοῦ
671 3095 988 3162 βασιλέως
1021 3092 1447 3169 Κωῖσταγτίου
1481 3089 1814 3169 τελευτῆς-ο

297 3161 399 3226 ἕιαὶ
431 3161 527 3227 οἷὰ
560 3174 592 3225 ό
621 3161 914 3239 Θεολόγος
945 3161 1144 3236 γραφῇ
1166 3163 1305 3233 περὶ
1343 3163 1531 3217 αὑτοῦ
1563 3161 1813 3228 ιστορεῖ.

2559 2974 2788 3032 CAPUT
2829 2975 2893 3030 L.

1927 3084 2003 3139 De
2033 3086 2368 3162 imperatoris
2413 3087 2717 3162 Constantii
2758 3088 2939 3155 obitu,
2997 3099 3048 3162 et
3079 3109 3198 3162 qua
3237 3092 3522 3162 Gregarius
3606 3077 3608 3080 ν

2201 3157 2489 3229 Tlieologus
2515 3161 2579 3213 de
2617 3175 2678 3213 eo
2706 3163 2904 3230 scripta
2936 3155 3234 3234 reliquerit.
3342 3155 3360 3169 “

307 3290 377 3342 ’0
409 3288 466 3342 δδ
498 3271 716 3356 Καῖσαρ
745 3284 1057 3348 Ἰουλιανὸς,
1094 3281 1246 3352 μάχη
1279 3279 1388 3332 τῶν
1423 3279 1553 3345 περὶ
1575 3277 1669 3331 τὸν
1702 3272 1823 3348 Ῥῆ-

2009 3269 2269 3325 Julianus
2301 3286 2436 3326 sane
2469 3271 2652 3328 Caesar
2679 3272 2831 3329 Bello
2860 3272 3136 3332 Barbaros
3165 3277 3232 3332 ad
3269 3279 3527 3340 Rhenum

227 3396 323 3433 vov
353 3377 644 3450 βαρϐάρων
670 3374 986 3446 κρατήσας,
1016 3375 1110 3426 καὶ
1139 3373 1269 3433 τοὺς
1304 3371 1404 3448 μὲν
1429 3370 1574 3437 ξίφει
1606 3369 1823 3436 ὑπαγα-

1931 3362 2084 3427 vicit,
2119 3362 2402 3433 plerisque
2435 3365 2610 3426 caesis,
2649 3365 2984 3434 quibusdam
3016 3367 3183 3423 etiam
3222 3371 3425 3440 captis.
3462 3371 3530 3429 Et

231 3469 374 3538 τὼν,
400 3468 492 3533 οὒς
541 3468 598 3522 δὲ
633 3468 728 3522 καὶ
756 3466 1077 3536 ζωγρήσας,
1111 3463 1210 3517 καὶ
1253 3461 1421 3524 πολὺς
1448 3460 1705 3531 τηνικάδε
1737 3460 1823 3514 διὰ

1931 3456 2082 3526 quod
2108 3457 2385 3514 militibus
2423 3467 2540 3514 tum
2572 3472 2803 3530 propter
2833 3461 3238 3520 moderationis
3273 3467 3442 3521 animi
3473 3481 3532 3524 et

234 3560 714 3634 μετριοφροσύνης
741 3560 838 3614 καὶ
871 3557 1178 3621 ἐπιεικείας
1206 3554 1509 3626 πρόσχημα
1531 3553 1693 3621 δόξας
1714 3554 1823 3617 τοῖς

1933 3550 2216 3619 aequitatis
2242 3551 2536 3607 obtentum
2565 3553 2870 3622 praeclarus
2896 3569 3021 3610 esse
3067 3555 3376 3620 videretur.
3421 3559 3529 3615 im-

235 3654 626 3726 στρατιώταις,
680 3651 934 3722 βασιλεὺς
981 3648 1273 3720 Ῥωμαίων
1305 3647 1720 3718 ἀναγορεύεται.
1760 3646 1829 3700 ⁶¹Ο

233 3749 300 3818 δὴ
333 3749 391 3811 ἐς
412 3747 795 3802 Κωνστάντιον
812 3741 1102 3814 ἀγγελθὲν,
1129 3739 1334 3812 πολλὴν
1355 3740 1530 3793 ἐποίει
1553 3740 1653 3809 τὴν
1678 3739 1830 3806 ἀγω-

238 3841 384 3895 νίαν.
420 3840 528 3893 Καὶ
547 3839 611 3910 δὴ
641 3839 702 3892 τὸ
726 3838 871 3904 Θετον
897 3835 1123 3907 λουτρὸν
1156 3834 1294 3905 πρὸς
1325 3831 1569 3895 Εύζωῖου
1607 3834 1665 3884 ἐν
1713 3830 1834 3883 Ἀν-

239 3934 454 4005 τιοχείᾳ
485 3933 803 4002 δεξάμενος,
830 3931 971 3999 ἄρας
1007 3927 1218 3982 ἐκεῖθεν
1253 3928 1354 3997 τὴν
1379 3928 1664 3994 στρατιὰν,
1702 3924 1834 3995 πρὸς

245 4030 331 4080 τδν
377 4028 496 4080 κατ’
525 4026 737 4080 ἐκείνου
773 4024 1072 4094 ἐπορεύετο
1104 4021 1365 4092 πόλεμον.
1413 4021 1506 4076 Ἐν
1539 4021 1597 4073 δὲ
1640 4019 1835 4087 Μόψου

244 4121 484 4191 κρήναις
523 4119 837 4188 γενόμενος,
871 4119 927 4171 αἳ
962 4117 1064 4170 ἀνὰ
1108 4116 1274 4185 μέσον
1305 4112 1710 4176 Καππαδοκίας
1741 4113 1837 4165 καὶ

248 4213 503 4278 Κιλικίας
534 4215 697 4278 είσὶν,
717 4212 1074 4282 ἀπόπληκτος
1104 4209 1182 4279 τῷ
1214 4207 1398 4277 πολλῷ
1424 4207 1522 4278 τῆς
1552 4205 1838 4277 φροντίδος

246 4304 566 4372 γενόμενος,
603 4303 696 4354 τὴν
747 4300 862 4370 βίον
907 4299 1202 4353 ἀπέλιπεν.
1241 4298 1459 4360 Ὀποῖος
1516 4297 1618 4366 μὲν
1651 4295 1747 4349 οὖν
1779 4293 1841 4348 τὸ

246 4393 383 4466 ἦθος
415 4396 513 4450 καὶ
540 4396 640 4465 τὴν
679 4394 982 4465 Θρησκείαν
1021 4393 1271 4460 ἐγεγόνει
1307 4392 1710 4455 Κωνστάντιος,
1755 4390 1836 4443 δι⁴

251 4487 480 4558 εξῆλθον
517 4488 602 4553 ἂν,
639 4487 688 4540 εί
740 4487 816 4556 μὴ
850 4487 878 4539 ὁ
914 4485 1218 4556 πυρίπνους
1259 4484 1447 4554 ῥήτωρ
1484 4485 1513 4537 ὁ
1576 4483 1842 4551 Θεολόγος

1934 3652 2163 3712 per-ator
2204 3643 2586 3699 Romanorum
2641 3644 2711 3699 ab
2764 3645 2848 3700 eis
2896 3661 2982 3700 es:
3019 3645 3360 3705 declaratus.
3399 3651 3533 3718 Qua:

1937 3754 2027 3793 res
2058 3739 2151 3793 ubi
2185 3738 2517 3794 Constantio
2547 3749 2633 3795 est
2663 3741 3192 3818 renuiitiata,\anxia
3226 3759 3352 3798 eum
3383 3749 3535 3816 cepit

1940 3833 2284 3892 sollicitudo.
2325 3834 2394 3888 Et
2425 3833 2736 3889 Antiochiae
2769 3835 2838 3888 ab
2886 3835 3100 3890 Euzoio
3131 3853 3293 3892 sacro
3327 3839 3536 3894 tinctus

1938 3928 2185 3992 lavacro,
2220 3928 2529 3982 exercitum
2565 3927 2695 3982 inde
2729 3927 3000 3984 adversus
3040 3927 3321 3985 lulianum
3352 3931 3536 3990 duxit.

1940 4022 2124 4090 Atque
2147 4021 2241 4075 ubi
2265 4021 2332 4075 ad
2362 4021 2548 4091 Mopsi
2580 4021 2786 4086 fontes,
2822 4021 2916 4092 qui
2946 4021 3091 4076 inter
3120 4021 3529 4093 Cappadociam

1941 4123 1999 4169 et
2031 4113 2284 4169 Ciliciam
2316 4123 2468 4178 sunt,
2505 4115 2680 4176 venit,
2727 4116 2880 4169 euris
2917 4116 3228 4181 confectus,
3264 4133 3364 4186 per
3403 4134 3539 4189 apo-

1945 4204 2188 4274 plexiam
2242 4205 2412 4258 vitam
2451 4202 2617 4259 finiit.
2662 4203 2859 4269 Qualis
2889 4216 3074 4259 autem
3109 4217 3166 4260 et
3202 4208 3450 4264 moribus
3484 4219 3544 4264 et

1945 4295 2219 4368 religione
2253 4295 2619 4352 Constantius
2655 4295 2850 4360 fuerit,
2884 4295 2940 4350 in
2971 4299 3264 4366 prmentia
3297 4315 3544 4356 commc-

1948 4405 2254 4456 morarem,
2293 4389 2399 4444 nisi
2440 4389 2970 4444 vehementissimus
3003 4399 3194 4444 orator
3235 4391 3542 4462 Gregorius

1949 4483 2266 4554 Theologus
2309 4482 2545 4535 virtutes
2588 4483 2708 4552 ejus
2743 4482 3121 4552 pulcherrime
3173 4485 3535 4540 ostendisset.

254 4578 555 4648 Γρηγόριος
585 4578 654 4630 τὰ
686 4578 809 4630 κατ’
853 4578 1015 4628 αὑτὸν
1052 4577 1255 4644 ἄριστα
1287 4574 1613 4645 διεσάφησε.
1645 4574 1754 4628 Καί
1787 4591 1821 4643 γ

1947 4577 2017 4632 Ει
2047 4577 2388 4642 cutn'verliis
2433 4575 2583 4629 illius
2629 4574 2812 4644 qualis
2850 4575 2896 4628 is
2937 4576 3110 4629 fuerit
3142 4575 3433 4634 declarare
3471 4580 3540 4634 li-

255 4669 377 4722 ἐνὸν
420 4669 510 4723 διὰ
557 4670 666 4721 τῶν
701 4668 914 4722 ἐκείνου
957 4668 1311 4738 παραστῆσαι
1365 4666 1560 4736 φωνῶν
1591 4659 1704 4728 οἷος
1747 4661 1839 4737 ἧν,

256 4763 510 4833 περιττὸν
539 4757 694 4832 οἶμαι
726 4762 929 4830 ἑτέρως
963 4761 1143 4834 λέγειν
1177 4760 1480 4830 αἱρεῖσθαι.
1512 4760 1601 4813 Ἐν
1629 4760 1729 4830 μὲν
1750 4759 1845 4813 οὖν

255 4855 336 4925 τῷ
384 4855 585 4925 πρώτῳ
637 4852 1034 4923 στηλιτευτικῷ
1082 4853 1227 4906 κατὰ
1281 4851 1602 4918 Ἰουλιανοῦ,
1653 4851 1846 4922 ὥσπερ

258 4950 656 5017 ἐπαιτιώμενος
704 4951 806 5015 τὴν
864 4946 1076 4999 ἐκείνου
1139 4945 1470 5018 ἀνάρρησιν,
1520 4944 1648 4998 τάδε
1703 4944 1849 4997 κατὰ

263 5041 419 5112 ῥῆμα
453 5041 593 5111 ὑπὲρ
612 5041 995 5094 Κωνσταντίου
1029 5036 1255 5102 διέξεισι
1274 5053 1288 5067 ο
1318 5036 1416 5089 «Τί
1445 5037 1624 5102 τοῦτο,
1644 5030 1850 5090 ὧθειὸ-

261 5152 392 5189 τατε
420 5135 684 5204 βασιλέων
727 5133 824 5186 καὶ
870 5131 1318 5200 φιλοχριστότατε
1371 5133 1714 5202 (προάγομαι
1745 5133 1850 5202 γὰρ

263 5231 340 5295 ὼς
387 5230 615 5299 παρόντι
667 5227 766 5281 καὶ
795 5225 1052 5280 ἀκούοντι
1098 5223 1419 5295 μέμψασθαι
1450 5240 1466 5256 ⁶
1509 5226 1603 5278 καὶ
1635 5227 1684 5277 εί
1717 5227 1850 5278 πολὺ

265 5317 553 5388 κρείττονά
581 5332 642 5368 σε
676 5317 932 5382 γινώσκω
963 5316 1062 5384 τῆς
1099 5314 1372 5384 ἡμετέρας
1415 5313 1680 5384 μέμψεως
1715 5317 1854 5384 μετὰ

264 5410 402 5464 Θεοῦ
451 5411 826 5478 τεταγμένον,
854 5407 949 5460 καὶ
992 5407 1094 5477 τῆς
1146 5411 1262 5461 ἐκεῖ
1311 5407 1471 5476 δόξης
1505 5409 1854 5478 κληρονομή-

269 5519 475 5557 σαντα*
510 5504 605 5556 καὶ
651 5502 909 5555 τοσοῦτον
949 5503 1449 5572 μεταχωρήσαντα,
1508 5504 1634 5554 ὅσον
1687 5518 1858 5572 μετα-

269 5597 460 5650 θέσθαι
486 5597 584 5666 τὴν
621 5593 965 5666 βασιλείαν);
1001 5596 1127 5647 τίνα
1150 5594 1363 5664 ταύτην
1384 5594 1695 5646 ἐϐουλεύσω
1733 5593 1860 5664 βου-

269 5690 408 5758 λήνς
439 5693 661 5740 πάντων
696 5689 912 5739 συνέσει
937 5687 1035 5739 καὶ
1063 5689 1320 5757 ἀγχινοίᾳ
1356 5689 1639 5740 καταπολὺ
1675 5688 1861 5755 διαφέ-

276 5800 402 5851 ρων,
437 5783 497 5834 ού
527 5781 636 5833 τῶν
659 5779 752 5833 ἐπὶ
789 5779 883 5832 σοῦ
919 5779 1185 5850 βασιλέων
1225 5783 1426 5850 μόνων,
1465 5780 1600 5834 ἀλλὰ
1628 5780 1862 5832 καὶτῶν

277 5874 601 5946 ἔμπροσθεν,
647 5876 675 5926 ὁ
703 5875 764 5926 τὸ
809 5873 1149 5943 βαρϐαρικὸν
1197 5874 1593 5944 ἀνακαῖαίρων
1650 5873 1860 5945 κύκλῳ,

588 5971 860 6031 Panos“
893 5971 924 6024 (-
951 5989 1012 6034 ιι.
1055 5969 1287 6030 CXLVI

1949 4677 2093 4737 ceat,
2143 4683 2622 4739 supervacaneum
2672 4685 2796 4723 esse
2853 4670 3020 4733 duxi,
3063 4670 3227 4724 aliter
3279 4687 3368 4726 res
3413 4675 3535 4743 ejus

1951 4763 2162 4818 referre
2192 4761 2354 4816 velle.
2393 4763 2450 4815 In
2491 4760 2670 4831 prima
2705 4761 2877 4831 igitur
2909 4764 2960 4815 in
2988 4763 3272 4818 Julianuni
3314 4767 3547 4820 invecti-

1951 4870 2046 4917 va,
2082 4855 2255 4911 veluti
2314 4855 2738 4925 reprehendens
2788 4856 3061 4911 Czesarem
3119 4874 3246 4911 eum
3297 4869 3546 4915 creatum

1953 4963 2096 5010 esse.
2118 4949 2236 5003 ha3c
2257 4949 2322 5002 ad
2354 4949 2587 5002 verbum
2617 4962 2720 5019 pro
2743 4947 3072 5003 Constantio
3105 4950 3277 5005 refert
3305 4967 3318 5003 :
3356 4971 3374 5003 ι
3401 4951 3546 5018 Quid

1955 5041 2061 5096 hoc
2105 5041 2182 5096 rei
2215 5052 2332 5106 est,
2392 5041 2795 5112 imperatorum
2840 5044 3214 5107 sanctissime,
3250 5054 3303 5100 et
3339 5046 3546 5100 Christi

1957 5134 2339 5189 amantissime
2383 5137 2472 5204 (eo
2503 5133 2654 5189 enim
2683 5135 2991 5205 provehor,
3032 5147 3092 5191 ut
3125 5147 3174 5191 te
3209 5137 3376 5192 veluti
3407 5155 3546 5209 pra:-

1957 5235 2172 5283 sentem
2219 5237 2275 5283 et
2321 5228 2438 5282 haec
2480 5228 2803 5283 audientem
2849 5229 3144 5284 incusem:
3196 5231 3453 5299 quamvis
3497 5242 3550 5284 te

1958 5321 2120 5391 longe
2143 5322 2497 5390 superiorem
2525 5321 2963 5391 reprehensione
2991 5334 3182 5376 nostra
3207 5337 3331 5377 esse
3353 5324 3548 5387 sciam,

1960 5414 2055 5484 qui
2092 5418 2158 5467 ad
2199 5415 2370 5469 Deum
2400 5413 2703 5468 translatus
2736 5416 2813 5468 sis
2837 5414 3027 5485 glori-.e
3053 5415 3300 5468 cmlestis
3329 5415 3506 5468 haeres
3537 5435 3549 5465 ;

1962 5521 2019 5560 et
2057 5516 2209 5560 tanto
2241 5523 2272 5558 a
2305 5508 2466 5562 nobis
2503 5507 2729 5578 longius
2759 5508 3090 5569 secesseris,
3135 5515 3344 5575 quanto
3379 5507 3553 5576 impe-

1965 5599 2108 5651 rium
2139 5597 2274 5651 illud
2325 5596 2472 5667 quod
2532 5611 2658 5652 cum
2689 5597 2797 5652 hoc
2829 5598 3211 5662 commulasti,
3261 5605 3344 5650 cst
3388 5614 3552 5666 angu-

1967 5689 2128 5749 stins)
2156 5685 2180 5739 ἲ
2206 5689 2489 5757 quodnam
2524 5689 2630 5744 hoc
2660 5689 2859 5758 cepisti
2902 5689 3246 5742 consilium?
3290 5688 3384 5758 qui
3425 5703 3555 5758 pru-

1968 5782 2160 5837 dentia
2204 5793 2261 5837 et
2315 5782 2488 5837 animi
2545 5782 2777 5838 solertia
2823 5796 3041 5849 omnes,
3078 5799 3188 5836 non
3246 5783 3410 5837 modo
3461 5787 3556 5852 qui

1969 5889 2131 5933 aetate
2198 5888 2316 5945 tua,
2371 5879 2464 5934 sed
2530 5889 2694 5934 antea
2750 5891 2975 5949 quoque
3029 5877 3187 5932 fuere
3247 5878 3557 5950 principes,

3109 5974 3180 6035 1ἵι
