4054 6476
506 390 610 454 1'27

508 507 672 577 longe
716 508 988 578 superasti
1040 526 1052 562 :

512 602 771 671 regiones
811 616 839 655 a
892 600 1146 656 Barbaris
1188 602 1516 671 repurgasti,
1554 612 1610 658 et
1643 603 1788 658 domi
1822 613 2085 676 tyrannos

512 692 902 762 compescuisti
936 709 952 745 :
988 702 1152 761 atque
1191 692 1328 745 alios
1364 693 1590 761 quidem
1640 694 1827 750 verbis
1858 695 2082 761 ﬂexisti,

510 785 650 837 alios
694 796 877 835 autem
927 782 1096 835 armis
1134 780 1315 835 vicisti
1352 799 1368 845 _:
1414 792 1471 839 et
1508 798 1576 838 co
1620 799 1754 838 sane
1786 764 2086 853 utrumque

513 879 677 932 modo
732 876 1013 945 peregisti,
1069 888 1129 929 ut.
1175 876 1417 930 alterum
1475 876 1530 930 in
1570 877 1749 932 altero
1790 878 1929 933 nihil
1988 879 2084 933 tibi

510 978 736 1029 :atierret
786 971 1169 1026 diliieultatis?
1214 971 1281 1027 Et
1315 987 1439 1024 cum
1477 971 1649 1025 multa
1683 971 1796 1026 sint
1838 971 1985 1027 bello
2031 980 2087 1026 et

508 1070 677 1122 armis
741 1077 922 1137 parta,
974 1067 1182 1137 majora
1231 1078 1417 1121 tamen
1468 1076 1524 1121 et
1579 1066 1902 1133 illustriora,
1964 1080 2084 1135 qua!

505 1161 661 1214 nullo
726 1158 909 1214 eﬂuso
963 1157 1233 1227 sanguine
1297 1158 1640 1214 constituisti
1702 1158 1947 1228 tropaea?
2002 1155 2085 1210 Ad

504 1268 671 1321 quem
709 1252 1082 1321 undequaque
1111 1251 1274 1320 legati
1314 1263 1369 1307 et
1408 1252 1691 1321 supplices
1720 1266 1783 1306 ex
1826 1250 2085 1320 gentibus

507 1345 674 1398 variis
713 1344 1033 1404 veniebant,
1074 1358 1309 1413 quarum
1347 1343 1631 1398 nonnulla:
1658 1343 1771 1413 jam
1812 1342 2085 1410 imperata

506 1438 808 1496 faciebant.
856 1436 1140 1490 nonnullae.
1176 1446 1362 1490 autem
1407 1435 1635 1490 facturae
1670 1435 1880 1489 erant?
1917 1433 2084 1504 806

505 1526 613 1592 Qui
643 1526 911 1596 quidquid
935 1542 1244 1594 spcrasses,
1288 1524 1604 1580 confectum
1638 1525 1737 1580 tibi
1768 1526 1879 1596 jam
1915 1538 2087 1594 prope

507 1621 631 1674 fuit.
665 1619 817 1673 Adeo
847 1636 1012 1673 manu
1047 1618 1141 1673 Dei
1174 1619 1238 1673 ad
1270 1619 1497 1674 consilia
1529 1627 1587 1674 et
1613 1618 1862 1673 actiones
1892 1631 2088 1672 omnes

506 1729 567 1769 es
600 1713 926 1783 perductus.
952 1711 1122 1782 Cujus
1144 1711 1432 1781 prudentia
1468 1711 1693 1781 quidem
1721 1711 1893 1779 magis
1922 1724 2088 1779 quam

510 1804 800 1868 lortitudo,
835 1806 1005 1873 magis
1044 1819 1173 1858 vero
1219 1805 1387 1858 etiam
1425 1802 1696 1857 fortitudo
1742 1818 1913 1871 quam
1949 1816 2086 1872 pru-

1742 400 2163 462 NICEPIIORI
2205 403 2550 463 CALLISTI
3626 412 3712 475 428

1105 508 1198 576 qui
1230 506 1361 562 foris
1410 508 1676 564 ﬁnitimas
1720 511 2082 567 circumcirca

2196 514 2281 564 καὶ
2322 512 2446 575 τοὺς
2480 513 2618 566 οἶκοι
2654 514 2952 584 τυράννους
2980 516 3357 587 χειρούμενος,
3391 519 3505 584 τοὺς
3536 522 3619 592 μὶν
3646 528 3718 579 λό.

2193 622 2335 673 γοις,
2370 605 2494 666 τοὺς
2530 604 2583 658 ἑὲ
2614 608 2726 667 τοῖς
2757 606 2943 669 ὅπλοις
2964 622 2978 638 ⁶
3013 610 3107 661 καὶ
3136 608 3341 663 τούτων
3373 611 3628 675 ἑκάτερον.
3660 617 3724 679 ὡς

2192 697 2360 769 μηδὲν
2393 696 2499 749 ὑπὸ
2524 696 2621 748 τοῦ
2656 697 2844 765 ἑτέρου
2873 698 3282 768 διοχλούμενος.
3317 694 3389 754 Ob
3425 704 3616 771 μεγάλα
3641 706 3727 774 μὲν

2186 792 2427 857 τρόπαια
2454 791 2521 843 τὰ
2553 787 2674 859 μεθ’
2703 790 2885 843 ὃπλων
2916 796 3007 843 καὶ
3034 792 3237 861 μάχης,
3268 792 3432 859 μείζω
3455 795 3507 847 δὲ
3538 796 3622 848 καὶ
3650 814 3732 849 πε-

2194 880 2561 950 ριφανέστερα
2594 880 2662 933 τὰ
2707 882 3026 951 ἀναίμακτα
3054 898 3070 914 '
3106 883 3245 953 πρὸς
3286 883 3345 935 ὃν
3374 886 3460 936 καὶ
3490 886 3732 954 πανταχό-

2192 972 2283 1024 θεν
2319 973 2608 1042 πρεσϐεῖαι
2650 976 2743 1028 καὶ
2777 974 3005 1037 ίκεσίαι,
3041 968 3116 1028 ὧν
3163 976 3231 1028 τὰ
3270 973 3369 1045 μὲν
3408 974 3651 1045 ὑπήκουε,
3676 976 3736 1027 τὰ

2189 1063 2246 1117 δὲ
2262 1063 2486 1134 ἔμελλες
2518 1066 2632 1119 Πᾶν
2660 1066 2717 1118 δὲ
2740 1061 2807 1136 ἧν
2832 1066 2892 1118 τὸ
2911 1066 3168 1120 ἐλπισθὲν
3199 1067 3314 1120 ἴσον
3338 1066 3414 1136 τῷ
3435 1067 3732 1136 χειρωθέντι·

2187 1158 2217 1209 ὁ
2250 1159 2394 1227 χειρὶ
2447 1158 2583 1211 Θεοῦ
2621 1158 2753 1228 πρὸς
2787 1160 2970 1212 πᾶσαν
3007 1158 3102 1211 καὶ
3138 1156 3331 1227 βουλὴν
3357 1158 3449 1210 καὶ
3478 1159 3659 1228 πρᾶξιν
3687 1158 3738 1208 ό-

2188 1248 2558 1317 δηγούμενος*
2597 1242 2659 1301 οὗ
2716 1248 2919 1318 μᾶλλον
2965 1248 3066 1318 μὲν
3104 1252 3201 1320 τῆς
3241 1250 3422 1319 χειρὸς
3454 1250 3486 1320 ἡ
3534 1248 3740 1313 σύνεσις,

2193 1342 2396 1412 μᾶλλον
2426 1342 2483 1395 δὲ
2514 1342 2614 1411 τῆς
2665 1343 2937 1404 συνέσεως
2969 1344 3002 1412 η
3042 1345 3167 1413 χεὶρ
3202 1344 3536 1413 ἐθαυμάζετο
3559 1358 3573 1372 ⁵
3599 1341 3741 1394 πλέον

2189 1434 2246 1488 δὲ
2281 1435 2380 1505 τῆς
2430 1436 2488 1487 ὲν
2530 1435 2865 1505 ἀμφοτέροις
2909 1434 3320 1505 εὐδοκιμήσεως
3355 1436 3387 1505 ἡ
3438 1434 3691 1487 σὺσέὃεια.
3722 1451 3739 1483 ι

2191 1528 2303 1582 Καὶ⁸
2334 1529 2454 1595 μετ’
2481 1525 2640 1595 ὀλίγα
2661 1543 2676 1558 ·
2716 1527 2845 1589 «Τίς
2871 1529 2980 1598 γὰρ
3011 1528 3110 1580 οὐκ
3131 1525 3241 1581 οἶδε
3271 1530 3368 1582 καὶ
3392 1528 3497 1580 τῶν
3530 1525 3745 1595 μετρίως

2191 1623 2399 1674 ἐκεῖνον
2440 1620 2845 1689 ἐπισταμένων,
2880 1622 2964 1674 ὅτι
3007 1621 3173 1674 ἕνεκα
3207 1621 3306 1690 μὲν
3349 1619 3620 1680 εὐσεϐείας
3662 1617 3747 1670 καὶ

2190 1712 2283 1766 τοῦ
2315 1713 2443 1781 περὶ
2475 1713 2624 1781 ἡμᾶς
2659 1712 2909 1781 φίλτρου,
2938 1713 3034 1767 καὶ
3064 1713 3157 1766 τοῦ
3189 1711 3477 1782 βούλεσθαι
3507 1712 3610 1763 πᾶν
3631 1711 3747 1779 ημῖν

2190 1804 2417 1873 ἀγαθὸν,
2455 1806 2530 1874 μὴ
2558 1806 2640 1857 ὅτι
2690 1807 2897 1858 ἐκεῖνον
2930 1805 3184 1873 παρεῖδεν
3227 1804 3315 1868 ἂν,
3354 1804 3595 1875 ἥγένους
3640 1803 3748 1856 ὅλου

509 1897 696 1950 drntia
748 1895 1104 1949 admirationi
1155 1894 1299 1949 fuit:
1348 1894 1588 1963 amplius
1642 1903 1854 1959 autem,
1918 1906 2084 1962 quam

2196 1895 2380 1966 τιμὴν,
2411 1895 2444 1964 ἢ
2477 1895 2796 1966 προσθήκην
2824 1897 2923 1965 τῆς
2966 1894 3268 1965 βασιλείας,
3301 1896 3437 1949 ἀλλὰ
3473 1894 3566 1948 καὶ
3596 1893 3748 1961 αὐτῆς

510 1998 755 2057 utraeque
786 1988 923 2055 istae,
943 1986 1165 2042 laudata
1189 1987 1379 2057 pictas.
1398 2006 1415 2038 ι
1446 1987 1513 2041 Ει
1537 1986 1702 2056 paulo
1731 1993 1885 2056 post:
1913 2003 1930 2036 ι
1955 1986 2089 2050 Quis

502 2084 651 2136 enim
679 2096 875 2135 eorum
902 2081 1071 2137 etiam
1105 2080 1201 2150 qui
1234 2081 1416 2150 aliqua
1445 2080 1640 2135 saltem
1672 2094 1737 2133 ex
1772 2086 1928 2148 parte
1957 2092 2084 2132 cum

507 2191 735 2240 novere,
788 2176 990 2249 nescit,
1051 2175 1206 2229 illum
1269 2186 1500 2245 propter
1553 2188 1743 2229 veram
1796 2174 2084 2244 pietatem,

503 2285 895 2339 summumque
919 2269 974 2323 in
1010 2284 1115 2324 nos
1144 2284 1416 2335 amorem,
1447 2277 1506 2324 et
1535 2267 1683 2337 quod
1712 2266 1871 2321 nobis
1899 2267 2083 2320 omnia

502 2362 1075 2419 voluerit'conciliare
1116 2363 1284 2424 bona.
1319 2379 1433 2416 non
1478 2369 1692 2416 tantum
1728 2368 2087 2429 contemptu-

504 2471 629 2510 rum
661 2455 751 2510 vel
786 2470 1010 2510 omnem
1039 2454 1263 2524 generis
1299 2455 1384 2509 sui
1418 2454 1714 2519 honorem,
1741 2452 1827 2506 vel
1860 2448 2082 2520 imperii

446 2614 447 2617 η
502 2557 743 2617 partem,
796 2560 989 2600 verum
1044 2546 1211 2599 etiam
1262 2544 1704 2599 incolumitatem
1738 2543 2085 2612 salutemque

505 2649 755 2692 nostram
822 2636 1054 2705 imperio
1118 2635 1240 2706 ipso
1296 2636 1574 2703 rebusque
1629 2635 1747 2689 suis
1801 2635 2085 2699 omnibus,

507 2739 673 2799 atque
698 2729 839 2784 adeo
879 2729 1064 2782 anima
1096 2728 1237 2799 ipsa,
1267 2743 1371 2797 qua
1409 2727 1548 2780 nihil
1582 2738 1665 2781 est
1700 2726 1961 2781 omnibus
1992 2726 2090 2780 ho-

506 2822 754 2878 rninibus
805 2821 1031 2875 charius
1078 2828 1134 2875 et
1168 2819 1567 2890 prmsmbilins,
1611 2828 2086 2874 commutaturum

505 2915 718 2970 fuisse?
754 2913 972 2969 Nemini
1008 2914 1285 2982 siquidem
1320 2927 1564 2982 unquam
1595 2920 1780 2966 tantus
1807 2912 1885 2966 rei
1913 2911 2086 2964 alicu-

504 3011 618 3080 jus,
650 3016 894 3077 quantus
924 3006 1033 3068 illi,
1061 3004 1229 3059 ardor
1258 3016 1313 3060 et
1338 3020 1497 3058 amor
1540 3003 1792 3067 incessit,
1839 3012 1899 3057 ut
1927 3001 2089 3058 Citri-

507 3100 674 3155 stiani
732 3098 881 3152 aucti
936 3097 1269 3166 honestique
1326 3105 1535 3163 essent,
1591 3105 1647 3151 et
1696 3096 1763 3149 ad
1811 3108 2086 3149 summam

509 3193 739 3262 gloriam
776 3199 832 3246 et
870 3191 1174 3261 potentiam
1206 3190 1586 3260 pervenirent.
1622 3188 1741 3243 Non
1777 3188 1925 3242 cnim
1956 3203 2089 3257 gen-
2117 3215 2160 3271 ο

510 3294 594 3342 tes
627 3284 859 3354 imperio
892 3284 1015 3354 ejus
1058 3283 1321 3350 subactae,
1361 3297 1473 3337 non
1506 3281 1822 3352 respublica
1856 3281 2084 3352 praecla-

514 3377 597 3432 ris
642 3375 863 3446 lcgibus
914 3375 1245 3439 constituta,
1276 3390 1388 3429 non
1446 3374 1641 3443 ingens
1697 3373 1947 3443 pecuniae
1987 3374 2089 3439 vis,

511 3484 621 3523 non
672 3466 1233 3538 gloriaa'amplizudo,
1290 3482 1399 3520 non
1454 3466 1602 3535 quod
1654 3482 1751 3521 rex
1793 3481 1981 3534 regum
2035 3475 2090 3520 et

502 3568 658 3613 esset
686 3565 741 3610 et
780 3558 1199 3622 nominaretur;
1240 3573 1348 3623 non
1380 3558 1499 3612 alia:
1534 3558 1777 3626 denique
1824 3571 1936 3618 res,
1969 3555 2094 3624 qui-

510 3647 612 3700 bus
657 3645 949 3699 hominum
1007 3646 1245 3701 felicitas
1297 3646 1631 3711 declaratur,
1685 3658 1788 3700 nec
1848 3644 2094 3713 denique

506 3739 811 3811 quidquam
859 3755 928 3794 ex
967 3740 1230 3794 omnibus
1262 3739 1428 3793 rebus
1460 3747 1673 3792 tantum
1706 3752 1835 3793 eum
1880 3737 2095 3791 exhila-

508 3833 673 3896 ravit,
706 3840 978 3903 quantum
1011 3841 1069 3885 ut
1111 3846 1212 3885 nos
1245 3830 1469 3900 quidem
1497 3845 1595 3900 per
1627 3831 1831 3899 ipsum,
1860 3845 1961 3899 per
1987 3844 2091 3883 nos

509 3934 697 3981 autem
732 3927 876 3997 ipse,
911 3936 967 3980 et
994 3923 1140 3995 apud
1174 3924 1370 3988 Deum,
1403 3932 1459 3977 et
1497 3923 1642 3993 apud
1683 3922 1938 3976 homines
1969 3922 2090 3975 lau-

505 4020 634 4074 dem
663 4028 1129 4089 consequeretur,
1159 4026 1215 4070 et
1235 4026 1502 4071 constans
1527 4016 1686 4070 nobis
1712 4026 2091 4086 perpetuaque

506 4119 864 4182 permaneret
896 4119 1164 4178 potestas.
1200 4108 1420 4163 Etenim
1457 4124 1582 4162 cum
1616 4108 1723 4161 alia
1763 4110 1953 4174 multa,
1979 4118 2093 4161 tum

510 4203 649 4258 illud
707 4202 985 4272 praecipue
1036 4200 1360 4264 sublimius,
1405 4199 1881 4268 imperatoriequc
1917 4198 2095 4270 magis

509 4312 675 4365 quam
715 4295 970 4365 plerique
996 4294 1235 4357 soleant,
1264 4292 1650 4359 considerans,
1685 4294 1895 4362 optime
1928 4307 2098 4347 nove-

513 4398 623 4453 rat,
658 4402 786 4441 cum
821 4385 1270 4440 Christianorum
1304 4385 1476 4439 rebus
1512 4401 1618 4438 una
1654 4387 1962 4439 Romanum
2002 4400 2101 4438 au-

511 4490 662 4531 ctum
699 4491 824 4531 esse
864 4475 1204 4544 imperium:
1256 4484 1425 4545 atque
1477 4476 1808 4530 adveniente
1842 4475 2094 4538 Christo,

2192 1984 2471 2053 βασιλείας
2505 1984 2599 2037 καὶ
2640 1984 2860 2037 πάντων
2909 1984 3018 2036 τῶν
3062 1983 3257 2049 ὄντων,
3294 1984 3391 2037 καὶ
3442 1983 3538 2050 τῆς
3588 1980 3753 2051 ψυχῆς

2190 2078 2382 2147 αὐτῆς,
2424 2072 2490 2148 ἦς
2539 2076 2691 2129 οὑδὶν
2726 2077 3082 2147 τιμιώτερον,
3123 2077 3224 2148 τὴν
3268 2077 3544 2146 ἡμετέραν
3591 2072 3753 2141 ἀσφά-

2189 2170 2341 2223 λειάν
2370 2188 2428 2223 τε
2464 2173 2559 2222 καὶ
2594 2170 2895 2239 σωτηρίαν,
2931 2170 3033 2222 οὐκ
3071 2168 3137 2223 ἂν
3178 2168 3433 2239 χαλεπῶς
3467 2165 3751 2235 tandem;

2191 2264 2380 2317 Οὐδειὶ
2419 2263 2528 2333 γὰρ
2563 2262 2779 2324 οὐδενὸς
2813 2261 2954 2317 οὕτω
3001 2263 3223 2316 πώποτε
3268 2263 3591 2333 πράγματος
3630 2260 3754 2329 ἔρως

2192 2356 2394 2425 θερμὸς
2436 2354 2760 2426 ἐνέσκηψεν,
2802 2355 2877 2419 ὼς
2908 2356 3103 2425 ἐκείνῳ
3143 2355 3506 2426 Χριστιανοὺς
3534 2351 3755 2420 αὐξηθῆ-

2190 2466 2302 2512 νσιι,
2332 2449 2425 2501 καὶ
2464 2449 2556 2500 ἐπὶ
2589 2448 2843 2501 πλεῖστον
2866 2448 2961 2501 κα)⁸
2989 2447 3147 2517 δόξης
3184 2448 3473 2518 προελθεῖν
3503 2447 3594 2499 καὶ
3619 2444 3758 2496 δυνά-

2194 2558 2362 2608 μεως.
2387 2541 2498 2594 Καὶ
2530 2539 2653 2593 οὔτε
2676 2540 2804 2610 ἔθνη
2836 2540 3194 2611 χειρούμενα,
3222 2539 3352 2594 οὔτε
3390 2541 3452 2593 τὺ
3480 2538 3650 2593 κοινὸν
3681 2534 3759 2588 εύ-

2193 2631 2552 2702 νομούμενον,
2590 2632 2651 2685 οὐ
2685 2632 2886 2702 πλῆθος
2930 2631 3255 2702 χρημάτων,
3284 2633 3347 2686 οὐ
3373 2632 3531 2702 δόξης
3561 2644 3760 2699 περιου-

2194 2726 2305 2789 σία,
2343 2725 2401 2777 οὐ
2434 2725 2492 2777 τὸ
2523 2723 2751 2795 βασιλέα
2787 2726 3057 2797 βασιλέων
3091 2720 3233 2780 εἶναι
3267 2728 3365 2780 καὶ
3392 2721 3757 2796 ὀνομάζεσθαι,

2192 2817 2291 2886 οὐχ
2321 2816 2464 2880 ὅσοις
2506 2818 2687 2879 ἄλλοις
2720 2818 3029 2889 ἀνθρώπων
3072 2820 3394 2888 εὐδαιμονία
3424 2815 3756 2888 γνωρίζεται·

2192 2910 2345 2963 οὐδὲν
2372 2908 2514 2963 οὕτω
2547 2912 2658 2963 τῶν
2695 2911 2915 2963 πάντων
2943 2913 3149 2965 ἐκεῖνον
3175 2911 3495 2981 εὖφραινεν,
3526 2909 3597 2972 ὡς
3620 2906 3677 2960 τὸ
3700 2900 3757 2955 δι’

2193 3001 2358 3056 αὑτοῦ
2403 3003 2502 3071 μὲν
2529 3003 2700 3075 ἡμᾶς,
2726 3003 2812 3055 διὰ
2844 3002 2899 3055 δὲ
2933 3004 3091 3073 ἡμῶν
3122 3005 3333 3057 ἐκεῖνον
3356 3006 3449 3057 καὶ
3482 3001 3625 3072 παρὰ
3656 2994 3758 3065 Θεῷ

2195 3092 2289 3147 καὶ
2315 3092 2627 3162 ἀνθρώποις
2659 3094 2990 3161 εὐδοκιμεῖν,
3022 3096 3117 3148 καὶ
3150 3095 3496 3147 ἁκατὰλυτον
3527 3093 3653 3162 ἡμῖν
3689 3090 3758 3150 είς

2193 3185 2285 3237 τὸν
2313 3185 2531 3239 ἅπαντα
2564 3187 2752 3254 χρόνον
2783 3188 3122 3254 παραμεῖναι
3154 3189 3252 3257 τὴν
3281 3186 3627 3239 δυναστείιν.
3661 3181 3755 3234 Καὶ

2193 3273 2302 3345 γὰρ
2346 3276 2480 3343 πρὸς
2511 3277 2624 3333 τοῖς
2657 3274 2835 3337 ἄλλοις
2863 3277 3037 3328 ἐκεῖνο
3067 3275 3183 3346 ᾔδει
3217 3277 3431 3344 σαφῶς,
3453 3270 3760 3345 aequum

2192 3384 2254 3419 τε
2282 3371 2378 3420 καὶ
2408 3365 2891 3437 βασιλικώτερονῆ
2921 3369 3062 3421 κατὰ
3088 3368 3212 3430 τοὺς
3242 3369 3477 3431 πολλοὺς
3508 3367 3632 3437 περὶ
3658 3362 3763 3417 τού·

2195 3479 2304 3515 των
2361 3459 2768 3529 διανοούμενος,
2822 3461 2906 3514 ὅτι
2937 3464 3050 3526 τοῖς
3094 3461 3450 3532 Χριστιανῶν
3494 3461 3764 3530 πράγμασι

2194 3559 2291 3607 καὶ
2325 3553 2641 3621 συνεισῆλθε
2674 3556 2742 3624 τῇ
2778 3555 3047 3625 ἐπιδημίᾳ
3078 3553 3320 3625 Χριστοῦ
3351 3555 3414 3608 τὸ
3443 3555 3660 3625 κράτος,
3689 3546 3769 3602 οὔ·

2198 3666 2285 3700 πω
2317 3647 2587 3715 πρότερον
2615 3645 2840 3709 τελείως
2870 3650 2948 3708 εἰς
2985 3648 3293 3717 μοναρχίαν
3319 3646 3630 3718 νενικηκός.
3669 3639 3767 3698 Καὶ

2195 3740 2284 3792 διὰ
2334 3738 2491 3791 τοῦτο
2524 3739 2689 3790 πλέον
2721 3738 2894 3791 ὲδῦκει
2939 3756 3029 3807 μοι
3074 3740 3369 3809 περιέπειν
3407 3739 3471 3793 εὖ
3506 3739 3671 3791 ποιῶν
3707 3734 3766 3784 τὰ

2205 3831 2452 3900 ἡμέτερα
2478 3846 2491 3860 ·
2522 3829 2579 3892 ὃς
2608 3844 2669 3896 γε
2700 3831 2793 3883 καὶ
2832 3832 2881 3881 εἰ
2911 3829 3273 3899 παρελύπησέ
3305 3849 3358 3885 τι
3389 3832 3563 3903 ἡμᾶς,
3598 3829 3657 3880 οὐ
3686 3841 3769 3877 πε⁸

2198 3924 2491 3995 ριφρονῶν,
2523 3921 2645 3976 οὐδὲ
2669 3922 2930 3990 ὑϐρίζων,
2970 3924 3089 3977 οὐδὲ
3129 3924 3310 3988 ἄλλοις
3346 3927 3461 3980 τισὶ
3491 3925 3596 3995 πρὸ
3625 3921 3770 3992 ἡμῶν

2197 4016 2559 4086 χαριζόμενος
2586 4031 2598 4043 ·
2655 4015 2770 4068 ἀλλ’
2805 4015 2949 4069 ὥστε
2992 4019 3205 4081 πάντας
3250 4018 3311 4071 ἓν
3344 4015 3491 4073 εἶναι
3523 4020 3614 4070 καὶ
3648 4028 3773 4081 συμ·

2200 4111 2419 4177 φρονλν
2452 4108 2833 4178 παρελύπησε,
2864 4109 2958 4161 καὶ
2996 4109 3067 4180 μὴ
3101 4111 3469 4179 διακεκόφθαι
3507 4109 3637 4178 μηδὲ
3667 4107 3768 4158 6::-

2201 4202 2396 4254 στα-ναι
2430 4202 2546 4260 τοῖς
2584 4204 2904 4270 σχίσμασιν.
2948 4202 3181 4274 Ἑφεξῆς
3218 4204 3278 4256 δὲ
3310 4205 3455 4275 ὑπὲρ
3482 4204 3591 4256 τῶν
3617 4205 3771 4267 ἐγκα-

2199 4293 2442 4346 λούντων
2472 4292 2757 4360 εὐήθειαν,
2781 4294 3253 4363 ἀπολογούμενος,
3284 4300 3379 4350 καὶ
3414 4298 3587 4350 ταῦτα
3624 4307 3776 4363 προσ-

2199 4387 2408 4456 τίθησι·
2455 4405 2473 4438 ι
2518 4387 2630 4439 Καὶ
2663 4386 2770 4456 γὰρ
2803 4386 2868 4440 ἂν
2896 4389 3247 4458 αίχυνοίμην,
3280 4395 3331 4441 εἰ
3360 4390 3624 4457 τοιαύτης
3656 4379 3772 4452 παρ’

2201 4479 2367 4532 αὑτοῦ
2397 4480 2651 4548 τυχόντες
2689 4482 2875 4550 τιμῆς,
2914 4483 3010 4535 καὶ
3042 4480 3301 4534 τοσοῦτον
3341 4484 3508 4536 αύτὶν
3538 4478 3774 4544 εὐσεϐείᾳ

514 4586 700 4624 rerum
734 4568 1278 4623 administrationent
1308 4570 1374 4623 ad
1411 4572 1581 4624 unius
1620 4571 1913 4639 principis,
1948 4572 2092 4638 quod

2203 4571 2487 4638 διαφέρειν
2534 4572 2987 4638 πεπιστευκότες,
3025 4572 3101 4642 μὴ
3138 4571 3206 4625 τὰ
3255 4574 3444 4627 δίκαια
3487 4568 3777 4639 συνηγορή-

506 4672 674 4717 antea
731 4677 796 4715 ex
864 4658 1016 4713 omni
1067 4670 1225 4729 parte
1278 4659 1486 4714 factum
1542 4676 1825 4730 nunquam
1890 4662 2093 4724 fuerat,

513 4767 785 4806 summam
819 4760 1150 4822 p0testatem
1183 4754 1533 4822 pervenisse.
1560 4752 1734 4819 Quam
1764 4754 1835 4808 ob
1867 4770 2091 4809 causam

515 4845 715 4899 merito
747 4844 839 4899 ille
868 4845 1005 4899 mihi
1043 4845 1198 4899 visus
1231 4854 1317 4901 est
1366 4861 1457 4899 res
1486 4844 1935 4899 Christianorum
1972 4857 2098 4900 tan-

508 4948 713 5007 .t0pere
749 4951 953 4992 ornare
984 4946 1039 4993 et
1071 4936 1282 4991 fovere.
1315 4936 1421 5003 Qui
1450 4937 1671 4991 etiamsi
1717 4936 1970 4992 dolorem
2000 4939 2099 4992 ali-

515 5044 678 5098 quem
717 5029 878 5084 nobis
918 5029 1130 5093 attulit,
1185 5044 1297 5083 non
1345 5028 1399 5082 id
1444 5037 1623 5081 tamen
1674 5029 1760 5082 vel
1805 5043 1908 5097 per
1960 5044 2097 5083 con-

517 5128 811 5189 temptum,
865 5122 952 5176 vel
998 5136 1125 5176 cum
1167 5122 1531 5187 contumelia,
1578 5121 1663 5175 vel
1701 5130 1761 5175 ut
1806 5122 1934 5176 aliis
1984 5137 2101 5192 pra:

520 5213 682 5266 nobis
704 5211 1113 5281 gratiﬁcaretur
1136 5230 1151 5266 :
1177 5213 1272 5267 sed
1309 5223 1369 5266 ut
1391 5228 1586 5267 omnes
1615 5228 1788 5266 unum
1824 5229 2097 5280 essemus,

515 5313 576 5359 et
655 5304 802 5358 idem
893 5307 1273 5369 sentiremus,
1360 5320 1466 5359 nec
1540 5306 1616 5359 ita
1691 5306 1857 5360 sectis
1934 5315 2103 5376 atque

515 5398 762 5453 dissidiis
818 5397 1045 5453 dissecti
1107 5409 1278 5468 atque
1349 5399 1613 5470 disjuncti
1667 5413 1958 5464 essemus,
2019 5398 2103 5453 fe-

516 5489 611 5541 cit.
657 5507 676 5539 ι
743 5488 955 5543 Deinde
1006 5504 1135 5543 eum
1178 5488 1445 5544 adversus
1508 5488 1959 5553 obtrectatores,
2003 5488 2100 5558 qui

516 5577 592 5634 illi
623 5580 901 5649 ignaviam
938 5595 1241 5649 rerumque
1281 5580 1644 5649 imperitiam,
1678 5578 1941 5634 defuncto
1986 5581 2102 5634 cri-

519 5674 818 5740 minando,
882 5672 1258 5744 0bjiciebant,
1321 5673 1650 5749 defendens,
1713 5674 1830 5729 lucc
1890 5675 2096 5730 addit:

521 5786 540 5819 ι
580 5767 903 5822 Pudendum
940 5768 1191 5839 proiecto
1225 5778 1395 5831 esset,
1430 5770 1476 5824 si
1519 5780 1669 5824 tanto
1698 5771 1767 5825 ab
1797 5787 1863 5826 eo
1890 5771 2102 5827 honore

518 5862 686 5929 aucti,
750 5870 805 5916 et
867 5871 1082 5915 tantum
1142 5876 1273 5916 veta
1323 5863 1529 5929 pietate
1586 5863 1918 5918 excelluisse
1974 5880 2101 5919 cum

2204 4677 2422 4729 σαιμει,
2453 4659 2481 4713 ὃ
2536 4663 2629 4713 καὶ
2665 4663 2778 4723 τοῖς
2830 4662 3003 4731 μηδὲν
3055 4665 3488 4736 εὐεργετηκόσιν
3518 4663 3774 4733 ὀφείλεται

2202 4755 2336 4821 παρ’
2390 4754 2567 4821 ἡμῶν,
2600 4753 2709 4806 τῶν
2749 4754 2908 4823 λόγου
2943 4758 3038 4808 καὶ
3077 4757 3338 4826 ἀληθείας
3388 4756 3772 4826 θεραπευτών’

2201 4845 2495 4898 καὶταῦτα
2531 4847 2672 4915 μετὰ
2713 4847 2818 4916 τὴν
2855 4848 3107 4901 ἐντεῦθεν
3133 4850 3485 4921 ἀπαλλαγὴν,
3520 4851 3677 4919 ἡνίκα
3694 4843 3774 4898 καὶ

2203 4943 2261 4989 rb
2306 4937 2630 4991 κολακεύειν
2677 4938 3358 5011 δοκεῖνσὲκπεφεύγαμεν,
3400 4945 3494 4996 καὶ
3544 4937 3775 5009 πονηρᾶς

2203 5029 2489 5098 ἐλεύθερος
2522 5031 2781 5096 ὑπονοίας
2809 5035 2837 5086 ὁ
2862 5033 3020 5102 λόγος
3037 5050 3051 5065 ο
3076 5035 3160 5097 τίς
3183 5038 3294 5104 γὰρ
3318 5037 3422 5089 οὐκ
3448 5036 3516 5089 ἂν
3538 5035 3774 5106 ἤλπισεν.

2206 5124 2254 5175 εἰ
2290 5128 2421 5193 μὲ,τι
2453 5122 2604 5191 ἄλλο,
2635 5128 2753 5188 ταῖς
2787 5129 2983 5196 τιμαῖς
3020 5133 3273 5197 ποιήσειν
3308 5130 3475 5183 αὑτὸν
3505 5126 3775 5200 ἡμερώτε·

2208 5231 2300 5284 ρον
2328 5231 2342 5281 ;
2391 5213 2497 5267 Καὶ
2531 5217 2640 5286 γὰρ
2669 5215 2733 5267 τὸ
2778 5217 3003 5289 θαρρεῖν
3036 5213 3185 5288 εἶχεν
3213 5221 3274 5272 οὐ
3308 5221 3568 5273 τοσοῦτον
3599 5223 3660 5272 ἐκ
3686 5214 3776 5283 τῆς

2207 5309 2423 5361 ἐκείνου
2458 5310 2719 5373 πίστεως,
2751 5310 2878 5364 ὅσον
2906 5311 2971 5363 ὲκ
3013 5311 3113 5378 τῆς
3146 5313 3283 5377 ιδίας
3315 5314 3624 5382 δυνάμεως.
3654 5307 3779 5362 Καί-

2206 5416 2290 5452 τοι
2338 5402 2390 5452 τί
2428 5399 2570 5453 τοῦτ’
2615 5401 2984 5470 ἀγωνίζομαι,
3018 5404 3138 5456 ἐνὸν
3179 5407 3456 5474 κρατῆσαι
3495 5407 3591 5458 καὶ
3622 5405 3778 5471 ηττη·
3831 5442 3835 5446 .

2210 5496 2412 5563 μένους
2449 5495 2510 5547 Εἰ
2561 5496 2671 5563 γὰρ
2701 5497 2729 5548 ό
2762 5495 3065 5559 πιστεύσας
3115 5498 3303 5563 κακὸς,
3341 5500 3395 5551 τί
3440 5498 3561 5551 ποτ’
3584 5496 3649 5550 ἂν
3703 5491 3777 5559 εἴη

2211 5586 2343 5655 παρ’
2376 5588 2584 5639 ἐκεῖνον
2610 5589 2637 5637 ό
2661 5587 3021 5654 πιστευθείςς
3062 5590 3171 5643 Καὶ
3200 5592 3328 5643 είτὸ
3366 5594 3444 5661 μὴ
3481 5582 3781 5660 προϊδέσθαι

2210 5680 2301 5731 τὸν
2332 5682 2534 5751 τρόπον
2569 5679 2821 5732 ὑπαίτιον
2843 5721 2858 5744 ,
2894 5682 3069 5752 αὐτήν
3106 5699 3170 5751 γε
3211 5684 3306 5755 τὴν
3337 5684 3539 5736 κακίαν
3571 5678 3670 5732 ποῦ
3697 5676 3783 5745 θή-

2212 5787 2419 5841 σομεν;
2469 5770 2609 5823 Ἀλλ’
2639 5771 2808 5834 όντως
2843 5774 3237 5841 ἀσυλλόγιστόν
3262 5793 3314 5828 τι
3346 5777 3585 5845 πρᾶῆμα
3618 5775 3649 5839 ἡ
3690 5784 3780 5820 πρ·

2213 5864 2398 5932 νπρία,
2439 5865 2532 5916 καὶ
2556 5864 2654 5916 οὐκ
2682 5864 2829 5917 ἔστιν
2865 5858 2910 5933 ᾧ
2944 5867 3075 5929 τοὺς
3111 5866 3420 5939 μοχθηροὺς
3463 5871 3527 5921 ἂν
3559 5883 3638 5927 τις
3666 5857 3777 5928 βελ⁶
