4054 6438
221 360 316 422 4?.)

1138 338 1747 407 ECCLESIASTHLE
1786 327 2180 395 liiSTOflLE
2222 325 2363 386 LIB.
2416 322 2521 383 1X.

215 480 358 540 τίους
411 473 692 543 ποιήσειεν
722 482 735 499 ο
771 465 935 520 ὁπότε
973 463 1236 521 κάκεῖνος
1263 457 1323 522 ἑξ
1350 449 1426 510 ὧν
1450 451 1804 518 εδινούστερος
1832 454 1879 511 Α

220 573 448 642 φανῆναι
477 567 688 625 δίκαιος
714 558 804 634 ἦν,
833 558 928 613 καὶ
959 555 1013 609 εἴ
1037 573 1086 609 τι
1117 553 1319 613 κακίας
1348 545 1494 620 εἶχεν
1524 544 1802 617 ἑμπύρευ-

222 636 311 737 μα.
346 636 496 716 τοῦτ’
531 657 765 717 ἀνελεῖν,
801 654 862 705 ἐκ
890 650 1098 703 τούτων
1130 646 1213 708 εἰς
1245 642 1434 714 μεῖζον
1465 636 1688 708 ἀνήφθη
1715 636 1803 737 μῖ-

223 728 468 821 σοςῗκαὶ
519 754 668 813 ὅπως
710 747 776 801 ἂν
831 743 1103 813 ἀμύναιτο
1141 738 1232 791 τὸν
1286 733 1605 803 εὐεργέτην,
1646 728 1804 784 ἐσκό-

229 868 334 904 πει.
377 867 396 900 ι
439 844 630 900 Ταῦτα
674 840 777 910 μὲν
814 840 870 891 ὲν
890 835 968 905 τῷ
995 832 1201 905 πρώτῳ
1223 829 1478 893 διέξεισιν
1500 842 1515 856 ο
1548 825 1607 878 ὲν
1635 823 1695 876 δὲ
1727 822 1805 892 τῷ

158 997 167 1003 ,
233 942 454 1011 δευτέρῳ
506 927 948 1003 Στηλιτευτικῷ
1007 926 1106 980 καὶ
1165 922 1345 976 ταῦτα
1396 917 1803 1011 προστίθησιν⁵

241 1054 259 1087 ι
280 1007 505 1088 Ἐπεὶτδὲ
526 1027 623 1082 καλ⁵
654 1026 785 1096 ὑμῖν
808 1024 925 1077 ἐστι
953 1020 1148 1089 νεκρδς
1180 1017 1209 1070 6
1239 1015 1344 1084 πρὸ
1372 1012 1540 1065 αὑτοῦ
1567 1007 1808 1064 καταλύ-

234 1144 325 1188 σας
346 1125 432 1179 τὸν
465 1122 600 1195 βίον,
623 1120 826 1189 ἴδωμεν
850 1113 1130 1169 κάνταῦθα
1152 1113 1269 1164 τοῖν
1307 1105 1580 1180 βασιλέοιν
1603 1105 1808 1174 ἀμφοῖν

228 1219 287 1270 τὸ
315 1219 600 1288 διάφορον·
624 1213 678 1266 εῐ
701 1230 755 1264 τι
776 1211 871 1263 καὶ
902 1207 1063 1262 τοῦτο
1088 1206 1246 1275 φέρει
1283 1201 1422 1272 πρὸς
1455 1196 1808 1266 εὐδαιμονίαν

227 1313 257 1382 ἦ
290 1306 717 1378 κακοδαιμονίαν
750 1306 864 1366 τοῖς
897 1298 1256 1356 ἀπελθοῦσιν.
1301 1293 1367 1349 ’0
1406 1291 1506 1364 μέν
1529 1306 1594 1358 γε
1627 1304 1811 1382 παραε-

229 1380 504 1474 πέμπεται
534 1396 844 1469 πανδήμοις
877 1390 1183 1462 εὐφημίαις
1219 1402 1276 1440 τε
1302 1387 1399 1439 καὶ
1419 1382 1689 1474 πομπαῖς,
1712 1380 1810 1474 καλ.

225 1467 437 1555 eodem;
496 1467 794 1560 ἡμετέροις
851 1479 1095 1551 σεμνοῖς,
1141 1475 1309 1548 ᾠδαῖς
1369 1469 1667 1540 παννύχοις
1715 1467 1813 1560 καὶ

226 1583 555 1657 δᾳδουχίαις,
584 1574 671 1643 αἶς
700 1575 1031 1648 Χριστιανὸν
1056 1570 1226 1640 τιμᾷν
1252 1564 1584 1637 μετάστασιν
1611 1559 1813 1629 εὐσεϐῆ

228 1655 556 1748 νομίζομεν·
604 1674 700 1726 καλ⁸
751 1669 965 1739 γίνεται
1002 1664 1311 1735 πανήγυρις
1353 1659 1492 1729 μετὰ
1538 1655 1810 1748 πάθουςη

226 1742 492 1839 ἐκκομιδὴ
521 1765 617 1819 τοῦ
651 1764 927 1833 σώματος.
951 1757 1015 1812 Et
1038 1755 1095 1811 δέ
1119 1772 1197 1826 τῳ
1224 1752 1416 1813 πιστὸς
1446 1750 1475 1811 6
1505 1742 1693 1818 λόγος,
1717 1747 1815 1800 καὶ

228 1861 384 1914 τοῦτο
426 1858 640 1929 διεδόθη
681 1857 803 1918 ταῖς
834 1854 944 1906 τῶν
979 1847 1189 1902 πιστῶν
1222 1847 1415 1908 ἀκοαῖς

227 1958 318 2011 τὸν
348 1951 562 2024 Ταῦρον
594 1947 929 2019 ὑπερϐάλλοι
960 1943 1023 1996 τὸ
1054 1943 1216 2008 σῶμα
1246 1940 1385 2010 πρὸς
1415 1938 1517 2007 την
1547 1934 1815 2005 πατρῴαν

229 2043 376 2113 αὐτῷ
409 2043 565 2096 πόλιν
591 2037 1019 2107 διασωζόμενον,
1046 2033 1254 2101 ταύτην
1280 2030 1345 2100 δὴ
1383 2029 1485 2090 τὴν
1521 2027 1818 2097 ὁμώνυμον

230 2135 459 2197 ἐκείνοις
485 2133 582 2185 καὶ
617 2128 1044 2202 μεγαλώνυμον,
1071 2125 1226 2195 φωνή
1273 2141 1357 2187 τις
1390 2123 1456 2173 ὲκ
1489 2120 1600 2173 τῶν
1628 2119 1820 2189 ἄκρων

230 2226 379 2280 ἐστιν
422 2221 505 2287 οἷς
541 2222 858 2291 ὲξηκούετο,
891 2214 1006 2273 οἷον
1057 2216 1376 2288 ψαλλόντων
1405 2229 1467 2266 τε
1506 2214 1605 2265 καὶ
1635 2226 1817 2281 παραο

231 2314 581 2385 πεμπόντων,
617 2309 944 2380 ἀγγελικῶν,
980 2302 1159 2376 οἶμαι,
1185 2304 1496 2375 δυνάμεων,
1520 2302 1690 2372 γέρας
1721 2300 1821 2370 τῆς

233 2405 518 2469 εὐσεϐείας
553 2403 652 2457 καὶ
702 2400 976 2461 ἀντίδοσις
1012 2397 1325 2463 ἐπιτάφιος.
1356 2393 1470 2447 Καὶ
1502 2393 1610 2463 γάρ
1638 2392 1686 2444 εί
1726 2392 1823 2445 καὶ

233 2496 334 2562 τὴν
362 2495 531 2567 ὀρθὴν
559 2493 720 2559 δόξαν
753 2490 1084 2561 παρακινεῖν
1118 2485 1325 2551 ἔδοξεν,
1359 2483 1501 2539 ἀλλὰ
1532 2486 1627 2540 καὶ
1661 2482 1823 2537 τοῦτο

233 2591 336 2659 τῆς
367 2589 478 2642 τῶν
508 2582 1069 2641 ὐποδυναστευόντων
1102 2580 1425 2648 σκαιότητος
1459 2580 1555 2631 καὶ
1591 2577 1823 2631 κακοδο-

232 2684 350 2750 ξίας
387 2682 448 2737 τδ
477 2680 757 2750 ἔγκλημα,
791 2678 841 2731 οἳ
869 2677 1048 2745 ἁπλῆν
1081 2676 1180 2728 καὶ
1208 2676 1401 2745 ἅπαγῆ
1425 2670 1506 2735 εἷς
1535 2673 1823 2726 εὐσέϐειαν

235 2798 304 2831 πα
317 2775 652 2848 ραλαϐόντες
681 2772 882 2843 ψυχὴν,
915 2772 978 2822 οὐ
1003 2769 1416 2840 προορωμένην
1444 2767 1516 2820 τὰ
1548 2765 1821 2836 βαράθρα,

233 2870 524 2940 ἀπήγαγον
577 2860 727 2940 ᾗπερ
765 2862 1055 2917 ἐϐούλοντο
1085 2877 1099 2892 ο
1136 2863 1233 2915 καὶ
1267 2859 1627 2930 προσχήματι
1661 2857 1827 2910 εὐσε-

231 2960 385 3022 ϐείας
416 2960 509 3013 τὸν
546 2957 710 3029 ζῆλον
754 2956 954 3010 κακίαν
983 2953 1337 3022 εἰργάσαντο.
1368 2947 1513 3002 Ἀλλ’
1542 2943 1638 3001 οὖν
1660 2946 1826 3017 ἡμεῖς

231 3056 294 3108 τὸ
325 3055 654 3124 κοινότερνν,
687 3052 780 3105 τόν
813 3068 875 3106 τε
920 3049 1139 3119 πατέρα
1167 3042 1484 3106 ἐννοοῦντες
1534 3041 1626 3095 τὸν
1661 3039 1826 3111 βαλό-

235 3165 400 3218 μενον
426 3148 527 3218 τὴν
554 3146 800 3218 κρηπῖδα
830 3145 927 3214 τῆς
963 3140 1254 3214 βασιλικῆς
1287 3137 1369 3209 τῷ
1399 3131 1827 3208 Χριστιανισμῷ

232 3239 556 3295 δυναστείας
591 3239 688 3291 καὶ
729 3237 990 3297 πίστεως,
1032 3236 1128 3285 καὶ
1178 3232 1273 3284 τὸν
1322 3234 1402 3293 είς
1435 3230 1601 3284 αὑτὸν
1635 3226 1827 3281 κατελ-

235 3328 401 3379 Θόντα
428 3325 632 3395 κλῆρον
661 3325 756 3377 τοῦ
783 3324 1079 3391 δόγματος,
1113 3317 1485 3389 ὲγεραίρομεν
1514 3318 1584 3369 τά
1633 3314 1827 3371 εἰκότα

231 3422 295 3475 τὸ
332 3420 531 3489 σκῆνος
561 3418 656 3473 τοῦ
698 3418 887 3497 δικαίᾳ
928 3414 1178 3487 βασιλείᾳ
1208 3414 1570 3483 τυζήσαντος,
1607 3409 1703 3464 καὶ
1735 3409 1827 3464 τὸν

236 3516 355 3585 βίον
408 3512 824 3576 καταλύσαντος
878 3511 1011 3580 ὁσίῳ
1044 3508 1126 3580 τῷ
1172 3507 1341 3572 τέλει,
1387 3505 1577 3559 καὶτὸ
1626 3505 1827 3570 κράτος

233 3610 373 3679 ἡμῖν
420 3605 872 3677 καταλείψαντος.
920 3604 1008 3666 Ὠς
1060 3604 1119 3658 δὶ
1165 3600 1460 3672 πλησιάζοι
1503 3602 1572 3668 τῇ
1609 3598 1822 3669 μεγάλῃ

236 3705 336 3756 καὶ
370 3701 603 3772 βασιλίδι
652 3700 833 3766 πόλει,
865 3698 919 3750 τί
949 3698 1030 3751 δεῖ
1063 3697 1247 3764 λέγειν
1270 3694 1607 3766 δορυφορίας
1648 3710 1704 3746 τε
1728 3692 1826 3747 τοῦ

239 3795 484 3867 στρατοῦ
534 3795 762 3857 παντὸς,
795 3795 893 3846 καὶ
941 3792 1100 3858 τάξιν
1139 3789 1390 3844 ἐνόπλιον
1419 3789 1492 3852 ὡς
1533 3787 1700 3852 ζῶντι
1750 3785 1830 3857 τῷ

238 3887 458 3957 βασιλεῖ
478 3886 774 3955 γινομένην
801 3899 817 3948 ;
848 3883 882 3954 ἢ
920 3885 1018 3953 τῆς
1057 3881 1319 3950 λαμπρᾶς
1355 3880 1563 3941 πόλεως
1600 3878 1830 3947 ἔκχυσιν

238 3978 691 4048 ὀνομαστοτάτην
719 3978 827 4031 τῶν
856 3975 1079 4029 πώποτε
1104 3975 1417 4043 γενομένων
1448 3974 1481 4042 ἢ
1517 3973 1828 4040 ἐσομένωνς

250 4074 395 4127 Ἀλλ’
452 4075 481 4126 6
527 4072 732 4143 θρασὺς
783 4072 880 4123 καὶ
934 4070 1203 4137 γεννάδας
1234 4071 1467 4131 ἐκεῖνος.
1496 4071 1590 4121 καὶ
1620 4070 1718 4138 νέᾳ
1763 4069 1828 4135 τῇ

239 4165 542 4236 πορφυρίδι
597 4161 1107 4229 καλλωπιζόμενος,
1164 4161 1260 4213 καὶ
1293 4160 1381 4213 διὰ
1432 4156 1615 4219 τοῦτο,
1664 4159 1738 4216 ὡς
1772 4158 1832 4208 τὸ

240 4260 418 4320 εἰκὸς,
436 4258 583 4327 μέγα
613 4256 854 4324 φρονῶν,
889 4254 1056 4324 μέρος
1085 4252 1296 4321 γίνεται
1323 4255 1416 4305 καὶ
1443 4250 1605 4314 αὐτὸς
1636 4248 1833 4320 ἐκείνῳ

240 4349 349 4418 τῆς
384 4350 746 4420 προπομπίου
790 4346 983 4417 τιμῆς,
1028 4345 1128 4417 τὴν
1184 4345 1358 4412 αὐτὴν
1389 4344 1482 4399 καὶ
1532 4341 1833 4407 ἀντιδιδοὺς

242 4444 343 4496 καὶ
375 4442 799 4511 ἁντιλαμϐάνων
843 4442 1030 4511 χάριν,
1062 4440 1123 4492 τὸ
1154 4441 1253 4510 μέν
1282 4455 1336 4491 τι
1376 4436 1641 4508 βιασθεὶς,
1672 4436 1734 4490 τὸ
1776 4435 1833 4490 δὲ

1856 3178 1900 3234 C

3388 311 3496 373 430
3534 332 3535 335 ‘

1905 451 2061 499 certo
2111 435 2388 509 persuasi,
2427 430 2627 488 merito
2673 443 2775 484 suo
2801 441 2954 489 _enm
3011 442 3118 480 non
3162 423 3496 480 defendere-

1910 550 2035 590 mus
2069 551 2083 589 :
2125 532 2291 604 807
2344 527 2492 599 quod
2542 532 2805 595 praestare
2837 520 3005 576 etiam
3053 518 3122 573 de
3157 517 3321 573 nobis
3357 514 3496 572 nihil

1911 628 2129 684 meritis
2158 626 2453 685 debemus,
2505 617 2600 689 qui
2649 614 2810 671 verbi
2842 624 2900 669 et
2944 610 3202 668 veritatis
3252 607 3495 663 ministri

1912 733 2107 776 sumus
2137 734 2151 771 :
2195 727 2322 787 post
2350 713 2568 767 obitum
2612 707 2892 780 praecipue
2923 706 3072 775 ejus,
3099 716 3229 758 cum
3260 701 3371 771 jam
3413 714 3503 753 as-

1913 809 2244 869 sentationis
2286 805 2558 878 probrum
2614 800 2949 869 effugimus.
2996 806 3053 853 et
3105 796 3288 852 oratio
3344 792 3498 847 omni

1915 902 2241 974 suspicione
2272 896 2529 968 superior
2557 902 2664 950 est.
2719 892 2856 959 Quis
2900 890 3051 946 enim
3083 902 3195 943 non
3230 885 3499 957 speravit,

1916 994 2222 1051 lulianum.
2268 991 2313 1044 si
2361 987 2513 1043 aliud
2568 985 2732 1050 nihil,
2765 984 2978 1036 honore
3010 980 3209 1036 saltem
3244 986 3504 1046 accepto,

1917 1081 2401 1139 mansuetiorem?
2427 1078 2566 1145 Quis
2597 1092 2729 1131 vero
2766 1090 2875 1130 non
2922 1089 2991 1131 ex
3029 1072 3137 1127 fide
3174 1086 3368 1127 earum
3410 1084 3503 1122 reo

1920 1194 2043 1232 rum
2074 1192 2193 1245 quas
2220 1177 2268 1228 ci
2292 1172 2524 1228 creditae
2547 1179 2698 1233 sunt,
2732 1168 2924 1233 etiam,
2958 1174 3330 1235 praeterquam
3355 1159 3505 1230 quod

1918 1278 2356 1347 consentaneum
2410 1272 2581 1329 esset,
2623 1261 2951 1347 _a:quiorem
2999 1255 3158 1313 fore?
3220 1256 3286 1311 Et
3337 1252 3507 1309 simul

1920 1364 2186 1433 majorem
2220 1334 2591 1415 Cdnstantius
2623 1334 2834 1411 iuliani
2879 1349 3234 1421 arrogatione
3262 1347 3510 1404 obtinuit

1921 1458 2195 1517 animum,
2232 1469 2346 1508 non
2381 1463 2493 1506 tam
2529 1453 2675 1520 quod
2712 1446 2875 1502 fidem
2901 1445 3050 1501 illius
3078 1441 3259 1513 magni
3291 1440 3507 1501 fecerit,

1921 1564 2087 1619 quam
2117 1548 2266 1617 quod
2299 1546 2564 1616 potentiae
2596 1558 2708 1599 suae
2742 1538 2988 1601 confisus
3012 1538 3109 1593 sit.
3139 1534 3246 1591 Sed
3280 1549 3381 1589 cur
3403 1532 3512 1586 hoc

1922 1644 2006 1698 sic
2048 1657 2243 1711 urgeo.
2289 1655 2418 1696 cum
2470 1638 2677 1692 cedens
2713 1644 2880 1703 atque
2930 1632 3114 1687 victus
3161 1629 3410 1687 vincere.
3455 1634 3514 1678 et

1924 1735 2269 1808 argumentis
2297 1731 2555 1803 superior
2584 1744 2709 1784 esse
2743 1724 2992 1796 possim?
3029 1723 3087 1777 Si
3139 1734 3378 1789 namque
3415 1720 3512 1787 qui

1443 1858 1457 1874 ⁸
1504 1812 1590 1897 ὅτι
1624 1839 1815 1921 ἐπειδὴ

1930 1831 2013 1886 alii
2049 1828 2311 1891 credidit,
2338 1826 2520 1880 malus
2560 1832 2666 1885 est.
2709 1823 2837 1888 quis
2875 1820 3097 1874 tandem
3129 1816 3177 1871 is
3207 1812 3508 1874 l‘uerit.eui

1924 1921 2203 1980 creditum
2236 1919 2366 1975 est?
2393 1918 2458 1973 Et
2491 1916 2537 1972 si
2570 1929 2756 1970 mores
2788 1927 2992 1983 pravos
3019 1924 3128 1964 non
3163 1906 3512 1978 praevidisse,

1922 2017 2087 2086 culpa
2127 2029 2236 2069 non
2268 2021 2450 2073 vacat,
2500 2025 2612 2080 quo
2646 2009 2772 2063 loco
2818 2004 3152 2076 pravitatem
3191 1999 3369 2070 ipsam
3419 2013 3518 2068 po-

1921 2108 2161 2165 nemus?
2192 2106 2696 2163 Verumenimvero
2730 2115 2822 2155 res
2850 2107 2940 2155 est
2967 2094 3223 2167 quaedam
3256 2092 3516 2148 conside-

1923 2201 2157 2258 rationis
2187 2214 2388 2269 expers
2419 2196 2626 2251 malitia
2652 2211 2670 2250 :
2700 2207 2880 2260 neque
2917 2190 3036 2244 fieri
3072 2198 3278 2257 potest,
3322 2195 3380 2241 ut
3408 2186 3512 2238 ho-

1926 2297 2105 2351 mines
2122 2292 2406 2363 improbos
2427 2289 2690 2344 meliores
2707 2286 3004 2356 quisquam
3028 2283 3253 2338 efficiat.
3279 2281 3514 2348 Quando

1925 2398 1982 2444 et
2014 2388 2128 2451 ille,
2154 2402 2224 2440 ex
2256 2384 2466 2454 quibus
2491 2383 2661 2436 rebus
2695 2378 2894 2434 merito
2926 2375 3351 2447 benevolentior
3367 2387 3515 2438 esse,

1926 2490 1983 2535 et
2012 2480 2055 2533 si
2091 2493 2256 2548 quam
2310 2473 2692 2544 malignitatis
2718 2470 3010 2527 habuisset
3038 2469 3361 2529 scintillam,
3392 2484 3514 2524 eam

1927 2571 2285 2641 exstinguere
2311 2566 2625 2628 debuisset,
2652 2580 2719 2619 ex
2745 2564 2828 2618 eis
2852 2562 3022 2618 rebus
3052 2560 3120 2615 ad
3164 2561 3343 2630 ntajns
3370 2560 3519 2613 exci-

1931 2674 2080 2719 tatus
2130 2673 2218 2717 est
2259 2662 2450 2716 odium
2501 2674 2517 2712 :
2560 2666 2619 2714 et
2672 2672 2786 2727 quo
2837 2665 3001 2726 ι)ιοιο
3037 2653 3261 2725 egregia
3314 2654 3516 2707 merita

1929 2766 2095 2823 atque
2130 2751 2403 2807 beneﬁcia
2448 2750 2504 2803 in
2544 2758 2776 2803 auctore
2804 2760 2930 2802 suo
2971 2745 3365 2809 ulcisceretur,
3403 2743 3518 2798 cir-

1929 2845 2265 2915 cumspexit.
2305 2861 2322 2895 ι
2362 2841 2491 2896 Haec
2535 2839 2759 2910 quidem
2794 2840 2852 2895 in
2883 2838 3073 2908 priore
3105 2837 3387 2892 invectiva
3425 2836 3518 2892 ille

1930 2938 2123 2994 refert.
2153 2937 2212 2990 ln
2248 2936 2565 3006 posteriore
2600 2941 2792 2988 autem
2828 2931 2946 2987 haec
2984 2931 3180 2988 scribit
3210 2947 3224 2985 :
3269 2949 3287 2983 ‹
3326 2930 3520 2996 Quan-

1930 3030 2231 3101 doquidem
2285 3044 2417 3083 vero
2468 3027 2635 3083 etiam
2690 3024 2859 3081 nobis
2896 3024 3074 3080 funus
3103 3024 3226 3095 ejus
3261 3034 3370 3089 est,
3422 3025 3519 3095 qui

1934 3132 2065 3180 ante
2107 3123 2396 3179 Julianum
2455 3137 2485 3176 e
2537 3123 2647 3175 \ita
2698 3119 2962 3185 excessit,
3018 3117 3380 3189 inspiciamus
3432 3118 3525 3173 hic

1936 3230 2209 3291 quantum
2264 3218 2378 3273 duo
2414 3217 2503 3271 isti
2552 3217 2921 3285 imperatores
2953 3215 3098 3269 inter
3142 3230 3203 3271 se
3236 3215 3521 3272 diflerant.

1938 3310 2223 3382 Siquidem
2262 3313 2369 3365 hoc
2401 3324 2626 3380 quoque
2657 3309 2869 3378 aliquid
2914 3309 2969 3363 in
3016 3307 3297 3363 defunctis
3334 3308 3416 3363 vel
3453 3310 3523 3363 ad

1936 3404 2293 3468 felicitatem,
2326 3402 2414 3458 vel
2448 3401 2518 3455 ad
2550 3400 2938 3456 infelicitatem
2965 3399 3208 3455 confert.
3239 3401 3318 3454 Ac
3343 3399 3521 3454 nostri

1938 3497 2164 3566 quidem
2184 3499 2353 3552 funus
2387 3496 2721 3567 producitur
2746 3495 2975 3566 publico
3009 3507 3302 3567 apparatu,
3336 3496 3528 3566 auspi-

1937 3593 2187 3661 catisque
2241 3592 2533 3646 ominibus
2581 3599 2638 3646 et
2689 3590 3192 3646 acclamationibus
3238 3608 3252 3646 :
3311 3591 3527 3648 nostris

1939 3687 2087 3753 dico,
2111 3696 2169 3742 et
2189 3685 2570 3742 sanctioribus
2595 3684 2721 3742 istis
2750 3686 3117 3755 carminibus,
3140 3685 3274 3741 item
3299 3696 3527 3742 noctur-

1938 3779 2029 3833 nis
2064 3780 2288 3849 hymnis
2318 3787 2376 3833 et
2430 3779 2784 3834 lucernarum
2822 3778 3069 3848 ignibus,
3119 3777 3327 3847 quibus
3361 3776 3525 3833 Citri-

1940 3872 2105 3926 stiani
2142 3872 2354 3928 obitum
2389 3873 2541 3941 pium
2583 3871 3067 3927 cohonestandum
3106 3886 3399 3927 censemus
3428 3888 3441 3927 :
3474 3878 3531 3923 tt

1941 3982 2146 4036 corpus
2173 3966 2355 4036 ipsum
2387 3966 2592 4021 celebri
2617 3966 2930 4038 lugentium
2955 3977 3231 4022 conventu
3265 3964 3526 4020 effertur.

1939 4058 2098 4124 Quod
2135 4059 2182 4113 si
2231 4057 2401 4113 verba
2433 4057 2538 4112 ista
2580 4057 2744 4114 fiderit
2778 4067 3084 4121 merentur,
3118 4058 3186 4112 ad
3220 4058 3523 4112 multarunt

1941 4159 2094 4205 certe
2123 4148 2230 4204 hoc
2258 4148 2596 4219 quibusdam
2628 4148 3008 4206 referentibus
3040 4149 3298 4219 pervenit
3319 4165 3484 4205 aures
3512 4167 3525 4203 :

1943 4256 2067 4301 Cum
2102 4240 2352 4297 defuncti
2382 4240 2618 4297 cadaver
2648 4240 2895 4297 Taurum
2932 4253 3177 4297 montem
3208 4252 3525 4312 superaret,

1943 4342 2006 4390 ut
2055 4333 2126 4389 ad
2172 4335 2409 4405 patriam
2455 4334 2676 4401 urbem,
2706 4336 3096 4406 cognominem
3148 4335 3234 4391 eis
3265 4336 3427 4389 istam
3474 4346 3530 4390 et

1942 4427 2263 4500 praeclaram
2310 4426 2458 4494 dico,
2506 4427 2833 4490 duceretur,
2865 4428 3111 4483 auditam
3155 4442 3278 4483 esse
3327 4442 3359 4482 a
3402 4428 3529 4497 qui-

242 4535 411 4597 ἑκὼν.
446 4537 521 4596 ὼς
555 4535 834 4603 λέγουσιν.
880 4535 938 4588 ’0
992 4533 1102 4603 γὰρ
1137 4534 1371 4602 στρατὸς
1421 4531 1590 4597 ἅπας,
1634 4530 1683 4582 εί
1737 4529 1825 4584 καῖ

1945 4522 2175 4577 busdam
2209 4536 2277 4578 ex
2310 4523 2695 4591 superioribus
2741 4522 2882 4578 locis
2916 4537 3109 4578 vocem
3158 4522 3330 4577 veluti
3380 4523 3527 4591 ps»!-

240 4628 340 4683 τοῦ
394 4629 663 4696 παρόντος
700 4628 906 4698 ἥττητο
940 4625 1202 4696 κράτους,
1248 4623 1366 4677 ἀλλ’
1394 4621 1488 4679 οὖν
1535 4623 1717 4678 πλεῖον
1755 4623 1835 4691 τῷ

242 4717 627 4788 κατοιχομένῳ
654 4719 839 4788 νέμων
893 4717 1075 4780 αἰδοῦς
1110 4715 1324 4788 (ἐπειδὴ
1375 4716 1472 4768 καὶ
1505 4713 1839 4784 πεφύκαμεν

243 4811 602 4881 εὐνούστεροί
635 4828 753 4872 πως
785 4805 928 4863 εἶναι
961 4812 1073 4873 τοῖς
1101 4809 1182 4863 ἔτι
1215 4811 1557 4880 προσφάτοις
1589 4809 1837 4880 πάθεσι),

246 4909 329 4978 τῷ
383 4908 593 4979 φίλτρῳ
652 4906 1130 4976 προσπάσχοντες,
1168 4906 1265 4958 καὶ⁵
1312 4904 1405 4957 τὸν
1461 4904 1612 4957 ἔλεον
1663 4903 1840 4973 τούτῳ

249 4999 690 5070 προσάπτοντες,
721 4998 819 5052 καὶ
856 4997 944 5050 διά
969 4996 1132 5050 τοῦτο
1161 4998 1264 5050 οὐκ
1314 4997 1639 5067 ἀνεχόμενοι
1666 4995 1728 5048 τὸ
1763 4993 1841 5066 μὴ

246 5093 352 5162 οὐχ
383 5091 458 5155 ὡς
485 5090 718 5162 βασιλέα
746 5092 1052 5163 τιμηθῆναι
1077 5089 1267 5144 τοῦτον
1294 5090 1391 5144 καὶ
1412 5089 1839 5160 προσδεχθῆναι,

196 5175 209 5184 ’
251 5184 510 5237 πείθουσι
547 5183 641 5239 τὸν
674 5184 996 5254 ἀποστάτην
1045 5185 1143 5238 καλ⁴
1180 5181 1693 5252 συναναγκάζουσιν
1735 5181 1843 5236 ὑπ-

252 5277 495 5346 αντῆσαι
519 5276 598 5345 τῷ
632 5277 812 5347 νεκρῷ
832 5277 972 5346 μετὰ
999 5274 1096 5330 τοῦ
1128 5276 1505 5347 προσήκοντος
1535 5276 1840 5346 σχήματος.

252 5370 333 5426 τὸ
359 5370 418 5423 δὲ
453 5366 542 5443 ἦν,
579 5369 1053 5439 ἀποκοσμήσαντα
1083 5367 1183 5437 τὴν
1242 5366 1490 5437 κεφαλὴν
1527 5365 1623 5418 τοῦ
1654 5366 1844 5433 διαδή-

256 5480 457 5534 ματος,
484 5463 577 5515 xei
601 5459 962 5531 ὑποκύψαντα
985 5460 1063 5532 τῷ
1092 5459 1310 5529 βασιλεῖ
1333 5461 1401 5513 τὰ
1431 5458 1641 5523 εἰκότα,
1667 5457 1843 5521 οὕτως

251 5557 356 5609 ἐπὶ
388 5557 481 5607 τὸν
509 5554 684 5624 τάφον
717 5553 1207 5625 συμπαραπέμψαι
1239 5553 1354 5615 τοῖς
1380 5552 1608 5621 ἄγουσιν
1626 5553 1719 5606 ἐπὶ
1750 5552 1843 5606 τὸν

253 5647 507 5715 ἀοίδιμον
535 5645 643 5698 τῶν
690 5646 1034 5699 Ἀποστόλων
1067 5644 1235 5714 σηκόν
1255 5660 1270 5676 ο
1305 5643 1355 5697 οἳ
1386 5643 1451 5714 δὴ
1479 5644 1538 5697 τὸ
1574 5643 1719 5715 ἱερὸν
1753 5643 1845 5712 γέ-

252 5757 350 5802 νος
390 5739 720 5802 ὑπεδέξαντο
745 5743 841 5792 καὶ
890 5737 1336 5806 διαφυλάττουσι,
1382 5737 1582 5807 μικροῦ
1630 5737 1697 5789 τὰ
1753 5738 1843 5789 ῐσα

254 5833 401 5904 γέρα
436 5832 845 5904 καρπούμενον.
899 5851 917 5885 ι
960 5834 1070 5886 Καὶ
1125 5833 1153 5884 6
1190 5830 1287 5901 μὲν
1320 5830 1583 5898 Θεολόγος
1618 5829 1841 5883 τοιαῦτα

1947 4614 2185 4670 lentium
2249 4629 2314 4669 ac
2364 4615 2851 4685 prosequentium,
2899 4616 3281 4685 angelicarum
3332 4615 3530 4684 Opinor

1945 4717 2312 4777 potestatum,
2367 4716 2428 4762 ut
2478 4709 2658 4762 honor
2703 4708 2808 4763 iste
2848 4708 3047 4787 pietati
3081 4707 3232 4762 illius
3279 4718 3335 4764 et
3367 4711 3527 4778 quasi

1945 4802 2181 4857 funebre
2214 4815 2415 4855 munus
2446 4801 2636 4855 datum
2670 4802 2763 4855 sit.
2798 4801 2968 4872 808
3002 4798 3059 4856 Si
3083 4801 3291 4856 etenim
3317 4812 3524 4856 rectam

1946 4893 2076 4949 fidei
2118 4894 2449 4965 opinionem
2495 4893 2621 4949 loco
2652 4908 2754 4948 suo
2802 4908 3025 4948 movere
3071 4893 3227 4947 visus
3259 4902 3369 4962 est,
3430 4895 3533 4947 im-

1943 4987 2304 5058 portunitatis
2355 4986 2682 5056 errorisque
2740 5000 3036 5057 procerum
3089 4987 3215 5056 eius
3252 4987 3306 5042 id
3359 4987 3532 5042 fuerit

1943 5080 2185 5143 crimen.
2232 5080 2329 5152 qui
2365 5089 2658 5150 acceptum
2707 5079 2765 5134 in
2818 5088 3153 5151 potestatem
3185 5097 3368 5148 suam,
3399 5085 3533 5137 sim-

1945 5173 2148 5237 plicem
2180 5174 2325 5245 ejus,
2366 5170 2588 5228 facilem
2619 5182 2678 5229 et
2706 5174 3014 5245 proclivem
3047 5173 3116 5229 ad
3149 5176 3437 5245 pietatem,
3474 5185 3532 5231 et

1888 5260 1901 5272 “
1944 5275 2132 5323 minus
2161 5266 2491 5322 barathrum
2538 5277 2595 5322 et
2625 5268 2934 5338 perniciem
2986 5268 3374 5339 providentem
3413 5269 3535 5325 ani-

1947 5378 2120 5425 mum,
2149 5377 2258 5432 quo
2276 5362 2501 5427 vellent,
2523 5364 2761 5429 duxere,
2785 5372 2842 5417 et
2865 5363 3124 5419 certioris
3151 5365 3532 5434 inquisitiOnis

1945 5463 2241 5526 prmtestu,
2278 5454 2459 5509 zelum
2512 5462 2568 5508 et
2609 5453 2867 5508 ardorem
2917 5452 2975 5507 in
3019 5453 3348 5523 pravitatem
3397 5468 3533 5506 con-

1949 5561 2186 5605 vertere.
2229 5547 2489 5603 Sedcnim
2523 5562 2627 5601 nos
2657 5542 3010 5601 communem
3050 5546 3260 5617 magis,
3312 5545 3534 5614 pictatis

1945 5642 2163 5696 scilicet
2195 5652 2251 5694 et
2278 5640 2404 5693 fidei
2435 5639 2782 5709 opinionem,
2813 5648 2870 5695 et
2902 5650 3116 5710 patrem
3147 5640 3219 5693 ob
3256 5639 3533 5726 OClllgSﬁi.

1945 5736 2219 5794 animout,
2250 5731 2343 5801 qui
2375 5730 2738 5786 fundamenta
2773 5729 3179 5786 Christianitati
3227 5731 3532 5799 imperialis

1950 5824 2240 5897 potestatis
2286 5833 2341 5879 ct
2386 5824 2513 5878 fidei
2554 5823 2711 5903 jccit,
2760 5831 3082 5890 sortemque
3112 5838 3232 5893 qua:
3267 5820 3325 5875 in
3373 5822 3531 5876 illum
