4054 6458
507 309 607 375 tat
1743 310 2166 373 NICEPHORI
2207 293 2558 374 cauas'rt
3663 311 3756 379 με

507 428 781 500 dogmatis
813 427 988 483 nostri
1015 427 1393 485 constituendi
1428 429 1646 493 incidit,
1686 439 1980 500 ponentes,
2010 429 2083 484 ita

2194 430 2280 482 καὶ
2311 428 2446 482 ἄλλα
2477 427 2701 482 πλείονα
2745 427 2800 481 ἐν
2850 445 2909 481 τε
2964 427 3076 491 τοῖς
3125 427 3602 496 Στηλιτευτικοῖς
3633 425 3758 498 ὑπὲρ

508 531 569 574 ut
595 521 802 586 decnit,
840 521 1257 574 tabernaculum
1291 536 1604 592 corpusque
1635 523 1778 593 ejus,
1813 523 1908 592 qui
1933 523 2084 592 justc

508 608 858 679 imperasset,
877 619 932 664 et
954 611 1121 665 vitam
1146 620 1336 666 sancta
1358 622 1536 669 morte
1559 611 2084 681 ﬁnisset,nobisque

510 716 782 756 summam
810 710 1137 772 potestatem
1163 704 1501 774 reliquisset,
1543 705 1760 760 honere
1781 705 1932 775 justo
1958 719 2085 774 pro-

508 796 684 850 secuti
734 811 946 851 sumus.
1011 796 1114 852 Ubi
1177 807 1363 853 autem
1411 797 1482 853 ad
1523 813 1774 870 magnam
1824 805 1879 852 et
1914 796 2087 866 impe-
2137 877 2141 882 ν

507 888 764 943 ratricem
833 889 1028 944 urbem
1098 890 1616 962 appropinquavit,
1687 889 1822 961 quid
1897 891 2085 946 dicere

505 981 726 1048 attinet,
763 981 1010 1037 universi
1069 983 1356 1039 exercitus
1397 983 1724 1039 satellitium
1758 994 1812 1039 et
1847 992 2086 1038 armato-

504 1088 626 1125 rum
654 1071 904 1141 ordines,
931 1074 1027 1144 qui
1076 1084 1338 1144 tanquam
1371 1077 1500 1131 vivo
1536 1075 1719 1131 adhuc
1747 1075 2085 1146 imperatore

501 1163 757 1219 aﬂuere:
798 1174 893 1219 aut
929 1166 1237 1236 splendidae
1269 1167 1427 1222 urbis
1477 1167 1831 1234 eﬂ‘usionem,
1864 1177 1921 1222 et
1959 1181 2082 1221 om-

502 1257 654 1309 nium
688 1257 783 1326 qui
827 1257 913 1312 vel
949 1260 1102 1314 fuere
1139 1260 1222 1313 vel
1265 1258 1437 1314 futuri
1471 1267 1619 1327 sunt,
1653 1259 2078 1333 celeberrimum

499 1349 841 1402 occursum?
885 1352 956 1405 At
1003 1359 1265 1406 strenuus
1326 1352 1420 1407 ille
1474 1362 1530 1407 et
1583 1368 1890 1424 generosus
1940 1368 2078 1407 nova

501 1456 758 1519 purpura
800 1456 927 1498 sese
972 1443 1296 1510 venditans,
1354 1453 1520 1516 atque
1586 1461 1654 1501 eo
1713 1446 1964 1511 nomine,
2022 1456 2084 1500 ut

499 1545 941 1591 consentaneum
997 1545 1102 1601 est,
1155 1537 1505 1606 superbiens,
1539 1535 1646 1592 fuit
1690 1544 1746 1592 et
1785 1537 1904 1606 ipse
1957 1553 2083 1603 pars

500 1627 684 1696 aliqua
720 1628 1044 1684 honoriticaz
1076 1629 1238 1685 istius
1288 1645 1527 1701 pompae,
1569 1633 1825 1687 eamdem
1853 1641 1912 1688 et
1939 1632 2083 1711 dans

501 1727 558 1773 et
590 1720 871 1788 recipiens
906 1722 1139 1792 gratiam
1185 1740 1199 1776 :
1247 1731 1305 1777 et
1361 1723 1508 1776 illam
1567 1725 1792 1794 quidem
1842 1725 2078 1789 invitus,

499 1811 645 1866 hanc
679 1821 865 1868 autem
909 1813 1113 1879 libens,
1152 1814 1316 1869 sicuti
1365 1813 1581 1869 dicunt.
1609 1812 1797 1885 Copia:
1840 1830 2081 1886 namque

499 1903 772 1960 militares
803 1919 1023 1972 omnes,
1081 1905 1298 1960 tametsi
1335 1908 1626 1976 praesentis
1674 1909 1801 1978 ejus
1835 1897 2080 1977 pbteiuia
2110 1924 2123 1938 ο

497 1997 885 2064 vincerentur,
929 1998 1054 2069 plus
1091 2008 1276 2056 tamen
1307 2000 1538 2057 honoris
1575 2001 1841 2058 defuncto
1873 2003 2085 2057 haben-

501 2098 582 2142 tes
637 2090 1117 2161 (quandoquidem
1167 2102 1368 2148 natura
1426 2095 1832 2150 benevolentiae
1875 2095 2082 2150 aﬂ'ectu

499 2196 756 2237 recentes
795 2199 1074 2239 aarumnas
1125 2185 1537 2257 prosequimur)
1569 2197 1626 2242 et
1654 2189 1865 2244 amoris
1912 2189 2086 2244 mise-

500 2274 869 2344 iicordizeque
897 2277 1259 2333 inclinatione
1285 2289 1504 2334 mortuo
1535 2281 1916 2348 condolentes,
1940 2299 2088 2338 eam-

498 2382 608 2437 que
637 2369 706 2422 ob
737 2383 963 2424 causam
995 2371 1225 2426 minime
1263 2387 1324 2428 se
1351 2372 1728 2442 continentes,
1765 2376 1900 2446 quin
1927 2376 2084 2432 illum

498 2460 653 2515 velut
719 2461 1115 2532 imperatorem
1174 2463 1485 2521 honorifice
1542 2467 1894 2538 exciperent,
1947 2485 2088 2540 apo—

495 2559 657 2606 statae
713 2561 769 2607 et
819 2554 1092 2609 desertori
1139 2555 1504 2625 persuadent,
1538 2568 1703 2628 atque
1737 2575 1866 2615 eum
1915 2560 2084 2616 simul

497 2645 617 2701 fere
654 2655 881 2717 cogunt,
931 2657 993 2701 ut
1037 2647 1324 2714 defuncto,
1358 2649 1550 2705 habitu
1585 2652 1942 2709 convenienti
1989 2656 2089 2711 ob-

500 2736 647 2790 viam
681 2737 1030 2807 procederet.
1071 2738 1205 2793 Erat
1233 2749 1418 2795 autem
1456 2741 1680 2797 habitus
1709 2742 1775 2809 is,
1808 2754 1866 2799 ut
1893 2745 2086 2801 diade-

499 2845 590 2884 ma
621 2829 689 2884 de
724 2832 906 2900 capite
931 2831 1259 2901 deponeret,
1282 2843 1340 2888 et
1373 2832 1619 2890 demisso
1649 2836 1807 2890 vultu
1843 2839 2086 2908 impera-

501 2921 608 2974 tori
661 2931 976 2975 extremum
1038 2931 1331 2992 prastaret
1383 2924 1661 2994 oﬂicium,
1713 2941 1955 2998 eumque
2016 2930 2084 2984 ad

496 3015 840 3083 sepulcrum,
891 3029 1018 3069 cum
1068 3014 1284 3086 reliquo
1335 3019 1606 3073 comitatu
1657 3019 1715 3074 in
1758 3022 2083 3091 praclarum

2196 520 2582 572 Κωνσταντίου
2613 518 2868 585 διέξεισιν
2893 557 2911 585 ,
2962 518 3085 571 οὐδὲ
3137 518 3195 570 ὲν
3229 518 3340 581 τοῖς
3371 517 3554 581 ἄλλοις
3591 518 3758 585 λόγοις

2194 615 2393 667 κακίαν
2449 611 2598 680 αὐτῷ
2655 611 2976 681 μαρτυρῶν,
3019 611 3138 666 ἀλλ’
3183 611 3466 682 ἁπλότητα
3513 611 3760 685 μᾶλλονῆ

2195 707 2507 776 κουφότητα
2535 722 2548 737 ·
2589 706 2638 760 οἱ
2677 706 2734 758 δὲ
2780 705 2961 760 λοιποὶ
2990 705 3100 760 τῶν
3153 704 3449 777 ἱστορικῶν
3501 706 3575 777 μὴ
3613 707 3763 759 καλὸν

2194 793 2430 852 εἶναιτὸ
2481 798 2646 860 σέϐας
2677 797 2953 851 διδόασινο
3010 798 3069 850 ὲν
3110 790 3191 860 οἷς
3223 796 3378 850 καὶὸ
3425 795 3612 866 Κύρου
3662 797 3766 849 ἐστὶ

2195 892 2568 963 Θεοδώρητος.
2632 891 2778 961 Ἐγὼ
2818 891 2874 945 δὲ
2909 890 2988 962 τῷ
3025 890 3300 962 προμάχορ
3348 890 3451 956 τῆς
3501 888 3766 952 εὐσεϐείας

2194 985 2485 1057 Γρηγορίῳ
2512 984 2591 1056 τῷ
2619 985 2763 1040 πάνυ
2797 983 3033 1038 ἕπεσθαι
3073 983 3318 1054 μάλιστα
3355 981 3640 1053 βούλομαι.
3671 981 3767 1034 Καὶ

2192 1076 2300 1144 γάρ
2331 1076 2464 1146 φασί
2488 1093 2635 1139 τινες
2665 1075 2742 1146 μὴ
2770 1073 3086 1142 θαυμαστὸν
3104 1070 3270 1138 εἶναι,
3303 1075 3352 1126 εἰ
3377 1073 3437 1127 ὲν
3465 1077 3576 1134 τοῖς
3599 1073 3768 1134 ἄλλοις

2191 1165 2369 1234 λόγοις
2395 1165 2578 1236 ἠρέμα
2601 1165 2750 1237 αὺτῷ
2771 1165 3044 1235 ἐγκαλῶν,
3075 1165 3135 1218 ἐν
3161 1165 3274 1228 τοῖς
3297 1159 3767 1234 Στηλιτευτικοῖς

2193 1257 2370 1311 διόλου
2421 1259 2768 1328 ὑπερφυέσιν
2795 1257 3048 1333 ἐπαίνοις
3071 1256 3238 1310 αὐτὸν
3287 1253 3644 1323 καταστάφει.
3673 1251 3766 1304 Τὸν

2193 1350 2301 1421 γὰρ
2329 1350 2473 1405 κατὰ
2501 1349 2594 1405 τοῦ
2618 1351 2928 1404 ἁποστάτου
2959 1350 3123 1421 ζῆλον
3151 1348 3504 1402 διαλλάττειν
3529 1346 3659 1415 φασὶ
3682 1343 3765 1396 τὸν

2197 1444 2410 1514 μέγαν,
2455 1445 2550 1498 καὶ
2583 1445 2738 1514 φίλον
2765 1444 2977 1498 ἐκείνου
3009 1444 3238 1515 γνήσιον
3270 1441 3545 1512 γίνεσθαι,
3581 1438 3654 1510 μὴ
3688 1437 3768 1490 διὰ

2193 1533 2420 1601 κακίαν,
2472 1533 2608 1587 ἀλλὰ
2641 1533 2708 1588 δι’
2758 1515 3047 1611 ἁπλότητα
3110 1530 3355 1603 μετρίως
3414 1530 3762 1600 λυπήσαντος.

2205 1625 2360 1678 Ἐπεί
2394 1624 2475 1679 τοί
2505 1642 2570 1695 γε
2616 1626 2712 1679 καὶ
2745 1626 2807 1680 τὸ
2839 1625 2969 1680 ἄλλο
3001 1625 3094 1679 τοῦ
3131 1626 3338 1697 πατρὸς
3372 1619 3508 1697 ἦθος
3537 1620 3766 1675 τοιοῦτον

2196 1719 2547 1790 εὑρίσκεσθαι
2570 1719 2819 1787 λέγουσι,
2855 1719 2933 1792 τῷ
2962 1719 3362 1788 ὑπερϐάλλοντι
3402 1715 3559 1787 κακῷ
3590 1731 3766 1784 συγγι-

2190 1814 2426 1867 νώσκειν
2452 1815 2566 1876 τοῖς
2602 1813 2800 1884 μικρὸν
2851 1813 3210 1883 ἀγνοήσασιν.
3255 1811 3402 1879 Ἐγὼ
3425 1811 3483 1866 δέ
3513 1827 3655 1880 φημι
3691 1809 3767 1860 λό-

2192 1925 2294 1976 γου
2339 1907 2440 1978 μὲν
2467 1905 2693 1978 ἔχεσθαι
2721 1907 2782 1959 τὸ
2814 1907 3125 1977 είρημένον.
3167 1906 3286 1959 Ἐπ’
3318 1903 3576 1975 εὐσεϐείᾳ
3597 1903 3676 1969 δὲ,
3701 1899 3768 1971 μὴ

2195 2001 2432 2056 τοιαῦτα
2466 2001 2741 2071 αἱρεῖσθαι
2769 1998 3244 2070 καταχαρίζεσθαι
3274 1999 3370 2053 τὸν
3399 1999 3654 2054 τοσοῦτον
3679 1995 3768 2064 τῆς

2213 2096 2529 2166 Εκκλησίας
2554 2095 2905 2152 διδάσκαλον.
2939 2095 3053 2149 Καὶ
3085 2094 3157 2149 τὰ
3199 2096 3300 2165 μὲν
3331 2096 3464 2159 περὶ
3493 2095 3768 2147 Κωνσταν-

2194 2191 2312 2243 τίου
2355 2189 2549 2244 τοῦτον
2587 2190 2715 2261 ἔσχε
2746 2189 2838 2243 τὸν
2870 2189 3114 2259 τρόπον’
3151 2189 3386 2259 τελευτᾷ
3426 2187 3470 2240 δ’
3505 2187 3561 2240 ὲν
3587 2183 3764 2254 Μόψου

2194 2286 2447 2356 κρήναις,
2477 2283 2552 2346 ὼς
2583 2285 2825 2355 εἴρηται,
2847 2283 2992 2338 κατὰ
3015 2283 3115 2354 τὴν
3131 2282 3330 2353 τρίτην
3358 2279 3456 2336 τοῦ
3476 2276 3764 2348 Νοεμϐρίου

2196 2378 2367 2449 μηνός
2385 2393 2399 2407 ·
2427 2377 2600 2446 ζήσας
2632 2378 2732 2447 μὲν
2750 2378 2820 2432 τὰ
2847 2378 3029 2432 πάντα
3061 2375 3160 2447 ἐτη
3192 2377 3360 2431 πέντε
3380 2378 3477 2428 καὶ
3508 2370 3764 2441 τεσσαράο

2190 2485 2379 2534 κοντα,
2429 2467 2762 2539 βασιλεύσας
2808 2467 2866 2520 δὲ
2910 2468 3120 2521 τούτων
3151 2465 3300 2521 ὀκτὼ
3335 2466 3477 2539 πρὸς
3517 2460 3586 2531 λ’,
3611 2457 3680 2516 ὧν
3706 2461 3763 2513 τὰ

2195 2560 2296 2631 μὲν
2324 2560 2683 2631 τρισκαίδεκα
2728 2559 2948 2632 σύναμα
2977 2559 3058 2630 τῷ
3091 2561 3262 2630 πατρὶ
3293 2556 3437 2632 ἦρχε
3457 2576 3470 2590 ’
3505 2557 3570 2612 τὰ
3604 2556 3647 2609 δ’
3677 2557 3762 2607 ἑπ-

2192 2653 2378 2707 έκεινα
2410 2653 2577 2707 πέντε
2609 2653 2740 2706 ὄντα
2770 2652 2866 2708 καὶ
2917 2654 3094 2707 εἴκοσι
3127 2654 3291 2721 μόνος
3317 2653 3612 2723 διῴκησεν.
3639 2648 3761 2702 Ὅσα

2191 2745 2258 2816 δὴ
2286 2748 2380 2801 καὶ
2412 2749 2444 2817 ἡ
2469 2747 2726 2818 παροῦσα
2751 2747 2920 2816 ἐνάτη
2955 2764 3051 2816 μοι
3083 2747 3192 2799 τῶν
3217 2746 3474 2818 ἱστοριῶν
3500 2741 3757 2814 περιέχειο

2193 2841 2432 2909 ὁπηνίκα
2467 2840 2674 2910 κόσμου
2712 2840 2811 2910 μὲν
2865 2839 2985 2902 ἔτος
3025 2837 3214 2908 ,εωοβ’,
3257 2839 3370 2892 ἀπὸ
3397 2837 3456 2892 δὲ
3493 2836 3589 2904 τῆς
3629 2831 3760 2890 θείας

2195 2933 2290 2986 τοῦ
2355 2933 2562 3003 Κυρίου
2627 2934 2938 3002 γεννήσεως
3007 2931 3428 3000 τριακοσιοστὺν
3489 2923 3758 2999 ἑξηκοστὸν

2197 3024 2426 3094 ἕϐδομον
2460 3025 2812 3096 ἐπεραίνετο.

498 3105 758 3162 divorum
815 3109 1198 3178 apostolorum
1251 3111 1543 3182 templum,
1599 3114 1696 3182 qui
1742 3130 1962 3170 sacrum
2017 3117 2124 3172 hoc
2187 3134 2365 3188 genus
2410 3131 2465 3174 et
2497 3133 2819 3190 suscepere,
2865 3127 2922 3174 et
2957 3128 3318 3187 conservant,
3357 3117 3580 3175 eosdem
3614 3124 3759 3183 prope

495 3218 625 3258 eum
669 3204 781 3259 illis
823 3205 1066 3260 honores
1109 3205 1451 3276 percipiens,
1486 3208 1812 3265 deduceret.
1880 3231 1900 3264 ›
1936 3207 1942 3212 ’
1974 3213 2289 3283 Theologus
2357 3214 2584 3283 quidem
2652 3215 2788 3276 haec,
2818 3225 2874 3269 et
2907 3215 3013 3269 alia
3054 3214 3236 3285 plura,
3261 3216 3320 3270 in
3357 3210 3646 3269 lnvectivis
3673 3221 3757 3278 pro

496 3296 826 3352 Constantio
857 3299 994 3352 dicit
1030 3315 1043 3352 :
1087 3314 1159 3352 ne
1195 3300 1250 3354 in
1287 3301 1413 3355 aliis
1456 3301 1679 3370 quidem
1730 3306 2082 3362 orationibus
2125 3309 2243 3362 suis
2314 3309 2643 3376 pravitatem
2675 3307 2780 3372 illi,
2840 3310 2934 3361 sed
2971 3307 3386 3378 simplicitatem
3413 3306 3594 3378 potius
3613 3313 3754 3371 quam

500 3391 787 3446 levitatem
837 3393 1108 3450 tribuens.
1153 3397 1263 3451 Alii
1321 3411 1453 3451 vero
1501 3398 1750 3452 historici
1803 3414 1928 3454 eum
1973 3416 2084 3455 non
2127 3410 2278 3456 recta
2317 3401 2373 3454 in
2443 3403 2712 3473 religione
2742 3401 3023 3458 sententia
3092 3403 3266 3459 fuisse
3303 3401 3548 3474 produnt
3575 3419 3584 3449 :
3611 3391 3756 3464 809

501 3485 556 3538 in
592 3485 796 3555 quibus
823 3497 909 3542 est
941 3497 997 3542 et
1025 3489 1413 3546 Theodoretus
1456 3489 1584 3560 Cyri
1617 3491 1936 3562 episcopus.
1981 3491 2091 3561 Ego
2126 3509 2260 3550 vero
2329 3498 2518 3567 potius
2553 3499 2989 3570 propugnatoris
3066 3513 3210 3554 verae
3256 3499 3484 3569 pietatis
3531 3487 3755 3563 Gregorii

503 3584 692 3654 magni
725 3584 1116 3638 auctoritatem
1148 3599 1374 3655 sequor.
1412 3585 1548 3640 Nam
1581 3585 1806 3654 quidam
1875 3588 2124 3654 tradunt,
2170 3593 2398 3648 minime
2469 3595 2790 3650 mirandum
2823 3611 2969 3662 esse,
3002 3595 3046 3650 si
3089 3597 3142 3651 in
3169 3597 3401 3668 reliquis
3437 3589 3755 3650 orationibus

515 3679 674 3733 illum
701 3677 900 3734 leviter
923 3675 1324 3747 perstringens,
1359 3678 1416 3733 in
1449 3665 1779 3744 'Invcctivis,
1844 3680 2156 3752 magniﬁcis
2195 3701 2433 3755 prorsus
2487 3696 2721 3744 exornet
2774 3688 3080 3745 laudibus.‘
3113 3665 3389 3746 Ardorem
3435 3687 3603 3748 enim.
3660 3694 3754 3751 quo

500 3774 772 3828 adversus
803 3773 1094 3844 religionis
1132 3773 1479 3828 desertorem
1530 3773 1795 3830 incitatus
1885 3775 2010 3842 fuit,
2088 3779 2159 3834 ita
2204 3781 2528 3840 immutasse
2564 3783 2747 3840 virum
2792 3800 3051 3854 magnum
3089 3785 3305 3852 dicunt,
3357 3793 3418 3840 ut
3453 3784 3657 3838 amicus
3687 3771 3754 3828 illi

501 3867 922 3938 benevolusque
955 3883 1187 3937 prorsus
1222 3868 1401 3925 iactus
1445 3870 1538 3936 sit,
1581 3872 1677 3941 qui
1705 3886 1818 3926 non
1850 3874 2083 3942 malitia,
2125 3878 2221 3932 sed
2263 3880 2623 3950 simplicitate
2650 3894 2778 3951 gres
2845 3893 3072 3940 nostras
3095 3883 3444 3954 aliquantum
3485 3873 3755 3950 perturba-

500 3965 594 4019 rit.
638 3961 744 4028 Qui
799 3970 855 4015 et
907 3961 1062 4015 illum
1100 3961 1278 4016 sancti
1309 3963 1428 4032 ejus
1459 3963 1635 4033 patris
1668 3979 1876 4018 morem
1910 3965 2080 4022 fuisse
2119 3972 2336 4038 volunt,
2362 3983 2424 4028 ut
2490 3973 2850 4043 gravissimas
2869 3979 3039 4030 etiam
3066 3977 3150 4032 eis
3173 3993 3350 4032 noxas
3409 3973 3748 4032 condonaret,

501 4056 600 4129 qui
648 4069 746 4108 eas
798 4053 1111 4124 ignorantia
1159 4066 1216 4109 et
1259 4055 1416 4124 lapsu
1467 4053 1655 4124 aliquo
1702 4055 2082 4113 admisissent.
2121 4059 2280 4127 Quod
2331 4079 2432 4134 ego
2466 4063 2693 4134 quidem
2764 4066 2968 4121 rationi
2999 4083 3308 4123 consonum
3340 4082 3465 4124 esse
3495 4064 3748 4119 dixeriI:

498 4153 555 4205 in
593 4143 760 4200 rebus
793 4155 979 4198 autem
1018 4147 1240 4215 pietatis
1286 4153 1493 4200 nostra;
1556 4145 1857 4218 gratiﬁcari
1923 4153 2180 4222 cuiquam
2219 4156 2466 4212 voluisse
2521 4167 2737 4213 tantum
2785 4158 3050 4214 Ecclesiae
3099 4161 3385 4216 doctorem
3441 4150 3748 4227 negaverim-

498 4235 611 4292 Bes
637 4237 951 4293 Constantii
981 4238 1064 4294 sic
1107 4253 1167 4294 se
1202 4237 1473 4296 habuere.
1513 4239 1765 4297 Mortuus
1795 4242 1943 4296 enim
1973 4255 2079 4312 est,
2121 4248 2267 4303 sicut
2337 4249 2601 4317 diximus,
2640 4250 2712 4305 ad
2779 4250 2957 4320 Mopsi
2997 4253 3204 4318 fontes,
3241 4253 3411 4307 tertio
3454 4239 3751 4304 Novembris

497 4335 708 4388 mensis
752 4333 842 4388 die
884 4352 897 4388 :
943 4336 1083 4390 vixit
1135 4349 1315 4390 annos
1359 4335 1722 4407 quadraginta
1778 4341 2074 4409 quinque:
2119 4343 2416 4415 imperavit
2483 4357 2673 4402 autem
2744 4349 2972 4419 triginta
3011 4359 3068 4404 ct
3107 4361 3256 4417 octo,
3308 4363 3434 4406 cum
3472 4351 3618 4415 patre
3643 4331 3750 4405 qui-

497 4429 624 4481 dem
653 4428 945 4494 tredecim,
981 4429 1225 4498 reliquos
1249 4429 1711 4501 vigintiquinque
1739 4435 1916 4489 solus.
1979 4435 2128 4501 Quos
2170 4442 2394 4510 quidem
2465 4457 2645 4498 annos
2685 4459 2868 4500 nonus
2915 4445 3022 4500 iste
3064 4445 3429 4500 historiarum
3461 4425 3750 4504 coml‘lecu'

497 4535 588 4575 tur
645 4522 833 4575 liber:
884 4537 1010 4576 cum
1052 4539 1081 4595 a
1135 4524 1343 4578 mundo
1404 4525 1630 4580 condito
1700 4528 1998 4598 quinquies
2060 4532 2388 4592 millesimus
2456 4543 2897 4610 septuagesimus
2967 4539 3248 4596 secundus
3300 4539 3422 4611 (ί),
3475 4548 3504 4588 a
3549 4522 3744 4582 Christo

495 4627 684 4673 autem
727 4624 863 4669 nato
912 4619 1340 4674 trecentesimus
1380 4625 1759 4692 sexagesimus
1811 4625 2084 4694 septimus
2123 4643 2382 4700 ageretur
2416 4647 2618 4688 annus.

568 4781 647 4856 (l)
687 4777 1007 4835 Secundum
1044 4785 1357 4841 neotericos
1391 4785 1557 4842 4542.
