4054 6472
574 494 681 554 425

1812 495 2238 556 NICEPHORI
2278 498 2410 558 CA1
2422 498 2619 558 LIbTI

3694 505 3782 570 436

575 624 686 662 uno
717 608 939 678 quidem
1008 623 1192 663 secum
1247 618 1404 679 patre
1433 580 1756 675 Constant‘e,
1802 612 1906 667 alia
1953 621 2136 667 autem

2258 610 2361 675 ἑνδς
2396 611 2497 681 μὲν
2528 610 2736 683 πατρὸς
2765 612 2859 666 τοῦ
2894 613 3129 670 Κώνστα
3155 617 3593 685 γεγεννημένους·
3624 620 3783 690 διάφο-

574 711 748 756 matre
779 703 1037 771 genitos:
1072 701 1426 768 Dalmatium,
1476 704 1566 774 qui
1610 704 1837 759 alterius
1898 707 2151 764 Dalmatii

574 804 732 862 pater
759 795 902 848 fuit:
955 793 1448 860 etCnnstantium,
1483 797 1643 867 cujus
1682 797 1776 852 ﬁlii
1823 797 1977 853 fuere
2026 800 2155 855 Gal-

573 889 658 941 lus
689 896 743 940 et
770 886 1045 941 Julianus.
1081 887 1182 944 Ubi
1219 887 1622 943 Constantinus
1681 888 1943 955 decessit,
1985 900 2152 961 atque

575 980 864 1049 imperium
896 982 960 1034 ad
1004 981 1178 1036 filium
1216 982 1604 1037 Constantium
1633 984 1908 1053 pervenit,
1961 993 2151 1055 tyran-

573 1071 781 1151 nidem
822 1080 1103 1137 metuens,
1155 1081 1215 1127 et
1261 1086 1464 1142 genere
1512 1071 1617 1127 sibi
1652 1073 1993 1143 propinquos
2053 1090 2152 1130 su-

569 1174 792 1233 spectos
839 1164 1072 1230 habens,
1113 1180 1223 1220 non
1282 1166 1424 1222 bene
1453 1181 1548 1222 eos
1598 1167 1876 1224 tractavit.
1914 1168 2153 1225 Proinde

563 1255 752 1324 junior
783 1255 1110 1321 Dalmatius,
1158 1271 1284 1312 eum
1316 1257 1428 1327 jam
1457 1256 1642 1314 Caesar
1674 1270 1843 1325 esset,
1880 1274 1910 1315 a
1942 1259 2153 1315 'militi-

570 1348 673 1403 bus
712 1364 889 1404 caesus
919 1359 1026 1404 est.
1081 1350 1149 1404 Et
1179 1365 1378 1420 parum
1413 1350 1615 1418 abfuit,
1647 1354 1781 1421 quin
1838 1366 1894 1408 et
1920 1353 2031 1409 duo
2061 1352 2151 1408 isti

570 1442 863 1511 perierint.
925 1441 1033 1499 Sed
1066 1443 1281 1499 Gallum
1320 1445 1549 1499 consilio
1573 1446 1739 1501 caedis
1773 1446 1999 1501 morbus
2056 1461 2154 1501 ex-

570 1534 724 1600 emit,
759 1552 826 1589 cx
850 1550 962 1605 quo
995 1536 1318 1606 prepcdiem
1369 1536 1675 1592 moriturus
1702 1554 1823 1593 esse
1869 1538 2153 1594 existima-

571 1634 659 1680 tus
685 1637 790 1683 est.
822 1627 1043 1684 Juliano
1076 1640 1259 1684 autem
1310 1639 1443 1685 tetas
1473 1632 1715 1686 tenerior
1741 1631 1967 1701 profuit,
2002 1631 2149 1702 quod

569 1719 794 1775 vixdum
830 1730 1087 1776 octavum
1129 1722 1407 1792 attigisset
1470 1739 1695 1778 annum.
1748 1723 1849 1779 Ubi
1886 1740 2021 1779 vero
2068 1725 2149 1780 ira

569 1809 921 1879 imperatoris
958 1813 1224 1869 adversus
1266 1829 1364 1869 eos
1421 1814 1721 1880 deferbuit,
1773 1815 2011 1884 primum
2069 1816 2152 1869 eis

568 1912 628 1955 nt
652 1903 705 1956 in
734 1903 1080 1974 Cappadocia
1109 1918 1362 1977 agerent,
1404 1908 1744 1978 permissum
1773 1917 1881 1973 est,
1926 1908 1980 1962 in
2026 1908 2149 1963 loco

566 1996 803 2064 quodam
830 1996 1231 2065 quiMacellum
1265 1999 1445 2054 dictus
1484 2009 1593 2064 est,
1629 2016 1741 2055 non
1769 2001 1929 2072 longe
1972 2016 2000 2055 a
2032 1999 2149 2055 Cae-

567 2101 748 2152 sarea,
774 2087 839 2141 ad
879 2089 1134 2161 Argzeum
1172 2102 1416 2147 montem
1469 2097 1598 2157 sito,
1637 2093 1841 2164 regiam
1895 2093 2146 2157 domum,

567 2178 807 2245 lavacra,
840 2182 1032 2237 hortos
1056 2193 1112 2239 et
1133 2183 1316 2243 fentes
1347 2200 1620 2256 perennes
1644 2186 1904 2240 habente.
1938 2183 2018 2239 lbi
2051 2198 2150 2252 pro

569 2291 636 2330 co
672 2287 838 2348 atque
870 2277 1128 2345 decebat,
1186 2280 1363 2335 curati
1421 2289 1574 2342 sunt,
1614 2279 2039 2349 disciplinisque
2091 2286 2149 2331 et

568 2355 848 2425 exercitiis
894 2353 1042 2426 ξιοιί
1071 2373 1120 2427 ei
1162 2372 1628 2427 convenientibus
1685 2372 1911 2434 exculti,
1978 2370 2150 2425 sacris

569 2478 792 2531 quoque
844 2448 1067 2518 Litteris
1109 2479 1138 2519 a
1176 2464 1458 2533 magistris
1498 2473 1554 2519 et
1594 2464 2028 2534 praeceptoribus
2083 2476 2151 2517 eo

573 2570 745 2625 usque
775 2556 944 2619 docti,
985 2565 1046 2610 ut
1096 2556 1151 2610 in
1178 2557 1371 2610 album
1403 2566 1589 2626 postea
1633 2555 1764 2610 cleri
1829 2555 1984 2610 relati
2017 2555 2148 2619 sint,

570 2659 627 2703 et
674 2663 864 2703 sacros
893 2649 1068 2704 libros
1107 2650 1312 2719 populo
1361 2651 1618 2720 legerint.
1672 2651 1852 2718 Atque
1904 2648 1982 2701 illi
2039 2662 2152 2701 non

573 2741 755 2796 verbis
787 2741 974 2807 modo,
1010 2741 1107 2798 sed
1140 2752 1195 2798 et
1226 2742 1386 2798 factis
1407 2741 1653 2797 studium
1701 2740 2069 2811 ardoremque
2094 2740 2152 2796 in

574 2833 841 2903 religione
869 2848 1032 2887 suum
1070 2834 1454 2889 ostenderunt.
1516 2834 1651 2887 Nam
1708 2833 1803 2903 qui
1841 2833 2014 2888 sacris
2066 2833 2151 2889 di-

575 2926 875 2995 gnitatibus
926 2930 1203 2992 exornati,
1236 2935 1404 2996 atque
1450 2926 1612 2980 aliter
1648 2927 1814 2981 etiam
1859 2926 1990 2981 boni
2022 2926 2149 2992 viri,

572 3031 627 3074 et
658 3029 885 3090 propter
911 3021 1174 3090 pietatem
1206 3021 1583 3087 virtutemque
1613 3018 1749 3073 clari
1800 3028 1980 3079 erant,
2048 3034 2147 3074 eos

571 3114 831 3184 ampliter
859 3113 1240 3169 honorarunt:
1291 3114 1346 3167 in
1390 3113 1565 3168 sacris
1604 3112 1685 3169 illi
1724 3115 1891 3169 etiam
1941 3112 2154 3168 uadibus

572 3208 893 3276 frequentes
922 3208 1163 3273 fuerunt,
1211 3220 1592 3282 etmartyrum
1622 3225 1789 3266 urnas
1844 3206 2153 3263 honoribus

2259 721 2342 775 ροι
2363 706 2392 758 δ
2425 705 2483 759 αί
2507 707 2745 775 μητέρες
2769 701 2910 777 ἦσαν
2931 707 3115 771 αὐτοῖς
3136 725 3152 741 ο
3186 704 3260 761 ὧν
3281 707 3359 778 τῷ
3383 709 3479 778 μὲν
3499 712 3782 779 Δαλμὰτιος,

2256 795 2466 868 θατέρῳ
2497 798 2555 852 δέ
2589 800 2966 862 Κωνστάντιος
3001 800 3175 869 θνομα
3221 795 3311 871 ἦν.
3356 801 3416 854 '0
3445 802 3536 871 μὲν
3566 802 3647 856 οὖν
3669 805 3785 858 Λα)-

2257 886 2453 955 μάτιος
2485 888 2674 959 ἕτερον
2702 891 2899 957 ἐγέννα
2929 892 3256 961 Δαλμάτιον·
3288 891 3364 962 τῷ
3384 893 3438 946 δὲ
3466 894 3786 964 Κωνσταντίῳ

2254 979 2459 1043 Γάλλος
2482 983 2577 1034 καὶ
2624 981 2915 1047 Ἰουλιανὸς
2969 985 3162 1048 παῖδες
3191 985 3533 1055 γεγέννηντο.
3576 987 3714 1040 Ἐπεὶ
3749 988 3786 1041 δ’

2253 1073 2473 1126 ἀπεϐίω
2506 1071 2610 1141 μὲν
2637 1074 3078 1140 Κωνσταντίνος,
3112 1076 3205 1128 καὶ
3232 1078 3314 1139 εἰς
3344 1076 3433 1130 τὸν
3477 1076 3633 1131 παῖδα
3658 1079 3787 1130 Κων-

2256 1161 2508 1217 στάντιον
2554 1163 2589 1234 η
2616 1163 2763 1236 ἀρχὴ
2790 1163 3119 1236 μετεχώρει,
3149 1164 3442 1236 δειμαίνων
3487 1168 3677 1230 ἐκεῖνος
3707 1168 3787 1226 τὰς

2251 1255 2621 1327 τυραννίδας,
2675 1259 2805 1315 τοὺς
2852 1259 3234 1327 προσήκοντας
3281 1258 3430 1327 γένει
3472 1258 3537 1312 δι’
3584 1258 3787 1326 ὑποψίας

2253 1347 2413 1418 ἔχων,
2441 1348 2503 1400 οὐ
2531 1347 2715 1414 καλῶς
2742 1352 2929 1413 αὐτοῖς
2961 1348 3260 1404 διετίθετο·
3295 1350 3488 1418 ἀμέλει
3518 1366 3600 1403 τοι
3623 1348 3786 1417 καὶτῷ

2252 1440 2359 1507 νέῳ
2409 1439 2707 1510 Δαλματίῳ
2755 1441 3002 1512 Καίσαρι
3047 1442 3162 1496 δντι
3219 1443 3268 1495 ot
3318 1441 3634 1513 στρατιῶται
3658 1440 3788 1508 φόνον

2252 1533 2509 1604 ἐκίρνων.
2548 1534 2706 1607 Παρὰ
2739 1534 2919 1606 βραχὺ
2954 1536 3001 1588 δ’
3028 1535 3094 1589 ἂν
3125 1535 3220 1590 καὶ
3244 1526 3393 1589 οὗτοι
3443 1532 3722 1595 ἀπώλοντο,
3750 1532 3787 1581 εί

2255 1625 2333 1698 μὴ
2354 1625 2560 1681 Γάλλον
2591 1626 2691 1696 μὲν
2724 1626 2965 1692 ἐξείλετο
3022 1628 3123 1698 τῆς
3178 1626 3492 1695 ἐπιϐουλῆς,
3543 1626 3619 1678 ὅτι
3646 1622 3789 1676 νοσῶν

2253 1719 2464 1790 ἔτυχεν,
2494 1719 2622 1774 ὄιον
2675 1720 2831 1773 οὔπω
2862 1719 3049 1773 θανεῖν
3108 1720 3166 1785 ἐξ
3196 1721 3417 1789 ἐκείνης
3467 1717 3789 1787 προσδόκιμπ

2251 1811 2331 1864 ὢν
2355 1826 2370 1843 ο
2419 1811 2710 1865 Ἰουλιανὺν
2740 1811 2796 1865 δὲ
2826 1811 2887 1864 τὸ
2921 1810 3024 1882 τῆς
3053 1811 3275 1881 ἡλικίας
3331 1810 3584 1874 διέσωζεν
3613 1809 3791 1867 ἀτελές.

2255 1904 2424 1959 Οὔπω
2450 1906 2560 1976 γάρ
2588 1904 2668 1957 ἐτι
2698 1904 2885 1972 δγδοον
2913 1904 3035 1966 ἔτος
3063 1905 3096 1974 ἠ
3126 1902 3316 1973 ἡλικία
3356 1900 3493 1974 ἦγεν
3525 1903 3684 1972 αὐτῷ.
3722 1902 3792 1963 Ὠς

2254 1998 2311 2051 δέ
2341 1997 2523 2071 χρόνῳ
2556 1998 2588 2066 ἡ
2613 1997 2731 2049 κατ⁹
2765 1996 2947 2051 αὐτῶν
2966 1995 3062 2048 τοῦ
3093 1995 3362 2066 βασιλέως
3394 1995 3536 2066 ὁρμὴ
3562 1993 3793 2063 ὑπεχὰλα,

2256 2092 2470 2162 πρῶτον
2517 2093 2613 2159 μέν
2669 2094 2726 2145 ἐν
2777 2092 3152 2162 Καππαδοκίᾳ
3208 2092 3509 2164 διατρίϐειν
3561 2092 3791 2159 εἰάθησαν

2254 2184 2313 2237 ἑν
2342 2200 2453 2238 τινι
2510 2182 2695 2255 χώρῳ,
2756 2183 3028 2252 Μακέλλῳ
3060 2183 3256 2254 ὄνομα,
3318 2184 3454 2254 πρὸς
3484 2181 3560 2252 τῷ
3612 2180 3795 2249 ’Δργέῳ

2252 2276 2393 2348 δρει,
2454 2278 2516 2329 οὐ
2554 2275 2777 2347 μακρὰν
2815 2276 2915 2344 τῆς
2973 2278 3304 2348 Καισαρέων
3334 2277 3564 2347 διέχοντι
3599 2275 3796 2339 πόλεως,

2254 2368 2511 2438 βασίλεια
2540 2367 2635 2421 καὶ
2679 2367 2903 2435 λοετρὰ,
2945 2369 3160 2438 κήπους
3184 2385 3244 2421 τε
3277 2370 3374 2423 καὶ
3423 2368 3602 2436 πηγὰς
3628 2367 3797 2420 ἀένναα

2254 2459 2630 2528 κεκτημένῳ·
2692 2456 2823 2511 ῐνθα
2854 2457 2919 2527 δὴ
2967 2456 3267 2526 θεραπείας
3320 2457 3421 2525 τῆς
3452 2455 3796 2526 προσηκούσης

2254 2550 2702 2619 καταξιούμενοι,
2759 2549 3141 2621 μαθήμασίτε
3194 2550 3294 2605 καὶ
3345 2550 3661 2619 γυμνασίοις
3688 2550 3799 2602 ἀπο-

2255 2637 2433 2709 χρῶσι
2462 2640 2528 2707 τῇ
2551 2636 2766 2708 ἡλικίᾳ,
2793 2639 2875 2691 ἐτι
2906 2639 2963 2692 δὲ
3015 2639 3372 2703 διδασκάλοις
3402 2638 3498 2702 καὶ
3530 2636 3796 2706 ὑφηγηταῖς

2253 2728 2364 2782 τῶν
2399 2727 2564 2799 ιερῶν
2625 2727 2977 2799 μαθημάτων
3008 2730 3256 2799 ἐχρῶντο
3282 2746 3297 2761 ·
3336 2732 3433 2784 καὶ
3455 2727 3715 2792 τοσοῦτον,
3737 2724 3795 2785 ὡς

2255 2821 2351 2873 καὶ
2379 2820 2569 2892 κλήρῳ
2601 2820 2998 2892 καταλεγῆναι,
3030 2823 3124 2876 καὶ
3161 2822 3264 2886 τὰς
3294 2822 3450 2888 Θείας
3494 2821 3705 2881 Βίϐλους
3735 2815 3796 2883 τῷ

2254 2908 2373 2983 λαῷ
2401 2912 2903 2981 ὑπαναγινώσκειν.
2940 2912 3015 2967 Οὐ
3046 2913 3233 2981 λόγοις
3279 2913 3341 2965 δέ
3370 2913 3552 2983 μόνον,
3575 2910 3698 2964 ἀλλὰ
3721 2906 3794 2961 καὶ

2256 3006 2441 3078 ἔργοις
2468 3005 2528 3059 τδ
2557 3006 2687 3077 περὶ
2734 3005 2836 3076 τὴν
2886 3005 3192 3077 θρησκείαν
3220 3005 3429 3076 θερμόν
3456 3023 3515 3058 τε
3545 3004 3635 3058 καὶ
3664 3016 3799 3054 σπου·

2255 3099 2404 3151 δαῖον
2429 3097 2756 3157 ἐδείκνυντο,
2785 3096 2914 3159 τοὺς
2942 3078 3216 3169 ίερῶσύνῃ
3237 3095 3705 3168 κεκοσμημένους,
3725 3091 3800 3143 καὶ
3841 3110 3848 3119 ·

2256 3193 2431 3254 ἄλλως
2466 3191 2705 3255 ἀγαθοὺς
2730 3191 2959 3263 ἄνδρας,
2992 3192 3087 3244 καὶ
3111 3192 3241 3261 περὶ
3289 3192 3393 3263 τὴν
3429 3191 3702 3245 εὐσέϐειαν
3724 3181 3799 3237 καὶ

573 3315 630 3355 et
681 3299 932 3355 donariis
969 3310 1239 3357 ornarunt
1287 3311 1346 3359 et
1374 3281 1805 3358 consecrarunt.
1856 3302 2039 3368 Atque
2096 3306 2154 3352 ut

2258 3284 2459 3353 ἀρετὴν
2497 3283 2839 3353 διαϐοήτους,
2862 3282 3184 3352 περιφανῶς
3226 3284 3524 3350 τιμῶντες,
3558 3281 3725 3353 σηκοῖς
3753 3290 3799 3327 τι

573 3395 917 3453 alacritatem
955 3410 1111 3451 suam
1144 3395 1479 3465 martyribus
1513 3395 1763 3451 colendis
1787 3393 1957 3450 veluti
1991 3407 2154 3464 spec-

548 3490 758 3551 .taculo
793 3488 981 3560 aliquo
1014 3490 1372 3557 exhiberem,
1404 3489 1671 3547 honorem
1735 3488 1979 3559 sepulcri
2043 3486 2158 3541 Ma-

578 3599 679 3637 nta:
707 3580 784 3652 (l)
812 3581 1069 3652 martyris
1096 3581 1241 3636 inter
1271 3596 1353 3641 se,
1375 3590 1434 3634 ut
1467 3580 1521 3634 id
1577 3579 1870 3650 magniﬁco
1917 3580 2158 3635 circnm-

575 3677 773 3729 darent
801 3673 1027 3745 templo,
1060 3673 1390 3728 diviserunt.
1440 3673 1510 3728 Et
1540 3687 1670 3727 eum
1698 3672 1843 3727 inter
1873 3686 1932 3726 se
1962 3680 2023 3726 ut
2057 3686 2158 3741 par

578 3775 718 3827 crat,
741 3765 1115 3828 decertarent,
1137 3771 1193 3818 et
1221 3762 1514 3819 ambitiose
1536 3762 1830 3833 splendore
1854 3772 1912 3819 et
1944 3763 2159 3835 magni-

580 3857 797 3913 licentia
829 3866 1124 3913 structura:
1140 3856 1277 3912 alter
1299 3857 1535 3910 alterum
1560 3871 1826 3926 superare
1853 3857 2155 3921 niteretur,

576 3965 667 4006 res
722 3956 922 4019 praeter
981 3949 1299 4018 opinionem
1369 3946 1692 4002 admiranda
1734 3949 1968 4007 accidit:
2033 3966 2155 4019 qua:

577 4043 828 4114 profecto
854 4039 1200 4098 incredibilis
1226 4054 1396 4111 prope
1421 4050 1595 4104 esset,
1635 4041 1743 4096 nisi
1776 4042 1869 4111 qui
1903 4043 1985 4107 ibi
2014 4058 2156 4113 pra:-

578 4146 766 4195 sentes
787 4152 910 4192 eam
945 4137 1231 4201 viderunt,
1259 4152 1359 4206 per
1395 4135 1713 4191 traditionis
1741 4137 2153 4191 successionem

577 4246 699 4286 eam
723 4244 897 4300 usque
917 4228 985 4284 ad
1017 4229 1133 4285 hazc
1161 4237 1410 4298 tempora
1433 4239 1881 4283 conservassem.
1915 4230 1965 4300 7
2001 4228 2159 4284 .Edl-

578 4323 768 4378 ficium
825 4336 1069 4392 namque
1095 4319 1239 4378 Galli
1274 4322 1506 4392 pulchre
1538 4330 1595 4376 et
1649 4313 1999 4377 eﬁrbitrio
2036 4323 2158 4393 eius

574 4414 871 4487 processit,
902 4425 960 4469 et
987 4412 1241 4483 quotidie
1270 4430 1368 4471 sua
1401 4415 1741 4471 incrementa
1762 4414 1974 4470 habuit.
2008 4416 2066 4468 ln
2092 4430 2154 4467 ea

576 4523 710 4563 vero
769 4516 922 4578 parte
976 4523 1142 4576 quam
1174 4507 1431 4565 Julianus
1496 4507 1883 4572 construebat,
1954 4504 2156 4577 partim

578 4601 822 4672 parietes
859 4602 965 4671 ipsi
1007 4602 1118 4673 jam
1164 4601 1390 4657 excitati
1424 4602 1809 4664 conciderunt,
1862 4601 2062 4671 partim
2090 4614 2156 4653 ex
2195 4637 2237 4691 Β

579 4692 715 4761 ipsis
746 4690 1122 4757 fundamentis
1157 4705 1376 4748 sursum
1405 4706 1650 4756 versum,
1690 4688 1862 4744 veluti
1891 4689 1975 4742 vis
2007 4702 2161 4757 quaa-

579 4783 727 4852 piam
752 4781 980 4837 adversa
1008 4792 1199 4838 contra
1233 4783 1527 4849 niteretur,
1552 4792 1821 4837 caementa
1850 4790 1907 4835 et
1932 4779 2158 4834 materia

580 4876 686 4930 alia
716 4876 914 4945 ejecta,
947 4886 1113 4945 atque
1139 4879 1190 4930 in
1216 4885 1421 4930 terram
1447 4884 1711 4945 tanquam
1744 4882 1914 4927 vento
1975 4870 2160 4925 valido

580 4974 859 5036 prostrata
889 4973 1042 5022 sunt.
1094 4967 1332 5032 Quidam
1384 4966 1554 5020 etiam
1627 4963 1847 5034 lapides
1894 4960 2159 5031 conjungi

580 5059 960 5129 glutinarique
1024 5076 1136 5116 non
1220 5068 1547 5130 potuerunt.
1625 5054 1965 5112 Admiranda
2028 5067 2162 5107 sane

579 5151 961 5221 spectantibus
1020 5168 1107 5209 res
1147 5153 1288 5214 visa,
1341 5168 1463 5222 quae
1507 5150 1785 5222 posterius
1821 5148 2030 5203 certius
2077 5154 2165 5201 est

582 5245 825 5313 cognita.
858 5243 1038 5299 Fuere
1057 5253 1262 5308 tamen,
1290 5243 1383 5313 qui
1414 5253 1529 5297 tum
1555 5256 1779 5311 quoque
1811 5238 2160 5302 intellexere,

582 5351 691 5392 non
723 5352 792 5392 ex
826 5338 1014 5391 animo
1047 5338 1200 5391 illum
1241 5337 1567 5407 religionem
1603 5333 1812 5395 colere,
1852 5331 1947 5387 sed
2009 5339 2160 5385 metu

585 5428 937 5499 imperatoris
956 5429 1439 5485 Christianismum
1473 5426 1740 5483 simulare
1773 5440 1788 5478 :
1846 5431 1904 5478 et
1931 5423 2165 5494 proinde

586 5522 770 5579 n..iuus
830 5532 1047 5592 gratum
1096 5534 1500 5593 acceptumque
1557 5517 1889 5589 martyribus
1946 5518 2159 5572 cultum

584 5629 980 5683 accessumque
1002 5614 1070 5667 ad
1098 5629 1158 5668 se
1183 5614 1303 5682 ejus
1327 5627 1471 5669 esse.
1492 5612 1759 5667 Pietatem
1782 5609 2160 5665 Christianam

583 5708 837 5766 .lttttanus
870 5706 1112 5777 primum
1166 5707 1469 5771 ariolornm
1498 5701 1908 5759 consuetudine
1963 5699 2165 5753 addue-

587 5812 675 5856 tus
700 5801 927 5872 abiecit.
963 5801 1214 5855 Remissa
1248 5808 1434 5853 autem
1494 5795 1733 5867 amplius
1762 5793 1927 5849 etiam
1958 5791 2027 5845 ab
2055 5791 2161 5846 im-

2209 3460 2217 3465 _
2260 3380 2423 3443 θείοις
2452 3378 2807 3450 θαμίζοντες,
2840 3377 2937 3433 καὶ
2963 3378 3060 3441 τὰς
3082 3378 3192 3430 τῶν
3224 3377 3524 3450 μαρτύρων
3546 3369 3802 3446 θήκαςκιιὶ

2259 3472 2451 3541 τιμαῖς
2474 3471 2569 3525 καὶ⁵
2602 3472 2916 3541 ἀναθήμασι
2948 3468 3291 3539 κοσμοῦντές
3319 3488 3380 3524 τε
3406 3470 3503 3524 καὶ
3534 3464 3803 3527 ἐκθειάζων·
3866 3462 3877 3473 “

2258 3581 2372 3628 τες.
2430 3565 2539 3617 Καὶ
2588 3563 2653 3634 δὴ
2704 3562 2765 3617 τὸ
2815 3554 3022 3633 θερμὸν
3067 3562 3169 3632 τῆς
3223 3565 3356 3633 περὶ
3385 3565 3516 3625 τοὺς
3555 3563 3803 3631 μάρτυρας

2256 3657 2425 3726 τιμῆς
2489 3655 2892 3727 θεατρίζοντες,
2949 3654 3121 3725 ἄμφω
3171 3655 3263 3707 τὸν
3313 3656 3489 3723 τάφον
3520 3654 3685 3721 Μάμα
3728 3644 3801 3699 τοῦ

2263 3751 2543 3823 μάρτυρος
2568 3747 2897 3818 διελόμενοι,
2927 3746 3064 3819 οῐκῳ
3092 3746 3475 3819 λαμπροτάτῳ
3523 3741 3804 3818 περιϐαλεῖν

2263 3843 2503 3911 σπουδὴν
2536 3839 2846 3896 ἐποιοῦντο.
2887 3838 3308 3910 ’Δμιλλωμένου
3348 3840 3396 3894 δ’
3426 3840 3503 3900 ώς
3535 3839 3674 3900 είκὸς
3700 3836 3801 3893 ἑκα-

2258 3936 2422 4006 τέρου
2453 3935 2552 3987 καὶ
2582 3933 2899 4003 φιλοτιμίας
2924 3932 3025 3985 bne
3038 3932 3203 4003 ρϐολῇ
3245 3936 3476 4002 νικῆσαι
3497 3926 3801 4001 πειρωμένου

2259 4029 2322 4081 τὸ
2350 4026 2561 4096 ἕτερον,
2614 4023 2925 4096 παράδοξόν
2964 4042 3018 4078 τι
3067 4026 3268 4096 συνέϐη
3295 4043 3312 4060 ο
3367 4027 3444 4089 ώς
3492 4022 3682 4097 μικροῦ
3718 4017 3804 4072 δεῖν

2260 4098 2491 4175 ἄπιστον
2523 4115 2689 4184 εἶναι,
2721 4120 2771 4171 εί
2800 4118 2878 4188 μὴ
2905 4119 3179 4189 παρόντες
3237 4119 3289 4171 οἱ
3342 4118 3665 4187 θεασάμενοι
3692 4107 3806 4165 κατὰ

2260 4212 2517 4282 διαδοχὴν
2565 4209 2697 4281 ἄχρι
2726 4211 2822 4264 καὶ
2860 4213 2919 4273 ἐς
2949 4210 3113 4278 δεῦρο
3142 4210 3203 4263 τὸ
3226 4210 3460 4279 γεγονὸς
3489 4207 3806 4264 διεσώσαντο.

2263 4306 2433 4359 Ὅσον
2472 4304 2570 4372 μέν
2591 4302 2702 4372 γὰρ
2730 4301 3052 4373 ᾠκοδόμητο
3101 4301 3315 4372 Γάλλῳ,
3371 4301 3551 4364 καλῶς
3574 4300 3662 4354 καί
3689 4291 3808 4349 κατὰ

2261 4394 2494 4467 γνώμην
2519 4392 2741 4464 ἐχώρει,
2795 4392 2919 4447 καθ’
2949 4393 3193 4464 ἑκάστην
3249 4394 3534 4464 λαμϐάνον
3563 4389 3777 4446 ἐπίδοσιν
3797 4395 3809 4407 ·

2261 4481 2345 4550 οἷς
2382 4485 2429 4538 δ’
2462 4486 2714 4539 ἐπονεῖτο
2741 4483 3055 4551 Ἰουλιανὸς,
3088 4484 3158 4537 τὰ
3186 4485 3288 4552 μὲν
3316 4486 3430 4538 τῶν
3452 4482 3644 4554 τειχῶν
3677 4488 3814 4529 κατεο

2265 4578 2465 4642 σείετο,
2501 4579 2569 4631 τὰ
2595 4576 2654 4629 δέ
2689 4576 2784 4629 καί¹
2823 4577 2888 4629 ἐκ
2921 4575 3166 4644 βάθρων,
3202 4574 3397 4646 ὥσπερ
3428 4574 3493 4628 εκ
3526 4587 3662 4635 τινος
3682 4563 3812 4621 δυνά·

2270 4680 2420 4743 μεως
2443 4669 2768 4734 ἀντιτύπου,
2820 4667 3077 4722 κάτωθεν
3113 4666 3537 4738 ἀντεκρούοντο,
3586 4664 3672 4716 καὶ
3699 4655 3810 4719 ὑπὲρ

2268 4768 2376 4837 γῆν
2413 4765 2738 4836 ὴνεμοῦντο.
2793 4764 2913 4816 Etet
2964 4763 3009 4817 δ’
3057 4761 3095 4816 ἃ
3127 4760 3264 4833 μηδὲ
3303 4756 3663 4815 συνάπτεσθαι
3701 4746 3811 4819 πρὸς

2267 4858 2477 4928 ἄλληλα
2514 4859 2652 4920 ὅλως
2689 4855 2995 4925 ἠνείχοντο.
3029 4856 3139 4908 Καὶ
3168 4854 3323 4919 ξένον
3362 4855 3478 4915 τοῖς
3512 4847 3700 4921 ὁρῶσιν
3724 4838 3813 4891 ἰδό-

2268 4968 2357 5005 κει
2384 4953 2445 5004 τὸ
2476 4950 2676 5019 θέαμα,
2726 4948 2754 5000 ὃ
2785 4948 2882 5000 καὶ
2915 4950 2983 5000 ἐκ
3016 4947 3125 4999 τῶν
3171 4948 3426 5016 ὑστέρων
3458 4940 3691 5011 ἀκριϐῶς
3726 4933 3811 4985 διε-

2267 5043 2516 5114 γνώσθη.
2547 5039 2726 5096 Ἦσαν
2754 5039 2812 5093 δὲ
2839 5040 2890 5092 οἳ
2950 5040 3048 5091 καὶ
3078 5039 3203 5092 τότε
3259 5039 3539 5101 συνίεσαν,
3575 5030 3643 5102 μὴ
3671 5021 3809 5119 ὖγιῶξ

2273 5140 2376 5210 μὲν
2403 5138 2536 5206 περὶ
2563 5137 2666 5208 τὴν
2690 5134 2995 5208 θρησκείαν
3015 5132 3161 5204 ἔχειν
3194 5131 3288 5183 τὸν
3320 5130 3509 5200 ἄνδρα.
3535 5126 3641 5179 δέει
3665 5118 3714 5172 δὲ
3735 5118 3811 5210 τον

2273 5201 2632 5302 κρατοῦντος,
2667 5201 2760 5280 τὸν
2784 5201 3247 5296 ’Χριστιανισμδν
3312 5213 3713 5289 ὑποκρίνεσθαι,
3748 5201 3811 5302 θιδ

2271 5295 2368 5377 καὶ
2405 5323 2639 5377 ἄδεκτον
2692 5316 2835 5372 εἶναι
2867 5295 3005 5378 τοῖς
3042 5315 3286 5386 μάρτυσι
3318 5318 3422 5382 τὴν
3460 5295 3809 5380 προσαγωγὴν-

2272 5416 2345 5468 Τὸ
2374 5414 2432 5469 δὲ
2468 5413 2636 5475 σέϐας
2669 5412 2875 5465 ἀπεῖπε
2914 5408 2986 5461 τά
3016 5406 3214 5476 πρῶτα
3245 5403 3559 5463 συνουσίαις
3602 5394 3813 5488 μάντεων

2271 5507 2537 5577 ὑπαχθείς
2565 5523 2577 5536 ⁸
2610 5505 2736 5557 ἐπεὶ
2767 5503 2877 5573 γὰρ
2928 5500 3028 5568 τῆς
3057 5497 3230 5565 ὀργῆς
3263 5496 3504 5548 ὲπαιετο
3534 5493 3565 5551 ,ὁ
3594 5494 3806 5580 repertori

2270 5576 2475 5663 Γάλλος
2504 5598 2604 5669 μὲν
2659 5596 2806 5650 κατὰ.
2861 5596 2962 5662 τὴν
2996 5592 3238 5660 Ἔφεσον
3268 5584 3564 5653 διατρίϐων
3593 5576 3675 5648 ἦν,
3712 5576 3810 5671 fol;

2270 5689 2668 5750 διδασκαλείοις
2699 5685 2934 5756 φοιτῶν
2959 5683 3094 5736 ὅπου
3123 5680 3190 5749 δὴ
3212 5678 3306 5730 καὶ
3332 5679 3365 5744 ὴ
3406 5672 3629 5740 πατρῴα
3649 5670 3808 5727 κτῆσις

2269 5785 2593 5852 ἐτύγχανεν.
2640 5779 2701 5835 Ὀ
2730 5778 2788 5832 δὲ
2826 5776 3116 5837 Ἰουλιανὸς
3143 5774 3259 5834 τοῖς
3294 5770 3352 5821 ἐν
3400 5765 3806 5820 Κωνσταντινου-
3846 5764 3851 5776 ·

660 5987 737 6060 (l)
776 5984 947 6040 Iidem
996 5988 1190 6037 sancto
1227 5980 1417 6037 Maurae
1466 5978 1694 6049 martyri
1730 5973 1995 6045 templum
2031 5978 2386 6028 construunt.
2421 5967 2638 6024 Socrat.
2676 5964 2770 6020 lib.
2809 5976 2893 6031 ιιι,
2927 5976 3047 6031 cap.
3085 5958 3131 6026 l,
3168 5966 3224 6014 et
3255 5955 3388 6012 item
3428 5950 3643 6015 Eutrop.
