4054 6456
369 451 475 512 437

1317 444 1923 512 ECCLESIASTIC/E
1965 443 2359 506 HISTORL'E
2401 429 2567 503 LIB.‘
2595 441 2666 502 X.

3538 427 3641 488 4‘33

373 566 531 618 πόλει
583 565 990 636 παιδευτηρίοις
1047 566 1192 618 κ>τά
1226 566 1328 637 τὴν
1369 563 1657 636 βασιλικὴν
1690 564 1955 634 ἠκροᾶτο,

2083 571 2323 614 ιονοιοιθ
2355 557 2457 621 ira,
2497 555 2688 612 Gallus
2719 553 2921 608 deinde
2948 549 3147 620 Ephesi
3184 547 3256 617 (‘2)
3290 543 3546 613 degebat,
3589 543 3644 595 iu

368 654 472 715 τὰς
520 651 784 721 προόδους
833 655 892 704 ὲν
938 648 1150 702 εὐτελεῖ
1177 649 1553 716 πεποιημένος
1581 647 1662 718 τῷ
1710 647 1956 717 σχήματι

371 743 482 798 ὑπὸ
508 741 824 813 Μαρδονίου
859 739 958 794 τοῦ
982 739 1239 809 εὐνούχου
1279 739 1574 809 ἀγόμενος.
1628 738 1690 790 '0
1723 737 1826 806 μὲν
1863 731 1959 790 οὖν

380 837 574 892 Λάκων
629 831 907 902 Νικοκλῆς
955 829 1066 885 τῶν
1125 831 1539 902 γραμματικῶν
1593 829 1770 896 λόγων
1806 827 1960 894 αὐτῷ

381 925 672 994 παιδευτὴς
702 919 774 994 ἦν
801 940 818 954 ·
841 925 948 976 ὅσα
979 923 1036 976 δὲ
1067 924 1170 992 τῆς
1199 922 1503 994 ῥητορικῆς
1536 917 1704 992 ἦσαν,
1731 919 1962 992 Ἑκηϐό-

379 1017 493 1080 λιος
524 1015 830 1080 ἐδιδάξατο.
862 1014 946 1069 Τὰ
985 1013 1338 1083 Χριστιανῶν
1363 1013 1422 1066 δὲ
1449 1012 1754 1081 τηνικαῦτα
1777 1012 1960 1082 ἠσπάο

379 1109 506 1173 ξετο
542 1107 886 1178 Ἐκησόλιος.
912 1107 1028 1177 Τῆς
1051 1107 1108 1160 δὲ
1135 1106 1394 1178 τοιαύτης
1418 1106 1765 1177 προμηθείας
1787 1105 1962 1169 αἴτιος

376 1201 406 1252 ὁ
439 1199 822 1261 Κωνστάντιος
847 1193 937 1268 ἦν.
978 1195 1200 1252 Ἐδεδίει
1231 1198 1342 1268 γὰρ
1369 1197 1444 1267 μὴ
1467 1196 1604 1268 πρὸς
1630 1197 1965 1265 δεισιδαιμο-

380 1291 499 1344 νίαν
529 1290 770 1344 ὲκκλίνοι
815 1289 1046 1362 ’Έλληνι
1078 1289 1399 1360 διδασκάλῳ
1455 1291 1832 1360 χρησάμενος.
1855 1290 1964 1341 Φύ-

385 1397 526 1445 σεως
564 1381 622 1434 δὲ
651 1379 833 1451 λαχὼν
891 1383 1022 1452 περὶ
1063 1382 1132 1434 τά
1176 1382 1478 1452 μαθήματα
1507 1383 1709 1446 δεξιᾶς,
1745 1381 1965 1444 πολλοῖς

383 1474 798 1542 συγγινόμενος,
826 1475 1018 1546 φήμην
1057 1471 1204 1544 εἶχεν
1228 1474 1304 1537 ὡς
1331 1475 1518 1534 ίκανθις
1539 1475 1625 1544 εἴη
1669 1476 1764 1528 καὶ
1789 1475 1969 1543 πράγ-

387 1581 536 1633 ματα
554 1565 779 1620 διοικεῐν
801 1581 816 1596 ⁸
838 1566 928 1622 ναὶ
961 1567 1068 1636 μὴν
1097 1568 1194 1620 καὶ
1220 1567 1322 1636 τὴν
1345 1568 1535 1635 κοινὴν
1557 1567 1768 1619 διέπειν
1790 1567 1966 1636 ἀρχὴν

385 1658 610 1727 ἄριστος
633 1655 776 1711 εἶναι
805 1659 1076 1729 ἐκρίνετο.
1131 1659 1285 1712 Ἐπεὶ
1321 1659 1378 1712 δὲ
1417 1659 1588 1723 πολὺς
1617 1661 1644 1712 ὁ
1681 1661 1810 1730 περὶ
1841 1659 1964 1712 τού-

386 1766 484 1802 του
525 1749 678 1818 λόγος
711 1752 956 1820 ἐκράτει,
989 1749 1176 1823 ἡρέμα
1221 1755 1302 1815 εἰς
1335 1754 1586 1822 ταραχὴν
1611 1751 1778 1822 ἐνῆγε
1813 1755 1969 1805 Κων-

389 1843 661 1898 στάντιον.
697 1843 892 1897 Ἐνθεν
923 1861 1004 1898 τοι
1042 1847 1139 1898 καὶ
1169 1847 1231 1898 ὲκ
1259 1847 1362 1914 τῆς
1413 1849 1681 1916 μεγίστης
1715 1845 1846 1899 τῶνδ
1862 1847 1965 1898 πό-

2064 649 2272 704 scholis
2305 647 2505 703 studiis
2523 659 2748 717 operam
2775 657 2984 697 navaus
3015 657 3029 694 :
3078 639 3172 694 ubi
3205 637 3374 692 etiam
3401 641 3646 704 patet-tne

2062 747 2220 794 erant
2259 739 2664 808 possessiones.
2722 736 2975 792 Julianus
3007 748 3137 787 vero
3161 726 3647 797 Constantinopoli

2067 828 2122 882 in
2157 829 2386 884 basilica
2403 829 2672 883 docentes
2695 836 3069 897 praeceptores
3091 823 3308 878 audivit
3333 839 3346 876 :
3379 820 3649 888 tenuique

2067 923 2120 976 in
2138 921 2362 991 publico
2387 937 2518 976 usus
2537 931 2619 976 est
2637 922 2862 983 vestitu,
2891 917 3160 974 Mardonii
3183 915 3424 972 eunuchi
3452 914 3649 967 dttctn.

2068 1011 2477 1068 Grammaticen
2515 1027 2642 1065 eum
2675 1011 2868 1066 docuit
2904 1010 3157 1091 Nic9clcs
3190 1005 3368 1060 Lacon
3403 1021 3419 1058 :
3461 1004 3650 1058 rheto-

2067 1107 2220 1160 ricen
2263 1113 2448 1159 autem
2475 1101 2792 1164 Et-ebolius,
2818 1102 2914 1172 qui
2948 1110 3062 1156 tum
3086 1098 3462 1155 Christianam
3491 1111 3645 1152 com-

2069 1200 2263 1270 plexos
2290 1199 2473 1254 fuerat
2504 1199 2850 1269 religionem.
2877 1195 3203 1250 Proriderat
3229 1194 3335 1248 hoc
3367 1192 3448 1248 sic
3507 1191 3656 1246 Cott-

2067 1293 2328 1358 stantius,
2382 1292 2595 1348 veritus
2634 1306 2703 1344 ne
2750 1289 2818 1342 ad
2856 1288 3334 1358 superstitionem,
3385 1286 3426 1340 si
3461 1285 3653 1338 Grteeo

2071 1395 2318 1440 uteretur
2359 1383 2650 1454 magistro,
2699 1381 3030 1436 declinaret.
3070 1379 3136 1432 Et
3191 1394 3313 1432 cum
3341 1377 3656 1445 disciplinis

2035 1474 2349 1528 discendis
2400 1473 2668 1544 praeclaro
2716 1479 2865 1528 esset
2917 1471 3161 1542 ingenio,
3197 1479 3252 1524 et
3297 1486 3420 1526 cum
3464 1469 3656 1522 multis

2071 1563 2404 1620 tatniliarius
2463 1563 2702 1628 viveret,
2741 1563 3023 1617 celebrem
3056 1571 3142 1616 est
3193 1559 3418 1627 fatuam,
3467 1559 3532 1612 ad
3570 1574 3657 1611 res

2070 1671 2291 1726 quoque
2322 1655 2794 1710 administrandas
2823 1654 3080 1708 idoneum
3115 1669 3244 1710 eum
3272 1668 3418 1717 esse,
3458 1667 3662 1706 conse-

2072 1762 2254 1804 cutus.
2281 1749 2425 1816 Quin
2455 1759 2512 1803 et
2537 1751 2602 1802 ad
2633 1748 2928 1817 imperium
2965 1748 3145 1817 ipsum
3179 1747 3482 1817 gerendum
3512 1747 3658 1812 opti-

2075 1859 2198 1897 naus
2229 1854 2312 1898 est
2352 1843 2657 1914 judicatus.
2698 1842 2816 1908 Qua
2841 1840 2908 1895 de
2945 1857 3003 1894 re
3029 1856 3154 1895 cum
3188 1855 3476 1894 sermones
3506 1838 3662 1892 iura-

386 1933 528 1986 λεων
556 1937 698 1989 κατὰ
726 1937 826 2008 τὴν
857 1937 1230 2007 Νικομήδειαν
1272 1938 1482 2006 γίνεται
1502 1978 1518 2000 ,
1552 1937 1872 2000 κελευσθεὶς
1913 1937 1970 1990 δὲ

2083 1943 2367 1996 lescereut.
2401 1933 2760 1990 Constantius
2799 1945 2883 1989 est
2933 1933 3312 2004 perturbatus.
3368 1932 3559 2000 Itaque
3593 1947 3660 1983 ex

389 2027 466 2096 μὴ
517 2027 596 2099 τῷ
646 2029 803 2100 Σύρῳ
849 2034 1078 2102 σοφιστῇ
1123 2030 1366 2102 Λιβανίῳ
1425 2033 1662 2103 φοιτᾲνσ
1712 2032 1835 2086 τότε
1860 2029 1970 2101 γὰρ

387 2122 600 2182 ἐκεῖνος
631 2123 737 2176 ὑπὸ
791 2123 904 2176 τῶν
938 2124 1308 2194 παιδαγωγῶν
1358 2126 1460 2194 τῆς
1489 2125 1702 2187 πόλεως
1733 2124 1970 2190 ἐλαθεὶς,

385 2215 472 2277 εἰς
497 2214 598 2284 τὴν
633 2200 1006 2285 Νικομήδειαν
1024 2217 1086 2268 τὸ
1113 2216 1498 2270 διδασκαλεῖον
1529 2218 1807 2288 ἐπήγνυτο
1827 2233 1843 2250 ο
1881 2219 1975 2270 καὶ

389 2305 535 2360 κατά
559 2305 670 2358 τῶν
700 2307 1071 2376 παιδαγωγῶν
1101 2309 1192 2361 τὸν
1251 2307 1407 2377 χόλον
1447 2309 1784 2376 ἐπιδεικνὺς,
1818 2308 1976 2376 λόγον

389 2397 630 2464 ἐξαίσιον
657 2399 921 2470 ἔγραφεν.
967 2401 1259 2465 Ἰουλιανὸς
1281 2403 1357 2466 δὲ,
1390 2403 1438 2456 εί
1464 2404 1559 2456 καὶ
1585 2403 1676 2456 διὰ
1703 2404 1802 2474 τὴν
1838 2401 1976 2474 θρη-

391 2491 582 2544 σκείαν
614 2493 817 2564 ἦκιστα
851 2495 1005 2564 παρά
1032 2495 1111 2566 τῷ
1146 2495 1393 2568 Λιϐανίῳ
1429 2497 1618 2566 φοιτᾷν
1669 2496 1974 2563 ἐκελεύετο,

387 2585 543 2656 ὅμως
565 2590 645 2652 είς
668 2590 842 2658 ἀκρον
865 2589 1036 2644 αὑτοῦ
1057 2593 1376 2656 συντακεὶς,
1400 2592 1587 2662 κρύφα
1617 2595 1742 2655 τοὺς
1767 2593 1975 2644 ἐκείνου

391 2673 586 2742 λόγους
610 2678 882 2744 συνάγων,
911 2679 1100 2732 πᾶσαν
1145 2682 1386 2734 ἐποιεῖτο
1437 2681 1680 2754 σπουδὴν
1721 2685 1977 2752 ἐκμιμεῖ-

393 2765 544 2820 σθαι.
579 2767 670 2824 Ἐν
695 2771 876 2839 τούτῳ
899 2771 956 2822 δὲ
1000 2769 1250 2840 Μάξιμος
1277 2774 1304 2825 ὁ
1329 2771 1644 2842 φιλόσοφος,
1683 2773 1782 2842 οὐχ
1807 2775 1834 2825 ὁ
1871 2774 1978 2824 Βυ-

394 2858 634 2926 ζάντιος,
669 2861 786 2913 ἀλλ’
813 2862 870 2924 ὃς
911 2863 1158 2932 Ἔφεσον
1212 2862 1327 2935 εἶχε
1363 2866 1623 2935 πατρίδα,
1647 2863 1704 2918 ὃν
1731 2868 1788 2928 ἐς
1825 2865 1981 2919 ὓστε-

400 2967 499 3022 ρον
536 2953 934 3018 οὐαλεντιανὸς
991 2956 1360 3026 μαγγανείαις
1401 2959 1600 3014 ἁλόντα
1637 2959 1840 3025 ἀνεῖλε,
1892 2958 1981 3013 διὰ

400 3040 594 3112 φήμην
627 3042 922 3098 Ἰουλιανοῦ
949 3048 1093 3102 κασά
1122 3047 1220 3114 τὴν
1254 3047 1627 3118 Νικομήδειαν
1657 3048 1900 3120 ἔρχεται,
1920 3042 1980 3103 οὗ

395 3131 510 3186 τῶν
540 3133 852 3203 φιλοσόφων
886 3136 1060 3206 λόγων
1117 3139 1403 3209 ἀκροατὴς
1445 3139 1712 3209 γεγονὼς,
1766 3141 1982 3209 καὶτῆς

398 3225 620 3280 ἐκείνου
648 3226 950 3298 θρησκείας
989 3231 1230 3302 ιραοτὴς
1263 3231 1530 3302 διάπυρος
1553 3231 1644 3304 ἦν.
1669 3234 1903 3301 Λέγεται
1933 3233 1979 3286 δ’

397 3315 494 3373 οὖν
528 3321 735 3376 ἐκεῖνον
763 3325 858 3375 καὶ
882 3326 968 3388 εἰς
988 3325 1078 3378 τὸν
1129 3325 1227 3396 τῆς
1258 3325 1436 3396 ἀρχῆς
1469 3325 1651 3396 ἔρωτα
1682 3326 1982 3398 διερεθέσαι

397 3411 590 3466 τοῦτον
629 3414 690 3466 οὐ
719 3415 942 3486 μέτρια,
999 3419 1234 3490 μαντεία
1266 3419 1327 3471 τὸ
1377 3419 1788 3491 θρυλλούμενον
1839 3439 1982 3492 μυη-

399 3506 587 3572 θέντα,
641 3509 736 3564 καὶ
792 3511 874 3573 είς
919 3513 1077 3580 μῖσος
1131 3513 1326 3565 ἐλάσαι
1380 3513 1477 3568 τοῦ
1515 3513 1982 3585 Χριστιανισμοῦ.

411 3601 572 3656 Ἐπεὶ
597 3601 654 3656 δὲ
684 3604 858 3656 ταῦτα
898 3605 1088 3659 λαθεῖν
1119 3607 1219 3660 οὐκ
1269 3602 1340 3678 ἦν
1370 3608 1464 3657 τὴν
1492 3608 1898 3672 Κωνστάντιον,
1929 3609 1986 3660 ὲν

400 3696 632 3766 ὑπονοίᾳ
685 3697 978 3768 γενόμενος
1027 3699 1330 3772 δυσχερῶν,
1359 3703 1457 3755 καὶ
1491 3703 1610 3764 ταῖς
1639 3701 1849 3766 αίσίαις
1877 3700 1990 3755 τῶν

403 3786 639 3843 ἐλπίδων
672 3791 1046 3861 βουκοληθεὶς,
1091 3793 1160 3848 τὰ
1209 3794 1461 3864 μοναχῶν
1502 3794 1746 3865 ὑπῆλθεν
1779 3797 1837 3848 ἐν
1870 3793 1988 3864 χρῷ

402 3883 736 3952 κειράμενος
765 3901 777 3914 ·
810 3887 904 3938 καὶ
941 3885 1002 3939 δν
1039 3887 1164 3950 ταῖς
1191 3887 1475 3958 ἀληθείαις
1521 3889 1789 3958 πρότερον
1812 3887 1991 3956 ἠσπά-

401 3976 532 4040 ζετο
561 3976 1012 4048 Χριστιανισμὸν,
1040 3980 1164 4033 τότε
1199 3979 1454 4043 πλαστῶς
1504 3977 1694 4052 μετῄει
1720 3997 1737 4012 ·
1767 3983 1864 4033 καὶ
1893 3979 1990 4034 λά-

403 4071 512 4139 θρα
533 4069 626 4124 τὸν
651 4070 950 4140 φιλόσοφον
981 4073 1206 4143 ἠσκεῖτο
1237 4074 1398 4142 λόγον
1421 4089 1435 4105 ο
1463 4073 1541 4144 τῷ
1571 4074 1630 4127 δὲ
1672 4074 1988 4145 φαινομένῳ

402 4163 499 4216 τὸν
520 4161 614 4216 τοῦ
640 4163 993 4232 ἀναγνώστου
1021 4165 1232 4236 βαθμὸν
1259 4165 1532 4228 ὑπελθὼν,
1561 4165 1632 4220 τὰ
1655 4167 1779 4238 ἱερὰ
1801 4165 1990 4236 Γράμ·

407 4272 557 4320 ματα
619 4257 1023 4326 ἀνεγίνωσκεν·
1081 4258 1333 4313 ἐντεῦθεν
1382 4258 1484 4330 τὴν
1538 4259 1659 4312 κατ’
1696 4257 1861 4311 αὐτοῦ
1893 4257 1989 4312 τοῦ

405 4347 748 4420 κρατοῦντος
829 4351 1178 4404 ἀναστέλλων
1239 4351 1516 4408 ὑπόνοιαν.
1592 4350 1750 4404 Ἐπεὶ
1799 4349 1857 4404 δὲ
1913 4349 1992 4420 τῷ

405 4440 587 4509 χρόνῳ
620 4441 888 4510 προῆκεν,
918 4441 972 4493 εί
1001 4439 1083 4504 τίς
1103 4441 1222 4494 ἐστι
1247 4442 1412 4512 τέχνη
1437 4443 1498 4494 τὸ
1535 4439 1734 4511 μέλλον
1761 4442 1990 4495 ἐπιστα-

415 4531 575 4602 μένη,
627 4526 991 4604 διηρευνᾶτοο
1053 4534 1149 4586 καὶ
1201 4533 1511 4602 ἀναγκαίαν
1565 4534 1804 4587 ἐποιεῖτο
1861 4535 1994 4605 περὶ

2077 2029 2214 2082 urbe
2263 2028 2502 2082 maxima
2539 2029 2615 2099 (5)
2664 2026 3046 2082 Nicomediam
3083 2025 3382 2078 translatus
3409 2033 3531 2078 est:
3567 2023 3662 2076 ubi

2078 2138 2145 2176 ne
2181 2121 2246 2176 ad
2308 2120 2604 2176 Libauium
2663 2123 2866 2192 Syrum
2924 2119 3227 2190 solthistam
3273 2121 3402 2182 iret,
3461 2117 3514 2174 ei
3579 2127 3666 2172 est

2077 2211 2463 2268 interdictum.
2501 2215 2582 2278 Εο,
2605 2213 2758 2268 enim
2791 2224 3046 2282 tempore
3095 2227 3125 2266 a
3180 2211 3489 2282 paedagogis
3528 2212 3665 2266 urbe

2075 2307 2692 2378 Constantinopolitana
2727 2306 2990 2377 expulsus
3025 2305 3140 2369 ille,
3185 2303 3525 2360 Nicomediae
3581 2304 3669 2358 lu-

2077 2401 2208 2456 dum
2227 2411 2541 2471 aperuerat,
2569 2402 2660 2455 ubi
2687 2399 2958 2456 adversus
2975 2399 3298 2470 ptedagOgos
3316 2399 3666 2453 stomachum

2054 2495 2404 2560 ,osleudens,
2441 2497 2753 2551 orationem
2808 2503 3002 2549 contra
3035 2509 3134 2548 eos
3165 2493 3490 2562 pra-claram
3525 2508 3668 2544 cutt-

2081 2590 2326 2660 st-ripsit.
2351 2589 2610 2645 Julianus
2635 2605 2782 2649 cum,
2815 2596 3040 2657 propter
3067 2586 3417 2656 religionem,
3445 2586 3669 2640 Labauii

2081 2681 2543 2735 consuetudinem
2573 2681 2764 2750 fugere
2814 2680 3004 2751 jussus
3033 2678 3249 2742 fuisset,
3307 2675 3460 2748 quod
3487 2689 3668 2732 tamen

2083 2787 2300 2827 summo
2332 2773 2380 2826 ei
2421 2771 2591 2827 animi
2650 2771 3036 2827 benevolentia
3111 2770 3444 2841 conjunctus
3499 2783 3673 2835 esset,

2083 2867 2220 2920 clam
2255 2865 2428 2920 libros
2449 2865 2570 2936 ejus
2599 2864 2962 2934 comparavit,
2992 2877 3199 2932 eosque
3227 2863 3524 2933 diligenter
3553 2862 3676 2916 imi-

2087 2960 2189 3014 tari
2225 2959 2462 3014 studuit.
2519 2959 2734 3014 Interea
2779 2956 3047 3014 Maximus
3106 2956 3498 3026 philoSOphus,
3563 2972 3672 3010 non

2085 3054 2380 3126 Byzantius
2406 3053 2518 3117 ille,
2548 3053 2604 3123 8
2635 3051 2731 3106 sed
2764 3051 2856 3121 qui
2887 3050 3166 3120 Ephesum
3195 3050 3426 3118 patriam
3456 3048 3672 3110 habuit,

2085 3155 2136 3198 et
2172 3154 2362 3212 postea
2391 3159 2422 3198 a
2449 3141 2842 3198 Valentiniano
2865 3143 3198 3212 magicarum
3237 3139 3675 3210 imposturarum

2011 3271 2052 3324 ο
2089 3237 2396 3302 convictus,
2421 3251 2597 3290 czesus
2624 3245 2728 3300 est,
2761 3234 2964 3289 Juliani
3010 3233 3154 3288 iama
3183 3243 3468 3306 permotus
3513 3233 3678 3286 Nico-

2092 3329 2327 3384 mediam
2361 3329 2552 3384 venit:
2589 3329 2748 3398 cujus
2775 3344 2900 3382 cum
2939 3328 2993 3382 in
3033 3325 3386 3396 philosophia
3423 3325 3669 3382 auditor.

2092 3434 2204 3476 tum
2242 3425 2409 3477 etiam
2445 3421 2500 3475 in
2537 3420 2936 3491 superstitione
2981 3419 3230 3473 imitator
3262 3428 3433 3488 atque
3464 3425 3679 3470 amator

2089 3515 2394 3570 acerrimus
2425 3515 2544 3568 fuit.
2591 3513 2690 3570 llic
2721 3513 2874 3568 illum
2919 3513 3126 3567 dicitur
3179 3528 3288 3567 non
3323 3509 3680 3565 mediocriter

2090 3606 2156 3662 ad
2179 3607 2486 3678 imperandi
2525 3606 2809 3662 libidinem
2839 3605 3136 3670 excitasse,
3175 3619 3298 3659 eum
3326 3603 3490 3658 sicuti
3533 3603 3677 3657 fama

2093 3705 2375 3776 vulgatum
2407 3710 2514 3764 est,
2545 3699 2846 3754 ariolorum
2879 3697 3057 3754 sacris
3088 3695 3372 3751 initiatqu
3400 3695 3678 3751 instituis-

2092 3808 2195 3863 set,
2223 3807 2279 3851 et
2309 3797 2375 3850 ad
2401 3792 2810 3850 Christianismi
2843 3791 3032 3846 odium
3085 3789 3459 3860 produxisset.
3519 3787 3676 3856 Quod

2093 3891 2222 3962 quia
2251 3889 2639 3946 Constantium
2687 3885 2859 3940 latere
2892 3900 3001 3939 non
3055 3883 3260 3955 potuit,
3321 3884 3377 3936 in
3425 3881 3677 3954 gravium

2096 3999 2281 4040 rerqu
2316 3980 2689 4052 suspicionem
2739 3976 2955 4032 incidit.
3011 3975 3076 4028 Et
3123 3990 3218 4044 spe
3251 3973 3414 4028 simul
3481 3989 3568 4038 ea,
3623 3973 3679 4033 in

2097 4092 2260 4148 (piam
2288 4073 2484 4130 faustis
2509 4071 2756 4143 auguriis
2787 4081 3010 4125 erectus
3041 4078 3186 4130 erat,
3243 4067 3538 4127 adductus,
3589 4082 3682 4119 ca-

2097 4173 2208 4242 pite
2242 4180 2403 4224 tonso
2438 4168 2745 4223 monachus
2781 4164 2958 4219 factus
2988 4173 3094 4218 est.
3124 4161 3198 4216 lla
3243 4163 3360 4227 ille,
3388 4176 3555 4232 quem
3587 4176 3685 4213 an-

2099 4275 2184 4317 tea
2216 4276 2409 4316 revera
2445 4267 2753 4328 receperat,
2787 4273 2914 4312 eum
2951 4267 3064 4311 tum
3127 4255 3265 4312 falso
3297 4271 3409 4325 prae
3462 4271 3521 4309 se
3557 4255 3683 4308 tulit

2098 4353 2604 4412 Christianismum.
2658 4351 2729 4406 Et
2775 4349 2998 4430 occulte
3054 4349 3418 4418 philosophim
3457 4364 3684 4418 operam

2101 4447 2292 4504 dedit:
2328 4456 2520 4518 aperte
2561 4453 2743 4500 autem
2762 4439 2838 4503 λιι
2862 4444 3131 4498 lectorum
3176 4439 3512 4496 Nicomediae
3537 4440 3690 4494 ordi-

2101 4558 2226 4596 nem
2251 4541 2448 4606 lectus,
2483 4554 2669 4594 sacras
2690 4537 2825 4609 legit
2847 4535 3104 4590 Litteras.
3132 4533 3250 4602 Qua
3285 4550 3343 4587 re
3373 4548 3494 4588 eam
3525 4549 3688 4602 quam

414 4628 606 4681 τούτου
630 4628 886 4700 σπουδήν.
916 4629 1014 4682 Διά
1047 4645 1128 4682 τοι
1151 4629 1246 4682 καί⁸
1276 4628 1329 4681 ετ
1351 4627 1456 4681 πού
1493 4645 1617 4682 τινα
1646 4627 1811 4696 ἔγνω,
1839 4627 1981 4698 φίλοι

2104 4639 2169 4691 de
2199 4635 2290 4690 illo
2312 4636 2614 4699 imperator
2642 4639 2994 4702 conceperat,
3029 4631 3400 4701 suspicionem
3425 4628 3688 4683 abolevit.

421 4721 577 4784 εὐθὺς
645 4724 902 4776 ἐποιεῖτο.
970 4723 1186 4793 Ἦρέμα
1237 4721 1295 4776 δέ
1338 4739 1456 4780 πως
1499 4724 1596 4776 καὶ
1636 4721 1852 4784 πολλοῖς
1883 4721 1994 4774 τῶν

416 4815 667 4886 ἑταίρων,
707 4816 800 4869 τὸν
835 4815 1037 4868 σκοπὸν
1065 4814 1379 4868 ἐκοινοῦτο·
1431 4819 1528 4872 καὶ
1571 4817 1684 4868 τότ’
1716 4815 1994 4870 ἐνευδοκι-

415 4909 614 4980 μήσειν
639 4910 737 4973 τὰς
769 4909 959 4972 πόλεις
981 4906 1293 4978 ὲφοίϐαζεν,
1319 4907 1472 4976 ἡνίκ’
1491 4907 1558 4961 ἂν
1585 4908 1747 4972 αὐτὸς
1773 4909 1998 4964 ἐπὶτῶν

410 5001 553 5057 ὅλων
582 5002 648 5076 δὴ
697 5000 1034 5073 κατασταίη.
1071 5003 1171 5054 Διὰ
1199 5004 1359 5054 τοῦτο
1390 5003 1489 5073 τὴν
1539 5001 1892 5072 Νικομήδους
1921 5001 2000 5056 λι-

413 5094 556 5161 πὼν,
595 5098 673 5158 εἰς
703 5095 892 5149 Ἀπίαν
913 5091 1057 5168 εἷχε·
1088 5094 1184 5148 καὶ
1213 5097 1326 5158 τοῖς
1349 5093 1616 5158 τοιούτοις
1648 5098 1999 5164 συγγεγονὼς

411 5191 525 5244 τῶν
551 5189 781 5261 ἀνδρῶν,
845 5189 1049 5262 μᾶλλον
1093 5189 1234 5260 πρὸς
1285 5191 1517 5243 τοιαῦτα
1544 5191 1854 5261 ὲπὲρῤωτο.
1889 5189 1997 5244 Τοῦ

411 5284 472 5338 δὲ
499 5281 729 5352 ἀδελφοῦ
765 5281 934 5336 αὐτοῦ
983 5279 1192 5338 Γάλλου
1239 5279 1520 5354 Καίσαρος
1557 5282 1996 5353 ἀναδειχθέντος,

413 5371 511 5430 καὶ
542 5376 888 5447 νεωτερίζειν
917 5373 1412 5444 καταγγελθέντος,
1468 5377 1526 5428 ὲν
1562 5376 1845 5439 ὑπονοίαις
1903 5375 1998 5428 καὶ

413 5463 900 5540 οὗτοςνγενόμενος
931 5470 1005 5532 ὡς
1029 5469 1138 5540 ἄρα
1176 5468 1452 5542 βασιλειᾷ,
1483 5470 1590 5523 ὑπὸ
1632 5471 1880 5540 φρουρὰν
1907 5488 2002 5542 γε-

415 5561 612 5634 γονὼς,
639 5565 707 5636 τῇ
733 5563 953 5634 γαμετῇ
988 5562 1378 5618 Κωνσταντίου
1412 5561 1654 5634 [εὐσεϐίᾳ
1684 5563 1828 5636 μέσῃ
1857 5581 1998 5635 χρη-

489 5723 570 5796 (Ξ)
610 5724 824 5782 Gallum
871 5725 925 5779 in
969 5724 1146 5792 lonia,
1200 5723 1427 5796 Ephesi,
1473 5724 1569 5781 tibi
1621 5725 2004 5795 possessiones

418 5809 676 5865 paternas
709 5796 935 5861 habuit;
965 5798 1053 5852 Jul
1081 5812 1248 5866 anum
1277 5806 1460 5852 autem
1491 5798 1999 5865 Constantinopoli,

419 5867 523 5920 sub
556 5867 836 5934 magistris
869 5878 927 5921 et
968 5868 1406 5934 praeceptorihu;
1437 5877 1734 5935 utrumque
1772 5867 1999 5920 doctum

421 5948 586 6008 atque
617 5940 911 5994 educatum
959 5953 1077 5995 esse
1112 5939 1381 5994 scribunt.
1419 5937 1700 5993 Jul-anum
1742 5939 1795 5991 in
1831 5939 2000 5992 lecto-

2103 4727 2313 4784 Deinde
2344 4743 2475 4782 vero
2506 4743 2574 4782 eo
2599 4734 2686 4781 est
2718 4733 3035 4796 provectus,
3063 4732 3123 4777 ut
3165 4721 3212 4776 si
3245 4737 3368 4792 qua:
3394 4735 3486 4776 ars
3534 4727 3688 4774 esset

2105 4839 2289 4878 rerum
2322 4821 2636 4876 futurarum
2666 4817 2987 4879 divinatrix,
3019 4824 3392 4874 scrutaretur.
3421 4827 3689 4866 necessa-

2106 4912 2299 4983 rioque
2329 4924 2449 4965 eam
2479 4907 2584 4964 sibi
2617 4907 2937 4962 discendam
2975 4921 3098 4960 esse
3147 4911 3385 4973 putaret.
3425 4903 3683 4974 Promer-

2103 5022 2169 5061 ea
2223 5004 2268 5060 si
2302 5018 2465 5073 quem
2497 5003 2619 5074 ejus
2682 5004 2759 5055 rei
2799 5001 3110 5056 Stutliosum
3177 4995 3458 5066 cognovit,
3505 4993 3692 5049 statim

2102 5116 2228 5156 eum
2249 5098 2355 5154 sibi
2389 5087 2632 5151 amicum
2658 5094 2804 5150 fecit.
2853 5092 2921 5148 Et
2950 5089 3218 5164 paulatim
3250 5105 3376 5144 cum
3407 5087 3690 5158 plerisque
3769 5143 3793 5158 χ

2103 5208 2334 5249 suorum
2374 5189 2648 5247 sodalium
2691 5187 2984 5244 consilium
3026 5201 3190 5241 suum
3239 5181 3692 5239 communicavit.

2103 5283 2173 5339 Et
2205 5293 2316 5340 tum
2352 5283 2578 5338 demum
2620 5281 2788 5336 urbes
2812 5279 2989 5352 gloria
3020 5278 3284 5332 ﬂorentes
3329 5273 3468 5340 fore,
3529 5271 3689 5344 quasi

2103 5377 2360 5432 divinans
2413 5371 2688 5444 praedixit,
2719 5387 2843 5426 cum
2897 5371 3012 5440 ipse
3063 5369 3129 5423 ad
3181 5381 3366 5420 rerum
3413 5378 3687 5420 summam

2106 5469 2442 5542 perveniret.
2472 5466 2554 5522 0b
2582 5481 2748 5536 quam
2779 5479 3002 5519 causam
3041 5462 3208 5516 etiam
3242 5457 3568 5514 Nicomedia
3596 5472 3688 5509 re-

2105 5569 2252 5626 1ιυιιι,
2286 5563 2471 5618 Asiam
2509 5560 2707 5632 petiit:
2772 5569 2829 5614 et
2897 5572 3023 5612 cum
3071 5551 3342 5626 ejusmodi
3396 5550 3688 5604 hominum

2105 5741 2230 5780 rum
2261 5723 2514 5780 ordinem
2542 5728 3037 5790 rooptatuuresse.
3069 5724 3123 5769 et
3152 5715 3206 5769 in
3238 5711 3484 5790 publicis
3507 5711 3696 5790 Eccle-

2105 5815 2200 5851 SHB
2257 5782 2663 5848 conventibus.
2698 5805 2888 5844 sacros
2941 5787 3138 5841 Libros
3201 5783 3408 5854 populo
3471 5782 3695 5852 legisse,

2106 5866 2489 5923 'l'In-otlorcttts
2521 5863 2660 5916 dicit
2684 5860 2778 5914 lii).
2818 5877 2896 5921 ιιι,
2931 5875 3031 5926 cap
3081 5859 3135 5911 2.

2181 5939 2254 6007 (ὅ)
2299 5937 2390 5988 Ἐκ
2421 5935 2513 6002 τῆς
2555 5923 3009 6001 seruiendi-am.
3027 5931 3188 5985 Socr.
3222 5928 3318 5983 lib.
3363 5944 3443 5992 ιιι,
3483 5943 3602 5997 eap.
3643 5923 3692 5979 i.
