  <div class='ocr_page' id='page_1' title='image "/cluster/home/n/w/nwhite01/storage/ocr_20150623/146:no.2/coo.31924054870518/227.png"; bbox 0 0 4054 6458; ppageno 0'>
   <div class='ocr_carea' id='block_1_1' title="bbox 489 376 3732 453">
    <p class='ocr_par' dir='ltr' id='par_1_1' title="bbox 489 376 3732 453">
     <span class='ocr_line' id='line_1_1' title="bbox 489 376 3732 453; baseline 0.005 -17"><span class='ocrx_word' id='word_1_1' title='bbox 489 376 594 436; x_wconf 71' lang='lat'><strong>639</strong></span> <span class='ocrx_word' id='word_1_2' title='bbox 1723 379 1770 439; x_wconf 88' lang='grc' dir='ltr'><strong>Ν</strong></span> <span class='ocrx_word' id='word_1_3' title='bbox 1779 380 2147 446; x_wconf 82' lang='lat' dir='ltr'><strong>ICEPHORI</strong></span> <span class='ocrx_word' id='word_1_4' title='bbox 2183 387 2532 447; x_wconf 83' lang='lat' dir='ltr'><strong>CALLlSTI</strong></span> <span class='ocrx_word' id='word_1_5' title='bbox 3639 391 3732 453; x_wconf 69' lang='grc'><strong>440</strong></span> 
     </span>
    </p>
   </div>
   <div class='ocr_carea' id='block_1_2' title="bbox 488 487 2070 568">
    <p class='ocr_par' dir='ltr' id='par_1_2' title="bbox 488 487 2070 562">
     <span class='ocr_line' id='line_1_2' title="bbox 488 487 2070 562; baseline 0.003 -19"><span class='ocrx_word' id='word_1_6' title='bbox 488 503 691 560; x_wconf 87' lang='lat' dir='ltr'><strong>genere</strong></span> <span class='ocrx_word' id='word_1_7' title='bbox 742 503 868 543; x_wconf 90' lang='lat' dir='ltr'><strong>cum</strong></span> <span class='ocrx_word' id='word_1_8' title='bbox 913 488 985 541; x_wconf 87' lang='lat' dir='ltr'><strong>ibi</strong></span> <span class='ocrx_word' id='word_1_9' title='bbox 1021 487 1353 541; x_wconf 79' lang='lat' dir='ltr'><strong>familiarius</strong></span> <span class='ocrx_word' id='word_1_10' title='bbox 1393 488 1629 553; x_wconf 76' lang='lat' dir='ltr'><strong>viveret,</strong></span> <span class='ocrx_word' id='word_1_11' title='bbox 1679 490 1853 560; x_wconf 87' lang='lat' dir='ltr'><strong>magis</strong></span> <span class='ocrx_word' id='word_1_12' title='bbox 1907 500 2070 562; x_wconf 89' lang='lat' dir='ltr'><strong>atque</strong></span> 
     </span>
    </p>
   </div>
   <div class='ocr_carea' id='block_1_3' title="bbox 2175 487 3735 568">
    <p class='ocr_par' dir='ltr' id='par_1_3' title="bbox 2181 495 3735 568">
     <span class='ocr_line' id='line_1_3' title="bbox 2181 495 3735 568; baseline 0.004 -19"><span class='ocrx_word' id='word_1_13' title='bbox 2181 496 2435 566; x_wconf 83' lang='grc' dir='ltr'><strong>σάμενος,</strong></span> <span class='ocrx_word' id='word_1_14' title='bbox 2467 497 2548 562; x_wconf 87' lang='grc' dir='ltr'><strong>είς</strong></span> <span class='ocrx_word' id='word_1_15' title='bbox 2578 495 2808 566; x_wconf 75' lang='grc' dir='ltr'><strong>Ἀθήνας</strong></span> <span class='ocrx_word' id='word_1_16' title='bbox 2845 496 3222 568; x_wconf 86' lang='grc' dir='ltr'><strong>παρεπέμφθη</strong></span> <span class='ocrx_word' id='word_1_17' title='bbox 3261 499 3597 568; x_wconf 82' lang='grc' dir='ltr'><strong>φιλοσοφεῖν.</strong></span> <span class='ocrx_word' id='word_1_18' title='bbox 3634 505 3735 555; x_wconf 74' lang='grc' dir='ltr'><strong>Καὶ</strong></span> 
     </span>
    </p>
   </div>
   <div class='ocr_carea' id='block_1_4' title="bbox 487 580 2068 653">
    <p class='ocr_par' dir='ltr' id='par_1_4' title="bbox 487 580 2068 653">
     <span class='ocr_line' id='line_1_4' title="bbox 487 580 2068 653; baseline 0.001 -16"><span class='ocrx_word' id='word_1_19' title='bbox 487 584 664 653; x_wconf 88' lang='lat' dir='ltr'><strong>magis</strong></span> <span class='ocrx_word' id='word_1_20' title='bbox 687 597 873 636; x_wconf 91' lang='lat' dir='ltr'><strong>rerum</strong></span> <span class='ocrx_word' id='word_1_21' title='bbox 900 583 1088 635; x_wconf 91' lang='lat' dir='ltr'><strong>talium</strong></span> <span class='ocrx_word' id='word_1_22' title='bbox 1109 580 1352 634; x_wconf 82' lang='lat' dir='ltr'><strong>studium</strong></span> <span class='ocrx_word' id='word_1_23' title='bbox 1381 580 1433 635; x_wconf 91' lang='lat' dir='ltr'><strong>in</strong></span> <span class='ocrx_word' id='word_1_24' title='bbox 1463 596 1530 636; x_wconf 91' lang='lat' dir='ltr'><strong>eo</strong></span> <span class='ocrx_word' id='word_1_25' title='bbox 1550 591 1634 637; x_wconf 90' lang='lat' dir='ltr'><strong>est</strong></span> <span class='ocrx_word' id='word_1_26' title='bbox 1657 582 2068 638; x_wconf 78' lang='lat' dir='ltr'><strong>confirmatum.</strong></span> 
     </span>
    </p>
   </div>
   <div class='ocr_carea' id='block_1_5' title="bbox 485 672 2070 742">
    <p class='ocr_par' dir='ltr' id='par_1_5' title="bbox 485 672 2070 742">
     <span class='ocr_line' id='line_1_5' title="bbox 485 672 2070 742; baseline -0.001 -10"><span class='ocrx_word' id='word_1_27' title='bbox 485 678 662 732; x_wconf 84' lang='lat' dir='ltr'><strong>Porro</strong></span> <span class='ocrx_word' id='word_1_28' title='bbox 694 674 785 729; x_wconf 93' lang='lat' dir='ltr'><strong>ubi</strong></span> <span class='ocrx_word' id='word_1_29' title='bbox 820 674 988 727; x_wconf 84' lang='lat' dir='ltr'><strong>frater</strong></span> <span class='ocrx_word' id='word_1_30' title='bbox 1037 673 1158 742; x_wconf 85' lang='lat' dir='ltr'><strong>ejus</strong></span> <span class='ocrx_word' id='word_1_31' title='bbox 1197 672 1386 726; x_wconf 87' lang='lat' dir='ltr'><strong>Gallus</strong></span> <span class='ocrx_word' id='word_1_32' title='bbox 1437 672 1621 728; x_wconf 73' lang='lat' dir='ltr'><strong>Caesar</strong></span> <span class='ocrx_word' id='word_1_33' title='bbox 1656 674 1856 740; x_wconf 84' lang='lat' dir='ltr'><strong>factus,</strong></span> <span class='ocrx_word' id='word_1_34' title='bbox 1887 685 1944 730; x_wconf 90' lang='lat' dir='ltr'><strong>et</strong></span> <span class='ocrx_word' id='word_1_35' title='bbox 1980 691 2070 730; x_wconf 84' lang='lat' dir='ltr'><strong>res</strong></span> 
     </span>
    </p>
   </div>
   <div class='ocr_carea' id='block_1_6' title="bbox 485 765 2066 828">
    <p class='ocr_par' dir='ltr' id='par_1_6' title="bbox 485 765 2066 828">
     <span class='ocr_line' id='line_1_6' title="bbox 485 765 2066 828; baseline -0.001 -4"><span class='ocrx_word' id='word_1_36' title='bbox 485 787 610 825; x_wconf 87' lang='lat' dir='ltr'><strong>eum</strong></span> <span class='ocrx_word' id='word_1_37' title='bbox 645 784 817 822; x_wconf 83' lang='lat' dir='ltr'><strong>novas</strong></span> <span class='ocrx_word' id='word_1_38' title='bbox 857 765 1036 820; x_wconf 89' lang='lat' dir='ltr'><strong>moliri</strong></span> <span class='ocrx_word' id='word_1_39' title='bbox 1074 765 1387 820; x_wconf 88' lang='lat' dir='ltr'><strong>nuntiatum</strong></span> <span class='ocrx_word' id='word_1_40' title='bbox 1421 777 1527 828; x_wconf 89' lang='lat' dir='ltr'><strong>est,</strong></span> <span class='ocrx_word' id='word_1_41' title='bbox 1567 775 1624 821; x_wconf 90' lang='lat' dir='ltr'><strong>et</strong></span> <span class='ocrx_word' id='word_1_42' title='bbox 1686 767 1778 820; x_wconf 88' lang='lat' dir='ltr'><strong>hic</strong></span> <span class='ocrx_word' id='word_1_43' title='bbox 1827 766 2066 824; x_wconf 73' lang='lat' dir='ltr'><strong>affectati</strong></span> 
     </span>
    </p>
   </div>
   <div class='ocr_carea' id='block_1_7' title="bbox 485 854 2063 930">
    <p class='ocr_par' dir='ltr' id='par_1_7' title="bbox 485 854 2063 930">
     <span class='ocr_line' id='line_1_7' title="bbox 485 854 2063 930; baseline -0.003 -16"><span class='ocrx_word' id='word_1_44' title='bbox 485 860 701 930; x_wconf 87' lang='lat' dir='ltr'><strong>imperii</strong></span> <span class='ocrx_word' id='word_1_45' title='bbox 738 867 1028 927; x_wconf 85' lang='lat' dir='ltr'><strong>suspectus</strong></span> <span class='ocrx_word' id='word_1_46' title='bbox 1076 854 1198 918; x_wconf 83' lang='lat' dir='ltr'><strong>fuit,</strong></span> <span class='ocrx_word' id='word_1_47' title='bbox 1229 865 1284 907; x_wconf 89' lang='lat' dir='ltr'><strong>et</strong></span> <span class='ocrx_word' id='word_1_48' title='bbox 1315 866 1604 924; x_wconf 80' lang='lat' dir='ltr'><strong>propterea</strong></span> <span class='ocrx_word' id='word_1_49' title='bbox 1653 855 1756 910; x_wconf 86' lang='lat' dir='ltr'><strong>sub</strong></span> <span class='ocrx_word' id='word_1_50' title='bbox 1806 857 2063 911; x_wconf 91' lang='lat' dir='ltr'><strong>custodia</strong></span> 
     </span>
    </p>
   </div>
   <div class='ocr_carea' id='block_1_8' title="bbox 483 946 2066 1017">
    <p class='ocr_par' dir='ltr' id='par_1_8' title="bbox 483 946 2066 1017">
     <span class='ocr_line' id='line_1_8' title="bbox 483 946 2066 1017; baseline -0.003 -11"><span class='ocrx_word' id='word_1_51' title='bbox 483 952 704 1006; x_wconf 90' lang='lat' dir='ltr'><strong>habitus</strong></span> <span class='ocrx_word' id='word_1_52' title='bbox 720 959 823 1004; x_wconf 89' lang='lat' dir='ltr'><strong>est.</strong></span> <span class='ocrx_word' id='word_1_53' title='bbox 846 947 1120 1003; x_wconf 74' lang='lat' dir='ltr'><strong>Caeterum</strong></span> <span class='ocrx_word' id='word_1_54' title='bbox 1149 962 1274 1001; x_wconf 89' lang='lat' dir='ltr'><strong>cum</strong></span> <span class='ocrx_word' id='word_1_55' title='bbox 1310 963 1408 1017; x_wconf 91' lang='lat' dir='ltr'><strong>pro</strong></span> <span class='ocrx_word' id='word_1_56' title='bbox 1439 963 1509 1002; x_wconf 91' lang='lat' dir='ltr'><strong>eo</strong></span> <span class='ocrx_word' id='word_1_57' title='bbox 1533 947 1767 1001; x_wconf 85' lang='lat' dir='ltr'><strong>Eusebia</strong></span> <span class='ocrx_word' id='word_1_58' title='bbox 1791 946 2066 1002; x_wconf 82' lang='lat' dir='ltr'><strong>Constan-</strong></span> 
     </span>
    </p>
   </div>
   <div class='ocr_carea' id='block_1_9' title="bbox 481 1040 2065 1113">
    <p class='ocr_par' dir='ltr' id='par_1_9' title="bbox 481 1040 2065 1113">
     <span class='ocr_line' id='line_1_9' title="bbox 481 1040 2065 1113; baseline -0.002 -16"><span class='ocrx_word' id='word_1_59' title='bbox 481 1046 542 1098; x_wconf 89' lang='lat' dir='ltr'><strong>tii</strong></span> <span class='ocrx_word' id='word_1_60' title='bbox 567 1059 702 1098; x_wconf 82' lang='lat' dir='ltr'><strong>uxor</strong></span> <span class='ocrx_word' id='word_1_61' title='bbox 733 1053 950 1113; x_wconf 89' lang='lat' dir='ltr'><strong>precata</strong></span> <span class='ocrx_word' id='word_1_62' title='bbox 983 1053 1150 1105; x_wconf 81' lang='lat' dir='ltr'><strong>esset,</strong></span> <span class='ocrx_word' id='word_1_63' title='bbox 1183 1042 1426 1097; x_wconf 88' lang='lat' dir='ltr'><strong>Athenas</strong></span> <span class='ocrx_word' id='word_1_64' title='bbox 1457 1041 1523 1096; x_wconf 91' lang='lat' dir='ltr'><strong>ad</strong></span> <span class='ocrx_word' id='word_1_65' title='bbox 1576 1040 1944 1110; x_wconf 89' lang='lat' dir='ltr'><strong>philosophos</strong></span> <span class='ocrx_word' id='word_1_66' title='bbox 1978 1053 2065 1095; x_wconf 91' lang='lat' dir='ltr'><strong>est</strong></span> 
     </span>
    </p>
   </div>
   <div class='ocr_carea' id='block_1_10' title="bbox 481 1130 2064 1204">
    <p class='ocr_par' dir='ltr' id='par_1_10' title="bbox 481 1130 2064 1204">
     <span class='ocr_line' id='line_1_10' title="bbox 481 1130 2064 1204; baseline -0.003 -15"><span class='ocrx_word' id='word_1_67' title='bbox 481 1141 703 1191; x_wconf 90' lang='lat' dir='ltr'><strong>missus.</strong></span> <span class='ocrx_word' id='word_1_68' title='bbox 737 1134 806 1189; x_wconf 87' lang='lat' dir='ltr'><strong>Et</strong></span> <span class='ocrx_word' id='word_1_69' title='bbox 843 1135 993 1189; x_wconf 89' lang='lat' dir='ltr'><strong>hunc</strong></span> <span class='ocrx_word' id='word_1_70' title='bbox 1024 1135 1250 1204; x_wconf 89' lang='lat' dir='ltr'><strong>quidem</strong></span> <span class='ocrx_word' id='word_1_71' title='bbox 1283 1132 1642 1204; x_wconf 78' lang='lat' dir='ltr'><strong>profectionis</strong></span> <span class='ocrx_word' id='word_1_72' title='bbox 1664 1133 1784 1202; x_wconf 77' lang='lat' dir='ltr'><strong>eius</strong></span> <span class='ocrx_word' id='word_1_73' title='bbox 1808 1130 2064 1186; x_wconf 84' lang='lat' dir='ltr'><strong>obtendit</strong></span> 
     </span>
    </p>
   </div>
   <div class='ocr_carea' id='block_1_11' title="bbox 480 1222 2060 1296">
    <p class='ocr_par' dir='ltr' id='par_1_11' title="bbox 480 1222 2060 1296">
     <span class='ocr_line' id='line_1_11' title="bbox 480 1222 2060 1296; baseline -0.003 -18"><span class='ocrx_word' id='word_1_74' title='bbox 480 1235 832 1296; x_wconf 59' lang='lat' dir='ltr'><strong>praetextum,</strong></span> <span class='ocrx_word' id='word_1_75' title='bbox 862 1227 1016 1281; x_wconf 87' lang='lat' dir='ltr'><strong>velut</strong></span> <span class='ocrx_word' id='word_1_76' title='bbox 1071 1223 1276 1279; x_wconf 72' lang='lat' dir='ltr'><strong>Graecis</strong></span> <span class='ocrx_word' id='word_1_77' title='bbox 1334 1224 1408 1278; x_wconf 88' lang='lat' dir='ltr'><strong>ibi</strong></span> <span class='ocrx_word' id='word_1_78' title='bbox 1463 1222 1773 1292; x_wconf 87' lang='lat' dir='ltr'><strong>disciplinis</strong></span> <span class='ocrx_word' id='word_1_79' title='bbox 1835 1237 2060 1291; x_wconf 85' lang='lat' dir='ltr'><strong>operam</strong></span> 
     </span>
    </p>
   </div>
   <div class='ocr_carea' id='block_1_12' title="bbox 479 1314 2062 1386">
    <p class='ocr_par' dir='ltr' id='par_1_12' title="bbox 479 1314 2062 1386">
     <span class='ocr_line' id='line_1_12' title="bbox 479 1314 2062 1386; baseline -0.004 -14"><span class='ocrx_word' id='word_1_80' title='bbox 479 1329 783 1372; x_wconf 89' lang='lat' dir='ltr'><strong>navaturus</strong></span> <span class='ocrx_word' id='word_1_81' title='bbox 807 1328 978 1373; x_wconf 81' lang='lat' dir='ltr'><strong>esset.</strong></span> <span class='ocrx_word' id='word_1_82' title='bbox 1011 1317 1120 1372; x_wconf 79' lang='lat' dir='ltr'><strong>Res</strong></span> <span class='ocrx_word' id='word_1_83' title='bbox 1153 1326 1338 1371; x_wconf 89' lang='lat' dir='ltr'><strong>autem</strong></span> <span class='ocrx_word' id='word_1_84' title='bbox 1364 1317 1479 1386; x_wconf 87' lang='lat' dir='ltr'><strong>ipsa</strong></span> <span class='ocrx_word' id='word_1_85' title='bbox 1516 1324 1656 1380; x_wconf 89' lang='lat' dir='ltr'><strong>erat,</strong></span> <span class='ocrx_word' id='word_1_86' title='bbox 1689 1323 1748 1368; x_wconf 87' lang='lat' dir='ltr'><strong>ut</strong></span> <span class='ocrx_word' id='word_1_87' title='bbox 1771 1314 1840 1370; x_wconf 89' lang='lat' dir='ltr'><strong>de</strong></span> <span class='ocrx_word' id='word_1_88' title='bbox 1873 1314 2062 1377; x_wconf 85' lang='lat' dir='ltr'><strong>rebus,</strong></span> 
     </span>
    </p>
   </div>
   <div class='ocr_carea' id='block_1_13' title="bbox 477 1406 2064 1480">
    <p class='ocr_par' dir='ltr' id='par_1_13' title="bbox 477 1406 2064 1480">
     <span class='ocr_line' id='line_1_13' title="bbox 477 1406 2064 1480; baseline -0.003 -17"><span class='ocrx_word' id='word_1_89' title='bbox 477 1427 618 1479; x_wconf 89' lang='lat' dir='ltr'><strong>quas</strong></span> <span class='ocrx_word' id='word_1_90' title='bbox 694 1410 799 1463; x_wconf 87' lang='lat' dir='ltr'><strong>sibi</strong></span> <span class='ocrx_word' id='word_1_91' title='bbox 845 1408 1257 1480; x_wconf 88' lang='lat' dir='ltr'><strong>persequendas</strong></span> <span class='ocrx_word' id='word_1_92' title='bbox 1310 1415 1598 1472; x_wconf 84' lang='lat' dir='ltr'><strong>statuerat,</strong></span> <span class='ocrx_word' id='word_1_93' title='bbox 1637 1422 1759 1461; x_wconf 92' lang='lat' dir='ltr'><strong>cum</strong></span> <span class='ocrx_word' id='word_1_94' title='bbox 1801 1406 2064 1475; x_wconf 55' lang='lat' dir='ltr'><strong>impostoe</strong></span> 
     </span>
    </p>
   </div>
   <div class='ocr_carea' id='block_1_14' title="bbox 479 1500 2061 1570">
    <p class='ocr_par' dir='ltr' id='par_1_14' title="bbox 479 1500 2061 1570">
     <span class='ocr_line' id='line_1_14' title="bbox 479 1500 2061 1570; baseline -0.003 -16"><span class='ocrx_word' id='word_1_95' title='bbox 479 1501 636 1555; x_wconf 82' lang='lat' dir='ltr'><strong>ribus</strong></span> <span class='ocrx_word' id='word_1_96' title='bbox 673 1509 860 1570; x_wconf 79' lang='lat' dir='ltr'><strong>ageret</strong></span> <span class='ocrx_word' id='word_1_97' title='bbox 919 1501 1114 1570; x_wconf 88' lang='lat' dir='ltr'><strong>magis.</strong></span> <span class='ocrx_word' id='word_1_98' title='bbox 1169 1506 1348 1570; x_wconf 85' lang='lat' dir='ltr'><strong>Atque</strong></span> <span class='ocrx_word' id='word_1_99' title='bbox 1412 1500 1641 1554; x_wconf 82' lang='lat' dir='ltr'><strong>Athenis</strong></span> <span class='ocrx_word' id='word_1_100' title='bbox 1696 1513 1882 1570; x_wconf 80' lang='lat' dir='ltr'><strong>agens,</strong></span> <span class='ocrx_word' id='word_1_101' title='bbox 1953 1511 2061 1551; x_wconf 91' lang='lat' dir='ltr'><strong>una</strong></span> 
     </span>
    </p>
   </div>
   <div class='ocr_carea' id='block_1_15' title="bbox 481 1588 2061 1661">
    <p class='ocr_par' dir='ltr' id='par_1_15' title="bbox 481 1588 2061 1661">
     <span class='ocr_line' id='line_1_15' title="bbox 481 1588 2061 1661; baseline -0.003 -15"><span class='ocrx_word' id='word_1_102' title='bbox 481 1609 608 1646; x_wconf 78' lang='lat' dir='ltr'><strong>cum</strong></span> <span class='ocrx_word' id='word_1_103' title='bbox 647 1593 848 1646; x_wconf 84' lang='lat' dir='ltr'><strong>Basilio</strong></span> <span class='ocrx_word' id='word_1_104' title='bbox 875 1602 930 1646; x_wconf 94' lang='lat' dir='ltr'><strong>et</strong></span> <span class='ocrx_word' id='word_1_105' title='bbox 966 1591 1232 1660; x_wconf 76' lang='lat' dir='ltr'><strong>Gregorio</strong></span> <span class='ocrx_word' id='word_1_106' title='bbox 1287 1591 1502 1646; x_wconf 86' lang='lat' dir='ltr'><strong>scholas</strong></span> <span class='ocrx_word' id='word_1_107' title='bbox 1531 1591 1929 1661; x_wconf 83' lang='lat' dir='ltr'><strong>frequentavit:</strong></span> <span class='ocrx_word' id='word_1_108' title='bbox 1966 1588 2061 1659; x_wconf 89' lang='lat' dir='ltr'><strong>qui</strong></span> 
     </span>
    </p>
   </div>
   <div class='ocr_carea' id='block_1_16' title="bbox 480 1682 2063 1753">
    <p class='ocr_par' dir='ltr' id='par_1_16' title="bbox 480 1682 2063 1753">
     <span class='ocr_line' id='line_1_16' title="bbox 480 1682 2063 1753; baseline -0.001 -16"><span class='ocrx_word' id='word_1_109' title='bbox 480 1702 547 1738; x_wconf 74' lang='lat' dir='ltr'><strong>ex</strong></span> <span class='ocrx_word' id='word_1_110' title='bbox 577 1685 800 1740; x_wconf 88' lang='lat' dir='ltr'><strong>indiciis</strong></span> <span class='ocrx_word' id='word_1_111' title='bbox 827 1685 1155 1753; x_wconf 83' lang='lat' dir='ltr'><strong>quibusdam</strong></span> <span class='ocrx_word' id='word_1_112' title='bbox 1185 1684 1426 1738; x_wconf 48' lang='lat' dir='ltr'><strong>abtlitam</strong></span> <span class='ocrx_word' id='word_1_113' title='bbox 1461 1685 1704 1738; x_wconf 90' lang='lat' dir='ltr'><strong>hominis</strong></span> <span class='ocrx_word' id='word_1_114' title='bbox 1743 1682 2063 1753; x_wconf 89' lang='lat' dir='ltr'><strong>improbita-</strong></span> 
     </span>
    </p>
   </div>
   <div class='ocr_carea' id='block_1_17' title="bbox 485 1774 2058 1847">
    <p class='ocr_par' dir='ltr' id='par_1_17' title="bbox 485 1774 2058 1847">
     <span class='ocr_line' id='line_1_17' title="bbox 485 1774 2058 1847; baseline -0.004 -15"><span class='ocrx_word' id='word_1_115' title='bbox 485 1787 595 1832; x_wconf 89' lang='lat' dir='ltr'><strong>tem</strong></span> <span class='ocrx_word' id='word_1_116' title='bbox 629 1777 830 1832; x_wconf 87' lang='lat' dir='ltr'><strong>mentis</strong></span> <span class='ocrx_word' id='word_1_117' title='bbox 851 1777 1027 1832; x_wconf 89' lang='lat' dir='ltr'><strong>oculis</strong></span> <span class='ocrx_word' id='word_1_118' title='bbox 1048 1777 1558 1847; x_wconf 87' lang='lat' dir='ltr'><strong>deprehenderunt.</strong></span> <span class='ocrx_word' id='word_1_119' title='bbox 1585 1776 1648 1831; x_wconf 85' lang='lat' dir='ltr'><strong>Et</strong></span> <span class='ocrx_word' id='word_1_120' title='bbox 1675 1774 2058 1837; x_wconf 81' lang='lat' dir='ltr'><strong>Constantius,</strong></span> 
     </span>
    </p>
   </div>
   <div class='ocr_carea' id='block_1_18' title="bbox 2174 586 3740 662">
    <p class='ocr_par' dir='ltr' id='par_1_18' title="bbox 2174 586 3740 662">
     <span class='ocr_line' id='line_1_18' title="bbox 2174 586 3740 662; baseline 0.005 -24"><span class='ocrx_word' id='word_1_121' title='bbox 2174 586 2240 638; x_wconf 83' lang='grc' dir='ltr'><strong>τὸ</strong></span> <span class='ocrx_word' id='word_1_122' title='bbox 2270 587 2368 654; x_wconf 87' lang='grc' dir='ltr'><strong>μὲν</strong></span> <span class='ocrx_word' id='word_1_123' title='bbox 2398 589 2676 658; x_wconf 84' lang='grc' dir='ltr'><strong>προφανὲς</strong></span> <span class='ocrx_word' id='word_1_124' title='bbox 2706 590 2738 658; x_wconf 80' lang='grc' dir='ltr'><strong>ἠ</strong></span> <span class='ocrx_word' id='word_1_125' title='bbox 2772 589 2883 642; x_wconf 87' lang='grc' dir='ltr'><strong>τῶν</strong></span> <span class='ocrx_word' id='word_1_126' title='bbox 2943 589 3273 660; x_wconf 77' lang='grc' dir='ltr'><strong>Ἑλληνικῶν</strong></span> <span class='ocrx_word' id='word_1_127' title='bbox 3309 591 3646 660; x_wconf 76' lang='grc' dir='ltr'><strong>μαθημάτων</strong></span> <span class='ocrx_word' id='word_1_128' title='bbox 3675 589 3740 662; x_wconf 77' lang='grc' dir='ltr'><strong>ἦν</strong></span> 
     </span>
    </p>
   </div>
   <div class='ocr_carea' id='block_1_19' title="bbox 2175 679 3742 752">
    <p class='ocr_par' dir='ltr' id='par_1_19' title="bbox 2175 679 3742 752">
     <span class='ocr_line' id='line_1_19' title="bbox 2175 679 3742 752; baseline 0.004 -22"><span class='ocrx_word' id='word_1_129' title='bbox 2175 679 2420 744; x_wconf 89' lang='grc' dir='ltr'><strong>παιδεία,</strong></span> <span class='ocrx_word' id='word_1_130' title='bbox 2441 679 2500 732; x_wconf 75' lang='grc' dir='ltr'><strong>τὸ</strong></span> <span class='ocrx_word' id='word_1_131' title='bbox 2527 679 2574 733; x_wconf 79' lang='grc' dir='ltr'><strong>δ’</strong></span> <span class='ocrx_word' id='word_1_132' title='bbox 2603 680 2825 751; x_wconf 82' lang='grc' dir='ltr'><strong>ἀληθὲς,</strong></span> <span class='ocrx_word' id='word_1_133' title='bbox 2863 682 2940 746; x_wconf 83' lang='grc' dir='ltr'><strong>ὡς</strong></span> <span class='ocrx_word' id='word_1_134' title='bbox 2968 681 3035 735; x_wconf 85' lang='grc' dir='ltr'><strong>ἂν</strong></span> <span class='ocrx_word' id='word_1_135' title='bbox 3070 684 3200 752; x_wconf 73' lang='grc' dir='ltr'><strong>περὶ</strong></span> <span class='ocrx_word' id='word_1_136' title='bbox 3237 682 3347 736; x_wconf 83' lang='grc' dir='ltr'><strong>τῶν</strong></span> <span class='ocrx_word' id='word_1_137' title='bbox 3373 684 3517 736; x_wconf 87' lang='grc' dir='ltr'><strong>κατά</strong></span> <span class='ocrx_word' id='word_1_138' title='bbox 3553 686 3742 738; x_wconf 67' lang='grc' dir='ltr'><strong>σκοπὸν</strong></span> 
     </span>
    </p>
   </div>
   <div class='ocr_carea' id='block_1_20' title="bbox 2171 771 3740 842">
    <p class='ocr_par' dir='ltr' id='par_1_20' title="bbox 2171 771 3740 842">
     <span class='ocr_line' id='line_1_20' title="bbox 2171 771 3740 842; baseline 0.004 -22"><span class='ocrx_word' id='word_1_139' title='bbox 2171 771 2286 831; x_wconf 87' lang='grc' dir='ltr'><strong>τοῖς</strong></span> <span class='ocrx_word' id='word_1_140' title='bbox 2321 771 2501 823; x_wconf 79' lang='grc' dir='ltr'><strong>ἐκεῖσε</strong></span> <span class='ocrx_word' id='word_1_141' title='bbox 2540 774 2879 842; x_wconf 81' lang='grc' dir='ltr'><strong>συγγένηται</strong></span> <span class='ocrx_word' id='word_1_142' title='bbox 2927 773 3144 842; x_wconf 83' lang='grc' dir='ltr'><strong>γόησιν.</strong></span> <span class='ocrx_word' id='word_1_143' title='bbox 3195 773 3378 826; x_wconf 87' lang='grc' dir='ltr'><strong>Ὅπου</strong></span> <span class='ocrx_word' id='word_1_144' title='bbox 3433 773 3497 842; x_wconf 83' lang='grc' dir='ltr'><strong>δὴ</strong></span> <span class='ocrx_word' id='word_1_145' title='bbox 3527 774 3740 841; x_wconf 78' lang='grc' dir='ltr'><strong>διάγων,</strong></span> 
     </span>
    </p>
   </div>
   <div class='ocr_carea' id='block_1_21' title="bbox 2173 860 3744 935">
    <p class='ocr_par' dir='ltr' id='par_1_21' title="bbox 2173 860 3744 935">
     <span class='ocr_line' id='line_1_21' title="bbox 2173 860 3744 935; baseline 0.004 -23"><span class='ocrx_word' id='word_1_146' title='bbox 2173 860 2440 932; x_wconf 85' lang='grc' dir='ltr'><strong>Βασιλείῳ</strong></span> <span class='ocrx_word' id='word_1_147' title='bbox 2499 865 2598 916; x_wconf 71' lang='grc' dir='ltr'><strong>καὶ</strong></span> <span class='ocrx_word' id='word_1_148' title='bbox 2625 864 2915 935; x_wconf 83' lang='grc' dir='ltr'><strong>Γρηγορίῳ</strong></span> <span class='ocrx_word' id='word_1_149' title='bbox 2969 865 3188 934; x_wconf 86' lang='grc' dir='ltr'><strong>σύναμα</strong></span> <span class='ocrx_word' id='word_1_150' title='bbox 3215 867 3325 928; x_wconf 85' lang='grc' dir='ltr'><strong>τοῖς</strong></span> <span class='ocrx_word' id='word_1_151' title='bbox 3357 865 3744 930; x_wconf 78' lang='grc' dir='ltr'><strong>διδασκαλείοις</strong></span> 
     </span>
    </p>
   </div>
   <div class='ocr_carea' id='block_1_22' title="bbox 2170 950 3746 1026">
    <p class='ocr_par' dir='ltr' id='par_1_22' title="bbox 2170 950 3746 1026">
     <span class='ocr_line' id='line_1_22' title="bbox 2170 950 3746 1026; baseline 0.004 -22"><span class='ocrx_word' id='word_1_152' title='bbox 2170 950 2363 1020; x_wconf 85' lang='grc' dir='ltr'><strong>ἐφοίτα</strong></span> <span class='ocrx_word' id='word_1_153' title='bbox 2386 968 2399 982; x_wconf 73' lang='grc'>⁸</span> <span class='ocrx_word' id='word_1_154' title='bbox 2431 953 2482 1006; x_wconf 80' lang='grc' dir='ltr'><strong>οἳ</strong></span> <span class='ocrx_word' id='word_1_155' title='bbox 2518 955 2774 1024; x_wconf 79' lang='grc' dir='ltr'><strong>σημείοις</strong></span> <span class='ocrx_word' id='word_1_156' title='bbox 2799 956 2862 1025; x_wconf 85' lang='grc' dir='ltr'><strong>δή</strong></span> <span class='ocrx_word' id='word_1_157' title='bbox 2900 973 3011 1010; x_wconf 86' lang='grc' dir='ltr'><strong>τισι</strong></span> <span class='ocrx_word' id='word_1_158' title='bbox 3061 957 3160 1024; x_wconf 86' lang='grc' dir='ltr'><strong>τὴν</strong></span> <span class='ocrx_word' id='word_1_159' title='bbox 3189 956 3550 1026; x_wconf 84' lang='grc' dir='ltr'><strong>οίκουροῦσαν</strong></span> <span class='ocrx_word' id='word_1_160' title='bbox 3573 957 3746 1025; x_wconf 80' lang='grc' dir='ltr'><strong>τάνδρὶ</strong></span> 
     </span>
    </p>
   </div>
   <div class='ocr_carea' id='block_1_23' title="bbox 2171 1046 3825 1117">
    <p class='ocr_par' dir='ltr' id='par_1_23' title="bbox 2171 1046 3825 1117">
     <span class='ocr_line' id='line_1_23' title="bbox 2171 1046 3825 1117; baseline 0.004 -19"><span class='ocrx_word' id='word_1_161' title='bbox 2171 1047 2373 1100; x_wconf 80' lang='grc' dir='ltr'><strong>κακίαν</strong></span> <span class='ocrx_word' id='word_1_162' title='bbox 2403 1046 2620 1114; x_wconf 77' lang='grc' dir='ltr'><strong>ὄμμασι</strong></span> <span class='ocrx_word' id='word_1_163' title='bbox 2681 1047 2925 1111; x_wconf 79' lang='grc' dir='ltr'><strong>διανοίας</strong></span> <span class='ocrx_word' id='word_1_164' title='bbox 2978 1047 3298 1117; x_wconf 83' lang='grc' dir='ltr'><strong>ἐφώρασαν.</strong></span> <span class='ocrx_word' id='word_1_165' title='bbox 3338 1048 3635 1110; x_wconf 82' lang='grc' dir='ltr'><strong>Κάκεῖθεν,</strong></span> <span class='ocrx_word' id='word_1_166' title='bbox 3665 1049 3746 1102; x_wconf 75' lang='grc' dir='ltr'><strong>ἵνα</strong></span> <span class='ocrx_word' id='word_1_167' title='bbox 3816 1097 3825 1105; x_wconf 95' lang='grc'><strong>.</strong></span> 
     </span>
    </p>
   </div>
   <div class='ocr_carea' id='block_1_24' title="bbox 2170 1136 3747 1209">
    <p class='ocr_par' dir='ltr' id='par_1_24' title="bbox 2170 1136 3747 1209">
     <span class='ocr_line' id='line_1_24' title="bbox 2170 1136 3747 1209; baseline 0.001 -20"><span class='ocrx_word' id='word_1_168' title='bbox 2170 1136 2410 1190; x_wconf 86' lang='grc' dir='ltr'><strong>συνελὼν</strong></span> <span class='ocrx_word' id='word_1_169' title='bbox 2450 1139 2616 1201; x_wconf 87' lang='grc' dir='ltr'><strong>εῐπω,</strong></span> <span class='ocrx_word' id='word_1_170' title='bbox 2646 1139 3034 1201; x_wconf 82' lang='grc' dir='ltr'><strong>Κωνστάντιος</strong></span> <span class='ocrx_word' id='word_1_171' title='bbox 3067 1139 3594 1209; x_wconf 80' lang='grc' dir='ltr'><strong>μεταστειλάμενος,</strong></span> <span class='ocrx_word' id='word_1_172' title='bbox 3621 1139 3747 1190; x_wconf 85' lang='grc' dir='ltr'><strong>Καί-</strong></span> 
     </span>
    </p>
   </div>
   <div class='ocr_carea' id='block_1_25' title="bbox 2169 1227 3745 1299">
    <p class='ocr_par' dir='ltr' id='par_1_25' title="bbox 2169 1227 3745 1299">
     <span class='ocr_line' id='line_1_25' title="bbox 2169 1227 3745 1299; baseline 0.001 -20"><span class='ocrx_word' id='word_1_173' title='bbox 2169 1244 2310 1298; x_wconf 68' lang='grc' dir='ltr'><strong>σκρα</strong></span> <span class='ocrx_word' id='word_1_174' title='bbox 2340 1227 2515 1280; x_wconf 77' lang='grc' dir='ltr'><strong>ἐποίει</strong></span> <span class='ocrx_word' id='word_1_175' title='bbox 2546 1243 2560 1259; x_wconf 80' lang='lat'>&#39;</span> <span class='ocrx_word' id='word_1_176' title='bbox 2593 1228 2690 1282; x_wconf 78' lang='grc' dir='ltr'><strong>καὶ</strong></span> <span class='ocrx_word' id='word_1_177' title='bbox 2707 1227 2804 1298; x_wconf 78' lang='grc' dir='ltr'><strong>τὴν</strong></span> <span class='ocrx_word' id='word_1_178' title='bbox 2841 1228 3085 1299; x_wconf 83' lang='grc' dir='ltr'><strong>ἀδελφὴν</strong></span> <span class='ocrx_word' id='word_1_179' title='bbox 3130 1230 3524 1283; x_wconf 83' lang='grc' dir='ltr'><strong>Κωνσταντίαν</strong></span> <span class='ocrx_word' id='word_1_180' title='bbox 3565 1229 3745 1293; x_wconf 75' lang='grc' dir='ltr'><strong>συζεύ-</strong></span> 
     </span>
    </p>
   </div>
   <div class='ocr_carea' id='block_1_26' title="bbox 2167 1319 3746 1392">
    <p class='ocr_par' dir='ltr' id='par_1_26' title="bbox 2167 1319 3746 1392">
     <span class='ocr_line' id='line_1_26' title="bbox 2167 1319 3746 1392; baseline 0.002 -20"><span class='ocrx_word' id='word_1_181' title='bbox 2167 1319 2262 1386; x_wconf 77' lang='grc' dir='ltr'><strong>ξας</strong></span> <span class='ocrx_word' id='word_1_182' title='bbox 2285 1321 2507 1390; x_wconf 83' lang='grc' dir='ltr'><strong>ἐκείνῳ,</strong></span> <span class='ocrx_word' id='word_1_183' title='bbox 2532 1321 2628 1373; x_wconf 74' lang='grc' dir='ltr'><strong>ἐπὶ</strong></span> <span class='ocrx_word' id='word_1_184' title='bbox 2656 1322 2758 1384; x_wconf 79' lang='grc' dir='ltr'><strong>τὰς</strong></span> <span class='ocrx_word' id='word_1_185' title='bbox 2795 1322 3090 1392; x_wconf 72' lang='grc' dir='ltr'><strong>ἑσπερίους</strong></span> <span class='ocrx_word' id='word_1_186' title='bbox 3121 1321 3360 1384; x_wconf 79' lang='grc' dir='ltr'><strong>Γαλλίας</strong></span> <span class='ocrx_word' id='word_1_187' title='bbox 3388 1320 3626 1376; x_wconf 72' lang='grc' dir='ltr'><strong>ἔστελλε.</strong></span> <span class='ocrx_word' id='word_1_188' title='bbox 3681 1320 3746 1375; x_wconf 81' lang='grc' dir='ltr'><strong>Τὸ</strong></span> 
     </span>
    </p>
   </div>
   <div class='ocr_carea' id='block_1_27' title="bbox 2165 1410 3744 1484">
    <p class='ocr_par' dir='ltr' id='par_1_27' title="bbox 2165 1410 3744 1484">
     <span class='ocr_line' id='line_1_27' title="bbox 2165 1410 3744 1484; baseline 0.002 -23"><span class='ocrx_word' id='word_1_189' title='bbox 2165 1410 2276 1479; x_wconf 85' lang='grc' dir='ltr'><strong>γὰρ</strong></span> <span class='ocrx_word' id='word_1_190' title='bbox 2317 1411 2711 1480; x_wconf 72' lang='grc' dir='ltr'><strong>μισθοφορικὸν</strong></span> <span class='ocrx_word' id='word_1_191' title='bbox 2742 1411 2769 1464; x_wconf 88' lang='grc' dir='ltr'><strong>ὂ</strong></span> <span class='ocrx_word' id='word_1_192' title='bbox 2797 1413 2944 1466; x_wconf 85' lang='grc' dir='ltr'><strong>κατά</strong></span> <span class='ocrx_word' id='word_1_193' title='bbox 2991 1413 3105 1466; x_wconf 85' lang='grc' dir='ltr'><strong>τῶν</strong></span> <span class='ocrx_word' id='word_1_194' title='bbox 3153 1412 3438 1484; x_wconf 88' lang='grc' dir='ltr'><strong>ἐσπερίων</strong></span> <span class='ocrx_word' id='word_1_195' title='bbox 3474 1414 3744 1482; x_wconf 83' lang='grc' dir='ltr'><strong>τυράννων</strong></span> 
     </span>
    </p>
   </div>
   <div class='ocr_carea' id='block_1_28' title="bbox 2165 1501 3746 1574">
    <p class='ocr_par' dir='ltr' id='par_1_28' title="bbox 2165 1501 3746 1574">
     <span class='ocr_line' id='line_1_28' title="bbox 2165 1501 3746 1574; baseline 0 -21"><span class='ocrx_word' id='word_1_196' title='bbox 2165 1501 2510 1569; x_wconf 80' lang='grc' dir='ltr'><strong>Μαγνεντίου</strong></span> <span class='ocrx_word' id='word_1_197' title='bbox 2554 1505 2648 1556; x_wconf 75' lang='grc' dir='ltr'><strong>καὶ</strong></span> <span class='ocrx_word' id='word_1_198' title='bbox 2680 1505 3088 1572; x_wconf 83' lang='grc' dir='ltr'><strong>Βρεττανίωνος</strong></span> <span class='ocrx_word' id='word_1_199' title='bbox 3134 1506 3379 1574; x_wconf 76' lang='grc' dir='ltr'><strong>ἐπήγετο</strong></span> <span class='ocrx_word' id='word_1_200' title='bbox 3404 1507 3433 1557; x_wconf 87' lang='grc' dir='ltr'>ὁ</span> <span class='ocrx_word' id='word_1_201' title='bbox 3469 1503 3746 1558; x_wconf 82' lang='grc' dir='ltr'><strong>Κωνστάν-</strong></span> 
     </span>
    </p>
   </div>
   <div class='ocr_carea' id='block_1_29' title="bbox 2165 1593 3745 1667">
    <p class='ocr_par' dir='ltr' id='par_1_29' title="bbox 2165 1593 3745 1667">
     <span class='ocr_line' id='line_1_29' title="bbox 2165 1593 3745 1667; baseline 0.005 -22"><span class='ocrx_word' id='word_1_202' title='bbox 2165 1607 2297 1654; x_wconf 84' lang='grc' dir='ltr'><strong>τιος,</strong></span> <span class='ocrx_word' id='word_1_203' title='bbox 2333 1594 2414 1656; x_wconf 84' lang='grc' dir='ltr'><strong>εἰς</strong></span> <span class='ocrx_word' id='word_1_204' title='bbox 2469 1593 2626 1647; x_wconf 76' lang='grc' dir='ltr'><strong>οὐδὲν</strong></span> <span class='ocrx_word' id='word_1_205' title='bbox 2654 1595 2806 1665; x_wconf 84' lang='grc' dir='ltr'><strong>αὐτῷ</strong></span> <span class='ocrx_word' id='word_1_206' title='bbox 2834 1595 3136 1666; x_wconf 90' lang='grc' dir='ltr'><strong>γενόμενον</strong></span> <span class='ocrx_word' id='word_1_207' title='bbox 3169 1596 3467 1667; x_wconf 80' lang='grc' dir='ltr'><strong>χρήσιμον,</strong></span> <span class='ocrx_word' id='word_1_208' title='bbox 3496 1594 3745 1665; x_wconf 74' lang='grc' dir='ltr'><strong>βαρϐάρῳ</strong></span> 
     </span>
    </p>
   </div>
   <div class='ocr_carea' id='block_1_30' title="bbox 2164 1684 3743 1758">
    <p class='ocr_par' dir='ltr' id='par_1_30' title="bbox 2164 1684 3743 1758">
     <span class='ocr_line' id='line_1_30' title="bbox 2164 1684 3743 1758; baseline 0.001 -22"><span class='ocrx_word' id='word_1_209' title='bbox 2164 1685 2360 1758; x_wconf 80' lang='grc' dir='ltr'>γνώμῃ</span> <span class='ocrx_word' id='word_1_210' title='bbox 2399 1684 2791 1756; x_wconf 80' lang='grc' dir='ltr'><strong>ἀντιστρέψαν,</strong></span> <span class='ocrx_word' id='word_1_211' title='bbox 2845 1686 2944 1749; x_wconf 82' lang='grc' dir='ltr'><strong>τὰς</strong></span> <span class='ocrx_word' id='word_1_212' title='bbox 2977 1686 3207 1750; x_wconf 80' lang='grc' dir='ltr'><strong>Γαλλίας</strong></span> <span class='ocrx_word' id='word_1_213' title='bbox 3268 1686 3428 1757; x_wconf 75' lang='grc' dir='ltr'><strong>ἐδῄου</strong></span> <span class='ocrx_word' id='word_1_214' title='bbox 3453 1700 3466 1714; x_wconf 75' lang='grc'><strong><em>⁸</em></strong></span> <span class='ocrx_word' id='word_1_215' title='bbox 3497 1687 3592 1738; x_wconf 75' lang='grc' dir='ltr'><strong>καὶ</strong></span> <span class='ocrx_word' id='word_1_216' title='bbox 3632 1686 3743 1737; x_wconf 87' lang='grc' dir='ltr'><strong>κατ’</strong></span> 
     </span>
    </p>
   </div>
   <div class='ocr_carea' id='block_1_31' title="bbox 2165 1779 3744 1852">
    <p class='ocr_par' dir='ltr' id='par_1_31' title="bbox 2165 1779 3744 1852">
     <span class='ocr_line' id='line_1_31' title="bbox 2165 1779 3744 1852; baseline 0.003 -22"><span class='ocrx_word' id='word_1_217' title='bbox 2165 1779 2372 1832; x_wconf 85' lang='grc' dir='ltr'><strong>ἐκείνου</strong></span> <span class='ocrx_word' id='word_1_218' title='bbox 2436 1779 2640 1846; x_wconf 78' lang='grc' dir='ltr'><strong>μᾶλλον</strong></span> <span class='ocrx_word' id='word_1_219' title='bbox 2699 1781 2910 1848; x_wconf 83' lang='grc' dir='ltr'><strong>ἐγίνετο</strong></span> <span class='ocrx_word' id='word_1_220' title='bbox 2959 1781 3060 1845; x_wconf 84' lang='grc' dir='ltr'><strong>τὰς</strong></span> <span class='ocrx_word' id='word_1_221' title='bbox 3095 1781 3414 1852; x_wconf 82' lang='grc' dir='ltr'><strong>Ῥωμαϊκὰς</strong></span> <span class='ocrx_word' id='word_1_222' title='bbox 3437 1781 3744 1850; x_wconf 78' lang='grc' dir='ltr'><strong>διαφθεῖρον</strong></span> 
     </span>
    </p>
   </div>
   <div class='ocr_carea' id='block_1_32' title="bbox 482 1847 2070 1946">
    <p class='ocr_par' dir='ltr' id='par_1_32' title="bbox 482 1867 2059 1940">
     <span class='ocr_line' id='line_1_32' title="bbox 482 1867 2059 1940; baseline -0.003 -16"><span class='ocrx_word' id='word_1_223' title='bbox 482 1881 542 1925; x_wconf 89' lang='lat' dir='ltr'><strong>ut</strong></span> <span class='ocrx_word' id='word_1_224' title='bbox 581 1873 771 1937; x_wconf 84' lang='lat' dir='ltr'><strong>paucis</strong></span> <span class='ocrx_word' id='word_1_225' title='bbox 800 1886 913 1925; x_wconf 92' lang='lat' dir='ltr'><strong>rem</strong></span> <span class='ocrx_word' id='word_1_226' title='bbox 945 1871 1237 1940; x_wconf 84' lang='lat' dir='ltr'><strong>explicem,</strong></span> <span class='ocrx_word' id='word_1_227' title='bbox 1262 1871 1416 1923; x_wconf 92' lang='lat' dir='ltr'><strong>illum</strong></span> <span class='ocrx_word' id='word_1_228' title='bbox 1449 1869 1578 1924; x_wconf 87' lang='lat' dir='ltr'><strong>inde</strong></span> <span class='ocrx_word' id='word_1_229' title='bbox 1613 1868 1846 1924; x_wconf 87' lang='lat' dir='ltr'><strong>accitum</strong></span> <span class='ocrx_word' id='word_1_230' title='bbox 1875 1867 2059 1923; x_wconf 60' lang='grc' dir='ltr'><strong>ϐαλεῖ)-</strong></span> 
     </span>
    </p>
   </div>
   <div class='ocr_carea' id='block_1_33' title="bbox 2175 1847 3743 1946">
    <p class='ocr_par' dir='ltr' id='par_1_33' title="bbox 2175 1847 3743 1946">
     <span class='ocr_line' id='line_1_33' title="bbox 2175 1847 3743 1946; baseline 0.001 -21"><span class='ocrx_word' id='word_1_231' title='bbox 2175 1872 2376 1933; x_wconf 82' lang='grc' dir='ltr'><strong>πόλεις.</strong></span> <span class='ocrx_word' id='word_1_232' title='bbox 2403 1871 2527 1942; x_wconf 83' lang='grc' dir='ltr'><strong>Νέῳ</strong></span> <span class='ocrx_word' id='word_1_233' title='bbox 2571 1872 2631 1926; x_wconf 85' lang='grc' dir='ltr'><strong>δὲ</strong></span> <span class='ocrx_word' id='word_1_234' title='bbox 2681 1847 2760 1927; x_wconf 80' lang='grc' dir='ltr'><strong>ἐτι</strong></span> <span class='ocrx_word' id='word_1_235' title='bbox 2793 1873 2932 1939; x_wconf 81' lang='grc' dir='ltr'><strong>δντι,</strong></span> <span class='ocrx_word' id='word_1_236' title='bbox 2979 1875 3150 1944; x_wconf 76' lang='grc' dir='ltr'><strong>μηδὲν</strong></span> <span class='ocrx_word' id='word_1_237' title='bbox 3176 1847 3446 1946; x_wconf 78' lang='grc' dir='ltr'><strong>πράττειν</strong></span> <span class='ocrx_word' id='word_1_238' title='bbox 3481 1847 3743 1944; x_wconf 75' lang='grc' dir='ltr'><strong>ἐπέτρεπε</strong></span> 
     </span>
    </p>
   </div>
   <div class='ocr_carea' id='block_1_34' title="bbox 481 1955 2062 2028">
    <p class='ocr_par' dir='ltr' id='par_1_34' title="bbox 481 1955 2062 2028">
     <span class='ocr_line' id='line_1_34' title="bbox 481 1955 2062 2028; baseline -0.002 -10"><span class='ocrx_word' id='word_1_239' title='bbox 481 1979 596 2018; x_wconf 89' lang='lat' dir='ltr'><strong>rem</strong></span> <span class='ocrx_word' id='word_1_240' title='bbox 641 1964 887 2028; x_wconf 81' lang='lat' dir='ltr'><strong>creavit,</strong></span> <span class='ocrx_word' id='word_1_241' title='bbox 930 1955 1088 2018; x_wconf 71' lang='lat' dir='ltr'><strong>et&#39;in</strong></span> <span class='ocrx_word' id='word_1_242' title='bbox 1123 1963 1540 2018; x_wconf 89' lang='lat' dir='ltr'><strong>matrimonium</strong></span> <span class='ocrx_word' id='word_1_243' title='bbox 1577 1962 1628 2017; x_wconf 87' lang='lat' dir='ltr'><strong>ei</strong></span> <span class='ocrx_word' id='word_1_244' title='bbox 1690 1977 1884 2016; x_wconf 89' lang='lat' dir='ltr'><strong>sorore</strong></span> <span class='ocrx_word' id='word_1_245' title='bbox 1917 1961 2062 2017; x_wconf 80' lang='lat' dir='ltr'><strong>Con-</strong></span> 
     </span>
    </p>
   </div>
   <div class='ocr_carea' id='block_1_35' title="bbox 479 2053 2062 2124">
    <p class='ocr_par' dir='ltr' id='par_1_35' title="bbox 479 2053 2062 2124">
     <span class='ocr_line' id='line_1_35' title="bbox 479 2053 2062 2124; baseline -0.001 -14"><span class='ocrx_word' id='word_1_246' title='bbox 479 2057 680 2111; x_wconf 89' lang='lat' dir='ltr'><strong>stantia</strong></span> <span class='ocrx_word' id='word_1_247' title='bbox 710 2056 788 2124; x_wconf 74' lang='grc' dir='ltr'><strong>(Ι)</strong></span> <span class='ocrx_word' id='word_1_248' title='bbox 839 2055 1062 2119; x_wconf 87' lang='lat' dir='ltr'><strong>tradita,</strong></span> <span class='ocrx_word' id='word_1_249' title='bbox 1093 2056 1147 2111; x_wconf 93' lang='lat' dir='ltr'><strong>in</strong></span> <span class='ocrx_word' id='word_1_250' title='bbox 1181 2054 1594 2112; x_wconf 88' lang='lat' dir='ltr'><strong>Occidentalem</strong></span> <span class='ocrx_word' id='word_1_251' title='bbox 1626 2054 1858 2110; x_wconf 89' lang='lat' dir='ltr'><strong>Galliam</strong></span> <span class='ocrx_word' id='word_1_252' title='bbox 1888 2053 2062 2109; x_wconf 90' lang='lat' dir='ltr'><strong>misit.</strong></span> 
     </span>
    </p>
   </div>
   <div class='ocr_carea' id='block_1_36' title="bbox 481 2149 2065 2222">
    <p class='ocr_par' dir='ltr' id='par_1_36' title="bbox 481 2149 2065 2222">
     <span class='ocr_line' id='line_1_36' title="bbox 481 2149 2065 2222; baseline -0.004 -16"><span class='ocrx_word' id='word_1_253' title='bbox 481 2152 842 2222; x_wconf 83' lang='lat' dir='ltr'><strong>Stipendiarii</strong></span> <span class='ocrx_word' id='word_1_254' title='bbox 881 2150 1279 2216; x_wconf 90' lang='lat' dir='ltr'><strong>enim-milites,</strong></span> <span class='ocrx_word' id='word_1_255' title='bbox 1319 2165 1457 2220; x_wconf 90' lang='lat' dir='ltr'><strong>quos</strong></span> <span class='ocrx_word' id='word_1_256' title='bbox 1507 2149 1774 2204; x_wconf 88' lang='lat' dir='ltr'><strong>adversus</strong></span> <span class='ocrx_word' id='word_1_257' title='bbox 1808 2157 2065 2219; x_wconf 86' lang='lat' dir='ltr'><strong>tyrannos</strong></span> 
     </span>
    </p>
   </div>
   <div class='ocr_carea' id='block_1_37' title="bbox 482 2238 2065 2314">
    <p class='ocr_par' dir='ltr' id='par_1_37' title="bbox 482 2238 2065 2314">
     <span class='ocr_line' id='line_1_37' title="bbox 482 2238 2065 2314; baseline -0.004 -16"><span class='ocrx_word' id='word_1_258' title='bbox 482 2245 854 2314; x_wconf 79' lang='lat' dir='ltr'><strong>Magnentium</strong></span> <span class='ocrx_word' id='word_1_259' title='bbox 893 2252 950 2298; x_wconf 92' lang='lat' dir='ltr'><strong>et</strong></span> <span class='ocrx_word' id='word_1_260' title='bbox 995 2243 1411 2298; x_wconf 86' lang='lat' dir='ltr'><strong>Britannionem</strong></span> <span class='ocrx_word' id='word_1_261' title='bbox 1457 2241 1511 2295; x_wconf 90' lang='lat' dir='ltr'><strong>in</strong></span> <span class='ocrx_word' id='word_1_262' title='bbox 1565 2240 1864 2296; x_wconf 89' lang='lat' dir='ltr'><strong>Occidente</strong></span> <span class='ocrx_word' id='word_1_263' title='bbox 1919 2238 2065 2294; x_wconf 82' lang='lat' dir='ltr'><strong>Con-</strong></span> 
     </span>
    </p>
   </div>
   <div class='ocr_carea' id='block_1_38' title="bbox 481 2329 2064 2400">
    <p class='ocr_par' dir='ltr' id='par_1_38' title="bbox 481 2329 2064 2400">
     <span class='ocr_line' id='line_1_38' title="bbox 481 2329 2064 2400; baseline -0.003 -14"><span class='ocrx_word' id='word_1_264' title='bbox 481 2335 721 2388; x_wconf 88' lang='lat' dir='ltr'><strong>stantius</strong></span> <span class='ocrx_word' id='word_1_265' title='bbox 757 2333 954 2387; x_wconf 89' lang='lat' dir='ltr'><strong>ductos</strong></span> <span class='ocrx_word' id='word_1_266' title='bbox 978 2332 1182 2397; x_wconf 88' lang='lat' dir='ltr'><strong>alebat,</strong></span> <span class='ocrx_word' id='word_1_267' title='bbox 1214 2332 1354 2386; x_wconf 88' lang='lat' dir='ltr'><strong>nulli</strong></span> <span class='ocrx_word' id='word_1_268' title='bbox 1394 2331 1446 2385; x_wconf 91' lang='lat' dir='ltr'><strong>ei</strong></span> <span class='ocrx_word' id='word_1_269' title='bbox 1480 2340 1638 2385; x_wconf 88' lang='lat' dir='ltr'><strong>erant</strong></span> <span class='ocrx_word' id='word_1_270' title='bbox 1665 2331 1816 2394; x_wconf 88' lang='lat' dir='ltr'><strong>usui,</strong></span> <span class='ocrx_word' id='word_1_271' title='bbox 1847 2329 1903 2400; x_wconf 82' lang='lat'><strong>9</strong></span> <span class='ocrx_word' id='word_1_272' title='bbox 1929 2329 2064 2399; x_wconf 88' lang='lat' dir='ltr'><strong>quin</strong></span> 
     </span>
    </p>
   </div>
   <div class='ocr_carea' id='block_1_39' title="bbox 483 2421 2068 2494">
    <p class='ocr_par' dir='ltr' id='par_1_39' title="bbox 483 2421 2068 2494">
     <span class='ocr_line' id='line_1_39' title="bbox 483 2421 2068 2494; baseline -0.004 -16"><span class='ocrx_word' id='word_1_273' title='bbox 483 2427 668 2494; x_wconf 85' lang='lat' dir='ltr'><strong>potius</strong></span> <span class='ocrx_word' id='word_1_274' title='bbox 703 2426 945 2480; x_wconf 73' lang='lat' dir='ltr'><strong>barbaro</strong></span> <span class='ocrx_word' id='word_1_275' title='bbox 1001 2424 1249 2494; x_wconf 86' lang='lat' dir='ltr'><strong>corrupti</strong></span> <span class='ocrx_word' id='word_1_276' title='bbox 1307 2423 1583 2490; x_wconf 89' lang='lat' dir='ltr'><strong>instituto,</strong></span> <span class='ocrx_word' id='word_1_277' title='bbox 1640 2421 1846 2477; x_wconf 70' lang='lat' dir='ltr'><strong>Gallias</strong></span> <span class='ocrx_word' id='word_1_278' title='bbox 1887 2429 2068 2476; x_wconf 84' lang='lat' dir='ltr'><strong>vasta-</strong></span> 
     </span>
    </p>
   </div>
   <div class='ocr_carea' id='block_1_40' title="bbox 481 2512 2066 2586">
    <p class='ocr_par' dir='ltr' id='par_1_40' title="bbox 481 2512 2066 2586">
     <span class='ocr_line' id='line_1_40' title="bbox 481 2512 2066 2586; baseline -0.005 -14"><span class='ocrx_word' id='word_1_279' title='bbox 481 2518 638 2584; x_wconf 85' lang='lat' dir='ltr'><strong>bant,</strong></span> <span class='ocrx_word' id='word_1_280' title='bbox 665 2529 720 2573; x_wconf 88' lang='lat' dir='ltr'><strong>et</strong></span> <span class='ocrx_word' id='word_1_281' title='bbox 759 2533 884 2571; x_wconf 87' lang='lat' dir='ltr'><strong>cum</strong></span> <span class='ocrx_word' id='word_1_282' title='bbox 923 2517 1258 2572; x_wconf 91' lang='lat' dir='ltr'><strong>detrimento</strong></span> <span class='ocrx_word' id='word_1_283' title='bbox 1299 2515 1491 2586; x_wconf 89' lang='lat' dir='ltr'><strong>ipsius,</strong></span> <span class='ocrx_word' id='word_1_284' title='bbox 1532 2513 1766 2584; x_wconf 88' lang='lat' dir='ltr'><strong>imperio</strong></span> <span class='ocrx_word' id='word_1_285' title='bbox 1819 2512 2066 2567; x_wconf 80' lang='lat' dir='ltr'><strong>Romano</strong></span> 
     </span>
    </p>
   </div>
   <div class='ocr_carea' id='block_1_41' title="bbox 482 2603 2067 2678">
    <p class='ocr_par' dir='ltr' id='par_1_41' title="bbox 482 2603 2067 2678">
     <span class='ocr_line' id='line_1_41' title="bbox 482 2603 2067 2678; baseline -0.007 -10"><span class='ocrx_word' id='word_1_286' title='bbox 482 2612 734 2668; x_wconf 83' lang='lat' dir='ltr'><strong>subditas</strong></span> <span class='ocrx_word' id='word_1_287' title='bbox 789 2609 957 2665; x_wconf 87' lang='lat' dir='ltr'><strong>urbes</strong></span> <span class='ocrx_word' id='word_1_288' title='bbox 985 2608 1346 2678; x_wconf 86' lang='lat' dir='ltr'><strong>diripiebant.</strong></span> <span class='ocrx_word' id='word_1_289' title='bbox 1374 2608 1444 2662; x_wconf 88' lang='lat' dir='ltr'><strong>At</strong></span> <span class='ocrx_word' id='word_1_290' title='bbox 1471 2607 1614 2677; x_wconf 86' lang='lat' dir='ltr'><strong>quod</strong></span> <span class='ocrx_word' id='word_1_291' title='bbox 1646 2606 1866 2676; x_wconf 83' lang='lat' dir='ltr'><strong>juvenis</strong></span> <span class='ocrx_word' id='word_1_292' title='bbox 1889 2603 2067 2658; x_wconf 88' lang='lat' dir='ltr'><strong>adhuc</strong></span> 
     </span>
    </p>
   </div>
   <div class='ocr_carea' id='block_1_42' title="bbox 484 2697 2066 2770">
    <p class='ocr_par' dir='ltr' id='par_1_42' title="bbox 484 2697 2066 2770">
     <span class='ocr_line' id='line_1_42' title="bbox 484 2697 2066 2770; baseline -0.006 -12"><span class='ocrx_word' id='word_1_293' title='bbox 484 2711 654 2767; x_wconf 87' lang='lat' dir='ltr'><strong>esset,</strong></span> <span class='ocrx_word' id='word_1_294' title='bbox 691 2702 830 2757; x_wconf 89' lang='lat' dir='ltr'><strong>nihil</strong></span> <span class='ocrx_word' id='word_1_295' title='bbox 862 2703 936 2768; x_wconf 90' lang='lat' dir='ltr'><strong>ei,</strong></span> <span class='ocrx_word' id='word_1_296' title='bbox 974 2701 1119 2770; x_wconf 88' lang='lat' dir='ltr'><strong>quod</strong></span> <span class='ocrx_word' id='word_1_297' title='bbox 1147 2700 1268 2755; x_wconf 85' lang='lat' dir='ltr'><strong>sine</strong></span> <span class='ocrx_word' id='word_1_298' title='bbox 1301 2699 1506 2754; x_wconf 90' lang='lat' dir='ltr'><strong>ducum</strong></span> <span class='ocrx_word' id='word_1_299' title='bbox 1534 2699 1627 2767; x_wconf 90' lang='lat' dir='ltr'><strong>qui</strong></span> <span class='ocrx_word' id='word_1_300' title='bbox 1663 2699 1716 2751; x_wconf 91' lang='lat' dir='ltr'><strong>in</strong></span> <span class='ocrx_word' id='word_1_301' title='bbox 1747 2698 1867 2768; x_wconf 86' lang='lat' dir='ltr'><strong>ejus</strong></span> <span class='ocrx_word' id='word_1_302' title='bbox 1896 2697 2066 2752; x_wconf 87' lang='lat' dir='ltr'><strong>comi-</strong></span> 
     </span>
    </p>
   </div>
   <div class='ocr_carea' id='block_1_43' title="bbox 487 2787 2063 2861">
    <p class='ocr_par' dir='ltr' id='par_1_43' title="bbox 487 2787 2063 2861">
     <span class='ocr_line' id='line_1_43' title="bbox 487 2787 2063 2861; baseline -0.005 -13"><span class='ocrx_word' id='word_1_303' title='bbox 487 2806 600 2848; x_wconf 85' lang='lat' dir='ltr'><strong>tatu</strong></span> <span class='ocrx_word' id='word_1_304' title='bbox 639 2803 818 2848; x_wconf 85' lang='lat' dir='ltr'><strong>erant.</strong></span> <span class='ocrx_word' id='word_1_305' title='bbox 855 2793 1090 2847; x_wconf 87' lang='lat' dir='ltr'><strong>consilio</strong></span> <span class='ocrx_word' id='word_1_306' title='bbox 1117 2803 1325 2861; x_wconf 80' lang='lat' dir='ltr'><strong>ageret,</strong></span> <span class='ocrx_word' id='word_1_307' title='bbox 1362 2790 1630 2860; x_wconf 85' lang='lat' dir='ltr'><strong>permisit.</strong></span> <span class='ocrx_word' id='word_1_308' title='bbox 1665 2788 1766 2844; x_wconf 86' lang='lat' dir='ltr'><strong>Ubi</strong></span> <span class='ocrx_word' id='word_1_309' title='bbox 1812 2804 1945 2842; x_wconf 86' lang='lat' dir='ltr'><strong>vero</strong></span> <span class='ocrx_word' id='word_1_310' title='bbox 1987 2787 2063 2841; x_wconf 90' lang='lat' dir='ltr'><strong>illi</strong></span> 
     </span>
    </p>
   </div>
   <div class='ocr_carea' id='block_1_44' title="bbox 489 2882 2068 2952">
    <p class='ocr_par' dir='ltr' id='par_1_44' title="bbox 489 2882 2068 2952">
     <span class='ocr_line' id='line_1_44' title="bbox 489 2882 2068 2952; baseline -0.005 -10"><span class='ocrx_word' id='word_1_311' title='bbox 489 2904 597 2943; x_wconf 92' lang='lat' dir='ltr'><strong>non</strong></span> <span class='ocrx_word' id='word_1_312' title='bbox 645 2897 797 2943; x_wconf 88' lang='lat' dir='ltr'><strong>recte</strong></span> <span class='ocrx_word' id='word_1_313' title='bbox 834 2901 950 2942; x_wconf 89' lang='lat' dir='ltr'><strong>rem</strong></span> <span class='ocrx_word' id='word_1_314' title='bbox 995 2885 1290 2940; x_wconf 87' lang='lat' dir='ltr'><strong>militarem</strong></span> <span class='ocrx_word' id='word_1_315' title='bbox 1341 2885 1822 2948; x_wconf 86' lang='lat' dir='ltr'><strong>administrarent,</strong></span> <span class='ocrx_word' id='word_1_316' title='bbox 1858 2882 1977 2952; x_wconf 90' lang='lat' dir='ltr'><strong>ipse</strong></span> <span class='ocrx_word' id='word_1_317' title='bbox 2009 2889 2068 2934; x_wconf 91' lang='lat' dir='ltr'><strong>ut</strong></span> 
     </span>
    </p>
   </div>
   <div class='ocr_carea' id='block_1_45' title="bbox 485 2968 2064 3048">
    <p class='ocr_par' dir='ltr' id='par_1_45' title="bbox 485 2968 2064 3048">
     <span class='ocr_line' id='line_1_45' title="bbox 485 2968 2064 3048; baseline -0.008 -17"><span class='ocrx_word' id='word_1_318' title='bbox 485 2977 666 3048; x_wconf 88' lang='lat' dir='ltr'><strong>potuit</strong></span> <span class='ocrx_word' id='word_1_319' title='bbox 726 2992 824 3046; x_wconf 87' lang='lat' dir='ltr'><strong>per</strong></span> <span class='ocrx_word' id='word_1_320' title='bbox 877 2990 938 3030; x_wconf 90' lang='lat' dir='ltr'><strong>se</strong></span> <span class='ocrx_word' id='word_1_321' title='bbox 995 2974 1198 3028; x_wconf 89' lang='lat' dir='ltr'><strong>bellum</strong></span> <span class='ocrx_word' id='word_1_322' title='bbox 1247 2971 1439 3042; x_wconf 80' lang='lat' dir='ltr'><strong>gessit,</strong></span> <span class='ocrx_word' id='word_1_323' title='bbox 1497 2970 1762 3024; x_wconf 89' lang='lat' dir='ltr'><strong>militibus</strong></span> <span class='ocrx_word' id='word_1_324' title='bbox 1811 2968 2064 3022; x_wconf 85' lang='lat' dir='ltr'><strong>ardorem</strong></span> 
     </span>
    </p>
   </div>
   <div class='ocr_carea' id='block_1_46' title="bbox 484 3061 2064 3138">
    <p class='ocr_par' dir='ltr' id='par_1_46' title="bbox 484 3061 2064 3138">
     <span class='ocr_line' id='line_1_46' title="bbox 484 3061 2064 3138; baseline -0.006 -16"><span class='ocrx_word' id='word_1_325' title='bbox 484 3069 780 3138; x_wconf 82' lang='lat' dir='ltr'><strong>quemdam</strong></span> <span class='ocrx_word' id='word_1_326' title='bbox 815 3065 1038 3128; x_wconf 86' lang='lat' dir='ltr'><strong>indidit,</strong></span> <span class='ocrx_word' id='word_1_327' title='bbox 1072 3064 1549 3132; x_wconf 86' lang='lat' dir='ltr'><strong>animosioresque</strong></span> <span class='ocrx_word' id='word_1_328' title='bbox 1579 3064 1643 3115; x_wconf 90' lang='lat' dir='ltr'><strong>ad</strong></span> <span class='ocrx_word' id='word_1_329' title='bbox 1683 3061 1865 3130; x_wconf 76' lang='lat' dir='ltr'><strong>pnelia</strong></span> <span class='ocrx_word' id='word_1_330' title='bbox 1914 3075 2064 3114; x_wconf 82' lang='lat' dir='ltr'><strong>com-</strong></span> 
     </span>
    </p>
   </div>
   <div class='ocr_carea' id='block_1_47' title="bbox 2167 1958 3744 2034">
    <p class='ocr_par' dir='ltr' id='par_1_47' title="bbox 2167 1958 3744 2034">
     <span class='ocr_line' id='line_1_47' title="bbox 2167 1958 3744 2034; baseline 0.003 -23"><span class='ocrx_word' id='word_1_331' title='bbox 2167 1958 2395 2030; x_wconf 83' lang='grc' dir='ltr'>γνώμης</span> <span class='ocrx_word' id='word_1_332' title='bbox 2419 1959 2545 2029; x_wconf 86' lang='grc' dir='ltr'><strong>δίχα</strong></span> <span class='ocrx_word' id='word_1_333' title='bbox 2568 1960 2678 2013; x_wconf 88' lang='grc' dir='ltr'><strong>τῶν</strong></span> <span class='ocrx_word' id='word_1_334' title='bbox 2710 1961 2994 2028; x_wconf 77' lang='grc' dir='ltr'><strong>ἑπομένων</strong></span> <span class='ocrx_word' id='word_1_335' title='bbox 3022 1962 3172 2032; x_wconf 85' lang='grc' dir='ltr'><strong>αύτῷ</strong></span> <span class='ocrx_word' id='word_1_336' title='bbox 3199 1962 3550 2034; x_wconf 85' lang='grc' dir='ltr'><strong>στρατηγῶν.</strong></span> <span class='ocrx_word' id='word_1_337' title='bbox 3588 1963 3744 2016; x_wconf 79' lang='grc' dir='ltr'><strong>Ἀνω-</strong></span> 
     </span>
    </p>
   </div>
   <div class='ocr_carea' id='block_1_48' title="bbox 2171 2051 3745 2126">
    <p class='ocr_par' dir='ltr' id='par_1_48' title="bbox 2171 2051 3745 2126">
     <span class='ocr_line' id='line_1_48' title="bbox 2171 2051 3745 2126; baseline 0.001 -20"><span class='ocrx_word' id='word_1_338' title='bbox 2171 2051 2354 2120; x_wconf 80' lang='grc' dir='ltr'><strong>μάλως</strong></span> <span class='ocrx_word' id='word_1_339' title='bbox 2381 2052 2673 2106; x_wconf 85' lang='grc' dir='ltr'><strong>δ’ἐκείνων</strong></span> <span class='ocrx_word' id='word_1_340' title='bbox 2701 2059 2770 2107; x_wconf 85' lang='grc' dir='ltr'><strong>τὰ</strong></span> <span class='ocrx_word' id='word_1_341' title='bbox 2799 2055 2938 2124; x_wconf 84' lang='grc' dir='ltr'><strong>πρὸς</strong></span> <span class='ocrx_word' id='word_1_342' title='bbox 2967 2055 3148 2125; x_wconf 85' lang='grc' dir='ltr'>μάχην</span> <span class='ocrx_word' id='word_1_343' title='bbox 3167 2056 3560 2126; x_wconf 79' lang='grc' dir='ltr'><strong>διακειμένων,</strong></span> <span class='ocrx_word' id='word_1_344' title='bbox 3593 2055 3745 2116; x_wconf 85' lang='grc' dir='ltr'><strong>αὐτὸς</strong></span> 
     </span>
    </p>
   </div>
   <div class='ocr_carea' id='block_1_49' title="bbox 2167 2141 3741 2218">
    <p class='ocr_par' dir='ltr' id='par_1_49' title="bbox 2167 2141 3741 2218">
     <span class='ocr_line' id='line_1_49' title="bbox 2167 2141 3741 2218; baseline 0.004 -25"><span class='ocrx_word' id='word_1_345' title='bbox 2167 2141 2242 2204; x_wconf 81' lang='grc' dir='ltr'><strong>ὡς</strong></span> <span class='ocrx_word' id='word_1_346' title='bbox 2279 2143 2406 2214; x_wconf 82' lang='grc' dir='ltr'><strong>ἐνῆν</strong></span> <span class='ocrx_word' id='word_1_347' title='bbox 2433 2144 2526 2197; x_wconf 83' lang='grc' dir='ltr'><strong>τὸν</strong></span> <span class='ocrx_word' id='word_1_348' title='bbox 2557 2145 2799 2215; x_wconf 89' lang='grc' dir='ltr'><strong>πόλεμον</strong></span> <span class='ocrx_word' id='word_1_349' title='bbox 2823 2145 3124 2216; x_wconf 83' lang='grc' dir='ltr'><strong>διηυθέτει.</strong></span> <span class='ocrx_word' id='word_1_350' title='bbox 3153 2148 3260 2200; x_wconf 85' lang='grc' dir='ltr'><strong>Καί</strong></span> <span class='ocrx_word' id='word_1_351' title='bbox 3283 2166 3410 2201; x_wconf 87' lang='grc' dir='ltr'><strong>τινα</strong></span> <span class='ocrx_word' id='word_1_352' title='bbox 3441 2148 3603 2218; x_wconf 78' lang='grc' dir='ltr'><strong>ζῆλον</strong></span> <span class='ocrx_word' id='word_1_353' title='bbox 3619 2149 3741 2201; x_wconf 80' lang='grc' dir='ltr'><strong>ἐνίει</strong></span> 
     </span>
    </p>
   </div>
   <div class='ocr_carea' id='block_1_50' title="bbox 2167 2236 3742 2310">
    <p class='ocr_par' dir='ltr' id='par_1_50' title="bbox 2167 2236 3742 2310">
     <span class='ocr_line' id='line_1_50' title="bbox 2167 2236 3742 2310; baseline 0.003 -22"><span class='ocrx_word' id='word_1_354' title='bbox 2167 2237 2279 2298; x_wconf 68' lang='grc' dir='ltr'><strong>τοῖς</strong></span> <span class='ocrx_word' id='word_1_355' title='bbox 2335 2236 2730 2306; x_wconf 75' lang='grc' dir='ltr'><strong>στρατιώταις,</strong></span> <span class='ocrx_word' id='word_1_356' title='bbox 2788 2237 3163 2309; x_wconf 80' lang='grc' dir='ltr'><strong>θερμοτέρους</strong></span> <span class='ocrx_word' id='word_1_357' title='bbox 3232 2239 3368 2310; x_wconf 75' lang='grc' dir='ltr'><strong>περὶ</strong></span> <span class='ocrx_word' id='word_1_358' title='bbox 3428 2242 3522 2294; x_wconf 73' lang='grc' dir='ltr'><strong>τὸν</strong></span> <span class='ocrx_word' id='word_1_359' title='bbox 3570 2239 3742 2307; x_wconf 85' lang='grc' dir='ltr'><strong>ἀγῶνα</strong></span> 
     </span>
    </p>
   </div>
   <div class='ocr_carea' id='block_1_51' title="bbox 2169 2327 3740 2404">
    <p class='ocr_par' dir='ltr' id='par_1_51' title="bbox 2169 2327 3740 2404">
     <span class='ocr_line' id='line_1_51' title="bbox 2169 2327 3740 2404; baseline 0.001 -24"><span class='ocrx_word' id='word_1_360' title='bbox 2169 2327 2364 2394; x_wconf 84' lang='grc' dir='ltr'><strong>ποιῶν,</strong></span> <span class='ocrx_word' id='word_1_361' title='bbox 2421 2331 2913 2400; x_wconf 82' lang='grc' dir='ltr'><strong>παρακινδυνεύειν</strong></span> <span class='ocrx_word' id='word_1_362' title='bbox 2977 2333 3346 2402; x_wconf 74' lang='grc' dir='ltr'><strong>προτρέπωνο</strong></span> <span class='ocrx_word' id='word_1_363' title='bbox 3419 2329 3502 2397; x_wconf 76' lang='grc' dir='ltr'><strong>οἷς</strong></span> <span class='ocrx_word' id='word_1_364' title='bbox 3561 2332 3740 2404; x_wconf 80' lang='grc' dir='ltr'><strong>μισθὸν</strong></span> 
     </span>
    </p>
   </div>
   <div class='ocr_carea' id='block_1_52' title="bbox 2167 2422 3741 2495">
    <p class='ocr_par' dir='ltr' id='par_1_52' title="bbox 2167 2422 3741 2495">
     <span class='ocr_line' id='line_1_52' title="bbox 2167 2422 3741 2495; baseline 0.001 -20"><span class='ocrx_word' id='word_1_365' title='bbox 2167 2422 2446 2491; x_wconf 81' lang='grc' dir='ltr'><strong>ἀνήκοντα</strong></span> <span class='ocrx_word' id='word_1_366' title='bbox 2504 2423 2664 2489; x_wconf 79' lang='grc' dir='ltr'><strong>ἔταξε</strong></span> <span class='ocrx_word' id='word_1_367' title='bbox 2719 2423 2798 2493; x_wconf 83' lang='grc' dir='ltr'><strong>τῷ</strong></span> <span class='ocrx_word' id='word_1_368' title='bbox 2857 2423 3143 2494; x_wconf 85' lang='grc' dir='ltr'><strong>βάρϐαρον</strong></span> <span class='ocrx_word' id='word_1_369' title='bbox 3169 2426 3560 2495; x_wconf 85' lang='grc' dir='ltr'><strong>ἀναιρήσοντι.</strong></span> <span class='ocrx_word' id='word_1_370' title='bbox 3596 2425 3659 2476; x_wconf 84' lang='grc' dir='ltr'><em>Ὃ</em></span> <span class='ocrx_word' id='word_1_371' title='bbox 3683 2423 3741 2493; x_wconf 82' lang='grc' dir='ltr'><strong>δὴ</strong></span> 
     </span>
    </p>
   </div>
   <div class='ocr_carea' id='block_1_53' title="bbox 2167 2516 3738 2588">
    <p class='ocr_par' dir='ltr' id='par_1_53' title="bbox 2167 2516 3738 2588">
     <span class='ocr_line' id='line_1_53' title="bbox 2167 2516 3738 2588; baseline 0.001 -21"><span class='ocrx_word' id='word_1_372' title='bbox 2167 2516 2344 2586; x_wconf 84' lang='grc' dir='ltr'><strong>ἀρχὴν</strong></span> <span class='ocrx_word' id='word_1_373' title='bbox 2376 2516 2656 2587; x_wconf 86' lang='grc' dir='ltr'><strong>παρέσχεν</strong></span> <span class='ocrx_word' id='word_1_374' title='bbox 2689 2516 2898 2569; x_wconf 79' lang='grc' dir='ltr'><strong>ἐλάττω</strong></span> <span class='ocrx_word' id='word_1_375' title='bbox 2925 2517 3028 2585; x_wconf 87' lang='grc' dir='ltr'><strong>μέν</strong></span> <span class='ocrx_word' id='word_1_376' title='bbox 3049 2516 3306 2585; x_wconf 88' lang='grc' dir='ltr'><strong>γίνεσθαι</strong></span> <span class='ocrx_word' id='word_1_377' title='bbox 3332 2519 3403 2572; x_wconf 84' lang='grc' dir='ltr'><strong>τὰ</strong></span> <span class='ocrx_word' id='word_1_378' title='bbox 3439 2516 3738 2588; x_wconf 89' lang='grc' dir='ltr'><strong>βαρϐάρων,</strong></span> 
     </span>
    </p>
   </div>
   <div class='ocr_carea' id='block_1_54' title="bbox 2167 2604 3740 2681">
    <p class='ocr_par' dir='ltr' id='par_1_54' title="bbox 2167 2604 3740 2681">
     <span class='ocr_line' id='line_1_54' title="bbox 2167 2604 3740 2681; baseline 0.005 -21"><span class='ocrx_word' id='word_1_379' title='bbox 2167 2609 2380 2661; x_wconf 84' lang='grc' dir='ltr'><strong>ἐκεῖνον</strong></span> <span class='ocrx_word' id='word_1_380' title='bbox 2404 2607 2461 2660; x_wconf 84' lang='grc' dir='ltr'><strong>δέ</strong></span> <span class='ocrx_word' id='word_1_381' title='bbox 2496 2609 2906 2680; x_wconf 81' lang='grc' dir='ltr'><strong>κεχαρισμένον</strong></span> <span class='ocrx_word' id='word_1_382' title='bbox 2932 2604 3075 2662; x_wconf 79' lang='grc' dir='ltr'><strong>εῖναι</strong></span> <span class='ocrx_word' id='word_1_383' title='bbox 3109 2610 3204 2662; x_wconf 77' lang='grc' dir='ltr'><strong>καὶ</strong></span> <span class='ocrx_word' id='word_1_384' title='bbox 3229 2610 3322 2664; x_wconf 84' lang='grc' dir='ltr'><strong>διὰ</strong></span> <span class='ocrx_word' id='word_1_385' title='bbox 3342 2610 3535 2681; x_wconf 84' lang='grc' dir='ltr'><strong>φήμης</strong></span> <span class='ocrx_word' id='word_1_386' title='bbox 3559 2607 3740 2676; x_wconf 78' lang='grc' dir='ltr'><strong>πολλῆς</strong></span> 
     </span>
    </p>
   </div>
   <div class='ocr_carea' id='block_1_55' title="bbox 2166 2701 3739 2775">
    <p class='ocr_par' dir='ltr' id='par_1_55' title="bbox 2166 2701 3739 2775">
     <span class='ocr_line' id='line_1_55' title="bbox 2166 2701 3739 2775; baseline -0.003 -19"><span class='ocrx_word' id='word_1_387' title='bbox 2166 2701 2415 2756; x_wconf 83' lang='grc' dir='ltr'><strong>διελθεῖν.</strong></span> <span class='ocrx_word' id='word_1_388' title='bbox 2481 2703 2594 2755; x_wconf 68' lang='grc' dir='ltr'><strong>Καὶ</strong></span> <span class='ocrx_word' id='word_1_389' title='bbox 2647 2701 2714 2771; x_wconf 81' lang='grc' dir='ltr'><strong>δὴ</strong></span> <span class='ocrx_word' id='word_1_390' title='bbox 2773 2703 2875 2772; x_wconf 81' lang='grc' dir='ltr'><strong>τὴν</strong></span> <span class='ocrx_word' id='word_1_391' title='bbox 2920 2703 3032 2757; x_wconf 85' lang='grc' dir='ltr'><strong>τῶν</strong></span> <span class='ocrx_word' id='word_1_392' title='bbox 3091 2705 3422 2775; x_wconf 83' lang='grc' dir='ltr'><strong>στρατηγῶν</strong></span> <span class='ocrx_word' id='word_1_393' title='bbox 3475 2704 3739 2774; x_wconf 81' lang='grc' dir='ltr'><strong>ῥᾳστώνην</strong></span> 
     </span>
    </p>
   </div>
   <div class='ocr_carea' id='block_1_56' title="bbox 2169 2795 3739 2868">
    <p class='ocr_par' dir='ltr' id='par_1_56' title="bbox 2169 2795 3739 2868">
     <span class='ocr_line' id='line_1_56' title="bbox 2169 2795 3739 2868; baseline -0.001 -20"><span class='ocrx_word' id='word_1_394' title='bbox 2169 2795 2536 2864; x_wconf 79' lang='grc' dir='ltr'><strong>Κωνσταντίῳ</strong></span> <span class='ocrx_word' id='word_1_395' title='bbox 2598 2795 2873 2864; x_wconf 75' lang='grc' dir='ltr'><strong>δηλώσας,</strong></span> <span class='ocrx_word' id='word_1_396' title='bbox 2931 2797 3151 2867; x_wconf 87' lang='grc' dir='ltr'><strong>ἐτέρους</strong></span> <span class='ocrx_word' id='word_1_397' title='bbox 3200 2797 3329 2868; x_wconf 76' lang='grc' dir='ltr'><strong>ἔσχε</strong></span> <span class='ocrx_word' id='word_1_398' title='bbox 3363 2797 3493 2860; x_wconf 83' lang='grc' dir='ltr'><strong>τοὺς</strong></span> <span class='ocrx_word' id='word_1_399' title='bbox 3527 2811 3739 2866; x_wconf 86' lang='grc' dir='ltr'><strong>στρατη-</strong></span> 
     </span>
    </p>
   </div>
   <div class='ocr_carea' id='block_1_57' title="bbox 2167 2881 3738 2962">
    <p class='ocr_par' dir='ltr' id='par_1_57' title="bbox 2167 2881 3738 2962">
     <span class='ocr_line' id='line_1_57' title="bbox 2167 2881 3738 2962; baseline 0.006 -24"><span class='ocrx_word' id='word_1_400' title='bbox 2167 2887 2301 2954; x_wconf 88' lang='grc' dir='ltr'><strong>γούς</strong></span> <span class='ocrx_word' id='word_1_401' title='bbox 2327 2903 2342 2918; x_wconf 82' lang='lat'><strong><em>°</em></strong></span> <span class='ocrx_word' id='word_1_402' title='bbox 2379 2886 2500 2956; x_wconf 85' lang='grc' dir='ltr'><strong>μεθ’</strong></span> <span class='ocrx_word' id='word_1_403' title='bbox 2531 2881 2606 2942; x_wconf 82' lang='grc' dir='ltr'><strong>ὧν</strong></span> <span class='ocrx_word' id='word_1_404' title='bbox 2629 2889 2743 2950; x_wconf 76' lang='grc' dir='ltr'><strong>τοῖς</strong></span> <span class='ocrx_word' id='word_1_405' title='bbox 2770 2889 3034 2952; x_wconf 84' lang='grc' dir='ltr'><strong>ἐναντίοις</strong></span> <span class='ocrx_word' id='word_1_406' title='bbox 3066 2890 3420 2962; x_wconf 78' lang='grc' dir='ltr'><strong>προσϐαλὼν,</strong></span> <span class='ocrx_word' id='word_1_407' title='bbox 3445 2887 3738 2959; x_wconf 79' lang='grc' dir='ltr'><strong>ἀνακράτος</strong></span> 
     </span>
    </p>
   </div>
   <div class='ocr_carea' id='block_1_58' title="bbox 2168 2981 3737 3054">
    <p class='ocr_par' dir='ltr' id='par_1_58' title="bbox 2168 2981 3737 3054">
     <span class='ocr_line' id='line_1_58' title="bbox 2168 2981 3737 3054; baseline -0.003 -20"><span class='ocrx_word' id='word_1_408' title='bbox 2168 2982 2352 3034; x_wconf 80' lang='grc' dir='ltr'><strong>ἐνίκα·</strong></span> <span class='ocrx_word' id='word_1_409' title='bbox 2393 2984 2460 3052; x_wconf 83' lang='grc' dir='ltr'><strong>τῇ</strong></span> <span class='ocrx_word' id='word_1_410' title='bbox 2515 2981 2561 3033; x_wconf 86' lang='grc' dir='ltr'><strong>δ’</strong></span> <span class='ocrx_word' id='word_1_411' title='bbox 2613 2983 2833 3053; x_wconf 83' lang='grc' dir='ltr'><strong>ἀνάγκῃ</strong></span> <span class='ocrx_word' id='word_1_412' title='bbox 2897 2984 2979 3046; x_wconf 85' lang='grc' dir='ltr'><strong>είς</strong></span> <span class='ocrx_word' id='word_1_413' title='bbox 3014 2982 3321 3054; x_wconf 79' lang='grc' dir='ltr'><strong>πρεσϐείαν</strong></span> <span class='ocrx_word' id='word_1_414' title='bbox 3368 2982 3737 3037; x_wconf 83' lang='grc' dir='ltr'><strong>καταστάντων</strong></span> 
     </span>
    </p>
   </div>
   <div class='ocr_carea' id='block_1_59' title="bbox 2169 3059 3736 3144">
    <p class='ocr_par' dir='ltr' id='par_1_59' title="bbox 2169 3059 3736 3144">
     <span class='ocr_line' id='line_1_59' title="bbox 2169 3059 3736 3144; baseline -0.003 -19"><span class='ocrx_word' id='word_1_415' title='bbox 2169 3072 2420 3137; x_wconf 82' lang='grc' dir='ltr'><strong>ἐκείνων,</strong></span> <span class='ocrx_word' id='word_1_416' title='bbox 2451 3073 2550 3126; x_wconf 78' lang='grc' dir='ltr'><strong>καὶ</strong></span> <span class='ocrx_word' id='word_1_417' title='bbox 2585 3059 2655 3126; x_wconf 73' lang='grc' dir='ltr'><strong>τά</strong></span> <span class='ocrx_word' id='word_1_418' title='bbox 2688 3075 2994 3144; x_wconf 87' lang='grc' dir='ltr'><strong>γράμματα</strong></span> <span class='ocrx_word' id='word_1_419' title='bbox 3027 3075 3416 3129; x_wconf 82' lang='grc' dir='ltr'><strong>Κωνσταντίου</strong></span> <span class='ocrx_word' id='word_1_420' title='bbox 3451 3071 3736 3142; x_wconf 70' lang='grc' dir='ltr'><strong>προϐαλλοο</strong></span> 
     </span>
    </p>
   </div>
   <div class='ocr_carea' id='block_1_60' title="bbox 487 3153 2070 3269">
    <p class='ocr_par' dir='ltr' id='par_1_60' title="bbox 487 3153 2067 3269">
     <span class='ocr_line' id='line_1_60' title="bbox 487 3153 2067 3228; baseline -0.006 -14"><span class='ocrx_word' id='word_1_421' title='bbox 487 3159 754 3214; x_wconf 86' lang='lat' dir='ltr'><strong>mittenda</strong></span> <span class='ocrx_word' id='word_1_422' title='bbox 782 3166 837 3213; x_wconf 90' lang='lat' dir='ltr'><strong>et</strong></span> <span class='ocrx_word' id='word_1_423' title='bbox 858 3157 1107 3228; x_wconf 83' lang='lat' dir='ltr'><strong>pericula</strong></span> <span class='ocrx_word' id='word_1_424' title='bbox 1137 3155 1390 3210; x_wconf 89' lang='lat' dir='ltr'><strong>adeunda</strong></span> <span class='ocrx_word' id='word_1_425' title='bbox 1417 3153 1900 3208; x_wconf 82' lang='lat' dir='ltr'><strong>cohorta&#39;ionibus</strong></span> <span class='ocrx_word' id='word_1_426' title='bbox 1930 3167 2067 3220; x_wconf 66' lang='lat' dir='ltr'><strong>prae-</strong></span> 
     </span>
     <span class='ocr_line' id='line_1_61' title="bbox 547 3243 2036 3269; baseline 0 0"><span class='ocrx_word' id='word_1_427' title='bbox 547 3253 578 3264; x_wconf 78' lang='grc' dir='ltr'><strong>-ο</strong></span> <span class='ocrx_word' id='word_1_428' title='bbox 629 3268 635 3269; x_wconf 59' lang='lat'><strong><em>,</em></strong></span> <span class='ocrx_word' id='word_1_429' title='bbox 675 3266 715 3269; x_wconf 62' lang='lat'><strong>,_</strong></span> <span class='ocrx_word' id='word_1_430' title='bbox 796 3250 853 3269; x_wconf 65' lang='grc' dir='ltr'><strong>Δι-</strong></span> <span class='ocrx_word' id='word_1_431' title='bbox 909 3248 1170 3269; x_wconf 65' lang='grc'><strong>1.---1.----</strong></span> <span class='ocrx_word' id='word_1_432' title='bbox 1227 3262 1392 3269; x_wconf 68' lang='grc'><strong>-...---</strong></span> <span class='ocrx_word' id='word_1_433' title='bbox 1453 3246 1749 3269; x_wconf 59' lang='grc' dir='ltr'><strong>---ληηειεη</strong></span> <span class='ocrx_word' id='word_1_434' title='bbox 1807 3243 2036 3269; x_wconf 69' lang='lat' dir='ltr'><strong>-...l.l:.l:|</strong></span> 
     </span>
    </p>
   </div>
   <div class='ocr_carea' id='block_1_61' title="bbox 2175 3153 3736 3269">
    <p class='ocr_par' dir='ltr' id='par_1_61' title="bbox 2175 3162 3736 3237">
     <span class='ocr_line' id='line_1_62' title="bbox 2175 3162 3736 3237; baseline -0.002 -19"><span class='ocrx_word' id='word_1_435' title='bbox 2175 3167 2374 3235; x_wconf 86' lang='grc' dir='ltr'><strong>μένων,</strong></span> <span class='ocrx_word' id='word_1_436' title='bbox 2417 3166 2493 3230; x_wconf 83' lang='grc' dir='ltr'><strong>ὡς</strong></span> <span class='ocrx_word' id='word_1_437' title='bbox 2555 3168 2749 3237; x_wconf 88' lang='grc' dir='ltr'><strong>καλοίη</strong></span> <span class='ocrx_word' id='word_1_438' title='bbox 2785 3168 2927 3234; x_wconf 82' lang='grc' dir='ltr'><strong>σφᾶς</strong></span> <span class='ocrx_word' id='word_1_439' title='bbox 2987 3162 3144 3231; x_wconf 81' lang='grc' dir='ltr'><strong>αὖθις</strong></span> <span class='ocrx_word' id='word_1_440' title='bbox 3189 3168 3281 3221; x_wconf 77' lang='grc' dir='ltr'><strong>ἐπὶ</strong></span> <span class='ocrx_word' id='word_1_441' title='bbox 3325 3169 3428 3235; x_wconf 81' lang='grc' dir='ltr'><strong>τὴν</strong></span> <span class='ocrx_word' id='word_1_442' title='bbox 3467 3163 3736 3236; x_wconf 84' lang='grc' dir='ltr'><strong>Ῥωμαίων</strong></span> 
     </span>
    </p>
   </div>
   <div class='ocr_carea' id='block_1_62' title="bbox 485 3243 2063 3322">
    <p class='ocr_par' dir='ltr' id='par_1_62' title="bbox 485 3243 2063 3322">
     <span class='ocr_line' id='line_1_63' title="bbox 485 3243 2063 3322; baseline -0.006 -15"><span class='ocrx_word' id='word_1_443' title='bbox 485 3253 722 3322; x_wconf 88' lang='lat' dir='ltr'><strong>miisque</strong></span> <span class='ocrx_word' id='word_1_444' title='bbox 789 3250 860 3304; x_wconf 89' lang='lat' dir='ltr'><strong>ob</strong></span> <span class='ocrx_word' id='word_1_445' title='bbox 905 3248 1172 3303; x_wconf 90' lang='lat' dir='ltr'><strong>barbaros</strong></span> <span class='ocrx_word' id='word_1_446' title='bbox 1222 3262 1394 3301; x_wconf 73' lang='lat' dir='ltr'><strong>cresos</strong></span> <span class='ocrx_word' id='word_1_447' title='bbox 1453 3246 1750 3316; x_wconf 80' lang='lat' dir='ltr'><strong>propositis</strong></span> <span class='ocrx_word' id='word_1_448' title='bbox 1807 3243 2063 3296; x_wconf 86' lang='lat' dir='ltr'><strong>reddidit.</strong></span> 
     </span>
    </p>
   </div>
   <div class='ocr_carea' id='block_1_63' title="bbox 2174 3255 3734 3330">
    <p class='ocr_par' dir='ltr' id='par_1_63' title="bbox 2174 3255 3734 3330">
     <span class='ocr_line' id='line_1_64' title="bbox 2174 3255 3734 3330; baseline -0.004 -20"><span class='ocrx_word' id='word_1_449' title='bbox 2174 3258 2520 3329; x_wconf 86' lang='grc' dir='ltr'><strong>συμμαχίαν,</strong></span> <span class='ocrx_word' id='word_1_450' title='bbox 2563 3259 2823 3330; x_wconf 86' lang='grc' dir='ltr'><strong>ἐπίτηδες</strong></span> <span class='ocrx_word' id='word_1_451' title='bbox 2851 3261 3062 3312; x_wconf 81' lang='grc' dir='ltr'><strong>ἐκεῖνον</strong></span> <span class='ocrx_word' id='word_1_452' title='bbox 3090 3259 3493 3315; x_wconf 84' lang='grc' dir='ltr'><strong>ἀναϐαλέσθαι.</strong></span> <span class='ocrx_word' id='word_1_453' title='bbox 3538 3255 3734 3322; x_wconf 82' lang='grc' dir='ltr'><strong>Μελλὴ-</strong></span> 
     </span>
    </p>
   </div>
   <div class='ocr_carea' id='block_1_64' title="bbox 487 3334 2070 3422">
    <p class='ocr_par' dir='ltr' id='par_1_64' title="bbox 487 3334 2070 3410">
     <span class='ocr_line' id='line_1_65' title="bbox 487 3334 2070 3410; baseline -0.003 -16"><span class='ocrx_word' id='word_1_454' title='bbox 487 3346 619 3410; x_wconf 67' lang='lat' dir='ltr'><strong>Quae</strong></span> <span class='ocrx_word' id='word_1_455' title='bbox 650 3359 782 3397; x_wconf 91' lang='lat' dir='ltr'><strong>sane</strong></span> <span class='ocrx_word' id='word_1_456' title='bbox 825 3356 914 3396; x_wconf 91' lang='lat' dir='ltr'><strong>res</strong></span> <span class='ocrx_word' id='word_1_457' title='bbox 943 3340 1166 3395; x_wconf 88' lang='lat' dir='ltr'><strong>initium</strong></span> <span class='ocrx_word' id='word_1_458' title='bbox 1204 3339 1460 3410; x_wconf 68' lang='lat' dir='ltr'><strong>praebuit,</strong></span> <span class='ocrx_word' id='word_1_459' title='bbox 1492 3349 1552 3391; x_wconf 92' lang='lat' dir='ltr'><strong>ut</strong></span> <span class='ocrx_word' id='word_1_460' title='bbox 1582 3337 1797 3391; x_wconf 90' lang='lat' dir='ltr'><strong>barbari</strong></span> <span class='ocrx_word' id='word_1_461' title='bbox 1833 3334 2070 3390; x_wconf 87' lang='lat' dir='ltr'><strong>subinde</strong></span> 
     </span>
    </p>
   </div>
   <div class='ocr_carea' id='block_1_65' title="bbox 2175 3334 3738 3422">
    <p class='ocr_par' dir='ltr' id='par_1_65' title="bbox 2175 3345 3738 3422">
     <span class='ocr_line' id='line_1_66' title="bbox 2175 3345 3738 3422; baseline -0.012 -7"><span class='ocrx_word' id='word_1_462' title='bbox 2175 3368 2272 3414; x_wconf 85' lang='grc' dir='ltr'><strong>σας</strong></span> <span class='ocrx_word' id='word_1_463' title='bbox 2318 3351 2428 3421; x_wconf 84' lang='grc' dir='ltr'><strong>γὰρ</strong></span> <span class='ocrx_word' id='word_1_464' title='bbox 2477 3350 2574 3405; x_wconf 83' lang='grc' dir='ltr'><strong>τδν</strong></span> <span class='ocrx_word' id='word_1_465' title='bbox 2607 3351 2864 3422; x_wconf 85' lang='grc' dir='ltr'><strong>πρέσϐιν,</strong></span> <span class='ocrx_word' id='word_1_466' title='bbox 2899 3354 2995 3406; x_wconf 73' lang='grc' dir='ltr'><strong>καὶ</strong></span> <span class='ocrx_word' id='word_1_467' title='bbox 3029 3353 3226 3406; x_wconf 84' lang='grc' dir='ltr'><strong>ἐλπίδα</strong></span> <span class='ocrx_word' id='word_1_468' title='bbox 3261 3353 3393 3416; x_wconf 84' lang='grc' dir='ltr'><strong>δοὺς</strong></span> <span class='ocrx_word' id='word_1_469' title='bbox 3423 3354 3493 3414; x_wconf 83' lang='grc' dir='ltr'><strong>ὡς</strong></span> <span class='ocrx_word' id='word_1_470' title='bbox 3527 3345 3738 3420; x_wconf 82' lang='grc' dir='ltr'><strong>προσδέ-</strong></span> 
     </span>
    </p>
   </div>
   <div class='ocr_carea' id='block_1_66' title="bbox 488 3428 2070 3515">
    <p class='ocr_par' dir='ltr' id='par_1_66' title="bbox 488 3428 2070 3498">
     <span class='ocr_line' id='line_1_67' title="bbox 488 3428 2070 3498; baseline -0.004 -10"><span class='ocrx_word' id='word_1_471' title='bbox 488 3435 688 3492; x_wconf 83' lang='lat' dir='ltr'><strong>victori</strong></span> <span class='ocrx_word' id='word_1_472' title='bbox 720 3434 1015 3489; x_wconf 83' lang='lat' dir='ltr'><strong>inferiores</strong></span> <span class='ocrx_word' id='word_1_473' title='bbox 1067 3441 1273 3497; x_wconf 90' lang='lat' dir='ltr'><strong>essent,</strong></span> <span class='ocrx_word' id='word_1_474' title='bbox 1331 3433 1450 3498; x_wconf 86' lang='lat' dir='ltr'><strong>ipse</strong></span> <span class='ocrx_word' id='word_1_475' title='bbox 1480 3437 1666 3484; x_wconf 89' lang='lat' dir='ltr'><strong>autem</strong></span> <span class='ocrx_word' id='word_1_476' title='bbox 1729 3438 1784 3483; x_wconf 92' lang='lat' dir='ltr'><strong>et</strong></span> <span class='ocrx_word' id='word_1_477' title='bbox 1813 3428 1987 3498; x_wconf 88' lang='lat' dir='ltr'><strong>gratia</strong></span> <span class='ocrx_word' id='word_1_478' title='bbox 2017 3435 2070 3481; x_wconf 88' lang='lat' dir='ltr'><strong>et</strong></span> 
     </span>
    </p>
   </div>
   <div class='ocr_carea' id='block_1_67' title="bbox 2175 3428 3733 3515">
    <p class='ocr_par' dir='ltr' id='par_1_67' title="bbox 2175 3437 3733 3515">
     <span class='ocr_line' id='line_1_68' title="bbox 2175 3437 3733 3515; baseline -0.007 -19"><span class='ocrx_word' id='word_1_479' title='bbox 2175 3460 2340 3515; x_wconf 82' lang='grc' dir='ltr'><strong>χοιτο,</strong></span> <span class='ocrx_word' id='word_1_480' title='bbox 2376 3443 2662 3514; x_wconf 83' lang='grc' dir='ltr'><strong>ἀδοκήτως</strong></span> <span class='ocrx_word' id='word_1_481' title='bbox 2699 3443 2867 3506; x_wconf 81' lang='grc' dir='ltr'><strong>πολὺς</strong></span> <span class='ocrx_word' id='word_1_482' title='bbox 2892 3441 3169 3506; x_wconf 84' lang='grc' dir='ltr'><strong>ἐπελθὼν,</strong></span> <span class='ocrx_word' id='word_1_483' title='bbox 3219 3444 3458 3496; x_wconf 77' lang='grc' dir='ltr'><strong>είσάπαν</strong></span> <span class='ocrx_word' id='word_1_484' title='bbox 3487 3440 3592 3492; x_wconf 85' lang='grc' dir='ltr'><strong>τῶν</strong></span> <span class='ocrx_word' id='word_1_485' title='bbox 3617 3437 3733 3506; x_wconf 80' lang='grc' dir='ltr'><strong>βαρ-</strong></span> 
     </span>
    </p>
   </div>
   <div class='ocr_carea' id='block_1_68' title="bbox 489 3521 2070 3618">
    <p class='ocr_par' dir='ltr' id='par_1_68' title="bbox 489 3521 2070 3601">
     <span class='ocr_line' id='line_1_69' title="bbox 489 3521 2070 3601; baseline -0.008 -17"><span class='ocrx_word' id='word_1_486' title='bbox 489 3529 864 3601; x_wconf 82' lang='lat' dir='ltr'><strong>egregiafama</strong></span> <span class='ocrx_word' id='word_1_487' title='bbox 891 3528 1141 3598; x_wconf 82' lang='lat' dir='ltr'><strong>polleret.</strong></span> <span class='ocrx_word' id='word_1_488' title='bbox 1176 3527 1352 3594; x_wconf 84' lang='lat' dir='ltr'><strong>Atque</strong></span> <span class='ocrx_word' id='word_1_489' title='bbox 1389 3524 1483 3577; x_wconf 92' lang='lat' dir='ltr'><strong>ubi</strong></span> <span class='ocrx_word' id='word_1_490' title='bbox 1513 3522 1836 3577; x_wconf 86' lang='lat' dir='ltr'><strong>Constantio</strong></span> <span class='ocrx_word' id='word_1_491' title='bbox 1868 3521 2070 3576; x_wconf 88' lang='lat' dir='ltr'><strong>ducmn</strong></span> 
     </span>
    </p>
   </div>
   <div class='ocr_carea' id='block_1_69' title="bbox 2175 3521 3736 3618">
    <p class='ocr_par' dir='ltr' id='par_1_69' title="bbox 2175 3529 3736 3618">
     <span class='ocr_line' id='line_1_70' title="bbox 2175 3529 3736 3618; baseline -0.006 -27"><span class='ocrx_word' id='word_1_492' title='bbox 2175 3537 2359 3607; x_wconf 86' lang='grc' dir='ltr'><strong>ϐάρων</strong></span> <span class='ocrx_word' id='word_1_493' title='bbox 2383 3537 2659 3609; x_wconf 88' lang='grc' dir='ltr'><strong>ἐκράτησε</strong></span> <span class='ocrx_word' id='word_1_494' title='bbox 2680 3552 2692 3566; x_wconf 90' lang='grc'><strong>·</strong></span> <span class='ocrx_word' id='word_1_495' title='bbox 2723 3537 2818 3588; x_wconf 75' lang='grc' dir='ltr'><strong>καὶ</strong></span> <span class='ocrx_word' id='word_1_496' title='bbox 2848 3536 2940 3588; x_wconf 81' lang='grc' dir='ltr'><strong>τὸν</strong></span> <span class='ocrx_word' id='word_1_497' title='bbox 2969 3535 3195 3618; x_wconf 79' lang='grc' dir='ltr'><strong>ἐκείνων</strong></span> <span class='ocrx_word' id='word_1_498' title='bbox 3225 3535 3456 3606; x_wconf 85' lang='grc' dir='ltr'><strong>βασιλέα</strong></span> <span class='ocrx_word' id='word_1_499' title='bbox 3471 3529 3736 3601; x_wconf 81' lang='grc' dir='ltr'><strong>δεσμώτην</strong></span> 
     </span>
    </p>
   </div>
   <div class='ocr_carea' id='block_1_70' title="bbox 490 3612 2074 3693">
    <p class='ocr_par' dir='ltr' id='par_1_70' title="bbox 490 3612 2074 3693">
     <span class='ocr_line' id='line_1_71' title="bbox 490 3612 2074 3693; baseline -0.009 -13"><span class='ocrx_word' id='word_1_500' title='bbox 490 3626 813 3693; x_wconf 84' lang='lat' dir='ltr'><strong>languorem</strong></span> <span class='ocrx_word' id='word_1_501' title='bbox 847 3629 902 3674; x_wconf 93' lang='lat' dir='ltr'><strong>et</strong></span> <span class='ocrx_word' id='word_1_502' title='bbox 932 3621 1204 3690; x_wconf 85' lang='lat' dir='ltr'><strong>ignaviam</strong></span> <span class='ocrx_word' id='word_1_503' title='bbox 1240 3616 1533 3680; x_wconf 79' lang='lat' dir='ltr'><strong>indicavit,</strong></span> <span class='ocrx_word' id='word_1_504' title='bbox 1588 3612 1722 3668; x_wconf 89' lang='lat' dir='ltr'><strong>alios</strong></span> <span class='ocrx_word' id='word_1_505' title='bbox 1770 3614 1840 3667; x_wconf 90' lang='lat' dir='ltr'><strong>ab</strong></span> <span class='ocrx_word' id='word_1_506' title='bbox 1882 3629 1947 3668; x_wconf 92' lang='lat' dir='ltr'><strong>eo</strong></span> <span class='ocrx_word' id='word_1_507' title='bbox 1975 3627 2074 3682; x_wconf 93' lang='lat' dir='ltr'><strong>pro</strong></span> 
     </span>
    </p>
   </div>
   <div class='ocr_carea' id='block_1_71' title="bbox 492 3705 2075 3783">
    <p class='ocr_par' dir='ltr' id='par_1_71' title="bbox 492 3705 2075 3783">
     <span class='ocr_line' id='line_1_72' title="bbox 492 3705 2075 3783; baseline -0.005 -16"><span class='ocrx_word' id='word_1_508' title='bbox 492 3714 604 3768; x_wconf 86' lang='lat' dir='ltr'><strong>illis</strong></span> <span class='ocrx_word' id='word_1_509' title='bbox 636 3713 851 3783; x_wconf 89' lang='lat' dir='ltr'><strong>accepit</strong></span> <span class='ocrx_word' id='word_1_510' title='bbox 879 3730 891 3765; x_wconf 91' lang='lat'>:</span> <span class='ocrx_word' id='word_1_511' title='bbox 922 3725 1156 3780; x_wconf 87' lang='lat' dir='ltr'><strong>quorum</strong></span> <span class='ocrx_word' id='word_1_512' title='bbox 1184 3708 1423 3762; x_wconf 89' lang='lat' dir='ltr'><strong>consilio</strong></span> <span class='ocrx_word' id='word_1_513' title='bbox 1463 3717 1517 3761; x_wconf 90' lang='lat' dir='ltr'><strong>et</strong></span> <span class='ocrx_word' id='word_1_514' title='bbox 1541 3722 1726 3777; x_wconf 86' lang='lat' dir='ltr'><strong>Opera,</strong></span> <span class='ocrx_word' id='word_1_515' title='bbox 1754 3720 1878 3761; x_wconf 90' lang='lat' dir='ltr'><strong>eum</strong></span> <span class='ocrx_word' id='word_1_516' title='bbox 1905 3705 2075 3760; x_wconf 87' lang='lat' dir='ltr'><strong>hosti-</strong></span> 
     </span>
    </p>
   </div>
   <div class='ocr_carea' id='block_1_72' title="bbox 493 3799 2074 3877">
    <p class='ocr_par' dir='ltr' id='par_1_72' title="bbox 493 3799 2074 3877">
     <span class='ocr_line' id='line_1_73' title="bbox 493 3799 2074 3877; baseline -0.006 -16"><span class='ocrx_word' id='word_1_517' title='bbox 493 3810 597 3861; x_wconf 91' lang='lat' dir='ltr'><strong>bus</strong></span> <span class='ocrx_word' id='word_1_518' title='bbox 623 3808 808 3877; x_wconf 81' lang='lat' dir='ltr'><strong>praelio</strong></span> <span class='ocrx_word' id='word_1_519' title='bbox 827 3821 972 3875; x_wconf 67' lang='lat' dir='ltr'><strong>saepe</strong></span> <span class='ocrx_word' id='word_1_520' title='bbox 992 3804 1309 3867; x_wconf 89' lang='lat' dir='ltr'><strong>commisso,</strong></span> <span class='ocrx_word' id='word_1_521' title='bbox 1331 3800 1616 3855; x_wconf 86' lang='lat' dir='ltr'><strong>victoriam</strong></span> <span class='ocrx_word' id='word_1_522' title='bbox 1642 3799 1860 3853; x_wconf 83' lang='lat' dir='ltr'><strong>fortiter</strong></span> <span class='ocrx_word' id='word_1_523' title='bbox 1883 3813 2074 3869; x_wconf 84' lang='lat' dir='ltr'><strong>repor-</strong></span> 
     </span>
    </p>
   </div>
   <div class='ocr_carea' id='block_1_73' title="bbox 492 3895 2070 3971">
    <p class='ocr_par' dir='ltr' id='par_1_73' title="bbox 492 3895 2070 3971">
     <span class='ocr_line' id='line_1_74' title="bbox 492 3895 2070 3971; baseline -0.004 -14"><span class='ocrx_word' id='word_1_524' title='bbox 492 3903 649 3964; x_wconf 89' lang='lat' dir='ltr'><strong>tavit.</strong></span> <span class='ocrx_word' id='word_1_525' title='bbox 680 3917 886 3971; x_wconf 89' lang='lat' dir='ltr'><strong>eosque</strong></span> <span class='ocrx_word' id='word_1_526' title='bbox 929 3900 997 3954; x_wconf 91' lang='lat' dir='ltr'><strong>ad</strong></span> <span class='ocrx_word' id='word_1_527' title='bbox 1042 3899 1375 3970; x_wconf 75' lang='lat' dir='ltr'><strong>legationem</strong></span> <span class='ocrx_word' id='word_1_528' title='bbox 1411 3895 1734 3951; x_wconf 89' lang='lat' dir='ltr'><strong>mittendam</strong></span> <span class='ocrx_word' id='word_1_529' title='bbox 1767 3895 1945 3967; x_wconf 77' lang='lat' dir='ltr'><strong>coegit</strong></span> <span class='ocrx_word' id='word_1_530' title='bbox 1970 3895 2070 3964; x_wconf 72' lang='lat'><strong>(2).</strong></span> 
     </span>
    </p>
   </div>
   <div class='ocr_carea' id='block_1_74' title="bbox 490 3991 2077 4063">
    <p class='ocr_par' dir='ltr' id='par_1_74' title="bbox 490 3991 2077 4063">
     <span class='ocr_line' id='line_1_75' title="bbox 490 3991 2077 4063; baseline -0.005 -10"><span class='ocrx_word' id='word_1_531' title='bbox 490 4003 762 4055; x_wconf 72' lang='lat' dir='ltr'><strong>Caeterum</strong></span> <span class='ocrx_word' id='word_1_532' title='bbox 825 3998 936 4053; x_wconf 91' lang='lat' dir='ltr'><strong>illis</strong></span> <span class='ocrx_word' id='word_1_533' title='bbox 998 3994 1308 4052; x_wconf 88' lang='lat' dir='ltr'><strong>Constantii</strong></span> <span class='ocrx_word' id='word_1_534' title='bbox 1383 3991 1857 4063; x_wconf 84' lang='lat' dir='ltr'><strong>praetendentibus</strong></span> <span class='ocrx_word' id='word_1_535' title='bbox 1928 3991 2077 4046; x_wconf 82' lang='lat' dir='ltr'><strong>litte-</strong></span> 
     </span>
    </p>
   </div>
   <div class='ocr_carea' id='block_1_75' title="bbox 495 4085 2074 4161">
    <p class='ocr_par' dir='ltr' id='par_1_75' title="bbox 495 4085 2074 4161">
     <span class='ocr_line' id='line_1_76' title="bbox 495 4085 2074 4161; baseline -0.007 -15"><span class='ocrx_word' id='word_1_536' title='bbox 495 4109 605 4156; x_wconf 86' lang='lat' dir='ltr'><strong>ras,</strong></span> <span class='ocrx_word' id='word_1_537' title='bbox 641 4091 846 4161; x_wconf 87' lang='lat' dir='ltr'><strong>quibus</strong></span> <span class='ocrx_word' id='word_1_538' title='bbox 905 4103 1002 4142; x_wconf 85' lang='lat' dir='ltr'><strong>eos</strong></span> <span class='ocrx_word' id='word_1_539' title='bbox 1039 4103 1258 4141; x_wconf 90' lang='lat' dir='ltr'><strong>rursum</strong></span> <span class='ocrx_word' id='word_1_540' title='bbox 1316 4087 1380 4138; x_wconf 86' lang='lat' dir='ltr'><strong>ad</strong></span> <span class='ocrx_word' id='word_1_541' title='bbox 1423 4085 1604 4139; x_wconf 76' lang='lat' dir='ltr'><strong>ftedus</strong></span> <span class='ocrx_word' id='word_1_542' title='bbox 1655 4092 1712 4138; x_wconf 91' lang='lat' dir='ltr'><strong>et</strong></span> <span class='ocrx_word' id='word_1_543' title='bbox 1753 4085 2074 4138; x_wconf 85' lang='lat' dir='ltr'><strong>societatem</strong></span> 
     </span>
    </p>
   </div>
   <div class='ocr_carea' id='block_1_76' title="bbox 497 4175 2076 4245">
    <p class='ocr_par' dir='ltr' id='par_1_76' title="bbox 497 4175 2076 4245">
     <span class='ocr_line' id='line_1_77' title="bbox 497 4175 2076 4245; baseline -0.007 -6"><span class='ocrx_word' id='word_1_544' title='bbox 497 4185 626 4240; x_wconf 89' lang='lat' dir='ltr'><strong>belli</strong></span> <span class='ocrx_word' id='word_1_545' title='bbox 658 4198 784 4237; x_wconf 86' lang='lat' dir='ltr'><strong>cum</strong></span> <span class='ocrx_word' id='word_1_546' title='bbox 822 4179 1087 4235; x_wconf 75' lang='lat' dir='ltr'><strong>Boriianis</strong></span> <span class='ocrx_word' id='word_1_547' title='bbox 1119 4177 1415 4231; x_wconf 83' lang='lat' dir='ltr'><strong>ineundam</strong></span> <span class='ocrx_word' id='word_1_548' title='bbox 1451 4175 1740 4240; x_wconf 89' lang='lat' dir='ltr'><strong>invitabat,</strong></span> <span class='ocrx_word' id='word_1_549' title='bbox 1781 4176 1900 4245; x_wconf 91' lang='lat' dir='ltr'><strong>ipse</strong></span> <span class='ocrx_word' id='word_1_550' title='bbox 1941 4185 2076 4229; x_wconf 86' lang='lat' dir='ltr'><strong>tem-</strong></span> 
     </span>
    </p>
   </div>
   <div class='ocr_carea' id='block_1_77' title="bbox 497 4267 2072 4348">
    <p class='ocr_par' dir='ltr' id='par_1_77' title="bbox 497 4267 2072 4348">
     <span class='ocr_line' id='line_1_78' title="bbox 497 4267 2072 4348; baseline -0.006 -18"><span class='ocrx_word' id='word_1_551' title='bbox 497 4292 603 4348; x_wconf 89' lang='lat' dir='ltr'><strong>pus</strong></span> <span class='ocrx_word' id='word_1_552' title='bbox 633 4291 700 4330; x_wconf 79' lang='lat' dir='ltr'><strong>ex</strong></span> <span class='ocrx_word' id='word_1_553' title='bbox 726 4272 996 4328; x_wconf 74' lang='lat' dir='ltr'><strong>industria</strong></span> <span class='ocrx_word' id='word_1_554' title='bbox 1027 4271 1289 4334; x_wconf 82' lang='lat' dir='ltr'><strong>extraxit,</strong></span> <span class='ocrx_word' id='word_1_555' title='bbox 1327 4277 1382 4323; x_wconf 91' lang='lat' dir='ltr'><strong>et.</strong></span> <span class='ocrx_word' id='word_1_556' title='bbox 1415 4277 1691 4324; x_wconf 89' lang='lat' dir='ltr'><strong>oratorem</strong></span> <span class='ocrx_word' id='word_1_557' title='bbox 1722 4283 1918 4322; x_wconf 91' lang='lat' dir='ltr'><strong>eorum</strong></span> <span class='ocrx_word' id='word_1_558' title='bbox 1978 4267 2072 4321; x_wconf 92' lang='lat' dir='ltr'><strong>ubi</strong></span> 
     </span>
    </p>
   </div>
   <div class='ocr_carea' id='block_1_78' title="bbox 495 4359 2078 4439">
    <p class='ocr_par' dir='ltr' id='par_1_78' title="bbox 495 4359 2078 4439">
     <span class='ocr_line' id='line_1_79' title="bbox 495 4359 2078 4439; baseline -0.007 -15"><span class='ocrx_word' id='word_1_559' title='bbox 495 4367 818 4439; x_wconf 89' lang='lat' dir='ltr'><strong>aliquandiu</strong></span> <span class='ocrx_word' id='word_1_560' title='bbox 858 4363 1093 4427; x_wconf 91' lang='lat' dir='ltr'><strong>distulit,</strong></span> <span class='ocrx_word' id='word_1_561' title='bbox 1145 4371 1202 4417; x_wconf 91' lang='lat' dir='ltr'><strong>et</strong></span> <span class='ocrx_word' id='word_1_562' title='bbox 1257 4377 1410 4432; x_wconf 88' lang='lat' dir='ltr'><strong>spem</strong></span> <span class='ocrx_word' id='word_1_563' title='bbox 1461 4361 1640 4415; x_wconf 90' lang='lat' dir='ltr'><strong>eidem</strong></span> <span class='ocrx_word' id='word_1_564' title='bbox 1705 4359 1856 4426; x_wconf 77' lang='lat' dir='ltr'><strong>fecit,</strong></span> <span class='ocrx_word' id='word_1_565' title='bbox 1899 4359 2078 4415; x_wconf 65' lang='lat' dir='ltr'><strong>foedus</strong></span> 
     </span>
    </p>
   </div>
   <div class='ocr_carea' id='block_1_79' title="bbox 496 4451 2076 4530">
    <p class='ocr_par' dir='ltr' id='par_1_79' title="bbox 496 4451 2076 4530">
     <span class='ocr_line' id='line_1_80' title="bbox 496 4451 2076 4530; baseline -0.006 -16"><span class='ocrx_word' id='word_1_566' title='bbox 496 4468 786 4530; x_wconf 88' lang='lat' dir='ltr'><strong>acceptum</strong></span> <span class='ocrx_word' id='word_1_567' title='bbox 811 4474 842 4513; x_wconf 88' lang='lat' dir='ltr'><strong>a</strong></span> <span class='ocrx_word' id='word_1_568' title='bbox 867 4455 1193 4512; x_wconf 87' lang='lat' dir='ltr'><strong>Constantio</strong></span> <span class='ocrx_word' id='word_1_569' title='bbox 1227 4455 1332 4518; x_wconf 93' lang='lat' dir='ltr'><strong>iri;</strong></span> <span class='ocrx_word' id='word_1_570' title='bbox 1379 4461 1578 4523; x_wconf 88' lang='lat' dir='ltr'><strong>praeter</strong></span> <span class='ocrx_word' id='word_1_571' title='bbox 1612 4451 2076 4523; x_wconf 82' lang='lat' dir='ltr'><strong>exspectationem</strong></span> 
     </span>
    </p>
   </div>
   <div class='ocr_carea' id='block_1_80' title="bbox 2174 3618 3735 3698">
    <p class='ocr_par' dir='ltr' id='par_1_80' title="bbox 2174 3618 3735 3698">
     <span class='ocr_line' id='line_1_81' title="bbox 2174 3618 3735 3698; baseline -0.005 -18"><span class='ocrx_word' id='word_1_572' title='bbox 2174 3631 2231 3692; x_wconf 89' lang='grc' dir='ltr'><strong>ἐς</strong></span> <span class='ocrx_word' id='word_1_573' title='bbox 2261 3629 2642 3683; x_wconf 83' lang='grc' dir='ltr'><strong>Κωνστάντιον</strong></span> <span class='ocrx_word' id='word_1_574' title='bbox 2663 3629 2938 3698; x_wconf 73' lang='grc' dir='ltr'><strong>ἔπεμπεν.</strong></span> <span class='ocrx_word' id='word_1_575' title='bbox 2967 3627 3126 3682; x_wconf 74' lang='grc' dir='ltr'><strong>Οὕτω</strong></span> <span class='ocrx_word' id='word_1_576' title='bbox 3155 3628 3213 3680; x_wconf 83' lang='grc' dir='ltr'><strong>δὲ</strong></span> <span class='ocrx_word' id='word_1_577' title='bbox 3243 3627 3322 3698; x_wconf 81' lang='grc' dir='ltr'><strong>τῷ</strong></span> <span class='ocrx_word' id='word_1_578' title='bbox 3343 3627 3565 3694; x_wconf 83' lang='grc' dir='ltr'><strong>πολέμῳ</strong></span> <span class='ocrx_word' id='word_1_579' title='bbox 3581 3618 3735 3686; x_wconf 77' lang='grc' dir='ltr'><strong>τούτῳ</strong></span> 
     </span>
    </p>
   </div>
   <div class='ocr_carea' id='block_1_81' title="bbox 2176 3711 3737 3791">
    <p class='ocr_par' dir='ltr' id='par_1_81' title="bbox 2176 3711 3737 3791">
     <span class='ocr_line' id='line_1_82' title="bbox 2176 3711 3737 3791; baseline -0.007 -17"><span class='ocrx_word' id='word_1_580' title='bbox 2176 3721 2568 3791; x_wconf 80' lang='grc' dir='ltr'><strong>ἐνευτυχὴσας,</strong></span> <span class='ocrx_word' id='word_1_581' title='bbox 2608 3719 2748 3790; x_wconf 79' lang='grc' dir='ltr'><strong>πρὸς</strong></span> <span class='ocrx_word' id='word_1_582' title='bbox 2781 3719 2891 3771; x_wconf 84' lang='grc' dir='ltr'><strong>τῶν</strong></span> <span class='ocrx_word' id='word_1_583' title='bbox 2927 3719 3278 3789; x_wconf 84' lang='grc' dir='ltr'><strong>στρατιωτῶν</strong></span> <span class='ocrx_word' id='word_1_584' title='bbox 3312 3718 3570 3788; x_wconf 79' lang='grc' dir='ltr'><strong>βασιλεὺς</strong></span> <span class='ocrx_word' id='word_1_585' title='bbox 3619 3711 3737 3764; x_wconf 75' lang='grc' dir='ltr'><strong>Ῥωο</strong></span> 
     </span>
    </p>
   </div>
   <div class='ocr_carea' id='block_1_82' title="bbox 2181 3801 3734 3884">
    <p class='ocr_par' dir='ltr' id='par_1_82' title="bbox 2181 3801 3734 3884">
     <span class='ocr_line' id='line_1_83' title="bbox 2181 3801 3734 3884; baseline 0.001 -18"><span class='ocrx_word' id='word_1_586' title='bbox 2181 3814 2357 3884; x_wconf 88' lang='grc' dir='ltr'><strong>μαίων</strong></span> <span class='ocrx_word' id='word_1_587' title='bbox 2393 3813 2814 3881; x_wconf 85' lang='grc' dir='ltr'><strong>ἀναγορεύεται.</strong></span> <span class='ocrx_word' id='word_1_588' title='bbox 2859 3812 3138 3881; x_wconf 81' lang='grc' dir='ltr'><strong>Στεφάνου</strong></span> <span class='ocrx_word' id='word_1_589' title='bbox 3162 3810 3220 3864; x_wconf 85' lang='grc' dir='ltr'><strong>δὲ</strong></span> <span class='ocrx_word' id='word_1_590' title='bbox 3253 3811 3331 3882; x_wconf 78' lang='grc' dir='ltr'><strong>μὴ</strong></span> <span class='ocrx_word' id='word_1_591' title='bbox 3358 3809 3620 3879; x_wconf 78' lang='grc' dir='ltr'><strong>παρόντος</strong></span> <span class='ocrx_word' id='word_1_592' title='bbox 3649 3801 3734 3872; x_wconf 78' lang='grc' dir='ltr'><strong>βα’</strong></span> 
     </span>
    </p>
   </div>
   <div class='ocr_carea' id='block_1_83' title="bbox 2178 3895 3733 3977">
    <p class='ocr_par' dir='ltr' id='par_1_83' title="bbox 2178 3895 3733 3977">
     <span class='ocr_line' id='line_1_84' title="bbox 2178 3895 3733 3977; baseline -0.005 -16"><span class='ocrx_word' id='word_1_593' title='bbox 2178 3907 2416 3972; x_wconf 84' lang='grc' dir='ltr'><strong>σιλικοῡ,</strong></span> <span class='ocrx_word' id='word_1_594' title='bbox 2467 3909 2576 3960; x_wconf 83' lang='grc' dir='ltr'><strong>τῶν</strong></span> <span class='ocrx_word' id='word_1_595' title='bbox 2598 3925 2683 3971; x_wconf 91' lang='grc' dir='ltr'><strong>τις</strong></span> <span class='ocrx_word' id='word_1_596' title='bbox 2713 3905 3060 3977; x_wconf 84' lang='grc' dir='ltr'><strong>δορυφόρων,</strong></span> <span class='ocrx_word' id='word_1_597' title='bbox 3113 3904 3173 3958; x_wconf 80' lang='grc' dir='ltr'><strong>ὃν</strong></span> <span class='ocrx_word' id='word_1_598' title='bbox 3206 3906 3336 3974; x_wconf 76' lang='grc' dir='ltr'><strong>περὶ</strong></span> <span class='ocrx_word' id='word_1_599' title='bbox 3361 3904 3454 3958; x_wconf 81' lang='grc' dir='ltr'><strong>τὸν</strong></span> <span class='ocrx_word' id='word_1_600' title='bbox 3486 3895 3733 3971; x_wconf 81' lang='grc' dir='ltr'><strong>τράχηλον</strong></span> 
     </span>
    </p>
   </div>
   <div class='ocr_carea' id='block_1_84' title="bbox 2178 3993 3738 4071">
    <p class='ocr_par' dir='ltr' id='par_1_84' title="bbox 2178 3993 3738 4071">
     <span class='ocr_line' id='line_1_85' title="bbox 2178 3993 3738 4071; baseline -0.009 -18"><span class='ocrx_word' id='word_1_601' title='bbox 2178 4001 2366 4071; x_wconf 85' lang='grc' dir='ltr'><strong>ἐφόρει</strong></span> <span class='ocrx_word' id='word_1_602' title='bbox 2404 3999 2674 4069; x_wconf 76' lang='grc' dir='ltr'><strong>στρεπτὸν</strong></span> <span class='ocrx_word' id='word_1_603' title='bbox 2707 3999 2930 4064; x_wconf 80' lang='grc' dir='ltr'><strong>ἐξελὼν,</strong></span> <span class='ocrx_word' id='word_1_604' title='bbox 2961 3999 3028 4068; x_wconf 79' lang='grc' dir='ltr'><strong>τῇ</strong></span> <span class='ocrx_word' id='word_1_605' title='bbox 3089 3998 3307 4050; x_wconf 87' lang='grc' dir='ltr'><strong>ἐκείνου</strong></span> <span class='ocrx_word' id='word_1_606' title='bbox 3343 3993 3554 4064; x_wconf 78' lang='grc' dir='ltr'><strong>κεφαλῇ</strong></span> <span class='ocrx_word' id='word_1_607' title='bbox 3597 4001 3738 4054; x_wconf 84' lang='grc' dir='ltr'><strong>περι-</strong></span> 
     </span>
    </p>
   </div>
   <div class='ocr_carea' id='block_1_85' title="bbox 2177 4081 3736 4161">
    <p class='ocr_par' dir='ltr' id='par_1_85' title="bbox 2177 4081 3736 4161">
     <span class='ocr_line' id='line_1_86' title="bbox 2177 4081 3736 4161; baseline -0.011 -15"><span class='ocrx_word' id='word_1_608' title='bbox 2177 4092 2367 4161; x_wconf 87' lang='grc' dir='ltr'><strong>έθηκε.</strong></span> <span class='ocrx_word' id='word_1_609' title='bbox 2417 4091 2592 4159; x_wconf 86' lang='grc' dir='ltr'><strong>Λόγος</strong></span> <span class='ocrx_word' id='word_1_610' title='bbox 2646 4107 2711 4159; x_wconf 90' lang='grc' dir='ltr'>γε</span> <span class='ocrx_word' id='word_1_611' title='bbox 2749 4091 2856 4161; x_wconf 82' lang='grc' dir='ltr'><strong>μὴν</strong></span> <span class='ocrx_word' id='word_1_612' title='bbox 2895 4089 3009 4161; x_wconf 74' lang='grc' dir='ltr'><strong>ἔχει</strong></span> <span class='ocrx_word' id='word_1_613' title='bbox 3045 4091 3143 4143; x_wconf 73' lang='grc' dir='ltr'><strong>καλ.</strong></span> <span class='ocrx_word' id='word_1_614' title='bbox 3178 4089 3468 4160; x_wconf 87' lang='grc' dir='ltr'><strong>πρότερον,</strong></span> <span class='ocrx_word' id='word_1_615' title='bbox 3526 4081 3600 4143; x_wconf 83' lang='grc' dir='ltr'><strong>είς</strong></span> <span class='ocrx_word' id='word_1_616' title='bbox 3627 4091 3736 4130; x_wconf 78' lang='grc' dir='ltr'><strong>τινα</strong></span> 
     </span>
    </p>
   </div>
   <div class='ocr_carea' id='block_1_86' title="bbox 2179 4171 3734 4254">
    <p class='ocr_par' dir='ltr' id='par_1_86' title="bbox 2179 4171 3734 4254">
     <span class='ocr_line' id='line_1_87' title="bbox 2179 4171 3734 4254; baseline -0.008 -16"><span class='ocrx_word' id='word_1_617' title='bbox 2179 4183 2444 4254; x_wconf 83' lang='grc' dir='ltr'><strong>πολίχνην</strong></span> <span class='ocrx_word' id='word_1_618' title='bbox 2472 4184 2757 4249; x_wconf 79' lang='grc' dir='ltr'><strong>εἰσιόντος,</strong></span> <span class='ocrx_word' id='word_1_619' title='bbox 2792 4182 3060 4252; x_wconf 86' lang='grc' dir='ltr'><strong>στέφανόν</strong></span> <span class='ocrx_word' id='word_1_620' title='bbox 3087 4200 3208 4235; x_wconf 89' lang='grc' dir='ltr'><strong>τινα</strong></span> <span class='ocrx_word' id='word_1_621' title='bbox 3245 4181 3415 4252; x_wconf 87' lang='grc' dir='ltr'><strong>μέσον</strong></span> <span class='ocrx_word' id='word_1_622' title='bbox 3441 4177 3532 4232; x_wconf 87' lang='grc' dir='ltr'><strong>δύο</strong></span> <span class='ocrx_word' id='word_1_623' title='bbox 3561 4171 3734 4226; x_wconf 88' lang='grc' dir='ltr'><strong>κιόνων</strong></span> 
     </span>
    </p>
   </div>
   <div class='ocr_carea' id='block_1_87' title="bbox 2178 4265 3732 4344">
    <p class='ocr_par' dir='ltr' id='par_1_87' title="bbox 2178 4265 3732 4344">
     <span class='ocr_line' id='line_1_88' title="bbox 2178 4265 3732 4344; baseline -0.012 -18"><span class='ocrx_word' id='word_1_624' title='bbox 2178 4271 2586 4344; x_wconf 87' lang='grc' dir='ltr'><strong>ἀνηρτημένον,</strong></span> <span class='ocrx_word' id='word_1_625' title='bbox 2612 4267 2692 4335; x_wconf 79' lang='grc' dir='ltr'><strong>οἷς</strong></span> <span class='ocrx_word' id='word_1_626' title='bbox 2716 4273 2815 4336; x_wconf 73' lang='grc' dir='ltr'><strong>τὰς</strong></span> <span class='ocrx_word' id='word_1_627' title='bbox 2853 4273 3041 4344; x_wconf 87' lang='grc' dir='ltr'><strong>πόλεις</strong></span> <span class='ocrx_word' id='word_1_628' title='bbox 3095 4271 3214 4333; x_wconf 83' lang='grc' dir='ltr'><strong>ἐθος</strong></span> <span class='ocrx_word' id='word_1_629' title='bbox 3253 4271 3502 4341; x_wconf 86' lang='grc' dir='ltr'><strong>κοσμεῖν,</strong></span> <span class='ocrx_word' id='word_1_630' title='bbox 3555 4265 3732 4316; x_wconf 80' lang='grc' dir='ltr'><strong>ἐπιπεο</strong></span> 
     </span>
    </p>
   </div>
   <div class='ocr_carea' id='block_1_88' title="bbox 2182 4343 3734 4434">
    <p class='ocr_par' dir='ltr' id='par_1_88' title="bbox 2182 4343 3734 4434">
     <span class='ocr_line' id='line_1_89' title="bbox 2182 4343 3734 4434; baseline -0.007 -18"><span class='ocrx_word' id='word_1_631' title='bbox 2182 4362 2345 4416; x_wconf 90' lang='grc' dir='ltr'><strong>σόντα</strong></span> <span class='ocrx_word' id='word_1_632' title='bbox 2371 4364 2438 4434; x_wconf 74' lang='grc' dir='ltr'><strong>τῇ</strong></span> <span class='ocrx_word' id='word_1_633' title='bbox 2481 4363 2692 4416; x_wconf 88' lang='grc' dir='ltr'><strong>ἐκείνου</strong></span> <span class='ocrx_word' id='word_1_634' title='bbox 2729 4343 2941 4433; x_wconf 65' lang='grc' dir='ltr'><strong>κεφαλῇ</strong></span> <span class='ocrx_word' id='word_1_635' title='bbox 2994 4363 3348 4432; x_wconf 87' lang='grc' dir='ltr'><strong>ἐφαρμόσαι·</strong></span> <span class='ocrx_word' id='word_1_636' title='bbox 3397 4358 3490 4414; x_wconf 79' lang='grc' dir='ltr'><strong>καὶ</strong></span> <span class='ocrx_word' id='word_1_637' title='bbox 3537 4347 3734 4406; x_wconf 77' lang='grc' dir='ltr'><strong>πολλοῖς</strong></span> 
     </span>
    </p>
   </div>
   <div class='ocr_carea' id='block_1_89' title="bbox 2183 4441 3735 4522">
    <p class='ocr_par' dir='ltr' id='par_1_89' title="bbox 2183 4441 3735 4522">
     <span class='ocr_line' id='line_1_90' title="bbox 2183 4441 3735 4522; baseline -0.004 -17"><span class='ocrx_word' id='word_1_638' title='bbox 2183 4451 2434 4506; x_wconf 80' lang='grc' dir='ltr'><strong>ἐντεῦθεν</strong></span> <span class='ocrx_word' id='word_1_639' title='bbox 2470 4451 2744 4522; x_wconf 90' lang='grc' dir='ltr'><strong>σύμϐολον</strong></span> <span class='ocrx_word' id='word_1_640' title='bbox 2775 4447 2940 4513; x_wconf 78' lang='grc' dir='ltr'><strong>εἶναι,</strong></span> <span class='ocrx_word' id='word_1_641' title='bbox 2969 4450 3045 4513; x_wconf 83' lang='grc' dir='ltr'><strong>ὡς</strong></span> <span class='ocrx_word' id='word_1_642' title='bbox 3074 4453 3169 4504; x_wconf 78' lang='grc' dir='ltr'><strong>καὶ</strong></span> <span class='ocrx_word' id='word_1_643' title='bbox 3206 4450 3268 4503; x_wconf 78' lang='grc' dir='ltr'><strong>τὸ</strong></span> <span class='ocrx_word' id='word_1_644' title='bbox 3297 4451 3397 4520; x_wconf 82' lang='grc' dir='ltr'><strong>τῆς</strong></span> <span class='ocrx_word' id='word_1_645' title='bbox 3426 4444 3594 4518; x_wconf 81' lang='grc' dir='ltr'><strong>ἀρχῆς</strong></span> <span class='ocrx_word' id='word_1_646' title='bbox 3619 4441 3735 4492; x_wconf 79' lang='grc' dir='ltr'><strong>ἀνα⁴</strong></span> 
     </span>
    </p>
   </div>
   <div class='ocr_carea' id='block_1_90' title="bbox 495 4527 2070 4620">
    <p class='ocr_par' dir='ltr' id='par_1_90' title="bbox 495 4543 2070 4620">
     <span class='ocr_line' id='line_1_91' title="bbox 495 4543 2070 4620; baseline -0.007 -11"><span class='ocrx_word' id='word_1_647' title='bbox 495 4554 778 4615; x_wconf 91' lang='lat' dir='ltr'><strong>omnium,</strong></span> <span class='ocrx_word' id='word_1_648' title='bbox 819 4548 998 4620; x_wconf 91' lang='lat' dir='ltr'><strong>copiis</strong></span> <span class='ocrx_word' id='word_1_649' title='bbox 1047 4547 1163 4603; x_wconf 89' lang='lat' dir='ltr'><strong>suis</strong></span> <span class='ocrx_word' id='word_1_650' title='bbox 1221 4547 1492 4600; x_wconf 86' lang='lat' dir='ltr'><strong>Barbaros</strong></span> <span class='ocrx_word' id='word_1_651' title='bbox 1537 4543 1784 4612; x_wconf 87' lang='lat' dir='ltr'><strong>adortus,</strong></span> <span class='ocrx_word' id='word_1_652' title='bbox 1841 4544 2070 4599; x_wconf 89' lang='lat' dir='ltr'><strong>maxima</strong></span> 
     </span>
    </p>
   </div>
   <div class='ocr_carea' id='block_1_91' title="bbox 2175 4527 3735 4620">
    <p class='ocr_par' dir='ltr' id='par_1_91' title="bbox 2183 4527 3735 4618">
     <span class='ocr_line' id='line_1_92' title="bbox 2183 4527 3735 4618; baseline -0.024 -18"><span class='ocrx_word' id='word_1_653' title='bbox 2183 4548 2418 4618; x_wconf 80' lang='grc' dir='ltr'><strong>δήσηται</strong></span> <span class='ocrx_word' id='word_1_654' title='bbox 2450 4546 2675 4616; x_wconf 84' lang='grc' dir='ltr'><strong>κράτος.</strong></span> <span class='ocrx_word' id='word_1_655' title='bbox 2717 4542 3091 4614; x_wconf 83' lang='grc' dir='ltr'><strong>Διεθρυλλήθη</strong></span> <span class='ocrx_word' id='word_1_656' title='bbox 3132 4543 3190 4596; x_wconf 88' lang='grc' dir='ltr'><strong>δέ</strong></span> <span class='ocrx_word' id='word_1_657' title='bbox 3221 4544 3315 4597; x_wconf 89' lang='grc' dir='ltr'><strong>καί</strong></span> <span class='ocrx_word' id='word_1_658' title='bbox 3346 4560 3430 4605; x_wconf 86' lang='grc' dir='ltr'><strong>τις</strong></span> <span class='ocrx_word' id='word_1_659' title='bbox 3460 4541 3634 4606; x_wconf 77' lang='grc' dir='ltr'><strong>ἔτερος</strong></span> <span class='ocrx_word' id='word_1_660' title='bbox 3661 4527 3735 4579; x_wconf 76' lang='grc' dir='ltr'><strong>λδ-</strong></span> 
     </span>
    </p>
   </div>
   <div class='ocr_carea' id='block_1_92' title="bbox 496 4636 2078 4711">
    <p class='ocr_par' dir='ltr' id='par_1_92' title="bbox 496 4636 2078 4711">
     <span class='ocr_line' id='line_1_93' title="bbox 496 4636 2078 4711; baseline -0.004 -13"><span class='ocrx_word' id='word_1_661' title='bbox 496 4649 673 4701; x_wconf 87' lang='lat' dir='ltr'><strong>victos</strong></span> <span class='ocrx_word' id='word_1_662' title='bbox 702 4645 860 4700; x_wconf 89' lang='lat' dir='ltr'><strong>clade</strong></span> <span class='ocrx_word' id='word_1_663' title='bbox 892 4641 1110 4709; x_wconf 80' lang='lat' dir='ltr'><strong>atilixit,</strong></span> <span class='ocrx_word' id='word_1_664' title='bbox 1143 4655 1441 4711; x_wconf 89' lang='lat' dir='ltr'><strong>regemque</strong></span> <span class='ocrx_word' id='word_1_665' title='bbox 1469 4655 1664 4694; x_wconf 91' lang='lat' dir='ltr'><strong>eorum</strong></span> <span class='ocrx_word' id='word_1_666' title='bbox 1695 4640 1946 4694; x_wconf 86' lang='lat' dir='ltr'><strong>vinctum</strong></span> <span class='ocrx_word' id='word_1_667' title='bbox 2009 4636 2078 4692; x_wconf 88' lang='lat' dir='ltr'><strong>ad</strong></span> 
     </span>
    </p>
   </div>
   <div class='ocr_carea' id='block_1_93' title="bbox 497 4732 2083 4802">
    <p class='ocr_par' dir='ltr' id='par_1_93' title="bbox 497 4732 2083 4802">
     <span class='ocr_line' id='line_1_94' title="bbox 497 4732 2083 4802; baseline -0.005 -10"><span class='ocrx_word' id='word_1_668' title='bbox 497 4737 886 4792; x_wconf 84' lang='lat' dir='ltr'><strong>Constantium</strong></span> <span class='ocrx_word' id='word_1_669' title='bbox 920 4733 1088 4789; x_wconf 90' lang='lat' dir='ltr'><strong>misit.</strong></span> <span class='ocrx_word' id='word_1_670' title='bbox 1115 4734 1191 4788; x_wconf 88' lang='lat' dir='ltr'><strong>Ea</strong></span> <span class='ocrx_word' id='word_1_671' title='bbox 1220 4733 1444 4787; x_wconf 84' lang='lat' dir='ltr'><strong>victoria</strong></span> <span class='ocrx_word' id='word_1_672' title='bbox 1478 4734 1556 4802; x_wconf 81' lang='lat'><strong>(5;</strong></span> <span class='ocrx_word' id='word_1_673' title='bbox 1588 4748 1648 4787; x_wconf 84' lang='lat' dir='ltr'><strong>ex</strong></span> <span class='ocrx_word' id='word_1_674' title='bbox 1685 4732 1956 4788; x_wconf 90' lang='lat' dir='ltr'><strong>sententia</strong></span> <span class='ocrx_word' id='word_1_675' title='bbox 1987 4744 2083 4799; x_wconf 88' lang='lat' dir='ltr'><strong>po-</strong></span> 
     </span>
    </p>
   </div>
   <div class='ocr_carea' id='block_1_94' title="bbox 499 4825 2084 4894">
    <p class='ocr_par' dir='ltr' id='par_1_94' title="bbox 499 4825 2084 4894">
     <span class='ocr_line' id='line_1_95' title="bbox 499 4825 2084 4894; baseline -0.008 -8"><span class='ocrx_word' id='word_1_676' title='bbox 499 4832 656 4894; x_wconf 86' lang='lat' dir='ltr'><strong>titus,</strong></span> <span class='ocrx_word' id='word_1_677' title='bbox 691 4845 719 4883; x_wconf 92' lang='lat' dir='ltr'><strong>a</strong></span> <span class='ocrx_word' id='word_1_678' title='bbox 750 4827 1018 4882; x_wconf 87' lang='lat' dir='ltr'><strong>militibus</strong></span> <span class='ocrx_word' id='word_1_679' title='bbox 1037 4825 1412 4880; x_wconf 74' lang='lat' dir='ltr'><strong>Romanorum</strong></span> <span class='ocrx_word' id='word_1_680' title='bbox 1444 4825 1742 4893; x_wconf 86' lang='lat' dir='ltr'><strong>imperator</strong></span> <span class='ocrx_word' id='word_1_681' title='bbox 1757 4831 1843 4876; x_wconf 90' lang='lat' dir='ltr'><strong>est</strong></span> <span class='ocrx_word' id='word_1_682' title='bbox 1879 4835 2084 4874; x_wconf 89' lang='lat' dir='ltr'><strong>renun-</strong></span> 
     </span>
    </p>
   </div>
   <div class='ocr_carea' id='block_1_95' title="bbox 502 4912 2080 4990">
    <p class='ocr_par' dir='ltr' id='par_1_95' title="bbox 502 4912 2080 4990">
     <span class='ocr_line' id='line_1_96' title="bbox 502 4912 2080 4990; baseline -0.01 -10"><span class='ocrx_word' id='word_1_683' title='bbox 502 4926 689 4980; x_wconf 89' lang='lat' dir='ltr'><strong>tiatus.</strong></span> <span class='ocrx_word' id='word_1_684' title='bbox 709 4921 888 4990; x_wconf 89' lang='lat' dir='ltr'><strong>Atque</strong></span> <span class='ocrx_word' id='word_1_685' title='bbox 909 4917 1000 4973; x_wconf 87' lang='lat' dir='ltr'><strong>ubi</strong></span> <span class='ocrx_word' id='word_1_686' title='bbox 1021 4930 1136 4972; x_wconf 91' lang='lat' dir='ltr'><strong>tum</strong></span> <span class='ocrx_word' id='word_1_687' title='bbox 1161 4917 1528 4987; x_wconf 71' lang='lat' dir='ltr'><strong>imperatoriae</strong></span> <span class='ocrx_word' id='word_1_688' title='bbox 1553 4929 1772 4969; x_wconf 64' lang='lat' dir='ltr'><strong>coronae</strong></span> <span class='ocrx_word' id='word_1_689' title='bbox 1795 4912 1952 4981; x_wconf 91' lang='lat' dir='ltr'><strong>copia</strong></span> <span class='ocrx_word' id='word_1_690' title='bbox 1971 4926 2080 4965; x_wconf 88' lang='lat' dir='ltr'><strong>non</strong></span> 
     </span>
    </p>
   </div>
   <div class='ocr_carea' id='block_1_96' title="bbox 504 5002 2084 5078">
    <p class='ocr_par' dir='ltr' id='par_1_96' title="bbox 504 5002 2084 5078">
     <span class='ocr_line' id='line_1_97' title="bbox 504 5002 2084 5078; baseline -0.008 -11"><span class='ocrx_word' id='word_1_691' title='bbox 504 5013 628 5078; x_wconf 83' lang='lat' dir='ltr'><strong>luit,</strong></span> <span class='ocrx_word' id='word_1_692' title='bbox 653 5027 718 5066; x_wconf 89' lang='lat' dir='ltr'><strong>ex</strong></span> <span class='ocrx_word' id='word_1_693' title='bbox 745 5010 1078 5065; x_wconf 87' lang='lat' dir='ltr'><strong>satellitibus</strong></span> <span class='ocrx_word' id='word_1_694' title='bbox 1107 5009 1357 5078; x_wconf 89' lang='lat' dir='ltr'><strong>quidam,</strong></span> <span class='ocrx_word' id='word_1_695' title='bbox 1388 5016 1826 5075; x_wconf 88' lang='lat' dir='ltr'><strong>torquemquam</strong></span> <span class='ocrx_word' id='word_1_696' title='bbox 1855 5006 1908 5058; x_wconf 91' lang='lat' dir='ltr'><strong>in</strong></span> <span class='ocrx_word' id='word_1_697' title='bbox 1942 5002 2084 5057; x_wconf 88' lang='lat' dir='ltr'><strong>colle</strong></span> 
     </span>
    </p>
   </div>
   <div class='ocr_carea' id='block_1_97' title="bbox 503 5097 2082 5172">
    <p class='ocr_par' dir='ltr' id='par_1_97' title="bbox 503 5097 2082 5172">
     <span class='ocr_line' id='line_1_98' title="bbox 503 5097 2082 5172; baseline -0.009 -12"><span class='ocrx_word' id='word_1_698' title='bbox 503 5104 773 5172; x_wconf 79' lang='lat' dir='ltr'><strong>gestabat,</strong></span> <span class='ocrx_word' id='word_1_699' title='bbox 792 5102 956 5172; x_wconf 82' lang='lat' dir='ltr'><strong>capiti</strong></span> <span class='ocrx_word' id='word_1_700' title='bbox 984 5102 1133 5156; x_wconf 90' lang='lat' dir='ltr'><strong>illius</strong></span> <span class='ocrx_word' id='word_1_701' title='bbox 1163 5097 1452 5170; x_wconf 88' lang='lat' dir='ltr'><strong>imposuit.</strong></span> <span class='ocrx_word' id='word_1_702' title='bbox 1471 5097 1701 5153; x_wconf 91' lang='lat' dir='ltr'><strong>Obtinet</strong></span> <span class='ocrx_word' id='word_1_703' title='bbox 1726 5097 1892 5160; x_wconf 82' lang='lat' dir='ltr'><strong>fama,</strong></span> <span class='ocrx_word' id='word_1_704' title='bbox 1919 5104 2082 5148; x_wconf 87' lang='lat' dir='ltr'><strong>antea</strong></span> 
     </span>
    </p>
   </div>
   <div class='ocr_carea' id='block_1_98' title="bbox 502 5188 2082 5267">
    <p class='ocr_par' dir='ltr' id='par_1_98' title="bbox 502 5188 2082 5267">
     <span class='ocr_line' id='line_1_99' title="bbox 502 5188 2082 5267; baseline -0.008 -15"><span class='ocrx_word' id='word_1_705' title='bbox 502 5212 741 5267; x_wconf 88' lang='lat' dir='ltr'><strong>quoque,</strong></span> <span class='ocrx_word' id='word_1_706' title='bbox 775 5210 900 5250; x_wconf 88' lang='lat' dir='ltr'><strong>cum</strong></span> <span class='ocrx_word' id='word_1_707' title='bbox 925 5193 1192 5263; x_wconf 89' lang='lat' dir='ltr'><strong>oppidum</strong></span> <span class='ocrx_word' id='word_1_708' title='bbox 1233 5189 1508 5261; x_wconf 89' lang='lat' dir='ltr'><strong>quoddam</strong></span> <span class='ocrx_word' id='word_1_709' title='bbox 1543 5188 1958 5259; x_wconf 83' lang='lat' dir='ltr'><strong>ingrederetur,</strong></span> <span class='ocrx_word' id='word_1_710' title='bbox 1988 5200 2082 5240; x_wconf 85' lang='lat' dir='ltr'><strong>co-</strong></span> 
     </span>
    </p>
   </div>
   <div class='ocr_carea' id='block_1_99' title="bbox 506 5278 2088 5350">
    <p class='ocr_par' dir='ltr' id='par_1_99' title="bbox 506 5278 2088 5350">
     <span class='ocr_line' id='line_1_100' title="bbox 506 5278 2088 5350; baseline -0.008 -8"><span class='ocrx_word' id='word_1_711' title='bbox 506 5302 697 5342; x_wconf 88' lang='lat' dir='ltr'><strong>ronam</strong></span> <span class='ocrx_word' id='word_1_712' title='bbox 731 5287 872 5340; x_wconf 91' lang='lat' dir='ltr'><strong>inter</strong></span> <span class='ocrx_word' id='word_1_713' title='bbox 901 5284 1043 5338; x_wconf 89' lang='lat' dir='ltr'><strong>duas</strong></span> <span class='ocrx_word' id='word_1_714' title='bbox 1073 5283 1360 5338; x_wconf 86' lang='lat' dir='ltr'><strong>columnas</strong></span> <span class='ocrx_word' id='word_1_715' title='bbox 1393 5295 1746 5350; x_wconf 88' lang='lat' dir='ltr'><strong>suspensam,</strong></span> <span class='ocrx_word' id='word_1_716' title='bbox 1775 5278 1940 5333; x_wconf 90' lang='lat' dir='ltr'><strong>sicuti</strong></span> <span class='ocrx_word' id='word_1_717' title='bbox 1969 5291 2088 5331; x_wconf 91' lang='lat' dir='ltr'><strong>mos</strong></span> 
     </span>
    </p>
   </div>
   <div class='ocr_carea' id='block_1_100' title="bbox 505 5371 2086 5443">
    <p class='ocr_par' dir='ltr' id='par_1_100' title="bbox 505 5371 2086 5443">
     <span class='ocr_line' id='line_1_101' title="bbox 505 5371 2086 5443; baseline -0.005 -12"><span class='ocrx_word' id='word_1_718' title='bbox 505 5391 594 5434; x_wconf 84' lang='lat' dir='ltr'><strong>est</strong></span> <span class='ocrx_word' id='word_1_719' title='bbox 617 5379 781 5432; x_wconf 87' lang='lat' dir='ltr'><strong>urbes</strong></span> <span class='ocrx_word' id='word_1_720' title='bbox 813 5391 1110 5439; x_wconf 80' lang='lat' dir='ltr'><strong>exornare,</strong></span> <span class='ocrx_word' id='word_1_721' title='bbox 1140 5389 1306 5443; x_wconf 88' lang='lat' dir='ltr'><strong>quam</strong></span> <span class='ocrx_word' id='word_1_722' title='bbox 1339 5371 1624 5442; x_wconf 83' lang='lat' dir='ltr'><strong>aptissime</strong></span> <span class='ocrx_word' id='word_1_723' title='bbox 1655 5372 1706 5424; x_wconf 92' lang='lat' dir='ltr'><strong>in</strong></span> <span class='ocrx_word' id='word_1_724' title='bbox 1732 5380 1902 5439; x_wconf 91' lang='lat' dir='ltr'><strong>caput</strong></span> <span class='ocrx_word' id='word_1_725' title='bbox 1942 5384 2086 5439; x_wconf 76' lang='lat' dir='ltr'><strong>prae-</strong></span> 
     </span>
    </p>
   </div>
   <div class='ocr_carea' id='block_1_101' title="bbox 510 5463 2089 5535">
    <p class='ocr_par' dir='ltr' id='par_1_101' title="bbox 510 5463 2089 5535">
     <span class='ocr_line' id='line_1_102' title="bbox 510 5463 2089 5535; baseline -0.008 -8"><span class='ocrx_word' id='word_1_726' title='bbox 510 5472 780 5528; x_wconf 87' lang='lat' dir='ltr'><strong>tereuntis</strong></span> <span class='ocrx_word' id='word_1_727' title='bbox 811 5469 1103 5524; x_wconf 89' lang='lat' dir='ltr'><strong>decidisse.</strong></span> <span class='ocrx_word' id='word_1_728' title='bbox 1151 5468 1280 5535; x_wconf 82' lang='lat' dir='ltr'><strong>Quae</strong></span> <span class='ocrx_word' id='word_1_729' title='bbox 1317 5479 1404 5520; x_wconf 87' lang='lat' dir='ltr'><strong>res</strong></span> <span class='ocrx_word' id='word_1_730' title='bbox 1456 5463 1745 5535; x_wconf 90' lang='lat' dir='ltr'><strong>permultis</strong></span> <span class='ocrx_word' id='word_1_731' title='bbox 1777 5476 1876 5533; x_wconf 91' lang='lat' dir='ltr'><strong>pro</strong></span> <span class='ocrx_word' id='word_1_732' title='bbox 1905 5463 2089 5517; x_wconf 85' lang='lat' dir='ltr'><strong>omine</strong></span> 
     </span>
    </p>
   </div>
   <div class='ocr_carea' id='block_1_102' title="bbox 579 5625 1345 5696">
    <p class='ocr_par' dir='ltr' id='par_1_102' title="bbox 579 5625 1345 5696">
     <span class='ocr_line' id='line_1_103' title="bbox 579 5625 1345 5696; baseline -0.004 -14"><span class='ocrx_word' id='word_1_733' title='bbox 579 5632 659 5696; x_wconf 85' lang='grc'><strong>(1)</strong></span> <span class='ocrx_word' id='word_1_734' title='bbox 687 5629 842 5683; x_wconf 90' lang='lat' dir='ltr'><strong>Socr.</strong></span> <span class='ocrx_word' id='word_1_735' title='bbox 871 5627 1126 5681; x_wconf 82' lang='lat' dir='ltr'><strong>Helenam</strong></span> <span class='ocrx_word' id='word_1_736' title='bbox 1162 5625 1345 5680; x_wconf 89' lang='lat' dir='ltr'><strong>habet.</strong></span> 
     </span>
    </p>
   </div>
   <div class='ocr_carea' id='block_1_103' title="bbox 580 5691 2090 5767">
    <p class='ocr_par' dir='ltr' id='par_1_103' title="bbox 580 5691 2090 5767">
     <span class='ocr_line' id='line_1_104' title="bbox 580 5691 2090 5767; baseline -0.005 -14"><span class='ocrx_word' id='word_1_737' title='bbox 580 5691 660 5767; x_wconf 45' lang='lat'><strong>(2&#39;)</strong></span> <span class='ocrx_word' id='word_1_738' title='bbox 694 5699 903 5754; x_wconf 85' lang='lat' dir='ltr'><strong>Socrat.</strong></span> <span class='ocrx_word' id='word_1_739' title='bbox 935 5708 990 5751; x_wconf 91' lang='lat' dir='ltr'><strong>et</strong></span> <span class='ocrx_word' id='word_1_740' title='bbox 1038 5698 1268 5765; x_wconf 85' lang='lat' dir='ltr'><strong>Eutrop.</strong></span> <span class='ocrx_word' id='word_1_741' title='bbox 1296 5697 1506 5763; x_wconf 78' lang='lat' dir='ltr'><strong>legatos</strong></span> <span class='ocrx_word' id='word_1_742' title='bbox 1541 5694 1593 5747; x_wconf 92' lang='lat' dir='ltr'><strong>in</strong></span> <span class='ocrx_word' id='word_1_743' title='bbox 1645 5691 1864 5747; x_wconf 86' lang='lat' dir='ltr'><strong>vincula</strong></span> <span class='ocrx_word' id='word_1_744' title='bbox 1899 5691 2090 5763; x_wconf 32' lang='lat' dir='ltr'><strong>conjee</strong></span> 
     </span>
    </p>
   </div>
   <div class='ocr_carea' id='block_1_104' title="bbox 509 5770 1041 5824">
    <p class='ocr_par' dir='ltr' id='par_1_104' title="bbox 509 5770 1041 5824">
     <span class='ocr_line' id='line_1_105' title="bbox 509 5770 1041 5824; baseline -0.004 0"><span class='ocrx_word' id='word_1_745' title='bbox 509 5780 628 5824; x_wconf 66' lang='grc' dir='ltr'><strong>(τοῦ</strong></span> <span class='ocrx_word' id='word_1_746' title='bbox 661 5787 784 5824; x_wconf 85' lang='lat' dir='ltr'><strong>esse</strong></span> <span class='ocrx_word' id='word_1_747' title='bbox 813 5770 1041 5824; x_wconf 79' lang='lat' dir='ltr'><strong>addunt.</strong></span> 
     </span>
    </p>
   </div>
   <div class='ocr_carea' id='block_1_105' title="bbox 589 5832 2090 5911">
    <p class='ocr_par' dir='ltr' id='par_1_105' title="bbox 589 5832 2090 5911">
     <span class='ocr_line' id='line_1_106' title="bbox 589 5832 2090 5911; baseline -0.004 -18"><span class='ocrx_word' id='word_1_748' title='bbox 589 5840 663 5911; x_wconf 78' lang='lat'><strong>(5)</strong></span> <span class='ocrx_word' id='word_1_749' title='bbox 698 5842 852 5911; x_wconf 79' lang='lat' dir='ltr'><strong>Apud</strong></span> <span class='ocrx_word' id='word_1_750' title='bbox 893 5841 1319 5910; x_wconf 81' lang='lat' dir='ltr'><strong>Argentoratum</strong></span> <span class='ocrx_word' id='word_1_751' title='bbox 1347 5837 1597 5906; x_wconf 68' lang='lat' dir='ltr'><strong>ingentes</strong></span> <span class='ocrx_word' id='word_1_752' title='bbox 1625 5833 1865 5890; x_wconf 84' lang='lat' dir='ltr'><strong>hostium</strong></span> <span class='ocrx_word' id='word_1_753' title='bbox 1903 5832 2090 5902; x_wconf 87' lang='lat' dir='ltr'><strong>copias</strong></span> 
     </span>
    </p>
   </div>
   <div class='ocr_carea' id='block_1_106' title="bbox 2183 4624 3734 4704">
    <p class='ocr_par' dir='ltr' id='par_1_106' title="bbox 2183 4624 3734 4704">
     <span class='ocr_line' id='line_1_107' title="bbox 2183 4624 3734 4704; baseline -0.007 -16"><span class='ocrx_word' id='word_1_754' title='bbox 2183 4652 2300 4703; x_wconf 90' lang='grc' dir='ltr'><strong>γος,</strong></span> <span class='ocrx_word' id='word_1_755' title='bbox 2343 4635 2418 4698; x_wconf 85' lang='grc' dir='ltr'><strong>ὡς</strong></span> <span class='ocrx_word' id='word_1_756' title='bbox 2476 4633 2775 4702; x_wconf 82' lang='grc' dir='ltr'><strong>ἐπιϐουλῆς</strong></span> <span class='ocrx_word' id='word_1_757' title='bbox 2832 4635 3000 4704; x_wconf 85' lang='grc' dir='ltr'><strong>χάριν</strong></span> <span class='ocrx_word' id='word_1_758' title='bbox 3031 4636 3060 4687; x_wconf 90' lang='grc' dir='ltr'><strong>ό</strong></span> <span class='ocrx_word' id='word_1_759' title='bbox 3115 4633 3253 4704; x_wconf 78' lang='grc' dir='ltr'><strong>πρὸς</strong></span> <span class='ocrx_word' id='word_1_760' title='bbox 3293 4634 3418 4694; x_wconf 81' lang='grc' dir='ltr'><strong>τοὺς</strong></span> <span class='ocrx_word' id='word_1_761' title='bbox 3447 4624 3734 4699; x_wconf 71' lang='grc' dir='ltr'><strong>βαρϐάρους</strong></span> 
     </span>
    </p>
   </div>
   <div class='ocr_carea' id='block_1_107' title="bbox 2185 4711 3735 4798">
    <p class='ocr_par' dir='ltr' id='par_1_107' title="bbox 2185 4711 3735 4798">
     <span class='ocr_line' id='line_1_108' title="bbox 2185 4711 3735 4798; baseline -0.003 -17"><span class='ocrx_word' id='word_1_762' title='bbox 2185 4729 2425 4796; x_wconf 87' lang='grc' dir='ltr'><strong>πόλεμος</strong></span> <span class='ocrx_word' id='word_1_763' title='bbox 2459 4727 2618 4798; x_wconf 87' lang='grc' dir='ltr'><strong>ἐδόθη</strong></span> <span class='ocrx_word' id='word_1_764' title='bbox 2646 4727 2822 4797; x_wconf 86' lang='grc' dir='ltr'><strong>αὐτῷ,</strong></span> <span class='ocrx_word' id='word_1_765' title='bbox 2855 4727 2922 4779; x_wconf 83' lang='grc' dir='ltr'><strong>ἵν’</strong></span> <span class='ocrx_word' id='word_1_766' title='bbox 2950 4727 3138 4790; x_wconf 82' lang='grc' dir='ltr'><strong>αὐτοῖς</strong></span> <span class='ocrx_word' id='word_1_767' title='bbox 3164 4725 3605 4794; x_wconf 79' lang='grc' dir='ltr'><strong>συμπλεκόμενος</strong></span> <span class='ocrx_word' id='word_1_768' title='bbox 3633 4711 3735 4776; x_wconf 71' lang='grc' dir='ltr'><strong>δλῖΓ</strong></span> 
     </span>
    </p>
   </div>
   <div class='ocr_carea' id='block_1_108' title="bbox 2183 4799 3735 4896">
    <p class='ocr_par' dir='ltr' id='par_1_108' title="bbox 2183 4799 3735 4896">
     <span class='ocr_line' id='line_1_109' title="bbox 2183 4799 3735 4896; baseline 0.013 -23"><span class='ocrx_word' id='word_1_769' title='bbox 2183 4837 2295 4874; x_wconf 88' lang='grc' dir='ltr'><strong>ται.</strong></span> <span class='ocrx_word' id='word_1_770' title='bbox 2328 4821 2401 4874; x_wconf 84' lang='grc' dir='ltr'><strong>Οὐ</strong></span> <span class='ocrx_word' id='word_1_771' title='bbox 2439 4819 2665 4882; x_wconf 86' lang='grc' dir='ltr'><strong>πιθανὸς</strong></span> <span class='ocrx_word' id='word_1_772' title='bbox 2694 4818 2740 4872; x_wconf 79' lang='grc' dir='ltr'><strong>δ’</strong></span> <span class='ocrx_word' id='word_1_773' title='bbox 2763 4819 2892 4889; x_wconf 89' lang='grc' dir='ltr'><strong>ἐμοί</strong></span> <span class='ocrx_word' id='word_1_774' title='bbox 2925 4836 2988 4887; x_wconf 90' lang='grc' dir='ltr'>γε</span> <span class='ocrx_word' id='word_1_775' title='bbox 3019 4818 3142 4896; x_wconf 58' lang='grc' dir='ltr'><strong>λίαν</strong></span> <span class='ocrx_word' id='word_1_776' title='bbox 3173 4820 3202 4872; x_wconf 79' lang='grc' dir='ltr'><em>ὁ</em></span> <span class='ocrx_word' id='word_1_777' title='bbox 3233 4819 3411 4886; x_wconf 80' lang='grc' dir='ltr'><strong>λόγος·</strong></span> <span class='ocrx_word' id='word_1_778' title='bbox 3433 4813 3497 4866; x_wconf 74' lang='grc' dir='ltr'><strong>Τί</strong></span> <span class='ocrx_word' id='word_1_779' title='bbox 3522 4809 3623 4878; x_wconf 61' lang='grc' dir='ltr'><strong>γὰρ</strong></span> <span class='ocrx_word' id='word_1_780' title='bbox 3653 4799 3735 4896; x_wconf 34' lang='lat' dir='ltr'><strong>“in</strong></span> 
     </span>
    </p>
   </div>
   <div class='ocr_carea' id='block_1_109' title="bbox 2185 4892 3735 4981">
    <p class='ocr_par' dir='ltr' id='par_1_109' title="bbox 2185 4892 3735 4981">
     <span class='ocr_line' id='line_1_110' title="bbox 2185 4892 3735 4981; baseline -0.016 -14"><span class='ocrx_word' id='word_1_781' title='bbox 2185 4911 2447 4981; x_wconf 77' lang='grc' dir='ltr'><strong>Καίσαρα</strong></span> <span class='ocrx_word' id='word_1_782' title='bbox 2479 4911 2670 4964; x_wconf 81' lang='grc' dir='ltr'><strong>τοῦτον</strong></span> <span class='ocrx_word' id='word_1_783' title='bbox 2702 4911 2878 4963; x_wconf 85' lang='grc' dir='ltr'><strong>ἐποίει</strong></span> <span class='ocrx_word' id='word_1_784' title='bbox 2904 4911 2964 4964; x_wconf 77' lang='grc' dir='ltr'><strong>τὸ</strong></span> <span class='ocrx_word' id='word_1_785' title='bbox 2993 4892 3126 4964; x_wconf 33' lang='grc' dir='ltr'><strong>κατ’*</strong></span> <span class='ocrx_word' id='word_1_786' title='bbox 3147 4910 3345 4980; x_wconf 84' lang='grc' dir='ltr'><strong>ἀρχὰς,</strong></span> <span class='ocrx_word' id='word_1_787' title='bbox 3371 4907 3466 4962; x_wconf 73' lang='grc' dir='ltr'><strong>καὶ</strong></span> <span class='ocrx_word' id='word_1_788' title='bbox 3489 4902 3580 4969; x_wconf 83' lang='grc' dir='ltr'><strong>τὴν</strong></span> <span class='ocrx_word' id='word_1_789' title='bbox 3601 4892 3735 4950; x_wconf 84' lang='grc' dir='ltr'><strong>ἁδελ-</strong></span> 
     </span>
    </p>
   </div>
   <div class='ocr_carea' id='block_1_110' title="bbox 2187 4982 3731 5072">
    <p class='ocr_par' dir='ltr' id='par_1_110' title="bbox 2187 4982 3731 5072">
     <span class='ocr_line' id='line_1_111' title="bbox 2187 4982 3731 5072; baseline -0.016 -16"><span class='ocrx_word' id='word_1_790' title='bbox 2187 5004 2295 5070; x_wconf 82' lang='grc' dir='ltr'><strong>φὴν</strong></span> <span class='ocrx_word' id='word_1_791' title='bbox 2321 5003 2401 5066; x_wconf 85' lang='grc' dir='ltr'><strong>εἰς</strong></span> <span class='ocrx_word' id='word_1_792' title='bbox 2433 5003 2611 5072; x_wconf 83' lang='grc' dir='ltr'><strong>γάμον</strong></span> <span class='ocrx_word' id='word_1_793' title='bbox 2642 5001 2852 5068; x_wconf 86' lang='grc' dir='ltr'><strong>ἐδίδου;</strong></span> <span class='ocrx_word' id='word_1_794' title='bbox 2890 5001 2955 5054; x_wconf 89' lang='grc' dir='ltr'><strong>Τί</strong></span> <span class='ocrx_word' id='word_1_795' title='bbox 2987 5001 3044 5054; x_wconf 86' lang='grc' dir='ltr'><strong>δὲ</strong></span> <span class='ocrx_word' id='word_1_796' title='bbox 3069 5000 3220 5070; x_wconf 83' lang='grc' dir='ltr'><strong>αὐτῷ</strong></span> <span class='ocrx_word' id='word_1_797' title='bbox 3260 5003 3356 5053; x_wconf 74' lang='grc' dir='ltr'><strong>καὶ</strong></span> <span class='ocrx_word' id='word_1_798' title='bbox 3385 4999 3445 5051; x_wconf 81' lang='grc' dir='ltr'><strong>τὸ</strong></span> <span class='ocrx_word' id='word_1_799' title='bbox 3473 4982 3731 5045; x_wconf 83' lang='grc' dir='ltr'><strong>πείθεσθαι</strong></span> 
     </span>
    </p>
   </div>
   <div class='ocr_carea' id='block_1_111' title="bbox 2187 5083 3732 5161">
    <p class='ocr_par' dir='ltr' id='par_1_111' title="bbox 2187 5083 3732 5161">
     <span class='ocr_line' id='line_1_112' title="bbox 2187 5083 3732 5161; baseline 0 -19"><span class='ocrx_word' id='word_1_800' title='bbox 2187 5091 2283 5144; x_wconf 75' lang='grc' dir='ltr'><strong>καὶ</strong></span> <span class='ocrx_word' id='word_1_801' title='bbox 2313 5089 2678 5144; x_wconf 72' lang='grc' dir='ltr'><strong>ὑπαλλάττειν</strong></span> <span class='ocrx_word' id='word_1_802' title='bbox 2716 5091 2844 5152; x_wconf 83' lang='grc' dir='ltr'><strong>τοὺς</strong></span> <span class='ocrx_word' id='word_1_803' title='bbox 2874 5090 3225 5161; x_wconf 75' lang='grc' dir='ltr'><strong>ἐρῤᾳστωνευ</strong></span> <span class='ocrx_word' id='word_1_804' title='bbox 3235 5088 3428 5158; x_wconf 87' lang='grc' dir='ltr'><strong>μένους</strong></span> <span class='ocrx_word' id='word_1_805' title='bbox 3455 5083 3557 5135; x_wconf 85' lang='grc' dir='ltr'><strong>τῶν</strong></span> <span class='ocrx_word' id='word_1_806' title='bbox 3587 5085 3732 5142; x_wconf 77' lang='grc' dir='ltr'><strong>στρα’</strong></span> 
     </span>
    </p>
   </div>
   <div class='ocr_carea' id='block_1_112' title="bbox 2187 5163 3730 5252">
    <p class='ocr_par' dir='ltr' id='par_1_112' title="bbox 2187 5163 3730 5252">
     <span class='ocr_line' id='line_1_113' title="bbox 2187 5163 3730 5252; baseline -0.015 -1"><span class='ocrx_word' id='word_1_807' title='bbox 2187 5179 2372 5251; x_wconf 82' lang='grc' dir='ltr'><strong>τηγῶν</strong></span> <span class='ocrx_word' id='word_1_808' title='bbox 2393 5195 2407 5210; x_wconf 82' lang='grc'><strong>⁸</strong></span> <span class='ocrx_word' id='word_1_809' title='bbox 2443 5181 2696 5244; x_wconf 77' lang='grc' dir='ltr'><strong>καὶτοὺς</strong></span> <span class='ocrx_word' id='word_1_810' title='bbox 2751 5181 2891 5250; x_wconf 79' lang='grc' dir='ltr'><strong>πρὸς</strong></span> <span class='ocrx_word' id='word_1_811' title='bbox 2942 5183 3125 5252; x_wconf 84' lang='grc' dir='ltr'><strong>μάχην</strong></span> <span class='ocrx_word' id='word_1_812' title='bbox 3156 5179 3376 5234; x_wconf 75' lang='grc' dir='ltr'><strong>ἔστελλε</strong></span> <span class='ocrx_word' id='word_1_813' title='bbox 3411 5171 3626 5237; x_wconf 66' lang='grc' dir='ltr'><strong>δεξιοὺς,</strong></span> <span class='ocrx_word' id='word_1_814' title='bbox 3659 5163 3730 5213; x_wconf 71' lang='grc' dir='ltr'><strong>ἵνα</strong></span> 
     </span>
    </p>
   </div>
   <div class='ocr_carea' id='block_1_113' title="bbox 2193 5252 3726 5344">
    <p class='ocr_par' dir='ltr' id='par_1_113' title="bbox 2193 5252 3726 5344">
     <span class='ocr_line' id='line_1_114' title="bbox 2193 5252 3726 5344; baseline -0.01 -18"><span class='ocrx_word' id='word_1_815' title='bbox 2193 5271 2399 5342; x_wconf 83' lang='grc' dir='ltr'><strong>μᾶλλον</strong></span> <span class='ocrx_word' id='word_1_816' title='bbox 2428 5269 2755 5344; x_wconf 78' lang='grc' dir='ltr'><strong>κατορθώσῃ</strong></span> <span class='ocrx_word' id='word_1_817' title='bbox 2776 5270 2870 5323; x_wconf 77' lang='grc' dir='ltr'><strong>τὸν</strong></span> <span class='ocrx_word' id='word_1_818' title='bbox 2900 5269 3163 5338; x_wconf 85' lang='grc' dir='ltr'><strong>πόλεμον,</strong></span> <span class='ocrx_word' id='word_1_819' title='bbox 3189 5269 3239 5321; x_wconf 84' lang='grc' dir='ltr'><strong>εί</strong></span> <span class='ocrx_word' id='word_1_820' title='bbox 3269 5267 3344 5338; x_wconf 84' lang='grc' dir='ltr'><strong>μὴ</strong></span> <span class='ocrx_word' id='word_1_821' title='bbox 3367 5265 3502 5334; x_wconf 85' lang='grc' dir='ltr'><strong>φίλῳ</strong></span> <span class='ocrx_word' id='word_1_822' title='bbox 3525 5252 3726 5344; x_wconf 33' lang='grc' dir='ltr'><strong>ὲχρὶὶτιοὶ</strong></span> 
     </span>
    </p>
   </div>
   <div class='ocr_carea' id='block_1_114' title="bbox 2191 5336 3728 5433">
    <p class='ocr_par' dir='ltr' id='par_1_114' title="bbox 2191 5336 3728 5433">
     <span class='ocr_line' id='line_1_115' title="bbox 2191 5336 3728 5433; baseline -0.01 -16"><span class='ocrx_word' id='word_1_823' title='bbox 2191 5363 2538 5433; x_wconf 84' lang='grc' dir='ltr'><strong>Συμϐάλλειν</strong></span> <span class='ocrx_word' id='word_1_824' title='bbox 2588 5367 2773 5417; x_wconf 84' lang='grc' dir='ltr'><strong>τοίνυν</strong></span> <span class='ocrx_word' id='word_1_825' title='bbox 2823 5362 2997 5427; x_wconf 82' lang='grc' dir='ltr'><strong>ἐστιν,</strong></span> <span class='ocrx_word' id='word_1_826' title='bbox 3032 5361 3109 5426; x_wconf 84' lang='grc' dir='ltr'><strong>ὡς</strong></span> <span class='ocrx_word' id='word_1_827' title='bbox 3143 5361 3333 5423; x_wconf 79' lang='grc' dir='ltr'><strong>εὔνους</strong></span> <span class='ocrx_word' id='word_1_828' title='bbox 3385 5353 3449 5430; x_wconf 78' lang='grc' dir='ltr'><strong>ἦν</strong></span> <span class='ocrx_word' id='word_1_829' title='bbox 3476 5344 3615 5414; x_wconf 82' lang='grc' dir='ltr'><strong>αὒτῷ</strong></span> <span class='ocrx_word' id='word_1_830' title='bbox 3644 5336 3728 5433; x_wconf 46' lang='lat' dir='ltr'><strong>di:</strong></span> 
     </span>
    </p>
   </div>
   <div class='ocr_carea' id='block_1_115' title="bbox 2191 5425 3727 5526">
    <p class='ocr_par' dir='ltr' id='par_1_115' title="bbox 2191 5425 3727 5526">
     <span class='ocr_line' id='line_1_116' title="bbox 2191 5425 3727 5526; baseline -0.024 1"><span class='ocrx_word' id='word_1_831' title='bbox 2191 5425 2370 5525; x_wconf 65' lang='grc' dir='ltr'>ἀρλὴν</span> <span class='ocrx_word' id='word_1_832' title='bbox 2399 5457 2427 5508; x_wconf 66' lang='grc' dir='ltr'>ὁ</span> <span class='ocrx_word' id='word_1_833' title='bbox 2475 5455 2718 5526; x_wconf 82' lang='grc' dir='ltr'><strong>κρατῶν.</strong></span> <span class='ocrx_word' id='word_1_834' title='bbox 2745 5453 2872 5508; x_wconf 83' lang='grc' dir='ltr'><strong>ὅθεν</strong></span> <span class='ocrx_word' id='word_1_835' title='bbox 2897 5425 3098 5507; x_wconf 75' lang='grc' dir='ltr'><strong>ἀνεῖπε</strong></span> <span class='ocrx_word' id='word_1_836' title='bbox 3147 5452 3242 5507; x_wconf 80' lang='grc' dir='ltr'><strong>καὶ</strong></span> <span class='ocrx_word' id='word_1_837' title='bbox 3274 5425 3546 5516; x_wconf 82' lang='grc' dir='ltr'><strong>Καίσαρα.</strong></span> <span class='ocrx_word' id='word_1_838' title='bbox 3587 5434 3666 5494; x_wconf 82' lang='grc' dir='ltr'><strong><em>Ὦς</em></strong></span> <span class='ocrx_word' id='word_1_839' title='bbox 3689 5425 3727 5477; x_wconf 87' lang='grc' dir='ltr'><strong>δ’</strong></span> 
     </span>
    </p>
   </div>
   <div class='ocr_carea' id='block_1_116' title="bbox 2191 5603 3725 5676">
    <p class='ocr_par' dir='ltr' id='par_1_116' title="bbox 2191 5603 3725 5676">
     <span class='ocr_line' id='line_1_117' title="bbox 2191 5603 3725 5676; baseline -0.005 -1"><span class='ocrx_word' id='word_1_840' title='bbox 2191 5621 2414 5676; x_wconf 90' lang='lat' dir='ltr'><strong>delevit.</strong></span> <span class='ocrx_word' id='word_1_841' title='bbox 2440 5620 2675 5676; x_wconf 85' lang='lat' dir='ltr'><strong>Stabant</strong></span> <span class='ocrx_word' id='word_1_842' title='bbox 2697 5621 2880 5676; x_wconf 86' lang='lat' dir='ltr'><strong>acervi</strong></span> <span class='ocrx_word' id='word_1_843' title='bbox 2903 5619 3234 5675; x_wconf 88' lang='lat' dir='ltr'><strong>cadaverum</strong></span> <span class='ocrx_word' id='word_1_844' title='bbox 3268 5614 3526 5672; x_wconf 88' lang='lat' dir='ltr'><strong>montium</strong></span> <span class='ocrx_word' id='word_1_845' title='bbox 3551 5603 3725 5676; x_wconf 59' lang='grc' dir='ltr'><strong>ἱηξίέῗξ</strong></span> 
     </span>
    </p>
   </div>
   <div class='ocr_carea' id='block_1_117' title="bbox 2192 5664 3722 5760">
    <p class='ocr_par' dir='ltr' id='par_1_117' title="bbox 2192 5664 3722 5760">
     <span class='ocr_line' id='line_1_118' title="bbox 2192 5664 3722 5760; baseline -0.006 -15"><span class='ocrx_word' id='word_1_846' title='bbox 2192 5664 2396 5746; x_wconf 81' lang='lat' dir='ltr'><strong>ﬂuebat</strong></span> <span class='ocrx_word' id='word_1_847' title='bbox 2429 5664 2595 5746; x_wconf 69' lang='grc' dir='ltr'><strong>ετῖὶὅτ</strong></span> <span class='ocrx_word' id='word_1_848' title='bbox 2641 5664 3501 5760; x_wconf 53' lang='lat' dir='ltr'><strong>tinnit}ith&#39;ni&quot;.i.3u3,&#39;&amp;;§i&#39;u§&quot;iex</strong></span> <span class='ocrx_word' id='word_1_849' title='bbox 3545 5664 3722 5727; x_wconf 59' lang='lat' dir='ltr'><strong>Domus</strong></span> 
     </span>
    </p>
   </div>
   <div class='ocr_carea' id='block_1_118' title="bbox 2191 5760 3121 5832">
    <p class='ocr_par' dir='ltr' id='par_1_118' title="bbox 2191 5760 3121 5832">
     <span class='ocr_line' id='line_1_119' title="bbox 2191 5760 3121 5832; baseline -0.006 -14"><span class='ocrx_word' id='word_1_850' title='bbox 2191 5762 2666 5828; x_wconf 84' lang='lat' dir='ltr'><strong>Chonodomarus,</strong></span> <span class='ocrx_word' id='word_1_851' title='bbox 2702 5773 2808 5818; x_wconf 89' lang='lat' dir='ltr'><strong>etc.</strong></span> <span class='ocrx_word' id='word_1_852' title='bbox 2843 5760 3121 5832; x_wconf 83' lang='lat' dir='ltr'><strong>(EutrOp.)</strong></span> 
     </span>
    </p>
   </div>
   <div class='ocr_carea' id='block_1_119' title="bbox 3959 1047 3974 1108">
    <p class='ocr_par' dir='ltr' id='par_1_119' title="bbox 3959 1047 3974 1108">
     <span class='ocr_line' id='line_1_120' title="bbox 3959 1047 3974 1108; baseline 0 0"><span class='ocrx_word' id='word_1_853' title='bbox 3959 1047 3974 1108; x_wconf 70' lang='grc' dir='ltr'><strong>ί</strong></span> 
     </span>
    </p>
   </div>
  </div>
