4054 6430
333 411 434 478 Ml
1260 442 1264 445 -
1295 398 1907 462 ECCLESIASTIC.E

2030 399 2343 461 ISTORIJB
2386 401 2541 462 [ΑΒ.
2584 403 2652 463 Χ.
3515 401 3617 463 452

335 528 549 585 ἐκεῖνος
586 515 862 581 Σεϐαστὸς
893 514 1278 587 ἀνεκηρύχθη,
1309 515 1386 585 μὴ
1414 514 1597 578 δόντος
1633 513 1827 578 αὑτοῦ,
1884 513 1918 582 ἢ

2030 522 2080 568 et
2131 513 2337 569 indicio
2373 525 2600 585 accepta
2641 524 2744 577 est.
2805 515 3022 584 imperii
3072 531 3292 586 quoque
3345 531 3616 570 summam

331 618 542 680 δεδιὼς,
569 610 652 676 οἷς
683 612 882 675 αὐτοὺς
937 609 1168 680 ἠδίκησε
1201 611 1352 670 νέους
1386 607 1572 672 ὄντας,
1603 609 1636 679 ἢ
1688 610 1784 662 καὶ
1817 607 1918 674 τῆς

2030 605 2094 659 ad
2116 620 2243 659 cum
2285 617 2672 674 perventuram
2701 623 2842 663 esse.
2905 607 3045 663 lllud
3072 624 3293 678 quoque
3341 608 3618 661 sermoni-

337 711 460 779 ῐσης
490 705 664 776 τιμῆς
720 705 882 774 χάριν
943 703 1274 773 ἀχθόμενος,
1304 701 1398 755 διά
1456 701 1569 756 τῶν
1604 701 1920 772 εἰρημένων

2030 699 2137 754 bus
2161 701 2441 771 vulgatum
2469 700 2596 764 fuit,
2618 704 2685 756 ab
2717 703 3011 758 insidiante
3039 703 3166 758 vita:
3196 704 3318 774 ejus
3343 701 3618 756 Constan-

339 801 638 873 βαρϐάρων
701 798 834 860 ἴσως
900 795 1130 866 ὕστερον
1183 795 1563 849 ἐπιϐουλεύειν
1618 797 1918 868 προήγετο.

2034 792 2112 847 tio
2143 782 2348 848 bellum
2378 793 2431 848 id
2458 794 2722 849 adversus
2755 796 3024 849 barbaros
3051 795 3100 850 ei
3124 795 3446 848 mandatum
3470 808 3614 855 esse,

351 893 513 948 Ἀλλά
548 892 712 945 τοῦτο
779 889 906 961 μὲν,
958 889 1036 953 ὡς
1092 887 1311 958 ἑκάστῳ
1369 887 1528 958 δόξης
1595 887 1738 953 ἐστὶ,
1793 903 1921 957 κρι-

2030 897 2091 942 ut
2124 902 2250 941 cum
2285 888 2392 942 illis
2421 905 2586 942 manu
2612 899 2869 943 conserta
2901 889 3184 944 interiret.
3223 888 3330 943 Sed
3381 887 3526 942 fama
3552 901 3616 939 ea

339 986 501 1041 νέτω.
1755 979 1761 986 ’
2023 981 2170 1050 apud
2212 997 2298 1037 me
2324 998 2516 1051 parum
2568 982 2868 1037 admodum
2900 984 3066 1039 habet
3116 981 3402 1037 ﬁdei.Cur
3465 979 3617 1035 enim

332 1082 577 1137 Caesaris
633 1081 710 1136 illi
765 1080 1006 1150 primum
1053 1078 1379 1150 dignitatem
1431 1077 1739 1141 tribuisset,
1793 1092 2157 1150 sororemque
2193 1081 2243 1135 ei
2317 1082 2514 1151 nuptui
2559 1081 2838 1136 dedisset?
2868 1081 2979 1136 Cur
3032 1082 3237 1150 optatis
3268 1083 3410 1152 ejus,
3437 1087 3497 1134 ut
3526 1095 3618 1134 so-

340 1177 613 1234 cordibus
649 1178 1202 1248 aliisurrogarentur
1234 1176 1426 1242 duces,
1476 1191 1686 1230 morem
1746 1176 2047 1243 gessisset:
2107 1189 2165 1232 et
2228 1179 2323 1249 qui
2390 1179 2456 1234 ad
2485 1179 2673 1248 praelia
2707 1179 3100 1234 committenda
3157 1180 3368 1233 strenui
3405 1185 3614 1237 essent,

336 1270 657 1342 bellumque
683 1281 832 1325 recte
857 1279 1142 1342 gererent,
1173 1267 1434 1334 misisset,
1491 1267 1599 1322 nisi
1631 1268 1811 1322 amico
1853 1278 1909 1323 et
1951 1269 2223 1326 benevolo
2288 1272 2342 1326 in
2413 1288 2538 1328 eum
2595 1273 2794 1328 fuisset
2835 1273 3067 1327 animo?
3117 1272 3304 1340 Itaque
3353 1271 3620 1340 colligere

336 1368 477 1423 satis
508 1367 658 1432 licet,
693 1367 834 1421 bene
870 1368 921 1422 ei
948 1368 1018 1422 ab
1047 1365 1206 1421 initio
1237 1366 1628 1434 imperatorem
1690 1363 1957 1430 voluisse,
1999 1378 2055 1422 et
2089 1367 2162 1423 ob
2209 1368 2262 1422 id
2300 1368 2574 1426 Caesarem
2605 1385 2731 1425 eum
2753 1369 3083 1426 declarasse.
3119 1368 3223 1436 10
3248 1367 3316 1421 At
3349 1367 3442 1422 ubi
3492 1365 3615 1427 ille,

275 1469 282 1473 '
337 1463 460 1532 ipso
499 1479 610 1518 non
637 1467 1015 1533 permittente,
1065 1463 1351 1535 Augustus
1405 1473 1490 1518 est
1541 1464 1913 1530 renuntiatus,
1956 1466 2044 1520 vel
2101 1478 2440 1524 metuentem
2517 1486 2644 1525 eum
2688 1471 2819 1536 sibi,
2876 1479 3104 1541 propter
3142 1465 3399 1534 injurias,
3463 1480 3603 1533 quas

340 1557 417 1612 illi
447 1568 643 1612 tenero
669 1559 848 1613 adhuc
883 1560 1151 1629 fratrique
1193 1560 1315 1630 ejus
1347 1560 1629 1622 intulerat,
1678 1558 1763 1612 vel
1827 1574 2014 1628 parem
2069 1561 2219 1616 illius
2279 1579 2406 1618 cum
2435 1581 2536 1620 suo
2557 1565 2821 1620 honorem
2893 1564 3124 1617 moleste
3158 1560 3452 1623 ferentem,
3507 1573 3612 1628 per

336 1665 435 1705 eos
463 1650 552 1720 qui
582 1651 711 1705 dicti
749 1663 878 1708 sunt
928 1653 1221 1715 Barbaros,
1262 1660 1452 1722 postea
1493 1649 1634 1705 forte
1662 1649 1896 1704 insidias
1929 1650 1981 1704 ei
2010 1654 2303 1709 struxisse.
2341 1657 2450 1711 Sed
2488 1657 2594 1710 hoc
2643 1655 2858 1727 judicio
2895 1655 3166 1726 cujusque
3207 1650 3598 1719 relinquimus.

937 1791 1191 1846 ΚΕΦΑΛ.
1239 1788 1316 1847 Β’.

2639 1795 2871 1853 CAPUT
2918 1794 2987 1848 1-1.

351 1891 543 1952 ’Ὅπως
575 1884 674 1960 διὰ
705 1883 942 1960 Θρᾴκης
982 1887 1013 1937 ό
1049 1882 1400 1960 ἀποστάτης
1451 1881 1581 1960 trior,
1612 1881 1729 1960 τῂν
1758 1885 1921 1936 Κων-

2032 1893 2098 1950 Ul
2144 1892 2525 1960 prevaricator
2574 1895 2649 1960 et
2678 1896 2927 1960 apostola
2977 1899 3072 1954 per
3109 1880 3396 1960 Thraciam
3447 1879 3618 1960 pro!-

421 1952 756 2011 arartlrov‘
790 1952 1094 2022 κατέσχεν
1151 1952 1427 2007 ἐκποδὼν
1454 1953 1561 2007 τοῦ
1605 1957 1926 2008 Κωνσταν·

418 2029 542 2080 τίσυ
570 2024 1003 2094 γεγενημένου.

417 2138 617 2193 Τοῦτον
651 2135 748 2208 μέν
781 2131 877 2189 οὖν
910 2137 1000 2189 τὸν
1030 2135 1234 2205 τρόπον
1262 2135 1290 2187 ό
1333 2135 1623 2199 Ἰουλιανὸς
1651 2135 1749 2206 τῆς
1776 2133 1927 2207 βασι-

339 2232 489 2296 λείας
522 2230 781 2302 ἐδράξατο
804 2242 820 2259 ⁸
849 2231 898 2282 εί
926 2228 984 2282 δέ
1017 2232 1164 2282 κατὰ
1186 2227 1520 2299 φιλοσόφους
1547 2230 1582 2300 η
1617 2229 1746 2298 ἑξῆς
1775 2231 1926 2296 ἀγω-

337 2325 436 2394 γὴ,
467 2326 523 2378 ἐν
551 2323 718 2393 κοινῷ
750 2324 978 2376 σκοπεῖν
1003 2321 1101 2374 ἐῶ.
1132 2315 1234 2374 Οἷα
1271 2322 1383 2390 γὰρ
1425 2321 1592 2390 φιλεῖ,
1625 2321 1700 2392 μὴ
1733 2320 1929 2374 ἀπολο-

339 2435 364 2483 γ
383 2419 468 2470 ίαν
494 2415 582 2470 διὰ
604 2415 902 2484 πρεσϐείας
931 2415 1058 2475 δοὺς
1079 2412 1473 2481 Κωνσταντίῳ,
1497 2413 1556 2466 ὃν
1578 2415 1673 2468 καὶ
1699 2414 1925 2482 σωτῆρα

341 2512 438 2561 καὶ
469 2509 767 2577 εὐεργέτην
816 2506 1114 2576 ἠπίστατο,
1171 2504 1333 2566 εὐθὺς
1374 2504 1474 2574 μὲν
1505 2502 1924 2574 ἀπεχειροτόνει

343 2601 473 2661 τοὺς
506 2599 776 2669 ἄρχοντας
800 2598 959 2659 ὅσους
996 2598 1210 2659 ἐκεῖνος
1240 2595 1585 2665 κατέστησεν
1607 2611 1622 2625 ⁸
1675 2595 1925 2664 ἀμείϐων

344 2693 392 2746 δ’
441 2692 660 2762 ἐτέρους
713 2689 1104 2760 ἀντικαθίστη,
1162 2689 1262 2742 καὶ
1293 2690 1404 2742 πᾶν
1456 2688 1518 2741 τὸ
1549 2687 1686 2758 πρὸς
1723 2685 1924 2758 βουλῆς

344 2785 493 2856 αύτῷ
540 2786 846 2856 ἔπραττεν⁸
903 2783 1221 2852 ἐπεγγελῶν
1254 2781 1312 2835 δέ
1371 2784 1468 2838 καὶ
1532 2779 1923 2847 Κωνσταντίῳ,

344 2879 488 2932 κατὰ
515 2878 700 2949 χώρας
729 2877 832 2942 τὰς
857 2878 1148 2940 ἐπιστολάς
1196 2875 1365 2931 αὐτοῦ
1393 2876 1682 2940 διεδείκνυ,
1726 2874 1794 2928 δι’
1847 2868 1922 2928 ὧν

344 2973 471 3031 τοὺς
497 2971 809 3041 βαρϐάρους
839 2971 983 3024 κατά
1005 2969 1344 3038 Μαγνεντίου
1368 2969 1576 3032 καλῶν,
1623 2968 1924 3040 Ῥωμαίοις

347 3065 593 3132 ἐπήγαγε
618 3079 633 3093 ⁸
671 3065 766 3117 καὶ
789 3063 956 3135 τέχνῃ
986 3063 1056 3116 τὰ
1083 3062 1266 3134 πλήθη
1321 3062 1750 3133 μετερχόμενος,
1779 3061 1925 3114 ἀπέ-

347 3169 460 3204 σπα
495 3154 591 3222 μὲν
619 3154 859 3218 ἐκείνου,
897 3157 977 3216 εἰς
1010 3152 1207 3206 ἑαυτὸν
1235 3152 1295 3205 δέ
1348 3150 1730 3224 μετεϐίϐαζεν.
1763 3150 1924 3217 Ἐξά-

2101 1951 2320 2027 εἷσεεηε,
2374 1958 2684 2016 Constantio
2716 1951 3030 2027 'dcfuncto,
3099 1951 3619 2018 Constantinopolim

2101 2033 2424 2103 pervenerit.

2101 2147 2179 2202 Ad
2215 2147 2362 2200 hunc
2402 2156 2553 2200 certe
2578 2141 2800 2214 quidem
2859 2139 3084 2194 modum
3130 2137 3384 2194 Julianus
3445 2135 3618 2204 impeo

2030 2239 2171 2292 rium
2201 2236 2435 2306 arripuit
2465 2234 2568 2307 (l).
2605 2233 2689 2288 An
2746 2246 2878 2288 vero
2937 2229 3310 2300 philosophici
3367 2223 3612 2281 instituti

2028 2331 2163 2392 sint,
2196 2343 2318 2398 qua:
2352 2342 2478 2382 mox
2515 2326 2716 2380 deinde
2761 2323 2952 2394 gessit,
2977 2331 3034 2376 et
3065 2321 3309 2391 idipsum
3355 2318 3408 2373 in
3437 2317 3618 2372 medio

2027 2419 2231 2490 cuique
2264 2417 2676 2488 dispiciendum
2711 2415 2987 2485 relinquo.
3018 2412 3152 2468 Nam
3184 2412 3354 2482 (quod
3409 2406 3616 2476 alioqui

2028 2512 2148 2566 ﬁeri
2183 2510 2360 2582 solet)
2401 2510 2553 2565 nulla
2584 2509 2653 2564 ad
2690 2507 3077 2564 Constantium
3131 2505 3317 2560 adhuc
3349 2501 3620 2574 supersti-

2030 2615 2164 2670 tem,
2210 2621 2240 2659 a
2281 2620 2388 2675 quo
2427 2603 2696 2658 beneﬁcia
2755 2602 2924 2656 multa
2987 2617 3045 2656 se
3087 2599 3371 2668 accepisse
3429 2610 3620 2652 serva-

2028 2706 2254 2767 tumque
2275 2696 2414 2752 adeo
2449 2711 2571 2752 esse
2626 2695 2859 2759 sciebat,
2915 2695 3214 2764 legatione,
3275 2707 3399 2762 qua:
3457 2689 3615 2744 illum

2025 2789 2738 2853 excusaretetdel'enderct,
2760 2789 2949 2850 missa,
2967 2787 3152 2841 statim
3174 2801 3270 2840 eos
3293 2784 3615 2853 magistratu

2026 2880 2182 2935 abire
2221 2889 2636 2946 exauctoratos,
2673 2895 2813 2950 quos
2839 2879 2931 2934 ille
2975 2888 3260 2944 evexerat,
3304 2879 3516 2948 coegit,
3564 2886 3620 2932 et

2025 2972 2164 3028 alios
2183 2975 2236 3027 in
2268 2989 2459 3028 eorum
2491 2973 2673 3027 locum
2693 2973 2934 3036 suffecit,
2973 2973 3278 3040 omniaque
3307 2973 3373 3025 ad
3410 2972 3613 3026 volun-

2028 3071 2192 3117 tatem
2227 3072 2438 3118 tantum
2473 3080 2629 3118 suam
2680 3070 2812 3135 egit.
2867 3065 2935 3122 Et
2964 3065 3352 3120 Constantium
3408 3063 3614 3129 ridens,

2023 3156 2303 3228 plerisque
2338 3157 2392 3211 in
2425 3158 2567 3212 locis
2611 3158 2882 3229 epistolas
2905 3159 3026 3230 ejus
3081 3159 3355 3222 recitavit,
3415 3158 3620 3228 quibus

346 3245 483 3298 πινά
511 3263 570 3298 τε
596 3248 693 3299 καὶ
718 3247 780 3298 τὺ
802 3246 984 3299 δοκεῖν
1011 3243 1154 3299 εἶναι
1189 3244 1516 3315 Χριστιανὸς
1540 3245 1777 3314 διαφεὶς,
1810 3247 1924 3308 τοῖς

2030 3251 2120 3306 ille
2155 3251 2427 3306 Barbaros
2461 3261 2653 3307 contra
2693 3243 3068 3322 Magnentium
3100 3268 3360 3316 evocans,
3403 3252 3458 3306 in
3502 3252 3616 3306 Bo-

343 3338 456 3392 τῶν
502 3337 793 3406 δαιμονίων
854 3338 1049 3408 ἐφοίτα
1080 3341 1271 3409 σηκοῖς
1293 3354 1309 3370 ⁸
1367 3338 1464 3392 καὶ
1499 3336 1665 3402 θύων,
1692 3336 1922 3399 καὶτοῖς

344 3430 626 3499 ἀγάλμασι
665 3432 1137 3500 προσφερόμενος,
1183 3431 1448 3500 ἀρχιερέα
1471 3428 1665 3482 ἐαυτὸν
1689 3428 1882 3482 ἐκάλει
1907 3443 1920 3458 ⁸

344 3521 558 3584 καὶτὰς
596 3522 925 3594 Ἑλληνικάς
951 3524 1150 3590 ἑορτάς
1175 3522 1449 3588 ἐπιτελεῖν
1497 3522 1794 3592 ἐπέτρεπε,
1831 3523 1925 3576 καὶ

343 3615 472 3678 τοὺς
499 3615 603 3668 ὑπὸ
654 3618 813 3686 χεῖρα
861 3618 1076 3678 πάντας
1131 3614 1333 3684 ἐπίσης
1362 3611 1688 3684 θρησκεύειν
1715 3612 1926 3677 ἔπειθε,

344 3705 440 3757 καὶ
471 3705 604 3777 πρὸς
637 3704 903 3775 ἐμφύλιον
924 3703 1310 3776 ἀνερριπίζετο
1336 3703 1596 3773 πόλεμον.
1635 3703 1742 3756 Καί
1775 3720 1837 3772 γε
1861 3705 1926 3757 ἂν

347 3797 471 3851 ὅσον
499 3799 559 3851 τὺ
594 3800 682 3851 ἐπ’
733 3797 884 3868 αύτῷ
932 3797 1128 3866 αἵμασι
1186 3797 1441 3866 διεκρίθη
1474 3796 1536 3850 τὸ
1581 3796 1680 3868 τῆς
1713 3797 1926 3851 ἐκείνου

347 3891 662 3962 φιλοσοφίας
680 3890 996 3960 ἀπέριττον,
1015 3891 1065 3942 εί
1097 3889 1173 3960 μὴ
1192 3889 1326 3953 Θεὸς
1351 3891 1379 3943 ό
1413 3891 1595 3944 πάντα
1625 3890 1723 3942 σὺν
1747 3870 1926 3957 ἀγνώ-

349 4003 458 4058 στῳ
488 3986 626 4054 λόγῳ
657 3984 829 4038 ποιῶν
877 3983 1290 4054 συμφερόντως,
1351 3983 1583 4054 θάτερον
1619 3985 1696 4046 είς
1732 3984 1927 4038 ἐαυτὸν

353 4077 742 4148 μετεστήσατο,
780 4076 902 4145 δίχα
954 4075 1140 4144 μέντοι
1199 4073 1410 4144 ζημίας
1468 4074 1564 4132 τοῦ
1600 4075 1924 4130 ἀντιπάλου.

350 4167 455 4220 Τοῦ
482 4167 586 4237 γὰρ
611 4165 994 4220 Κωνσταντίου
1025 4166 1082 4217 ἐν
1115 4164 1286 4236 Συρίᾳ
1309 4166 1410 4236 τὴν
1439 4165 1715 4237 Περσικὴν
1747 4166 1926 4238 ὁρμὴν

353 4259 788 4322 ἀναστέλλοντος,
821 4257 1019 4328 ἐκείνῳ
1043 4257 1155 4311 δεϊν
1190 4257 1364 4310 ἐδόκει
1399 4259 1467 4312 τὰ
1501 4259 1632 4329 περὶ
1654 4259 1780 4321 τοὺς
1827 4260 1930 4312 ἰλ-

351 4352 562 4422 λυριοὺς
595 4353 726 4404 είσω
758 4350 949 4404 θέσθαι
980 4349 1203 4420 χειρῶν,
1236 4349 1331 4402 καὶ
1379 4349 1568 4420 μάχης
1613 4350 1747 4406 ἄνευ
1784 4367 1926 4421 κρα-

349 4449 482 4500 τεῖν.
511 4447 614 4498 Καὶ
644 4447 707 4516 δὴ
760 4444 1120 4515 σκηψάμενος
1177 4445 1315 4510 πρὸς
1352 4446 1734 4500 Κωνστάντιον
1767 4445 1930 4499 ἐλαύ-

351 4558 485 4605 νειν,
531 4542 622 4594 ἐπὶ
681 4539 1014 4610 παραιτήσει
1050 4537 1217 4607 δῆθεν
1250 4535 1346 4590 τοῦ
1401 4537 1477 4608 μὴ
1529 4537 1676 4592 ἐκὼν
1727 4540 1797 4594 τὰ
1825 4541 1926 4610 τῆς

363 4632 628 4701 βασιλείας
689 4631 940 4702 σύμϐολα
996 4629 1282 4694 δέξασθαι,
1331 4631 1420 4702 ᾔει
1453 4631 1548 4684 τοῦ
1604 4634 1794 4703 πρόσω
1838 4634 1928 4687 διὰ
1958 4614 2002 4669 θ

361 4724 571 4795 Θρᾴκης
595 4724 790 4795 χωρῶν
809 4739 823 4755 ⁸
859 4724 1098 4793 ὁπηνίκα
1123 4722 1180 4775 δὲ
1212 4721 1322 4776 τῶν
1351 4722 1478 4792 τῇδε
1527 4724 1673 4794 ὅρων
1714 4725 1888 4795 ἐπέϐη
1911 4739 1925 4753 ⁸

353 4819 492 4886 μετά
523 4816 733 4888 τρύγην
787 4815 833 4868 δ’
887 4814 981 4867 οὖν
1031 4814 1126 4867 καὶ
1154 4815 1188 4884 ὴ
1237 4813 1443 4876 Πλειὰς
1470 4813 1707 4869 δύνουσα
1735 4811 1804 4888 ἦν
1825 4833 1837 4846 ·
1871 4815 1930 4868 al

352 4912 452 4979 μέν
479 4909 710 4976 ἄμπελοι
766 4908 1028 4979 ὅμφακας
1061 4907 1370 4976 ἐπεγέννων
1394 4922 1407 4937 ⁸
1446 4909 1538 4960 καί
1588 4925 1712 4960 τινα
1737 4909 1929 4977 δρόσον

347 5003 408 5070 ἐξ
434 5004 594 5074 ἀέρος
627 5003 1030 5073 καταχυθεῖσαν
1060 5001 1221 5069 λόγος
1247 4999 1399 5070 αύτῷ
1431 5017 1490 5053 τε
1520 5001 1618 5053 καὶ
1646 5003 1758 5064 τοῖς
1795 5001 1924 5055 ἐποο

351 5097 557 5166 μένοις,
592 5095 829 5166 σταυροῦ
879 5095 1066 5164 σχῆμα
1127 5094 1374 5163 ἑκάστην
1407 5094 1647 5162 σταγόνα
1676 5096 1788 5158 τοῖς
1834 5093 1932 5148 πέ-

348 5190 508 5250 πλοις
569 5187 753 5242 αὐτῶν
795 5187 1086 5241 ἐντυποῦν.
1127 5187 1314 5241 ’Ἄλλοι
1375 5189 1475 5257 μὲν
1505 5184 1599 5242 οὖν
1650 5189 1787 5244 ἄλλα
1815 5193 1928 5251 τοῖς

342 5279 613 5342 τοιούτοις
665 5279 854 5348 ελεγον
882 5278 995 5332 τῶν
1054 5278 1349 5348 συμϐόλων
1373 5295 1389 5311 ⁸
1417 5279 1479 5333 τό
1507 5296 1572 5348 γε
1615 5280 1722 5349 μὴν
1749 5279 1929 5350 ἄωρον

342 5371 445 5425 καὶ
471 5371 842 5441 ὀλιγοχρόνιον
862 5369 958 5440 τῆς
983 5370 1159 5441 ἀρχῆς
1182 5369 1271 5424 διὰ
1299 5369 1408 5424 τῶν
1427 5371 1699 5440 όμφάκων
1724 5371 1931 5443 ύπεση-

344 5465 595 5537 μαίνετο.
640 5463 698 5517 '0
723 5464 780 5517 δέ
819 5464 1052 5534 σταυρὸς
1102 5463 1178 5527 ὡς
1219 5463 1332 5517 τῶν
1367 5465 1718 5535 Χριστιανῶν
1751 5466 1928 5538 δόγμα

417 5601 494 5668 (1)
529 5599 783 5656 Julianus
813 5599 1002 5653 hostes
1049 5614 1116 5654 ex
1169 5597 1344 5654 Gallia
1382 5599 1526 5654 ultra
1559 5599 1812 5656 Rhenum
1845 5605 1930 5657 fu.

338 5672 510 5744 gavit.
568 5669 985 5744 Ad_u_ndecim_
1029 5670 1199 5744 millia
1249 5670 1408 5744 Rom.
1472 5671 1566 5744 qui
1613 5671 1740 5744 jure
1795 5673 1927 5728 belli

342 5740 491 5812 capti
541 5740 884 5813 serviebant,
937 5740 1006 5794 ab
1060 5741 1324 5813 Al_manis_
1363 5742 1592 5810 recepit,
1619 5740 1927 5813 Agrippina

341 5809 634 5883 occupata.
701 5810 853 5883 Iden_1_
927 5825 1050 5883 cum
1110 5809 1358 5883 Almauis
1428 5809 1637 5866 eisdem
1676 5809 1922 5868 'bel'lum

339 5879 532 5952 gessit,
565 5894 620 5940 ct
665 5897 762 5950 per
815 5879 1220 5938 Hariobaudem
1259 5880 1544 5939 tribunum
1579 5892 1758 5942 castra
1789 5886 1926 5943 Iler-

2033 3361 2321 3400 manorum
2351 3344 2623 3400 ditionem
2658 3345 2913 3402 adduxit.
2953 3345 3366 3401 Multitudinem
3391 3360 3615 3416 quoque

2029 3444 2146 3489 arte
2182 3435 2646 3500 circumventam,
2678 3445 2734 3490 et
2761 3436 2830 3491 ab
2857 3436 2950 3491 illo
2977 3436 3298 3500 alienatum,
3335 3435 3390 3488 in
3427 3442 3618 3504 partes

2028 3542 2156 3582 suas
2175 3528 2460 3597 pertraxit.
2487 3528 2564 3584 Ac
2580 3529 2882 3598 derepente
2906 3527 3244 3583 simulationi
3267 3543 3488 3597 quoque
3515 3527 3618 3590 illi,

2029 3633 2135 3686 qua
2185 3617 2562 3673 Christianum
2593 3635 2650 3675 se
2681 3635 2804 3675 esse
2861 3619 3039 3684 tinxit,
3093 3619 3290 3673 nttutio
3348 3617 3609 3684 remisso,

2029 3708 2339 3773 daamonum
2367 3711 2565 3779 templa
2617 3709 2988 3780 frequentavit
3019 3729 3033 3765 :
3071 3721 3128 3764 et
3171 3709 3516 3774 sacriﬁcans,
3544 3709 3618 3764 si—

2028 3802 2400 3874 mulacrisque
2421 3817 2543 3858 sese
2569 3802 2800 3868 dedens,
2819 3803 3144 3859 Pontificem
3173 3803 3416 3871 seipsqu
3447 3816 3614 3856 voca-

2029 3894 2126 3959 vit,
2161 3895 2329 3951 l‘estos
2368 3895 2687 3952 Graecorum
2738 3897 2858 3954 dies
2908 3912 3173 3968 peragere
3225 3896 3500 3964 permisit,
3559 3902 3617 3947 et

2028 3989 2124 4059 qui
2158 3988 2261 4042 sub
2292 3997 2564 4059 potestate
2590 3989 2710 4059 ejus
2733 3999 2887 4045 erant
2921 3990 3073 4045 cives
3112 3989 3180 4042 ad
3211 3987 3472 4042 eumdem
3498 3985 3620 4040 cul-

2032 4087 2148 4132 tum
2182 4076 2537 4132 suasionibus
2568 4079 2882 4148 perducere
2941 4079 3202 4134 intendit.
3242 4079 3310 4132 Et
3371 4076 3620 4147 profecto

2030 4170 2194 4224 civile
2223 4170 2314 4225 ille
2341 4173 2682 4227 concitasset
2713 4171 2944 4234 bellum,
2990 4183 3046 4225 et
3075 4180 3342 4240 quantum
3389 4162 3460 4223 lin
3495 4168 3616 4236 ipso

2031 4263 2198 4318 situm
2224 4275 2364 4328 erat,
2398 4264 2668 4336 sanguine
2698 4267 2845 4332 l‘uso,
2891 4264 2960 4318 de
2989 4264 3319 4319 exuberanti
3379 4263 3622 4333 philoso-

2032 4355 2161 4426 phia
2187 4356 2308 4426 ejus
2332 4356 2610 4427 judicium
2647 4356 2851 4412 factum
2898 4357 3115 4420 fuisset,
3149 4357 3254 4410 nisi
3321 4355 3492 4422 Deus,
3522 4357 3617 4425 qui

2031 4445 2241 4515 omnia,
2280 4453 2462 4521 ignota
2483 4459 2538 4506 et
2565 4451 2780 4506 occulta
2815 4451 3051 4514 ratione,
3087 4451 3140 4503 in
3177 4449 3379 4504 melius
3404 4449 3617 4518 dirigit,

2031 4544 2268 4598 alterum
2297 4542 2366 4597 ad
2391 4559 2449 4597 se
2484 4558 2612 4598 cum
2652 4543 2803 4596 nullo
2864 4540 3171 4595 adversarii
3218 4541 3396 4610 ipsius
3443 4539 3616 4594 detri-

2033 4646 2219 4690 mento
2251 4633 2639 4690 transtulisset.
2692 4634 2832 4690 Cum
2876 4634 3022 4689 enim
3045 4631 3482 4687 Constantiusin
3514 4630 3620 4702 Sy-

2033 4727 2114 4782 ria
2145 4726 2500 4782 excursiones
2553 4736 2719 4796 atque
2766 4725 3148 4794 expeditiones
3179 4723 3427 4778 Persicas
3470 4738 3620 4775 com-

2032 4827 2301 4889 pesceret,
2351 4819 2431 4873 illi
2481 4817 2698 4874 interea
2762 4818 2942 4873 visum
2999 4826 3105 4880 est,
3146 4815 3442 4887 Illyricum,
3499 4813 3618 4866 sine

2032 4911 2222 4980 praelio
2255 4911 2486 4981 imperio
2539 4925 2638 4964 suo
2673 4909 2971 4980 subjicere.
3011 4909 3110 4978 ιι
3154 4910 3331 4976 Atque
3378 4906 3618 4960 assimu-

2033 5003 2155 5057 lans
2181 5018 2238 5058 se
2261 5003 2326 5057 ad
2343 5001 2731 5057 Constantium
2759 4999 3009 5064 tendere,
3037 4999 3205 5055 veluti
3227 4999 3467 5068 culpam,
3494 5012 3614 5066 per-

2034 5095 2163 5151 inde
2217 5107 2382 5166 atque
2435 5097 2650 5151 invitus
2705 5095 2925 5164 imperii
2985 5093 3221 5160 insignia
3289 5091 3615 5162 recepisset,

2032 5189 2452 5260 deprecaturus,
2494 5190 2729 5244 ulterius
2773 5187 2902 5242 inde
2939 5186 3224 5242 Thraciam
3264 5200 3458 5239 versus
3493 5199 3614 5252 pro-

2033 5283 2197 5338 cessit
2221 5300 2235 5337 :
2257 5289 2312 5337 et
2341 5281 2430 5336 ubi
2460 5282 2512 5335 in
2539 5281 2659 5352 ejus
2687 5279 2928 5347 regionis
2947 5287 3163 5333 montes
3195 5277 3464 5347 pervenit,
3491 5290 3616 5329 cum

2034 5383 2157 5445 post
2203 5372 2539 5428 vindemiam
2607 5371 2862 5440 Vergiliae
2931 5369 3006 5440 (2)
3065 5367 3403 5427 occiderent,
3476 5365 3616 5418 vites

2033 5464 2265 5536 gemmis
2287 5476 2343 5520 et
2375 5463 2499 5519 uvis
2539 5463 2861 5518 recentibus
2897 5461 3304 5534 germinaruut,
3345 5465 3402 5513 et
3429 5473 3519 5511 ros
3549 5471 3617 5511 ex

2032 5603 2172 5674 culis
2193 5644 2206 5668 ,
2272 5599 2743 5674 Quadriburgium
2772 5641 2787 5665 ,
2815 5597 3216 5674 __Stri_censiur_n
3239 5599 3278 5674 _.‘
3314 5594 3622 5674 Nivesium.

2032 5667 2260 5738 Bonam,
2302 5667 2668 5731 Antenacuin.
2718 5679 2774 5724 et
2815 5669 3089 5737 Bingium,
3144 5667 3399 5738 civitates
3432 5667 3616 5738 cepit.

2034 5735 2317 5798 Sarmatas
2358 5742 2489 5795 item
2529 5751 2585 5795 ct
2614 5740 2834 5806 Quados
2857 5735 3009 5794 vicit.
3039 5738 3222 5802 0ros.,
3267 5735 3541 5790 Ammian.

2101 5814 2180 5884 (2)
2214 5811 2484 5868 Pleiades.
2516 5809 2737 5866 Sozom.
2777 5810 2875 5866 lib.
2907 5825 2960 5876 v,
2989 5823 3108 5880 cap.
3140 5808 3188 5862 l.
