4054 6438
526 378 631 440 443

1768 377 2192 441 NICEPHORI
2239 376 2589 436 CALLISTI

3689 382 3785 449 441

533 513 665 555 aere
701 498 756 553 in
787 499 966 568 ipsum
1002 496 1346 566 comitesque
1377 496 1498 566 ejus
1528 494 1603 550 ita
1651 493 1884 549 diﬂ‘usus
1910 502 2017 557 est,
2051 499 2112 545 ut

2241 490 2471 559 νύράνιόν
2504 492 2642 555 ἐστι,
2674 490 2771 546 καὶ
2802 490 3005 562 χρῆναι
3040 490 3247 555 πάντας
3289 497 3771 564 κατασημανθῆναι

534 598 691 659 gutta
719 589 981 659 quaelibet
1011 588 1064 642 in
1096 588 1242 657 sagis
1273 587 1491 641 illorum
1523 585 1708 641 crucis
1736 585 1972 640 formam
2025 599 2113 640 re-

538 691 919 750 prcsentaret.
948 682 1015 737 Et
1041 681 1134 735 alii
1167 680 1391 750 quidem
1442 679 1605 734 aliter
1638 679 1885 749 prodigia
1948 690 2112 750 atque

533 773 736 827 indicia
771 773 889 827 haec
909 781 1269 842 acceperunt.
1305 772 1505 827 Verum
1533 786 1631 841 per
1686 786 1822 826 uvas
1856 771 2107 825 immatu-

535 880 624 919 ras
684 864 1135 935 intempestivum
1193 866 1314 935 ejus
1383 865 1724 935 minimeque
1778 865 2104 919 diuturnum

538 954 829 1022 imperium
872 964 959 1008 est
991 955 1362 1026 designatum.
1399 955 1550 1011 Crux
1603 966 1788 1011 autem
1847 955 2113 1011 Christia-

536 1061 737 1101 norum
800 1046 1108 1102 doctrinam
1173 1048 1454 1105 cmlestcm
1505 1063 1649 1114 esse,
1695 1064 1998 1120 omttesque
2050 1063 2115 1103 ea

537 1141 851 1210 consignari
879 1151 1135 1211 Oportere
1185 1141 1485 1211 portendit.
1523 1142 1832 1213 Utrumque
1861 1158 1993 1199 sane
2024 1158 2118 1213 po-

536 1230 871 1286 sterioribus
922 1233 1270 1301 temporibus
1336 1248 1529 1289 verum
1558 1249 1680 1289 esse
1726 1234 2114 1290 conﬁrmatum

537 1332 641 1377 est.
668 1322 923 1379 Julianus
950 1325 1043 1379 ubi
1066 1330 1118 1380 in
1136 1324 1383 1380 Thraciae
1407 1326 1675 1381 limitibus
1705 1326 1829 1391 fuit,
1849 1325 2119 1383 Constan-

540 1415 653 1465 tius
681 1414 993 1468 exstinctus
1031 1430 1153 1469 esse
1187 1416 1253 1469 ad
1283 1415 1453 1484 Mopsi
1485 1416 1666 1470 fontes
1692 1416 1873 1472 dictus
1898 1428 1983 1472 est
2008 1435 2021 1470 :
2057 1426 2119 1473 et

542 1504 660 1572 ipse
720 1504 1255 1576 ConstantinOpolim
1330 1508 1632 1577 ingressus,
1674 1508 1975 1579 imperator
2030 1518 2118 1565 est
2162 1547 2171 1555 -

542 1596 831 1650 salutatus.
873 1597 947 1650 lbi
987 1597 1290 1675 Constantii
1332 1597 1499 1653 funus
1541 1601 1824 1671 magniﬁce
1867 1602 2116 1656 curavit:

544 1697 708 1755 atque
743 1686 796 1739 id
826 1686 1050 1757 dempto
1082 1704 1110 1742 a
1148 1691 1326 1757 capite
1386 1706 1487 1744 suo
1555 1690 1862 1747 diademate
1915 1693 2119 1755 produ-

2223 580 2375 651 αὖτῷ
2399 598 2417 614 '
2444 581 2482 636 ὃ.
2514 581 2579 652 δὴ
2605 582 2707 636 καὶ
2734 582 2811 652 τῷ
2846 584 3028 653 χρόνῳ
3057 582 3216 652 ἔσχον
3247 585 3309 638 τὺ
3336 584 3578 654 βέϐαιον.
3616 587 3702 650 Ὦς
3729 587 3780 641 δὲ

2223 675 2356 745 περὶ
2409 673 2481 729 τὰ
2537 675 2647 729 τῶν
2676 675 2915 746 Θρᾳκῶν
2967 676 3188 743 εγενετο
3237 677 3389 747 ὅρια,
3426 679 3785 744 Κωνστάντιος

2230 769 2331 839 μὲν
2356 768 2660 838 ἠγγέλλετο
2692 750 2956 839 τελευτᾷν
2996 772 3129 837 περὶ
3159 769 3353 839 Μόψου
3387 774 3621 840 κρήνας·
3657 774 3787 826 ἐκεῖ-

2228 877 2318 923 νος
2349 859 2408 912 δὲ
2439 860 2542 930 τὴν
2579 861 2998 914 Κωνσταντίνου
3052 860 3405 923 καταλαϐὼν,
3441 861 3787 933 αὐτοκράτωρ

2227 953 2563 1024 ἀνηγόρευτο
2605 952 2859 1023 βασιλεὺς
2887 969 2902 985 '
2936 960 3034 1007 καὶ
3062 953 3156 1006 τὸν
3196 954 3393 1022 νεκρὸν
3426 955 3788 1009 Κωνσταντίου

2232 1045 2683 1115 μεγαλοπρεπῶς
2709 1046 2937 1115 ἐκήδευε
2956 1060 2973 1076 ·
2999 1045 3097 1099 καὶ
3116 1045 3550 1115 προεπόμπευεν
3572 1046 3791 1110 ἐκείνου,

2227 1137 2326 1207 τῆς
2354 1138 2601 1207 κεφαλῆς
2623 1138 2967 1208 ἀφελόμενος
2996 1139 3060 1192 τὸ
3092 1138 3359 1209 διάδημα,
3391 1136 3571 1206 τιμῶν
3597 1138 3686 1190 τὸν
3717 1156 3795 1191 νι-

2228 1232 2384 1302 κρδν,
2417 1223 2481 1285 οὗ
2507 1233 2607 1301 τὴν
2646 1231 2793 1303 ζωὴν
2823 1232 3226 1302 ἐπεστράτευον
3278 1230 3528 1297 ἀφελεῖν.
3585 1231 3695 1297 Ἐφ’
3720 1227 3794 1292 οἶς

2232 1324 2499 1394 ’Έλληνες
2562 1323 2980 1390 λογοποιοῦντες
3027 1319 3194 1392 ἦσαν,
3241 1325 3316 1384 ὡς
3376 1323 3499 1394 ᾔδει
3551 1322 3651 1389 τὴν
3698 1321 3795 1376 τῶν

2233 1417 2586 1486 πραγμάτων
2637 1416 2946 1487 μεταϐολὴν
2999 1419 3235 1486 μαντικῇ
3267 1433 3378 1468 τινι
3429 1415 3596 1485 τέχνῃ
3623 1416 3650 1467 ό
3675 1416 3797 1473 ’1ου-

2226 1508 2431 1571 λιανδς,
2455 1510 2555 1561 καὶ
2574 1508 2664 1563 διὰ
2686 1509 2845 1562 τοῦτο
2862 1509 2961 1579 τὴν
2978 1509 3072 1561 ἐπὶ
3098 1508 3324 1578 Θρᾴκης
3348 1508 3617 1576 ὁρμῆσαι.
3637 1504 3796 1565 Τοῦτο

2229 1600 2274 1653 δ’
2304 1596 2369 1671 ἦν
2394 1601 2461 1655 ἂν
2486 1603 2543 1655 ἐν
2564 1602 2642 1671 τῷ
2670 1601 2924 1670 ἀσφαλεῖ,
2959 1603 3008 1655 εί
3034 1603 3127 1676 καὶ
3157 1598 3337 1668 ἑαυτῷ
3362 1599 3481 1669 ᾔδει
3508 1599 3632 1652 ὅσον
3658 1594 3797 1650 οὔπω

2227 1694 2474 1763 ἥκουσαν
2505 1693 2605 1763 τὴν
2633 1692 2915 1764 τελευτὴν,
2941 1694 3015 1754 ὡς
3040 1694 3096 1744 ὲν
3123 1691 3318 1761 ὀνείρῳ
3348 1691 3453 1759 τῆς
3482 1689 3654 1758 ἀρχῆς
3683 1704 3797 1754 γευ-

544 1794 676 1833 ccns
704 1790 926 1834 secutus
959 1791 1061 1841 est.
1120 1792 1398 1835 mortuum
1445 1798 1569 1838 eum
1608 1784 1815 1840 honore
1853 1783 2116 1850 alliciens,

2241 1787 2466 1856 ταμένῳ.
2503 1787 2612 1838 Καὶ
2644 1788 2752 1854 γὰρ
2784 1784 3039 1854 εὐηθείας
3074 1784 3135 1837 οὐ
3166 1785 3361 1853 πόρρω
3384 1783 3467 1847 τὺ,
3504 1782 3797 1849 πρόγνωσιν

546 1872 707 1942 cujus
752 1873 921 1926 vitam
981 1872 1195 1929 infestis
1237 1874 1408 1944 signis
1456 1877 1708 1945 petierat.
1769 1876 1943 1932 Graeci
1990 1894 2123 1935 sane

2241 1878 2497 1947 ισχηκότα
2524 1876 2623 1948 τὴν
2658 1876 2921 1946 τελευτὴν
2948 1875 3363 1939 Κωνσταντεου,
3393 1872 3492 1926 καὶ
3522 1872 3619 1942 τὴν
3643 1868 3795 1923 αὐτοῦ

544 1964 895 2018 sermonibus
948 1974 1061 2019 tum
1115 1966 1416 2036 jactarunt,
1451 1965 1735 2022 lulianum
1789 1969 2124 2024 vaticinandi

2241 1987 2278 2020 ιν
2318 1968 2545 2038 Περσῶν
2573 1967 2747 2039 ὁρίοις
2779 1967 3017 2038 σφαγὴν,
3051 1967 3249 2020 ἑκόντα
3277 1966 3415 2036 πρὸς
3460 1964 3551 2016 τὸν
3584 1963 3797 2015 θάνατον

550 2055 785 2124 quadam
844 2068 963 2111 arte
994 2073 1111 2112 eam
1150 2073 1335 2112 rerum
1388 2060 1749 2112 mutationem
1782 2060 2124 2129 prtevidisse,

2241 2061 2508 2115 ἱλλεσθαι.
2562 2060 2723 2131 Αὐτῷ
2761 2063 2864 2131 μὲν
2888 2062 2998 2131 γὰρ
3046 2059 3308 2112 ἀδουλίαν
3351 2058 3469 2109 ἔστι
3499 2059 3593 2109 καὶ
3622 2051 3797 2122 ἀμαθῆ

545 2156 603 2201 et
629 2147 699 2201 ob
732 2146 784 2201 id
815 2147 868 2201 in
900 2148 1191 2203 Thraciam
1230 2165 1575 2219 properasse.
1598 2150 1753 2217 Quod
1793 2151 1975 2206 hercle
2006 2167 2128 2207 cer-

2241 2155 2572 2223 ςτρατηγίας
2597 2153 2756 2219 δόξαν
2793 2152 3097 2221 προσάψαι,
3124 2154 3190 2222 τῇ
3221 2150 3282 2229 es
3320 2148 3622 2219 Ῥωμαίων
3663 2145 3795 2212 ὑπη-

553 2252 669 2294 tum
713 2240 904 2294 haberi
949 2251 1151 2311 posset,
1202 2243 1247 2296 si
1290 2255 1448 2295 suum
1483 2242 1601 2311 ipse
1652 2257 1871 2313 quoque
1912 2244 2120 2298 obitum

2241 2249 2340 2315 ιιόῳ
2369 2246 2451 2309 είς
2494 2246 2651 2298 τόσον
2682 2246 3016 2315 περιστῆσαι
3057 2245 3147 2297 τὸν
3188 2243 3465 2308 κίνδυνον,
3507 2243 3580 2302 ὡς
3629 2240 3796 2290 πᾶσαν

544 2331 771 2401 jamjam
808 2332 857 2386 ei
886 2333 1282 2399 imminentem,
1315 2335 1406 2405 qui
1435 2336 1587 2404 quasi
1620 2336 1673 2390 in
1709 2336 1916 2392 somnis
1949 2339 2123 2407 impe-

2241 2339 2421 2406 σχεδὸν
2452 2338 2565 2408 ἢτδ
2596 2339 2850 2390 πλεῖστον
2893 2339 3061 2409 μέρος
3086 2338 3192 2389 ὑπδ
3240 2337 3462 2417 Πέρσας
3499 2332 3695 2405 πρᾶξαι
3716 2345 3794 2399 γε·

551 2421 696 2474 riutn
731 2430 941 2476 tantum
975 2424 1306 2491 degUstavit,
1338 2426 1586 2480 vidisset.
1621 2425 1782 2481 Esset
1824 2442 2061 2496 namque
2092 2442 2122 2482 a

2241 2431 2444 2484 νέσθαι.
2482 2430 2654 2483 Τοῦτο
2683 2431 2780 2500 μὲν
2810 2422 2912 2483 ὧδε
2946 2430 3171 2483 κείσθω.

551 2513 784 2568 stultitia
816 2531 922 2570 non
949 2518 1211 2583 alienum,
1241 2519 1286 2573 si
1310 2519 1424 2587 ipse
1447 2526 1501 2572 et
1563 2518 1873 2574 Constantii
1946 2530 2200 2587 mortem,
2238 2533 2296 2577 et
2331 2538 2485 2577 suam
2523 2525 2579 2577 in
2613 2523 2904 2578 Persarum
2969 2523 3169 2578 ﬁnibus
3217 2522 3423 2577 caedem
3470 2521 3792 2589 prospectum

552 2613 784 2676 habens,
818 2629 914 2668 sua
950 2623 1145 2684 sponte
1186 2612 1252 2668 ad
1289 2615 1576 2668 interitum
1652 2616 2018 2685 prosiluisset.
2087 2617 2202 2673 Hoc
2240 2620 2462 2689 quidem
2527 2636 2636 2677 non
2703 2620 3000 2695 aliud‘est,
3063 2634 3224 2688 quant
3283 2618 3390 2686 ipsi
3445 2612 3787 2669 inconsultam

554 2708 920 2763 temeritatem
946 2717 1001 2763 et
1047 2709 1413 2778 imperatoriae
1442 2710 1577 2762 artis
1640 2709 1968 2776 imperitiam
2037 2713 2327 2782 aiiiugere:
2396 2714 2687 2785 imperium
2737 2728 2918 2769 autem
2950 2714 3322 2768 Romanorum
3358 2713 3411 2766 in
3446 2719 3649 2764 tantum
3679 2723 3794 2762 coa-

549 2806 722 2873 jicere
756 2803 1081 2873 perit-nium,
1129 2814 1197 2858 ut
1235 2802 1284 2857 id
1331 2803 1446 2858 fere
1498 2812 1699 2869 totum,
1746 2813 1843 2857 aut
1895 2806 2129 2860 maxima
2169 2818 2318 2863 certe
2352 2825 2420 2864 ex
2478 2820 2652 2880 parte,
2696 2810 2879 2865 Persis
2916 2811 2988 2864 sit
3037 2809 3345 2864 subditum.
3410 2806 3535 2862 llaec
3586 2803 3783 2874 quidem

557 2898 846 2952 hactenus.

1098 2991 1200 3061 12
1237 2990 1465 3047 CAPUT
1517 2989 1603 3047 ιιι.

562 3081 630 3137 Ut
662 3083 967 3152 Christiano
1001 3084 1253 3159 abjuruto
1283 3126 1296 3144 ,
1326 3084 1577 3159 Julianus
1609 3088 1663 3159 in
1701 3085 1966 3159 idolorum
1997 3089 2135 3159 fanis

626 3167 927 3208 versaretur
960 3173 973 3208 :
1005 3167 1051 3206 et
1086 3165 1143 3207 ut
1173 3157 1313 3208 inter
1341 3157 1757 3225 sacriﬁcandum
1783 3158 1839 3210 in
1868 3157 2133 3213 horrenda

627 3233 835 3294 spectra
860 3224 1132 3279 inciderit.

629 3338 883 3395 Julianus
912 3355 1080 3410 porro
1134 3342 1367 3410 imperio
1397 3345 1625 3414 potitus,
1655 3353 1761 3401 tam
1790 3346 2137 3415 impudenter

561 3443 619 3486 et
651 3447 841 3502 aperte
880 3434 1088 3489 dicitur
1135 3436 1460 3505 religionem
1494 3437 1798 3507 abjurasse,
1853 3449 1914 3492 ut
1958 3441 2136 3508 ipsum

555 3526 729 3580 etiam
770 3530 1152 3596 pernegaverit
1175 3526 1477 3594 Christum,
1507 3540 1561 3584 et
1584 3531 1870 3584 sacriﬁciis
1910 3530 2140 3600 quibus-

560 3620 688 3674 dam
724 3619 1151 3690 darmonumque
1220 3623 1563 3678 detestandis
1611 3624 2053 3677 invocationibus
2083 3634 2141 3675 et

566 3713 917 3768 victimarum
971 3716 1237 3784 sanguine
1286 3731 1502 3771 sacrum
1551 3720 1787 3773 abluerit
1839 3720 2140 3784 lavacrum,

566 3813 733 3873 atque
758 3807 1000 3875 seipsum
1032 3822 1062 3861 a
1109 3810 1386 3878 mysteriis
1423 3809 1682 3865 Ecclesiae
1726 3821 2140 3866 exauctoratum

564 3897 896 3952 exi-luserit:
925 3906 981 3954 et
1012 3899 1276 3969 deinceps
1303 3917 1412 3955 non
1438 3906 1597 3955 modo
1616 3904 1890 3971 privatim,
1925 3905 2017 3959 sed
2047 3923 2145 3975 pu-

570 3989 715 4045 blice
742 3991 929 4058 etiam,
963 4007 1306 4064 quaecunque
1341 3992 1548 4049 Graecis
1574 3997 1966 4063 permittuntur
1990 4009 2144 4053 sacra

570 4090 630 4137 et
660 4083 949 4148 sacriﬁcia,
983 4085 1065 4139 eis
1118 4094 1383 4140 Ult‘l'cllll‘.
1420 4085 1712 4140 Enimvero
1762 4088 2060 4142 solemnem
2093 4089 2145 4143 ei

584 4177 818 4232 hostiam
853 4177 1134 4239 mactanti,
1169 4178 1223 4231 in
1254 4179 1394 4233 extis
1426 4179 1545 4250 ejus
1578 4180 1762 4233 crucis
1811 4180 2025 4250 signum
2055 4195 2147 4235 eo-

574 4284 708 4321 rona
758 4268 1164 4322 circumdatum
1209 4270 1528 4338 apparuisse
1565 4270 1788 4327 dicitur.
1860 4272 2017 4337 Quod
2065 4273 2148 4328 eis

574 4360 668 4430 qui
711 4359 787 4413 illi
824 4373 989 4430 opera
1025 4361 1251 4424 dabant,
1294 4374 1403 4414 non
1439 4376 1666 4431 parvum
1717 4363 1949 4418 incussit
1990 4365 2150 4419 timo-

576 4467 715 4514 rem,
744 4450 946 4507 Christi
979 4451 1278 4522 potentiam
1303 4452 1721 4524 doctrinamque
1748 4466 1991 4510 nostram
2024 4472 2151 4525 per-

2840 2994 3094 3047 ΚΕΦΛΛ.
3133 2993 3207 3049 Γ’.
3260 3046 3263 3051 .

2243 3087 2445 3159 Ὅπως
2476 3086 2546 3140 τὰ
2580 3085 3429 3159 Χριστιανῶνηέξομοᾳάμενος
3460 3079 3790 3159 ’Ῑρυ.ῖιαι·ρς,

2315 3154 2645 3223 είδωλείοιζ-
2702 3155 3033 3222 ἐσχόλαζε·
3086 3154 3187 3208 καὶ
3235 3156 3461 3221 θυσίας
3499 3154 3789 3212 ἐπιτελῶν,

2313 3228 2591 3297 φάσμασι
2620 3227 3031 3295 περιέπιπτεν.
3550 3278 3555 3285 ,

2309 3342 2546 3408 Λέγεται
2583 3339 2630 3393 δ’
2661 3339 2737 3403 ὡς
2790 3340 3185 3410 ἁρπασάμενον
3224 3339 3326 3407 τὴν
3390 3336 3585 3408 ἀρχὴν,
3618 3330 3790 3400 ἀνέδην

2241 3432 2383 3487 οὕτω
2406 3433 2497 3485 καὶ
2520 3432 2832 3503 περιφανῶς
2869 3433 3032 3502 μήτοι
3054 3449 3118 3500 γε
3148 3432 3203 3484 τὸ
3233 3434 3401 3494 σέϐας
3431 3425 3787 3497 ἐξομόσασθαι,

2242 3532 2376 3584 ἀλλὰ
2402 3532 2497 3583 καὶ
2520 3531 2682 3584 αὐτὸν
2704 3529 3134 3601 ἀπαρνήσασθαι
3162 3532 3256 3584 τὸν
3284 3530 3524 3603 Χριστόν
3544 3546 3555 3559 ·
3584 3527 3671 3582 καί
3692 3539 3784 3575 τισι

2243 3623 2457 3686 θυσίαις
2524 3623 2620 3676 καὶ
2681 3623 3007 3692 ἐπικλήσεσι
3064 3624 3338 3692 δαιμόνων
3396 3618 3781 3691 ἀποτροπαίοις,

2244 3716 2460 3784 ίερείων
2516 3733 2575 3768 τε
2620 3716 2840 3785 αἵμασι,
2898 3717 2957 3769 τδ
2984 3716 3128 3769 θεῖον
3159 3718 3388 3786 λουτρὸν
3417 3709 3781 3782 ἀπονίψασθαι,

2245 3808 2482 3869 καὶτοῖς
2518 3808 2840 3878 μυστηρίοις
2892 3808 2989 3876 τῆς
3020 3808 3353 3879 Ἐκκλησίας
3406 3799 3779 3868 ἀποτάξασθαιο

2245 3900 2341 3950 καὶ
2392 3898 2453 3951 τὸ
2507 3898 2758 3951 ἐντεῦθεν
2816 3900 2879 3951 οὐ
2949 3900 3074 3953 καθ’
3100 3899 3292 3953 ἑαυτὸν
3343 3901 3528 3970 μόνον,
3559 3895 3683 3948 ἀλλὰ
3709 3888 3785 3941 καὶ

2246 3989 2559 4058 παρρησίᾳ,
2594 3990 2695 4042 ὅσα
2761 3988 3021 4058 Ἕλλησιν
3072 3991 3150 4052 είς
3187 3988 3385 4044 Θυσίαν
3421 3991 3642 4045 ἀνεῖται,
3674 3976 3789 4048 χρῆ·

2248 4079 2392 4131 σθαι.
2427 4079 2599 4145 Λόγος
2653 4077 2785 4146 γοῦν
2838 4078 2989 4147 αὐτῷ
3046 4096 3175 4132 ποτε
3207 4078 3305 4148 τὴν
3366 4074 3573 4147 συνήθη
3619 4068 3788 4123 θυσίαν

2247 4171 2641 4239 προσφέροντε,
2672 4169 2733 4223 τὸ
2757 4170 2851 4222 τοῦ
2878 4171 3115 4242 σταυροῦ
3137 4172 3325 4241 σχῆμα
3349 4173 3460 4232 τοῖς
3492 4165 3788 4229 σπλάγχνοις

2247 4262 2342 4313 τοῦ
2375 4263 2575 4330 ἱερείου
2630 4262 2891 4331 φανῆναι,
2928 4261 3198 4330 στεφάνου
3236 4263 3403 4316 αὑτὸν
3436 4255 3784 4325 περιθέοντο;’

2249 4354 2277 4407 ὃ
2304 4358 2415 4419 τοῖς
2448 4358 2574 4423 περὶ
2605 4356 2811 4408 ἐκεῖνον
2856 4355 3254 4425 ἠσχολημένοις
3296 4355 3414 4416 δέος
3447 4351 3560 4405 οὔτι
3596 4348 3788 4417 μέτριον

2253 4448 2439 4517 ἐνῆκε,
2470 4448 2570 4519 τὴν
2605 4446 2703 4500 τοῦ
2740 4446 2983 4517 Χριστοῦ
3034 4448 3212 4517 ἰσχὺν,
3239 4448 3420 4501 καὶτὸ
3447 4439 3677 4512 διηνεκὲς
3707 4428 3786 4484 τοῦ

580 4555 749 4614 petuo
807 4544 1154 4607 duraturam,
1216 4556 1523 4616 suspectam
1577 4547 1943 4603 habentibus:
2002 4550 2138 4617 quod

2258 4542 2527 4609 δόγματος
2587 4539 3001 4608 ὕπειδομένοις·
3051 4540 3145 4594 τὸν
3202 4540 3312 4609 γὰρ
3347 4536 3605 4603 στέφανον
3653 4529 3787 4617 νίιξτὶς

576 4653 780 4696 corona
805 4638 1052 4692 victoriae
1085 4637 1300 4708 signum
1338 4647 1502 4704 esset,
1532 4648 1588 4694 et
1617 4640 1904 4696 circularis
1950 4640 2148 4707 forma,

577 4728 729 4784 omni
760 4746 828 4784 ex
856 4738 1010 4800 parte
1062 4729 1278 4784 initium
1308 4732 1554 4802 capiens,
1613 4740 1779 4801 atque
1822 4732 1877 4787 in
1911 4733 2150 4802 seipsam

578 4820 863 4884 desinens,
902 4820 1064 4875 linem
1100 4822 1312 4877 nullum
1366 4824 1741 4894 portenderet.
1773 4826 1843 4878 At
1891 4825 2153 4879 sacerdos

582 4914 676 4984 qui
709 4928 867 4969 sacro
891 4914 1128 4983 praefuit,
1163 4930 1232 4970 ne
1289 4931 1354 4970 ea
1388 4931 1448 4971 re
1500 4918 1946 4987 perturbarerttr,
1997 4917 2150 4971 illum

582 5004 899 5058 admonuit:
936 5006 1210 5060 victimam
1249 5007 1395 5060 enim
1432 5021 1633 5061 novum
1661 5007 1919 5076 quiddam
1969 5016 2154 5061 osten-

584 5096 739 5160 dere,
796 5095 1169 5152 Christianum
1204 5097 1419 5152 scilicet
1470 5098 1663 5168 dogma
1698 5101 1806 5169 jam
1843 5098 2152 5167 comprimi,

583 5200 640 5245 et
670 5189 739 5244 ad
773 5189 1013 5260 seipsum
1069 5190 1290 5252 reverti,
1341 5189 1584 5256 circulo,
1640 5206 1710 5245 ne
1758 5190 1921 5245 sicuti
1978 5190 2151 5260 prius,

588 5281 790 5338 ﬁnibus
831 5282 999 5336 nullis
1052 5281 1392 5345 constitutis,
1424 5297 1756 5352 quocunque
1821 5283 1984 5337 vellet
2032 5283 2154 5338 loco

580 5372 743 5442 longe
770 5373 987 5443 lateque
1008 5385 1423 5443 propagaretur,
1455 5375 1510 5427 in
1532 5382 1822 5443 angustum
1844 5373 2150 5427 redactum.

582 5466 705 5522 Alio
739 5467 867 5521 item
902 5478 1169 5536 tempore,
1198 5482 1321 5521 cum
1353 5467 1570 5522 celebre
1601 5466 1873 5535 quoddam
1930 5467 2155 5535 adytum

582 5558 935 5614 divinationis
959 5560 1129 5629 gratia
1156 5559 1389 5622 subiret,
1417 5567 1476 5613 et
1507 5558 1690 5612 subito
1735 5573 1855 5613 sese
1879 5559 2154 5614 horrenda

582 5654 831 5720 quaedam
861 5664 1074 5721 spectra
1110 5652 1441 5721 ingererent.
1478 5650 1597 5721 ejus
1633 5655 1710 5703 rei
1746 5662 2156 5721 propterquam

580 5739 862 5810 ingressus
893 5742 1095 5809 luerat,
1121 5742 1324 5797 oblitus
1358 5748 1536 5809 (aetate
1556 5740 1701 5794 enim
1727 5742 2068 5809 provectiore
2092 5744 2155 5797 ad

585 5832 854 5890 idolorum
884 5853 1038 5894 sacra
1066 5850 1123 5891 se
1141 5835 1498 5903 contulerat),
1528 5836 1667 5905 quod
1698 5834 1749 5888 in
1782 5834 1944 5891 rebus
1977 5834 2159 5889 dubiis

2254 4626 2396 4682 εἶναι
2427 4631 2651 4696 σημεῖον
2674 4643 2689 4659 ο
2726 4628 2821 4680 καὶ
2850 4630 2879 4681 ό
2932 4627 3131 4690 κύκλος
3172 4631 3234 4679 τὸ
3266 4624 3526 4680 πάντοθεν
3554 4611 3785 4687 ἄρχεσθαι

2254 4725 2349 4779 καὶ
2378 4724 2568 4794 λήγειν
2596 4726 2675 4785 εἰς
2698 4721 2896 4774 ἑαυτὸν
2916 4722 2977 4773 τὸ
3009 4720 3280 4789 μηδαμῶς
3306 4719 3476 4787 πέρας
3504 4713 3639 4782 ἔχειν
3661 4702 3787 4774 ᾐνίτ-

2257 4835 2402 4873 σετο.
2474 4816 2533 4869 '0
2573 4816 2629 4869 δὲ
2684 4814 2946 4883 τελευτῆς
3005 4811 3249 4883 ἀρχηγὸς
3312 4811 3386 4881 μὴ
3454 4794 3784 4871 ταράττεσθαι

2257 4907 2557 4977 παρηγγύα
2585 4924 2597 4938 ·
2629 4906 2779 4972 ξένον
2802 4908 2912 4976 γάρ
2937 4923 2986 4957 τι
3006 4904 3200 4972 δηλοῦν
3230 4904 3292 4956 τδ
3312 4901 3535 4969 σφάγιον
3558 4910 3572 4924 ο
3599 4884 3785 4981 συστέλ-

2255 5000 2445 5053 λεσθαι
2468 5000 2577 5068 γὰρ
2604 4998 2702 5068 ήδη
2732 4999 2793 5050 τὸ
2826 4997 3003 5067 δόγμα
3034 4995 3129 5047 καὶ⁹
3158 4995 3294 5064 πρὸς
3313 4989 3472 5047 ἑαυτὸ
3496 4982 3782 5079 Impar/21!?

2257 5094 2444 5162 κύκλῳ
2500 5091 3041 5159 στενοχωρούμενονο
3107 5089 3204 5141 καὶ
3243 5089 3317 5156 μὴ
3380 5083 3560 5146 ὥσπερ
3619 5076 3784 5162 πρίν-ην

2259 5187 2658 5255 ἀπεριορίστως
2706 5181 3103 5243 πλατύνεσθαι,
3158 5181 3255 5233 καὶ
3286 5179 3368 5247 ἐφ’
3411 5173 3499 5235 οὓς
3526 5159 3783 5262 ἂναίρρῖτο

2261 5247 2495 5349 χωρέῖν-’
2526 5276 2717 5330 ἄλλοτε
2749 5273 2794 5327 δ’
2826 5270 2985 5334 αὖθις
3012 5273 3106 5324 ἐπί
3139 5289 3192 5324 τι
3225 5272 3333 5324 τῶν
3384 5264 3654 5329 ἐπισήμων
3680 5247 3783 5345 ἀδξῖ·

2256 5386 2367 5422 των
2413 5370 2676 5438 μαντείας
2707 5365 2864 5436 χάριν
2913 5364 3028 5428 ἰὼν,
3078 5363 3309 5427 ἐξάπινα
3340 5355 3624 5429 φασμάτων
3644 5349 3781 5438 τινων

2261 5461 2551 5531 φρικωδῶν
2616 5457 3063 5527 προσϐαλόντων,
3095 5456 3208 5508 τῶν
3268 5454 3352 5522 ἐφ’
3383 5449 3417 5505 ἃ
3462 5439 3641 5531 “iiii:
3671 5439 3779 5531 πρῗς

2260 5518 2431 5623 λιέιθην
2456 5550 2626 5605 ἐλθὼν
2652 5518 2786 5622 (ὀψὲ
2816 5551 2926 5620 γὰρ
2957 5518 3059 5617 τῆς
3088 5518 3413 5617 ἡλικίας-εἰς
3439 5533 3579 5593 ταῦθ’

2262 5649 2470 5711 εἰωθὼς
2495 5646 2571 5701 ὢν
2600 5648 2658 5699 ὲν
2680 5646 2908 5714 ἀπόροις
2939 5642 3017 5711 τῷ
3041 5641 3320 5711 σταυρικῷ
3345 5632 3546 5706 σημείῳ
3575 5609 3778 5719 putor“

2263 5743 2400 5810 πρὸς
2431 5742 2673 5808 ἀρωγὴν,
2713 5737 2788 5798 ὡς
2841 5737 2937 5787 καὶ
2988 5731 3144 5796 αὖθις
3175 5733 3437 5788 κινδύνοις
3465 5697 3772 5810 περιφφοῗὲ

2265 5835 2337 5904 τις)
2373 5830 2591 5902 συνήθει
2631 5830 2954 5899 ἀμυντηρῖῳ
3003 5828 3296 5898 ἐχρήσατο.
3349 5818 3434 5886 ΤΦ
3465 5811 3566 5880 1"“?
3590 5811 3685 5867 θίξι
3718 5800 3772 5852 "(‘0
