4054 6490
376 441 483 501 447

1624 447 2047 512 NICEPHORI
2089 448 2432 510 CALLISTI

3576 445 3680 509 H8

383 576 524 631 quas
561 567 745 614 autem
784 558 839 614 in
887 559 1096 616 Christi
1148 559 1414 632 religione
1460 562 1811 618 ardentiores
1845 576 1967 618 esse

2087 561 2188 615 ὥτ’
2217 561 2508 632 ἐπιδημεῖν
2558 559 2751 623 αὑταῖς
2802 558 3019 629 ἢθελεν.
3055 557 3166 611 Καὶ
3200 555 3521 627 πρεσϐείας
3553 558 3683 610 πολ-

387 655 580 716 sciret,
625 651 862 706 infestus
905 651 991 706 eis
1031 651 1172 720 fuit,
1225 669 1405 724 neque
1439 655 1505 710 ad
1555 671 1649 711 eas
1681 656 1966 710 divertere

387 744 582 798 voluit.
620 744 685 798 Et
717 758 957 812 persaepe
988 758 1116 798 cum
1152 745 1458 814 legationes
1490 748 1558 802 ad
1586 763 1714 802 eum
1745 759 1969 818 propter

390 850 578 887 casum
614 835 852 904 aliquem
889 835 986 904 qui
1023 834 1340 900 incidisset,
1375 839 1747 906 provinciales
1783 840 1970 895 mitte-

390 936 548 988 rent,
603 941 798 994 preces
845 942 1042 982 eorum
1090 928 1306 997 rejecit.
1361 929 1518 996 Quod
1572 946 1704 986 sane
1755 931 1968 987 civitati

389 1017 668 1072 Nisibena:
718 1019 946 1076 accidit.
1002 1020 1108 1092 14
1161 1021 1302 1077 Cum
1358 1025 1509 1078 enim
1563 1025 1968 1094 expeditionem

391 1108 660 1163 adversus
705 1125 804 1165 eos
850 1111 1032 1167 Persa:
1083 1125 1484 1184 susceperunt.
1535 1125 1592 1172 et
1642 1117 1747 1186 ipsi
1793 1133 1856 1172 ea
1902 1117 1971 1173 de

393 1213 559 1253 causa
593 1211 849 1257 oratores
879 1219 1016 1260 suos
1049 1205 1117 1260 ad
1148 1221 1276 1261 eum
1317 1208 1622 1275 miserunt,
1667 1225 1774 1264 non
1809 1210 1971 1265 modo

394 1290 660 1344 auxilium
701 1293 785 1348 eis
825 1293 970 1350 ferre
1013 1297 1214 1361 noluit,
1258 1300 1353 1354 sed
1387 1301 1557 1354 etiam
1592 1302 1832 1356 minatus
1863 1311 1968 1368 est,

395 1393 454 1432 se
483 1381 676 1435 urbem
707 1397 830 1438 eam
861 1387 1041 1440 oculis
1072 1389 1190 1442 suis
1230 1405 1338 1444 non
1371 1392 1618 1446 visurum
1642 1431 1659 1458 ,
1693 1408 1872 1462 neque
1903 1408 1971 1448 eo

396 1469 724 1536 venturum;
781 1483 840 1528 ut
903 1491 1024 1544 quae
1080 1493 1238 1533 sacra
1292 1489 1348 1535 et
1401 1481 1726 1536 detestanda
1779 1491 1970 1549 esset,

400 1575 582 1629 neque
625 1565 826 1634 templa
863 1565 1094 1623 deorum
1127 1572 1344 1638 aperire
1365 1612 1379 1637 ,
1411 1583 1508 1627 aut
1536 1573 1854 1630 Graecorum
1889 1592 1974 1631 re-

399 1650 665 1710 ligionem
721 1658 1009 1728 suscipere
1057 1662 1246 1717 vellet.
1300 1663 1367 1718 Et
1415 1664 1868 1723 Constantienses
1917 1668 1974 1723 in

399 1740 688 1798 Pal:estina
711 1748 904 1802 eodem
935 1753 1157 1806 nomine
1184 1770 1440 1825 arguens,
1469 1757 1749 1812 civitatem
1780 1775 1972 1814 eorum

400 1833 609 1889 Gazrcis
674 1839 966 1909 subjecit:
1023 1841 1402 1900 Constantiam
1470 1864 1746 1918 namque,
1811 1851 1972 1907 sicuti

402 1941 566 1994 supra
616 1929 888 1996 diximus,
933 1949 1059 1988 cum
1113 1934 1431 1993 Gazazorum
1466 1943 1662 1996 navale
1709 1951 1880 2004 esset,
1925 1954 1980 1999 et

403 2013 640 2083 Majuma
669 2027 981 2086 vocaretur,
1004 2023 1422 2092 Constantinus,
1445 2039 1671 2098 propter
1697 2033 1976 2103 egregium

403 2108 524 2176 ejus
579 2110 632 2164 in
687 2112 793 2168 fide
842 2114 1158 2171 Christiana
1213 2121 1505 2186 ardorem,
1557 2123 1680 2193 jure
1735 2125 1980 2182 civitatis

405 2201 802 2269 exdrnaverat,
851 2216 908 2260 et
943 2208 1056 2262 lilio
1089 2209 1418 2266 Constantio
1453 2213 1693 2269 dicatam
1715 2255 1731 2280 ,
1767 2217 1982 2286 legibus

405 2291 521 2344 suis
561 2293 638 2347 uti
672 2309 771 2363 per
818 2300 1270 2356 constitutionem
1310 2306 1594 2373 jusscrat:
1633 2307 1817 2362 minus
1848 2325 1984 2364 con-

406 2378 598 2433 venire
631 2382 954 2451 arbitratus,
981 2397 1040 2440 ut
1069 2404 1133 2441 ea
1163 2388 1344 2454 Gazae,
1375 2393 1588 2446 civitati
1622 2393 1827 2448 Graecis
1859 2394 1981 2447 riti-

404 2468 513 2523 bus
567 2472 865 2530 admodum
919 2479 1192 2543 addictae.
1244 2484 1489 2553 subjecta
1547 2494 1716 2539 esset.
1768 2488 1837 2539 At
1887 2486 1981 2540 ubi

405 2560 663 2620 Julianus
691 2568 982 2638 imperium
1014 2581 1102 2627 est
1129 2584 1484 2643 consecutus,
1513 2575 1690 2631 Gaztei
1717 2577 1983 2632 adversus

408 2653 862 2716 Constantienses
901 2663 1025 2730 jure
1057 2674 1308 2734 egerunt.
1345 2666 1592 2732 Quorum
1644 2667 1760 2736 ipse
1789 2669 1980 2739 judex,

411 2747 578 2801 sicuti
601 2759 762 2805 antea
788 2751 988 2818 fuerat,
1023 2755 1098 2808 ita
1120 2756 1502 2811 Constantiam
1525 2759 1635 2828 juri
1662 2757 1982 2813 Gazaaorum

411 2837 480 2892 ad
513 2839 702 2909 viginti
741 2843 917 2896 stadia
963 2845 1032 2898 ab
1082 2846 1216 2913 ipsis
1247 2845 1586 2914 distantem,
1619 2847 1983 2918 adjudicavit.

409 2932 717 2988 Constantii
772 2952 990 3006 quoque
1039 2939 1466 3006 appellationem
1523 2940 1573 2995 ei
1630 2942 1875 3005 ademit,
1929 2950 1986 2996 et

414 3035 632 3091 portum
672 3025 828 3082 Gaza:
861 3030 1094 3084 vocavit.
1135 3031 1198 3084 Et
1231 3048 1402 3085 unum
1438 3043 1668 3102 utraque
1698 3035 1818 3089 loca
1849 3050 1989 3104 prte-

339 3135 355 3180 ;
410 3115 640 3184 fectum,
684 3121 1018 3194 eosdemque
1045 3125 1401 3194 magistratus
1429 3126 1698 3182 habuere.
1730 3127 1987 3182 Ecclesia:

412 3209 540 3265 sola:
569 3211 706 3266 duas
737 3228 862 3268 esse
887 3215 1150 3271 civitates
1182 3219 1476 3274 ostendere
1503 3237 1518 3275 :
1569 3231 1804 3290 utraque
1836 3221 1984 3273 enim

413 3301 517 3356 sub
547 3319 647 3358 suo
677 3305 815 3360 vixit
848 3307 1109 3378 episcopo
1141 3317 1197 3363 et
1223 3310 1404 3374 clero,
1441 3318 1497 3366 et
1528 3311 1663 3366 ﬁnes
1695 3312 1980 3367 ambarum

413 3396 617 3462 templa
648 3397 915 3467 cujusque
943 3399 1323 3470 designarunt.
1351 3401 1627 3457 Caeterum
1658 3403 1983 3461 Gazaeorum

413 3487 638 3554 quidam
667 3490 962 3558 episcopus
989 3500 1206 3560 postea,
1232 3509 1356 3547 cum
1391 3509 1525 3548 suus
1554 3494 1698 3564 apud
1735 3495 1988 3564 Majumi-

419 3589 501 3631 tas
546 3579 776 3634 antistes
817 3581 1187 3648 decessisset,
1235 3585 1340 3639 hoc
1389 3586 1521 3656 egit,
1553 3594 1614 3639 ut
1651 3597 1897 3654 utrasque
1931 3587 1988 3642 in

417 3684 580 3721 unam
626 3671 912 3725 ecclesiam
956 3674 1386 3743 redigerentur:
1433 3691 1540 3729 non
1590 3690 1809 3746 :equum
1865 3692 1989 3732 esse

417 3762 630 3826 dicens,
687 3773 744 3817 ut
796 3763 908 3818 duo
947 3774 1135 3820 essent
1184 3767 1236 3820 in
1290 3784 1398 3822 una
1444 3764 1670 3823 civitate
1716 3769 1985 3840 episcopi.

416 3853 516 3908 Cui
551 3870 674 3908 cum
722 3857 1016 3928 Majumitaa
1066 3859 1426 3925 resisterent,
1478 3861 1723 3932 synodus
1767 3863 1990 3930 provin-

418 3947 573 4000 cialis
623 3957 768 4001 recte
813 3965 928 4003 rem
981 3949 1222 4015 decidit,
1270 3962 1327 4006 et
1377 3967 1536 4008 suum
1591 3954 1840 4024 Majuma:
1873 3955 1990 4024 epi-

419 4056 646 4110 seopum
700 4043 1018 4097 ordinavit:
1076 4046 1377 4100 convenire
1431 4047 1737 4112 arbitrata,
1791 4055 1849 4101 ut
1900 4047 1993 4116 qui

419 4133 589 4186 semel
620 4147 650 4186 a
683 4134 773 4202 pio
797 4133 1152 4202 imperatore,
1187 4146 1411 4206 propter
1442 4153 1620 4192 veram
1649 4138 1991 4208 religionem,

420 4222 688 4290 primario
716 4224 958 4278 civitatis
979 4225 1102 4294 jure
1146 4225 1402 4282 honorati
1433 4238 1654 4295 essent,
1700 4245 1810 4282 non
1843 4228 1992 4282 aliud

419 4330 516 4382 per
550 4313 703 4384 impii
734 4315 1004 4386 principis
1043 4317 1316 4388 judicium
1350 4330 1723 4389 sequerentur
1760 4329 1815 4374 et
1845 4319 1994 4375 face-

423 4415 564 4460 rent.
599 4407 837 4462 Proinde
885 4409 991 4463 illa:
1037 4410 1236 4463 merito
1281 4411 1524 4478 honore,
1572 4415 1666 4482 qui
1703 4413 1871 4467 semel
1911 4412 1994 4467 eis

2075 653 2237 716 λάκις
2285 652 2396 705 τῶν
2449 649 2766 722 ἐπιχωρίων
2817 651 3118 704 ποιούντων
3165 649 3372 702 δεινῶν
3432 665 3684 718 προσπι-

2075 746 2344 811 πτόντων,
2365 744 2456 797 τὸν
2487 743 2693 797 ἱκέσιον
2719 743 2980 814 ἀπηξίου.
3003 735 3104 796 Οἷα
3130 741 3193 812 δὴ
3215 740 3321 793 καὶ
3351 739 3686 808 Νισιϐηνοῖς

2076 837 2370 904 ἐπεγένετο
2392 853 2406 867 ο
2445 834 2808 905 ἠγγελμένων
2853 834 2963 905 γὰρ
2994 833 3435 903 ἐπιστρατεύειν
3467 835 3688 893 τούτοις

2077 933 2308 1003 Περσῶν
2371 931 2674 1002 πρεσϐείαν
2743 929 3011 993 στείλασι,
3075 928 3267 992 μέντοι
3327 944 3398 996 γε
3462 926 3688 998 βοηθεῖν

2073 1023 2294 1093 ἕτοιμος
2329 1020 2434 1093 ἦν,
2500 1022 2617 1076 ἀλλ’
2652 1021 2870 1092 ἠπείλει
2935 1019 3061 1090 μηδ’
3118 1018 3282 1088 ὄψεσι
3347 1018 3456 1088 τὴν
3523 1018 3688 1070 πόλιν

2078 1115 2230 1179 ἰδεῖν,
2263 1115 2390 1186 μηδ’
2422 1116 2480 1167 ἐν
2515 1115 2653 1184 αὐτῇ
2685 1112 2946 1182 φοιτῆσαι
2982 1129 3134 1173 ποτε,
3175 1106 3271 1165 οἷα
3300 1110 3371 1180 δὴ
3413 1109 3594 1179 ἐναγῆ
3626 1125 3689 1161 τε

2078 1205 2265 1272 οὖσαν,
2292 1207 2367 1267 ὡς
2404 1206 2478 1277 μὴ
2511 1205 2582 1259 τὰ
2612 1205 2721 1259 τῶν
2758 1204 2897 1258 θεῶν
2930 1203 3053 1272 ίερά
3095 1202 3392 1270 ἀνοίγουσι
3417 1241 3436 1266 ,
3473 1201 3575 1253 καὶ
3621 1200 3690 1252 τὰ

2076 1298 2444 1368 νενομισμένα
2501 1295 2766 1367 ’Έλλησιν
2826 1295 3178 1366 αἱρουμένοις
3270 1293 3490 1346 ποιεῖν.

2077 1387 2528 1444 Κωνσταντιεῦσι
2576 1388 2635 1441 δέ
2685 1389 2798 1450 τοῖς
2826 1387 2882 1439 ἐν
2914 1384 3260 1455 Παλαιστίνῃ
3295 1383 3372 1436 τὰ
3407 1383 3508 1436 ῖσα
3545 1399 3691 1450 μεμ-

2081 1482 2344 1549 φόμενος,
2376 1479 2481 1532 ὑπὸ
2527 1479 2710 1542 Γάζαν
2758 1475 2855 1546 τὴν
2907 1473 3088 1528 αὐτῶν
3125 1473 3448 1542 πεποίηται
3504 1471 3687 1525 πόλιν.

2085 1572 2198 1641 Τὴν
2227 1568 2336 1639 γὰρ
2386 1568 2688 1638 εἰρημένην
2719 1566 3132 1629 Κωνσταντίαν,
3185 1563 3263 1626 ὡς
3325 1563 3536 1633 μικρὸν
3593 1563 3691 1631 έμ-

2081 1664 2321 1733 προσθεν
2371 1661 2613 1731 εἴρηται,
2652 1658 2910 1722 Γαζαίων
2958 1651 3128 1711 οὖσαν
3161 1655 3446 1720 ἐπίνειον,
3478 1655 3694 1708 Μαιου-

2086 1758 2194 1827 μᾶς
2240 1754 2288 1808 δ’
2332 1755 2579 1807 ἐκαλεῖτο
2633 1752 2948 1822 πρότερον,
3007 1748 3198 1819 μαθὼν
3253 1749 3690 1810 Κωνσταντῖνος

2089 1849 2324 1919 μάλιστα
2353 1847 2446 1899 τὸν
2493 1842 2933 1915 Χριστιανισμδν
2981 1841 3352 1912 αἱρουμένην,
3396 1839 3546 1910 γέρα
3596 1839 3694 1892 πόα

2007 1913 2055 1972 Β
2081 1913 2220 2003 λεως
2267 1913 2595 2010 ἐχαρίζετο,
2640 1935 2765 1989 καθ’
2791 1935 2991 2004 ἑαυτήν
3023 1950 3081 1985 τε
3128 1928 3273 1985 εῖναι
3316 1929 3685 2000 ἐνομοθέτει,

2083 2032 2451 2102 Κωνσταντίῳ
2479 2031 2560 2101 τῷ
2597 2029 2756 2084 παιδὶ
2788 2028 3125 2098 ἀναθέμενος
3151 2045 3166 2060 ·
3207 2028 3288 2096 μὴ
3325 2028 3504 2080 καλὸν
3549 2028 3690 2095 ἡγη-

2083 2124 2317 2192 σάμενος
2351 2123 2456 2175 ὑπὸ
2485 2121 2668 2184 Γάζαν
2727 2115 2874 2172 εἶναι
2927 2118 3084 2171 πόλιν
3124 2116 3328 2178 δεινῶς
3367 2115 3687 2184 ἑλληνίζου-

2086 2234 2208 2270 σαν.
2260 2215 2351 2278 Ὠς
2405 2215 2464 2268 δέ
2518 2212 2811 2274 Ἰουλιανὸς
2847 2210 2947 2279 τὴν
2997 2209 3285 2280 βασιλείαν
3341 2207 3440 2277 ὑφ’
3491 2206 3686 2260 ἐαυτὸν

2084 2311 2346 2368 ἐποιεῖτο,
2380 2306 2606 2370 Γαζαῖοι
2663 2301 3106 2359 Κωνσταντιεῦσι
3151 2300 3540 2364 διεδικάζοντο
3562 2317 3576 2330 ·
3603 2293 3676 2352 ὧν

2083 2400 2346 2469 δικαστὴς
2382 2400 2590 2462 ἐκεῖνος
2619 2397 2939 2466 γενόμενος,
2969 2398 3051 2459 είς
3083 2396 3144 2449 τὸ
3172 2399 3484 2466 πρότερον,
3518 2394 3684 2447 πάλιν

2087 2492 2190 2543 ὑπὸ
2224 2489 2404 2550 Γάζαν
2435 2489 2655 2559 ἐκείνην
2695 2487 2896 2553 ἐποίει,
2934 2487 3184 2549 σταδίους
3225 2487 3409 2555 αὐτῆς
3464 2485 3682 2553 διεστη-

2085 2587 2244 2637 κυίαν
2303 2583 2450 2651 ἀμφὶ
2501 2581 2629 2644 τοὺς
2685 2582 2919 2634 εἴκοσιν.
2968 2579 3182 2647 Ἀφεῖλέ
3243 2596 3310 2632 τε
3350 2580 3456 2633 καὶ
3487 2579 3550 2638 τὺ
3585 2577 3686 2645 τῆς

2085 2672 2470 2726 Κωνσταντίου
2509 2672 2893 2741 προσηγορίας
2955 2669 3128 2739 ὄνομα
3154 2712 3168 2733 ,
3204 2669 3307 2723 καὶ
3342 2667 3551 2738 λιμένα
3582 2667 3681 2735 τῆς

2085 2766 2263 2834 Γάζης
2311 2765 2585 2834 ὠνόμαζε.
2627 2765 2739 2817 Καὶ
2781 2764 2954 2817 κοινοὶ
2993 2764 3180 2825 αὐτοῖς
3221 2764 3325 2817 καὶ
3369 2761 3682 2830 στρατηγὸς

2087 2861 2180 2911 καὶ
2211 2859 2261 2910 οῖ
2301 2858 2369 2911 τά
2425 2857 2668 2927 δημόσια
2722 2856 2976 2919 διώκουν,
3035 2841 3180 2927 ἦσαν
3229 2857 3454 2919 αὐτοῖς’
3502 2853 3574 2907 τά
3617 2871 3677 2919 γε

2090 2952 2199 3022 μὴν
2235 2951 2334 3020 τῆς
2367 2949 2698 3018 Ἐκκλησίας
2733 2951 2873 3019 μόνα
2906 2948 2999 3002 δύο
3039 2947 3227 3009 πόλεις
3275 2946 3429 3001 εῖναι
3472 2963 3681 3016 τεκμη-

2089 3040 2218 3110 ριοῖ.
2254 3037 2366 3092 Καὶ
2409 3039 2521 3105 γὰρ
2555 3037 2802 3107 ἑκατέρα
2851 3037 3004 3099 πόλις
3039 3037 3144 3088 ὑπὸ
3186 3036 3324 3090 ἴδιον
3378 3037 3678 3090 ἐπίσκοπον

2087 3128 2234 3181 τελεῖ
2267 3129 2364 3180 καὶ
2415 3128 2642 3197 κλῆρον·
2697 3127 2793 3180 καὶ
2843 3127 2972 3198 ὅρια
3027 3126 3236 3196 ἑκάστῃ
3294 3127 3450 3178 ἐστὶν
3486 3120 3568 3186 οἷς
3615 3123 3679 3174 τὰ

2091 3222 2296 3291 ἀμφοῖν
2329 3219 2697 3289 θυσιαστήρια
2731 3219 3035 3288 διορίζεται
3061 3232 3076 3248 ⁸
3112 3217 3246 3270 ποτὲ
3285 3217 3344 3270 δέ
3382 3232 3532 3278 τινος
3570 3211 3676 3266 τῶν

2091 3313 2346 3377 Γαζαίων
2397 3312 2740 3376 ἐπισκόπων,
2797 3311 2900 3380 τῆς
2951 3309 3323 3380 Μαιουμιτῶν
3378 3305 3675 3375 ἐκκλησίας

2091 3402 2348 3464 θανόντος
2378 3399 2476 3453 τοῦ
2503 3399 2835 3460 ἐπισκόπου,
2877 3397 3044 3468 ἄμφω
3071 3396 3172 3459 τὰς
3203 3394 3518 3464 ἐκκλησίας
3549 3392 3676 3463 μίαν

2092 3495 2322 3562 ποιῆσαι
2366 3492 2454 3546 διὰ
2505 3491 2746 3560 σπουδῆς
2781 3485 2916 3561 εἶχε·
2949 3489 3084 3560 μηδέ
3134 3489 3242 3558 γὰρ
3277 3484 3425 3542 εἶναι
3471 3485 3673 3539 δίκαιον

2089 3585 2277 3652 ἔλεγεν
2325 3585 2384 3636 ἐν
2434 3585 2532 3654 μιᾷ
2575 3581 2727 3635 πόλει
2762 3581 2856 3634 δύο
2902 3580 3240 3642 ἐπισκόπους
3285 3576 3668 3632 καθίστασθαι.

2092 3675 2468 3746 Μαιουμητῶν
2523 3674 2568 3728 δ’
2618 3672 3005 3742 ἐνισταμένων,
3037 3671 3098 3723 τὸ
3131 3671 3250 3724 δέον
3292 3669 3502 3738 τοπικὴ
3547 3665 3670 3718 σύν⁴

2094 3770 2212 3830 οδος
2260 3767 2554 3838 διηυθέτει.
2599 3766 2711 3820 Καὶ
2743 3764 2932 3833 ἕτερον
2977 3762 3060 3833 τῷ
3098 3763 3366 3832 Μαιουμᾷ
3399 3756 3670 3830 ἐχειροτόο

2097 3880 2178 3913 νει
2214 3861 2554 3925 ἐπίσκοπον,
2614 3858 2899 3928 προσῆκον
2934 3851 3078 3909 εῖναι
3128 3856 3462 3923 διεγνωκυῖα
3484 3892 3498 3918 ,
3548 3849 3671 3909 τοὺς

2098 3953 2359 4020 καθάπαξ
2415 3952 2520 4005 ὑπὸ
2573 3950 2792 4005 εὐσεϐεῖ
2837 3948 3049 4018 βασιλεῖ
3078 3947 3167 4000 διὰ
3196 3947 3300 4016 τὴν
3331 3945 3508 4013 άληυῆ
3540 3942 3665 4009 θρη-

2093 4047 2286 4098 σκείαν
2345 4042 2644 4114 πρεσϐείου
2711 4041 2921 4103 πόλεως
2974 4038 3313 4110 τιμηθέντας
3374 4036 3450 4106 μὴ
3499 4033 3663 4093 ἄλλως

2091 4139 2355 4208 πράττειν
2404 4133 2682 4205 αἱρεῖσθαι
2733 4133 2822 4186 διὰ
2881 4132 3066 4202 κρίσιν
3110 4131 3346 4192 ἀσεϐοῦς
3385 4125 3660 4198 βασιλέως·

2089 4231 2288 4301 χρῆναι
2341 4228 2386 4280 δ’
2423 4229 2518 4298 ὲᾷν
2550 4227 2695 4279 κατὰ
2732 4226 2938 4295 χώραν,
2973 4225 3082 4277 τῶν
3117 4223 3380 4288 καθάπαξ
3409 4219 3662 4273 δοθέντων

2089 4322 2362 4392 ἐκκλησίᾳ
2411 4320 2634 4380 δικαίως
2671 4317 2966 4370 ἀπολαύειν
2999 4315 3203 4388 γερῶν.
3240 4312 3547 4381 Τοῦτοιμέν
3575 4305 3662 4358 οὖν

2088 4412 2256 4482 ὀλίγῳ
2287 4413 2502 4480 ἐγένετο
2531 4409 2780 4478 ὕστερον.

421 4501 585 4558 datus
633 4514 812 4568 esset,
863 4505 1113 4561 ecclesia:
1156 4505 1516 4574 fruerentur,
1559 4518 1616 4564 et
1656 4525 1745 4565 res
1786 4525 1850 4565 ea
1891 4510 2015 4563 loco
2054 4523 2157 4563 suo
2225 4508 2454 4561 immota
2502 4516 2768 4561 maneret.
2820 4507 2997 4576 Atque
3045 4504 3149 4558 hoc
3192 4505 3416 4574 quidem
3449 4501 3524 4552 sic
3560 4507 3659 4548 non

420 4596 579 4668 longe
617 4609 738 4668 post
769 4607 854 4653 est
883 4609 1089 4656 actum.

492 4694 698 4748 Eodem
757 4709 902 4748 anno
960 4694 1343 4765 Cappadocum
1399 4714 1623 4769 quoque
1683 4699 1982 4755 Caasaream

2170 4692 2279 4746 Τοῦ
2330 4691 2375 4746 δ’
2403 4690 2569 4743 αὑτοῦ
2599 4690 2753 4752 ἔτους
2787 4689 2880 4741 καὶ
2928 4688 3023 4757 τὴν
3049 4683 3434 4740 Καππαδοκῶν
3461 4677 3657 4737 Καισά-

422 4786 616 4840 urbem
665 4801 915 4855 magnam
949 4796 1004 4841 et
1051 4788 1397 4857 loenpletcm,
1440 4789 1693 4844 Julianus
1723 4807 1754 4845 e
1797 4791 1992 4845 civita-

423 4887 535 4930 tmn
561 4876 685 4930 albo
708 4880 990 4946 expunxil,
1018 4891 1071 4934 et
1090 4880 1318 4936 Czesaris
1337 4882 1385 4934 ei
1410 4898 1713 4951 cognomen
1740 4883 1989 4936 abstulit.

425 4969 527 5038 15
578 4969 817 5023 Primum
876 4971 1023 5024 enim
1091 4973 1359 5028 Mazacam
1413 4990 1532 5029 eam
1586 4985 1832 5030 vocatam
1887 4975 1986 5044 (2),

418 5059 682 5115 Claudius
713 5059 893 5116 Caesar
923 5065 1292 5132 appellatione
1338 5075 1543 5120 mutata
1566 5106 1581 5130 ,
1623 5067 1848 5120 nomine
1883 5082 1986 5121 suo

419 5151 822 5207 cohonestavit.
870 5152 1097 5208 Summo
1133 5166 1320 5210 autem
1367 5157 1654 5212 civitatem
1703 5172 1826 5210 eam
1862 5156 1991 5210 odio

421 5243 859 5310 persequebatur
903 5252 1200 5313 tyrannus,
1255 5245 1404 5314 quod
1451 5255 1676 5316 propter
1723 5247 1990 5301 eximium

422 5332 476 5387 iu
506 5333 787 5389 Christum
830 5351 1075 5391 amorem
1105 5346 1162 5392 et
1193 5337 1530 5394 desiderium
1581 5340 1818 5394 maxime
1847 5339 1992 5393 cele-

423 5423 535 5478 bris
569 5434 734 5488 esset,
772 5436 826 5481 et
867 5437 1080 5483 vetusta
1099 5430 1538 5484 simulacrorum
1577 5431 1805 5484 delubra
1834 5445 1992 5485 ever-

425 5516 582 5571 tisset
610 5535 622 5570 :
655 5517 806 5573 lovis
837 5521 1054 5584 scilicet
1083 5521 1395 5592 πολιούχου,
1433 5523 1538 5577 hoc
1570 5533 1676 5589 est,
1715 5523 1868 5577 urbis
1900 5537 1996 5592 pa-

427 5612 593 5671 troni,
644 5618 697 5662 et
740 5613 1010 5681 Apollinis
1058 5614 1340 5683 πατρῴου,
1394 5613 1447 5669 id
1497 5625 1602 5680 est,
1657 5615 1840 5684 patrii.
1889 5615 1992 5671 Ubi

423 5716 555 5755 vero
587 5713 774 5770 postea
806 5704 1058 5760 Fortuna:
1093 5705 1359 5775 templum
1395 5717 1524 5760 sunt
1556 5705 1841 5769 demoliti,
1876 5705 1995 5774 plu-

2099 4804 2253 4856 ρειαν
2315 4782 2562 4852 μεγάλην
2596 4799 2655 4834 τε
2709 4775 2876 4833 οὖσαν
2909 4782 3006 4832 καὶ
3057 4782 3114 4832 ἐν
3152 4780 3436 4848 εὐδαίμοσι
3471 4772 3656 4842 κλῆρον

2098 4877 2397 4945 λαχοῦσαν,
2453 4875 2550 4926 τοῦ
2601 4873 2906 4949 καταλόγου
2959 4873 3068 4925 τῶν
3130 4871 3343 4924 πόλεων
3373 4869 3656 4934 διέγραφεν

2111 4969 2425 5029 Ἰουλιανός·
2455 4967 2551 5019 καί⁹
2587 4965 2685 5036 τὴν
2719 4965 3038 5032 ἐπωνυμίαν
3089 4965 3355 5034 ἀφῃρεῖτο
3399 4961 3494 5028 τὴν
3525 4951 3655 5006 Καίσ

2101 5079 2292 5134 σαρος”
2351 5060 2548 5123 Μάζαν
2601 5058 2710 5130 γάρ
2744 5058 2815 5111 τὰ
2859 5059 3053 5124 πρῶτα
3111 5048 3651 5125 κατονομαζομένηνν

2099 5154 2373 5216 Κλαύδιος
2425 5153 2647 5220 Καῖσαρ
2684 5150 2761 5220 τῷ
2793 5147 3068 5218 ἐπωνύμῳ
3099 5148 3287 5216 ἐτίμα,
3325 5134 3648 5233 μεταϐαλώνί

2108 5245 2442 5316 ’Υπερφυῶς
2486 5243 2598 5315 γὰρ
2635 5243 2818 5313 ἐμίσει
2868 5241 2966 5311 τὴν
3017 5243 3172 5294 πόλιν
3205 5243 3231 5293 ὁ
3272 5239 3549 5307 τύραννος,
3576 5241 3651 5328 ξφ

2096 5342 2227 5409 περὶ
2271 5338 2364 5390 τὸν
2402 5335 2642 5407 Χριστὸν
2676 5335 2828 5404 πόθῳ
2880 5335 3124 5404 μάλιστα
3177 5329 3342 5387 οὖσαν
3381 5329 3606 5392 διαφανη
3632 5330 3644 5343 ⁸

2095 5433 2190 5485 καὶ
2237 5424 2434 5500 ὅτίπερ
2483 5429 2612 5492 τοὺς
2678 5428 2847 5481 πάλαι
2900 5427 3155 5482 καθεῖλον
3203 5423 3435 5479 είδώλων
3485 5412 3646 5468 ἐκεῖσε

2105 5524 2264 5586 νεώς⁶
2301 5521 2396 5574 τοῦ
2455 5539 2514 5574 τε
2576 5520 2864 5590 πολιούχου
2896 5520 3042 5588 λέγω
3092 5519 3235 5584 Διὸς,
3285 5515 3376 5569 καί
3424 5506 3510 5561 τού
3554 5516 3645 5552 πα·

2102 5613 2280 5684 τρῴου
2326 5613 2687 5674 Ἀπόλλωνος.
2721 5611 2808 5674 Ὠς
2840 5611 2896 5663 δὲ
2941 5613 3033 5664 καί⁸
3063 5611 3155 5663 τὸν
3189 5611 3287 5686 τῆς
3317 5604 3491 5673 Τύχης
3521 5593 3644 5686 νεων

2101 5683 2460 5760 κατέσπασαν
2495 5703 2742 5774 ὕστερον,
2793 5704 3001 5773 σφόδρα
3047 5683 3253 5774 ἤχθετο
3291 5702 3430 5768 πάσῃ
3463 5691 3522 5759 τῇ
3559 5683 3642 5734 τίδ’

500 5882 576 5951 ('2)
607 5884 717 5938 Sub
747 5893 928 5938 motito.
963 5885 1136 5954 Argeo
1170 5884 1461 5947 Mazacam,
1497 5902 1615 5953 quae
1650 5902 1793 5939 num-
1823 5883 2070 5937 starca
2109 5882 2448 5939 nominatur.
2486 5881 2648 5951 (l'liu.
2677 5881 2774 5935 lib.
2814 5897 2887 5945 vr,
2924 5898 3041 5952 cap.
3077 5875 3158 5950 5.)

3577 1289 3691 1342 Καὶ
3783 1295 3788 1300 ’
