4054 6428
349 323 459 389 449
1278 318 1416 380 ECC
1429 315 1905 380 LESIASTICE

2045 315 2350 380 STORI/E
2393 318 2540 381 LIB.
2589 320 2660 383 Χ.
3529 326 3638 388 45η

353 447 475 501 λει’
511 443 612 499 καὶ
641 442 905 512 Ἕλλησιν
949 439 1202 496 ἐνεκάλει
1261 439 1339 502 ῶς
1395 437 1471 508 μὴ
1528 436 1939 505 ἐπαμύνουσιν,

2046 435 2250 490 rimum
2300 439 2399 492 toti
2439 440 2564 493 urbi
2615 443 2967 508 succensuit,
3011 451 3068 498 et
3097 444 3318 501 Graecos
3354 461 3463 501 non
3497 451 3636 504 adeo

356 539 501 594 ὥστε
531 537 629 592 καί
662 554 718 590 τι
749 534 922 590 δεινὸν
949 536 1147 589 παθεῖν
1198 531 1341 602 ὑπὲρ
1388 529 1583 600 τύχης,
1620 527 1782 597 εἴπερ
1809 527 1942 589 τέως

2051 529 2257 583 multos
2284 545 2402 584 eam
2434 531 2743 588 incolentes
2779 533 3052 590 incusavit
3081 555 3093 590 :
3125 552 3189 591 ac
3215 539 3260 592 si
3282 540 3413 608 quid
3441 542 3638 598 durius

354 630 464 685 ἔδει
504 628 724 683 παθεῖν·
784 629 880 682 καὶ
921 623 1245 697 τριακοσίας
1302 621 1496 692 λίτρας
1553 618 1760 689 χρυσοῦ
1819 619 1942 680 τοὺς

2050 620 2443 691 perferendum
2476 625 2566 688 sit,
2599 634 2713 678 tum
2744 626 3033 682 ferendum
3065 647 3164 699 pro
3191 632 3410 687 fortuna
3441 635 3636 702 fuisse,

355 723 460 779 ἀνὰ
505 722 634 784 τοὺς
665 722 826 791 ὅρους
873 719 1044 787 αὐτῆς
1091 716 1213 788 ᾔτει
1265 713 1376 785 βίᾳ·
1415 714 1542 776 τοὺς
1589 711 1720 765 δ’ἐν
1755 709 1947 778 κλήρῳ

356 818 565 879 πάντας
603 814 708 867 ὑπὸ
739 811 1085 883 λειτουργίαν
1119 805 1532 879 στρατιωτικὴν
1567 803 1748 857 τελεῖν
1775 817 1946 872 προσ-

355 913 544 978 τάξαςο
605 910 634 963 δ
683 908 1002 976 δαπανηρὸν
1061 905 1157 958 καὶ
1210 902 1584 957 ἐπονείδιστον
1622 898 1941 968 ἐνομίζετοο

357 1007 582 1072 σύμπαν
609 1001 666 1054 δὲ
701 1000 764 1054 τὸ
790 999 1192 1070 Χριστώνυμον
1224 994 1433 1064 πλῆθος
1461 993 1739 1062 ύπὸφορον
1766 1005 1940 1042 κατα-

355 1096 585 1165 στήσας,
615 1094 715 1146 ὅσα,
748 1093 844 1144 καὶ
876 1089 1056 1160 Κώμῃ
1105 1091 1170 1158 τῇ
1199 1088 1357 1140 πόλει
1407 1085 1706 1156 ἐχρήσατο·
1741 1083 1942 1152 ὅρκους

351 1190 413 1244 δέ
447 1185 787 1257 προστιθεὶς,
847 1182 1088 1252 ἠπείλει,
1130 1181 1206 1243 ὡς
1261 1179 1311 1233 εί
1356 1180 1430 1248 μὴ
1490 1176 1688 1230 θᾶττον
1715 1175 1786 1228 τὰ
1818 1172 1942 1242 ἱερὰ.

355 1281 707 1350 ἁνεγείρωσι,
744 1278 854 1330 πᾶν
905 1275 960 1329 εῐ
993 1292 1045 1328 τι
1091 1273 1269 1328 δεινὸν
1323 1271 1456 1342 δρᾷν
1510 1272 1578 1341 τῇ
1615 1268 1810 1321 πόλει·
1844 1267 1944 1318 καὶ

355 1371 515 1432 τέλος
583 1366 946 1438 ἀφαιρεῖσθαί
1012 1381 1072 1417 τε
1123 1363 1371 1431 κεφαλὰς
1429 1359 1540 1414 τῶν
1594 1356 1940 1412 Γαλιλαίων·

357 1463 504 1517 οὕτω
537 1460 648 1530 γὰρ
696 1459 938 1529 ὑϐρίζων
973 1456 1164 1510 ἐκάλει
1198 1451 1590 1524 Χριστιανούς
1631 1450 1728 1504 καλ⁸
1760 1449 1941 1518 ἐφθα-

370 1574 461 1611 σεν
510 1556 578 1610 ἂν
623 1554 928 1623 ἐκπερᾶναι
982 1550 1084 1614 τὰς
1131 1547 1367 1610 ἀπειλὰς
1396 1587 1411 1610 ,
1451 1547 1500 1600 εί
1539 1545 1613 1614 μὴ
1655 1544 1719 1596 τὸ
1763 1541 1945 1613 χρεὼν

359 1646 692 1718 προφθάσαν
744 1645 840 1697 τοῦ
903 1643 1003 1713 ζῇν
1059 1640 1506 1710 ὑπερεξήγαγεν.
1543 1638 1670 1689 Ὅτι
1721 1651 1785 1703 γε
1847 1633 1948 1687 καὶ

2047 713 2131 767 eis
2163 713 2390 784 objceit.
2432 716 2738 772 Trecentas
2772 733 2906 773 sane
2944 722 3065 776 auri
3109 723 3282 779 libras
3316 726 3384 778 ab
3427 727 3508 781 eis
3540 729 3634 796 qui

2051 808 2188 861 lines
2221 807 2377 864 urbis
2407 808 2526 879 ejus
2571 811 2817 876 coluere,
2853 815 2904 868 vi
2956 817 3161 886 exegit.
3192 817 3414 873 Clerum
3449 830 3634 875 autem

2048 911 2268 951 onmem
2309 899 2637 955 muneribus
2668 911 2724 956 et
2752 903 3083 960 ministeriis
3113 907 3451 964 militaribus
3487 910 3539 964 in
3571 926 3637 965 ea

2046 990 2273 1061 regione
2298 994 2551 1050 attribuit
2579 1013 2594 1050 :
2627 997 2776 1066 quod
2799 1014 2926 1052 cum
2957 1003 3273 1070 sumptibus
3308 1019 3634 1072 onerosum,

2047 1087 2161 1132 turn
2230 1082 2538 1150 ignominia
2591 1087 3055 1141 contumeliosum
3107 1090 3484 1144 existimatum
3531 1101 3638 1146 est.

2045 1172 2112 1226 Et
2140 1172 2470 1230 Christianis
2511 1178 2776 1232 Omnibus
2807 1179 3021 1234 tributo
3057 1181 3352 1250 imposito,
3389 1184 3529 1238 urbe
3572 1200 3638 1238 ca

2046 1267 2280 1335 perinde
2329 1279 2497 1339 atque
2543 1269 2668 1326 vico
2701 1271 2890 1341 aliquo
2920 1285 3005 1327 est
3055 1291 3208 1329 usus.
3252 1277 3385 1331 Jure
3415 1293 3639 1347 quoque

2039 1358 2280 1428 jurantlo
2317 1359 2669 1431 interposito,
2719 1364 2963 1418 minatus
3015 1367 3100 1420 eis
3145 1376 3266 1431 est,
3313 1371 3418 1422 nisi
3471 1385 3636 1436 quam

2049 1448 2294 1527 primum
2327 1452 2532 1521 templa
2565 1451 2798 1506 deorum
2835 1458 3218 1519 restituerent,
3249 1457 3480 1527 quiquid
3515 1475 3642 1527 pos-

2045 1553 2129 1596 set
2161 1526 2493 1599 calamitatis
2537 1546 2745 1600 civitati
2791 1563 2849 1602 se
2895 1548 3217 1613 illaturum,
3249 1559 3307 1604 et
3355 1526 3640 1619 postremo

2048 1636 2228 1704 capita
2257 1638 2421 1691 etiam
2454 1638 2771 1693 ablaturum
2797 1655 2919 1695 esse
2949 1641 3222 1707 Galilaeis;
3257 1643 3337 1697 sic
3363 1643 3511 1696 enim
3544 1657 3641 1710 per

358 1738 639 1809 καταρχὰς
685 1738 786 1791 οὐκ
828 1737 998 1804 οἴκτῳ
1028 1734 1091 1787 τὸ
1143 1732 1533 1802 φιλάνθρωπον
1578 1729 1786 1781 ἐδείκνυ
1819 1725 1942 1793 περὶ

2051 1727 2446 1782 contumeliam
2509 1730 2860 1786 Christianos
2914 1732 3246 1786 nominavit.
3306 1734 3490 1802 Atque
3548 1734 3640 1786 ille

363 1804 750 1902 Χριστίανοὺς,
781 1830 986 1900 καίπερ
1015 1826 1319 1898 βαρύτερος
1359 1825 1601 1896 μάλιστα
1633 1822 1742 1875 τῶν
1772 1821 1942 1874 πάλαι

2050 1821 2224 1874 minas
2270 1822 2543 1890 ejusmodi
2593 1822 2660 1876 ad
2715 1837 2832 1876 rem
2885 1825 3247 1888 contulisset,
3296 1826 3401 1879 nisi
3455 1827 3640 1881 fatalis

370 1927 672 1992 διωξάντων
703 1925 806 1994 τὴν
873 1923 1210 1992 Ἐκκλησίαν
1251 1919 1326 1973 ῶν
1352 1934 1368 1952 ο
1402 1916 1519 1972 ἀλλ’
1548 1915 1706 1979 είδὼς
1738 1919 1801 1968 ἐκ
1833 1913 1941 1966 τῶν

2048 1913 2349 1966 necessitas
2377 1920 2551 1967 morte
2573 1927 2700 1966 eum
2733 1913 3115 1983 praevenisset.
3148 1914 3341 1985 Neque
3372 1916 3440 1969 ab
3471 1915 3638 1969 initio

367 2020 666 2088 γενομένων
701 2016 973 2087 μηδεμίαν
1032 2015 1222 2085 δνησιν
1278 2008 1422 2066 εἶναι
1474 2009 1552 2082 τῷ
1592 2007 1942 2079 Ἑλληνισμῷ

364 2113 428 2163 ἐκ
459 2109 567 2161 τῶν
623 2109 760 2178 πρὸς
819 2104 1184 2177 Χριστιανσὺς
1239 2103 1556 2174 ἀνηκέστων
1616 2099 1938 2171 τιμωριῶν

361 2203 565 2274 μᾶλλον
605 2202 701 2270 μὲν
744 2198 839 2252 οὖν
873 2197 1112 2270 αὔξησιν
1162 2197 1224 2250 τὸ
1255 2197 1434 2265 δόγμα
1462 2195 1674 2261 λαϐεῖν,
1723 2193 1822 2246 καὶ
1857 2192 1944 2244 ἐν-

357 2292 490 2356 δοξα
525 2287 781 2355 ἐντεῦθεν
826 2288 897 2340 τά
945 2284 1296 2356 Χριστιανῶν
1327 2282 1697 2353 γεγενῆσθαι,
1738 2277 1818 2343 οἷς
1849 2282 1943 2333 ἀν-

355 2384 554 2453 δρείως
606 2381 836 2435 ἐκείνων
887 2377 1078 2432 πολλοὶ
1127 2377 1390 2448 τελευτᾷν
1448 2376 1654 2428 εἴλοντο
1690 2389 1704 2404 ’
1763 2373 1943 2436 ἄλλως

354 2492 420 2528 τε
462 2475 561 2527 καὶ
595 2473 692 2541 τῆς
722 2471 936 2525 ἐκεῖθεν
971 2469 1130 2540 δόξης
1158 2467 1372 2532 τούτοις
1405 2466 1637 2537 φθονῶν,
1675 2466 1738 2518 οὐ
1769 2465 1945 2534 φειδοῖ

354 2585 465 2620 τινι
496 2567 592 2619 καὶ⁸
621 2563 1031 2634 φιλανθρωπίᾳ.
1085 2563 1378 2632 Αίκισμοῖς
1409 2560 1506 2628 μὲν
1533 2561 1643 2628 γὰρ
1675 2562 1770 2610 καὶ
1808 2558 1944 2626 πυρὶ

357 2659 458 2712 καὶ
486 2658 698 2726 σιδήρῳ
734 2656 831 2710 καὶ
859 2653 1171 2717 θαλαττίοις
1215 2652 1424 2723 βυθοῖς,
1459 2652 1492 2722 ἢ
1528 2651 1739 2714 ζῶντας
1771 2650 1944 2720 βαρά.⁸

359 2752 516 2821 θροις
555 2751 808 2822 βάλλειν,
863 2748 963 2802 καὶ
1018 2750 1092 2817 γῇ
1149 2745 1551 2816 κατορύττειν,
1601 2743 1639 2797 ἃ.
1691 2745 1800 2806 τοῖς
1837 2741 1944 2812 πρὸ

358 2845 572 2898 ἐκείνου
619 2841 709 2895 διὰ
749 2839 1015 2909 σπουδῆς,
1050 2837 1334 2901 παντελῶς
1379 2837 1638 2891 ἀπεῖπεν.
1670 2836 1807 2888 Οὑδέ
1833 2835 1942 2906 γὰρ

357 2937 418 3003 ἐξ
445 2935 752 3003 ἀναγκαίου
784 2933 962 2986 ταῦτα
997 2931 1095 3004 τὴν
1131 2931 1363 2999 γνώμην
1402 2928 1715 2998 μεθίστησι.
1753 2928 1945 2980 Πειθοῖ

359 3031 416 3082 δὲ
451 3029 651 3097 μᾶλλον
708 3028 802 3079 καὶ
858 3024 1258 3094 παραινέσεσιν
1291 3023 1483 3093 ἠγεῖτο
1513 3020 1624 3073 δεῖν
1655 3019 1790 3090 πρὸς
1819 3019 1948 3072 ἀσέ-

360 3123 516 3174 ϐειαν
550 3121 808 3190 μετάγειν
839 3120 906 3171 τὰ
939 3116 1148 3186 πλήθη,
1200 3113 1502 3168 κάντεῦθεν
1545 3111 1744 3183 ῥᾳδίως
1778 3128 1940 3182 περιο

357 3213 636 3282 γενέσθαι·
674 3213 708 3284 ἢ
746 3212 888 3281 τάχα
914 3252 928 3278 ,
971 3210 1060 3263 ἵνα
1091 3207 1291 3277 μᾶλλον
1330 3204 1637 3276 παράδοξός
1678 3221 1762 3267 τις
1799 3201 1942 3257 εἶναι

357 3305 484 3376 δόξῃ
516 3305 648 3373 περὶ
697 3303 900 3366 αὐτοὺς
937 3301 1033 3356 καὶ
1069 3299 1480 3370 φιλάνθρωπος,
1517 3295 1594 3366 μὴ
1627 3295 1749 3366 βίαν
1777 3297 1939 3359 εὐθὺς

361 3399 589 3464 ἐπάγειν
621 3397 830 3467 ᾑρεῖτο.

2045 2018 2144 2072 per
2172 2003 2607 2058 misericordiam
2633 2005 3021 2060 humaniorem
3049 2022 3107 2061 se
3131 2021 3259 2076 erga
3285 2008 3638 2063 Christianos

2045 2096 2305 2150 exhibuit
2328 2147 2342 2173 ,
2385 2097 2682 2166 minusque
2717 2098 3027 2165 graviorem
3063 2101 3348 2155 veteribus
3380 2116 3640 2170 persecu-

2047 2187 2262 2242 toribus
2287 2205 2301 2242 :
2333 2187 2430 2243 sed
2457 2189 2604 2257 quod
2633 2190 2772 2243 nihil
2799 2190 3067 2244 momenti
3094 2190 3413 2245 Graacorum
3443 2207 3639 2260 super-

2044 2282 2259 2336 stitioni
2303 2283 2739 2345 constituendae,
2773 2283 3216 2339 Christianorntn
3267 2286 3638 2342 intolerabilia

2044 2374 2209 2426 etiam
2238 2373 2511 2443 supplicia
2540 2375 2763 2440 afferre,
2788 2377 2922 2445 quin
2959 2377 3124 2430 etiam
3152 2377 3350 2446 dogma
3380 2392 3634 2434 nostrum

2047 2465 2254 2532 majora
2306 2481 2404 2535 per
2465 2483 2529 2522 ea
2578 2483 2780 2538 capere
2816 2471 3153 2526 incrementa
3199 2476 3386 2528 sciret.
3439 2471 3640 2542 Ingens

2045 2559 2196 2611 enim
2225 2574 2291 2612 ex
2330 2575 2397 2613 eo
2425 2558 2762 2616 Christianis
2791 2562 3027 2618 accessit
3058 2564 3256 2633 gloria,
3283 2565 3432 2634 quod
3461 2581 3529 2621 ex
3556 2567 3640 2622 eis

2045 2650 2203 2703 multi
2244 2650 2463 2707 fortiter
2518 2662 2754 2709 mortem
2805 2655 2912 2709 sibi
2965 2655 3284 2714 obeundam
3340 2659 3632 2716 duxerint.

2046 2741 2313 2796 Praeterea
2344 2759 2478 2799 vero
2502 2744 2722 2800 laudem
2756 2761 2877 2801 eam
2909 2749 3070 2805 nobis
3100 2751 3325 2807 invidit.
3362 2753 3424 2807 Et
3452 2768 3483 2807 a
3513 2764 3632 2808 tor-

2047 2835 2251 2890 mentis
2279 2836 2508 2905 quidem
2549 2849 2606 2892 et
2635 2841 2796 2909 igne,
2823 2849 2880 2894 et
2921 2842 3110 2906 ferro,
3153 2854 3208 2899 et
3245 2846 3423 2916 pelagi
3456 2847 3636 2916 undis

2047 2926 2353 2992 abstinuit;
2389 2943 2573 2997 neque
2602 2930 2757 2984 vivos
2786 2931 2872 2985 vel
2907 2931 2963 2984 in
2997 2931 3328 2988 barathrum
3368 2915 3634 3006 coniecit,

2045 3017 2134 3072 vel
2173 3018 2226 3071 in
2261 3027 2406 3072 terra
2441 3018 2685 3087 defodit,
2719 3037 2844 3091 qua:
2890 3023 2983 3078 alii
3033 3034 3164 3080 ante
3193 3041 3322 3081 eum
3373 3043 3639 3096 persecu-

2049 3117 2200 3164 tores
2226 3109 2503 3177 fecerant;
2538 3113 2688 3182 quod
2721 3114 2835 3169 haec
2862 3119 3183 3172 necessario
3209 3119 3376 3174 animi
3411 3131 3639 3176 senten-

2049 3201 2182 3256 tiam
2246 3220 2358 3258 non
2424 3215 2769 3261 mutarent:
2837 3209 3323 3269 cohortationibus
3381 3230 3510 3270 vera
3577 3228 3637 3273 et

2045 3297 2510 3366 persuasionibus
2561 3301 2973 3357 multitudinem
3019 3305 3090 3360 ad
3136 3306 3477 3376 impietatem
3513 3324 3640 3380 per-

2048 3389 2379 3446 trahendam
2420 3407 2542 3448 esse
2581 3397 2824 3452 censuit.
2862 3397 2936 3452 Eo
2975 3399 3140 3456 modo
3174 3400 3335 3458 facile
3377 3418 3435 3460 se
3466 3420 3635 3472 supe-

358 3497 562 3550 riorem
617 3493 758 3557 fore,
792 3500 846 3545 et
876 3491 1022 3561 quod
1053 3487 1236 3554 vellet,
1269 3485 1603 3542 eﬂ’ecturum
1637 3499 1759 3540 esse
1824 3493 1979 3541 ratus
2015 3495 2148 3543 est:
2221 3497 2316 3543 aut
2353 3488 2587 3546 fortasse
2609 3533 2624 3558 ,
2662 3503 2722 3548 ut
2753 3495 3119 3553 admirandus
3147 3513 3306 3570 esse,
3337 3510 3396 3558 et
3435 3513 3638 3572 praeter

352 3595 820 3666 esSpectationem
858 3593 1236 3660 perhumanus
1271 3585 1327 3640 in
1353 3585 1436 3641 eis
1473 3583 1778 3650 videretur,
1808 3599 1921 3638 non
1960 3585 2148 3640 statim
2183 3586 2291 3640 vim
2327 3589 2412 3643 eis
2439 3588 2814 3646 adhibendam
2851 3607 2972 3648 esse
3005 3594 3244 3664 putavit.

945 3729 1202 3783 ΚΕΦΑΔ.
1245 3727 1328 3782 E’.

369 3827 470 3891 Ὠς
521 3825 674 3894 ’ἡδὺς
727 3822 808 3888 τῷ
861 3822 1079 3894 πλήθει
1108 3821 1309 3894 Gelon"
1332 3816 1556 3894 δοκεῖν,
1589 3813 1938 3894 ἀνῆκε-τοῖς

428 3885 789 3964 ἇπάντὰχοῦ
800 3885 1270 3964 φυγαδευθεᾼῖσξιν
1285 3889 1645 3964 ἐπισκόποις
1661 3886 1766 3964 ἐπί
1779 3885 1940 3964 ων-

427 3956 842 4040 σταντίρὺᾼτᾶς
861 3956 1101 4040 ἐξορίας
1121 3961 1217 4040 ιὰ
1236 3960 1424 4040 triane
1437 3960 1676 4040 ἐκείνου
1696 3972 1711 3986 ·
1731 3956 1938 4040 ἁμῶς

427 4053 502 4112 τε
525 4037 623 4090 καί
647 4033 745 4089 διὰ
774 4035 840 4088 τὸ
865 4029 1067 4090 θέλειν
1097 4032 1216 4100 τὴν
1243 4029 1628 4112 Ἐκκλησίαν
1654 4029 1938 4095 ταράττε-

427 4111 590 4162 σθαι.

433 4221 670 4276 Τοιαῦτα
698 4217 1112 4288 διανοούμενος,
1147 4217 1318 4270 πᾶσιν
1348 4213 1442 4277 οὓς
1472 4210 1746 4283 φυγαδείᾳ
1774 4227 1939 4264 κατε-

359 4313 578 4366 δίκασεν
613 4313 640 4365 δ
667 4310 1050 4372 Κωνστάντιος
1104 4308 1194 4361 διὰ
1227 4306 1327 4377 τὴν
1359 4302 1657 4376 θρησκείαν
1678 4344 1694 4370 ,
1729 4302 1936 4372 ἀνῆκεν

359 4405 540 4459 οἴκαδε
576 4403 785 4458 ἵεσθαι·
832 4403 928 4457 καὶ
960 4403 1073 4464 τοῖς
1126 4398 1234 4452 ὑπὸ
1269 4399 1446 4468 δήμου
1479 4397 1547 4450 τὰ
1575 4395 1754 4449 οἰκεῖα
1781 4395 1940 4466 διαρ-

361 4501 587 4566 παγεῐσι
633 4497 733 4560 τὰς
787 4495 978 4558 οὐσίας
1036 4491 1427 4563 ἅπεχαρίζετο.
1479 4489 1844 4559 Διατάγματα
1894 4486 1940 4540 δ’

365 4590 598 4656 ἔπεμπε,
642 4587 848 4660 μηδένα
875 4585 986 4638 τῶν
1034 4581 1389 4652 Χριστιανῶν
1423 4580 1656 4647 ἀδικεῖν,
1695 4579 1819 4650 μηδ’
1850 4580 1942 4633 ἐπὶ

373 4680 555 4746 θυσίας
586 4678 916 4753 βιάζεσθαι,
954 4675 1092 4749 μηδέ
1134 4674 1409 4748 ὑϐρίζειν.
1442 4673 1600 4727 Ὅσοι
1640 4670 1685 4725 δ’
1732 4671 1942 4724 ἕλοιντο

367 4773 578 4836 ἑκόντες
624 4774 738 4836 τοῖς
791 4770 998 4843 βωμοῖς
1048 4768 1372 4839 προσιέναι,
1424 4765 1698 4836 πρότερον
1747 4765 1944 4835 περιρ-

364 4865 677 4937 ραντηρίοις
730 4865 830 4919 καὶ
885 4861 1279 4934 καθαρτηρίοις
1327 4857 1568 4930 χρῆσθαι
1626 4857 1944 4927 ίλουμένους

361 4961 477 5023 τοῖς
530 4959 813 5028 δαίμοσιν.
863 4954 1012 5008 Ὅσα
1063 4953 1122 5006 δὲ
1181 4951 1597 5013 Κωνσταντῖνος
1659 4948 1944 5019 κληρικοῖς

362 5051 538 5106 ἐποίει
589 5050 878 5121 σιτηρέσια
933 5046 1030 5100 καὶ
1072 5045 1365 5109 ἀτελείας,
1416 5043 1479 5096 τὸ
1534 5043 1689 5096 Θεῖον
1740 5040 1942 5110 τιμῶν,

363 5142 642 5216 περιεῖλεν
677 5133 835 5204 οὗτος
856 5179 872 5206 ,
901 5140 999 5194 καὶ
1027 5139 1141 5201 τοῖς
1168 5135 1455 5207 δημοσίοις
1494 5133 1767 5199 ἐνέταξεν·
1804 5132 1840 5188 ἆ
1883 5148 1944 5184 τε

361 5239 563 5308 χήραις
591 5235 687 5289 καὶ
720 5232 1012 5304 παρθένοις
1051 5229 1118 5283 δι’
1153 5227 1363 5283 ἔνδειαν
1401 5230 1460 5280 ἐν
1489 5227 1717 5297 κλήροις
1752 5226 1943 5292 ἔταξεν

362 5332 428 5383 ἐκ
480 5327 758 5398 δημοσίων
836 5323 1180 5396 τρέφεσθαι,
1241 5322 1458 5394 πικρῶς
1515 5323 1941 5391 εἰσεπράττετο.

363 5422 776 5482 Κωνσταντίνος
807 5419 941 5486 γὰρ,
981 5417 1149 5488 ήνίκα
1205 5415 1275 5468 τά
1319 5414 1464 5468 κατὰ
1498 5413 1596 5476 τὰς
1644 5414 1944 5482 ἐκκλησίας

364 5513 701 5585 ἐνομοθέτει,
735 5513 800 5565 ἐκ
826 5511 936 5564 τῶν
965 5511 1204 5578 ἑκάστης
1239 5507 1450 5568 πόλεως
1479 5508 1662 5575 φόρων
1685 5505 1756 5558 τὰ
1791 5505 1947 5574 διαρ⁴

365 5606 436 5677 κῆ
463 5607 602 5678 πρὸς
645 5603 744 5676 τὴν
776 5603 885 5657 τῶν
917 5601 1244 5670 ἐπιτηδείων
1284 5599 1620 5668 ζωάρκειαν,
1649 5599 1784 5650 πᾶσι
1829 5600 1944 5660 τοῖς

365 5698 589 5770 κλήροις
634 5697 835 5761 ἐδίδου,
879 5698 976 5750 καὶ
1008 5695 1159 5765 νόμῳ
1193 5693 1292 5764 τὴν
1341 5689 1540 5762 πρᾶξιν
1588 5689 1810 5761 ἐκύρουο
1847 5691 1945 5742 καὶ

367 5788 463 5847 νῦν
488 5793 546 5858 ἐς
585 5791 750 5862 δεῦρο
780 5791 1032 5861 τηρεῖται
1060 5787 1244 5851 καλῶς
1275 5784 1704 5854 φυλαττόμενος.
1741 5777 1853 5837 Ἦν
1887 5783 1944 5838 δὲ

2671 3729 2898 3788 CAPUT
2941 3733 3008 3790 ν.

2047 3812 2356 3898 Quomodo,
2408 3829 2466 3898 ut
2521 3820 2766 3898 faverent
2804 3824 2967 3894 plebis
2998 3835 3404 3898 faucuparelur,
3453 3846 3632 3885 omnes

2119 3892 2316 3958 passim
2344 3894 2613 3969 episcopos
2653 3910 2685 3946 a
2726 3892 3040 3969 Constantio
3089 3892 3421 3969 iuvenilium
3455 3902 3632 3969 pulsos

2119 3963 2397 4042 revocarit,
2430 3978 2559 4042 cum.
2577 3973 2795 4042 propter
2815 3963 3113 4022 Constantii
3142 3968 3343 4038 odium,
3363 3963 3472 4024 tum
3495 3972 3633 4042 quod

2120 4028 2428 4090 Ecclesium
2450 4028 2659 4087 turbari
2675 4028 2868 4090 'vellet.

2120 4209 2226 4280 ιθ
2264 4208 2546 4280 Ejusmodi
2573 4212 2791 4282 agitans
2816 4216 3082 4281 consilia,
3111 4218 3205 4287 qui
3239 4234 3268 4273 a
3302 4219 3631 4278 Constantio

2046 4302 2102 4358 in
2134 4305 2390 4359 exsilium
2423 4305 2568 4374 pulsi
2599 4321 2829 4378 propter
2865 4310 3188 4379 religionem
3227 4313 3467 4381 fuerant,
3509 4332 3634 4370 om-

2047 4397 2217 4452 nibus
2246 4406 2577 4467 potestatem
2618 4401 2889 4457 redeundi
2928 4403 3095 4458 fecit:
3130 4412 3188 4456 et
3219 4419 3454 4473 quorum
3491 4410 3632 4465 bona

1976 4535 2019 4590 ο
2049 4489 2331 4562 publicata
2374 4491 2631 4557 fuerant,
2665 4508 2727 4547 ea
2759 4494 2868 4550 illis
2898 4496 3167 4552 restituit.
3209 4499 3399 4553 Edicta
3448 4501 3633 4570 publi-

2048 4590 2170 4637 cata
2190 4621 2205 4647 ,
2249 4597 2320 4638 ne
2348 4581 2654 4639 Christiani
2703 4585 2923 4656 injuriis
2951 4585 3323 4654 afﬁcerentur,
3354 4605 3492 4644 neve
3536 4605 3634 4658 per

2045 4673 2158 4728 vim
2207 4683 2302 4728 aut
2351 4674 2750 4729 contumeliam
2810 4676 2876 4731 ad
2926 4677 3201 4732 sacrificia
3251 4678 3631 4749 adigerentur.

2045 4763 2104 4820 Si
2135 4768 2226 4836 qui
2264 4781 2396 4822 vero
2441 4782 2540 4822 sua
2575 4777 2773 4838 sponte
2808 4767 2875 4823 ad
2919 4785 3046 4826 aras
3087 4770 3354 4826 accedere
3401 4772 3630 4839 vellent,

2045 4871 2142 4912 eos
2193 4859 2349 4928 prius
2409 4859 2641 4914 deorum
2706 4861 3105 4930 placandorum
3163 4864 3344 4934 gratia
3396 4864 3629 4936 lustrari

2049 4951 2381 5022 purgarique
2447 4952 2672 5007 debere.
2733 4954 3025 5008 Annonam
3082 4965 3139 5009 et
3199 4955 3630 5021 immunitatem,

2047 5057 2211 5114 quam
2237 5043 2637 5099 Constantinus
2666 5061 2766 5111 pro
2789 5060 2885 5101 sua
2917 5062 3046 5118 erga
3073 5047 3247 5104 Deum
3275 5038 3634 5107 observantia

2047 5136 2268 5194 clericis
2302 5148 2677 5202 concesserat,
2709 5140 2826 5208 ipse
2857 5141 3170 5213 abrogavit,
3199 5153 3256 5199 et
3288 5144 3341 5198 in
3377 5145 3635 5213 publicos

2047 5237 2350 5300 proventus
2395 5231 2604 5284 retulit.
2651 5230 2784 5296 Quae
2819 5247 2954 5287 vero
2990 5234 3174 5290 viduis
3204 5245 3262 5290 et
3289 5236 3633 5306 virginibus,

2048 5331 2278 5390 prOpter
2332 5323 2574 5392 inopiam
2627 5323 2786 5390 cleri,
2845 5326 3110 5382 alimenta
3160 5343 3192 5384 e
3243 5328 3467 5398 publico
3516 5329 3633 5384 lar-

2049 5415 2254 5485 gienda
2297 5413 2573 5471 destinata
2612 5427 2796 5484 erant,
2842 5435 2987 5490 aegre
3019 5430 3075 5476 et
3121 5421 3417 5476 difIiculter
3451 5422 3636 5493 exige-

2056 5508 2284 5561 bantur.
2309 5506 2714 5565 Constantinus
2745 5526 3012 5582 namque,
3043 5528 3170 5568 cum
3205 5514 3470 5569 ecclesias
3503 5529 3636 5568 con-

2055 5600 2315 5655 stitueret
2374 5611 2542 5672 atque
2604 5603 2934 5672 ordinaret,
3000 5622 3068 5660 ex
3135 5607 3405 5676 cujusque
3475 5606 3636 5664 urbis

2054 5695 2418 5765 proventibus
2447 5695 2548 5750 toti
2583 5696 2758 5761 clero,
2793 5707 3060 5768 quantum
3091 5700 3158 5753 ad
3191 5701 3359 5752 vitam
3392 5701 3634 5754 toleran-

2049 5788 2174 5843 dam
2233 5787 2366 5843 satis
2410 5795 2598 5853 esset,
2652 5803 2837 5844 rerum
2904 5793 3342 5848 necessariarum
3410 5792 3630 5859 tribuit,
