4054 6438
355 307 454 370 4’1

1540 296 1976 362 NICEPHORI
2019 301 2372 365 CALLISTI

3524 310 3632 371 4.52

356 431 594 486 eantque
652 429 770 469 rem
835 412 1123 469 sanctione
1180 410 1320 482 legis
1374 411 1763 477 continuavit,
1820 427 1945 483 qua:

2074 434 2082 485 ι
2106 416 2329 487 τοιαύτη
2355 416 2435 485 τῷ
2467 415 2750 488 Ἰουλιανῷ
2776 418 3069 490 εἴσπραξις
3091 419 3462 490 ἀπάνθρωπος
3488 426 3632 482 πάνυ

362 511 653 577 hucusque
688 514 1072 561 conservatur.
1105 502 1219 559 Sub
1250 502 1471 559 Iuliano
1501 505 1720 559 exactio
1745 520 1942 560 eorum

361 615 737 677 proventuum
776 602 913 655 dura
951 598 1247 654 admodum
1287 609 1345 653 et
1381 599 1568 669 gravis
1608 601 1748 666 fuit,
1780 600 1946 655 sicuti

363 697 420 750 id
457 703 779 749 exacturum
815 690 1063 760 ipsorum
1097 698 1375 744 testantur
1405 698 1790 744 monumenta.
1827 692 1947 745 Ca:-

364 799 544 843 turum
578 799 771 856 parum
817 784 921 837 fuit
959 792 1231 853 tyranno,
1276 791 1385 836 tam
1421 782 1607 838 hostili
1655 799 1782 839 esse
1814 798 1948 853 erga

362 894 465 933 nos
502 877 715 940 auium,
750 874 859 929 nisi
907 889 1070 928 suum
1105 874 1375 928 adversus
1407 874 1710 929 Ecclesium
1754 875 1948 930 odium

363 970 432 1025 ad
464 969 745 1024 excidium
778 967 903 1037 ejus
935 981 1164 1036 prorsus
1191 976 1563 1022 converteret.
1591 967 1948 1038 Quaecunque

363 1063 513 1116 enim
559 1062 610 1116 ei
645 1058 1080 1130 suppeditabant
1113 1074 1269 1113 sacra
1315 1074 1446 1113 vasa
1478 1067 1534 1113 et
1577 1059 1809 1114 donaria
1835 1100 1849 1121 ,
1888 1074 1951 1112 ea

367 1155 632 1221 abstulit,
680 1153 831 1207 etin
883 1150 1159 1206 idolorum
1209 1151 1459 1205 delubris
1504 1155 1775 1222 reposuit.
1829 1150 1951 1207 Vim

367 1248 534 1298 etiam
570 1244 722 1299 illam
757 1243 840 1307 eis
878 1240 1174 1307 adhibuit,
1213 1241 1309 1310 qui
1347 1243 1452 1296 sub
1490 1241 1858 1297 ConStantino
1897 1250 1987 1324 et.

367 1337 700 1396 Constantio
750 1335 951 1406 templa
982 1333 1214 1390 deorum
1254 1336 1618 1398 evertissent,
1669 1345 1730 1388 ut
1761 1335 1847 1389 vel
1890 1349 1955 1388 ea

368 1429 630 1483 celeriter
661 1434 1060 1488 restaurarent,
1093 1424 1176 1478 vel
1202 1424 1629 1479 astimationem
1655 1433 1957 1479 structura

368 1536 562 1574 eorum
599 1518 1003 1589 persolverent.
1053 1516 1149 1572 Sin
1200 1518 1306 1571 hoc
1353 1518 1538 1571 minus
1579 1516 1868 1581 facerent,
1900 1528 1960 1572 ut

371 1612 569 1665 durius
617 1609 1043 1677 acciperentur,
1071 1617 1128 1662 et
1160 1609 1213 1663 in
1266 1610 1486 1663 vincula
1519 1611 1958 1677 conjicerentur,

377 1703 682 1759 mandavit.
721 1701 881 1757 Unde
928 1702 1065 1756 illud
1115 1702 1253 1756 satis
1283 1703 1562 1772 conjicere
1605 1704 1769 1765 licet,
1804 1704 1858 1758 in
1891 1720 1959 1758 eo

2050 510 2146 560 καὶ
2188 510 2499 579 βαρυτάτη,
2528 511 2603 574 ὡς
2633 513 2731 565 καὶ
2758 511 2829 565 τά
2863 514 3133 583 γενόμενα
3160 515 3269 569 τῶν
3305 521 3635 588 πρακτόρων

2049 605 2405 671 γραμματεῖα
2427 603 2639 673 ἐδήλου.
2663 605 2738 657 Οὐ
2771 606 2935 676 μέχρι
2958 606 3015 660 δὲ
3039 606 3249 660 τούτων
3273 610 3303 677 ἡ
3326 608 3420 662 τοῦ
3441 611 3640 680 cupiv—

2051 710 2140 743 vou
2169 692 2442 763 ἀπέχθεια
2467 694 2676 749 ῐστατο.
2708 695 2870 751 Ἀλλὰ
2904 700 2966 751 τὸ
2994 699 3132 770 πρὸς
3162 703 3265 767 τὴν
3297 699 3634 772 Ἐκκλησίαν

2055 785 2211 852 μῖσος
2253 784 2392 855 πρὸς
2446 787 2686 855 παντελῆ
2741 789 3066 860 καθαίρεσιν
3109 791 3282 859 αὐτῆς
3318 793 3636 863 ἀνηρέθιζε.

2054 875 2165 928 Καὶ
2194 877 2304 946 γὰρ
2329 879 2429 930 ὅσα
2459 879 2778 950 προσῄεσαν
2808 881 2946 952 αὐτῇ
2983 885 3153 954 σκεύη
3189 890 3282 938 καὶ
3304 884 3638 957 ἀναθήματα

2053 969 2468 1040 ἀφαιρούμενος
2496 1013 2511 1036 ,
2553 975 2665 1036 τοῖς
2715 974 2825 1027 τῶν
2874 974 3113 1028 εἰδώλων
3152 976 3394 1029 ἀνετίθει
3446 981 3592 1041 ναοῖς
3621 995 3636 1011 ο

2063 1065 2188 1133 βίαν
2236 1081 2291 1116 τε
2323 1067 2436 1127 τοῖς
2469 1066 2763 1120 καθελοῦσι
2788 1067 2946 1131 ναοὺς
2997 1068 3089 1121 ἐπί
3129 1087 3189 1121 τε
3224 1071 3639 1125 Κωνσταντίνου

2056 1161 2149 1211 καὶ
2181 1159 2568 1212 Κωνσταντίου
2617 1161 2791 1231 ἐπῆγε
2846 1162 3043 1217 θᾶττον
3085 1164 3413 1234 οἰκοδομεῖν,
3462 1166 3493 1235 ἢ
3538 1169 3640 1230 τὰς

2063 1251 2314 1321 ἀποτιμή
2326 1268 2437 1314 σεις
2475 1251 2699 1307 ἐκείνων
2722 1255 2978 1307 ἐκτίνειν·
3005 1257 3055 1306 εί
3081 1256 3124 1308 δ’
3146 1254 3230 1316 οὓ.
3254 1257 3475 1327 δεσμοῖς
3495 1258 3638 1311 ὑπά-

2059 1340 2277 1406 γεσθαι,
2318 1344 2414 1394 καὶ
2443 1345 2700 1412 χαλεπῶς
2732 1346 2988 1415 πάσχεινο
3025 1346 3154 1400 ὥστ’
3203 1348 3458 1402 ἐντεῦθεν
3516 1366 3639 1402 συν-

2065 1434 2226 1501 άγειν
2264 1435 2380 1487 ἔστι
2415 1435 2513 1489 καὶ
2546 1438 2705 1490 τοῦτο
2728 1455 2741 1469 ·
2772 1438 2984 1507 ὕϐρεων
3022 1439 3120 1509 μὲν
3163 1442 3277 1509 γὰρ
3329 1441 3514 1504 ἕνεκα,
3549 1442 3644 1495 καὶ

2064 1522 2297 1595 σώματα
2335 1528 2717 1597 περινοεῖσθαι
2750 1529 3028 1595 κολάζειν,
3060 1532 3435 1603 μετριώτερον
3453 1534 3641 1585 τοῦτον

2063 1616 2172 1668 τῶν
2214 1616 2385 1669 πάλαι
2422 1618 2672 1671 διωκτῶν
2715 1624 2993 1688 γενέσθαι·
3033 1624 3147 1685 τοῖς
3181 1622 3238 1675 δὲ
3275 1622 3483 1685 λοιποῖς
3514 1626 3642 1675 πολ-

2065 1705 2144 1775 λῷ
2187 1706 2266 1774 τῷ
2298 1707 2487 1777 μέτρῳ
2533 1708 2817 1776 διαφέρειν
2857 1711 3109 1763 ἐκείνων.
3148 1711 3260 1763 Καὶ
3282 1712 3393 1782 γὰρ
3422 1716 3480 1764 ὲν
3502 1714 3647 1767 5.1m-

374 1794 598 1863 quidem
631 1793 785 1846 illum
822 1790 1109 1851 veteribus
1139 1770 1618 1861 persecutoribus,
1654 1794 1803 1863 quod
1831 1809 1960 1849 cor-

2074 1770 2127 1849 τι
2150 1770 2336 1859 κακως
2365 1770 2538 1865 αύτὴν
2571 1770 2743 1850 ποιων
2788 1797 3040 1867 διεψάνη·
3073 1799 3153 1852 ἐν).
3192 1770 3527 1869 {adv-(b.6651;
3569 1798 3646 1851 εί-

376 1905 508 1956 pota
541 1902 666 1940 emn
699 1883 1039 1939 contumelia
1070 1901 1181 1939 non
1214 1886 1654 1950 excruciaverit,
1700 1886 1961 1941 modera-

375 1981 574 2035 tiorem
606 1978 819 2061 fuisse:
855 1977 1025 2032 rebus
1065 1988 1252 2032 autem
1285 1978 1412 2032 aliis
1434 2020 1449 2044 ,
1489 1979 1670 2034 modis
1702 1979 1963 2035 omnibus

376 2074 502 2128 illos
524 2086 914 2141 exsuperasse.
933 2070 1096 2126 Omni
1125 2086 1362 2141 namque
1381 2087 1449 2125 ex
1475 2081 1629 2141 parte
1656 2071 1961 2127 Ecclesiam

373 2165 619 2235 afﬂigere
649 2164 945 2218 manifeste
971 2172 1053 2218 est
1083 2165 1235 2219 visus
1265 2182 1277 2215 :
1311 2172 1367 2219 et
1398 2179 1508 2217 uno
1552 2172 1766 2219 tantum
1798 2165 1964 2219 modo

377 2257 673 2313 humanior
725 2257 1046 2328 judicatus,
1099 2256 1248 2327 quod
1301 2259 1595 2328 episcopos
1659 2259 1763 2314 sub
1816 2258 1964 2312 Con-

382 2356 588 2407 stantio
640 2353 836 2408 exsilio
891 2353 1155 2407 multatos
1217 2356 1538 2417 revocavit.
1585 2366 1643 2410 et
1690 2357 1745 2409 in
1797 2356 1966 2412 urbes

378 2461 512 2499 suas
563 2444 746 2499 redire
790 2445 1064 2513 permisit.
1112 2444 1294 2513 Atque
1347 2445 1399 2499 id
1448 2445 1539 2500 ille
1591 2460 1700 2499 non
1753 2448 1967 2500 miseriv

382 2537 572 2591 cordia
606 2535 739 2592 fecit
762 2577 776 2597 .
810 2538 960 2590 sicut
1003 2536 1267 2606 colligere
1306 2545 1395 2592 est
1426 2558 1440 2591 :
1483 2536 1585 2607 l7
1617 2538 1712 2592 sed
1746 2548 1805 2591 ut
1845 2540 1966 2607 epi-

382 2643 582 2698 scopos
614 2628 758 2683 inter
783 2643 841 2682 se
874 2628 1255 2692 committens,
1280 2628 1346 2681 ad
1374 2629 1699 2683 intestinum
1730 2640 1970 2684 armaret

382 2719 587 2773 bellum
616 2760 632 2785 ,
679 2729 736 2775 et
776 2722 892 2775 suis
942 2720 1060 2789 ipsa
1103 2720 1355 2775 dissidiis
1386 2723 1622 2777 ecclesia
1669 2723 1971 2777 labefacta-

385 2821 564 2865 retur.
610 2810 867 2867 Fortasse
894 2813 1103 2876 etiam,
1153 2819 1211 2865 ut
1257 2812 1647 2879 Constantium
1681 2818 1824 2882 apud
1862 2814 1973 2868 ειυ-

384 2905 534 2959 mani
591 2905 812 2975 imperii
874 2904 1169 2968 subditos,
1232 2904 1286 2957 in
1337 2905 1525 2959 odium
1582 2914 1638 2959 et
1703 2906 1969 2960 invidiam

387 2998 686 3053 adduceret
721 3017 735 3052 :
769 3007 885 3052 tum
916 2997 1139 3053 Graecos
1160 3038 1176 3061 ,
1221 3001 1315 3067 qui
1346 2997 1557 3053 eisdem
1608 3013 1797 3053 secum
1834 3016 1970 3069 ope-

384 3101 646 3147 rarentur
674 3094 871 3152 sacris.
891 3091 1078 3147 favore
1101 3106 1483 3161 prosequens;
1511 3102 1628 3145 tum
1653 3094 1967 3162 episcopos,
1999 3131 2043 3184 α

385 3188 480 3255 qui
533 3195 758 3257 propter
802 3185 1091 3242 Christum
1139 3184 1325 3241 amicti
1375 3193 1599 3250 essent,
1649 3185 1720 3239 ab
1771 3187 1973 3253 injuria

388 3280 706 3335 vindicans.
743 3279 938 3349 itaque
972 3280 1262 3334 eunuchos
1294 3293 1520 3348 quoque
1545 3280 1977 3349 imperialitaula

388 3369 591 3438 t-vcgi'.
628 3370 932 3424 Eusebium
965 3381 1171 3433 autem,
1202 3369 1297 3438 qui
1333 3370 1571 3438 primum
1605 3371 1660 3423 in
1699 3384 1762 3423 ea
1796 3371 1977 3423 locum

390 3474 669 3528 tenuerat,
714 3472 894 3518 morte
930 3461 1096 3516 etiam
1146 3463 1448 3516 multavit:
1491 3462 1582 3515 cui
1630 3461 1794 3515 aliam
1833 3477 1975 3531 quo-

391 3571 504 3625 que
549 3556 620 3608 ob
666 3570 889 3608 causam
947 3553 1202 3607 infensus
1255 3551 1393 3620 fuit;
1442 3563 1761 3622 suspectum
1809 3555 1980 3621 enim,

394 3648 569 3714 veluti
625 3647 816 3701 fratris
866 3646 953 3700 sui
1001 3646 1141 3701 Galli
1203 3646 1354 3701 necis
1398 3662 1719 3708 suasorem,
1763 3648 1977 3701 habuit.

396 3742 596 3809 Syrum
629 3751 815 3795 autem
848 3742 1092 3805 Aetium,
1124 3752 1409 3795 auctorem
1442 3751 1499 3795 et
1528 3741 1723 3795 ducem
1754 3740 1981 3796 lueresis

393 3835 673 3899 Eunomii,
701 3843 757 3887 et
783 3833 1092 3888 Constantii
1122 3834 1395 3888 sententia
1420 3873 1434 3899 ,
1468 3836 1560 3903 qui
1591 3850 1717 3887 eum
1749 3844 1976 3903 prepter

393 3925 832 3980 lautitiaritatem
863 3924 1003 3981 Galli
1044 3935 1368 3994 suspectum
1414 3941 1636 3995 quoque
1678 3926 1978 3988 habuerat,

394 4022 720 4073 damnatum
742 4057 757 4083 ,
792 4028 848 4072 et
880 4019 937 4072 in
966 4018 1223 4071 exsilium
1258 4028 1443 4070 actum
1466 4058 1480 4082 ,
1514 4031 1784 4087 perquam
1819 4018 1979 4071 beni-

394 4113 518 4182 gnis
548 4111 757 4167 litteris
793 4112 1094 4175 revocavit,
1128 4119 1183 4164 et
1222 4110 1446 4179 publica
1478 4119 1704 4163 vectura
1738 4109 1980 4163 reduxit.

394 4204 631 4273 l’mpter
701 4203 1092 4258 Constantium
1148 4202 1411 4271 quidem,
1469 4200 1753 4255 Eleusiqu
1808 4201 1979 4255 etiam

394 4299 730 4368 Cyzice-unm
767 4298 1035 4365 impensis
1067 4296 1345 4364 propriis,
1378 4310 1543 4363 quam
1578 4294 1698 4351 solo
1730 4307 1984 4362 aequam.

2062 1907 2149 1943 ναι
2214 1890 2601 1959 φιλάνθρωπος
2634 1930 2649 1955 ,
2702 1890 2902 1961 ὅτιπερ
2968 1893 3096 1955 τοὺς
3147 1893 3649 1956 καταδικασθέντας

2063 1982 2156 2034 ἐπὶ
2214 1982 2596 2035 Κωνσταντίου
2665 1983 2891 2050 φεύγειν
2957 1984 3139 2053 ἱερέας
3194 1985 3293 2055 τὴν
3351 1985 3648 2054 φυγαδείαν

2065 2074 2374 2141 ἀνέστειλε,
2400 2076 2499 2128 καὶ
2540 2075 2679 2147 πρὸς
2729 2078 2829 2139 τὰς
2881 2078 3091 2139 οἰκείας
3129 2078 3516 2146 μετεστέλλετο
3548 2078 3648 2129 πό-

2065 2165 2201 2229 λεις.
2247 2168 2519 2235 Συνάγειν
2572 2167 2665 2222 οὖν
2705 2168 2854 2221 ἐστιν
2895 2171 2957 2223 ἐκ
2990 2170 3098 2222 τῶν
3124 2170 3299 2224 ἄλλων
3331 2172 3463 2240 μηδέ
3491 2172 3650 2225 τοῦτο

2068 2260 2244 2329 φειδοῖ
2275 2263 2557 2328 γενέσθαι,
2606 2262 2721 2315 ἀλλ’
2757 2262 2846 2316 ἵνα
2873 2264 3195 2335 συγκρούων
3225 2267 3481 2337 ἀλλήλοις
3523 2269 3651 2331 τοὺς

2069 2355 2443 2420 ἐπισκόπους,
2494 2355 2744 2427 ἐμφυλίῳ
2796 2358 3109 2429 καθοπλίσῃ
3166 2360 3351 2431 μάχῃ,
3402 2362 3496 2412 καὶ
3545 2360 3653 2413 ὑπὸ

2069 2450 2178 2501 τῶν
2241 2449 2461 2503 οίκείων
2520 2450 2880 2519 πολεμεῖσθαι
2960 2452 3129 2523 πείσῃ
3153 2453 3254 2518 τὴν
3301 2452 3649 2519 Ἐκκλησίαν

2073 2541 2200 2605 ῐσως
2227 2541 2285 2594 δὲ
2328 2542 2423 2594 καὶ
2455 2545 2827 2614 Κωνσταντίῳ
2863 2544 3020 2611 μῖσος
3050 2546 3482 2615 παρασκευάζων
3515 2548 3652 2611 πρ“ς

2071 2637 2179 2689 πᾶν
2228 2636 2291 2687 τὸ
2345 2636 2609 2703 ὑπήκοον·
2663 2637 2791 2699 τοὺς
2849 2638 2952 2705 μὲν
2991 2637 3262 2704 Ἕλληνας
3319 2637 3650 2707 θεραπείων

2072 2727 2203 2798 περὶ
2239 2728 2310 2781 τά
2351 2729 2445 2781 ίσα
2486 2727 2922 2792 σπουδάζοντας,
2959 2732 3083 2789 τοὺς
3125 2729 3179 2782 δὲ
3217 2728 3324 2782 τῶν
3342 2728 3533 2799 ίερόων
3559 2730 3652 2783 διὰ

2076 2821 2312 2889 Χριστὸν
2337 2822 2525 2883 κακῶς
2558 2821 2833 2883 παθόντας
2858 2821 3001 2873 λύων
3029 2826 3127 2891 τὴν
3160 2821 3396 2875 ἀδικίαν.
3434 2822 3653 2891 Ἀμέλει

2073 2931 2154 2966 τοι
2195 2914 2290 2965 καὶ
2341 2914 2468 2977 τοὺς
2518 2914 2809 2982 εὐνούχους
2867 2917 2977 2967 τῶν
3036 2916 3322 2986 βασιλείων
3370 2914 3654 2972 ἀπώσατο.

2078 3002 2334 3055 Εὐπέόιον
2390 3002 2447 3055 δέ
2503 3004 2593 3053 τὸν
2643 3005 2701 3055 ἐν
2760 3003 3055 3072 βασιλείοις
3088 3002 3400 3073 κρατοῦντα
3433 3004 3529 3057 καὶ
3561 3004 3656 3056 τοῦ

2080 3091 2176 3163 ζῇν
2210 3092 2507 3162 ὑπεξῆγεν.
2550 3092 2862 3162 ’Δπήχθητο
2894 3094 2952 3147 δὲ
2989 3097 3082 3145 καὶ
3125 3094 3304 3157 ἄλλως
3346 3094 3519 3164 αὐτῷ·
3557 3095 3663 3148 ὓπ-

2078 3201 2244 3246 οητος
2278 3186 2386 3253 γὰρ
2420 3180 2509 3254 ἦν,
2543 3184 2618 3246 ὡς
2652 3184 2871 3253 βουλαῖς
2930 3182 3141 3235 ἐκείνου
3175 3184 3203 3234 ὁ
3254 3181 3483 3248 ἁδελφὸς
3530 3182 3661 3253 ἀνῄ-

2083 3295 2219 3348 ρητο
2257 3277 2483 3340 Γάλλος.
2520 3278 2624 3329 Τὸν
2658 3276 2717 3328 δὲ
2767 3276 2943 3346 Σύρον
2997 3275 3240 3340 Ἀέτιον,
3272 3274 3331 3338 ες
3361 3274 3530 3337 αἴτιος
3561 3275 3657 3326 καὶ

2079 3372 2326 3441 ἀρχηγὸς
2363 3372 2465 3439 τῆς
2489 3370 2757 3441 αἱρέσεως
2788 3369 3041 3439 Εὑνομίῳ
3080 3369 3320 3436 ἐγένετο,
3350 3368 3657 3440 ὑπερορίαν

2080 3484 2140 3521 τε
2171 3470 2276 3522 ὑπὸ
2312 3467 2699 3541 Κωνσταντίου
2737 3465 3219 3521 καταδικασθέντα
3242 3483 3257 3497 ο
3311 3461 3382 3536 ἦν
3408 3465 3520 3536 γὰρ
3566 3465 3663 3519 καὶ

2084 3559 2331 3622 ὕποπτος
2385 3559 2583 3629 ἐκείνῳ
2638 3548 2727 3612 δίὰ
2760 3560 2860 3628 τὴν
2903 3559 3038 3628 πρὸς
3070 3558 3278 3610 Γάλλον
3319 3557 3662 3627 ἀνάκρασινο

2088 3650 2209 3721 μετ’
2257 3648 2527 3720 εὐμενοῦς
2581 3649 2902 3719 ἐπανήγαγε
2974 3650 3306 3719 γράμματος
3381 3648 3666 3716 δημοσίοις

2081 3745 2346 3814 ὀχήμασι.
2397 3743 2499 3794 Διὰ
2563 3742 2953 3795 Κωνστάντιον
3014 3741 3072 3793 δὲ
3135 3743 3231 3794 καὶ
3279 3742 3370 3793 τὸν
3418 3740 3663 3803 Κυζίκου

2094 3834 2368 3889 Ἑλεύσιον
2399 3834 2729 3905 προστάττει
2763 3832 3031 3894 δαπάναις
3070 3831 3232 3895 ίδίαις
3284 3831 3351 3902 ἢν
3383 3833 3476 3884 ἐπὶ
3510 3832 3667 3884 Κων-

2087 3929 2341 3981 σταντίου
2370 3926 2482 3979 τῶν
2512 3925 2879 3979 Ναυατιανῶν
2910 3923 3213 3993 ἐκκλησίαν
3268 3923 3541 3986 καθεῖλεν,
3571 3918 3669 3976 αὖ·

2088 4019 2171 4080 θις
2203 4018 2534 4086 οἰκοδομεῖν.
2572 4016 2682 4068 Καὶ
2706 4019 2765 4067 ὲν
2787 4014 3274 4076 ἄλλοιςλπλείστοις
3305 4011 3669 4082 σημειώσαιτ’

2090 4112 2156 4166 ἄν
2185 4127 2292 4174 τις,
2336 4109 2413 4172 ὡς
2445 4107 2833 4161 Κωνσταντίου
2886 4106 2978 4161 διὰ
3031 4109 3186 4173 μῖσος
3236 4107 3304 4160 τὰ
3353 4106 3453 4175 μὲν
3505 4106 3669 4169 αὐτὸς

2088 4201 2199 4255 τῶν
2241 4200 2433 4253 δεινῶν
2493 4199 2689 4266 ἐποίει,
2725 4203 2823 4253 καὶ
2883 4199 3062 4253 ἄλλων
3110 4197 3168 4252 δὲ
3218 4199 3521 4254 ποιούντων
3551 4201 3675 4270 ὲν.)-

2092 4293 2235 4346 δετο.

398 4400 485 4442 rat
519 4390 623 4443 sub
667 4388 991 4443 Constantio
1033 4387 1467 4443 Novatianorum
1510 4385 1837 4452 ecclesiam,
1881 4400 1990 4439 uno
2062 4394 2231 4454 atque
2280 4384 2454 4437 altero
2498 4396 2692 4437 mense
2739 4382 3036 4436 restituere
3080 4382 3267 4452 jussit.
3315 4380 3425 4436 Sed
3502 4391 3558 4436 ct
3604 4399 3673 4438 ex

398 4485 525 4539 aliis
568 4483 825 4553 plurimis
863 4483 1030 4538 rebus
1061 4486 1342 4538 aestimare
1382 4491 1468 4537 est
1488 4522 1502 4549 ,
1544 4491 1773 4551 propter
1808 4483 2118 4536 Constantii
2149 4480 2364 4547 odium,
2390 4493 2519 4534 cum
2549 4475 2722 4530 multa
2753 4476 2809 4530 in
2840 4491 2942 4532 nos
2976 4477 3154 4547 ipsum
3190 4477 3404 4532 duriter
3435 4477 3634 4537 fecisse
3657 4520 3672 4547 ,

398 4591 514 4635 tum
546 4597 669 4651 qua:
696 4582 767 4636 ab
798 4582 922 4637 aliis
953 4597 1177 4651 quoque
1213 4578 1423 4634 ﬁebant
1444 4619 1459 4646 ,
1492 4580 1576 4634 eis
1609 4579 1947 4633 delectatum
1979 4593 2121 4633 esse.

910 4700 931 4713 ‘
1005 4699 1231 4757 CAPUT
1276 4700 1365 4757 Vl.

401 4794 466 4851 Ut
517 4797 680 4848 etiam
735 4811 958 4864 magnus
1009 4793 1332 4847 Athanasius
1385 4803 1496 4845 tum
1529 4796 1671 4863 apud
1724 4793 1981 4864 virginem

470 4876 715 4937 prunam
742 4862 1050 4924 occultatus,
1085 4864 1290 4937 publica
1333 4880 1388 4917 se
1419 4862 1763 4925 conmiserit,
1796 4879 1840 4937 et
1880 4862 1982 4915 Ec-

469 4933 688 4990 clesium
732 4937 1008 5006 receperit,
1053 4936 1280 5004 Georgio
1323 4937 1531 4988 Artauo
1582 4952 1616 4987 a
1654 4933 1850 5005 populo
1901 4936 1987 4986 m-

472 5010 749 5077 tercmpto.
1970 5020 1977 5027 '

474 5121 613 5176 Tum
656 5120 999 5176 Athanasius
1026 5120 1220 5183 etiam,
1258 5118 1353 5188 qui
1391 5117 1584 5172 multis
1616 5116 1780 5171 annis
1806 5119 1987 5171 latuea

403 5227 524 5279 rat,
573 5215 886 5269 Constantii
936 5221 1112 5267 morte
1152 5212 1393 5282 cognita,
1428 5220 1598 5264 noctu
1638 5211 1987 5265 Alexandriae

401 5310 454 5362 in
482 5309 716 5363 ecclesia
741 5306 1017 5377 apparuit,
1039 5314 1094 5360 et
1114 5306 1383 5360 miracqu
1405 5306 1707 5374 derepente
1730 5305 1989 5359 omnibus

402 5403 559 5468 quasi
605 5412 862 5455 mortuus
896 5399 1174 5469 quispiam
1222 5398 1292 5453 ab
1338 5396 1535 5452 inferis
1567 5410 1822 5451 reversus
1853 5397 1980 5450 fuit.

403 5494 483 5549 Ex
514 5511 627 5564 quo
660 5494 810 5548 enim
841 5493 1061 5563 Georgii
1109 5492 1352 5557 insidiis,
1385 5499 1444 5546 et
1467 5489 1777 5545 Constantii
1821 5491 1983 5559 jussu

400 5587 619 5660 Egypti
657 5587 951 5658 przefectus
979 5601 1108 5641 eum
1145 5600 1257 5640 non
1289 5588 1458 5655 cepit,
1493 5592 1662 5654 atque
1706 5585 1825 5653 ipse
1857 5585 1984 5654 fuga

403 5681 509 5733 sibi
539 5680 854 5743 consuluit,
889 5680 955 5733 ad
1001 5678 1205 5733 Juliaui
1243 5692 1420 5746 usque
1462 5678 1795 5746 imperium,
1840 5676 1984 5745 apud

411 5770 697 5825 mulierem
741 5770 1037 5839 quamdam
1086 5771 1351 5838 virginem
1399 5769 1746 5824 Alexandriae
1796 5770 1986 5821 occul-

2022 4708 2065 4764 ο
2686 4699 2938 4753 ΚΕΦΔΛ.
2990 4696 3083 4767 cr.

2101 4791 2198 4860 Ὠς
2218 4792 2317 4847 καί
2342 4796 2374 4847 ὀ
2398 4794 2591 4863 μέγας
2632 4792 2989 4858 Ἀθανάσιος
3019 4791 3354 4863 τηνικαῦτα
3396 4792 3515 4847 ὑπὸ
3568 4806 3671 4863 0's-

2157 4863 2283 4933 μνῆ
2315 4861 2591 4931 παρθένῳ
2615 4865 3026 4933 κρυπτόμενος
3058 4861 3355 4930 ἀνεφάνη.
3408 4864 3505 4914 καὶ
3558 4861 3674 4933 τὴν·

2177 4936 2554 5016 Ἐκκλησίαν
2577 4932 2857 5016 κατέσχε,
2893 4933 3194 5016 (ἐωργίου
3227 4935 3334 4987 τοὺ
3367 4932 3673 5016 Ἀρειανοῦ

2160 5005 2280 5059 ὑπὸ
2314 5005 2422 5059 τοῦ
2445 5005 2642 5074 δήμου
2673 5004 3124 5071 ἀναιρεθέντος.

2163 5116 2487 5188 Τηνικαῦτα
2553 5118 2614 5171 δέ
2665 5118 2762 5171 καὶ
2813 5115 3139 5181 Ἀθανάσιος
3183 5117 3402 5181 πολλοῖς
3438 5117 3681 5189 κρυπτέ-

2096 5227 2257 5282 μενος
2305 5212 2474 5275 ἔτεσι,
2512 5211 2923 5280 ηκωνστάντιον
2977 5210 3172 5279 μαθὼν
3219 5211 3674 5281 τελευτήσαντα,

2098 5305 2292 5367 νυκτὸς
2344 5304 2441 5356 ἐπὶ
2493 5305 2596 5373 τὴν
2655 5301 3055 5371 Ἀλεξανδρέων
3100 5301 3430 5371 Ἐκκλησίαν
3478 5302 3675 5371 ἐφάνη.

2090 5398 2196 5452 Καὶ
2224 5397 2410 5467 θαῦμα
2438 5396 2642 5462 ἔδοξεν,
2673 5396 2873 5465 αἴφνης
2920 5390 3009 5450 οἷά
3041 5412 3123 5459 τις
3163 5395 3357 5466 νεκρὸς
3391 5395 3499 5447 τῶν
3526 5394 3679 5447 κάτω

2093 5489 2450 5559 άναίίραγείςο
2510 5488 2573 5551 ἐξ
2636 5490 2764 5541 ὅτου
2813 5488 2925 5558 γὰρ
2962 5491 3085 5552 ταῖς
3141 5487 3420 5558 Γεωργίου
3454 5486 3682 5539 ἐπιδου-

2093 5584 2234 5646 λαῖς,
2268 5583 2654 5635 Κωνσταντίου
2685 5580 3047 5644 κελεύσαντος
3070 5619 3085 5645 ,
3130 5584 3159 5635 ὁ
3187 5581 3297 5634 τῶν
3323 5583 3382 5634 ἐν
3412 5578 3678 5646 Αἰγύπτῳ

2093 5676 2322 5747 ἡγεμὼν
2344 5677 2571 5728 ,ἐκείνου
2626 5675 2900 5746 ἀπέτυχε,
2946 5675 3139 5745 φυγὼν
3172 5677 3381 5737 ἐκεῖνος
3413 5675 3468 5736 ὲς
3509 5670 3674 5738 δεῦρο

2094 5770 2310 5838 ἀφανὴς
2339 5764 2409 5837 ἦν
2448 5770 2613 5838 μέχρι
2670 5770 2769 5839 τῆς
2820 5770 3106 5839 παρούσης
3146 5768 3469 5840 ἡγεμονίας,
3504 5760 3678 5833 παρὰ
