4054 6430
388 357 491 420 453

1308 351 1914 416 ECCLESIASTIC/E
1950 351 2353 414 HISTORIIE
2381 353 2533 415 LIB.
2579 356 2656 416 X.

3554 350 3663 415 454

395 497 505 534 τινι
533 478 761 548 γυναικὶ
805 477 1063 548 παρθένῳ
1111 476 1171 529 ὲν
1217 474 1607 544 ’Δλεξανδρεία
1647 473 1972 544 κρυπτόμε-

2079 485 2225 528 tatus
2267 473 2482 533 latuit;
2531 489 2655 543 qua:
2689 482 2901 529 tantum
2953 473 3131 530 forma
3177 475 3505 533 excelluisse
3551 488 3660 534 tra-

386 586 497 633 νος·
529 569 599 640 ἢν
629 568 877 639 τοσούτῳ
936 566 1270 636 διαλάμπειν
1304 565 1493 619 κάλλει
1528 565 1556 616 ὁ
1588 565 1688 634 τῆς
1720 564 1964 634 ίστορίας
1986 565 1997 575 ’

387 661 726 732 παραδίδωσι
773 661 956 728 λόγος,
1013 659 1088 721 ὡς
1133 658 1479 725 κατάπληξιν
1513 657 1774 727 ἄντικρυς
1827 651 1965 715 εἶναι

385 750 676 821 ὁρωμένην
702 789 720 814 ,
757 752 850 803 καὶ
886 751 960 820 μή
1001 767 1122 801 τινα
1157 750 1271 801 τῶν
1320 749 1625 817 σωφρονεῖν
1668 745 1967 817 ᾑρημένων

387 847 468 907 είς
495 842 691 910 λόγους
726 841 902 895 ἐλθεῖν
933 840 1250 913 πειρᾶσθαι,
1285 842 1371 894 ἵνα
1411 841 1483 910 μή
1528 840 1696 893 ποθεν
1726 839 1968 908 ἐκπηδή-

391 953 490 998 σας
532 936 726 1005 μῶμος
779 934 927 1004 αὐτῷ
970 934 1358 1005 προστριϐείη.
1406 934 1624 1002 Ἐκείνη
1665 932 1723 985 δὲ
1759 935 1969 1002 καίπερ

388 1028 566 1091 οὕτως
599 1027 948 1097 ἀκμάζουσα,
987 1030 1136 1097 ὅμως
1176 1026 1273 1079 τοῦ
1328 1026 1612 1097 σώφρονος
1645 1028 1740 1078 καὶ
1775 1026 1970 1096 σεμνό-

389 1138 556 1189 τητος
582 1120 683 1173 οὐκ
717 1119 1007 1187 ἀφίστατο·
1041 1118 1078 1173 ἃ
1105 1119 1170 1190 δὴ
1206 1121 1300 1172 καὶ
1337 1119 1477 1189 μόνα
1530 1123 1758 1189 κοσμεῖν
1786 1120 1967 1182 εἴωθε,

394 1215 466 1283 μή
523 1230 575 1264 τι
629 1212 856 1281 καὶτῆς
892 1212 1112 1281 φύσεως
1157 1216 1563 1282 συναιρομένης
1604 1215 1672 1266 τὰ
1721 1214 1858 1283 πρὸς
1883 1214 1973 1266 εὐ-

394 1305 692 1376 πρέπειαν.
764 1304 875 1357 Καὶ
930 1304 1040 1374 γάρ
1100 1321 1218 1367 πως
1274 1305 1563 1374 συμϐαίνει
1616 1305 1739 1376 μηδ’
1772 1305 1972 1374 ἀληθὲς

393 1397 567 1450 ἐκεῖνό
595 1412 659 1464 γε
708 1392 940 1461 οἴεσθαι,
974 1396 1003 1449 ὃ
1030 1398 1144 1460 τοῖς
1181 1396 1288 1467 πρὸ
1334 1398 1492 1467 ἡμῶν
1527 1398 1767 1468 εἴρηται,
1810 1400 1972 1451 ὁποῖα

394 1491 460 1541 τὰ
484 1488 736 1558 σώματα,
774 1488 1036 1552 τοιαύτας
1066 1486 1208 1543 εἶναι
1250 1490 1345 1543 καὶ
1378 1492 1474 1553 τὰς
1500 1490 1704 1560 ψυχάς.
1737 1491 1974 1545 Τοὺναν-

391 1581 505 1634 τίον
540 1580 597 1632 δὲ
632 1580 835 1650 μᾶλλον
876 1581 1011 1650 πρὸς
1066 1582 1133 1634 τά
1161 1582 1259 1651 τῆς
1300 1583 1483 1652 ψυχῆς
1534 1582 1969 1653 ἐπιτηδεύματα,

395 1674 487 1726 καὶ
513 1672 575 1725 τὸ
608 1671 704 1724 τοῦ
750 1673 1005 1742 σώματος
1040 1669 1173 1743 ἦθος
1215 1673 1760 1744 συσχηματίζεσθαιο
1824 1678 1921 1729 καὶ
1943 1674 1971 1728 ὃ

402 1764 467 1817 ἀν
502 1763 648 1833 τύχοι
688 1767 948 1833 πράττων
1000 1767 1028 1817 ὁ
1081 1766 1349 1833 τοιοῦτος,
1410 1766 1653 1821 τοιοῦτον
1705 1769 1802 1822 καὶ
1857 1769 1971 1822 δια-

408 1832 701 1924 φαίνεσθαιο
736 1832 829 1909 καὶ
863 1857 989 1911 καθ’
1018 1857 1078 1910 ὃν
1123 1860 1189 1911 ἂν
1237 1859 1551 1929 ἐπιτηδεύοι
1584 1861 1797 1930 καιρόν.
1828 1862 1971 1932 Πρὸς
2004 1832 2047 1891 Β

405 1948 451 2013 ὃ,
487 1943 658 2018 οἶμαι,
698 1950 778 2011 τὶς
837 1949 1100 2017 ἀσφαλῶς
1157 1948 1431 2014 ἐξετάζων
1464 1952 1641 2022 τούτῳ
1683 1951 1762 2023 τῷ
1804 1952 1970 2023 λόγῳ,

402 2043 667 2111 εὐστόχως
696 2043 904 2107 είπετν,
938 2044 1034 2096 καὶ
1069 2043 1296 2113 μηδένα,
1324 2044 1470 2114 ἔχειν
1500 2044 1590 2097 τὸν
1616 2044 1968 2117 ἀντεροῦντα.

400 2135 500 2188 Τόν
532 2152 595 2203 γε
631 2136 739 2205 μὴν
797 2135 1123 2191 Ἀθανάσιον
1156 2136 1280 2204 θεία
1327 2136 1451 2205 ὄψει
1505 2139 1645 2207 πρδς
1677 2139 1780 2208 τὴν
1832 2154 1973 2207 παρ-

397 2228 551 2282 θένον
591 2229 1004 2300 ποδηγούμενον
1033 2230 1191 2297 λόγος
1236 2230 1595 2299 διασωθῆναι·
1626 2232 1724 2285 καὶ
1750 2233 1975 2295 πάντως

392 2321 455 2372 τὸ
497 2319 708 2373 ἀποϐὰν
746 2324 978 2373 σκοπεῖν
1010 2338 1095 2385 τις
1127 2320 1330 2374 ἐθέλων
1350 2361 1365 2385 ,
1416 2321 1605 2393 θεῖκὴν
1631 2322 1729 2395 τὴν
1769 2326 1977 2377 οἰκονο-

397 2413 526 2481 μίαν
570 2410 711 2466 εἶναι
745 2413 1053 2482 λογίσαιτο.
1090 2414 1211 2467 Ἵνα
1248 2414 1359 2485 γὰρ
1397 2416 1539 2485 μήτε
1591 2416 1895 2484 πράγματα
1926 2419 1974 2469 οί

395 2501 529 2571 περὶ
560 2496 885 2555 ’Δθανάσιον
915 2503 1111 2572 ἔχοιεν,
1156 2502 1223 2572 ἠν
1261 2519 1343 2564 τις
1380 2501 1673 2572 πειράζειν
1706 2505 1913 2575 ᾑρεῖτο,
1941 2504 1974 2575 ἢ

394 2594 581 2663 ὅρκοις
616 2593 906 2662 βιάζεσθαι
932 2634 948 2662 ,
998 2593 1173 2657 οὕτως
1226 2594 1657 2665 οἰκονομηθῆναι
1701 2596 1976 2651 διαλαθεῖν

394 2688 780 2757 κρυπτόμενον
806 2690 961 2759 πσρά
992 2689 1241 2757 γυναικὶ,
1286 2691 1351 2760 ἢν
1394 2690 1572 2754 οὐδεὶς
1624 2690 1776 2762 ᾠήθη
1802 2709 1856 2744 τι
1888 2709 1978 2744 το-

398 2778 591 2833 σοῦτον
621 2780 1051 2851 διενεγκεῖν-τῷ
1090 2781 1190 2851 μὲν
1234 2783 1343 2851 γὰρ
1389 2784 1608 2855 ἀπείρῳ
1635 2786 1824 2837 κάλλει
1864 2786 1978 2839 οὐδ’

395 2873 659 2925 ὑπόνοιαν
701 2874 873 2926 ἐδίδου
918 2875 1010 2928 τὸν
1050 2875 1201 2942 ἱερέα
1251 2873 1382 2944 παρ’
1415 2876 1551 2946 αὐτῇ
1608 2876 1974 2946 κρύπτεσθαν

392 2965 632 3036 ἀνδρείῳ
691 2964 748 3016 δὲ
802 2967 1117 3033 φρονήματι
1162 2964 1573 3034 προσηγάγετω
1611 2966 1691 3027 είς
1720 2965 1870 3026 τέλος
1918 2966 1975 3017 δὲ

360 3056 485 3109 ’διὰ
517 3058 782 3126 φρόνησιν
831 3057 923 3107 τὸν
955 3055 1229 3126 θησαυρὸν
1274 3054 1595 3109 διεσώσατο.
1628 3055 1894 3109 Τοσοῦτον
1922 3055 1978 3109 δὲ

394 3150 456 3200 τὸ
511 3147 705 3201 πιστὸν
754 3147 906 3216 αὐτῷ
953 3147 1246 3217 διετήρησε
1296 3148 1732 3216 διακονησαμένη
1769 3149 1974 3213 καλῶς,
2004 3178 2045 3233 C

392 3241 464 3304 ὡς
495 3242 586 3293 καὶ
624 3242 792 3304 πόδας
823 3242 1034 3294 νίπτειν
1056 3283 1070 3307 ,
1104 3244 1313 3312 τροφήν
1371 3259 1430 3294 τε
1469 3243 1566 3297 καὶ
1587 3246 1687 3296 ὅσα
1714 3245 1815 3313 τῆς
1861 3243 1962 3310 φύς

397 3351 536 3398 σεως
582 3335 861 3403 ἀναγκαία
922 3336 1009 3389 διὰ
1051 3336 1150 3406 τὴν
1195 3336 1412 3406 χρείαν,
1472 3336 1643 3405 μόνην
1690 3336 1858 3404 αὐτὴν
1910 3335 1972 3388 εὖ

399 3427 547 3497 μάλα
574 3428 992 3496 ὑπηρετεῖσθαι,
1031 3431 1130 3480 καὶ
1176 3428 1395 3497 βίϐλους
1461 3426 1611 3497 αὐτῷ
1664 3420 1739 3480 ὧν
1769 3426 1975 3497 -χρεὶαν

397 3516 534 3589 εἶχε,
568 3521 842 3588 κομίζειν,
891 3522 987 3572 καὶ
1028 3520 1212 3590 συχνῷ
1262 3518 1340 3589 τῷ
1384 3518 1560 3589 χρόνῳ
1588 3519 1761 3572 ταῦτα
1793 3520 1978 3572 ποιοῦ-

398 3629 520 3677 σαν,
555 3615 627 3683 μή
679 3630 801 3666 τινα
830 3613 1057 3680 γνῶναι,
1089 3614 1203 3664 ὅσοι
1246 3612 1309 3680 δὴ
1346 3611 1445 3682 τὴν
1488 3611 1840 3682 Ἀλεξάνδρου
1876 3614 2020 3665 ard-0

396 3712 479 3764 λιν
518 3712 828 3780 κατῴκουν.
858 3711 967 3762 Καὶ
999 3710 1026 3760 ό
1076 3710 1173 3779 μὲν
1216 3706 1362 3761 οὕτω
1394 3709 1607 3776 φανεὶς,
1642 3708 1740 3769 τὰς
1784 3709 1981 3777 ἐκκλη-

400 3805 521 3865 σίας
546 3808 834 3871 κατέσχεν,
872 3803 975 3855 ὑπὸ
997 3801 1201 3864 παντὸς
1234 3802 1328 3854 τοῦ
1363 3801 1602 3869 πλήθους
1630 3798 1974 3868 ditt-06510-6:

396 3901 448 3953 οἱ
477 3899 534 3951 δὲ
579 3900 647 3949 τὰ
678 3897 898 3967 ’Δρείου
936 3895 1263 3966 φρονοῦντες
1314 3893 1703 3963 ἐκϐληθέντες,
1744 3894 1851 3964 ἰδίᾳ
1878 3897 1979 3965 τὴν

401 3986 727 4055 συναγωγὴν
752 3986 1066 4046 ἐποιοῦντο,
1103 3985 1335 4038 Λούκιόν
1366 4000 1490 4036 τινα
1529 3984 1849 4052 ἐξηγεῖσθαι
1881 3986 1980 4037 αὑ-

398 4075 503 4129 τῶν
532 4076 1006 4144 προστησάμενοι.
1065 4073 1123 4126 '0
1159 4074 1271 4144 γὰρ
1294 4074 1571 4143 Γεὼργιος
1609 4074 1846 4143 ἔφθασεν
1875 4076 1980 4130 ὑπὸ

399 4164 491 4217 τοῦ
542 4165 715 4234 δήμου
744 4162 1090 4232 διαφθαρείς.
1119 4163 1274 4216 Ἐπεὶ
1308 4164 1418 4233 γὰρ
1450 4163 1699 4231 ἔγνωσαν
1724 4166 1981 4234 τελευτῆ-

408 4271 492 4305 σαι
533 4255 633 4325 μὲν
687 4254 780 4304 τὸν
835 4253 1243 4317 Κωνστάντιον,
1300 4253 1393 4305 ἐπὶ
1443 4253 1498 4306 δὲ
1549 4254 1658 4306 τῶν
1702 4254 1838 4308 ὅλων
1888 4256 1981 4310 τὸν

417 4347 701 4399 Ἰουλιανόν
724 4349 1089 4414 καταστῆναι,
1114 4345 1274 4407 εὐθὺς
1301 4348 1445 4418 ὁρμῇ
1481 4349 1548 4417 τῇ
1586 4348 1731 4420 πάσῃ
1761 4349 1822 4401 τὸ
1851 4351 1979 4419 περὶ

406 4437 496 4508 τὴν
528 4439 945 4508 Ἀλεξάνδρειαν
977 4440 1101 4491 ὅσον
1134 4439 1190 4489 ὲν
1229 4438 1492 4507 Ἕλλησιν
1536 4434 1628 4509 ἦν,
1666 4442 1748 4503 είς
1787 4442 1979 4495 στάσιν

407 4531 614 4600 ἑχὶορει·
669 4533 766 4585 καὶ
809 4531 878 4602 δὴ
928 4531 1024 4602 βοῇ
1068 4531 1170 4601 μιᾷ
1223 4529 1316 4584 ἐπ’
1362 4531 1523 4584 αὐτὸν
1570 4534 1840 4603 ὥρμησαν
1900 4536 1975 4598 ὡς
2011 4513 2054 4569 D

409 4621 842 4694 Etazstpioowsc.
897 4620 1032 4675 Τότε
1065 4623 1165 4692 μὲν
1213 4622 1307 4677 οὖν
1360 4623 1609 4692 φονεύειν
1649 4625 1974 4697 ἀπέσχοντο,

401 4714 762 4786 δεσμωτηρίῳ
784 4714 841 4767 δὲ
868 4718 1209 4785 περιεῖργονο
1234 4716 1297 4769 οὐ
1326 4716 1509 4785 πολλῷ
1537 4718 1593 4770 δὲ
1626 4715 1855 4790 ὕστερον
1879 4721 1975 4774 τοῦ

397 4805 784 4875 δεσμωτηρίου
822 4804 1213 4872 ἐξαγαγόντες,
1254 4804 1533 4875 μαχαίρας
1565 4804 1728 4875 ἔργον
1756 4805 1976 4860 ποιοῦν-

394 4915 507 4950 ται.
539 4895 653 4950 Εἶτ’
683 4898 779 4950 ἐπὶ
811 4897 1069 4968 καμήλου
1128 4896 1201 4959 ὣς
1254 4913 1380 4949 τινα
1431 4897 1628 4966 φόρτον
1666 4897 1816 4962 ξένον
1848 4901 1982 4953 ἁνα-

398 4990 619 5054 θέντες,
653 4991 746 5042 ἐπὶ
780 4991 953 5060 μέσης
1019 4984 1157 5061 ἦγον
1210 4989 1311 5059 τῆς
1368 4989 1598 5056 ἀγορᾶς,
1655 4987 1725 5041 δι’
1768 4992 1987 5063 ἡμέρας

395 5085 818 5153 ἐπιμαινόμενοι
849 5084 928 5153 τῷ
952 5084 1133 5153 νεκρῷ
1168 5086 1263 5135 καὶ
1292 5081 1529 5144 ἀναιδῶς
1581 5081 1984 5152 ἐξυϐρίζοντες

393 5176 576 5246 δείλης
613 5175 670 5228 δὲ
716 5176 876 5241 ὀψίας
928 5174 1124 5245 ὥσπερ
1167 5173 1608 5245 ἐμπλησθέντες,
1643 5173 1705 5226 τὸ
1737 5176 1984 5245 περιλει-

395 5268 531 5337 φθὲν
567 5271 660 5323 τοῦ
695 5269 947 5339 σώματος
980 5268 1118 5337 πυρὶ
1151 5269 1607 5337 κατετέιρρωσαν.

2071 568 2245 631 ditur,
2277 573 2337 619 ut
2371 573 2658 635 stuporem
2694 580 2922 634 prorsus
2968 580 3032 620 ea
3078 568 3464 633 spectantibus
3509 568 3655 624 incu-

2074 668 2234 723 teret,
2268 668 2327 712 et
2356 663 2529 711 nemo
2554 672 2749 712 eorum
2785 660 2878 725 qui
2920 660 3217 714 castiorem
3255 660 3425 721 vitam
3459 663 3661 717 sectari

2072 748 2534 811 constituissent,
2566 749 2618 800 in
2651 748 2990 817 colloquium
3021 751 3142 821 ejus
3182 752 3430 817 veniret,
3464 768 3531 805 ne
3559 754 3664 807 sci-

2070 840 2202 895 licet
2229 855 2297 894 eo
2330 837 2558 891 nomine
2599 840 3038 907 reprehensione
3064 856 3173 895 non
3208 851 3447 896 careret.
3485 843 3661 909 Atque

2074 933 2164 986 illa
2203 932 2423 985 tametsi
2474 931 2548 984 ita
2587 928 2794 984 ﬂorens
2838 939 2895 985 et
2947 931 3129 985 vivida
3167 940 3317 987 esset
3343 973 3357 994 .
3394 933 3661 1003 pudicitia

2076 1034 2259 1078 tamen
2317 1031 2375 1076 et
2419 1022 2718 1076 sanctitate
2767 1022 2897 1076 vita:
2947 1037 3059 1077 non
3118 1023 3347 1079 excidit.
3394 1025 3526 1088 Quae
3577 1039 3662 1077 res

2074 1115 2230 1180 solm,
2267 1114 2520 1184 quamvis
2556 1112 2697 1167 nihil
2728 1114 3037 1184 adjumenti
3073 1131 3101 1168 a
3143 1126 3342 1169 natura
3381 1117 3449 1169 ad
3488 1116 3660 1171 deco-

2074 1222 2192 1261 rem
2222 1207 2475 1270 accedat,
2509 1214 2844 1260 ornamento
2874 1221 2998 1261 esse
3025 1206 3224 1262 solent.
3257 1209 3362 1277 18
3392 1208 3463 1263 Ut
3492 1223 3663 1276 prope

2076 1314 2268 1353 verum
2309 1315 2435 1354 esse
2486 1315 2595 1353 non
2638 1299 2896 1353 videatur
2928 1342 2941 1365 ,
2982 1302 3127 1369 quod
3173 1317 3201 1355 a
3240 1302 3542 1372 majoribus
3579 1303 3664 1356 di—

2075 1402 2228 1447 ctum
2274 1402 2398 1447 est:
2438 1392 2634 1458 Qualia
2679 1393 2793 1448 sint
2838 1409 3108 1464 corpora,
3165 1394 3302 1448 tales
3336 1397 3504 1449 etiam
3540 1410 3663 1448 esse

2075 1486 2310 1541 animos.
2347 1484 2490 1552 Quin
2527 1501 2560 1540 e
2591 1485 2818 1570 diverso
2860 1489 3083 1557 petius,
3123 1487 3189 1541 ad
3233 1487 3544 1541 animorum
3580 1487 3665 1540 in-

2076 1578 2269 1631 stituta
2294 1617 2311 1642 ,
2347 1592 2644 1648 corporum
2686 1593 2911 1649 quoque
2964 1594 3153 1633 mores
3197 1578 3657 1633 conformantur:

2073 1681 2131 1725 et
2162 1672 2327 1739 quale
2358 1673 2598 1742 quisque
2625 1681 2853 1728 exercet
2876 1672 3154 1735 studium,
3189 1672 3315 1727 talis
3339 1672 3507 1726 etiam
3539 1687 3663 1725 esse

2075 1772 2344 1833 apparet,
2392 1779 2734 1834 quocunque
2783 1765 2838 1819 id
2886 1764 3103 1819 accidat
3154 1766 3428 1834 tempore.
3480 1765 3661 1834 Atque

2075 1857 2141 1910 ad
2181 1857 2325 1911 hanc
2370 1857 2644 1911 rationem
2676 1858 2722 1912 si
2757 1858 2887 1926 quis
2915 1873 3030 1911 rem
3063 1866 3220 1913 certo
3251 1858 3469 1927 exigat,
3507 1868 3660 1911 recte

2076 1947 2127 2001 id
2163 1948 2245 2003 sic
2272 1963 2399 2001 eum
2441 1949 2724 2005 dicturum
2748 1989 2763 2014 ,
2797 1965 2982 2020 neque
3013 1952 3329 2019 quempiam
3374 1951 3467 2019 qui
3500 1950 3655 2004 relu-

2073 2049 2278 2105 ctetur,
2313 2041 2637 2096 habiturum
2684 2056 2840 2107 esse,
2895 2044 3285 2098 existimarim.
3320 2044 3658 2099 Athanasius

2052 2133 2326 2219 (quidem,
2361 2134 2550 2189 divina
2584 2134 2943 2204 providentia
2974 2136 3045 2190 ad
3076 2136 3347 2206 virginem
3381 2136 3528 2192 hanc
3556 2138 3657 2192 de-

2076 2225 2311 2288 ductus,
2349 2235 2515 2295 atque
2551 2227 2696 2296 apud
2742 2242 2864 2282 eam
2898 2238 3153 2283 servatus
3196 2237 3304 2283 est.
3347 2229 3416 2283 Et
3455 2228 3502 2283 si
3532 2227 3660 2299 quis

2076 2325 2336 2369 eventum
2384 2318 2466 2372 rei
2512 2319 2881 2373 considerare
2920 2320 3085 2383 velit,
3139 2320 3387 2374 divinam
3426 2336 3679 2389 prorsus.

2076 2407 2501 2478 dispositionem
2535 2426 2660 2466 esse
2699 2413 2964 2481 reperiet.
3008 2413 3078 2469 Ut
3112 2413 3260 2466 enim
3306 2413 3445 2467 nihil
3484 2413 3659 2469 mole-

2079 2500 2201 2554 stite
2235 2511 2292 2554 et
2324 2502 2536 2571 negotii
2580 2502 2884 2559 Athanasio
2913 2513 2971 2558 et
3010 2504 3383 2560 familiaribus
3412 2507 3532 2577 ejus
3560 2522 3661 2560 ελ-

2079 2590 2406 2657 ltilieretur,
2454 2593 2501 2647 si
2546 2592 2671 2663 quis
2713 2603 2932 2663 tentare
2975 2608 3075 2650 aut
3104 2597 3431 2664 juramento
3461 2613 3659 2663 cogere

2080 2699 2412 2754 quemquam
2453 2700 2521 2739 ex
2568 2686 2716 2752 illis,
2752 2688 2821 2742 ad
2855 2704 2983 2743 eum
3023 2688 3241 2744 scilicet
3289 2691 3658 2758 prodendum,

2079 2776 2349 2831 voluisset
2375 2795 2388 2832 :
2420 2788 2570 2832 recte
2601 2777 2704 2832 hoc
2729 2779 2811 2834 sic
2844 2780 3186 2844 institutum,
3214 2791 3276 2836 ut
3302 2781 3482 2836 latens
3513 2783 3658 2851 apud

2081 2870 2376 2924 mulierem
2413 2872 2816 2939 occultaretur,
2843 2889 3006 2942 quam
3038 2890 3203 2929 nemo
3236 2876 3290 2930 id
3321 2877 3660 2945 pcrlaturam

2080 2950 2207 3017 e~se
2244 2965 2478 3032 putavit.
2517 2963 2754 3033 Propter
2782 2967 2978 3022 (ortum
3009 2982 3140 3022 vero
3167 2978 3515 3024 venustatem
3559 2985 3660 3023 ne-

2080 3068 2188 3120 que
2231 3054 2284 3107 iu
2336 3054 2712 3123 suspicionem
2759 3057 3018 3127 cuiquam
3073 3058 3305 3122 incidit,
3353 3060 3500 3129 apud
3537 3076 3663 3116 eam

2079 3143 2406 3212 episcopum
2457 3147 2750 3202 occultari.
2804 3152 2873 3203 At
2925 3150 3015 3203 illa
3069 3151 3219 3203 virili
3272 3152 3435 3220 plane
3470 3153 3659 3207 animo

2079 3237 2257 3291 virum
2302 3254 2430 3292 eum
2475 3240 2542 3293 ad
2593 3254 2653 3294 se
2701 3242 2945 3311 recepit,
2974 3252 3033 3297 et
3071 3243 3368 3312 prudentia
3415 3248 3555 3301 mira
3589 3247 3660 3302 ad

2080 3329 2245 3383 ﬁnem
2291 3345 2468 3398 usque
2515 3331 2845 3387 thesaurum
2896 3343 3113 3388 tantum
3166 3337 3433 3390 servavit.
3485 3338 3659 3396 Tanta

2080 3432 2264 3476 autem
2298 3423 2352 3476 in
2385 3438 2513 3477 eum
2550 3424 2799 3481 honestis
2829 3427 3161 3494 praestandis
3199 3428 3529 3487 ministeriis
3555 3431 3663 3489 fuit

2080 3512 2188 3569 ﬁde
2212 3556 2226 3578 ,
2263 3526 2323 3569 ut
2356 3531 2413 3571 se
2451 3517 2688 3585 pedibus
2720 3519 3006 3581 lavandis,
3039 3530 3095 3575 et
3128 3521 3255 3576 cibo
3285 3523 3521 3592 aliisque
3562 3541 3662 3580 na-

2081 3621 2220 3663 turae
2248 3619 2471 3671 nostrae
2519 3612 2850 3667 necessariis
2898 3614 3236 3685 utilibusque
3291 3617 3462 3671 rebus
3507 3617 3666 3672 exhi-

2080 3701 2276 3756 hcndis
2321 3717 2433 3756 una
2483 3702 2600 3769 ipsa
2649 3705 2755 3759 rite
2795 3705 2844 3759 ei
2902 3705 3255 3774 inservierit,
3301 3717 3358 3763 et
3391 3709 3462 3764 de
3504 3711 3662 3766 libris

2079 3793 2282 3862 quibus
2310 3808 2453 3862 epus
2476 3794 2693 3859 habuit,
2729 3793 3193 3855 commodaverit.
3230 3800 3410 3870 Atque
3447 3802 3500 3856 id
3535 3819 3661 3857 cum

2083 3885 2247 3954 leuga
2283 3897 2532 3956 tempore
2580 3888 2826 3954 fecisset,
2868 3906 3027 3944 nemo
3078 3901 3259 3946 tamen
3295 3894 3389 3962 qui
3424 3894 3665 3947 Alexan-

2085 3977 2302 4030 drinam
2337 3978 2567 4033 incoluit
2601 3980 2796 4034 urbem
2819 4022 2832 4044 ,
2865 3982 3148 4049 cognovit.
3191 3983 3541 4040 Athanasius
3564 3987 3662 4056 qui

2083 4069 2156 4122 ita
2202 4069 2390 4125 subito
2434 4071 2719 4139 apparuit,
2755 4072 2824 4125 ah
2864 4074 3121 4128 universa
3158 4078 3520 4135 multitudine
3556 4096 3649 4135 re-

2082 4172 2322 4231 ceptus,
2363 4163 2416 4216 in
2471 4164 2740 4220 ecclesias
2788 4175 2875 4220 est
2920 4167 3211 4224 deductus.
3252 4170 3440 4225 Ariani
3478 4180 3663 4226 autem

2080 4252 2284 4323 eiecti,
2321 4256 2552 4306 seorsim
2595 4265 2905 4309 conventus
2938 4272 3139 4325 egere,
3188 4256 3362 4311 Lucio
3401 4259 3664 4327 quodam,

2083 4346 2176 4412 qui
2211 4344 2292 4399 eis
2317 4346 2617 4414 episc0pus
2650 4357 2937 4415 praeesset,
2957 4349 3121 4402 lecto.
3153 4348 3422 4418 Georgius
3453 4353 3601 4403 enim
3632 4364 3664 4405 a

2087 4436 2251 4506 plebe
2288 4437 2617 4492 interfectus
2647 4439 2848 4494 fuerat.
2885 4438 3185 4509 Postquam
3214 4443 3361 4495 enim
3393 4441 3666 4497 Constano

2085 4534 2225 4584 tium
2261 4530 2572 4585 decessisse
2593 4569 2609 4597 ,
2635 4540 2692 4586 et
2720 4531 3000 4586 lulianum
3032 4533 3097 4586 ad
3132 4534 3357 4602 imperii
3391 4548 3664 4589 summam

2086 4621 2407 4691 pervenisse
2433 4621 2714 4692 cognitum
2740 4632 2847 4686 est,
2879 4622 3063 4678 statim
3095 4623 3304 4695 impetu
3330 4628 3479 4679 omni
3508 4626 3669 4694 quid-

2087 4714 2221 4786 quid
2250 4723 2373 4770 erat
2419 4714 2765 4771 Alexandria:
2791 4715 2995 4772 Graecae
3032 4718 3450 4786 superstitionis
3491 4728 3670 4773 secta-

2087 4818 2295 4871 torum,
2329 4806 2397 4862 ad
2426 4805 2758 4861 seditionem
2790 4823 3099 4877 prorupere
3129 4825 3144 4862 :
3181 4814 3238 4863 et
3274 4809 3521 4865 clamore
3555 4825 3669 4865 uno

2088 4899 2472 4954 incursionem
2508 4898 2563 4952 in
2595 4897 2920 4969 Georbium,
2954 4908 3215 4967 tauquam
3247 4915 3375 4954 eum
3405 4899 3671 4954 interem-

2087 4990 2274 5060 pturi,
2324 4992 2528 5045 fecere.
2571 4991 2639 5045 Et
2675 5000 2790 5045 tum
2838 4992 3062 5062 quidem
3110 5008 3137 5046 a
3187 4992 3338 5047 czede
3386 4993 3671 5065 abstinue-

2089 5094 2241 5150 runt,
2275 5092 2442 5153 atque
2473 5083 2685 5139 carceri
2725 5100 2852 5138 eum
2886 5084 3274 5139 incluserunt:
3318 5100 3508 5139 verum
3557 5101 3668 5139 non

2085 5179 2260 5236 multo
2290 5190 2416 5250 post
2445 5180 2575 5236 inde
2613 5190 2920 5236 extractum
2961 5182 3108 5235 ferro
3134 5190 3430 5235 necarunt.
3461 5181 3675 5235 Deinde

2090 5274 2307 5329 camelo
2357 5273 2515 5344 quasi
2562 5290 2767 5328 novum
2813 5275 3093 5344 quoddam
3133 5275 3459 5330 clitellarqu
3496 5289 3671 5343 guttus

395 5366 753 5436 impositum,
793 5382 891 5434 per
931 5366 1177 5420 medium
1236 5366 1456 5433 forum,
1528 5365 1787 5422 cadaveri
1859 5384 1959 5438 per
2027 5369 2276 5425 furorem
2332 5382 2388 5426 et
2446 5372 2837 5426 contumeliam
2898 5360 3251 5441 impudenter
3312 5372 3666 5426 insultantes.

398 5457 720 5514 duxerunt:
755 5460 902 5515 circa
935 5460 1328 5528 crepusculum
1370 5468 1559 5514 autem
1639 5462 1808 5517 veluti
1877 5479 1941 5518 ea
2008 5465 2216 5536 injuria
2268 5468 2492 5535 satiati,
2538 5467 2808 5538 quidquid
2849 5484 2878 5521 a
2936 5468 3247 5537 raptatioue
3289 5480 3353 5520 ea
3395 5464 3668 5532 Superfuit

397 5552 670 5622 corporis,
699 5552 823 5621 igne
854 5554 1300 5609 combusseruut.

467 5651 590 5713 Τοῖς
624 5650 725 5721 μὲν
769 5649 862 5703 οὖν
898 5654 956 5717 ἐξ
996 5652 1210 5721 Ἀρείου
1257 5651 1392 5722 πρὸς
1455 5649 1565 5704 τῶν
1620 5650 1975 5704 σπουδαςτῶν

408 5743 731 5798 Ἀθανασίου
754 5743 900 5797 δ’)κεῖ
932 5745 1000 5797 τὰ
1026 5745 1259 5798 τοιαῦτα
1284 5746 1362 5814 τῷ
1405 5744 1670 5815 Γεωργῐῳ
1721 5744 1972 5812 ιπιγενέ-

398 5834 542 5891 σθαι.
586 5837 728 5889 Ἀλλ’
763 5838 859 5907 οὐχ
899 5837 1072 5901 οὕτως
1118 5839 1230 5907 ἕχει
1259 5854 1270 5866 ·
1315 5837 1503 5891 πλεῖον
1539 5841 1645 5908 γὰρ
1679 5831 1744 5907 ἦν
1778 5837 1973 5906 ἐκείνῳ

2161 5650 2267 5719 19
2299 5635 2517 5703 Arianis
2549 5649 2774 5718 quidem
2816 5649 2922 5702 hoc
2969 5646 3049 5701 sic
3098 5643 3336 5713 Georgio
3379 5638 3447 5692 ah
3494 5638 3667 5691 Atha-

2085 5744 2225 5796 Itaall
2258 5740 2527 5796 studiosis
2557 5740 2830 5795 accidiSse
2884 5740 3105 5793 videtur
3148 5752 3164 5790 :
3210 5735 3304 5789 sed
3358 5747 3449 5787 res
3502 5732 3666 5785 aliter

2085 5837 2271 5891 habet.
2315 5836 2450 5891 Nam
2494 5835 2582 5888 ille
2616 5835 2746 5889 odio
2779 5833 2972 5905 majori
3003 5830 3225 5886 Graecos
3262 5829 3316 5883 in
3373 5843 3431 5883 sc
3478 5823 3666 5880 conci-
