4054 6440
429 333 539 395 455

1632 320 2068 384 NICEPHORI
2111 323 2463 387 CALLISTI

3608 340 3713 406 456

435 450 675 506 laverat,
704 454 774 497 eo
805 437 955 510 quod
990 435 1167 508 patria
1208 450 1403 491 eorum
1448 448 1605 489 sacra
1656 434 1995 490 inhibuisset

2126 436 2286 506 μῖσος
2337 438 2407 491 ὲκ
2459 438 2570 494 τῶν
2610 440 3002 516 Ἑλληνιστῶν,
3046 444 3312 501 κωλύοντι
3362 450 3591 506 ἐκείνων
3638 461 3709 509 τὰι

436 535 638 605 templa
700 533 933 588 deorum
991 530 1398 589 destruxisset,
1454 527 1772 582 simulacris
1824 525 2019 581 convi-

434 628 639 683 ciando
708 625 1014 687 illusisset,
1089 630 1148 677 et
1205 621 1349 675 bona
1406 635 1601 675 eorum
1657 619 2018 689 publicasset.

431 720 637 775 Adbch
667 716 933 772 invidiam
963 728 1187 784 quoque
1218 713 1342 783 ejus
1373 711 1554 775 auxit,
1594 714 1743 781 quod
1780 711 2018 765 multum

434 810 580 880 apud
641 810 1039 879 imperatorem
1092 806 1423 861 auctoritate
1475 803 1761 859 valuisset.
1825 804 2019 859 Solent

430 903 581 957 enim
616 901 991 964 multitudini,
1049 898 1143 968 qui
1196 898 1439 967 aliquam
1485 896 1745 952 obtinent
1774 903 2020 966 potesta-

432 1004 566 1060 tem,
607 1009 732 1048 esse
765 992 945 1047 exosi.
978 992 1213 1060 Insuper
1246 985 1621 1060 tum“quoque
1651 988 1800 1059 quod
1835 989 1913 1060 (I)
1947 988 2016 1044 de

430 1084 658 1139 Mithrio
691 1084 768 1155 (Ξ)
815 1092 997 1138 actum
1055 1081 1259 1145 fuerat,
1313 1081 1613 1136 tumultum
1662 1089 1852 1134 contra
1886 1095 2013 1134 eum

428 1186 643 1232 motum
704 1175 1005 1231 admodum
1063 1173 1236 1228 auxit.
1308 1171 1444 1226 Nam
1498 1172 1681 1226 locum
1735 1187 1861 1226 eum
1920 1171 2015 1227 diu

427 1268 767 1339 neglectum,
798 1265 1163 1322 Constantius
1196 1262 1449 1319 ecclesiae
1487 1261 1883 1343 Alexandrinae
1913 1261 2014 1315 do-

428 1370 679 1417 naverat.
712 1359 988 1430 Georgius
1016 1368 1200 1413 autem
1229 1372 1357 1412 eum
1384 1370 1714 1426 repurgans,
1746 1363 1811 1408 ut
1836 1354 2010 1409 aedem

426 1470 641 1512 sacram
686 1456 797 1510 Deo
850 1454 1143 1518 excitaret,
1198 1452 1628 1507 subterraneum
1669 1457 1889 1505 antrum
1927 1465 2013 1504 re-

429 1550 578 1620 perit
603 1566 617 1602 :
654 1549 710 1603 in
750 1563 862 1617 quo
904 1546 1226 1612 simulacra,
1253 1553 1312 1598 et
1338 1543 1447 1598 alia
1477 1542 1730 1613 quaedam
1760 1541 2010 1613 symbola

425 1653 482 1697 et
517 1642 672 1712 signa
703 1640 1018 1696 Graecarum
1048 1651 1321 1707 nugarum
1362 1645 1420 1691 et
1460 1635 1892 1706 prestigiarum,
1950 1644 2012 1689 ut

424 1736 500 1789 ita
529 1736 737 1797 dicam,
770 1746 1078 1801 eorumque
1113 1730 1208 1799 qui
1243 1729 1417 1785 sacris
1463 1729 1531 1784 ab
1583 1728 1721 1798 ipsis
1766 1726 2005 1783 instituti

424 1839 590 1899 atque
640 1826 845 1881 initiati
879 1824 1139 1886 fuissent,
1193 1830 1377 1877 erant.
1410 1821 1543 1887 Quae
1594 1835 1731 1875 sane
1767 1819 2004 1876 ridicula

420 1928 479 1974 et
503 1933 641 1972 nova
666 1914 1028 1971 cernentibus
1061 1922 1193 1968 sunt
1218 1914 1358 1976 visa,
1411 1910 1758 1980 proindeque
1805 1911 2006 1967 merito

421 2025 521 2081 per
547 2007 854 2064 ludibrium
884 2006 1071 2061 irrisa.
1101 2004 1277 2061 Grazci
1311 2013 1500 2059 autem
1531 2003 1742 2073 pudore
1776 2013 2004 2074 propter

423 2103 687 2175 mysteria
714 2110 772 2156 et
803 2114 1009 2155 arcana
1049 2114 1150 2155 sua
1183 2098 1427 2153 revelata
1459 2096 1671 2163 aﬂ‘ecti,
1706 2096 2000 2152 confertim

418 2209 585 2248 manu
617 2203 829 2256 coacta,
859 2190 1081 2262 gladiis,
1116 2189 1400 2259 lapidibus
1440 2199 1500 2243 et
1534 2188 1708 2243 clavis
1734 2187 2003 2258 impetum
2042 2182 2053 2200 ³

418 2284 476 2337 in
525 2284 877 2339 Christianos
928 2282 1222 2348 fecerunt,
1275 2289 1334 2338 et
1390 2280 1595 2336 multos
1649 2281 1999 2349 occiderunt,

417 2375 692 2445 quosdam
727 2375 1114 2440 vulneratum,
1165 2382 1226 2430 et
1271 2374 1574 2429 nonnullos
1612 2375 1781 2428 etiam
1816 2389 1884 2429 ex
1916 2374 2003 2430 eis

417 2467 487 2521 ad
517 2467 789 2538 dogmatis
828 2465 1226 2520 contumeliam
1268 2465 1323 2519 in
1370 2480 1594 2521 crucem
1629 2474 1884 2535 egerunt,
1919 2476 2001 2522 at—

417 2575 528 2630 que
550 2560 832 2614 abierunt.
867 2558 1143 2629 Georgius
1167 2566 1413 2628 emptum
1439 2573 1580 2629 opus
1611 2558 1997 2630 imperfectum

417 2650 670 2721 reliquit.
727 2648 901 2704 Graeci
978 2664 1147 2720 porro
1181 2647 1389 2704 Iuliani
1429 2649 1688 2717 imperio,
1742 2659 1999 2719 tanquam

419 2739 844 2810 opportunitate
898 2740 1140 2811 quadam
1181 2738 1391 2805 oblata,
1441 2754 1543 2811 pro
1580 2755 1650 2795 eo
1692 2750 1858 2810 atque
1897 2758 1998 2798 vo-

417 2833 599 2898 luere,
658 2832 769 2898 usi,
812 2832 993 2902 ipsum
1051 2831 1222 2887 etiam
1276 2830 1574 2902 Georgium
1641 2830 1998 2890 interemere.

414 2923 533 2977 Iloe
560 2926 741 2994 ipsum
779 2925 1084 2993 imperator
1111 2938 1334 2994 quoque
1382 2922 1587 2979 litteris
1629 2924 1771 2990 suis,
1820 2925 1999 2997 magis

412 3014 630 3071 scilicet
658 3016 923 3086 populum
943 3014 1410 3081 Alexandrinum,
1447 3031 1617 3087 quam
1642 3015 1997 3073 Christianos

2123 526 2353 598 πάτρια,
2378 531 2738 588 κατασπῶντί
2758 554 2818 590 τε
2851 538 2981 604 τοὺς
3008 541 3236 597 ἐκείνων
3268 543 3429 612 νεὼς,
3459 549 3555 601 καὶ
3582 546 3710 614 ξοά-

2121 634 2234 708 νοις
2259 617 2682 695 λοιδορουμένῳ,
2733 630 2829 684 καὶ
2865 629 2960 694 τὰς
2993 633 3188 698 οὐσίας
3242 635 3576 708 δημεύοντι·
3611 645 3737 703 καὶ,

2118 707 2182 803 τι
2207 709 2422 778 μεγάλα
2449 712 2505 765 δὲ
2530 714 2797 771 δύνασθαι
2825 723 2978 793 παρὰ
3011 724 3233 795 βασιλεῖ
3271 707 3460 785 πλεῖον
3495 733 3709 803 άνῆπτε

2119 801 2181 854 τὸ
2211 803 2390 872 μῖσος,
2442 806 2595 860 Φιλεῖ
2628 810 2738 881 γάρ
2773 815 2800 866 ὁ
2847 813 3025 885 δῆμος
3053 819 3191 889 πρὸς
3224 820 3354 885 τοὺς
3384 824 3443 877 ἐν
3471 801 3708 894 δυνάμει

2119 893 2376 988 aegeo;
2408 896 2579 967 ἔχειν.
2608 902 2847 957 Ἔπειτα
2896 909 2992 961 καὶ
3025 908 3085 962 τὸ
3122 913 3435 982 τηνικαῦτα
3485 893 3623 988 περὶί
3647 918 3709 972 τὸ

2119 985 2719 1081 Μιθρ-ἰονγκαλούμενον
2749 999 2995 1066 γεγονὸς,
3027 1002 3120 1054 ἐπὶ
3150 1004 3297 1074 μέγα
3323 1002 3427 1077 ἦρε
3452 985 3706 1081 τὴν-κατ’

2118 1078 2284 1131 αὐτοῦ
2321 1080 2561 1151 κίνησιν.
2606 1084 2981 1160 ’Δτημέλητον
3037 1092 3147 1162 γὰρ
3195 1095 3327 1152 ὄντα
3381 1103 3473 1154 τὶν
3506 1078 3705 1167 τόπον,

2117 1173 2503 1240 Κωνστάντιος
2553 1180 2619 1249 τῇ
2661 1180 2967 1256 Ἐκκλησία
2996 1186 3205 1242 ἐκεῖνον
3255 1191 3515 1263 ἐδωρεῖτο
3554 1197 3705 1250 Ἀλε-

2116 1265 2409 1334 ξανδρέων.
2445 1268 2718 1340 Γεώργιος
2751 1272 2798 1326 δ’
2839 1276 3190 1350 ἐκκαθαίρων
3222 1284 3312 1337 τὸν
3359 1287 3528 1341 τόπον
3572 1289 3704 1346 ὥστ’

2114 1360 2408 1430 εὐκτήριον
2437 1359 2585 1452 οἷκον
2612 1367 2896 1438 ἀνεγεῖραι
2944 1370 3087 1442 Θεῷ,
3123 1374 3382 1444 ὑπόγειόν
3410 1397 3463 1433 τι
3504 1382 3704 1452 άντρον

2114 1452 2399 1523 εὑρίσκει·
2427 1458 2485 1510 ἐν
2515 1451 2559 1526 ᾧ
2603 1457 2769 1523 ξόανά
2798 1479 2859 1515 τε
2893 1466 2990 1518 καὶ
3021 1465 3158 1532 ἄλλα
3212 1469 3463 1539 σύμϐολα
3507 1451 3705 1543 Ἐλλη-

2116 1547 2275 1616 νικῆς
2326 1547 2637 1623 τερθρείας,
2680 1553 2757 1618 ὡς
2784 1554 2852 1610 ἄν
2890 1574 2974 1621 τις
3005 1559 3176 1627 εἴποι,
3206 1563 3318 1617 τῶν
3347 1564 3483 1634 παρ’
3515 1568 3703 1631 αὐτοῖς

2118 1638 2444 1708 μυουμένων
2478 1641 2511 1712 ῆ
2550 1642 2894 1715 τελουμένων
2928 1644 3074 1720 ἦσαν
3099 1667 3112 1680 ·
3157 1650 3194 1707 ἃ
3229 1654 3419 1720 γελοῖά
3447 1673 3572 1711 τινα
3603 1659 3704 1712 καὶ

2117 1727 2244 1793 ξένα
2297 1732 2471 1785 ἐδόκει
2529 1738 2646 1799 τοῖς
2701 1737 3040 1808 Θεωμένοιςο
3077 1738 3160 1808 οἷς
3208 1745 3403 1817 δήκαὶ
3451 1749 3698 1804 ἐπισκώ-

2115 1839 2365 1889 πτοντες,
2415 1825 2772 1894 διετώθαζον.
2820 1832 2885 1884 Oi
2920 1833 2979 1888 δὲ
3023 1837 3139 1900 τοῖς
3172 1839 3502 1909 μυστηρίοις
3531 1843 3700 1896 ἐπαι-

2114 1920 2461 1991 σχυνθέντες,
2489 1923 2690 1994 ἀθρόον
2753 1928 3110 1997 συλλεγέντες
3143 1934 3328 2001 ξίφεσι
3384 1936 3482 1990 καὶ
3521 1938 3698 2004 λίθοις

2112 2010 2207 2067 κάὶ
2262 2015 2520 2086 ῥοπάλοις
2577 2021 2690 2082 τοῖς
2743 2021 3101 2089 Χριστιανοῖς
3158 2026 3537 2083 ἔπιτίθενταιο
3600 2035 3698 2086 καὶ

2112 2107 2344 2172 πολλοὺς
2378 2111 2480 2178 μὲν
2526 2110 2849 2182 ἀναιροῦσιν
2872 2155 2887 2180 ,
2938 2115 3041 2169 οὐκ
3072 2116 3291 2186 ὀλίγους
3317 2119 3375 2174 δὲ
3415 2121 3505 2175 καὶ
3535 2141 3721 2194 τραυι

2114 2199 2314 2269 ματίας
2348 2202 2701 2271 ἐργάζονται,
2753 2205 2986 2271 πολλοὺς
3014 2208 3059 2261 δ’
3088 2211 3153 2264 ἐκ
3199 2211 3407 2266 τούτων
3441 2215 3697 2287 σταυρώ-

2112 2309 2327 2360 σαντες,
2354 2294 2438 2364 ἐφ’
2454 2294 2613 2366 ὕϐρει
2637 2297 2801 2364 δῆθεν
2818 2299 2916 2353 τοῦ
2944 2301 3238 2373 δόγματος,
3262 2307 3696 2378 ἀπηλλάττοντο.

2110 2385 2223 2438 Καὶ
2253 2385 2313 2438 τὸ
2346 2386 2449 2457 μὲν
2480 2387 2646 2458 ἔργον
2683 2389 2875 2451 ἀτελὲς
2906 2391 2985 2464 τῷ
3010 2392 3276 2466 Γεωργίῳ
3307 2398 3694 2455 κατελείπετοο

2107 2478 2157 2531 οἱ
2208 2476 2254 2531 δ’
2288 2479 2352 2531 ὲκ
2395 2478 2493 2532 τοῦ
2536 2481 2882 2552 Ἑλληνικοῦ,
2935 2488 3001 2557 τῇ
3056 2486 3152 2540 τοῦ
3196 2488 3492 2545 Ἰουλιανοῦ
3547 2496 3691 2567 ἀρχῇ

2107 2572 2457 2641 χρησάμενοι
2489 2573 2570 2646 τῷ
2601 2575 2803 2645 καιρῷ,
2839 2576 3099 2651 καθάπερ
3132 2580 3452 2651 ἠϐούλοντο,
3476 2586 3572 2639 καὶ
3594 2589 3695 2640 a6-

2106 2663 2200 2716 τδν
2228 2664 2439 2718 ἀνεῖλον
2490 2664 2790 2738 Γεὼργιον.
2836 2671 3012 2726 Τοῦτο
3038 2672 3098 2728 δὲ
3140 2677 3237 2728 καὶ
3268 2678 3433 2741 αὐτὸς
3477 2680 3506 2732 δ
3535 2678 3694 2748 βασι-

2107 2754 2233 2819 λεὺς
2289 2756 2441 2821 ίδίοις
2471 2760 2771 2830 γράμμασι
2806 2769 3102 2835 μαρτυρεῖ,
3151 2767 3231 2838 τῷ
3276 2769 3434 2840 δήμῳ
3468 2770 3567 2841 τῆς
3601 2772 3691 2824 ’Δ-

2103 2845 2439 2918 λεξανδρέων
2479 2851 2685 2919 μᾶλλον
2718 2855 2971 2923 ἐγκαλῶν
3019 2858 3166 2930 ἥπερ
3216 2861 3586 2930 Χριστιανοῖς.
3620 2865 3688 2918 Ὃ

2105 2939 2225 3010 δῆτ’
2252 2943 2353 2995 οὐκ
2393 2943 2460 2997 ἂν
2487 2945 2957 3017 ἐπαρρησιάζετο,
2988 2952 3038 3004 εί
3076 2952 3153 3023 μὴ
3188 2956 3255 3024 τῇ
3290 2953 3382 3026 βίᾳ
3421 2955 3526 3026 τῆς
3552 2956 3693 3028 άλη-

2106 3031 2261 3097 θείας
2287 3032 2578 3104 ἠλαύνετο.
2619 3036 2732 3089 Καὶ
2779 3041 2889 3108 γὰρ
2924 3041 3111 3112 ᾑρεῖτο
3147 3035 3514 3113 Χριστιανοὺς
3544 3042 3689 3103 εἶναι

412 3106 698 3172 incusans,
728 3116 963 3162 testatur
990 3124 1004 3161 :
1029 3109 1176 3177 quod
1217 3108 1309 3163 ille
1337 3108 1587 3179 profecto
1610 3125 1721 3164 non
1747 3110 1993 3179 fecisset,

2106 3124 2231 3188 τοὺς
2263 3124 2544 3198 Γεωργίου
2578 3128 2774 3196 φονέας
2804 3106 3126 3202 ἧπερτοῐους
3150 3106 3352 3207 δηποτε
3392 3106 3686 3211 Ἕλληνας.

411 3195 519 3251 nisi
552 3210 681 3250 eum
716 3199 971 3253 veritatis
994 3199 1078 3253 vis
1100 3199 1411 3269 coegisset:
1440 3199 1787 3258 Christianos
1816 3194 1989 3270 certe,

411 3288 834 3358 qualescunque
887 3289 1012 3346 illos
1087 3292 1334 3357 tandem,
1412 3291 1735 3364 Georgianae
1800 3295 1992 3362 caedis,

412 3394 578 3449 quam
609 3378 853 3445 Graecos,
890 3392 1149 3437 auctores
1170 3382 1341 3438 fuisse
1375 3382 1683 3440 maluisset.
1736 3383 1846 3441 Sed
1899 3385 1995 3441 ille

415 3471 642 3527 minime
682 3487 798 3527 rem
846 3474 1067 3538 celavit,
1120 3474 1377 3544 quamvis
1408 3476 1628 3546 gravius
1677 3478 1846 3531 etiam
1893 3493 1997 3534 nos

412 3562 817 3633 perstringens.
874 3565 933 3619 In
987 3566 1224 3636 epistola
1273 3567 1423 3622 enim
1465 3567 1533 3621 ad
1569 3568 1992 3638 Alexandrinos,

410 3655 749 3711 stomachari
798 3672 860 3713 se
909 3657 1202 3723 simulans,
1258 3660 1448 3716 verbis
1496 3677 1595 3717 eos
1647 3663 1993 3734 perstringit,

412 3745 788 3800 coerctionem
825 3750 1138 3804 remittens.
1187 3749 1245 3804 Id
1300 3750 1447 3820 quod
1493 3766 1551 3806 se
1599 3753 1787 3807 facere
1835 3753 1991 3822 dicit,

409 3838 482 3892 ob
521 3840 888 3894 reverentiam
947 3842 1102 3896 urbis
1160 3845 1380 3913 patroni
1420 3844 1509 3900 dei
1567 3845 1879 3916 Serapidis,
1935 3858 1994 3904 et

410 3930 717 3987 conditoris
753 3934 876 4004 ejus
908 3934 1065 3989 urbis
1099 3936 1425 4003 Alexandri,
1459 3945 1625 4007 atque
1661 3940 1793 3994 item
1819 3956 1996 3995 avun-

409 4023 521 4078 culi
550 4023 780 4089 Juliani,
818 4026 913 4096 qui
948 4027 1300 4084 Alexandria:
1330 4036 1384 4083 et
1422 4028 1648 4102 {Egypti
1695 4032 1994 4102 praefectus

409 4118 540 4183 fuit,
589 4118 677 4172 vir
719 4121 1105 4190 superstitioni
1142 4121 1458 4178 Graecarum
1514 4140 1787 4195 nugarum
1829 4127 1989 4184 dedi-

412 4208 682 4273 tissimus,
699 4223 752 4266 et
771 4212 1213 4269 Christianorum
1238 4215 1417 4270 hostis
1438 4217 1990 4276 vehementissimus.

409 4302 520 4372 20
553 4302 731 4358 Tanto
758 4305 906 4359 enim
939 4305 987 4360 is
1013 4320 1140 4376 erga
1171 4322 1274 4362 nos
1299 4308 1429 4364 odio
1452 4307 1724 4379 ﬂagravit,
1761 4319 1821 4365 ut
1848 4311 1991 4367 citra

410 4394 765 4463 imperatoris
801 4396 1159 4460 sententiam,
1199 4397 1392 4454 multis
1440 4410 1633 4456 auctor
1684 4400 1874 4469 fuerit,
1929 4411 1991 4458 ut

2102 3215 2216 3270 Καὶ
2260 3217 2423 3273 τοῦτο
2472 3219 2574 3274 οὐκ
2624 3220 3044 3294 ἀποκρύπτεται
3071 3242 3084 3257 ο
3146 3229 3207 3281 ὲν
3254 3229 3365 3299 γὰρ
3408 3232 3475 3302 τῇ
3549 3233 3690 3303 πρὸς

2111 3309 2506 3381 Ἀλεξανδρέας
2548 3315 2814 3388 ἐπιστολῇ
2878 3320 3359 3391 προσποιούμενος
3416 3326 3688 3395 χαλεπαί-

2098 3420 2236 3468 νειν,
2274 3407 2441 3476 μέχρι
2469 3405 2646 3475 λόγων
2690 3408 3057 3479 καθάπτεται,
3088 3413 3190 3483 τὴν
3218 3416 3494 3490 τιμωρίαν
3521 3416 3686 3489 δῆθεν

2096 3494 2549 3566 ὑπερτιθέμενος.
2592 3499 2925 3571 Ἐπέχεσθαι
2988 3502 3047 3557 δέ
3093 3520 3230 3574 φησι
3286 3509 3355 3578 τῇ
3408 3507 3546 3577 πρὸς
3594 3511 3687 3563 τὸν

2070 3587 2387 3660 ’πολιοῦχον
2420 3591 2673 3660 Σάραπιν
2710 3593 2873 3660 αίδοῖ,
2929 3597 3027 3649 καὶ
3054 3595 3145 3652 διὰ
3198 3598 3290 3651 τὸν
3323 3597 3424 3667 τῆς
3474 3599 3686 3665 πόλεως

2096 3681 2345 3753 οἰκιστὴν
2363 3682 2740 3754 Ἀλέξανδρον,
2771 3688 2868 3739 καὶ
2890 3687 2986 3741 τὸν
3005 3688 3150 3743 θεῖον
3177 3689 3347 3744 αὑτοῦ
3366 3692 3686 3761 Ἰουλιανδν,

2095 3772 2153 3836 ὃς
2201 3775 2485 3841 Αίγύπτου
2537 3779 2634 3830 καὶ
2672 3778 3092 3853 Ἀλεξανδρείας
3121 3784 3230 3854 πρὸ
3260 3784 3455 3854 καιροῦ
3483 3780 3676 3856 ἦρξεν,

2095 3864 2238 3935 ἀνὴρ
2266 3866 2569 3935 ὲπιμᾶλλον
2595 3871 2719 3931 ταῖς
2759 3870 3453 3945 Ἑλληνικαῖςντερθρείαις
3474 3891 3678 3945 προσε-

2098 3956 2341 4028 σχηκὼς,
2379 3959 2665 4029 διαπύρως
2690 3963 3233 4035 τε’άπεχθανόμενος
3260 3969 3372 4030 τοῖς
3418 3968 3683 4038 Χριστια-

2095 4050 2234 4112 νοίς.
2291 4051 2462 4104 Τόσον
2490 4052 2537 4105 δ’
2569 4048 2638 4123 ἦν
2666 4054 2863 4128 ἐκείνῳ
2902 4060 3064 4126 μῖσος
3118 4059 3181 4113 τὸ
3230 4059 3370 4128 πρὸς
3402 4062 3574 4131 ἡμᾶς,
3602 4062 3681 4127 ὡς

2092 4139 2316 4195 καὶτοῦ
2373 4144 2708 4214 κρατοῦντος
2755 4147 2987 4219 γνώμης
3024 4150 3156 4206 ἄνευ
3208 4153 3443 4219 πολλοὺς
3492 4174 3685 4229 παρα-

2097 4235 2369 4291 σκευάσαι
2397 4238 2594 4308 μέχρις
2610 4240 2841 4310 αῖματος
2859 4244 2951 4295 τὸν
2970 4244 3158 4312 ἀγῶνα
3179 4245 3523 4317 διαδραμεῖν.
3543 4251 3685 4319 Ἐγὼ

2091 4326 2136 4379 δ’
2166 4327 2266 4380 οὐκ
2298 4328 2539 4399 ὀκνήσω,
2573 4331 2650 4401 μὴ
2681 4333 2779 4385 καὶ
2806 4335 2976 4402 αὐτὴν
3004 4336 3225 4406 ἐκείνην
3251 4339 3350 4404 τὴν
3380 4340 3679 4412 ἐπιστολὴν

2107 4418 2406 4475 Ἰουλιανοῦ
2467 4422 2546 4493 τῷ
2601 4426 2837 4495 παρόντι
2891 4427 3219 4496 παραθεῖναι
3285 4432 3674 4502 συντάγματι·

407 4486 475 4538 ad
500 4486 824 4556 sanguinem
854 4502 1031 4557 usque
1054 4489 1303 4559 martyrii
1325 4498 1608 4545 certamen
1632 4504 1987 4563 peragerent.

2106 4507 2216 4568 εἷτα
2238 4515 2334 4566 καὶ
2362 4514 2460 4567 ὅσα
2480 4482 2862 4580 δ’θεῖοςούτοῦ
2891 4482 3182 4583 Ἱοῦλιανὸς
3213 4482 3373 4575 κπιτὲι⁷

407 4576 541 4631 Mihi
594 4579 764 4633 etiam
822 4580 1118 4635 molestum
1176 4595 1287 4634 non
1340 4579 1472 4645 erit,
1526 4581 1818 4651 epistolam
1866 4598 1987 4637 eam

401 4669 634 4734 Juliani,
667 4671 825 4739 operi
855 4673 988 4726 huic
1023 4681 1214 4727 nostro
1256 4671 1580 4737 adnectere,
1611 4682 1778 4743 atque
1813 4675 1980 4730 etiam

2093 4607 2335 4671 πίστεως
2363 4606 2616 4677 ἔδρασεν.
2646 4611 2722 4666 Ἥ
2755 4629 2822 4682 γε
2878 4615 2988 4687 μὴν
3024 4616 3290 4686 ἐπιστολὴ
3319 4619 3537 4684 τούτοις
3565 4625 3678 4685 τοῖς

2095 4702 2333 4771 γράμμα
2344 4719 2398 4756 σι
2423 4706 2789 4777 περιείληπτο
2805 4722 2824 4740 ο

401 4804 525 4858 qua:
552 4789 871 4869 avunculus
892 4786 1294 4862 ejuslulianus
1321 4789 1591 4845 adversus
1656 4788 1787 4844 ﬁdei
1866 4800 2074 4848 nostra:
2113 4794 2517 4866 professionem
2568 4800 2768 4870 egerit.
2818 4800 3067 4872 Epistola
3118 4804 3273 4860 hisce
3324 4806 3513 4860 verbis
3545 4819 3679 4858 eon-

403 4882 611 4952 scripta
638 4883 781 4937 fuit:

1006 4993 1234 5051 CAPUT
1272 4994 1384 5050 VII.

395 5088 609 5146 Iuliani
638 5085 861 5156 epistola
922 5086 991 5140 ad
1027 5087 1278 5158 populum
1327 5074 1756 5143 Aleiandrinum
1793 5088 1981 5154 missa,

839 5168 1053 5229 prapter
1087 5157 1305 5229 Georgii
1334 5161 1552 5213 eadem.

478 5295 500 5330 ι
522 5278 836 5346 Imperator
882 5276 1065 5331 Caesar
1093 5275 1345 5332 Julianus
1377 5275 1649 5331 Maximus
1679 5277 1982 5348 Augustus,

396 5369 609 5449 populo
664 5369 1066 5424 Alexandrino.
1117 5368 1404 5439 Siquidem
1458 5368 1859 5435 Alexandrum,
1888 5369 1983 5440 qui

464 5526 541 5597 (I)
570 5523 827 5579 Mithram
872 5524 1052 5597 Perse
1084 5525 1254 5597 solem
1312 5540 1437 5580 esse
1480 5534 1698 5597 putant,
1745 5525 1976 5597 cuiho-

2666 5000 2901 5056 ΚΕΦΛΛ
2976 5004 3051 5057 Z'.

2104 5089 2432 5167 Ἐπιστολὴ
2480 5092 2843 5167 Vanitatqu
2883 5093 2965 5167 τῷ
3024 5094 3197 5166 δήμῳ
3234 5097 3355 5153 τῶν
3401 5100 3680 5167 Ἀλεξαν-

2197 5161 2389 5229 δρέων
2427 5162 2731 5217 amicam
2759 5163 2859 5217 διὰ
2893 5166 3001 5219 τὸν
3033 5161 3227 5235 φόνον
3246 5161 3569 5241 Γεωργίουξ

2171 5292 2192 5328 ι
2223 5276 2599 5348 Αὐτοκράτωρ
2633 5278 2851 5350 Καῖσαρ
2888 5278 3186 5348 Ἰουλιανὸς
3211 5286 3489 5354 Μέγιστος
3532 5291 3682 5343 Ἀλε-

2097 5364 2372 5437 ξανδρέων
2405 5366 2484 5437 τῷ
2515 5368 2697 5437 δήμῳ.
2728 5371 2789 5423 Εἰ
2825 5370 2901 5442 μὴ
2946 5375 3042 5427 τὶν
3083 5373 3441 5448 Ἀλέξανδρον
3475 5380 3565 5433 τὸν
3599 5381 3682 5434 ol-

2087 5521 2352 5606 templtt_m
2405 5540 2420 5577 :
2477 5523 2799 5606 yilhria‘ca,
2848 5527 2995 5606 Solis
3032 5546 3224 5606 sacra.
3262 5533 3563 5606 iLamprid.
3605 5539 3677 5595 de

390 5590 532 5677 sua;
567 5597 768 5677 multas
821 5596 1154 5677 sacriﬁcant:
1198 5596 1373 5664 Ilujus
1394 5590 1588 5677 \sacris
1633 5611 1742 5650 non
1788 5596 1976 5677 initia-
2055 5590 2434 5677 ‘Gomumdo:
2476 5594 2645 5649 Sacra
2688 5590 2975 5654 Mithriaca
3030 5602 3334 5660 homicidio
3375 5590 3677 5677 verm—pol;

395 5665 590 5729 batur,
619 5667 723 5720 nisi
757 5667 849 5736 qui
889 5681 985 5733 per
1022 5665 1227 5736 gradus
1262 5663 1529 5734 quos‘dam
1564 5676 1972 5721 tormentorum
2080 5663 2206 5736 luit_.

392 5735 459 5786 ad
492 5750 554 5788 ea
592 5735 964 5803 pervenisset,
995 5735 1051 5789 et
1096 5746 1346 5790 sanctum
1396 5751 1454 5790 se
1490 5739 1973 5805 perpessionisque

392 5812 673 5872 expertem
717 5820 841 5861 esse
890 5808 1247 5862 declarasset.
1294 5806 1449 5862 Snid.
1502 5806 1789 5874 Mninion,
1827 5807 1972 5864 Solis

2156 5732 2233 5814 (2)
2294 5733 2348 5787 In
2407 5749 2519 5817 quo
2569 5735 2706 5817 olim
2746 5738 2948 5817 Graeci,
3008 5745 3223 5799 Mithra:
3276 5746 3672 5817 sacriﬁcantes,

2086 5804 2341 5860 homines
2382 5808 2718 5865 tnactabant.
2767 5804 2947 5880 (Socr.
2985 5817 3205 5882 lib..tu,
3232 5834 3352 5885 cap.
3380 5816 3463 5886 2.)
