4054 6430
373 369 477 434 4δῖ

1295 379 1902 446 ECCLESIASTICIE
1943 385 2336 452 HISTORIAZ
2374 394 2526 456 LIB.
2570 396 2637 458 X.

3536 410 3642 474 458

371 483 768 555 κιστὴνὴμῶν,
801 483 894 537 καὶ
918 486 1026 554 πρό
1049 501 1111 554 γε
1151 487 1346 542 τούτου
1377 492 1468 546 τὸν
1498 491 1618 546 θεὸν
1647 494 1741 548 τὸν
1779 495 1920 566 μέγα

2021 532 2029 556 ι
2068 501 2264 559 urbem
2308 516 2550 562 vestram
2582 509 2853 572 condidit,
2891 523 2943 564 ct
2995 529 3104 581 [περ
3145 529 3210 568 eo
3277 530 3534 586 magnum
3565 532 3648 574 at-

368 577 462 630 τδν
495 573 804 644 ἁγιώτατον
852 578 1106 649 Σαράπιν
1155 579 1414 649 αἰδεῖσθε,
1441 581 1538 636 τοῦ
1602 584 1786 637 κοινοῦ
1818 585 1951 654 γοῦν

369 669 520 738 ὑμᾶς
565 669 662 722 καὶ
716 668 1060 738 ἀνθρωπίνου
1114 671 1210 726 καὶ
1265 674 1569 741 πρέποντος
1623 676 1743 740 πῶς
1774 676 1950 740 οὐδεὶς

371 761 591 832 εἰσῆλθε
621 761 815 829 λόγος;
868 764 1168 834 προσθήσω
1189 765 1269 833 δὲ,
1293 767 1377 821 ὅτι
1401 770 1495 823 καὶ
1533 770 1694 840 ἡμῶν
1721 786 1737 801 °
1769 770 1865 835 οὓς
1898 773 1947 824 oi

370 853 486 906 θεοὶ
516 853 741 918 πάντες,
788 856 846 908 ἐν
879 857 1120 928 πρώτοις
1147 859 1205 913 δὲ
1261 861 1354 912 καὶ
1401 862 1428 914 ό
1462 861 1636 932 μέγας
1669 863 1946 932 Σάραπις,

365 944 560 1014 ἄρχειν
593 947 930 1002 ἐδικαίωσαν
967 947 1068 1018 τῆς
1105 951 1441 1022 οἰκουμένης
1464 968 1482 984 ο
1513 947 1596 1014 οἷς
1631 953 1846 1024 πρέπον
1882 951 1948 1024 ἦν

363 1041 465 1106 τὴν
493 1035 634 1108 ὑπὲρ
662 1038 773 1091 τῶν
801 1038 1144 1110 ἠδικηκότων
1173 1043 1318 1111 ὑμᾶς
1352 1043 1592 1112 φυλάξαι
1622 1044 1944 1115 διάγνωσιν.

375 1129 518 1182 Ἀλλ’
544 1130 684 1200 ὀργὴ
714 1131 876 1200 τυχδν
913 1131 1045 1196 ἴσως
1080 1134 1226 1204 ὑμᾶς
1257 1135 1575 1208 ἐξηπάτησε
1612 1139 1708 1191 καὶ
1734 1137 1908 1208 θυμός
1928 1155 1942 1168 ·

362 1222 538 1293 ὅσπερ
565 1217 662 1276 οὖν
691 1221 852 1277 εἴωθε
886 1228 953 1279 τὰ
972 1226 1121 1281 δεινὰ
1151 1228 1438 1298 πράττειν,
1457 1229 1559 1292 τὰς
1597 1230 1808 1300 φρένας
1843 1247 1943 1302 με-

365 1311 628 1375 τοικίσας.
655 1309 790 1368 Εἶτα
815 1315 914 1384 τῆς
939 1318 1118 1388 ὁρμῆς
1148 1320 1591 1388 άναστείλαντες,
1620 1323 1738 1385 τοῖς
1764 1339 1945 1393 παρα-

364 1407 556 1475 χρῆμα
587 1404 1040 1476 βεϐουλευμένοις
1083 1413 1264 1476 καλῶς
1293 1413 1524 1484 ὕστερον
1555 1416 1804 1486 ἐπήγαγε
1843 1418 1944 1487 τὴν

363 1499 735 1567 παρανομίαν.
768 1499 906 1554 Οὐδὲ
929 1501 1262 1574 ῂσχύνθητε,
1296 1505 1470 1576 δῆμος
1517 1506 1694 1575 ὄντες,
1735 1510 1942 1578 τολμῆ-

364 1601 456 1638 σαι
517 1585 714 1654 ταῦτα,
773 1590 859 1659 ἐφ’
895 1586 980 1654 οἷς
1039 1594 1285 1658 ἐκείνους
1342 1599 1648 1666 ἐμισήσατε
1689 1599 1938 1664 δικαίως.

364 1670 568 1727 Εἴπατε
601 1675 712 1744 γάρ
747 1693 860 1747 μοι,
897 1681 1034 1752 πρὸς
1082 1683 1178 1736 τοῦ
1210 1685 1547 1755 Σαράπιδος,
1582 1688 1724 1761 ὑπὲρ
1770 1691 1940 1745 ποίων

364 1763 718 1835 ἀδικημάτων
750 1769 1129 1842 ἐχαλεπήνατε
1160 1775 1454 1847 Γεωργίῳ;
1486 1779 1591 1830 Τὸν
1650 1781 1938 1852 μακαριὼ-

368 1868 532 1908 τατον
556 1857 961 1928 Κωνστάντιον,
982 1841 1169 1935 ἐρεῖτε
1195 1841 1488 1938 δήπουθεν,
1518 1872 1600 1924 ὅτι
1635 1841 1760 1927 καθ’
1781 1841 1938 1945 ημῶν
1973 1841 2013 1900 Β

371 1946 720 2014 παρώξυνεν·
767 1947 888 2005 εἶτα
944 1956 1247 2026 εισήγαγεν
1305 1962 1388 2024 είς
1425 1962 1527 2030 τὴν
1577 1964 1734 2036 ίερὰν
1780 1968 1938 2022 πόλιν

369 2042 727 2108 στρατόπεδον
746 2057 761 2074 ·
805 2047 902 2099 καὶ
953 2049 1258 2103 κατέλαϐεν
1287 2053 1316 2105 ὁ
1370 2057 1680 2126 στρατηγὸς
1708 2059 1810 2129 τῆς
1842 2061 1938 2112 Ai-

360 2128 566 2194 γύπτου
595 2133 656 2186 τὸ
677 2134 988 2203 ἁγιώτατον
1013 2140 1240 2209 τέμενος
1265 2141 1360 2195 τοῦ
1393 2143 1556 2209 Θεοῦ,
1580 2128 1937 2220 άποσυλήσας

355 2223 563 2277 ἐκεῖθεν
625 2227 844 2292 εἰκόνας
884 2230 982 2283 καὶ
1029 2232 1364 2304 ἀναθήματα
1416 2238 1514 2291 καὶ
1569 2239 1663 2293 τὸν
1717 2243 1776 2294 ἐν
1823 2247 1936 2304 τοῖς

355 2317 524 2384 ἱεροῖς
577 2318 806 2389 κόσμον,
841 2323 998 2393 ὑμῶν
1031 2324 1499 2393 ἀγανακτούντων
1549 2331 1799 2398 εἰκότως,
1841 2335 1935 2387 καὶ

351 2410 714 2479 πειρωμένων
763 2414 998 2484 ἀμύνειν
1045 2418 1125 2488 τῷ
1181 2419 1324 2491 Θεῷ,
1349 2422 1559 2490 μᾶλλον
1585 2423 1644 2478 δὲ
1693 2429 1809 2491 τοῖς
1836 2428 1932 2482 τοῦ

349 2499 485 2554 Θεοῦ
523 2503 826 2572 κτήμασιν.
863 2505 922 2560 Ὀ
958 2507 1015 2560 δὲ
1065 2509 1370 2582 ἐτόλμησεν
1429 2515 1560 2584 ὑμῖν
1615 2517 1932 2588 ἐπιπέμψαι

349 2593 474 2656 τοὺς
503 2594 737 2660 ὁπλίτας
781 2598 986 2663 ἀδίκως
1039 2602 1136 2656 καὶ
1170 2605 1506 2677 παρανόμως
1536 2607 1632 2662 καὶ
1675 2610 1890 2675 ἀσεϐῶς
1914 2628 1927 2642 °

350 2685 481 2749 ῖσως
497 2686 775 2759 Γεώργιον
817 2692 1018 2759 μᾶλλον
1041 2693 1072 2764 ἢ
1107 2696 1202 2750 τὸν
1231 2698 1623 2754 Κωνστάντιον
1649 2702 1928 2771 δεδοικὼς,

347 2778 538 2833 ἐαυτὸν
564 2783 1012 2851 παρεφύλαττεν,
1046 2790 1096 2841 εί
1121 2791 1495 2865 μετριώτερον
1533 2796 1665 2866 ὑμῖν
1705 2798 1804 2850 καὶ
1831 2815 1929 2852 πο-

347 2869 720 2944 λιτικώτερον,
751 2877 890 2930 ἀλλὰ
921 2879 996 2950 μὴ
1024 2883 1504 2957 τυραννικώτερον
1524 2891 1922 2962 προσεφέρετο.

345 2963 564 3018 Τούτων
611 2965 706 3020 οὖν
761 2967 948 3022 ἕνεκεν
1011 2973 1363 3044 ὀργιζόμενοι
1416 2979 1496 3050 τῷ
1545 2979 1688 3044 Θεοῖς
1741 2982 1924 3053 ἐχθρῷ

343 3055 624 3129 Γεωργίῳ,
675 3059 774 3131 τὴν
838 3063 996 3133 ἱερὰν
1047 3067 1204 3129 αὖθις
1258 3069 1522 3138 ἐμιάνατε
1558 3073 1736 3136 πόλιν,
1800 3074 1922 3141 ἐξὸν

344 3145 674 3200 ὑποϐάλλειν
701 3150 864 3202 αὐτὸν
895 3154 1020 3214 ταῖς
1047 3154 1158 3208 τῶν
1193 3155 1467 3210 δικαστῶν
1500 3159 1728 3230 ψήφοις.
1762 3162 1920 3216 Οὕτω

343 3235 452 3306 γὰρ
469 3238 682 3304 ἐγίνετο
707 3240 774 3292 ἂν
797 3241 857 3293 ού
878 3242 1061 3309 φόνος,
1079 3244 1202 3297 οὐδὲ
1228 3250 1553 3317 παρανομία
1575 3250 1638 3302 τδ
1660 3252 1917 3320 πρᾶγμα,

341 3330 468 3398 δίκη
501 3332 557 3385 δὲ
591 3333 860 3404 ἐμμελὴς,
896 3335 1042 3405 ὑμᾶς
1105 3338 1204 3406 μὲν
1232 3338 1445 3404 ἀθώους
1497 3343 1675 3413 πάντη
1712 3345 1921 3413 φυλάτ-

337 3441 530 3489 τουσα,
566 3430 962 3499 τιμωρουμένη
1001 3433 1102 3497 μὲν
1129 3433 1222 3484 τὸν
1256 3433 1453 3488 ἀνίατα
1481 3437 1915 3509 δυσσεϐήσαντα,

337 3517 754 3588 σωφρονίζουσα
803 3521 860 3576 δὲ
916 3523 1047 3587 τοὺς
1101 3526 1300 3590 ἄλλους
1361 3529 1595 3596 πάντας,
1656 3534 1773 3587 ὅσοι
1805 3536 1916 3588 τῶν

336 3607 473 3662 θεῶν
497 3611 827 3684 ὀλιγωροῦσι
852 3656 867 3681 ,
903 3619 996 3671 καὶ
1024 3620 1250 3688 προσέτι
1280 3621 1378 3686 τὰς
1409 3624 1666 3689 τοιαύτας
1697 3626 1906 3692 πόλεις,

335 3700 428 3754 καὶ
457 3703 586 3768 τοὺς
623 3705 925 3772 άνθοῦντας
955 3708 1166 3780 δήμους
1196 3714 1255 3766 ἐν
1283 3713 1462 3768 οὐδενὶ
1500 3718 1780 3785 τίθενται,
1811 3721 1915 3790 τῆς

331 3795 549 3851 ἑαυτῶν
608 3798 666 3852 δέ
728 3801 1022 3856 ποιοῦνται
1086 3807 1373 3877 πάρεργον
1440 3809 1761 3876 δυναστείας
1817 3814 1916 3885 τὴν

333 3885 455 3940 κατ’
483 3889 709 3944 ἐκείνων
735 3890 1018 3965 ὠμότητα.
1067 3897 1457 3968 Παραϐάλλετε
1490 3903 1676 3958 τοίνυν
1705 3905 1911 3978 ταύτην

335 3997 437 4048 μου
466 3980 566 4053 τὴν
611 3983 926 4058 ἐπιστολὴν,
1051 3991 1235 4063 μικρῷ
1293 3995 1532 4064 πρόσθεν
1577 3998 1906 4056 ἐπέστειλαο

335 4071 517 4125 καὶτὸ
568 4073 826 4146 διάφορον
883 4082 1308 4152 κατανοήσατεσ
1363 4086 1572 4151 πόσους
1604 4088 1704 4159 μὲν
1752 4091 1907 4162 ὑμῶν

335 4161 586 4228 ἐπαίνους
618 4166 860 4237 ἔγραφον
894 4172 1052 4225 τότεο
1083 4176 1204 4229 νυνὶ
1245 4177 1326 4242 δὲ,
1355 4180 1432 4247 μὰ
1471 4180 1602 4244 τοὺς
1633 4161 1819 4250 θεοὺς,
1850 4187 1908 4239 ὀ-

335 4255 498 4321 φείλω
529 4255 682 4326 ὑμᾶς
703 4264 952 4318 ἐπαινεῖν
977 4305 991 4332 ,
1031 4267 1094 4320 οὐ
1123 4267 1363 4340 δύναμαι
1393 4271 1450 4324 δέ
1487 4271 1580 4327 διὰ
1602 4274 1702 4346 τὴν
1725 4295 1906 4349 παρα-

331 4349 542 4415 νομίαν.
593 4352 783 4424 Τολμᾷ
832 4355 1036 4427 δῆμος,
1091 4358 1282 4432 ὥσπερ
1311 4365 1362 4415 οί
1394 4365 1578 4432 κύνες,
1609 4369 1905 4437 ἄνθρωπον

325 4446 706 4512 σπαράττειν;
755 4443 893 4502 Εἶτα
947 4452 1050 4506 οὐκ
1097 4455 1418 4525 αἰσχύνεται
1471 4460 1567 4512 καὶ
1607 4462 1904 4530 φυλάττειν

323 4532 572 4604 καθαρὰς
596 4538 697 4602 τὰς
721 4543 942 4610 χεῖρας,
973 4543 1049 4609 ὡς
1079 4549 1386 4616 προσάγειν
1417 4551 1556 4620 πρὸς
1583 4553 1710 4616 τοὺς
1741 4555 1898 4620 θεοὺς
1929 4583 1975 4641 ι)

323 4624 555 4693 αἵματος
593 4630 1045 4702 καθαρευούσας;
1095 4636 1260 4692 Ἀλλὰ
1310 4639 1590 4712 Γεὼργιος
1628 4643 1781 4710 ἄξιος
1830 4644 1899 4716 ἦν

321 4713 418 4766 τοῦ
443 4718 667 4773 τοιαῦτα
703 4723 926 4792 παθεῖν;
964 4728 1058 4780 καὶ
1089 4728 1301 4785 τούτων
1333 4731 1465 4796 ῖσως
1493 4733 1605 4803 ἐγὼ
1631 4739 1800 4809 φαίην
1831 4739 1898 4793 ἂν

317 4805 542 4878 χείρονα
573 4813 667 4865 καὶ
691 4803 1006 4889 πικρότερα
1025 4831 1043 4850 °
1073 4822 1168 4874 καὶ
1197 4823 1268 4876 δι’
1321 4824 1466 4893 ὑμᾶς
1501 4803 1716 4898 spatiis;
1746 4803 1897 4900 Σύμ-

317 4917 463 4970 φημι
498 4905 594 4958 καὶ
620 4907 805 4974 αὐτός.
856 4911 1000 4982 Παρ⁹
1050 4914 1206 4986 ὑμῶν
1243 4917 1322 4984 δὲ,
1363 4919 1412 4972 εί
1449 4921 1666 4989 λέγοιτο
1711 4923 1893 4991 τοῦτο,

315 4991 501 5046 οῖικέτι
550 4999 864 5070 συτχωρῶο
895 5003 1052 5073 νόμοι
1110 5007 1220 5078 γὰρ
1273 5009 1415 5064 εἰσὶν
1453 5009 1546 5077 οὓς
1591 5013 1698 5086 χρὴ
1733 5020 1898 5086 τιμᾶ-

318 5079 477 5134 σθαιο
515 5086 758 5153 μάλιστα
805 5091 908 5160 μὲν
947 5095 1055 5148 ὑπὸ
1110 5100 1336 5155 πάντων
1369 5103 1479 5174 ίδίᾳ
1511 5079 1894 5180 καῖ’-στέρξε-

317 5170 442 5226 σθαι
467 5193 482 5208 ο
512 5179 653 5249 πλὴν
688 5183 878 5256 ἐπειδὴ
917 5188 1214 5264 συμϐαίνει
1243 5193 1352 5247 τῶν
1377 5170 1718 5252 καθέκαστόν
1740 5170 1893 5266 τινας

312 5274 678 5339 παρανομεῖν,
728 5275 866 5330 ἀλλὰ
894 5279 963 5334 τὰ
1005 5283 1176 5347 κοινὰ,
1195 5285 1326 5353 γοῦν
1357 5288 1709 5357 εὐνομεῖσθαι
1757 5294 1889 5365 χρὴ.

309 5357 405 5410 καὶ
435 5363 757 5436 πειθαρχεῖν
783 5374 896 5434 τοῖς
935 5374 1127 5444 νόμοις
1157 5379 1326 5448 ὑμᾶς,
1357 5381 1454 5435 καὶ
1501 5382 1576 5452 μὴ
1613 5357 1890 5456 παραϐαί-

305 5465 420 5504 νειν
449 5453 664 5528 ὅσαπερ
697 5459 758 5526 ἐξ
794 5463 972 5537 ἀρχῆς
1026 5470 1292 5542 ἐνομίσθη
1345 5475 1550 5540 καλῶς.
1589 5453 1888 5552 Εύτύχημα

301 5546 528 5611 γέγονεν
562 5551 716 5622 ὑμῖν,
744 5555 939 5627 ἄνδρες
973 5559 1376 5634 Ἀλεξανδρεῖς,
1413 5567 1500 5620 ἐπ’
1538 5569 1675 5639 ἐμοῦ

307 5636 541 5709 μελῆσαι
596 5645 810 5701 τοιοῦτό
842 5663 934 5702 τι⁶
973 5651 1033 5717 ὃς
1090 5655 1234 5709 αἰδοῖ
1265 5660 1332 5729 τῇ
1395 5661 1536 5732 πρὸς
1573 5636 1679 5736 ⁷τὸν
1726 5636 1882 5731 Θεδν,

304 5727 399 5780 καὶ
430 5729 518 5784 διὰ
547 5734 640 5788 τὸν
663 5735 806 5791 θεῖον
834 5743 928 5796 τὸν
964 5744 1099 5814 ἐμὸν
1135 5750 1231 5800 καὶ
1263 5727 1581 5821 ὁμώνυμον,
1611 5731 1671 5821 δς
1714 5727 1883 5828 ἦρξεν

312 5818 483 5893 αὐτῇς
514 5843 575 5880 τε
603 5829 885 5896 Αίγύπτου
911 5835 1132 5908 καὶτῆς
1160 5818 1439 5910 ὑμετέρας
1459 5818 1702 5918 πόλεως,

543 5923 816 5991 Panos.
849 5934 966 5994 Gn.
999 5933 1235 6005 CXLVI

2056 607 2165 661 que
2196 598 2607 654 sanctissimum
2635 602 2794 655 deum
2833 605 3151 672 Serapidem
3193 623 3300 661 non
3346 612 3638 675 veremini,

2054 688 2330 752 quomodo
2361 691 2568 759 publici
2594 696 2892 761 commodi,
2927 698 3292 754 humanitatis
3335 712 3388 756 et
3445 706 3635 760 decori

2053 775 2260 830 nullam
2298 794 2530 848 prorsus
2585 785 2856 838 rationem
2910 788 3224 843 habuistis?
3281 794 3424 846 addo
3471 799 3638 850 etiam

2053 870 2279 926 nostri?
2313 887 2455 942 quos
2489 875 2564 928 dii
2597 892 2816 940 omnes,
2871 880 2926 932 in
2986 883 3179 948 primis
3228 900 3360 939 vero
3407 904 3639 957 magnus

2055 960 2302 1032 Serapis,
2339 967 2617 1034 imperare
2645 970 2742 1023 toti
2779 970 2900 1024 orbi
2947 974 3262 1030 voluerunt.
3323 979 3639 1036 Convenie-

2051 1052 2147 1106 bat
2177 1066 2350 1121 certe,
2391 1060 2749 1129 utjudicium
2781 1063 2848 1117 de
2904 1065 2973 1119 iis
3017 1068 3109 1133 qui
3165 1069 3424 1138 injuriam
3477 1075 3636 1132 vobis

2053 1148 2317 1215 intulere,
2362 1151 2526 1207 nobis
2561 1168 2968 1214 reservaretur.
3024 1162 3128 1216 Sed
3173 1165 3249 1219 ira
3296 1166 3537 1224 fortasse
3577 1185 3638 1228 et

2049 1236 2205 1293 furor
2251 1257 2351 1296 vos
2401 1241 2670 1315 decepit:
2705 1249 2800 1317 qui
2851 1266 2983 1305 sane
3026 1265 3265 1309 mentem
3314 1259 3636 1317 hominibus

2047 1330 2336 1398 auferens,
2383 1337 2572 1406 gravia
2605 1340 2749 1394 solet
2788 1341 3092 1400 admittere
3139 1347 3366 1418 ﬂagitia.
3427 1353 3636 1410 Deinde

2048 1433 2234 1478 autem
2265 1425 2474 1498 impetu
2507 1429 2724 1495 sedato,
2770 1435 3031 1499 consilio,
3081 1445 3228 1508 quod
3263 1443 3448 1498 subito
3484 1457 3634 1501 recte

2047 1515 2205 1570 vobis
2233 1527 2455 1586 captum
2493 1531 2639 1588 erat,
2694 1539 2819 1579 mox
2876 1543 2975 1596 per
3005 1541 3386 1604 contemptum
3427 1537 3632 1607 legum,

2045 1605 2156 1658 vim
2205 1607 2486 1676 publicam
2525 1613 2809 1683 adjecistis
2841 1636 2855 1672 :
2891 1636 3068 1691 neque
3114 1641 3232 1690 vos,
3281 1629 3373 1697 qui
3442 1605 3633 1701 populi

2048 1698 2272 1754 nomine
2319 1705 2652 1768 censemini,
2710 1724 2774 1763 ea
2813 1719 3026 1768 tentare
3076 1725 3133 1769 et
3177 1717 3359 1774 facere
3407 1723 3631 1791 puduit,

2044 1804 2168 1857 quae
2205 1790 2259 1845 in
2320 1793 2428 1848 illis
2485 1809 2634 1852 recte
2689 1802 3129 1869 reprehendistis
3182 1818 3350 1879 atque
3404 1790 3626 1870 odistis.

2048 1881 2222 1938 Dicite
2257 1900 2499 1954 namque
2537 1890 2692 1956 milii,
2732 1909 2828 1960 per
2873 1894 3220 1965 Serapidem.
3262 1919 3513 1972 quzenam
3558 1908 3631 1963 ob

2043 1969 2242 2027 delicta
2269 1974 2506 2046 Georgio
2539 1985 2943 2040 suscensuistis
2967 1988 2990 2039 ?
3015 1985 3429 2057 Beatissimnm,
3472 1999 3626 2052 vide-

2039 2060 2204 2128 licet,
2261 2065 2504 2135 dicetis,
2563 2069 2955 2130 Constantium
3023 2081 3078 2134 in
3140 2098 3243 2137 nos
3301 2090 3626 2154 commovit,

2039 2153 2246 2213 deinde
2285 2159 2339 2212 in
2387 2161 2581 2216 urbem
2628 2181 2844 2220 sacram
2895 2175 3202 2230 exercitum
3260 2177 3512 2248 induxit;
3569 2195 3628 2238 et

2046 2247 2273 2319 Λέαγρῖί
2341 2253 2658 2322 pra~fectus,
2718 2259 2813 2314 ubi
2879 2267 3295 2324 sanctissimum
3345 2273 3440 2327 Dei
3484 2247 3626 2330 tem-

2039 2339 2188 2408 plum
2222 2340 2446 2406 invasit,
2515 2346 2803 2417 imagines,
2857 2353 3110 2423 donaria,
3161 2372 3218 2414 et
3265 2378 3483 2420 sacrum
3535 2384 3628 2421 or-

2033 2612 2214 2683 Atque
2257 2617 2350 2673 ille
2401 2635 2646 2681 armatos
2704 2629 2759 2683 in
2820 2647 2919 2688 vos
2974 2635 3184 2707 inique,
3246 2641 3533 2713 iiiegitime
3563 2638 3620 2703 et

2033 2705 2203 2776 impie
2252 2711 2550 2770 immittere
2607 2728 2694 2774 est
2745 2736 2958 2790 ausus,
3023 2727 3267 2787 fortasse
3315 2734 3616 2809 Georgium

2033 2800 2208 2868 magis
2254 2818 2421 2873 quam
2456 2805 2848 2867 Constantium
2901 2827 3158 2876 metuens
3209 2840 3222 2876 :
3270 2827 3364 2890 qui
3417 2830 3618 2888 melius

2028 2889 2244 2960 sibiipsi
2295 2897 2706 2969 consuluisset,
2767 2905 2813 2958 si
2866 2908 3156 2966 moderate
3211 2915 3499 2972 vobiscum
3555 2935 3613 2977 et

2025 2982 2289 3051 civiliter,
2320 3003 2425 3044 nec
2458 3003 2564 3045 tam
2595 3000 2884 3065 tyrannica
2914 3002 3139 3070 egisset.
3186 3009 3290 3077 21
3353 3011 3611 3070 SCdCttlttl

2025 3091 2120 3129 eas
2157 3077 2230 3131 ob
2274 3079 2508 3152 injurias
2557 3087 2789 3144 deorum
2859 3093 3006 3150 hosti
3073 3098 3313 3171 Georgio
3379 3107 3607 3172 infensi,

1946 3210 1991 3273 ϐ
2025 3183 2243 3223 sacram
2291 3172 2511 3241 piaculo
2549 3182 2978 3240 contaminastis
3027 3190 3244 3256 urbem,
3295 3213 3419 3250 cum
3455 3201 3611 3257 illum

2020 3261 2269 3331 judicum
2300 3268 2532 3324 calculis
2560 3274 2836 3344 subjicere
2863 3285 3182 3346 potueritis.
3211 3287 3301 3343 Sic
3333 3295 3480 3347 enim
3517 3311 3608 3353 res

2023 3370 2086 3409 ea
2121 3371 2230 3410 non
2266 3360 2469 3425 caedes,
2499 3381 2674 3435 neque
2700 3370 2878 3439 legum
2902 3376 3148 3444 violatio,
3175 3382 3268 3434 scd
3300 3385 3610 3454 legitimum

2022 3446 2217 3505 fuisset
2271 3453 2548 3523 judicium
2604 3478 2617 3512 ε
2672 3466 2820 3531 quod
2898 3485 2994 3522 vos
3049 3474 3275 3541 quidem
3339 3479 3612 3540 innocuos

2019 3557 2434 3613 conservassel,
2475 3551 2631 3605 illum
2679 3567 2864 3612 autem
2917 3563 3010 3630 qui
3063 3569 3298 3624 maxima
3332 3579 3611 3634 commisit

2017 3635 2292 3704 facinora,
2339 3647 2718 3711 coercuisset,
2773 3665 2936 3721 atque
2981 3671 3174 3713 omnes
3227 3677 3493 3730 prietcrca
3541 3675 3608 3726 ast

2017 3729 2303 3786 meliorem
2371 3734 2583 3806 frugem
2657 3743 3001 3812 reduxisset,
3070 3753 3162 3821 qui
3228 3757 3362 3814 deos
3412 3773 3608 3818 conte-

2015 3833 2236 3887 mnunt,
2268 3835 2322 3880 et
2354 3836 2537 3884 tantas
2573 3835 2738 3889 urbes
2769 3845 3115 3913 populosque
3151 3848 3416 3908 ﬂorentes
3448 3857 3604 3911 nihili

2011 3913 2242 3979 faciunt,
2297 3925 2670 3994 potestatique
2742 3947 2878 3993 sum,
2923 3937 3192 3994 adversus
3268 3945 3395 4001 illos
3440 3966 3600 4004 sevc-

2013 4005 2267 4076 ritatcm,
2343 4017 2573 4082 perinde
2631 4029 2799 4090 atque
2858 4032 3234 4090 accessionem
3297 4045 3596 4110 quamdam

2011 4100 2304 4171 adjiciunt.
2362 4106 2626 4166 Conferte
2691 4115 2835 4172 lianc
2897 4137 3024 4177 cum
3084 4141 3147 4180 ea
3212 4100 3377 4200 qua-iu
3433 4147 3600 4207 pauiu

2011 4201 2148 4247 ante
2194 4196 2262 4247 ad
2302 4212 2398 4251 vos
2447 4202 2574 4255 dedi
2625 4207 2886 4276 epistola,
2935 4226 2989 4267 et
3037 4196 3306 4285 quantum
3358 4196 3504 4282 inter
3539 4249 3599 4288 se

2007 4279 2632 4356 diﬂ‘erantcognoscite.
2668 4297 2817 4360 Quas
2837 4303 2991 4355 enim
3024 4279 3137 4360 tum
3174 4312 3243 4365 ad
3276 4329 3374 4370 vos
3403 4319 3601 4379 laudes

2007 4373 2249 4442 scripsi?
2283 4375 2443 4433 Nune
2463 4396 2626 4448 vero,
2661 4402 2761 4456 per
2791 4392 2926 4445 deos
2957 4393 3106 4462 ipsos
3127 4399 3276 4468 juro,
3309 4405 3595 4465 laudarem

2008 4465 2236 4533 quidem
2279 4484 2378 4523 vos
2438 4473 2703 4544 libenter,
2766 4483 2945 4539 facere
3006 4488 3062 4541 id
3122 4465 3305 4547 autem
3367 4512 3596 4570 propter

2005 4553 2160 4626 leges
2187 4558 2421 4616 violatas
2451 4582 2696 4636 nequeo.
2735 4573 2990 4632 Audetne
3033 4585 3295 4652 p0pulus,
3335 4553 3394 4642 ui
3427 4553 3594 4650 cdnes

2003 4651 2205 4714 solent,
2257 4652 2540 4711 hominem
2583 4659 2948 4734 discerpere?
3000 4671 3207 4730 Deinde
3249 4651 3404 4735 illum
3457 4686 3584 4755 ejus

2003 4742 2081 4796 rei
2120 4743 2261 4798 nihil
2307 4749 2500 4817 pudet,
2561 4768 2744 4825 neque
2803 4776 2975 4829 puras
3018 4782 3219 4826 manus
3254 4788 3592 4834 conservare

2001 4845 2186 4900 curat,
2241 4847 2303 4892 ut
2353 4857 2449 4897 eas
2501 4845 2713 4916 absque
2767 4856 3056 4924 sanguinis
3113 4867 3590 4929 contaminatione

1998 4925 2270 4985 innocuas
2310 4934 2380 4988 ad
2430 4935 2567 4993 deos
2621 4945 2853 4998 tendat?
2898 4947 3099 5006 Verum
3149 4955 3443 5032 Georgius,
3492 4972 3586 5038 qui

1999 5019 2128 5074 talia
2178 5035 2486 5095 pateretur,
2538 5032 2742 5104 dignus
2796 5052 2920 5096 erat
2958 5060 2974 5098 :
3007 5047 3120 5103 imo
3171 5019 3443 5124 fortasse;
3486 5019 3586 5131 algu

3414 5112 3428 5124 ,
3518 5112 3580 5131 υ.

2001 5112 2262 5183 dixerim,
2305 5120 2456 5177 hisce
2509 5127 2766 5192 graviora
2814 5143 2872 5188 et
2927 5141 3221 5198 acerbiora
3259 5163 3274 5200 :
3311 5157 3369 5204 et
3402 5166 3584 5210 vestra

1995 5225 2161 5268 causa
2214 5215 2457 5276 dicetis?
2510 5222 2662 5278 Idem
2711 5243 2817 5298 ego
2859 5247 3083 5304 quoque
3127 5239 3252 5295 dico
3290 5263 3304 5298 :
3342 5245 3425 5300 sin
3471 5259 3582 5304 uta

1994 5305 2154 5361 vobis
2190 5307 2308 5365 haec
2339 5323 2650 5385 pateretur,
2701 5321 2923 5389 dicatis,
2978 5328 3030 5382 id
3056 5332 3169 5401 jam
3205 5351 3316 5391 non
3348 5354 3582 5396 conces-

1991 5400 2184 5453 serim.
2232 5402 2404 5474 Leges
2452 5408 2603 5464 enim
2669 5426 2822 5482 sunt,
2871 5436 2996 5489 quae
3043 5400 3246 5482 delicta
3295 5445 3578 5490 coercent.

1991 5490 2064 5546 Et
2119 5495 2363 5550 maxime
2419 5502 2645 5568 quidem
2704 5524 2804 5576 pro
2839 5527 2898 5566 se
2931 5516 3169 5586 quisque
3205 5522 3450 5580 universi
3482 5543 3577 5584 eas

1992 5599 2221 5641 servare
2248 5588 2476 5645 debent.
2508 5593 2577 5648 Et
2603 5602 2861 5666 quamvis
2896 5607 3136 5672 accidat,
3170 5621 3230 5665 ut
3262 5630 3327 5668 ex
3359 5618 3577 5677 civibus

1988 5679 2246 5733 nonnulli
2281 5692 2476 5738 contra
2507 5687 2655 5757 leges
2690 5705 2877 5761 agant,
2925 5703 3240 5769 respublica
3279 5715 3462 5764 tamen
3517 5723 3575 5768 et

1984 5768 2227 5837 populus
2258 5771 2377 5841 ipse
2430 5776 2646 5848 legibus
2682 5787 2797 5854 regi
2857 5798 2916 5842 et
2951 5768 3446 5858 constitutionibus
3474 5821 3576 5874 pa-

1985 5874 2128 5929 rere,
2162 5879 2344 5935 neque
2376 5884 2500 5939 qua
2526 5873 2597 5928 ab
2633 5874 2796 5934 initio
2836 5895 2987 5940 recte
3023 5897 3232 5945 statuta
3265 5905 3419 5965 sunt,
3451 5873 3572 5953 vio-

3061 5984 3127 6043 15
