4054 6430
473 383 580 444 453
1706 371 1752 431 N
1767 369 2124 431 lCEPllORI
2164 368 2512 428 CALLISTI
3628 372 3731 434 464

475 495 754 551 damnarit
811 501 975 560 alque
1042 487 1272 553 necarit,
1335 488 1388 540 id
1442 486 1773 540 humanitati
1817 500 1932 539 stne
1961 499 2053 538 ac-

2173 481 2386 533 [ιλεῖστα
2422 481 2513 534 καὶ⁸
2569 482 2806 550 μέγιστα
2843 485 3041 549 αὐτούς
3071 501 3127 538 τε
3166 483 3454 554 ήδίκησαν,
3511 486 3604 538 καὶ
3649 488 3729 544 εἰς

474 594 636 652 cepto
682 583 852 636 latum
903 578 1099 632 voluit.
1155 575 1372 646 Objccit
1426 585 1609 629 autem
1639 573 1892 628 criminis
1919 574 2044 627 loco

2173 576 2311 637 ιεοὶος
2340 575 2671 644 ἐξήμαρτον,
2697 579 2768 632 τὰ
2809 582 2872 634 ἐκ
2922 580 3158 633 παλαιοῦ
3187 579 3371 632 αὑτῶν
3409 578 3731 640 καθελόντες

475 676 596 728 viro
645 675 720 737 ei,
778 671 925 742 quod
985 686 1051 724 ex
1099 670 1312 725 Gazaeis
1356 666 1626 738 quosdam
1671 666 1963 721 seditionis
1990 675 2046 720 et

2173 662 2376 730 ςεμένη,
2439 663 2668 729 δικαίως
2714 666 3025 737 ήμύναντο;
3062 669 3169 722 Καὶ
3199 668 3266 721 τὰ
3301 668 3400 738 μὲν
3452 667 3595 720 οὕτω
3623 669 3731 721 διε-

474 767 641 822 caedis
670 768 790 837 ejus
836 773 1093 818 auctores
1135 761 1570 831 comprehensos
1604 759 1816 814 carceri
1866 759 2048 813 inclu-
2157 758 2462 828 θρυλλεῖτο.

475 862 663 924 sisset,
705 874 896 928 pmnas
923 857 996 914 ab
1025 871 1094 912 eo
1117 858 1332 928 legibus
1367 869 1622 926 poscens.
1668 873 1686 905 ι
1716 852 1861 919 Quid
1893 852 2042 907 enim
2083 851 2357 916 criminis,
2424 851 2627 922 inquit,
2704 853 3071 916 admiserunt,
3121 855 3166 910 si
3218 871 3421 925 paucos
3471 854 3728 910 Galilzros

470 955 543 1008 ob
575 953 844 1024 plurimas
897 951 1368 1024 gravissimasque
1414 948 1484 1004 ab
1531 949 1613 1002 eis
1667 956 1923 1014 acceptas
1999 945 2250 1015 injurias,
2325 946 2398 1000 ob
2466 947 2701 1002 violatos
2729 949 2887 1012 deos,
2921 961 2976 1003 et
3009 959 3226 1005 vetusta
3263 965 3456 1004 eorum
3523 950 3730 1019 templa

469 1061 685 1108 eversa,
717 1045 960 1115 legitima
1004 1043 1250 1098 vindicta
1285 1051 1413 1097 sunt
1469 1042 1618 1096 ulti?
1647 1060 1664 1091 ι
1703 1041 1884 1109 Atque
1933 1039 2047 1092 haec
2083 1038 2308 1108 quidem
2349 1039 2420 1093 ita
2458 1049 2586 1094 sunt
2611 1042 2838 1112 jactata.

545 1143 624 1198 Eo
653 1157 786 1197 vero
816 1151 1069 1212 tempore
1098 1149 1154 1195 et
1178 1138 1425 1193 Hilarion
1458 1138 1548 1192 ille
1580 1139 1723 1191 inter
1749 1135 2048 1189 monachos

472 1234 798 1302 praeclarus,
832 1247 862 1286 a
888 1231 1100 1286 Gazteis
1137 1231 1204 1285 ad
1237 1230 1438 1284 caedem
1473 1229 1757 1299 quazsitus,
1813 1227 1868 1281 in
1899 1225 2045 1280 Sici-

473 1326 602 1378 liam
638 1324 906 1378 abiitzet
959 1322 1104 1391 ligna
1165 1321 1414 1374 humeris
1469 1320 1587 1373 suis
1637 1334 1703 1372 ex
1763 1317 2047 1371 montibus

475 1419 529 1470 in
587 1416 778 1470 urbem
837 1413 1074 1467 vicinam
1126 1412 1334 1474 ferens,
1390 1425 1453 1464 ea
1511 1409 1780 1470 vendidit,
1838 1417 1893 1462 et
1922 1408 2048 1461 inde

475 1507 642 1559 vitam
683 1505 961 1558 toleravit.
1000 1504 1276 1558 Cancrum
1312 1517 1341 1553 a
1373 1502 1494 1554 viro
1527 1500 1792 1568 quodam,
1826 1499 1919 1567 qni
1958 1498 2050 1551 ad-

2226 1135 2361 1188 Τότε
2395 1135 2460 1206 δὴ
2491 1136 2847 1207 καὶΊλαρίων
2875 1139 2904 1191 δ
2936 1139 3287 1210 περιώνυμος
3318 1140 3374 1191 ἐν
3405 1141 3727 1210 μονάζουσι,

2157 1227 2296 1297 πρὸς
2323 1227 2432 1281 τῶν
2487 1228 2737 1293 Γαζαίων
2790 1229 3252 1300 ἐπιζητούμενος,
3305 1230 3443 1301 πρὸς
3483 1231 3736 1282 Σικελίαν

2152 1318 2338 1390 ἀπῆρε
2359 1335 2373 1350 °
2409 1319 2506 1372 καὶ
2537 1320 2669 1385 ξύλα
2690 1324 2804 1385 τοῖς
2830 1321 3004 1392 ὤμοις
3045 1324 3110 1375 ἐκ
3137 1323 3247 1376 τῶν
3277 1323 3450 1392 ὀρέων
3479 1326 3546 1394 τῇ
3581 1323 3735 1376 πόλει

2154 1410 2419 1480 κομίζων.
2459 1412 2738 1477 διεπώλει,
2772 1416 2869 1468 καὶ
2903 1415 2962 1467 τὸ
3010 1414 3114 1486 ζῇν
3142 1416 3452 1486 ἐπορίζετο.
3487 1413 3629 1469 ’Υπό
3669 1432 3736 1482 γε

2157 1504 2269 1573 μὴν
2298 1504 2593 1574 ἐπισήμως
2645 1504 3019 1573 δαιμονῶντος
3055 1504 3250 1574 ἀνδρὸς
3290 1504 3735 1574 καταφωραθεὶς,

479 1597 704 1650 modum
741 1595 1030 1649 dannoniis
1062 1593 1396 1660 exagitatus,
1427 1606 1488 1645 ca
1537 1591 1690 1660 plaga
1729 1606 1828 1660 per
1866 1591 2045 1660 ipsum

2173 1597 2227 1660 ὓς
2251 1595 2571 1660 ἀπαλλάξας
2601 1598 2809 1651 ἐκεῖνον
2848 1599 2947 1668 τῆς
2984 1597 3274 1668 μάστιγος,
3294 1600 3373 1662 είς
3415 1598 3736 1668 Δαλματίαν

478 1691 754 1743 liberatus
809 1688 1014 1751 fuerat,
1076 1686 1380 1747 indicatus,
1437 1685 1491 1738 in
1534 1685 1858 1738 Dalmatiam
1917 1699 2050 1752 pro-

2149 1683 2279 1760 ἧκε.
2309 1687 2490 1742 Πολλὰ
2533 1688 2591 1742 δὲ
2642 1689 2868 1743 κάκεῖσε
2907 1689 3165 1761 θαύματα
3217 1691 3624 1762 ἐργασάμενος,
3657 1691 3736 1752 ὡς

481 1784 662 1834 fectus
701 1791 787 1834 est
825 1798 836 1832 :
873 1779 967 1832 ubi
997 1793 1120 1831 enm
1153 1777 1322 1830 multa
1349 1776 1515 1829 etiam
1568 1775 1833 1830 edidisset
1879 1775 2048 1828 mira-

2173 1779 2290 1850 εὐχῇ
2326 1779 2564 1849 πεδῆσαι
2594 1781 2696 1851 τήν
2749 1781 3057 1846 Θάλασσαν,
3085 1784 3146 1847 ἐξ
3179 1783 3604 1852 ὑπονοστήσεως
3630 1799 3732 1834 κα-

481 1875 624 1936 t-ula,
656 1884 710 1926 et
740 1887 889 1926 mare
923 1879 1090 1923 :cstus
1123 1883 1320 1938 magno
1363 1869 1573 1936 impetu
1624 1876 1829 1922 terram
1887 1867 2054 1920 inun-

479 1969 613 2021 dare
637 1966 862 2019 solitum
889 1964 1143 2017 oratione
1177 1961 1467 2026 vinxisset,
1502 1961 1632 2016 inde
1657 1976 1852 2015 rursus
1875 1961 2052 2015 abiit:

478 2072 660 2129 neque
705 2055 854 2110 enim
915 2055 1156 2108 libenter
1208 2053 1354 2122 apud
1391 2068 1486 2107 eos
1525 2053 1618 2121 qui
1648 2069 1708 2108 se
1739 2053 2052 2117 laudarent,

474 2149 738 2219 degebat.
775 2147 832 2201 In
865 2145 1170 2216 primisque
1205 2144 1389 2199 studio
1440 2144 1700 2207 habebat,
1750 2155 1807 2198 ut
1850 2145 2056 2215 migra-

478 2245 632 2296 tione
685 2239 881 2295 crebra
948 2238 1241 2292 obscurior
1301 2245 1472 2300 esset,
1529 2245 1587 2290 et
1643 2237 2055 2306 quamprimum

481 2330 670 2398 opinio
724 2338 780 2382 et
829 2328 1004 2398 gloria
1054 2328 1122 2380 de
1178 2342 1245 2380 eo
1280 2327 1518 2381 excitata
1552 2326 1917 2381 dilaberetur.
1955 2328 2059 2382 Po-

481 2437 690 2477 stremo
739 2431 924 2476 autem
982 2422 1270 2488 permultis
1320 2420 1392 2474 ob
1451 2436 1573 2474 eam
1627 2435 1750 2489 quae
1797 2419 1942 2474 dicta
1976 2429 2061 2476 est

481 2528 702 2567 causam
735 2511 1042 2582 peragratis
1092 2512 1250 2576 locis,
1293 2509 1532 2580 Cyprum
1569 2511 2058 2580 praeternavigans,

481 2605 731 2674 Paphum
765 2605 1042 2674 pervenit,
1093 2613 1149 2658 et
1195 2619 1223 2656 a
1253 2602 1455 2674 Cyprio
1484 2603 1604 2673 ejus
1637 2604 1902 2672 temporis
1939 2603 2061 2672 epi-

483 2710 652 2763 scopo
709 2693 1013 2755 invitatus,
1074 2693 1221 2745 circa
1279 2691 1608 2762 (Sharybrim
1648 2692 1725 2762 (l)
1758 2693 1854 2761 (ita
1905 2693 2058 2749 enim

485 2787 642 2839 locus
666 2780 1104 2849 nominabatur),
1147 2780 1294 2850 quod
1349 2796 1418 2834 eo
1462 2779 1857 2847 delectaretur,
1893 2781 2064 2851 perli-

487 2883 685 2933 Izenter
731 2877 806 2931 ibi
851 2885 1108 2930 versatus
1141 2884 1246 2938 est,
1308 2875 1630 2932 monasticae
1670 2874 2060 2946 pbiIOSOphiaa,

486 2972 559 3024 ita
595 2979 778 3038 utpar
803 2976 942 3032 erat,
979 2982 1199 3022 vacans.
1239 2967 1546 3033 Quominus
1577 2976 1760 3024 autem
1798 2969 2062 3040 martyrio

486 3064 557 3114 sit
603 3059 849 3122 functus,
901 3059 1028 3128 fuga
1063 3058 1117 3111 in
1149 3072 1319 3112 causa
1355 3057 1481 3112 fuit.
1547 3058 1699 3130 Fuga
1754 3073 1888 3113 vero
1927 3075 2060 3114 usus

2155 1871 2428 1924 τακλύσαι
2461 1873 2560 1942 τήν
2601 1873 2773 1944 ξηρὰν
2811 1874 2992 1944 ὁρμῆς
3021 1875 3278 1944 ἔχουσαν,
3313 1874 3528 1928 ἐκεῖθεν
3569 1873 3737 1928 πάλιν

2161 1968 2478 2034 μεταχωρεῖ
2509 1979 2523 1993 ⁶
2553 1967 2612 2019 οὐ
2645 1968 2755 2036 γὰρ
2787 1966 2984 2036 ἐκείνῳ
3025 1966 3180 2035 φίλον
3223 1967 3377 2038 παρὰ
3409 1969 3522 2030 τοῖς
3573 1968 3737 2019 ἐπαιο

2159 2055 2344 2109 νοῦσιν
2407 2055 2556 2126 ἔχειν
2606 2057 2918 2127 διατριϐήν.
2976 2057 3308 2122 Ἐσπούδαζε
3361 2059 3470 2128 γὰρ
3523 2059 3740 2127 ἀφανὴς

2161 2143 2306 2200 εἷναι
2341 2150 2461 2211 ταῖς
2487 2149 2879 2218 μεταϐάσεσιν,
2915 2150 3054 2204 ὥστε
3091 2150 3328 2221 τάχιστα
3366 2149 3612 2204 διαλύειν
3642 2151 3742 2217 τὴν

2160 2255 2228 2291 πε
2240 2241 2292 2308 pl
2311 2239 2476 2292 αὐτοῦ
2505 2241 2831 2295 ἐπισυνιστα
2841 2243 3010 2313 μένην
3026 2242 3211 2306 δόξαν.
3239 2242 3406 2305 Τέλος
3427 2241 3484 2294 δέ
3508 2242 3741 2304 πολλοὺς

2163 2332 2480 2398 μετοικίσας
2519 2332 2722 2395 τόπους
2757 2332 2828 2386 δι’
2855 2334 3004 2404 άπερ
3036 2337 3370 2403 εἰρήκαμεν,
3403 2333 3740 2403 παραπλέων

2161 2424 2254 2474 καὶ
2283 2422 2531 2494 Κύπρον.
2564 2427 2644 2487 είς
2700 2426 2887 2494 Πάφον
2920 2426 3166 2496 κατῆρεο
3197 2427 3294 2479 καὶ
3326 2426 3478 2496 παρὰ
3521 2423 3612 2478 τοῦ
3646 2441 3744 2494 τηε

2163 2509 2350 2562 νικάδε
2375 2511 2644 2582 Κυπρίων
2680 2511 2846 2584 ίερῶς
2876 2513 3189 2583 ἡγουμένου
3217 2513 3585 2584 προτραπεὶς,
3616 2513 3746 2581 περὶ¹

2167 2601 2454 2674 Χάρυΰριν
2502 2605 2703 2676 (χῶρος
2759 2606 2903 2659 οὓτω
2950 2606 3254 2676 καλεῖται),
3309 2606 3608 2677 ἀγαπήσας
3652 2605 3746 2656 τὸν

2163 2695 2350 2758 τόπον,
2407 2697 2572 2765 φίλην
2619 2699 2862 2750 ἐποιεῖτο
2916 2697 3226 2768 διατριϐήν,
3287 2697 3598 2766 φιλοσοφῶν
3667 2696 3745 2756 ὡς

2165 2787 2334 2850 είκός.
2364 2788 2472 2839 Καὶ
2494 2788 2554 2840 τὸ
2587 2789 2664 2859 μή
2697 2788 2955 2861 μάρτυρα
2976 2788 3233 2857 γενέσθαι
3260 2788 3354 2841 τὸν
3379 2789 3550 2857 ἄνδρα
3568 2787 3742 2840 αἴτιον

2165 2877 2392 2947 γέγονεν
2425 2880 2456 2949 ἡ
2499 2884 2669 2950 φυγή.
2701 2881 2915 2950 Ἐφυγε
2959 2881 3040 2944 δέ,
3075 2881 3268 2935 καθότι
3298 2881 3440 2943 θεῖός
3469 2881 3585 2933 ἐστι
3607 2897 3746 2950 χρη-

2165 2971 2303 3042 σμὸς
2326 2972 2754 3045 ἀποδιδράσκειν
2782 2974 2910 3037 τοὺς
2935 2975 3236 3040 διώκοντας
3258 2991 3273 3005 ⁶
3302 2976 3350 3028 εί
3374 2975 3432 3029 δέ
3461 2976 3744 3045 ληφθεῖεν,

2165 3063 2432 3130 γενναίως
2451 3064 2731 3129 ἵστασθαι,
2759 3066 2854 3118 καλ⁵
2874 3066 3160 3137 κρείττους
3177 3067 3280 3138 τῆς
3303 3068 3412 3120 τῶν
3429 3067 3742 3120 διωκόντων

485 3162 613 3218 est,
670 3161 949 3222 quatenus
1009 3151 1254 3206 divinum
1313 3150 1602 3206 oraculum
1671 3161 2065 3220 persecutores

2173 3156 2417 3227 ἀνάγκης
2451 3159 2840 3212 καθίστασθαι.

491 3246 780 3316 fugiendos
807 3258 930 3299 esse
962 3244 1235 3314 permittit
1267 3263 1280 3299 :
1317 3252 1374 3298 at
1433 3245 1478 3299 si
1527 3244 1654 3314 quis
1691 3246 2228 3317 comprehendatur,
2295 3257 2358 3306 ut
2417 3251 2638 3308 fortiter
2704 3255 3002 3324 consistat,
3032 3263 3088 3309 et
3118 3254 3569 3324 persequentium
3634 3263 3749 3308 tor-

491 3349 678 3394 menta
711 3349 768 3392 et
802 3336 1074 3406 supplicia
1100 3350 1368 3406 generose
1403 3336 1669 3403 perferat,
1699 3352 1838 3407 opus
1868 3347 1998 3410 est.,

1028 3480 1133 3552 25
1179 3478 1410 3535 CAPUT
1453 3481 1541 3536 Ix.

498 3578 573 3629 De
595 3573 991 3629 calamitatibus
1037 3571 1368 3643 iuuPlucnice
1406 3581 1455 3625 et
1500 3572 1763 3643 Heliopoli
1798 3585 1847 3628 et
1880 3575 2073 3631 Emesa

570 3646 808 3699 toleratis
841 3661 855 3696 :
892 3652 942 3695 et
967 3646 1030 3696 de
1056 3641 1386 3712 zEmyliano,
1417 3651 1466 3696 et
1501 3641 1782 3709 Dorotheo,
1818 3655 1866 3700 et
1893 3645 2074 3700 Domi-

568 3718 736 3778 tiano,
767 3725 814 3768 et
850 3712 1034 3767 Marco
1063 3713 1461 3767 Arethusiorum
1496 3715 1758 3785 episcopo.

570 3893 832 3950 Sedcnim
895 3907 1004 3946 non
1072 3890 1216 3960 apud
1250 3890 1399 3946 solos
1430 3889 1837 3946 Alexandrinos
1867 3899 1924 3945 et
1961 3891 2072 3946 Ga-

499 4001 640 4040 meos
672 3985 745 4038 ita
792 3985 843 4037 in
889 3997 988 4036 nos
1018 3983 1292 4045 saevitum,
1320 3997 1512 4036 verum
1556 3983 1724 4036 etiam
1771 3980 2072 4053 Hcliopoli,

499 4077 567 4132 ad
621 4077 891 4131 Libanum
943 4076 996 4128 in
1041 4074 1304 4129 Phtnnice
1349 4076 1475 4140 sita,
1505 4082 1562 4128 et
1602 4074 1893 4130 Arethusae
1926 4076 2073 4145 apud

500 4173 693 4241 Syros,
728 4169 880 4224 hisce
906 4169 1183 4223 deteriora
1215 4177 1382 4236 atque
1409 4166 1722 4222 crudeliora
1753 4177 1882 4222 sunt
1907 4167 2072 4223 facta.

499 4265 631 4332 Qua:
668 4266 836 4319 urbes
878 4278 975 4333 per
1011 4260 1366 4316 credulitatis
1403 4276 1632 4316 summa:
1660 4263 2072 4316 contentionem

501 4355 553 4410 id
588 4369 774 4425 egere,
814 4362 873 4406 ut
900 4349 1178 4406 secundas
1220 4359 1426 4418 partes,
1467 4364 1590 4418 quin
1626 4348 1758 4402 alibi
1788 4347 2076 4418 designata

499 4456 718 4511 essent,
783 4443 991 4498 habere
1041 4453 1431 4510 arguerentur.
1488 4440 1877 4511 lleliopolitani
1929 4442 2076 4496 enim

501 4535 672 4606 (quod
723 4534 949 4606 quidem
987 4533 1314 4589 incredibile
1365 4533 1514 4588 dictu
1555 4541 1724 4598 esset,
1758 4533 1864 4588 nisi
1896 4533 1964 4588 ab
1993 4533 2075 4588 eis

501 4631 597 4699 qui
649 4637 765 4682 tum
795 4627 872 4680 rei
926 4637 1092 4696 gesta:
1117 4623 1373 4687 adfuere,
1410 4623 1476 4677 ad
1512 4638 1612 4677 nos
1644 4623 1815 4678 relata
1860 4623 2076 4693 fuisset)

497 4736 693 4776 sacras
719 4717 988 4788 quasdam
1018 4717 1284 4786 virgines,
1317 4730 1439 4784 quae
1462 4715 1628 4768 etiam
1656 4715 1805 4768 viros
1834 4715 2080 4782 aspicere

508 4827 618 4866 non
677 4809 1072 4871 sustinuerint,
1119 4807 1362 4860 vestibus
1398 4804 1662 4873 spoliatas
1693 4814 1751 4857 ct
1786 4805 1987 4868 nudas,
2025 4803 2079 4855 in

508 4903 692 4955 medin
747 4901 951 4971 pOpulo
1002 4899 1065 4950 ad
1117 4896 1516 4967 spectaculum,
1560 4906 1616 4950 et
1662 4897 1934 4964 cujusque
1987 4894 2080 4964 qui

506 4990 741 5045 illudere
773 4992 856 5045 eis
885 4989 1069 5054 vellet,
1107 4989 1388 5058 injuriam,
1416 4986 1721 5042 consistere
1756 4997 2080 5057 coegerunt.

508 5081 612 5138 Ubi
649 5089 831 5135 autem
884 5087 947 5134 et
997 5087 1298 5149 conspectu
1335 5077 1426 5132 tali
1467 5086 1522 5132 et
1572 5078 1738 5133 rebus
1781 5079 1929 5144 aliis,
1982 5094 2083 5148 pro

509 5173 779 5244 cujusque
839 5170 1120 5234 libidine,
1185 5178 1240 5223 et
1301 5179 1490 5225 saneta
1555 5170 1776 5224 illarum
1847 5185 2084 5239 corpora

509 5264 732 5319 abunde
778 5261 1119 5318 contumelia
1155 5261 1482 5327 affecerunt,
1518 5272 1802 5333 postremo
1845 5264 1914 5317 ab
1949 5263 2089 5317 infe-

438 5406 457 5412 ..
513 5355 761 5410 rioribus
805 5367 899 5408 eas
948 5353 1202 5421 partibus
1233 5353 1596 5408 tetenderunt
1638 5362 1804 5422 atque
1850 5354 2091 5409 discide-

513 5457 644 5502 runt
679 5463 693 5500 :
737 5454 794 5500 et
840 5445 1135 5514 superficie
1179 5445 1425 5500 vulneris
1468 5447 1589 5517 ejus
1619 5455 1783 5516 atque
1813 5447 2089 5514 scissura),

509 5553 816 5605 porcorum
852 5537 1138 5599 alimento,
1168 5539 1256 5591 cui
1288 5537 1364 5592 illi
1401 5549 1764 5593 assueverant
1791 5539 2090 5610 (hordeum

513 5641 699 5688 autem
745 5630 940 5694 fuisse,
974 5641 1069 5686 aut
1104 5631 1286 5685 simile
1319 5631 1606 5700 quiddam,
1645 5632 1946 5688 verisimilc
1984 5633 2090 5704 est)

587 5789 662 5857 (Ι)
696 5787 918 5843 Sozom.
953 5789 1118 5845 habet
1152 5789 1482 5858 (λίπω-ὁμοήθη.

2101 5819 2112 5829 ο

2755 3490 3004 3544 ΚΕΦΑΔ.
3043 3490 3121 3546 Θ’.

2172 3580 2315 3648 Περὶ
2350 3579 2469 3633 τῶν
2509 3581 2580 3635 ἐν
2603 3582 2851 3651 diam/an
2879 3582 2980 3636 καὶ
3020 3583 3403 3638 Ἡλιουπόλει
3439 3583 3534 3636 καί
3581 3581 3751 3651 Ἐμέ-

2243 3666 2325 3718 an
2359 3653 2773 3720 γεγενημένων
2793 3651 3008 3705 δεινῶν
3033 3670 3044 3685 ·
3078 3653 3177 3706 καὶ
3216 3655 3346 3720 περὶ
3380 3651 3754 3720 Αῑμυλιανοῦ

2243 3721 2343 3774 καὶ
2373 3722 2674 3790 Δωροθέου
2715 3722 2812 3774 καὶ
2839 3724 3200 3790 Δομετιανοῦ
3227 3739 3241 3752 ·
3273 3723 3372 3776 καὶ
3414 3721 3550 3789 περὶ
3587 3722 3752 3788 Μάρ-

2243 3807 2355 3845 κου
2389 3789 2497 3844 τοῦ
2529 3789 2922 3861 Ἀρεθουσιωκ
2946 3793 3307 3848 ἐπισκόπου.

2249 3904 2323 3956 Ού
2352 3905 2532 3958 τοίνυν
2559 3908 2710 3976 παρὰ
2745 3906 2927 3976 μόνοις
2961 3907 3368 3978 Ἀλεξανδρεῦσι
3388 3910 3483 3963 καὶ
3500 3907 3754 3973 Γαζαίοις

2177 3997 2246 4050 τὰ
2273 3996 2500 4050 τοιαῦτα
2527 3999 2859 4069 τετόλμηται
2885 4000 3009 4054 καθ’
3031 4001 3211 4070 ήμῶν,
3243 4001 3380 4054 ἀλλὰ
3406 4004 3500 4057 καὶ
3524 4005 3580 4056 ἐν
3607 4003 3759 4055 Ἦλι-

2179 4091 2426 4156 ουπόλει,
2455 4093 2521 4161 τῇ
2571 4092 2712 4163 πρὸς
2738 4093 2816 4162 τῷ
2841 4093 3062 4164 Λιϐάνῳ
3083 4095 3184 4162 τῆς
3213 4094 3458 4165 Ινοινίκης
3499 4095 3758 4168 κειμένῃ,

2180 4183 2274 4234 καὶ
2323 4183 2380 4234 ἐν
2432 4181 2731 4253 Ἀρεθούσῃ
2788 4185 2855 4254 τῇ
2913 4184 3063 4254 παρὰ
3116 4185 3332 4254 Σύροις,
3388 4186 3603 4255 χείρονα
3652 4187 3762 4242 διε-

2182 4271 2424 4342 πράχθη,
2453 4273 2906 4339 φιλονεικούντων
2931 4275 3214 4345 ὠμότητος
3239 4276 3512 4346 ὑπερϐολῇ
3530 4277 3761 4346 δεύτερα

2179 4365 2247 4417 τὰ
2289 4363 2417 4432 παρ’
2446 4363 2675 4426 ἐκείνοις
2717 4364 2956 4433 ἐλέγξαι.
2991 4367 3060 4420 υῑ
3092 4368 3193 4436 μὲν
3228 4370 3359 4439 γὰρ,
3402 4367 3430 4421 ὃ
3460 4372 3552 4424 καὶ
3581 4370 3761 4437 λέγειν

2181 4454 2294 4515 τοῖς
2324 4453 2537 4514 πολλοῖς
2575 4454 2808 4507 ἄπιστον
2823 4454 2986 4521 δόξει,
3017 4458 3065 4508 εἰ
3093 4458 3166 4529 μή
3189 4474 3330 4520 τινες
3363 4459 3634 4529 παρόντες
3662 4477 3763 4530 τηο

2184 4541 2418 4597 νικαῦτα
2445 4545 2557 4606 τοῖς
2592 4533 3011 4616 πεπραγμένοις
3039 4548 3396 4618 άνήγγειλαν,
3429 4551 3579 4621 ίεράς
3607 4569 3764 4614 τινας

2186 4633 2516 4704 παρθένους,
2566 4635 2694 4706 μηδ’
2731 4635 2854 4707 δψιν
2905 4638 3154 4708 ἀρρένων
3199 4641 3582 4712 ἁνασχομένας
3635 4643 3762 4696 θεά·

2186 4720 2403 4784 σασθαι,
2440 4721 2666 4792 ἐσθῆτος
2699 4724 2916 4793 γυμνάς
2947 4727 3414 4797 καταστήσαντες,
3462 4731 3558 4781 ἐπὶ
3594 4729 3761 4796 μέσου

2185 4812 2357 4882 δήμου
2413 4815 2638 4869 ἑστάναι
2683 4818 3027 4886 ἠνάγκασαν,
3065 4819 3146 4882 είς
3192 4821 3418 4890 θέατρον
3467 4821 3561 4873 καὶ
3605 4819 3761 4888 ὕϐριν

2189 4905 2502 4975 βουλομένῳ
2554 4909 2737 4964 παντί.
2778 4908 3004 4974 Ἰκανῶς
3036 4911 3096 4964 δὲ
3119 4913 3214 4966 καὶ
3252 4913 3374 4982 ὕψει
3405 4915 3500 4966 καὶ
3530 4913 3640 4974 τοῖς
3666 4911 3760 4964 άλ-

2189 4995 2299 5059 λοις
2433 4999 2652 5076 ἑκάστω
2683 4999 2860 5054 ἐδόκει
2901 5004 3019 5063 ταῖς
3051 5004 3237 5072 ἁγίαις
3278 5003 3515 5065 ἐκείναις
3571 5001 3767 5074 σαρξὶν

2188 5089 2574 5158 ἐνυϐρίσαντες
2595 5079 2750 5154 τέλος
2772 5093 3019 5146 κάτωθεν
3040 5095 3411 5164 ἀνακείρουσι,
3429 5094 3553 5164 διχῆ
3573 5111 3632 5148 τε
3659 5094 3772 5146 διε-

2191 5180 2374 5242 λόντες
2416 5181 2487 5234 τὰ
2528 5181 2815 5252 σπλάγχνα
2862 5187 3037 5256 τροφῇ
3082 5185 3280 5255 χοίρων
3340 5184 3656 5256 ἢσυνήθης
3704 5183 3772 5257 ἦν

2191 5272 2444 5337 ἐκείνοις,
2475 5272 2673 5344 κριθὴν
2701 5274 2757 5326 δὲ
2787 5270 2930 5329 εἶναι
2952 5277 3101 5340 εἰκὸς
3128 5276 3222 5330 καὶ
3251 5275 3388 5329 ἄλλα
3427 5278 3604 5346 ταύτῃ
3635 5294 3774 5346 παρ-

2192 5359 2375 5430 όμοια,
2421 5362 2689 5431 ἐπιπολῆς
2732 5363 2802 5417 τὰ
2835 5366 3121 5436 σπλάγχνα
3157 5367 3522 5437 καλύψαντες,
3556 5372 3649 5422 ἐπὶ
3676 5371 3775 5439 τὴν

2195 5455 2405 5524 συνήθη
2445 5455 2649 5526 βρῶσιν
2687 5458 3044 5523 ἐξεκαλοῦντο
3083 5461 3212 5524 τοὺς
3249 5460 3492 5531 χοίρους.
3548 5463 3776 5515 Ἐκεῖνοι

2194 5547 2237 5600 δ’
2285 5549 2429 5618 ὁρμῇ
2463 5549 2636 5619 ἀγρίᾳ
2674 5552 2750 5620 μὴ
2786 5550 3058 5623 διακρῖναι
3095 5553 3296 5624 ῥᾳδίως
3343 5553 3582 5624 ἔχοντες,
3610 5555 3777 5622 ὁμόσε

2195 5641 2307 5705 τοῖς
2346 5641 2599 5709 ἐγκὰτοις
2646 5641 2888 5712 ἐχώρουν
2909 5658 2921 5674 υ
2954 5646 3023 5714 τῇ
3057 5644 3102 5699 δ’
3131 5645 3348 5716 ἀνάγκῃ
3377 5646 3476 5715 τῆς
3513 5643 3775 5715 συνήθους

2201 5825 2212 5838 .
2235 5803 2288 5835 κ’]

3456 5883 3492 5890 ..ρ
