4054 6430
258 408 365 471 469

1189 400 1799 465 EtCLESIASTleB
1840 398 2235 463 ΗΙΒΤΟῘὶῐίΕ
2274 401 2416 462 LIB.
2462 401 2531 461 Χ.

3433 402 3542 464 47θ

261 524 654 593 γωνισάμενοι,
692 520 785 581 ἐπὶ
816 520 937 583 ταῖς
982 518 1245 591 ἐσχάραις
1271 516 1363 572 τὸν
1400 517 1520 588 βίον
1552 515 1839 579 ἀπέλιπον,

1950 514 2139 570 miassi
2166 515 2363 579 simus,
2393 514 2680 573 insuavior
2716 516 2808 571 fiat
2843 515 3005 573 cibus
3042 516 3143 587 (l).
3180 536 3199 569 ι
3232 519 3349 574 Hoc
3381 531 3551 589 pacto

254 613 789 684 ἐθελὸθυταθύματα
808 612 905 665 καὶ
937 612 1143 677 ἀσινεῖς
1178 608 1362 665 θυσίαι
1394 608 1841 682 προσενηνεγμέ-

253 725 337 762 νοι
358 703 500 775 Θεῷ.
531 702 851 774 Τηνικαῢτα
881 701 940 757 δέ
970 718 1106 774 φασι
1139 702 1236 757 καὶ
1262 701 1523 773 Βούσιριν
1577 700 1841 773 λαμπρὰν

256 797 552 871 ὁμολογίαν
567 796 893 865 ὑπενεγκεῖν
921 798 1018 852 καὶ
1034 794 1287 865 ἀνδρείαν
1305 792 1394 848 διὰ
1415 793 1514 866 τὴν
1539 792 1842 867 θρησκείαν

256 895 316 945 ἐν
345 889 587 962 Γαλατίᾳ
627 891 696 960 τῇ
729 887 868 959 πρὸς
893 885 1065 957 Ἀγκύ
1077 904 1145 959 pq.
1167 904 1180 918 ·
1209 886 1269 939 ὃν
1311 885 1578 955 πρότερον
1612 885 1715 955 τῆς
1732 885 1840 939 τῶν

267 981 646 1052 Ἐγκρατιτῶν
676 981 945 1050 αἱρέσεως
972 979 1124 1046 ὄντα,
1167 977 1313 1032 κατὰ
1337 976 1448 1032 τῶν
1478 977 1683 1044 ξοάνων
1718 994 1840 1029 νεα-

255 1073 484 1141 νιευσάμ
497 1087 636 1137 ενον,
663 1068 946 1123 συλλαϐὼν
982 1072 1010 1124 ὁ
1037 1069 1133 1123 τοῦ
1166 1069 1355 1130 ἔθνους
1370 1068 1678 1138 ἡγούμενος
1700 1065 1844 1120 αίκί-

249 1167 368 1227 ζειν
396 1166 617 1236 ᾑρεῖτο·
646 1163 934 1235 παρρησίᾳ
956 1178 1017 1215 τε
1054 1160 1373 1232 προσάγων,
1401 1159 1480 1230 τῷ
1509 1160 1839 1231 βασανιστη-

251 1262 356 1328 ρὲῳ
406 1255 547 1327 ξύλῳ
578 1255 918 1326 άναρτᾶιθαι
949 1255 1341 1323 προσέταττεν.
1381 1253 1440 1306 Ὀ
1492 1251 1550 1306 δὲ
1584 1249 1840 1324 Βούσιρις

250 1350 328 1402 τὼ
355 1351 505 1419 χεῖρε
539 1352 605 1417 τῇ
636 1349 847 1419 κεφαλῇ
883 1346 1117 1411 ἐπιθεὶς,
1153 1347 1251 1410 τὰς
1282 1346 1524 1416 πλευρὰς
1559 1343 1801 1415 ἐγύμνου
1823 1361 1837 1374 ο

251 1442 345 1493 καὶ
391 1441 527 1511 πρὸς
556 1441 648 1494 τὸν
680 1440 919 1512 ἄρχοντα
963 1439 1252 1510 στραφεὶς,
1289 1457 1308 1489 ι
1352 1438 1444 1508 Μὴ
1475 1436 1680 1507 μάτην,
1712 1436 1835 1506 ἔφη,

252 1535 441 1588 πονεῖν
476 1534 674 1603 χ-ρῆναι
713 1533 840 1594 τοὺς
875 1531 1108 1601 δημίους
1141 1531 1237 1584 ἐπὶ
1260 1530 1321 1584 τὸ
1351 1530 1509 1596 ξύλον
1537 1529 1839 1597 ἀνάγοντας

251 1629 350 1681 καὶ
389 1627 733 1689 κατάγοντας
759 1642 772 1656 ·
817 1626 875 1677 ἐν
906 1623 1114 1694 ἑτοίμῳ
1144 1623 1255 1693 γάρ
1284 1623 1429 1694 ἔχειν
1449 1622 1574 1675 ὅσον
1610 1622 1835 1693 αἱροῖτο,

257 1715 519 1786 παρέχειν
560 1715 745 1776 αὐτοῖς
788 1712 888 1773 τὰς
922 1712 1169 1782 πλευράς
1216 1710 1377 1776 ξὲειν.
1419 1729 1437 1762 ι
1492 1709 1598 1762 Καί
1629 1725 1695 1776 γε
1744 1707 1840 1779 τὴν

257 1807 553 1875 ὑπόσχεσιν
582 1804 876 1874 θαυμάσας
910 1804 1163 1874 τάνδρὸς,
1200 1804 1404 1872 μᾶλλον
1440 1802 1720 1872 ἐξεπλάγη
1740 1802 1839 1871 τὴν

1950 618 2006 663 et
2034 608 2124 663 isti
2155 607 2374 663 fortiter
2404 608 2713 664 certamine
2743 610 2921 675 obito,
2962 610 3018 664 in
3053 610 3342 671 craticulis
3370 601 3544 669 vitam

1952 696 2237 760 ﬁnierunt,
2270 698 2580 753 voluntaria
2605 696 2873 754 sacrificia
2899 706 2955 754 et
2978 698 3250 757 innocuas
3286 700 3540 757 victimas

1955 790 2171 859 seipsos
2214 788 2515 845 offerentes
2569 791 2701 845 Deo.
2731 789 2871 844 Tum
2908 806 3133 862 quoque
3176 792 3415 849 Busirim
3451 794 3541 848 di-

1950 889 2084 935 cunt
2112 880 2404 951 splendide
2430 891 2486 935 et
2526 881 2749 937 fortiter
2776 882 3189 939 confessionem
3215 883 3450 954 Ancyra:
3480 884 3536 937 in

1950 971 2161 1028 Galatia
2199 984 2431 1044 propter
2474 972 2803 1044 religionem
2843 973 3181 1044 pertulisse:
3216 975 3312 1045 qui
3371 985 3539 1031 antea

1954 1064 2185 1119 haeresis
2251 1064 2704 1128 Encratitarum,
2763 1065 2869 1119 lioc
2927 1075 3048 1132 est,
3124 1066 3534 1121 continentium

1950 1156 2074 1211 fuit.
2126 1157 2266 1212 Cum
2302 1158 2451 1213 enim
2505 1168 2730 1212 strenue
2765 1173 2880 1213 rem
2916 1158 3185 1215 adversus
3232 1159 3535 1215 sii‘nulacra

1951 1261 2196 1319 gereret,
2263 1250 2727 1320 comprehensus,
2788 1250 2856 1304 ab
2922 1250 3044 1321 ejus
3098 1250 3207 1304 loci
3271 1250 3537 1320 praefecto

1952 1343 2251 1397 tormentis
2313 1352 2401 1396 est
2450 1340 2832 1412 adjudieatus.
2887 1338 3083 1412 Itaque
3139 1341 3198 1395 in
3246 1341 3535 1411 publicum

1952 1436 2283 1503 productum
2360 1434 2450 1489 ille
2507 1434 2576 1487 ad
2636 1432 2886 1504 stipitem
2942 1441 3357 1488 tormentorum
3410 1448 3537 1488 sus-

1951 1527 2115 1596 pendi
2163 1527 2449 1597 praecepit.
2486 1527 2700 1582 Busiris
2744 1536 2956 1593 autem,
2996 1532 3235 1596 utraque
3274 1540 3442 1581 manu
3478 1524 3535 1579 in

1950 1631 2118 1689 caput
2149 1620 2391 1687 sublata,
2424 1622 2598 1676 latera
2639 1619 2789 1676 nuda
2826 1620 3103 1686 exhibuit,
3152 1629 3210 1676 et
3247 1620 3318 1676 ad
3346 1617 3538 1690 praesi-

1949 1714 2073 1767 dem
2122 1729 2471 1770 conversus:
2515 1733 2534 1767 ι
2570 1713 2651 1770 Ne
2698 1714 2929 1781 frustra,
2978 1713 3190 1785 inquit,
3218 1711 3540 1780 carniﬁces,

1951 1817 2010 1861 ut
2057 1824 2144 1861 me
2196 1805 2252 1861 in
2288 1808 2537 1877 stipitem
2565 1807 2859 1872 extollant,
2892 1815 2949 1862 et
2983 1820 3178 1863 rursus
3208 1804 3534 1871 demittant,

258 1897 460 1968 ’πεῖραν
500 1897 810 1966 προσάγων.
855 1898 964 1950 Καὶ
1023 1896 1132 1966 γάρ
1186 1894 1361 1957 οὕτως
1418 1896 1511 1947 ἐπὶ.
1561 1896 1839 1964 σχήματος

1952 1901 2182 1970 ιιιιὶςοε;
2217 1910 2443 1970 paratus
2473 1898 2622 1954 enim
2654 1914 2779 1954 sum
2812 1896 3066 1969 quandiu
3099 1897 3267 1960 velis.
3312 1897 3424 1953 illis
3464 1896 3536 1953 ad
3576 1897 3584 1903 ’

258 1991 402 2059 ἔχων
432 1989 768 2061 διεκαρτέρει
792 1990 892 2052 τὰς
921 1993 1113 2060 χεῖρας
1147 1991 1381 2058 ἀνέχων,
1416 1990 1521 2054 ἕως
1551 1982 1612 2043 οὗ
1640 1990 1719 2059 τῷ
1736 1990 1838 2058 άρ-

253 2096 401 2150 χ’ντι
452 2081 591 2144 ξέειν
630 2082 827 2147 ἐδόκει,
862 2082 1094 2144 εὐτόνως
1144 2082 1434 2153 δεχόμενος
1470 2083 1566 2146 τὰς
1599 2083 1834 2151 πληγάς.

249 2173 339 2224 Ἐν
371 2174 595 2240 δεσμοῖς
625 2174 680 2228 δὲ
710 2176 1005 2245 γενόμενος
1040 2176 1132 2229 καὶ
1156 2178 1432 2246 εἱρκταῖς,
1468 2175 1661 2245 ἀνείθη
1684 2171 1839 2237 αὖθις

248 2264 376 2332 μετ’
449 2266 630 2333 (ΒΜ-,ον
693 2268 1059 2336 ἀγγελθέντος
1143 2267 1435 2322 Ἰουλιανὸν
1504 2269 1833 2340 ἀνῃρῆσθαι.

248 2361 358 2411 Καὶ
408 2360 546 2430 ἄχρι
579 2362 632 2413 δὲ
676 2363 771 2431 τῆς
802 2362 1088 2416 Θεοδοσίου
1121 2362 1414 2427 Βασιλείας
1462 2362 1524 2416 τὺ
1559 2362 1661 2435 ζῇν
1695 2379 1839 2434 παρ-

252 2470 475 2507 ετεινεν.

1952 1992 2187 2045 verbera
2220 2000 2278 2045 et
2310 1998 2587 2046 tormenta
2607 1989 2787 2045 latera
2813 1987 3086 2060 praebere.
3119 2007 3138 2041 ι
3175 1987 3257 2043 lbi
3287 1986 3381 2043 ille
3405 2002 3537 2045 cum

1951 2082 2287 2152 promissum
2318 2082 2425 2138 viri
2457 2081 2791 2148 admiratus,
2848 2088 2966 2136 tum
3003 2081 3182 2153 magis
3210 2081 3407 2146 etiam,
3435 2080 3535 2135 ubi

1949 2175 2256 2245 perieulum
2288 2174 2617 2230 constantiae
2648 2174 2772 2246 ejus
2804 2172 2958 2239 fecit,
2991 2182 3076 2229 est
3110 2180 3534 2231 consternatus.

1950 2269 2084 2322 Nam
2125 2265 2377 2321 habitum
2423 2280 2551 2321 eum
2597 2246 2917 2334 statumque
2958 2260 3216 2333 corporis
3257 2260 3535 2328 retinens,

1948 2372 2003 2417 et
2042 2376 2243 2417 manus
2285 2368 2609 2416 constanter
2638 2356 2964 2421 sustollens,
2990 2369 3158 2425 quam
3183 2352 3280 2410 diu
3309 2351 3535 2425 prasidi

1951 2457 2130 2511 visum
2182 2461 2290 2519 est,
2339 2449 2848 2507 excarniﬁcandum
2895 2462 2955 2504 se
2998 2446 3175 2514 dedit,
3230 2446 3537 2518 plagasque

255 2547 461 2600 intenta
530 2547 859 2603 fortitudine
916 2550 1152 2619 excepit.
1213 2550 1422 2605 Deinde
1483 2552 1539 2604 in
1601 2566 1823 2606 carcere
1870 2551 2089 2602 vinctus
2114 2556 2368 2602 servatus
2398 2554 2503 2610 est,
2530 2545 2786 2611 liberque
2812 2542 2979 2614 paulo
3046 2548 3177 2612 post
3243 2539 3534 2607 dimissus,

255 2641 342 2693 ubi
376 2640 657 2698 lulianum
705 2629 1062 2697 interfectum
1112 2659 1234 2699 esse
1285 2646 1666 2700 renuntiatum
1709 2657 1813 2698 est.
1860 2645 2046 2712 Atque
2115 2642 2160 2694 is
2194 2640 2262 2693 ad
2297 2638 2599 2694 Theodosii
2664 2654 2839 2707 usque
2873 2636 3171 2710 imperium
3199 2637 3370 2693 vitam
3402 2651 3536 2708 pro-

251 2736 431 2790 duxit.

327 2832 481 2888 Κατὰ
504 2834 569 2906 δὴ
584 2835 773 2890 τοῦτον
801 2836 891 2891 τὸν
924 2841 1116 2908 χρόνον
1150 2838 1247 2890 καὶ
1273 2835 1561 2891 Βασίλειον
1590 2832 1836 2906 πρεσϐύ-

250 2942 408 2995 τερον
435 2927 536 2999 τῆς
569 2929 626 2981 ἐν
663 2931 910 3002 ’Δγκύρᾳ
940 2929 1236 3000 ἐκκλησίας
1271 2928 1558 3000 μαρτυρίῳ
1593 2926 1686 2985 τὸν
1723 2927 1838 2997 βίον

249 3018 405 3087 λόγος
441 3019 744 3091 διενεγκεῖν
765 3038 781 3056 ο
820 3023 957 3077 ἀλλὰ
992 3026 1085 3077 καὶ
1118 3023 1212 3078 τὸν
1241 3023 1533 3094 Καισαρέα
1566 3020 1837 3092 Εύψύχιον

248 3114 632 3187 Καππαδόκην
684 3117 1020 3190 εὐπατρίδην
1069 3119 1222 3181 ὖντα,
1272 3118 1369 3171 καὶ
1398 3117 1508 3170 τῶν
1548 3117 1839 3188 ἐπισήμων

2886 2753 2945 2789 4

2023 2826 2138 2882 Hoc
2175 2828 2298 2897 ipso
2347 2834 2598 2897 tempore
2627 2836 2685 2883 et
2723 2825 2981 2893 Basilius,
3012 2826 3321 2899 Ancyrana!
3354 2826 3534 2882 eccle-

1946 2924 2041 2979 siae
2077 2924 2386 2994 presbyter.
2423 2923 2692 2993 martyrio
2717 2931 2803 2978 est
2826 2921 3167 2981 defunctus:
3199 2932 3369 2993 atque
3402 2921 3533 2977 item

1944 3013 2307 3070 Caesariensis
2345 3011 2698 3084 Eupsycliius
2729 3010 3047 3081 Cappadox,
3096 3010 3273 3066 veteri
3322 3009 3536 3064 familia

1945 3108 2182 3178 locoque
2233 3106 2385 3161 claro
2433 3116 2625 3177 natus,
2657 3105 2753 3174 qui
2796 3121 2904 3159 non
2962 3104 3039 3159 ita
3088 3103 3305 3174 pridem
3359 3118 3534 3157 uxore

252 3208 419 3272 γένει,
472 3208 534 3261 οὐ
568 3210 709 3262 πάνυ
758 3212 948 3284 πόρῤω
985 3210 1234 3282 γαμετὴν
1269 3210 1559 3279 ἀγόμενον,
1602 3211 1694 3265 καὶ
1728 3205 1839 3264 οἷον

1947 3200 2111 3256 ducta
2172 3198 2345 3254 veluti
2417 3213 2657 3269 sponsus
2730 3197 2913 3251 adhuc
2970 3195 3099 3251 fuit.
3177 3195 3535 3268 Eupsychius

250 3300 414 3365 ςάναι
445 3304 680 3372 νυμφίον
701 3303 830 3357 ὄντα
859 3305 1224 3374 ἐπιθαλάμιον
1247 3322 1260 3334 ⁸
1286 3298 1361 3358 ὢν
1384 3307 1412 3356 ὁ
1441 3304 1541 3374 μὲν
1566 3303 1836 3373 Εύψύχιος

251 3390 496 3464 διῄρητο
539 3397 626 3449 διὰ
672 3397 766 3449 τὸν
797 3398 897 3466 τῆς
935 3398 1119 3469 Τύχης
1166 3398 1328 3461 νεὼν,
1362 3399 1460 3470 τὴν
1515 3398 1840 3468 καθαίρεσιν

248 3486 308 3537 δυ
328 3488 687 3558 ιτυχήσαντα,
712 3485 774 3543 οὗ
800 3492 865 3561 τῇ
901 3491 1244 3562 καθαιρέσει,
1283 3492 1358 3556 ὥς
1390 3508 1485 3563 μοι
1520 3492 1616 3545 καὶ
1644 3494 1843 3564 πρότε-

256 3596 344 3648 ρον
372 3582 619 3651 εἷρηταῖ,
647 3586 802 3655 κοινῇ
840 3583 1043 3648 πάντες
1070 3587 1119 3638 οἱ
1147 3588 1454 3657 Καισαρεῖς
1483 3586 1585 3654 τῆς
1608 3584 1704 3640 τοῦ
1741 3587 1839 3656 βα·

255 3675 444 3740 σιὶέως
468 3678 636 3749 ὀργῆς
667 3681 1045 3751 ἐπειράθησαν
1070 3698 1084 3713 ·
1120 3685 1169 3736 οἱ
1197 3684 1242 3736 δ’
1274 3684 1534 3739 αὐθένται
1559 3684 1654 3736 τού
1702 3684 1839 3754 δρά⁴

255 3782 445 3831 ματος,
487 3771 582 3820 καὶ
630 3768 705 3830 ὼς
741 3765 852 3822 οἷον
904 3770 1082 3823 εἰπεῖν
1115 3771 1434 3841 αὐτουργοὶ,
1470 3773 1499 3825 ὁ
1543 3770 1642 3842 μὲν
1681 3772 1837 3842 δίκην

247 3855 397 3907 ἐδοτο
428 3856 660 3910 θάνατον
683 3874 696 3888 ο
723 3858 886 3922 ἄλλος
913 3858 958 3912 δ’
985 3859 1142 3930 ἀϊδίῳ
1178 3859 1464 3931 ἐζημιώθη
1494 3862 1667 3931 φυγῇ.
1694 3859 1754 3914 Ὀ
1780 3859 1836 3914 δέ

251 3963 313 4011 γε
360 3948 640 4010 Βασίλειος
670 3951 737 4003 τά
769 3950 1007 4018 μάλιστα
1038 3954 1168 4022 περὶ
1199 3953 1299 4022 τὴν
1330 3949 1636 4024 θρησκείαν
1670 3970 1836 4005 σπου-

254 4037 533 4102 δαιότατος
567 4040 830 4109 γεγονὼς,
858 4044 1251 4099 Κωνσταντίου
1274 4045 1374 4111 μὲν
1405 4045 1692 4114 περιόντος
1723 4047 1837 4107 τοῖς

257 4127 313 4191 ἐξ
360 4130 552 4199 Δρεῐου
583 4133 849 4199 γενναίως
877 4133 1106 4205 ἐφέρετο
1128 4152 1139 4163 ’
1173 4135 1262 4193 διά
1285 4153 1368 4189 τοι
1403 4137 1498 4189 καὶ
1527 4136 1695 4207 ψήφῳ
1728 4137 1837 4190 τῶν

263 4221 399 4287 ἀμφὶ
429 4222 681 4288 Εὑδόξιον
720 4225 935 4295 εἴργετο
974 4227 1212 4299 δημοσίᾳ
1250 4227 1639 4299 ἐκκλησιάζειν
1664 4243 1678 4258 °
1716 4228 1838 4281 ἐπεὶ

259 4312 315 4363 δὲ
342 4312 626 4380 Ἰουλιανὸς
658 4317 753 4369 ἐπὶ
779 4318 890 4370 τῶν
923 4320 1061 4375 ὅλων
1092 4319 1410 4387 καθίστατο,
1448 4320 1637 4391 κύκλῳ
1677 4338 1834 4392 περι-

264 4404 358 4456 ιὼν
398 4406 651 4482 δημοσίᾳ,
687 4411 1043 4480 Χριστιανοῖς
1092 4414 1336 4485 ἰσχυρῶς
1381 4416 1482 4484 τῆς
1533 4414 1836 4484 θρησκείας

262 4496 475 4564 ἔχεσθαι
531 4501 849 4569 περιφανῶς
886 4504 1205 4573 παρηγγύα,
1242 4505 1335 4556 καὶ
1381 4505 1454 4573 μὴ
1491 4505 1605 4565 τοῖς
1647 4504 1840 4574 Ἐλλη-

263 4590 432 4650 νικιιϊς
456 4593 701 4660 χρήμασι
732 4594 825 4646 καὶ
858 4595 1112 4657 σπονδαῖς
1145 4595 1490 4665 χραίνεσθαι,
1525 4604 1619 4649 καὶ
1649 4600 1745 4657 τὰς
1777 4599 1840 4648 ἐκ
1876 4578 1916 4630 D

259 4682 521 4751 βασιλέως
550 4688 714 4757 τιμὰς
746 4686 863 4740 ἀντ’
889 4687 1104 4752 οὐδενὸς
1132 4691 1389 4757 ἡγεῖσθαι
1422 4690 1803 4759 προύτρέπετο
1822 4709 1834 4719 ·

258 4777 629 4848 προσκαίρους
662 4778 705 4831 δ’
749 4778 917 4843 οὔσας
974 4780 1169 4849 μισθὸν
1206 4780 1433 4849 ἐπάγειν
1476 4781 1706 4853 διηνεκῆ
1739 4782 1838 4854 τὴν

251 4867 549 4925 ἀπώλειαν.
598 4872 828 4937 Τούτοις
886 4873 952 4944 δὴ
1011 4871 1299 4938 καθεστὼς
1353 4876 1412 4928 ἐν
1463 4875 1692 4947 ὑπονοίᾳ
1741 4880 1840 4930 καὶ

256 4962 404 5028 μίσει
441 4963 555 5025 τοῖς
596 4961 972 5033 Ἐλληνισταῖς
1003 4961 1104 5039 ἦν’
1143 4963 1239 5028 οὓς
1271 4982 1399 5020 ποτε
1448 4965 1543 5019 καὶ
1596 4965 1836 5037 δημοσίᾳ

255 5048 482 5114 θύοντας
514 5050 670 5118 ἰδὼν,
697 5053 827 5124 ἔστη
854 5069 869 5083 ο
904 5054 997 5108 καί
1027 5071 1092 5124 γε
1131 5054 1388 5126 οἰμώζων
1417 5054 1511 5108 ἐπὶ
1535 5054 1704 5125 μέγα,
1741 5055 1837 5127 ηὖ-

253 5153 377 5203 χετο
424 5138 630 5210 μηδένα
664 5140 995 5209 Χριστιανὸν
1044 5139 1144 5213 τῆς
1186 5143 1459 5214 τοσαύτης
1515 5142 1727 5214 πλάνης
1777 5145 1836 5197 ἐν

254 5232 422 5300 πείρᾳ
469 5233 746 5302 γενέσθαι.
796 5234 907 5288 Καὶ
935 5234 1263 5305 συλληφθεὶς
1314 5236 1667 5306 παρεδίδοτο·
1709 5238 1839 5306 πολτ

255 5323 373 5388 λαῖς
422 5342 482 5379 τε
546 5327 801 5396 βασάνοις
855 5329 1273 5399 ἐγκαρτερήσας
1327 5329 1480 5400 παρὰ
1514 5328 1693 5383 πάντα
1743 5329 1836 5383 τὸν

176 5440 189 5453 ο
252 5418 466 5488 χρόνον,
499 5419 758 5490 ἀνδρείως
784 5420 845 5475 τὸ
886 5422 979 5475 τοῦ
1017 5424 1318 5494 μαρτυρίου
1345 5424 1564 5495 διήνυσε
1597 5421 1833 5478 στάδιον.

323 5577 399 5652 (_l)
434 5577 584 5652 idem
616 5580 972 5652 supplicium,
1005 5579 1197 5637 eadem
1236 5598 1336 5636 vox
1376 5581 1663 5639 Laurentii
1688 5596 1839 5639 mar-

255 5649 392 5718 tyris
428 5650 532 5705 fuit
567 5668 583 5705 :

570 5741 824 5795 Converte
851 5752 1053 5812 partem
1089 5744 1345 5811 corporis,

571 5812 717 5865 Salis
748 5826 1038 5866 crematum
1075 5817 1296 5882 fugitur,

570 5883 639 5936 Et
671 5888 755 5951 [ac
787 5886 1035 5941 periclum
1068 5886 1190 5954 quid
1221 5894 1337 5938 tuus

1949 3300 2179 3363 propter
2236 3291 2491 3346 Fortunae
2553 3292 2841 3360 templum,
2892 3289 3040 3360 quod
3097 3306 3355 3346 eversum
3420 3304 3532 3343 non

1946 3385 2082 3440 satis
2137 3384 2484 3439 fortunatum
2534 3383 2659 3448 fuit,
2706 3399 2762 3438 et
2809 3383 2987 3455 cujus,
3019 3383 3194 3454 gratia
3226 3383 3534 3452 imperator

1946 3477 2086 3533 iram
2140 3480 2193 3532 in
2242 3476 2618 3533 Caesarienses
2665 3477 2984 3542 universos,
3019 3476 3184 3531 sicuti
3226 3490 3394 3545 supra
3447 3475 3535 3530 di-

1947 3584 2124 3639 ctum,
2165 3584 2520 3644 conceperat,
2574 3583 2807 3630 necatus
2853 3582 2985 3628 est:
3033 3583 3089 3629 et
3133 3575 3226 3642 qui
3274 3584 3535 3629 auctores

1945 3680 2217 3738 praeterea
2270 3680 2438 3739 atque
2484 3668 2623 3723 adeo
2666 3678 2980 3738 patratures
3011 3667 3130 3737 ejus
3166 3666 3430 3721 facinoris
3476 3667 3531 3718 in

1947 3761 2078 3816 fano
2111 3776 2179 3816 eo
2226 3760 2534 3817 evertenda
2577 3762 2758 3828 fuere,
2809 3759 2904 3815 alii
2954 3770 3158 3824 morte,
3192 3759 3286 3813 alii
3331 3758 3533 3812 exsilio

1947 3864 2220 3925 perpetuo
2267 3863 2399 3910 sunt
2449 3854 2691 3908 multati.
2749 3852 2987 3909 Basilius
3045 3869 3203 3915 vero,
3247 3852 3536 3922 religionis

1944 3945 2279 4005 Christiana:
2302 3945 2784 4012 studiosissimus,
2831 3945 2935 4000 sub
2965 3944 3298 4001 Constantio
3338 3952 3534 3999 contra

1945 4040 2184 4095 Ariauos
2234 4048 2462 4095 strenue
2511 4055 2624 4099 rem
2676 4038 3362 4109 gesseratzqnamobrem
3418 4038 3530 4092 Ett-

1944 4131 2097 4186 doxii
2153 4131 2622 4200 populariumque
2680 4132 2803 4199 ejus
2855 4131 3136 4185 sententia
3198 4130 3528 4191 damnatus.

1946 4222 2201 4292 publicos
2244 4232 2554 4277 conventus
2600 4239 2765 4293 agere
2808 4221 3128 4291 prohibitus
3173 4222 3379 4275 fuerat.
3422 4222 3527 4277 Ubi

1948 4330 2080 4368 vero
2141 4314 2397 4369 Julianus
2457 4316 2754 4384 imperium
2825 4297 2910 4369 est
2975 4313 3244 4383 adeptus,
3305 4314 3533 4383 publice

1947 4406 2336 4465 obambulans.
2381 4405 2491 4479 29
2527 4407 2879 4461 Christianos
2927 4414 3123 4474 aperte
3156 4417 3241 4462 est
3274 4407 3535 4463 cohorta-

1947 4507 2057 4562 tus,
2091 4507 2150 4552 ut
2187 4508 2513 4554 cotistanter
2544 4498 2875 4571 religionem
2903 4513 3060 4555 suam
3109 4501 3439 4563 retinerent,
3475 4508 3528 4552 et

1945 4609 2002 4646 se
2036 4607 2064 4644 a
2098 4590 2419 4646 Grmcorum
2466 4593 2640 4655 sacris
2683 4602 2740 4647 et
2782 4591 3148 4647 libationibus
3183 4591 3530 4662 piaculisque

1946 4689 2206 4743 munibus
2239 4687 2610 4749 abstinerent,
2635 4702 2736 4740 nec
2764 4702 2872 4739 non
2906 4684 3263 4755 imperatoris
3285 4684 3532 4740 honores

1946 4778 2384 4837 fioccifacerent.
2422 4786 2480 4829 nt
2532 4777 2628 4846 qui
2679 4775 2808 4829 ﬂuxi
2863 4784 2917 4831 cl
2965 4774 3163 4831 caduci
3217 4790 3325 4829 non
3367 4773 3529 4828 aliam

1948 4873 2260 4927 mercedem
2316 4869 2606 4929 aiferrent.
2651 4884 2815 4937 quant
2875 4866 3180 4937 perniciem
3232 4867 3532 4937 sempiter-

1946 4977 2095 5015 nam.
2132 4960 2262 5014 Eam
2308 4961 2378 5013 ob
2413 4975 2639 5013 causam
2677 4959 2832 5011 illum
2877 4956 3201 5011 Graecorum
3235 4972 3529 5013 sacrorum

1944 5064 2254 5108 sectatores
2293 5061 2615 5122 SitSpCt’lum
2652 5051 2920 5113 habuere,
2951 5060 3119 5120 atque
3160 5052 3293 5106 odio
3331 5066 3527 5121 prose-

1943 5146 2057 5200 cuti
2098 5156 2253 5201 sunt.
2296 5145 2446 5210 Quos
2479 5145 2646 5199 etiam
2700 5145 3001 5214 aliquando
3045 5145 3265 5216 publice
3310 5145 3528 5200 sacrifi-

1943 5250 2137 5307 cantes
2187 5240 2400 5302 videns,
2456 5240 2735 5303 constitit,
2787 5249 2844 5294 et
2898 5242 3169 5308 majorem
3207 5241 3263 5293 in
3300 5240 3528 5295 modum

1942 5333 2337 5404 ingemiscens,
2390 5351 2459 5388 ne
2505 5335 2631 5403 quis
2681 5331 3138 5389 Christianorum
3179 5334 3236 5390 in
3275 5348 3528 5389 errorem

1943 5437 2155 5485 tantum
2208 5428 2510 5495 incideret,
2557 5438 2818 5498 pri-catus
2849 5439 2954 5485 est.
2988 5430 3058 5485 Et
3109 5428 3330 5484 tandem
3371 5442 3528 5483 com-

2264 5583 2533 5642 Vulcanus
2563 5587 2755 5641 ardens
2787 5588 2974 5658 egerit.

2265 5767 2281 5785 .
2327 5768 2339 5780 .
2384 5766 2399 5780 .
2432 5733 2447 5763 ί
2474 5739 2647 5783 ortum
2681 5738 2778 5787 est.
2814 5731 3030 5784 devora.

2266 5800 2331 5853 Et
2361 5803 2777 5865 experiiitentum
2804 5816 2953 5871 cape,

2263 5872 2345 5925 Sit
2374 5874 2589 5925 crustum
2634 5888 2702 5925 nn
2743 5887 2921 5925 assunt
2955 5871 3168 5928 suavius
3263 5871 3528 5934 Prndcnt.
