4054 6430
499 407 598 472 471

1740 423 2164 486 NICEPHORI
2201 429 2554 494 CALLISTI
3665 435 3767 500 472

493 526 834 598 prehensus,
867 529 1154 601 judieibus
1199 531 1438 590 traditus
1482 533 1607 591 est:
1642 544 1699 591 ct
1732 538 2076 594 cruciatibus

2187 543 2366 598 Ταῦτα
2395 546 2496 617 μὲν
2524 546 2577 602 εί
2620 549 2717 606 καὶ
2748 549 2901 622 παρὰ
2928 549 3157 624 γνώμην
3182 549 3263 622 τῷ
3298 547 3532 621 βασιλεῖ,
3557 548 3675 606 ἀλλ’
3705 553 3768 606 ὂο
3834 550 3853 563 ‘

491 620 753 676 omnibus
800 622 855 677 in
882 638 978 678 σεο
1033 625 1339 681 certamine
1384 627 1531 684 virili
1581 629 1770 685 animo
1818 631 2068 701 perlatis,

2187 652 2302 705 μως
2325 637 2597 711 ἐπράχθη.
2629 620 2863 707 Πολλοὺς
2883 620 2949 696 δὲῖ
2971 620 3070 696 καί
3097 620 3307 706 ἄλλους
3321 643 3609 711 γενναίους
3626 643 3768 715 μάρ-

492 714 742 784 martyrii
798 729 1025 770 cursum
1074 717 1336 774 absolvit.
1394 718 1523 775 Haec
1566 722 1822 789 quamvis
1869 731 2072 793 praeter

2187 743 2353 799 τυρας
2379 730 2473 783 ἰπὶ
2490 732 2592 803 τῆς
2608 733 2777 789 αὐτοῦ
2806 736 3107 807 ἡγεμονίας
3126 735 3378 807 ἔγνωμεν
3393 714 3726 807 γεγενῆσθαι
3745 752 3764 769 ο

490 807 823 860 sententiam
857 807 1235 879 imperatoris,
1272 812 1639 877 nihilominus
1668 824 1850 870 tamen
1881 815 2025 870 facta
2054 833 2067 869 :

2187 812 2256 873 ὧν
2310 820 2412 893 τὴν
2453 825 2599 879 κατά
2654 832 2822 898 μέρος
2862 828 3116 899 ἀνδρείαν
3159 828 3253 882 καὶ
3299 829 3370 882 τά
3409 827 3767 897 παλαίσματα

487 896 794 968 etquidem
854 908 1046 956 contra
1080 906 1572 973 exspectationem,
1624 914 1682 961 et
1738 906 1906 961 animi
1953 906 2073 978 ejus

2187 910 2405 968 διελθεῖν
2442 912 2604 982 ἆθλος
2648 896 2780 985 ῐδιος
2808 896 3044 991 γένοιτο.
3077 922 3318 985 Τοὺτους
3353 920 3411 975 δὲ
3463 896 3767 991 σαφηνείας

488 990 853 1046 voluntatem.
880 993 1078 1048 Verum
1116 995 1256 1050 alios
1303 1011 1523 1068 quoque
1583 998 1759 1054 fortes
1803 1009 2073 1072 martyres

2187 1004 2339 1074 χάριν
2352 1008 2679 1079 συναγαγὼν
2695 990 2992 1082 διεξῆλθον,
3022 1015 3072 1066 εί
3100 1015 3196 1068 καὶ
3225 1013 3487 1084 διάφορος
3638 1012 3766 1083 χρό-

488 1083 707 1152 imperii
744 1083 868 1153 ejus
915 1093 1164 1157 tempore
1215 1096 1365 1143 recte
1409 1105 1469 1145 se
1528 1091 1765 1160 gessisse
1825 1093 2070 1147 scimus:

2187 1110 2270 1157 vo;
2301 1094 2392 1149 τοῦ
2437 1100 2670 1155 ἑκάστου
2698 1103 2788 1157 διὰ
2809 1105 3043 1174 Χριστὸν
3077 1083 3409 1177 μαρτυρίουι

485 1189 722 1269 quorum
762 1180 1135 1269 constantiam
1178 1189 1232 1235 et
1274 1183 1573 1237 certamina
1625 1182 1812 1238 omnia
1863 1184 2143 1255 sigillatim
2206 1202 2666 1261 commemorare,
2740 1197 2977 1269 ingentis
3017 1207 3074 1252 et
3116 1198 3304 1269 gravis
3361 1204 3511 1253 esset
3556 1210 3763 1267 operae.

489 1263 666 1322 lloscc
710 1275 917 1336 autem,
973 1278 1034 1324 ut
1090 1268 1473 1327 dilucidiorem
1518 1274 1913 1329 ecclesiastica:
1980 1275 2058 1329 rei
2100 1286 2302 1333 statum
2362 1282 2623 1353 facerem,
2681 1263 2945 1345 collectos
2969 1263 3763 1361 recctisui,quamvisdiversa

487 1362 828 1433 aliquantum
889 1381 1083 1421 eorum
1135 1376 1381 1438 tempora
1438 1369 1578 1425 obiti
1629 1385 1731 1440 pro
1791 1370 2013 1426 Christo
2054 1378 2302 1447 martyrii
2350 1377 2577 1437 fuerint.

1109 1482 1339 1539 CAPUT
1367 1483 1457 1538 XI.

490 1575 567 1628 De
593 1577 1040 1648 sancloAArlemio
1077 1602 1087 1633 :
1117 1578 1246 1630 item
1276 1577 1340 1631 de
1379 1581 1579 1635 sanctis
1616 1579 1864 1648 Manuel,
1895 1582 2073 1647 Sobel,

703 1656 750 1699 rt
785 1644 982 1701 lsmacl
1014 1665 1030 1701 :
1068 1656 1117 1701 et
1144 1648 1206 1702 de
1230 1648 1383 1703 beata
1416 1648 1609 1704 Publio
1638 1644 1863 1723 uirgine.

560 1827 886 1884 lunumcros
919 1846 1153 1901 namque
1178 1831 1317 1887 alios
1345 1832 1512 1886 etiam
1542 1846 1639 1902 per
1672 1832 1891 1889 Graecos
1916 1833 2077 1889 simul

489 1929 545 1975 et
581 1923 841 1977 barbaros
882 1923 1400 1979 excruciavit.Nam
1439 1933 1497 1979 et
1539 1925 1627 1981 his
1679 1935 1904 1998 propter
1954 1926 2081 1982 reli-

487 2016 669 2084 gionis
710 2016 911 2070 uestra:
941 2015 1150 2083 odium,
1183 2016 1454 2086 quidquid
1506 2018 1729 2080 vellent,
1788 2025 1847 2072 ut
1886 2025 2079 2072 contra

489 2124 592 2163 nos
620 2117 865 2180 agerent,
892 2110 1179 2180 permisit:
1212 2119 1270 2166 et
1294 2109 1547 2166 fecerunt
1582 2110 1661 2165 illi
1692 2112 1748 2166 in
1792 2125 1891 2166 nos
1920 2111 2080 2182 longe

487 2204 676 2274 pejora
697 2214 863 2274 atque
886 2204 1188 2271 atrociora,
1218 2219 1383 2275 quam
1417 2202 1592 2260 Graeci
1614 2203 1741 2276 ipsi.
1769 2204 2078 2259 Artemium

490 2308 679 2354 autem
734 2313 1069 2369 generosum
1127 2298 1254 2354 fidei
1280 2309 1762 2370 propugnatorem,
1799 2298 1994 2353 ducem
2025 2306 2082 2352 et

487 2392 845 2462 Augustalem
865 2391 1174 2448 Antiochia:
1198 2392 1408 2464 (l),qui
1437 2391 1601 2447 etiam
1628 2391 1916 2461 copiarum
1935 2390 2081 2444 milio

490 2483 693 2537 tarium
727 2484 927 2538 ductor
971 2484 1027 2539 in
1091 2482 1352 2554 Egypto,
1393 2483 1719 2540 Constantio
1772 2484 2082 2554 imperante

489 2577 619 2641 fuit,
679 2593 775 2646 per
802 2578 1044 2646 seipsum
1076 2579 1280 2632 torsit:
1346 2595 1406 2632 re
1464 2577 1684 2647 quidem
1737 2577 1874 2647 ipsa,
1935 2577 2078 2645 quod

490 2665 816 2743 Constantio
857 2667 1242 2733 subserviens,
1270 2669 1583 2739 ardoreque
1608 2669 1796 2723 dixino
1820 2668 2077 2738 flagrans,

491 2757 721 2814 delubra
762 2760 934 2815 multa
960 2757 1194 2816 deorum
1248 2761 1451 2832 dejecit
1505 2774 1671 2832 atque
1726 2762 1972 2816 evertit:
2026 2770 2080 2813 et

490 2848 642 2920 quod
694 2850 949 2907 divorum
1001 2853 1419 2924 apostolorum,
1482 2853 1739 2914 Andreae.
1789 2852 1970 2915 Luem,
2024 2861 2081 2903 et

491 2943 767 3000 'l'imodiei
814 2961 960 3014 ossa,
993 2946 1175 3003 Patris
1201 2988 1214 3011 ,
1275 2957 1331 3003 et
1369 2963 1436 3003 ex
1512 2948 1716 3002 Achaia
1768 2957 1824 3001 et
1861 2946 2079 3015 Epheso

2776 1501 3033 1558 ΚΕΦΑΛ.
3064 1502 3171 1559 IA'.

2185 1585 2476 1676 περιηξοὲ
2523 1590 3079 1676 ἑπῖίρνμρτειιίρυ·
3116 1593 3241 1676 ,θεαὶ
3266 1593 3386 1676 τῶγ
3418 1595 3620 1676 ιιι-’ωτι
3643 1595 3768 1676 δῖα·

2258 1660 2741 1733 ζουὴλ,-Σᾳόξ.ι,
2792 1660 3227 1733 καΥἹσμαὴλ,
3263 1664 3365 1718 καί
3417 1660 3531 1732 τῆς
3587 1663 3765 1727 ὁσίας

2113 1706 2153 1757 Β
2254 1706 2639 1797 magna}?
2648 1706 3076 1801 manus:

2257 1845 2367 1899 Καὶ
2395 1844 2627 1913 πολλοὺς
2662 1848 2765 1919 μὲν
2785 1848 2984 1912 ἄλλους
3015 1851 3253 1923 ἀριθμοῦ
3285 1850 3589 1924 κρείττουξ
3601 1852 3692 1907 διά
3717 1852 3768 1906 θ’

2188 1936 2470 2008 Ἐλλήνων
2518 1940 2614 1993 καὶ
2670 1940 2968 2013 βαρϐάρων
3007 1944 3358 2015 ἐτιμωρεῖτο.
3413 1944 3612 2014 Ἀνῆκε
3656 1945 3769 2015 γὰρ

2184 2031 2475 2096 κάκείνους
2509 2031 2589 2103 τῷ
2642 2033 2793 2103 μίσει
2826 2033 2921 2088 τοῦ
2973 2034 3271 2104 δόγματος,
3308 2035 3419 2089 πᾶν
3457 2035 3513 2089 εί
3540 2053 3593 2089 τι
3643 2033 3773 2105 βού-

2182 2122 2363 2177 λοιντο
2391 2124 2515 2179 καθ’
2553 2126 2713 2196 ἡμῶν
2731 2127 2976 2198 ἐνεργεῖν
2994 2143 3007 2158 ο
3042 2128 3134 2182 καὶ
3170 2118 3419 2199 ἔπραξαν
3449 2126 3631 2198 πολλῷ
3659 2127 3775 2198 χεί-

2186 2233 2316 2283 ρονα
2348 2217 2444 2270 καὶ
2461 2217 2643 2271 άπανο
2654 2218 2947 2290 ρωπότερα
2971 2220 3118 2292 ἥπερ
3142 2219 3411 2290 Ἕλληνες
3429 2234 3446 2253 ο
3478 2217 3773 2289 Ἀρτέμιον

2183 2308 2240 2361 δὲ
2265 2307 2359 2361 τὸν
2380 2312 2631 2376 γενναῖον
2651 2313 2752 2382 τῆς
2784 2310 3069 2375 εὐσεϐείας
3100 2311 3429 2384 ἀγωνιστὴν,
3449 2310 3619 2366 δοῦκα
3641 2311 3774 2365 ὂντα

2184 2400 2280 2453 καὶ
2294 2399 3076 2474 ΑὐγουστάλιονἈντιοχείας,
3104 2403 3173 2457 δι’
3199 2403 3400 2457 ἑαυτοῦ
3430 2404 3732 2458 ὲκολάσατο
3754 2416 3770 2433 ο

2184 2492 2244 2557 ὃς
2274 2493 2369 2547 καὶ
2414 2495 2724 2567 στρατηγὸς
2763 2494 2875 2549 τῶν
2906 2498 3026 2550 κατ’
3052 2495 3330 2566 Αἴγυπτον
3356 2497 3451 2549 ἐπὶ
3478 2496 3772 2549 Κωνσταν-

2184 2586 2303 2640 τίου
2341 2587 2591 2656 ἐγένετο·
2630 2590 2691 2642 τὸ
2727 2589 2827 2660 μὲν
2850 2589 3072 2661 ἀληθὲς,
3103 2589 3187 2643 ὅτι
3218 2588 3366 2661 ζήλῳ
3405 2588 3535 2660 θείῳ
3566 2585 3774 2657 πυρού-

2188 2698 2371 2749 μενος,
2399 2681 2571 2736 πολλὰ
2586 2681 2789 2753 τεμένη
2813 2683 2926 2736 τῶν
2942 2681 3179 2737 εἰδώλων
3204 2680 3494 2752 συνέτριψε
3512 2680 3608 2734 καὶ
3639 2697 3773 2733 κατ-

2186 2773 2383 2838 έϐαλε,
2419 2775 2788 2844 Κωνσταντίῳ
2823 2773 3271 2847 ὑπηρετούμενος
3292 2789 3307 2806 ⁸
3345 2772 3441 2827 καὶ
3478 2773 3673 2844 ὅτιπερ
3700 2772 3770 2827 τὰ

2184 2863 2295 2917 τῶν
2325 2863 2490 2918 θείων
2520 2865 2841 2919 ἀποστόλων
2869 2863 3006 2919 ὀστᾶ
3041 2866 3106 2919 ὲκ
3141 2861 3375 2935 Πατρῶν
3406 2854 3503 2918 καὶ
3547 2862 3771 2933 ’Ᾱχατας

2186 2960 2285 3011 καὶ
2313 2948 2581 3028 Ἐφέσου,
2612 2957 2872 3027 Ἀνδρέου
2904 2973 2964 3011 τε
2991 2958 3086 3011 καὶ
3115 2956 3307 3011 Δουκᾶ
3344 2959 3440 3012 καὶ
3465 2953 3730 3026 Τιμοθέου
3752 2994 3771 3023 ,

488 3036 1029 3111 Constantinopolim
1098 3039 1361 3111 pertulit:
1414 3039 1526 3111 30
1569 3039 1799 3094 obtentu
1832 3054 1964 3092 vero
2023 3049 2079 3093 et

2188 3048 2469 3121 ἀνήγαγεν
2500 3049 2559 3103 ἐν
2588 3050 2655 3120 τῇ
2691 3048 3140 3104 Κωνσταντίνου’
3178 3051 3247 3117 τῇ
3284 3047 3342 3101 δὲ
3377 3049 3652 3118 προφάσει
3678 3046 3773 3114 δῆ-

491 3141 787 3199 prmtextu,
822 3129 971 3201 quod
1009 3129 1163 3186 fratri
1189 3129 1343 3186 Gallo
1391 3131 1508 3201 ipse
1552 3144 1743 3185 necem
1790 3128 2078 3183 struxerit.

491 3224 658 3278 Bonis
687 3222 836 3279 enim
861 3224 1120 3278 omnibus
1151 3222 1381 3294 martyri
1401 3222 1661 3293 spoliato,
1697 3221 2081 3291 dignitateque

489 3315 708 3382 orbato,
741 3325 868 3386 post
900 3315 1170 3385 plurimas
1215 3316 1357 3370 alias
1408 3314 1906 3384 intolerabilesque
1957 3328 2080 3384 po:-

492 3423 616 3466 nas,
653 3408 873 3461 tandem
904 3414 961 3461 et
992 3415 1158 3476 caput
1180 3406 1442 3463 resecuit.
1472 3405 1680 3461 Amixit
1704 3421 1926 3477 quoque
1957 3422 2085 3460 ora-

492 3510 645 3552 tores
696 3499 914 3563 Persas,
955 3501 1048 3567 qui
1084 3499 1152 3552 ad
1199 3513 1329 3554 eum
1376 3498 1729 3566 Chalcedone
1789 3506 2080 3559 venerant,

493 3591 733 3657 Manuel,
766 3590 954 3657 Sabel,
982 3603 1036 3647 et
1061 3590 1278 3657 Ismael,
1312 3600 1606 3663 propterea
1628 3591 1774 3661 quod
1808 3590 2080 3647 Christia—

491 3700 621 3738 nam
659 3684 906 3740 colerent
943 3685 1265 3756 religionem
1291 3703 1305 3741 :
1332 3699 1514 3756 neque
1540 3686 1596 3739 in
1638 3685 1719 3741 eis
1773 3685 2080 3756 legatorum

488 3778 602 3848 jus,
645 3786 840 3832 contra
893 3788 1177 3848 receptum
1240 3778 1488 3848 gentium
1546 3777 1794 3831 omnium
1848 3790 2082 3844 morem,

494 3869 705 3922 violare
730 3877 815 3923 est
837 3869 1067 3925 veritus.
1100 3868 1362 3924 Sedenim
1387 3868 1585 3924 Publia
1612 3883 1837 3940 quoque
1873 3868 2082 3924 femina

494 3961 830 4031 prwcipuum
854 3962 1295 4031 praeclarumque
1317 3974 1384 4014 ex
1403 3958 1606 4015 virtute
1628 3974 1832 4015 nomen
1854 3968 1941 4015 est
1956 3974 2085 4014 con—

495 4063 686 4107 secuta
713 4071 726 4107 :
754 4070 876 4124 qua:
898 4069 1024 4109 cum
1055 4069 1165 4108 non
1199 4053 1275 4107 ita
1311 4051 1411 4106 diu
1443 4053 1495 4106 in
1526 4052 1882 4107 matrimonio
1909 4051 2081 4107 vixis-

494 4154 598 4209 set,
659 4146 1024 4201 admiratione
1080 4144 1306 4215 dignum
1364 4143 1540 4198 edidit
1611 4141 1876 4199 fructum.
1945 4143 2082 4198 Nam

492 4238 738 4292 Joannes
766 4234 883 4302 ille,
915 4237 1010 4306 qui
1066 4234 1232 4306 longo
1265 4244 1510 4305 tempore
1563 4234 1853 4305 presbyter
1891 4235 2083 4290 Antio-

493 4329 636 4384 chia:
660 4328 788 4395 fuit,
813 4336 870 4383 et
900 4341 1029 4382 cum
1055 4325 1352 4397 aliquoties
1386 4327 1651 4398 legitimis
1678 4327 1961 4399 suﬁragiis
2015 4329 2082 4383 ad

2188 3139 2313 3207 θεν,
2342 3140 2426 3194 δτι
2456 3138 2708 3210 τάδε).φῷ
2738 3139 2928 3211 Γάλλῳ
2958 3139 3123 3204 αὐτὸς
3167 3133 3238 3211 ἦν
3266 3141 3296 3193 ὁ
3324 3139 3418 3193 τδν
3449 3139 3610 3209 φόνον
3640 3153 3775 3205 συγ-

2189 3232 2592 3302 κερασάμενος.
2642 3231 2763 3285 Τῶν
2815 3230 2987 3285 όντων
3034 3231 3144 3303 γάρ
3177 3230 3436 3287 ἁπάντων
3475 3231 3775 3301 γυμνώσας

2188 3324 2277 3377 τὸν
2338 3324 2616 3395 μάρτυρα,
2682 3323 2778 3377 καὶ
2839 3323 2939 3394 τῆς
2997 3322 3178 3395 ἀρχῆς
3228 3320 3579 3393 παραλύσας,
3634 3322 3775 3394 μετὰ

2188 3412 2452 3477 πλείστας
2482 3414 2650 3477 ἄλλοις
2682 3415 2774 3467 καὶ
2800 3414 3166 3480 άνυποίστους
3192 3413 3485 3486 βασάνους,
3510 3415 3664 3479 τέλος
3682 3418 3773 3470 καὶ

2188 3508 2288 3575 τὴν
2344 3506 2587 3578 κεφαλὴν
2622 3507 2963 3577 ἀφαιρεῖται.
3003 3508 3242 3574 Κολάζει
3292 3509 3430 3580 πρὸς
3467 3509 3648 3581 τούτῳ
3680 3511 3777 3564 καὶ

2186 3599 2312 3659 τοὺς
2330 3599 2393 3651 ὲκ
2424 3596 2688 3670 Περσίδος
2704 3599 2966 3670 πρέσϐεις
2986 3599 3243 3663 ἐλθόντας
3270 3619 3338 3654 πε
3346 3604 3401 3673 pi.
3416 3601 3738 3670 Χαλκηδόνα
3754 3641 3770 3666 ,

2189 3691 2469 3760 Μανουὴλ,
2500 3690 2672 3744 Σαϐέλ
2693 3708 2750 3744 τε
2781 3692 3123 3764 καὶἸσμαὴλ
3144 3735 3159 3758 ,
3183 3694 3377 3765 ὅτιπερ
3408 3693 3477 3747 τὰ
3509 3693 3777 3763 Χριστια-

2190 3782 2298 3835 νῶν
2353 3782 2750 3853 πρεσϐεύοντες
2797 3776 2984 3853 ἦσαν,
3032 3785 3167 3854 μηδὲ
3221 3784 3284 3839 τὸ
3326 3785 3425 3851 τῆς
3472 3783 3773 3853 πρεσϐείας

2188 3872 2410 3944 ἀξίωμα
2463 3874 2753 3946 αἰδεσθείς.
2786 3874 2953 3930 Ἀλλά
2999 3877 3093 3929 καὶ
3125 3876 3372 3930 Πουπλία
3404 3874 3544 3946 γυνή
3579 3890 3666 3938 τις
3713 3874 3775 3943 ἐξ

2186 3965 2390 4037 ἀρετῆς
2422 3964 2737 4036 θαυμαστὸν
2760 3968 2851 4021 καὶ
2871 3967 3111 4034 ὲξαὲσιον
3139 3968 3309 4037 ὄνομα
3331 3965 3738 4039 κληρωταμένη
3756 3980 3771 3996 ·

2187 4057 2223 4129 ἢ
2256 4057 2324 4128 δὴ
2369 4058 2506 4128 πρὸς
2535 4058 2717 4126 ὀλίγον
2747 4059 2840 4112 τὸν
2887 4058 3052 4127 ζυγὸν
3080 4057 3386 4113 ὑπελθοῦσα
3426 4056 3522 4111 τοῦ
3551 4056 3734 4127 γάμου
3756 4097 3773 4123 ,

2188 4151 2404 4221 καρπὸν
2425 4149 2757 4219 άξιάγαστον
2785 4150 3018 4221 ἤνεγκεν
3037 4166 3052 4181 ο
3076 4150 3336 4221 Ἰωάννης
3365 4150 3474 4221 γὰρ
3508 4150 3536 4203 ό
3567 4150 3627 4204 ιν
3652 4151 3779 4203 ‘Av-

2187 4243 2401 4314 τιοχείᾳ
2436 4242 2809 4315 πρεσϐύτερος
2845 4242 2940 4296 ἐπὶ
2993 4241 3194 4315 μακρῷ
3225 4243 3401 4313 χρόνῳ
3442 4241 3738 4313 γενόμενος
3760 4284 3776 4309 ,

2189 4334 2292 4405 τῆς
2331 4324 2702 4405 ἀποστολικῆς
2731 4332 3002 4404 καθέδρας
3026 4332 3125 4396 τὰς
3153 4331 3372 4403 ψήφους
3401 4330 3664 4398 πολλάκις
3686 4332 3777 4386 δε·

493 4423 680 4477 sedcm
705 4421 1064 4493 apostolicam
1093 4420 1469 4504 recipiendam
1529 4425 1707 4477 lectus
1732 4431 1898 4481 esset,
1936 4437 2080 4476 sem-

2194 4389 2448 4494 ξάμενος,
2476 4421 2565 4476 ἀεὶ
2594 4389 3024 4491 δὲ’ξρεύγωνπην
3055 4389 3371 4491 προεδρίαν,
3401 4419 3501 4491 τῆς
3522 4389 3781 4490 τοιαυτης

491 4530 593 4584 per
619 4514 944 4584 dignitatem
980 4525 1101 4566 eam
1132 4510 1466 4581 repudiavit,
1496 4510 1651 4566 fundi
1670 4511 1833 4567 istius
1855 4525 2080 4581 germen

490 4605 732 4660 exstitit.
762 4602 886 4658 Haec
921 4602 1090 4673 igitur
1113 4604 1390 4675 virginum
1420 4619 1543 4673 qua:
1570 4611 1724 4658 caste
1758 4603 1926 4657 vitam
1975 4602 2080 4659 sibi

490 4697 799 4769 degendam
830 4695 1262 4763 constituerant,
1323 4695 1492 4752 coetui
1552 4695 1794 4765 praefuit,
1858 4695 2084 4764 Deoque

492 4793 761 4847 continue
780 4789 996 4859 scrviit,
1016 4790 1238 4862 hymnis
1262 4798 1319 4843 et
1341 4789 1600 4842 laudibus
1624 4790 1904 4844 continuis
1927 4790 2081 4843 illum

491 4886 803 4942 celebrans.
839 4886 1012 4941 Porro
1045 4900 1171 4942 cum
1216 4883 1514 4952 aliquando
1537 4885 1709 4954 pestis
1746 4886 1849 4940 ista
1880 4884 2080 4939 harum

491 4980 667 5035 aedem
690 4979 1240 5050 prmtergrederctur,
1275 4977 1390 5031 risu
1422 4991 1550 5031 eum
1599 4987 1654 5033 et
1677 4977 1930 5033 convicio
1957 4978 2079 5048 dig-

491 5087 627 5127 num
673 5071 1080 5133 existimantes,
1148 5068 1241 5122 illa
1315 5066 1703 5124 Davidicm-um
1768 5070 2078 5124 carminum

493 5164 662 5220 verba
694 5177 833 5217 voce
878 5161 1076 5215 altiore
1107 5158 1535 5223 concinuerunt,
1582 5176 1703 5228 qua:
1758 5161 2079 5216 simulacro-

492 5273 615 5313 rum
655 5254 1090 5310 imbecillitatem
1124 5253 1460 5307 traducunt:
1510 5252 1816 5308 Simulacra
1843 5257 2081 5326 gentium

493 5359 771 5419 argentum
827 5355 879 5399 et
925 5360 1159 5407 aurum,
1236 5360 1398 5416 opera
1461 5363 1718 5400 manuum
1786 5348 2081 5402 hominum.

494 5440 711 5496 Similes
741 5438 853 5491 illis
886 5435 1022 5506 ﬁant
1053 5439 1144 5507 qui
1178 5437 1383 5507 faciunt
1402 5454 1490 5502 ea,
1523 5448 1573 5491 et
1604 5454 1785 5492 omnes
1829 5440 1921 5509 qui
1953 5455 2082 5493 cou-

491 5534 666 5600 ﬁdunt
718 5535 772 5586 iu
832 5532 904 5585 eis
947 5530 985 5584 ⁸.
1020 5529 1173 5596 Quod
1206 5530 1297 5586 ubi
1330 5532 1719 5602 praevaricator
1740 5533 1973 5599 audivit,
2006 5535 2081 5588 si-

566 5631 581 5660 ¹
613 5627 759 5682 Psal.
787 5643 940 5693 cxm,
968 5627 1023 5693 4,
1062 5627 1116 5683 5.

566 5747 643 5814 (ί)
675 5749 999 5813 Augustales
1029 5749 1518 5817 uum-upabantur.
1553 5750 1650 5818 qui
1686 5749 1893 5817 primos
1923 5750 2073 5804 ordi-

492 5830 590 5869 nes
647 5818 700 5872 iu
756 5820 900 5873 bello
959 5821 1257 5890 ducebant,
1290 5820 1437 5886 quod
1497 5821 1564 5872 ab
1604 5824 1851 5890 Augusto
1899 5820 1965 5873 ad
2018 5822 2071 5876 id

497 5901 693 5942 luimus
728 5891 924 5945 dvle-cti
954 5900 1162 5945 essent.
1198 5889 1461 5961 Vegetius.
1499 5889 1853 5962 Augustalcm
1889 5900 2075 5945 autent

2192 4515 2432 4587 ἀρούρας
2467 4514 2753 4586 βλάστημα
2790 4509 2879 4585 ἦν.
2901 4510 3052 4583 Αὕτη
3080 4510 3262 4566 τοίνυν
3291 4512 3453 4584 χορδν
3492 4511 3781 4584 παρθένων

2189 4609 2277 4663 διὰ
2303 4610 2422 4680 βίου
2454 4608 2755 4678 σωφρονεῖν
2793 4606 3105 4673 είθισμένον
3141 4605 3490 4675 ἐπαγομένη,
3524 4604 3645 4676 Θεῷ
3678 4606 3777 4676 μὲν

2191 4702 2278 4755 άεὶ
2316 4700 2656 4773 λατρεύουσα
2687 4694 2778 4772 ἦν,
2816 4699 3075 4768 άσίγητον
3104 4699 3195 4751 τὸν
3242 4696 3411 4768 ὕμνον
3436 4697 3533 4750 καὶ
3563 4696 3663 4768 τὴν
3691 4697 3783 4749 εὑ-

2193 4792 2406 4862 φημίαν
2429 4788 2729 4862 κομίζουσα
2750 4804 2763 4818 ·
2789 4786 2884 4841 καί
2913 4802 3044 4839 ποτε
3070 4786 3338 4858 παριόντα
3357 4784 3451 4838 τὸν
3479 4782 3773 4850 ἀλάστορα,

2191 4881 2283 4939 οἷα
2320 4884 2385 4952 δὴ
2404 4883 2814 4951 καταγέλαστον
2835 4880 2929 4933 καὶ
2946 4878 3313 4933 ἐπονείδιστον
3328 4875 3652 4949 ἡγούμεναι,
3679 4888 3743 4940 γε
3760 4898 3773 4911 -

2190 4979 2495 5048 γωνότερον
2523 4977 2708 5030 ὲκεῖνα
2740 4974 2849 5027 τῶν
2893 4972 3191 5027 Δαυῖδικῶν
3225 4970 3486 5042 ᾀσμάτων
3518 4963 3775 5035 ἐμμελῶς
3848 5010 3851 5013 γ

2188 5069 2338 5144 ᾖδον,
2389 5070 2489 5124 ὅσα
2537 5070 2598 5122 τὸ
2641 5068 2750 5121 τῶν
2780 5066 3018 5121 εἰδώλων
3060 5064 3284 5127 ἀσθενὲς
3334 5058 3637 5130 ἐξελέγχει,
3671 5058 3777 5128 φά.

2192 5176 2412 5216 σκοντα·
2500 5159 2579 5215 Τὰ
2633 5158 2854 5213 ειδωλα
2907 5157 3030 5212 τῶν
3096 5154 3286 5210 ἐθνῶν
3331 5152 3623 5222 ἀργύριον
3678 5150 3778 5206 καὶ

2191 5255 2481 5326 χρυσίον,
2535 5254 2682 5323 ἔργα
2737 5251 2954 5323 χειρῶν
2989 5251 3344 5321 ἀνθρώπων.
3379 5246 3619 5318 Ὅμοιοι
3669 5249 3781 5302 αὐ-

2189 5349 2317 5416 τοῖς
2354 5348 2629 5420 γένοιντο
2684 5348 2739 5401 οὶ
2777 5346 3098 5412 ποιοῦντες
3123 5342 3299 5411 αὐτὰ,
3338 5345 3439 5397 καί
3469 5340 3696 5406 πάντες
3726 5343 3781 5392 οἱ

2190 5440 2542 5505 πεποιθότες
2567 5439 2659 5493 ἐπ’
2685 5437 2913 5504 αὐτοῖς.
2990 5439 3080 5503 Ὠς
3112 5433 3208 5491 οὗν
3232 5434 3440 5490 τούτων
3465 5435 3495 5488 ὁ
3525 5433 3780 5504 παραϐά-

2189 5552 2290 5603 της
2343 5532 2629 5603 ὴνὼτιστο,
2670 5533 2832 5600 σιγᾷν
2874 5529 3195 5586 ἐπέταττεν.
3225 5529 3294 5586 Δί
3342 5528 3399 5582 δὲ
3435 5527 3641 5597 μᾶλλον
3685 5528 3782 5579 ἑπ-

2183 5751 2507 5824 prmfeetum
2537 5748 2886 5824 infligth
2937 5748 3221 5824 Augustus
3267 5742 3584 5807 constituit,
3619 5742 3783 5824 cujus

2184 5817 2239 5877 in
2277 5822 2337 5875 fl‘.
2380 5820 2589 5875 mentio
2617 5818 2695 5873 iit.
2735 5819 2803 5873 Et
2855 5817 3252 5884 Augustoniea,
3309 5831 3435 5883 pars
3481 5817 3783 5883 provinciw

2184 5891 2402 5963 [Egypti
2429 5899 2534 5947 cst.
2571 5889 2885 5943 Ammianus
2921 5885 3293 5940 Marcellinus.
