4054 6468
503 425 607 489 473

1421 421 2034 487 ECCLESIASTlC/E
2073 423 2462 488 IIISTURLE
2509 430 2649 493 LIB.
2697 429 2770 493 Χ.

3652 431 3761 496 474

505 540 715 593 έκειντο
762 541 874 603 τοῖς
905 519 1163 610 ψαλμοῖς,
1191 540 1285 594 καὶ
1309 539 1481 594 ταῦτα
1508 541 1574 612 δὴ
1615 541 2071 612 ιττροσεττᾴδουσαι¹

2186 541 2414 596 lentinm
2444 545 2527 600 eis
2557 545 2870 614 imperavit.
2905 545 2968 598 At
2993 545 3096 600 illa:
3127 544 3302 616 magis
3343 545 3507 601 etiam
3532 548 3762 617 psalmis

441 675 444 680 .
503 627 844 699 Ἀναστήτώ
884 635 918 687 ὁ
948 631 1114 696 Θεὸς,
1171 632 1270 686 καί
1328 631 1985 701 διασκορπισθήτωσαν
2023 631 2077 684 ot

502 724 706 795 ἐχθροί
739 724 948 779 αὑτοῦ.
999 723 1120 793 Ἐφ’
1151 719 1233 788 οἷς
1266 725 1574 794 χαλεπήνας
1602 726 1630 776 6
1671 723 1952 794 τύραννος,
1982 721 2076 775 τοῦ

503 817 667 887 χοροῦ
698 816 800 885 τὴν
845 815 1181 886 ὲξάρχουσαν
1215 816 1446 888 ἀχθῆναι
1470 815 1703 871 κελεύει.
1744 817 1803 870 '0
1847 815 1905 870 δὲ
1940 817 2077 886 μήτε

501 911 562 964 τὸ
603 910 800 977 σεμνὸν
841 911 1018 962 ἐκεῖνο
1048 910 1250 977 γῆρας,
1295 909 1432 977 μήτε
1468 907 1574 978 μὴν
1607 908 1707 976 τὴν
1729 906 1794 960 ἑκ
1827 909 1922 977 τῆς
1950 907 2080 974 ἀρε-

501 1003 600 1072 τῆς
628 1000 969 1054 ἐπανθοῦσαν
986 1001 1118 1054 α’ίδὼ
1144 1001 1520 1069 λογισάμενος,
1549 1000 1762 1068 πικρῶς
1787 997 1925 1051 κατὰ
1946 999 2075 1066 κόρο

505 1095 606 1163 ρης
636 1090 820 1146 παίειν
867 1091 1135 1154 ἐκέλευεν,
1168 1092 1244 1154 ῶς
1273 1091 1368 1144 καὶ
1411 1090 1579 1160 ἄμφω
1610 1091 1804 1159 αἵμασι
1837 1088 2075 1157 φοινίξαι

502 1186 600 1247 τὰς
642 1181 977 1252 παρειάςοἮ
1012 1183 1068 1236 δὲ
1097 1185 1266 1252 τιμὴν
1299 1182 1502 1252 μᾶλλον
1531 1183 1562 1254 ἦ
1594 1182 1818 1250 ἀτιμίαν
1843 1180 2074 1250 τδὺπὲρ

501 1276 739 1346 Χριστοῦ
773 1276 1003 1345 πάσχειν
1032 1276 1336 1346 ἡγουμένη,
1372 1275 1466 1329 ἐπὶ
1494 1275 1555 1328 τὸ
1583 1275 1854 1344 δωμάτιον
1888 1272 2072 1326 ἀνιοῦ-

505 1386 594 1430 σα,
629 1365 788 1429 αὖθις
831 1371 952 1432 ταῖς
983 1370 1385 1437 πνευματικαῖς
1416 1369 1705 1438 μελῳδίαις
1736 1367 1898 1421 αὐτὸν
1944 1382 2074 1419 κατ-

503 1461 738 1531 εκρότει.
771 1461 876 1513 Καὶ
910 1463 1033 1522 τοὺς
1067 1461 1124 1513 ἐν
1173 1457 1323 1530 αὖτῷ
1356 1459 1830 1529 κορυϐαντιῶντας
1872 1459 2073 1528 τρόπον

502 1553 689 1624 ἕτερον
717 1552 1041 1606 κατέστελλε
1084 1552 1343 1621 δαίμονας
1369 1567 1385 1584 ⁸
1414 1551 1507 1616 οὒς
1535 1552 1675 1605 ἑκὼν
1705 1551 1882 1620 ἑαυτῷ
1910 1552 2074 1621 είσῳ-

503 1647 694 1699 κίσατο
714 1661 729 1676 ο
761 1643 1012 1714 καθάπερ
1045 1644 1253 1706 ἐκεῖνος
1276 1645 1304 1696 ὁ
1329 1642 1428 1713 τῆς
1461 1642 1725 1713 μελῳδίας
1752 1641 2070 1704 διδάσκαλος

503 1741 568 1808 τῇ
610 1737 849 1808 σφετέρᾳ
897 1733 1208 1808 κινύρᾳτπδ
1235 1735 1330 1790 τοῦ
1377 1735 1550 1789 Σαοὺλ
1584 1734 1796 1805 ἐνοχλον
1850 1731 2069 1802 πνεῦμα

509 1830 796 1883 κατέπαυε.

1087 2030 1337 2084 ΚΕΦᾹΛ.
1363 2026 1460 2083 IB'.

503 2125 700 2191 Ὀπως
726 2128 759 2179 ὁ
787 2124 1134 2190 ἀποστάτης
1159 2123 1233 2176 τὰ
1268 2125 1358 2176 ἐπ’
1386 2121 1603 2189 ἀγορᾶς
1634 2121 1780 2174 ὥνια
1807 2122 2071 2190 μιαίνειν

572 2195 935 2260 προσέταττε
957 2210 968 2224 '
1002 2195 1099 2248 καί
1128 2195 1262 2260 περὶ
1286 2194 1394 2246 τοῦ
1423 2192 1595 2260 ἁγίου
1631 2192 1930 2259 Θεοδώρου
1962 2191 2069 2244 τοῦ

577 2264 844 2332 Τήρωνος
867 2278 883 2294 ·
906 2265 1005 2317 καί
1028 2263 1161 2330 περὶ
1189 2263 1308 2316 τῶν
1331 2263 1517 2331 ἁγίων
1550 2263 1870 2331 μαρτύρων
1917 2261 2069 2314 Ἰου-

572 2337 848 2388 ϐεντίνου
876 2334 975 2388 καί
1004 2334 1364 2402 Μαξιμίνου.

569 2445 782 2516 Μικρὸν
830 2443 891 2499 δὲ
913 2445 1122 2516 προῖὼν
1155 2443 1634 2515 παρῤησιαίτερον
1669 2444 1698 2496 6
1729 2441 2069 2511 ἀποστάτης,

503 2535 706 2606 μᾶλλον
727 2536 784 2590 δὲ
819 2535 1205 2607 ἀναιδέστερον
1227 2537 1294 2607 τῇ
1324 2533 1554 2604 ἀσεϐείᾳ
1584 2533 1892 2605 χρώμενος,
1928 2533 2071 2587 κατὰ

501 2627 603 2696 τῆς
637 2627 923 2691 εὐσεϐείας
952 2627 1246 2692 ὡπλίζετο.
1288 2626 1381 2697 Μὴ
1406 2624 1547 2696 ἔχων
1568 2624 1612 2678 δ’
1644 2626 1671 2678 ὅ
1707 2642 1760 2678 τι
1791 2626 1886 2678 καὶ
1915 2625 2070 2696 δρᾷν,

502 2721 572 2772 τὰ
599 2720 684 2772 ἐπ’
707 2721 912 2789 ἀγορᾶς
936 2718 1074 2772 ῶνια
1105 2718 1200 2772 τοῦ
1256 2717 1567 2788 μιάσματος
1617 2713 1865 2778 ὲπίμπλα
1895 2731 1909 2744 ·
1972 2731 2072 2766 πε-

2183 634 2584 704 incumbentes,
2619 637 2752 692 illud
2803 653 3024 707 quoque
3080 639 3418 694 accinuere:
3482 639 3759 711 Exsurgat

2182 725 2343 790 Deus,
2375 737 2423 782 et
2461 730 2781 798 dissipentur
2816 731 3019 784 inimici
3051 735 3164 800 ejus
3197 733 3238 785 ⁸.
3268 730 3394 785 Eam
3418 733 3489 786 ob
3520 748 3637 787 rem
3667 733 3756 787 in-

2180 817 2435 887 dignatus
2460 829 2745 891 tyrannus,
2780 837 2810 875 e
2841 822 3191 890 psallentium
3241 822 3412 878 choro
3446 824 3755 893 principem

2179 908 2378 965 adduci
2400 911 2565 981 jussit
2595 931 2606 964 :
2638 920 2694 966 et
2717 928 2898 981 neque
2927 914 3467 968 venerandamillius
3496 927 3756 968 senectu-

2183 1007 2311 1062 tem,
2332 1016 2509 1070 neque
2536 1019 2565 1057 e
2586 1003 2788 1058 virtute
2810 1003 3243 1059 emorescentem
3276 1006 3329 1059 in
3351 1020 3414 1059 ea
3445 1008 3754 1060 observan-

2182 1091 2309 1145 tiam
2330 1095 2556 1160 veritus,
2592 1103 2699 1148 tam
2739 1097 2936 1150 acerbe
2969 1096 3245 1150 maxillam
3281 1098 3404 1168 ejus
3453 1110 3750 1167 utramque

2177 1182 2513 1239 diverberari
2549 1187 2814 1255 praecipit,
2852 1195 2914 1241 ut
2961 1187 3260 1241 admodum
3308 1190 3578 1258 sanguine
3635 1189 3783 1241 suf-.

2175 1278 2751 1348 tunderentur.Atque
2768 1281 2880 1346 illa,
2906 1281 3170 1334 honorem
3203 1281 3384 1348 p0tius
3409 1283 3751 1348 quamignn-

2175 1367 2395 1422 miniam
2421 1384 2542 1425 esse
2566 1381 2706 1436 rata,
2731 1385 2892 1440 quam
2913 1387 3012 1441 pro
3032 1370 3252 1432 Christo
3273 1373 3581 1440 pertulerat
3603 1372 3748 1440 inju-

2175 1461 2344 1528 riam,
2379 1462 2429 1514 in
2461 1463 2848 1517 domunculam
2881 1477 3034 1517 suam
3070 1473 3153 1518 est
3190 1478 3434 1526 reversa,
3472 1473 3638 1526 atque
3665 1465 3742 1517 ibi

2173 1568 2391 1607 rursum
2418 1553 2796 1622 spiritualibus
2820 1569 2946 1610 eum
2977 1554 3268 1609 cantilenis
3301 1565 3388 1608 est
3424 1564 3742 1623 persecuta.

2172 1644 2242 1698 Et
2261 1644 2621 1714 alioquodam
2655 1645 2816 1700 modo
2848 1645 3253 1700 debacchantes
3277 1647 3330 1700 in
3355 1661 3420 1700 eo
3442 1646 3746 1712 daemones,

2179 1748 2318 1804 quos
2366 1734 2434 1789 ad
2475 1751 2533 1790 se
2565 1735 2654 1790 ille
2687 1748 2880 1806 sponte
2905 1753 3002 1792 sua
3033 1737 3431 1796 introduxerat.
3488 1752 3746 1805 compes-

2175 1824 2322 1879 cuit:
2345 1826 2809 1894 quemadmodum
2833 1829 3178 1883 Psalmorum
3213 1828 3307 1882 il!e
3338 1828 3600 1896 magister
3632 1829 3748 1898 lyra

2171 1926 2269 1970 sua
2301 1915 2615 1972 saevientem
2651 1916 2707 1970 in
2761 1916 2927 1971 Saulo
2971 1918 3228 1986 spiritum
3289 1917 3568 1975 demulsit.

2691 2028 2794 2098 31
2830 2029 3053 2086 CAPUT
3093 2028 3211 2083 xn.

2177 2120 2240 2176 Ut
2271 2128 2515 2192 apostata
2543 2137 2624 2174 res
2655 2123 2864 2175 venales
2898 2127 2952 2176 in
2994 2123 3105 2191 foro
3151 2121 3462 2192 polluendns
3483 2123 3747 2176 contami-

2243 2191 2552 2260 nandasque
2577 2193 2865 2247 mandarit.
2895 2193 2968 2245 De
2995 2200 3176 2244 sancta
3208 2191 3471 2244 Theodoro
3498 2192 3690 2260 Tirone
3724 2205 3746 2245 :

2242 2263 2400 2342 ert-de
2453 2259 2646 2314 sanctis
2699 2263 3059 2332 martyribus,
3111 2261 3394 2316 Juventino
3458 2271 3506 2314 et
3568 2259 3749 2314 Maxi-

2241 2347 2407 2386 mmo.

2243 2445 2472 2499 Paulum
2525 2460 2654 2499 vero
2709 2461 3034 2515 progressus
3089 2445 3362 2506 desertor,
3410 2443 3645 2498 liberius
3683 2457 3748 2497 ac

2173 2538 2358 2606 potius
2411 2536 2790 2606 impudentius
2848 2538 3132 2606 impietate
3201 2555 3372 2603 usus,
3439 2553 3592 2591 arma
3651 2552 3750 2592 sua

2174 2635 2366 2682 contra
2404 2628 2664 2697 pietatem
2707 2629 3009 2697 expedivit.
3059 2629 3126 2682 Et
3177 2643 3302 2681 cum
3350 2627 3494 2697 quod
3545 2630 3753 2680 iaceret

2177 2734 2286 2772 non
2323 2719 2574 2785 haberet,
2605 2735 2692 2773 res
2725 2718 2779 2772 in
2811 2718 2932 2773 foro
2970 2721 3193 2773 venales
3226 2719 3612 2786 inquinatione
3645 2718 3753 2770 im-

509 2813 887 2883 ριερῤαίνοντο
915 2811 1028 2880 γὰρ
1055 2813 1168 2875 τοῖς
1199 2813 1264 2865 ἐκ
1293 2811 1402 2865 τῶν
1433 2809 1635 2864 θυσιῶν
1671 2807 1864 2880 αἴμασί
1892 2825 1950 2860 τε
1978 2807 2071 2861 καὶ

2175 2812 2313 2865 buit.
2361 2811 2564 2866 Infecta
2599 2827 2838 2881 namque
2882 2821 3012 2865 sunt
3046 2813 3442 2866 sacriﬁciorum
3479 2812 3750 2880 sanguine

507 2905 899 2977 ἁλιγήσμασιν,
922 2905 1025 2959 ὅσα
1045 2903 1284 2975 ἐδώδιμα
1303 2917 1318 2933 ⁸
1342 2904 1498 2973 ἄρτοι
1528 2903 1623 2956 καὶ
1653 2903 1789 2972 κρέα
1813 2901 1908 2955 καὶ
1927 2899 2071 2953 ὀπῶ-

2174 2914 2229 2958 et
2248 2903 2719 2960 contaminatione
2744 2901 3030 2957 esculenta
3059 2921 3072 2955 :
3101 2904 3270 2971 panes
3292 2902 3571 2963 videlicet,
3599 2915 3752 2966 caro,

503 2990 604 3069 ραι
631 2999 726 3052 καὶ
761 2998 985 3052 πόπανα
1004 3013 1017 3028 ⁸
1053 2996 1090 3052 ἃ
1123 2996 1188 3068 δὴ
1223 2997 1291 3051 τὰ
1317 2998 1509 3066 πρῶτα
1543 2995 1619 3066 μὴ
1646 2992 1992 3065 ὑφορώμενοι
2021 2993 2071 3046 οί

2175 3014 2333 3068 poma
2406 3007 2462 3052 et
2500 2997 2787 3067 placentae.
2829 2996 2960 3061 Quae
3004 3011 3127 3050 cum
3164 2997 3400 3064 primum
3434 3011 3541 3048 non
3573 2993 3754 3048 anim-

498 3091 598 3161 τῆς
625 3091 720 3144 τοῦ
743 3091 1048 3152 σεσωκότος
1071 3088 1444 3161 προσηγορίας
1472 3089 1895 3158 μετεσχηκότες,
1921 3086 2071 3150 θείας

2174 3088 2566 3150 adverterent,
2617 3087 2712 3156 qui
2769 3085 3085 3139 Servatoris
3133 3087 3360 3138 nomine
3413 3095 3751 3147 censentur,

498 3183 706 3238 ἄνωθεν
733 3181 1080 3255 προμηθείας
1111 3181 1488 3252 κατηξιοῦντο.
1536 3180 1642 3232 Τὸν
1673 3178 1931 3249 μάρτυρα
1959 3179 2067 3248 γὰρ

2174 3179 2392 3234 caelitus
2413 3179 2532 3250 ejus
2577 3179 2654 3233 rei
2688 3175 3032 3247 providentia
3067 3175 3254 3230 divina
3287 3186 3416 3231 sunt
3453 3177 3748 3232 admoniti.

499 3275 774 3345 Θεόδωρον
805 3275 1029 3344 πέμψας
1058 3275 1308 3344 ἀοράτως
1333 3271 1467 3335 Θεὸς
1499 3270 1578 3341 τῷ
1610 3271 1708 3340 τῆς
1730 3272 1939 3332 πόλεως
1968 3271 2068 3341 ἀρ-

498 3366 981 3437 χιερεῖ(Εὑδόξιος
1029 3359 1187 3429 οὗτος
1214 3361 1344 3436 ἦν),
1393 3361 1736 3418 ὲνεκελεύετο
1767 3363 2070 3434 ἀπέχεσθαι

503 3457 602 3525 μὲν
635 3457 760 3520 τοὺς
793 3457 1041 3510 εὐσεϐεῖν
1073 3456 1388 3528 ᾑρημένους
1419 3455 1528 3508 τῶν
1559 3453 1648 3508 ἐπ’
1669 3455 1876 3525 ἀγορᾶς
1897 3454 2072 3509 τεθει-

501 3548 698 3618 μένων,
763 3551 910 3602 σῖτον
967 3547 1024 3601 δὲ
1069 3547 1294 3619 λέϐησιν
1329 3546 1587 3617 ἕψοντας,
1635 3544 1671 3600 ἃ
1699 3547 1756 3599 ὲν
1786 3545 2071 3617 Εὑχαῖτοις

497 3639 732 3695 κόλλυϐα
749 3639 979 3693 εἰώθασι
1005 3639 1209 3708 λέγειν,
1237 3637 1686 3708 παραμυθεῖσθαι
1709 3637 1808 3708 τὴν
1837 3637 2066 3692 ἔνδειαν.

497 3731 668 3786 Τοῦτο
721 3733 767 3786 δ’
804 3732 1026 3786 ἐκέλευε
1061 3731 1206 3785 κατὰ
1258 3731 1360 3800 τὴν
1413 3730 1657 3800 μεγάλην
1685 3729 1786 3800 τῆς
1814 3729 2071 3794 νηστείας

497 3823 746 3894 ἡμέραν·
783 3821 812 3874 δ
839 3823 903 3894 δὴ
937 3823 1034 3876 καὶ
1065 3823 1124 3888 ἐξ
1152 3823 1369 3876 ἐκείνου
1401 3822 1435 3891 ὴ
1472 3820 1773 3891 Ἐκκλησία
1799 3820 1898 3892 τὴν
1933 3820 2072 3892 μνή-

499 3929 607 3983 μην
633 3911 1006 3981 ἁνανεουμένη
1033 3909 1130 3964 τοῦ
1163 3899 1585 3982 πεπραγμένου,
1613 3911 1670 3973 ἐς
1701 3907 1860 3978 δεῦρο
1893 3911 2069 3980 πράτ-

493 4020 578 4056 τει
597 4002 1073 4074 πανηγυρίζουσα.
1103 4002 1383 4074 Θεόδωρος
1409 4001 1454 4055 δ’
1487 3995 1644 4066 οὗτος
1669 3997 1760 4072 ἦν,
1797 4000 1854 4064 ὃς
1878 4001 1940 4054 ὲκ
1974 4000 2067 4054 τοῦ

495 4093 812 4164 Τηρωνικοῦ
860 4094 1144 4165 τάγματος
1197 4094 1397 4165 Τὴρων
1451 4092 1772 4163 ὠνόμαστοο
1834 4093 1929 4146 καὶ
1977 4093 2070 4146 ἐπὶ

494 4185 800 4256 Μαξιμίνου
825 4184 884 4239 τὸ
903 4184 998 4238 τοῦ
1025 4186 1330 4256 μαρτυρίου
1361 4187 1582 4255 διήνυσε
1615 4185 1852 4249 στάδιον,
1879 4183 2068 4255 λάϐρῳ

496 4277 824 4348 παραδοθεὶς
883 4276 962 4347 τῷ
997 4278 1158 4348 πυρί.
1211 4277 1405 4332 Πολλοὶ
1459 4276 1505 4329 δ’
1552 4270 2069 4346 ὀλοφυρόμενοι,’τὰ

493 4370 756 4438 γινόμενα
785 4367 1197 4422 ἐϐδελύττοντο·
1229 4368 1377 4438 ὅμως
1405 4368 1518 4429 τοῖς
1565 4365 1945 4427 ἀποστολικοῑς
1978 4363 2070 4418 θε-

497 4464 654 4532 σμοῖς
681 4462 915 4516 ῐπεσθαι
939 4460 1232 4534 ᾑρημένοι,
1263 4458 1682 4530 μετελάμϐανον
1710 4458 1820 4511 τῶν
1847 4473 2071 4527 προκει-

2173 3271 2310 3325 Nam
2349 3272 2491 3325 Deus
2525 3270 2817 3326 Theodoro
2847 3278 3088 3334 martyre
3125 3283 3329 3321 arcano
3361 3268 3522 3321 modo
3550 3269 3746 3334 misso,

2175 3361 2330 3416 urbis
2361 3362 2482 3433 ejus
2511 3363 2774 3430 episcopo
2805 3359 3068 3429 (Euzoius
3095 3358 3141 3412 is
3171 3357 3295 3416 fuit)
3354 3359 3656 3424 mandavit,
3693 3369 3754 3414 ut

2172 3455 2266 3524 qui
2305 3453 2396 3523 pie
2432 3454 2619 3507 vivere
2655 3452 3018 3516 statuissent,
3060 3464 3155 3504 eos
3193 3448 3472 3503 abstinere
3513 3464 3542 3502 a
3582 3448 3752 3504 rebus

2165 3546 2418 3617 juberet,
2465 3559 2588 3614 quae
2635 3543 2690 3597 in
2744 3544 2864 3596 foro
2916 3557 3118 3596 venum
3162 3541 3462 3610 propOsitte
3511 3549 3750 3595 essent:

2173 3641 2416 3695 triticum
2441 3647 2624 3692 autem
2651 3638 2704 3690 in
2734 3635 2861 3689 ollis
2887 3644 3194 3703 coquercnt
3225 3632 3481 3696 (κόλυϐχ,
3511 3632 3616 3686 hoc
3645 3642 3752 3696 est,

2171 3733 2509 3788 frumentum
2553 3738 2772 3784 coctum
2815 3726 2961 3796 apud
3010 3725 3307 3779 Euchaitas
3349 3723 3426 3794 (1)
3466 3724 3754 3778 nominare

2171 3824 2398 3893 solent),
2430 3836 2612 3892 eoque
2654 3820 2898 3889 inopiam
2929 3819 3267 3872 solarentur.
3296 3815 3354 3870 Id
3391 3829 3526 3869 vero
3552 3829 3753 3884 magno

2168 3917 2364 3988 jejunii
2398 3914 2489 3970 die
2522 3921 2858 3984 praeceptum
2909 3928 2923 3966 :
2966 3926 3031 3964 ex
3065 3925 3132 3965 eo
3174 3917 3423 3977 tempore
3462 3908 3590 3963 tacti
3642 3921 3757 3960 me-

2173 4007 2407 4061 moriam
2471 4019 2744 4060 renovans
2796 4001 3084 4068 Ecclesia,
3139 4011 3197 4056 et
3249 4000 3528 4055 celebrem
3585 4012 3755 4067 agens

2171 4107 2533 4162 conventum,
2563 4095 2632 4151 ad
2665 4095 2815 4150 hunc
2843 4109 3019 4164 usque
3063 4093 3209 4147 diem
3251 4092 3533 4148 observat.
3573 4090 3757 4144 Theo-

2172 4191 2344 4245 dorus
2393 4199 2577 4245 autem
2632 4187 2736 4241 iste
2770 4195 2890 4251 est,
2935 4185 3030 4254 qui
3082 4200 3149 4238 cx
3199 4182 3473 4237 Tironum
3528 4181 3753 4244 ordine,

2173 4282 2395 4336 Tironis
2423 4295 2623 4334 nomen
2655 4277 2868 4346 accepit
2893 4315 2907 4329 .
2936 4287 2992 4331 et
3019 4275 3122 4329 sub
3149 4274 3446 4329 Maximino
3470 4275 3536 4326 ad
3573 4272 3754 4342 ignem

2171 4389 2425 4430 voracem
2463 4372 2776 4434 damnatus,
2809 4383 3034 4423 cursum
3066 4381 3226 4421 suum
3277 4366 3333 4419 in
3362 4364 3609 4434 martyrii
3645 4373 3760 4417 sta-

2174 4466 2268 4521 dio
2305 4465 2533 4535 pulchre
2570 4463 2805 4532 peregit.
2851 4459 3128 4516 Caeterum
3165 4457 3425 4527 permulti
3457 4455 3666 4525 gemitu
3699 4464 3756 4510 et

499 4553 714 4620 μένων·
767 4552 897 4608 Πᾶν
932 4552 1042 4622 γὰρ
1100 4551 1168 4605 τὸ
1215 4552 1285 4605 ἐν
1317 4551 1601 4620 μακέλλῳ
1646 4551 2065 4619 πωλούμενον,

2174 4558 2432 4615 lamentis
2465 4559 2672 4610 factum
2726 4553 2832 4607 hoc
2876 4549 3232 4620 imperatoris
3268 4561 3398 4603 sunt
3429 4547 3704 4601 exsecrati
3739 4563 3757 4577 ·

501 4646 683 4714 φησιν,
707 4643 961 4707 ἐσθίετε,
971 4644 1170 4713 μηδὲν
1201 4643 1630 4711 ἀνακρίνοντες
1659 4641 1759 4696 διὰ
1784 4641 1900 4709 τὴν
1924 4657 2071 4696 συν-

494 4738 749 4804 είδησιν.
785 4737 858 4789 Τὸ
908 4737 964 4790 δὲ
1023 4736 1193 4807 μύσος
1217 4734 1375 4789 τοῦτο
1409 4734 1502 4788 τοῦ
1535 4735 1845 4789 ἀποστάτου
1875 4733 1932 4787 ἕν
1961 4752 2070 4787 τινι

497 4829 787 4900 συμποσίῳ
836 4828 930 4882 δύο
1003 4829 1147 4891 τινὲς
1202 4827 1394 4881 τούτου
1461 4827 1826 4897 ἀσπιδηφόροι
1887 4825 2070 4890 καλῶς

495 4921 929 4991 ὲθριάμϐευσαν,
953 4920 1044 4973 ἐπὶ
1066 4920 1328 4991 στρατείᾳ
1344 4919 1618 4989 λαμπρῶς
1643 4919 2074 4990 διαπρέψαντες.

506 5012 738 5083 Ἐπῇδον
777 5014 886 5082 γὰρ
919 5014 1108 5067 ἐκεῖνα
1154 5012 1222 5066 τὰ
1271 5011 1366 5065 τοῦ
1413 5010 1633 5080 ψαλμοῦ
1663 5025 1676 5040 ⁸
1712 5012 2070 5079 Παρέδωκας

495 5104 674 5172 ἡμᾶς,
734 5105 988 5172 λέγοντες
1013 5144 1028 5165 ,
1084 5104 1339 5169 βασι.λεῖ
1363 5104 1552 5171 ἀδίκῳ
1592 5104 1693 5156 καὶ
1725 5107 2072 5174 παρανόμῳ,

497 5199 812 5267 ἀποστάτῃ
859 5198 959 5252 καὶ
985 5198 1372 5266 πονηροτάτῳ
1402 5197 1564 5266 παρὰ
1602 5197 1799 5252 πάντα
1827 5200 1899 5253 τὰ
1923 5199 2067 5267 ἔθνη

493 5296 565 5342 τὰ
597 5289 694 5343 ἐπὶ
720 5288 830 5358 τῆς
860 5289 994 5359 τῆς.
1034 5289 1157 5344 Τῶν
1187 5307 1271 5352 τις
1300 5287 1346 5342 δ’
1396 5291 1790 5360 ὁμοτραπέςων
1816 5290 1878 5344 τὸ
1913 5290 2070 5362 ῥῆμα

496 5378 575 5448 τῷ
604 5379 816 5450 βασιλεῖ
843 5380 1194 5451 διεμήνυσεν.
1224 5382 1283 5435 '0
1308 5380 1368 5434 δὲ
1387 5381 1512 5444 τοὺς
1546 5381 1804 5451 ἀρίστους
1830 5383 2071 5446 ἐκείνους

499 5472 700 5544 ἄνδρας
756 5474 1278 5545 μεταστειλάμενος,
1337 5473 1458 5527 τίνα
1498 5474 1564 5527 ἂν
1625 5476 1710 5545 εἴη
1764 5474 1830 5528 τὰ
1885 5475 1975 5528 ἐπὶ
2003 5477 2068 5546 τῇ

495 5565 677 5639 διαίτῃ
697 5569 965 5638 εἰρημένα
989 5566 1410 5621 ἀνεπυνθάνετο.
1442 5566 1510 5620 Ui
1541 5566 1598 5619 δὲ
1634 5568 1913 5639 παῤῥησία
1940 5587 2072 5637 χρη-

569 5683 584 5715 ⁹
623 5683 762 5738 Psal.
809 5701 976 5754 van,
1007 5688 1062 5741 2.
1144 5690 1164 5720 ’
1204 5690 1223 5744 1
1261 5689 1388 5746 Cor.
1425 5706 1477 5752 χ,
1508 5690 1598 5743 ‘25.

2172 4651 2536 4707 nihilominus
2565 4657 2746 4701 tamen
2783 4641 3104 4713 apostolicis
3138 4638 3520 4719 sanctionibus
3554 4638 3755 4706 innixi,

2175 4761 2299 4816 qua:
2319 4739 2794 4813 pr0ponebantur,
2819 4747 3133 4804 sumpsere.
3185 4730 3355 4787 Omne
3377 4731 3538 4794 enim,
3557 4730 3757 4798 inquit,

2177 4837 2315 4907 quod
2343 4837 2397 4889 in
2429 4831 2652 4887 macello
2683 4829 2946 4892 venditur,
2985 4826 3143 4887 edite,
3176 4822 3312 4876 nihil
3343 4825 3756 4892 interrogantes,

2179 4939 2395 5000 propter
2412 4925 2791 4981 conscientiam
2819 4923 2859 4976 '.
2894 4919 3376 4977 Abominationem
3405 4916 3548 4970 hanc
3571 4915 3754 4968 deser-

2183 5023 2320 5077 toris
2354 5021 2464 5075 duo
2495 5018 2721 5089 quidam
2753 5012 3101 5086 scutigeruli,
3135 5012 3229 5082 qui
3264 5011 3445 5080 ampla
3479 5006 3757 5078 stipendia

2139 5156 2148 5167 .
2180 5112 2234 5167 in
2272 5110 2465 5165 militia
2507 5109 2801 5172 faciebant,
2835 5107 2890 5160 in
2921 5106 3162 5174 quodam
3193 5103 3452 5159 convivio
3487 5111 3754 5170 perquam

2180 5206 2319 5260 scite
2367 5201 2750 5256 traduxerunt.
2805 5199 2981 5255 Verba
3031 5199 3181 5254 enim
3239 5196 3327 5250 illa
3379 5191 3756 5264 prmstantium

2181 5297 2235 5352 in
2281 5294 2555 5366 Babylone
2608 5308 2905 5363 puerorum
2961 5291 3420 5347 concinnerunt:
3465 5281 3758 5339 Tradidisti

2182 5406 2274 5444 nos
2299 5391 2406 5460 regi
2431 5388 2613 5458 iniquo
2641 5395 2690 5439 et
2717 5386 3120 5456 transgressori,
3159 5381 3412 5435 desertori
3442 5387 3491 5432 et
3525 5377 3753 5447 pessimo

2179 5496 2343 5548 supra
2369 5493 2548 5532 omnes
2584 5484 2762 5547 gentes
2801 5483 2977 5530 terrae.
3015 5473 3190 5528 Porro
3227 5485 3295 5525 ex
3342 5465 3591 5523 convivis
3631 5465 3757 5534 qui-

2180 5577 2304 5629 dam
2332 5586 2444 5626 rem
2475 5585 2593 5624 eam
2627 5568 2693 5624 ad
2724 5571 3111 5638 imperatorem
3141 5562 3362 5620 detulit.
3388 5559 3455 5615 Et
3483 5558 3575 5614 ille
3603 5558 3754 5629 opti-

570 5844 644 5913 (1)
668 5843 966 5910 Ειιςιιιήάη,
1009 5849 1192 5917 populi
1224 5847 1461 5920 Scythici
1494 5859 1638 5904 sunt.
1673 5847 1837 5916 (Plin.
1860 5849 1958 5904 lib.
1992 5865 2064 5913 vr,
2105 5863 2222 5918 cap.
2277 5849 2383 5914 l'i.)
