4054 6430
314 383 449 471 J75
1572 382 2005 475 NlCEPHQRI
2047 384 2397 447 CALLISTI
3508 383 3617 450 ιντο

342 511 462 553 mos
491 509 593 551 eos
634 495 785 551 viros
833 493 900 550 ad
957 507 1017 548 se
1054 490 1304 558 accitos,
1357 488 1621 562 quidnam
1674 491 1730 546 id
1770 499 1922 547 esset

2029 493 2280 562 σάμενοι,
2314 494 2362 548 οἱ
2393 490 2650 565 εὐσεϐείᾳ
2685 493 3027 562 τραφέντες,
3067 487 3247 561 εἷπον,
3300 513 3319 547 ε
3354 490 3425 550 Ὦ
3454 498 3615 568 βασι.

338 586 489 658 (mod
522 587 579 641 in
612 601 775 643 creua
805 586 876 641 de
903 601 963 640 se
993 584 1288 649 dixissem,
1323 582 1705 654 interrogavit.
1737 581 1818 636 lbi
1848 583 1923 637 illi

2034 584 2151 641 λεῦ.
2179 584 2277 640 καὶ
2318 587 2509 651 νόμοις
2535 585 2781 656 ἀρίστοις
2824 586 3293 660 ὑπηρετούμενοι,
3347 585 3425 654 ὡς
3456 590 3616 646 Κων-

341 678 438 747 qui
490 677 546 733 in
592 692 722 733 vera
773 677 982 744 pietate
1035 673 1255 728 edueati
1307 683 1533 737 essent,
1586 688 1783 744 magna
1844 673 1923 728 usi

2036 681 2318 741 παντίνος
2372 680 2403 731 ὁ
2436 677 2801 749 πανεύφημος
2854 678 3132 749 βασιλεὺς,
3194 681 3287 734 xal
3320 682 3369 736 οί
3400 683 3615 738 ἐκείνου

340 768 622 832 libertate,
655 768 892 823 dixero:
931 785 950 817 ι
989 766 1252 837 Optimis,
1285 780 1319 819 ο
1356 765 1675 836 imperator,
1713 764 1930 835 legibus

343 859 659 929 respublica
712 868 802 915 est
850 858 1285 921 administrata,
1326 870 1467 925 quas
1516 856 1931 912 laudatissimus

343 951 605 1019 princeps
638 946 1045 1002 Constantianus
1077 955 1135 1001 et
1185 945 1282 999 ﬁlii
1333 944 1455 1013 ejus
1493 943 1739 999 tulerunt
1775 961 1787 994 :
1823 942 1935 1012 32

343 1055 491 1096 nunc
515 1049 700 1094 autem
738 1039 1021 1110 piaculum
1065 1048 1280 1092 tantum
1316 1036 1370 1089 in
1401 1033 1541 1089 cibis
1568 1043 1730 1104 atque
1760 1050 1931 1104 pocu-

339 1131 410 1184 lis
460 1140 778 1194 cernentes,
822 1131 1022 1185 merito
1071 1128 1273 1188 factum
1329 1131 1380 1186 id
1436 1131 1812 1200 deploramus.
1867 1132 1932 1185 Et

342 1238 468 1276 cum
518 1221 671 1275 domi
722 1222 900 1277 vicem
950 1233 1196 1278 nostram
1248 1223 1525 1295 lugemus,
1567 1233 1680 1278 tum
1731 1223 1787 1277 in
1838 1231 1933 1277 tua

343 1314 655 1381 praseutia,
678 1323 741 1368 ut
766 1314 935 1379 vides,
972 1324 1276 1371 atterentes
1313 1315 1626 1370 tristamur.
1669 1313 1796 1368 illis
1827 1328 1925 1368 αιιο

341 1403 509 1470 ditis,
544 1413 816 1474 tyrannus
857 1405 1201 1461 diverberari
1242 1422 1338 1463 eos
1388 1408 1592 1463 acriter
1620 1406 1788 1478 jussit
1819 1405 1931 1477 (Ι),

342 1501 405 1547 et
439 1505 564 1562 post
609 1497 893 1550 cruciatus
928 1498 1134 1552 multos
1170 1499 1351 1568 capite
1381 1501 1547 1553 etiam
1589 1497 1753 1567 plecti
1784 1512 1931 1568 prte-

341 1584 510 1653 cepit.
562 1586 743 1657 Atque
790 1589 871 1643 illi
920 1590 994 1642 ita
1044 1590 1271 1645 abducti
1322 1600 1509 1644 sunt:
1562 1590 1708 1645 Deus
1744 1598 1933 1644 autem

341 1678 653 1737 victoribus
708 1682 791 1737 eis
859 1684 1105 1751 martyrii
1167 1699 1406 1740 coronas
1463 1685 1714 1740 donavit.
1776 1685 1932 1741 Alter

341 1768 540 1826 horum
581 1771 939 1836 Juventinus,
993 1778 1132 1830 alter
1177 1777 1511 1833 Maximinus
1554 1786 1784 1834 vocatus
1825 1788 1930 1833 est.

2033 770 2226 833 nales;
2278 768 2613 840 παρέδοσαν.
2669 769 2763 824 νῦν
2793 772 2966 840 μύσος
3003 771 3258 827 τοσοῦτον
3284 774 3520 845 ὁρῶντες
3558 776 3618 830 ἓν

2031 880 2092 919 τε
2118 863 2376 935 βρώμασί
2406 880 2464 917 τε
2491 863 2587 917 καὶ
2618 863 2885 933 πόμασιν,
2917 864 3303 935 όλοφυρόμεθα
3332 866 3433 939 τὴν
3461 868 3617 939 ινξρ-

2032 972 2191 1024 γειαν
2213 970 2229 987 ’
2268 957 2368 1010 καὶ
2394 955 2535 1009 οῐκοι
2569 956 2670 1025 μὲν
2698 955 3031 1027 Θρηνοῦντες
3058 957 3414 1029 διατελοῦμεν
3440 976 3455 994 ο
3519 961 3618 1015 καὶ

2035 1046 2131 1100 σοῦ
2158 1047 2215 1100 δὲ
2240 1045 2536 1116 παρόντος,
2570 1046 2648 1111 ὡς
2668 1049 2827 1117 ὁρᾷς,
2857 1048 3201 1120 ἀσχάλλομεν
3224 1051 3560 1123 ὀδυρόμενοι.
3590 1072 3608 1106 ι

2032 1137 2205 1192 Ταῦτ’
2228 1137 2469 1203 ἀκούσας
2498 1140 2526 1192 ό
2557 1139 2848 1209 τύραννος,
2883 1142 3091 1210 πικρὰς
3116 1141 3370 1196 ἐκέλευεν
3404 1143 3615 1198 ἐπιθεῖ-

2034 1245 2125 1281 ναι
2148 1230 2363 1293 τούτοις
2391 1230 2633 1303 πληγάς.
2672 1231 2782 1286 Kal
2814 1234 2954 1301 μετὰ
2979 1232 3178 1296 πολλὰς
3203 1234 3494 1305 βασάνους,
3516 1238 3615 1289 καὶ

2032 1320 2132 1383 τὰς
2169 1319 2414 1386 κεφαλὰς
2445 1320 2843 1390 ἀποτμηθῆναι
2869 1323 3265 1392 προσέταττεν.
3301 1325 3411 1376 Καὶ
3435 1326 3483 1376 el
3515 1324 3615 1392 μὲν

2033 1405 2266 1476 ἧγοντοο
2294 1406 2429 1469 Θεὸς
2464 1407 2519 1460 δὲ
2548 1406 2622 1471 ὡς
2659 1409 2983 1485 νικηφόροις
3034 1410 3102 1462 τὰ
3133 1411 3306 1480 στέφη
3342 1410 3438 1463 τοῦ
3468 1428 3613 1480 μαρ-

2032 1499 2221 1569 τυρίου
2251 1498 2542 1571 ἐσράόευε.
2583 1499 2805 1555 Τούτων
2834 1504 2863 1555 ὁ
2900 1501 3000 1570 μὲν
3043 1503 3617 1568 Ἰουϐεντῖνος,Μαξι-

2036 1593 2189 1662 μῖνος
2222 1591 2279 1645 δι
2307 1594 2334 1645 ό
2365 1591 2556 1663 ἔτερος
2590 1594 3016 1665 προσηγόρευτο
3039 1611 3053 1624 ·
3080 1592 3174 1657 οὓς
3195 1594 3263 1666 δὴ
3294 1596 3390 1648 καὶ
3420 1595 3454 1665 ἠ
3495 1593 3615 1647 Ἀν-

2031 1684 2217 1753 τιὸχου
2272 1684 2455 1748 πόλις,
2489 1684 2571 1747 ὡς
2624 1686 2727 1755 τῆς
2774 1686 3062 1751 εὐσεϐείας
3099 1687 3413 1755 ἀγωνιστὰς
3446 1701 3619 1757 προσ-

2033 1776 2281 1843 ηκόντως
2317 1776 2619 1847 τιμήσασα,
2647 1778 2709 1829 οὐ
2745 1778 2906 1847 μόνον
2956 1779 3126 1851 θήκῃ.
3153 1774 3291 1833 ἀλλὰ
3322 1779 3417 1831 καὶ
3450 1779 3515 1849 τῇ
3546 1776 3618 1830 δι’

341 1861 454 1917 Hos
489 1864 831 1922 Antiochena
866 1869 1103 1935 civitas,
1138 1877 1196 1924 ut
1239 1871 1492 1940 egregios
1544 1870 1769 1940 pietatis
1803 1884 1923 1938 pro~

2033 1866 2190 1924 ἔτους
2215 1867 2503 1920 πολυτελεῖ
2526 1868 2878 1938 παραδέδωκε
2909 1871 3124 1941 μνήμῃ.

343 1966 701 2024 pugnatores,
731 1960 931 2014 merito
958 1977 1067 2016 non
1095 1963 1276 2019 solum
1321 1978 1481 2021 sacro
1545 1964 1733 2020 loculo
1776 1962 2091 2027 honoravit,
2157 1975 2353 2017 verum
2427 1960 2594 2015 etiam
2662 1962 2947 2032 magnifice
2983 1962 3377 2018 anniversarim
3412 1975 3620 2017 memo-

341 2050 439 2108 ria:
470 2057 838 2113 consecravit.

928 2196 1160 2254 CAPUT
1200 2199 1336 2256 XI".

417 2283 491 2338 De
522 2285 762 2361 reliquiis
785 2300 1093 2361 sanctorum
1135 2295 1493 2361 prophetarun
1519 2336 1534 2359 ,
1570 2293 1775 2353 Είίεωὶ.
1808 2300 1859 2346 et

636 2357 861 2413 Joannis
893 2357 1249 2416 Prmcurs'oris
1276 2373 1326 2415 et
1357 2357 1643 2434 Baptism.

408 2543 545 2601 Cum
577 2563 603 2600 a
627 2546 828 2603 Cra-ere
850 2538 1267 2618 Superstitinnis
1288 2549 1698 2622 professoribus
1720 2550 1927 2621 ubique

340 2637 470 2691 talia
504 2638 771 2695 adversus
809 2640 1158 2698 Christianos
1206 2652 1582 2715 patrarentur,
1636 2654 1750 2701 tum
1788 2645 1926 2701 illud

340 2745 565 2800 quoque
599 2734 845 2785 omnium
882 2735 1122 2789 maxime
1154 2735 1441 2805 indignum
1480 2747 1646 2807 atque
1687 2737 1926 2793 horren-

338 2820 472 2875 dum
524 2821 788 2877 Sebastia:
839 2824 892 2878 in
943 2826 1231 2883 [Palaestina
1278 2836 1364 2883 est
1409 2826 1737 2884 admissum.
1786 2830 1925 2885 Ossa

338 2927 582 2982 namque
650 2914 832 2969 Elisaei
892 2917 1219 2986 prophetaz,
1287 2929 1343 2973 et
1388 2917 1617 2974 Joannis
1667 2919 1926 2991 Baptisla:

340 3002 599 3070 (uterque
624 3003 771 3057 enim
810 3006 1127 3074 sepulcrum
1160 3008 1236 3062 ibi
1261 3025 1422 3065 suum
1460 3009 1699 3081 habuit),
1729 3011 1929 3066 loculis

339 3092 459 3147 suis
486 3104 754 3163 extracta,
785 3106 840 3152 et
874 3099 1279 3156 irrationalium
1307 3102 1671 3158 animantium
1703 3104 1925 3161 ossibus

340 3184 397 3255 (ο
440 3188 730 3244 immanem
764 3192 1075 3263 audaviam)
1121 3195 1281 3251 mista
1303 3238 1318 3263 ,
1350 3197 1658 3269 atque.igni
1695 3197 1919 3262 tradita,

340 3270 395 3333 in
437 3281 655 3336 cineres
702 3284 949 3350 redacta,
986 3296 1152 3357 atque
1186 3290 1238 3344 in
1271 3289 1466 3345 aerem’
1495 3290 1724 3363 disjecta
1770 3303 1921 3347 sunt.

337 3373 567 3441 Adhaic,
616 3375 921 3431 Christiani
976 3381 1367 3453 comprehensi
1408 3382 1615 3439 alicubi
1664 3395 1920 3455 tanquam

337 3466 577 3522 victima:
608 3482 776 3538 super
805 3484 928 3525 aras
957 3486 1219 3526 accensas
1248 3474 1573 3544 praecipitati
1604 3493 1621 3533 :
1653 3486 1710 3531 et
1737 3476 1919 3531 homi-

337 3575 439 3614 nes
474 3560 540 3614 ad
571 3560 678 3615 alia
713 3561 951 3616 nefanda
982 3563 1186 3633 ﬂagitia
1226 3576 1419 3621 contra
1457 3583 1559 3622 nos
1599 3567 1758 3623 furiis
1792 3578 1924 3625 sunt

338 3654 622 3709 concitati.
654 3655 790 3725 Nam
823 3656 1132 3727 Patropbili
1173 3661 1322 3730 apud
1356 3660 1735 3733 Scythopolim
1786 3664 1921 3717 reli-

327 3748 500 3814 quias
537 3746 871 3825 eﬂ‘oderunt,
908 3761 967 3806 et
991 3767 1184 3807 earum
1218 3763 1429 3825 partem
1458 3755 1722 3826 reliquam
1763 3755 1925 3812 dissi-

327 3850 567 3908 gparunt.
624 3840 936 3898 Calvariam
1001 3854 1187 3901 autem
1242 3848 1362 3917 ejus
1418 3848 1589 3903 altius
1647 3842 1919 3904 sublatam

324 3933 702 4001 contumelia,
724 3934 865 3989 nihil
892 3935 961 3992 ad
993 3944 1390 3993 exsecramtam
1424 3939 1683 4009 injuriam
1720 3939 1920 4010 reliqui

324 4022 625 4091 facientes,
659 4035 792 4080 sunt
819 4014 1126 4096 prosecuti.
1176 4030 1417 4085 Plurima
1456 4046 1586 4086 vero
1623 4041 1679 4086 ct
1707 4031 1838 4098 alia,
1867 4042 1923 4088 et

332 4116 462 4184 ipse
490 4124 548 4171 et
584 4116 758 4175 Judrei
802 4127 861 4174 et
891 4116 1064 4174 ϐταιοί
1100 4131 1292 4176 contra
1329 4139 1433 4178 nos
1469 4123 1689 4195 indigna
1732 4140 1918 4196 egere.

330 4206 472 4273 Quae
500 4222 625 4263 cum
672 4208 764 4266 ille
796 4210 1040 4277 audiret,
1076 4222 1343 4279 certoque
1373 4214 1565 4278 sciret,
1602 4230 1711 4270 non
1754 4215 1920 4272 modo

332 4301 425 4360 eis
453 4317 563 4357 non
607 4301 877 4365 offensus,
922 4304 1019 4360 sed
1067 4304 1235 4360 etiam
1290 4305 1667 4377 maximopere
1696 4307 1922 4379 gavisus

324 4402 425 4459 est
474 4412 488 4450 :
528 4410 657 4450 cum
705 4396 932 4466 quidem
982 4396 1176 4471 talium
1222 4394 1533 4452 facinorum
1587 4397 1813 4453 infamia
1862 4398 1918 4455 in

2630 2197 2881 2251 ΚΕΦΑᾹ.
2924 2197 3018 2252 lf'.

2034 2292 2173 2363 Περὶ
2203 2290 2323 2347 τῶν
2346 2289 2658 2363 λειψάνων
2682 2288 2799 2344 τῶν
2827 2291 3014 2363 ᾀτίων
3042 2290 3372 2363 ἒτιζροςρτιτᾱηνξ
3409 2291 3617 2349 Ἕλισ.

2105 2358 2288 2447 ὀναιου
2319 2365 2420 2417 καὶ
2452 2358 2742 2417 Ἰωάννου
2770 2358 2877 2413 τοῦ
2906 2358 3256 2431 Προδρόιιου
3281 2361 3379 2417 καὶ
3398 2365 3619 2420 Βαπτι-

2104 2450 2280 2489 στου.
2580 2450 2585 2453 ⁷

2101 2551 2225 2605 Τῶν
2269 2547 2316 2602 δ’
2372 2546 2737 2620 Ἑλληνιστῶν
2785 2547 3014 2631 τοιαῦτα
3064 2550 3210 2604 κατᾶ
3267 2550 3616 2621 Χριστιανῶν
3716 2553 3725 2563 ’

2031 2644 2457 2717 παλαμωμένων
2497 2642 2839 2713 ἁπανταχοῦ,
2869 2646 2961 2697 καὶ
2995 2642 3115 2698 τόδε
3149 2643 3210 2699 τὺ
3242 2643 3462 2698 πάντων
3485 2645 3616 2699 aro-

2030 2737 2283 2795 πώτατόν
2307 2755 2367 2792 τε
2396 2740 2491 2791 καὶ
2529 2737 2976 2807 φρικωδέστατον
2999 2738 3158 2807 λόγος
3183 2736 3241 2791 ἐν
3272 2737 3614 2810 Παλαιστίνῃ

2027 2831 2596 2903 δραματουργηθῆναι
2624 2830 2765 2885 κατὰ
2790 2830 3120 2884 Σεδάστειαν
3142 2847 3159 2863 ο
3186 2831 3257 2885 τὰ
3274 2831 3369 2885 τοῦ
3398 2831 3615 2901 προφή-

2028 2942 2125 2979 του
2156 2924 2469 2978 Ἐλισσαίου
2492 2923 2629 2978 ὀστᾶ
2656 2925 2752 2978 καὶ
2780 2925 2850 2977 τὰ
2880 2924 2979 2978 τοῦ
3016 2922 3325 2978 Βαπτιστοῦ
3359 2923 3613 2979 Ἰωάννου

2032 3017 2189 3088 (ἐκεῖ
2219 3017 2327 3087 γὰρ
2356 3018 2450 3071 καὶ
2482 3018 2652 3088 ἄμφω
2696 3018 2872 3088 τάφου
2918 3019 3227 3088 μετέσχον)
3262 3016 3377 3072 τῶν
3425 3016 3615 3087 θηκῶν

1980 3162 1997 3185 τ
2032 3109 2424 3185 ἐξαγαγόντες,
2481 3111 2696 3179 ἀλόγων
2758 3128 2819 3164 τε
2877 3110 3034 3175 ζώων
3064 3110 3278 3174 ὀστέοις
3340 3109 3483 3179 (φεῦ
3513 3108 3614 3178 τῆς

2026 3199 2303 3271 τόλμηςι)
2359 3199 2858 3269 ὲγκαταμίξαντες,
2919 3201 3016 3253 καὶ
3076 3202 3214 3269 πυρὶ
3249 3200 3612 3271 παραδόντες,

2027 3293 2420 3346 κατέκαυσανο
2451 3293 2548 3345 καὶ
2607 3293 2690 3354 είς
2729 3293 2889 3362 ἀέρα,
2928 3293 3079 3346 κόνιν
3137 3293 3506 3365 γεγενημένα,
3539 3294 3617 3347 δι-

2026 3386 2314 3456 έσπειραν.
2364 3383 2506 3447 Τοὺς
2567 3384 2622 3437 δὲ
2680 3385 3048 3455 Χριστιανοὺς
3112 3384 3610 3453 συλλαμϐάνοντες,

2024 3478 2175 3530 ἔστιν
2228 3478 2317 3530 ὅτε
2361 3477 2572 3547 βωμοῖς
2622 3478 3024 3544 ἀναπτομένοις
3076 3478 3153 3540 ὡς
3183 3477 3360 3547 ἱερεῖα
3389 3478 3615 3549 ἑπέρῤισ

2026 3584 2161 3621 πτον
2186 3585 2200 3598 ·
2235 3570 2333 3623 καὶ
2374 3570 2454 3632 είς
2490 3568 2697 3638 πολλὴν
2740 3570 2908 3639 ἄλλην
2931 3570 3346 3641 ἀρῤητουργίαν
3381 3568 3613 3637 ἆξεσακ-

2024 3660 2325 3733 χεύθησαν.
2372 3663 2482 3714 Kal
2508 3662 2860 3731 Πατροφίλου
2887 3662 2945 3715 δὲ
2967 3662 3061 3715 τοῦ
3105 3665 3163 3715 ὲν
3186 3663 3521 3716 Σκυθοπόλει
3541 3664 3613 3718 τὰ

2023 3753 2257 3824 λείψανα
2289 3754 2674 3826 ἀνορύξαντες,
2704 3756 2771 3808 τὰ
2805 3754 2906 3825 μὲν
2939 3755 3074 3809 ἄλλα
3109 3757 3204 3809 τοῦ
3249 3756 3501 3825 σώματος
3531 3756 3609 3808 διο

2024 3844 2397 3915 εσκόρπισαν,
2460 3846 2521 3898 τὸ
2575 3844 2632 3897 δέ
2663 3861 2726 3912 γε
2782 3845 3010 3913 κρανίον
3046 3845 3262 3898 ἐκείνου
3314 3845 3608 3913 ἀπαιωρή-

2027 3953 2240 4004 σαντες,
2271 3937 2584 4002 ἐνέπαιζον,
2622 3937 2777 3993 οὐδέν
2801 3954 2856 3990 τι
2897 3939 3155 4006 μυσαρὶς
3206 3936 3422 4007 ῦσρεως
3471 3940 3610 3992 ἀπο-

2023 4027 2324 4091 λείποντες.
2354 4029 2532 4083 Πολλὰ
2557 4029 2611 4083 δὲ
2646 4032 2740 4081 καὶ
2768 4029 2936 4095 ἕτερα
2976 4030 3201 4082 πλεῖστα
3233 4030 3396 4093 αὑτός
3431 4044 3490 4083 τε
3513 4031 3611 4084 καὶ

2035 4119 2281 4174 Ἰουδαῖοι
2302 4123 2398 4174 καὶ
2453 4119 2718 4190 ’Έλληνες
2762 4122 2885 4173 καθ’
2921 4121 3077 4190 ήμῶν
3138 4120 3376 4191 ἔδρασαν
3403 4136 3418 4149 ·
3463 4120 3609 4190 ἅπερ

2024 4213 2188 4277 αὐτὸς
2227 4216 2445 4269 ἀκούων
2480 4215 2573 4268 καὶ
2602 4213 2857 4285 ἀκριϐῶς
2894 4214 3284 4282 ἐπιστάμενος,
3317 4213 3418 4284 οὐχ
3460 4214 3611 4279 ὅπως

2023 4305 2245 4377 ἤχθετο,
2283 4305 2421 4360 ἀλλὰ
2478 4308 2573 4360 καὶ
2612 4306 2987 4379 διαφερόντως
3032 4306 3244 4376 ἔχαιρε,
3267 4306 3367 4375 τῆς
3406 4305 3506 4376 μὲν
3551 4310 3611 4362 ὲν

2022 4399 2138 4459 τοῖς
2171 4396 2475 4467 δρωμένοις
2506 4394 2798 4459 δυσκλείας
2833 4397 2913 4458 είς
2940 4397 3164 4466 ἐτέρους
3198 4396 3481 4466 ἀνιούσης,
3510 4397 3610 4467 τῆς

325 4489 478 4545 alios
504 4487 867 4556 redundaret,
897 4488 1070 4545 animi
1109 4497 1296 4545 autem
1324 4490 1444 4560 ejus
1482 4490 1755 4547 sententia
1791 4491 1916 4548 illo-

2026 4489 2069 4543 δ’
2110 4488 2277 4544 αὐτοῦ
2306 4488 2533 4561 γνώμης
2560 4490 2674 4552 τοῖς
2704 4491 2928 4543 ἐκείνων
2956 4489 3142 4560 ἔργοις
3174 4493 3607 4560 περαιουμένης.

320 4600 461 4647 ,ε-ιιηι
510 4583 675 4649 factis
721 4581 1109 4656 perficeretur.
1157 4581 1652 4639 Verumenimvero
1687 4582 1778 4639 ubi
1823 4599 1921 4654 per

328 4680 582 4736 furorem
611 4679 776 4735 talem
816 4677 1116 4735 consilium
1169 4693 1337 4734 suum
1380 4677 1565 4734 minus
1591 4677 1916 4743 succedere,

328 4782 395 4829 et
423 4773 869 4831 Christianorum
906 4772 1124 4828 animos
1157 4772 1287 4827 inde
1321 4771 1510 4841 augeri
1544 4770 1718 4841 magis
1751 4780 1919 4841 atque

324 4865 657 4921 confirmari
715 4865 890 4931 vidit,
941 4866 1135 4922 fraude
1186 4866 1291 4922 alia
1329 4864 1623 4936 episcopos
1673 4879 1771 4921 eos
1822 4866 1919 4936 qui

328 4967 564 5028 propter
586 4972 806 5014 causam
830 4957 1072 5028 aliquam
1099 4956 1324 5013 sedibus
1346 4957 1462 5012 suis
1486 4956 1649 5026 eiecti
1672 4956 1915 5019 fuerant,

318 5066 462 5107 cum
490 5052 912 5108 successoribus
936 5066 1155 5114 eorum,
1182 5050 1251 5105 ad
1282 5059 1586 5114 certamen,
1610 5049 1717 5121 33
1752 5048 1917 5105 sicuti

330 5156 499 5201 antea
528 5145 806 5210 diximus,
839 5144 1108 5213 impulsos
1148 5142 1429 5197 commisit
1463 5159 1478 5198 :
1510 5152 1565 5199 et
1596 5143 1737 5215 parti
1773 5135 1925 5198 utri?

332 5254 445 5308 que
480 5239 804 5294 facultatem
842 5251 1063 5292 omnem
1100 5236 1276 5304 dedit,
1314 5246 1376 5291 ut
1408 5253 1754 5308 quaecunque
1787 5253 1913 5306 pos-

330 5339 462 5384 sent
508 5330 578 5385 ad
630 5345 721 5385 res
768 5344 899 5384 suas
931 5327 1310 5384 defendendas
1348 5338 1513 5398 atque
1558 5328 1917 5384 stabiliendas

334 5422 512 5479 libere
539 5422 806 5477 facerent.
841 5421 919 5475 lta
955 5421 1031 5476 illi
1064 5421 1212 5476 inter
1242 5437 1302 5479 se
1342 5424 1646 5491 congressi,
1677 5422 1913 5476 multum

330 5514 656 5584 ignominia:
681 5522 738 5567 et
761 5511 1212 5582 reprehensionis
1242 5515 1391 5584 quod
1425 5513 1696 5569 desertori
1730 5514 1915 5568 studio

334 5608 538 5672 fuerat,
593 5621 735 5661 vera:
787 5606 976 5677 pietati
1029 5607 1284 5661 attuli-re.
1335 5607 1455 5661 Alia
1508 5606 1737 5676 insuper
1785 5605 1914 5660 dolo

409 5761 485 5828 (l)
521 5760 770 5834 Julianus
804 5762 855 5817 in
901 5764 983 5818 eis
1022 5781 1080 5817 se
1127 5764 1470 5834 majestatem
1515 5761 1909 5830 besanrvindi-
1956 5764 1961 5787 ³

334 5827 477 5887 ωδε
521 5833 679 5899 dixit,
711 5845 874 5905 atque
936 5837 988 5891 id
1052 5839 1122 5889 ita
1157 5827 1228 5890 de
1271 5827 1353 5891 eis
1398 5834 1680 5903 vulgatum
1707 5827 1906 5900 voluit,

2024 4584 2133 4635 Kal
2165 4580 2232 4653 δὴ
2264 4582 2493 4637 συνιδὼν
2524 4583 2696 4654 μηδὲν
2726 4584 2790 4635 ὲκ
2834 4583 2935 4651 τῆς
2970 4584 3241 4653 τοσαύτης
3300 4585 3500 4654 μανίας
3532 4585 3612 4656 τῷ

2024 4674 2215 4746 σκοπῷ
2278 4674 2699 4747 περαινόμενον,
2755 4674 2962 4745 μᾶλλον
3018 4675 3119 4746 μὲν
3144 4675 3240 4730 οὖν
3264 4677 3517 4731 ἐντεῦθεν
3547 4679 3610 4733 τὸ

2021 4767 2416 4837 Χριστιανικὺν
2443 4765 2895 4838 ἑπιρῤωνὺμενον
2936 4768 3218 4835 φρόνημα,
3268 4768 3602 4836 μηχανᾶται,

2020 4859 2147 4922 τοὺς
2166 4862 2224 4914 ὲν
2252 4860 2456 4923 αἰτίαις
2489 4860 2936 4928 ἑκὸεϐλημένους
2977 4859 3089 4912 τῶν
3122 4861 3465 4921 ἐπισκόπων,
3507 4858 3603 4910 καὶ

2019 4955 2145 5015 τοὺς
2175 4951 2292 5006 ἀντ’
2323 4953 2549 5009 ἐκείνων
2580 4955 2671 5006 τὸν
2721 4953 2912 5025 θρόνον
2944 4953 3299 5020 κατέχοντας,
3330 4948 3598 5019 συρῤἁξαι

2021 5045 2159 5115 πρὸς
2190 5045 2449 5115 πόλεμον,
2488 5043 2679 5116 ὥσπερ
2737 5044 2948 5100 ἀνωθεν
2996 5045 3341 5111 διελὰσομεν.
3396 5040 3506 5094 Kal
3533 5040 3600 5111 δὴ

1996 5126 2201 5190 ’πᾶσαν
2228 5135 2479 5202 ἐξουσίαν
2510 5137 2753 5208 ἑκατέρᾳ
2791 5137 3077 5207 παρεδίδου
3111 5137 3297 5209 μοίρᾳ,
3328 5134 3600 5206 πράττειν

2018 5229 2117 5281 ὅσα
2144 5228 2238 5283 καὶ
2272 5228 2474 5284 δυνατὰ
2511 5228 2602 5301 εἴη
2638 5232 2845 5295 αὐτοῖς,
2878 5235 3013 5302 πρὸς
3036 5233 3137 5304 τὴν
3164 5232 3373 5283 οἰκείαν
3399 5228 3601 5282 σύστα-

2020 5334 2105 5368 σιν
2136 5320 2230 5370 καὶ
2286 5320 2610 5388 ἀσφάλειαν.
2656 5320 2751 5388 Ἐξ
2803 5318 2877 5377 ὧν
2912 5324 3111 5376 ἐκεῖνοι
3176 5321 3312 5391 πρὸς
3338 5319 3603 5389 ἀλλήλους

2021 5411 2491 5483 συῤῥηγνῦμενοι,
2559 5413 2762 5485 πολλὴν
2800 5417 3193 5485 ἀσχημοσύνην
3231 5417 3327 5467 καὶ
3368 5413 3600 5485 μέμψιν,

2016 5501 2238 5575 ὃπερῆν
2271 5506 2349 5578 τῷ
2382 5508 2673 5576 ἀποστάτῃ
2707 5508 3059 5576 σπούδασμα,
3089 5507 3515 5578 προσετρίϐοντο
3539 5509 3602 5574 τῇ

2017 5601 2294 5671 εὐσείλίᾳ.
2327 5601 2435 5655 Kal
2465 5601 2601 5655 ἄλλα
2628 5599 2674 5653 δ’
2706 5600 2872 5670 ἕτερα
2904 5601 3004 5670 τῆς
3038 5600 3204 5652 αὐτοῦ
3237 5597 3602 5666 κακοτεχνίας

2018 5768 2320 5827 martyrum
2399 5773 2599 5813 nomen
2675 5769 2729 5814 ct
2810 5760 3074 5815 honorem
3160 5757 3243 5812 cis
3318 5753 3593 5809 invidens.

2022 5829 2217 5883 T/lt‘wl.
