4054 6474
413 393 512 458 481

1311 395 1923 457 ECCLESIASTICAE
1968 397 2358 457 HISTORI/B
2390 398 2534 460 LIB.
2587 396 2657 461 Χ.

3593 403 3696 469 482

415 512 578 581 ἡμεῖς
602 509 732 580 περὶ
762 509 954 573 οὐσίας
978 509 1074 564 καὶ
1107 507 1462 570 ὑποστάσεως
1511 507 1697 576 ἴσμεν,
1728 506 1902 567 οὐδεὶς
1938 505 2004 557 ἂν

2112 507 2238 559 llaec
2265 521 2395 560 sane
2422 505 2765 561 Alexandriae
2793 505 3012 561 decreta
3040 515 3191 562 sunt.
3220 509 3350 576 Qum
3373 527 3502 567 vero
3533 516 3693 570 nobis

417 605 628 672 γένοιτο
660 603 856 674 φθόνος
892 605 978 659 διὰ
1002 603 1250 675 βραχέων
1280 605 1476 658 εἰπεῖν.
1511 603 1575 657 Οί
1601 601 1733 670 παρ’
1765 599 2000 669 Ἕλλησι

415 696 515 764 τὴν
542 695 864 766 φιλοσοφίαν
886 696 1334 766 στοιχειώσαντες
1358 694 1718 756 ὑποστάσεως
1750 693 1850 761 μὲν
1876 691 2001 744 οὐδὲ

426 788 612 851 ιινείας
639 789 701 840 τὸ
733 788 996 858 παράπαν
1048 788 1287 855 ἠξίωσαν
1315 788 1490 856 ὄνομα
1509 802 1523 817 ·
1563 787 1780 847 πολλοῖς
1802 785 1858 838 δὲ
1890 785 2004 852 όρι-

421 883 576 950 σμοῖς
602 880 704 952 τὴν
736 881 926 935 οὐσίαν
983 882 1315 950 παρέδοσαν.
1360 878 1653 949 Εἰρηναῖος
1704 878 1761 931 δὲ
1813 880 1840 930 ό
1869 877 2000 946 παρ’

447 976 648 1038 κείνοις
707 975 1097 1046 γραμματικδς
1131 977 1192 1027 ὲν
1246 973 1324 1042 τῷ
1348 971 1822 1042 ἐπιγεγραμμένῳ
1856 969 2002 1023 κατὰ

424 1070 690 1136 στοιχεῖον
723 1064 1057 1133 Ἀττικιστῇ
1091 1067 1186 1118 καὶ
1218 1064 1495 1136 βάρϐαρον
1518 1063 1616 1134 τὴν
1645 1062 1790 1126 λέξιν
1819 1063 1996 1115 καλεῖ·

421 1163 558 1231 μηδὲ
593 1162 702 1230 γὰρ
733 1161 843 1223 τοῖς
874 1159 1122 1221 παλαιοῖς
1149 1163 1206 1212 ὲν
1236 1159 1401 1230 μνείᾳ
1432 1153 1573 1210 εἷναί
1601 1172 1769 1222 φησιν
1795 1173 1808 1186 ο
1845 1154 1894 1207 εί
1943 1154 2002 1206 δέ

419 1251 526 1304 πού
554 1267 637 1313 τις
691 1249 823 1314 ίσως
876 1251 972 1302 καὶ
1010 1251 1302 1320 μέμνηται,
1357 1248 1433 1317 μὴ
1465 1245 1550 1314 ἐφ’
1579 1238 1659 1307 οἷς
1689 1243 1784 1296 νῦν
1816 1259 2002 1312 παρα-

419 1344 782 1413 λαμϐάνεται,
845 1345 1085 1413 εἴρηται.
1151 1341 1430 1411 Σοφοκλῆς
1486 1340 1587 1410 μὲν
1639 1339 1748 1407 γὰρ
1777 1337 2001 1406 ἐνέδραν

422 1436 712 1506 σημαίνειν
741 1434 842 1505 τὴν
876 1437 1226 1489 ὑπόστασιν
1256 1435 1314 1486 ἐν
1347 1433 1574 1499 Φοινίκῃ
1605 1431 1816 1483 τίθεται
1837 1445 1851 1462 ν
1892 1429 2004 1483 Μέ-

421 1530 647 1600 νανδρος
674 1529 731 1582 δὲ
763 1529 1068 1582 ὑπόστασιν
1114 1526 1266 1595 λέγει
1319 1527 1388 1580 τὰ
1421 1526 1824 1598 καρυκεύματα
1852 1543 1865 1556 ·
1909 1527 2003 1578 καὶ

421 1623 582 1685 ἄλλος
638 1621 740 1692 τὴν
793 1623 851 1676 ἐν
904 1621 1048 1693 πίθῳ
1099 1621 1277 1694 τρύγα
1319 1621 1506 1692 φησίν.
1570 1621 1783 1674 Είδέναι
1818 1620 2003 1690 μέντοι

424 1711 622 1782 χρεὼν,
656 1713 732 1777 ὡς
767 1715 818 1767 εί
873 1717 969 1770 καὶ
1017 1711 1373 1782 παλαιότεροι
1423 1712 1533 1766 τῶν
1565 1713 1873 1781 φιλοσόφων
1902 1711 2005 1780 τὴν

425 1800 568 1864 λέξιν
593 1801 652 1853 έν
688 1799 866 1853 οὐδενὶ
898 1797 1068 1869 εἶχον,
1100 1799 1158 1852 οἵ
1176 1815 1240 1866 γε
1273 1797 1380 1868 μὴν
1411 1797 1670 1868 νεώτεροι
1705 1799 1918 1868 συχνῶς
1935 1799 2003 1868 τῇ

433 1891 523 1959 τῆς
573 1888 929 1951 ὑποστάσεως
977 1888 1123 1955 λέξει
1164 1889 1285 1940 ἀντὶ
1317 1888 1414 1956 τῆς
1452 1887 1641 1948 οὐσίας
1675 1889 2004 1960 ἐχρήσαντο.

431 1984 693 2050 Διάφορον
723 1979 780 2034 δὲ
810 1981 902 2034 τὸν
933 1980 1063 2051 ὅρον
1088 1981 1190 2050 τῆς
1217 1979 1408 2043 οὐσίας
1459 1979 1898 2033 ἀποδεδώκασιν.
1945 1980 2006 2032 Et

431 2073 479 2124 ἱὲ
510 2073 542 2140 ἡ
569 2071 727 2124 οὐσία
773 2073 886 2143 ὅρῳ
936 2070 1272 2141 διείληπται,
1315 2070 1437 2133 πῶς
1489 2073 1584 2124 ἐπὶ
1618 2070 1756 2124 Θεοῦ
1787 2072 1819 2140 ἡ
1852 2071 2006 2140 φωνὴ

424 2163 726 2234 ἀξιόχρεως
755 2164 960 2234 κυρίως
985 2162 1232 2233 λεχθείη,
1266 2162 1342 2234 μὴ
1367 2161 1672 2232 δυναμένου
1703 2163 1814 2233 ὅρῳ
1848 2179 2008 2230 περι-

423 2255 792 2325 λαμϐάνεσθαι
818 2273 832 2319 ;
885 2256 945 2308 Ὀ
967 2255 1012 2307 δ’
1039 2255 1286 2324 ἀσκητὴς
1323 2253 1599 2323 Εὐάγριος
1632 2255 1690 2306 ἐν
1717 2254 1794 2323 τῷ
1838 2270 2008 2321 μοναο

433 2348 565 2420 εεικῷ
587 2347 753 2402 αὐτοῦ
781 2349 1130 2417 συντάγματι
1158 2346 1434 2414 θεολογεῖν
1463 2347 1560 2415 μὲν
1583 2346 1660 2409 ὠς
1693 2345 1850 2416 ἔτυχε
1875 2347 2008 2415 θρα-

425 2443 563 2504 σέως
620 2441 716 2494 καὶ
750 2439 982 2501 ἀναιδῶς
1044 2437 1559 2509 ὰποαυμϐουλεύει·
1617 2437 1694 2500 ὡς
1723 2437 1769 2490 δ’
1799 2437 2006 2490 ἁπλοῦν

423 2535 486 2587 τὸ
519 2533 680 2586 Θεῖον
705 2531 987 2601 ὁρίζεσθαι
1039 2532 1390 2584 παντάπασιν
1423 2529 1825 2600 ἀποτρέπεταιι
1881 2529 2006 2583 Τῶν

423 2625 696 2679 συνθέτων
745 2623 855 2695 γὰρ
905 2625 1033 2686 τοὺς
1068 2625 1229 2694 ὅρους
1261 2619 1404 2676 εἷναί
1444 2640 1633 2694 φησιν.
1677 2622 1736 2676 ’0
1767 2623 1813 2677 δ’
1842 2623 2006 2686 αὐτὸς

423 2717 520 2770 καὶ
576 2713 751 2770 ταῦτα
787 2714 1151 2784 προστίθησιο
1195 2733 1215 2766 ι
1265 2715 1421 2769 Πᾶσα
1469 2715 1735 2784 πρότασις
1784 2715 2007 2786 ῆγένος

424 2811 535 2879 ἔχει
565 2807 1070 2878 κατηγορούμενον,
1127 2808 1160 2878 ἢ
1194 2803 1354 2870 εἶδος,
1388 2806 1420 2880 ἢ
1461 2808 1748 2877 διαφορὰν,
1785 2808 1817 2881 ἢ
1849 2809 2004 2876 ἴδιον,

422 2905 455 2968 ἢ
501 2901 885 2970 συμϐεϐηκός·
963 2888 1103 2970 ἣτε
1124 2900 1189 2952 ἐκ
1242 2899 1450 2954 τούτων
1507 2903 1888 2971 συγκείμενον.
1943 2901 2006 2956 Εί

423 2992 579 3045 οὐδὲν
606 2991 664 3044 δὲ
699 2993 792 3044 ἐπὶ
819 2991 919 3061 τῆς
949 2992 1115 3060 ἁγίας
1144 2991 1380 3062 Τριᾶδος
1409 2991 1519 3045 τῶν
1549 2993 1863 3064 είρημένων
1887 2994 2006 3046 ἔστι

426 3083 633 3148 λαϐεῖν,
673 3087 850 3154 σιωπῇ
893 3084 1313 3154 προσκυνείσθω
1374 3085 1435 3138 τὸ
1488 3085 1749 3156 ἄρρητον.
1789 3105 1808 3139 ι
1870 3088 2006 3159 Περὶ

2105 596 2174 648 de
2204 597 2515 650 substantia
2557 608 2613 652 ct
2637 598 2993 653 subsistentia
3031 600 3248 670 cognita
3277 613 3429 666 sunt,
3461 620 3525 658 ea
3559 622 3696 675 pau-

2105 687 2184 741 cis
2218 688 2355 741 citra
2408 687 2673 742 invidiam
2720 705 2996 759 exponere
3031 691 3121 746 hic
3153 692 3337 748 liceat.
3371 694 3471 761 Qui
3515 711 3543 750 a
3577 699 3694 767 pri-

2106 781 2212 833 mis
2258 780 2430 833 initiis
2465 782 2871 851 philosophiam
2902 785 3044 853 apud
3073 784 3555 856 Graar-osgentiles
3587 791 3691 843 do-

2107 880 2371 934 cuerunt,
2430 889 2500 926 ne
2565 875 2906 928 mentionem
2962 878 3186 944 quidem
3241 879 3402 932 ullam
3460 896 3694 950 prorsus

2105 959 2482 1013 subsistentia:
2522 961 2780 1016 fecerunt
2829 965 3082 1029 :o-Bciav,
3130 969 3233 1020 hoc
3273 978 3378 1033 est,
3430 973 3693 1025 substan-

2106 1050 2237 1104 tiam
2311 1063 2495 1106 autem
2565 1055 2682 1108 sive
2753 1059 3051 1111 essentiam
3124 1061 3274 1114 varie
3334 1062 3691 1116 deﬁnierunt.

2104 1141 2347 1195 lreuzeus
2375 1145 2765 1214 grammaticus
2789 1145 2934 1214 apud
2967 1161 3082 1211 eos,
3115 1150 3170 1203 in
3195 1150 3338 1204 libro
3363 1166 3526 1220 quem
3557 1153 3697 1205 Atti-

2106 1237 2294 1287 cistam
2326 1236 2631 1306 inscripsit,
2661 1238 2756 1292 ubi
2784 1239 3108 1296 litterarum
3144 1241 3340 1296 ordine
3379 1244 3542 1296 verba
3580 1245 3694 1296 col-

2104 1326 2228 1397 ligit
2261 1338 2316 1381 et
2357 1329 2642 1396 explanat,
2687 1331 2988 1384 dictionem
3019 1332 3374 1388 subsistentia
3402 1336 3693 1389 barbaram

2106 1431 2289 1483 vocat,
2321 1437 2498 1491 neque
2538 1437 2659 1476 eam
2692 1424 2837 1492 apud
2874 1435 3088 1480 veteres
3127 1429 3356 1495 reperiri
3391 1427 3524 1481 dicit
3558 1446 3572 1482 :
3607 1432 3693 1482 sin

2107 1523 2292 1568 autem
2348 1519 2680 1584 reperiatur,
2743 1520 3018 1574 diversam
3069 1523 3138 1576 ab
3187 1525 3384 1576 usitata
3429 1525 3529 1578 ista
3575 1542 3696 1579 eam

2108 1604 2362 1660 obtinere
2397 1610 2854 1677 signiﬁcationem
2905 1612 3168 1666 ostendit.
3203 1612 3510 1682 Sephoclcs
3539 1631 3697 1667 naut-

2108 1711 2217 1765 que
2255 1698 2306 1751 in
2336 1699 2619 1764 Pliaanice,
2642 1703 2966 1768 ὑπόστασιν,
2993 1705 3413 1767 subsistendum,
3433 1722 3532 1774 pro
3565 1708 3700 1759 ius:-

2113 1788 2221 1842 diis
2255 1789 2539 1844 collocatis
2585 1795 2789 1861 posuit.
2827 1794 3123 1849 Menander
3154 1809 3338 1850 autem
3388 1798 3532 1850 idem
3577 1813 3702 1848 ver-

2111 1881 2241 1934 butn
2280 1898 2380 1950 pro
2419 1883 2558 1950 juris
2587 1885 2960 1949 condimento,
2997 1889 3107 1957 36
3146 1889 3290 1943 alius
3325 1907 3544 1945 rursum
3596 1909 3698 1963 pro

2110 1973 2223 2026 vini
2253 1974 2368 2027 fecc
2403 1976 2459 2029 in
2496 1977 2666 2031 fundo
2697 1980 2816 2032 cadi
2854 1981 3195 2037 subsistente
3235 1991 3547 2054 usurpavit.
3573 1990 3694 2044 Caco

2113 2074 2292 2118 terum
2337 2067 2472 2120 illud
2505 2071 2938 2139 observandum,
2967 2078 3223 2143 quamvis
3260 2089 3479 2134 veteres
3513 2082 3696 2150 philo-

2109 2156 2270 2226 scphi
2311 2157 2555 2214 dictione
2587 2176 2651 2214 ea
2685 2163 2769 2216 usi
2801 2179 2911 2217 non
2959 2165 3092 2228 sint,
3145 2171 3485 2224 recentiores
3515 2183 3698 2228 tamen

2113 2249 2438 2320 frequenter
2469 2253 2891 2308 subsistentiam
2923 2272 3022 2325 pro
3051 2258 3360 2314 substantia
3394 2267 3696 2331 accepisse.

2111 2343 2448 2399 Substantia:
2469 2354 2654 2400 autem
2678 2347 2930 2403 diversas
2947 2349 3302 2408 deﬁnitiones
3326 2355 3696 2416 tradiderunt.

2111 2438 2180 2490 At
2210 2437 2254 2490 si
2297 2437 2608 2492 substantia
2639 2439 2967 2496 deﬁnitione
2999 2446 3520 2514 comprehenditur,
3554 2467 3698 2519 qua-

2109 2543 2236 2580 nam
2269 2529 2483 2583 ratione
2517 2530 2740 2599 proprie
2767 2541 2824 2585 et
2874 2543 3024 2587 recte
3064 2549 3126 2587 ea
3161 2551 3260 2589 vox
3295 2537 3362 2591 de
3405 2538 3517 2592 Deo
3547 2541 3700 2594 dica-

2113 2629 2224 2684 tur,
2262 2637 2426 2691 quem
2461 2621 2568 2677 ﬁno
2621 2623 2732 2677 ullo
2762 2626 3099 2681 concludere
3129 2643 3244 2682 non
3283 2630 3404 2683 est?
3434 2632 3702 2703 Evagrius

2110 2715 2505 2780 saneAscetcs,
2543 2715 2596 2768 in
2628 2715 2770 2770 libro
2809 2731 2910 2771 suo
2951 2721 3282 2785 monastico,
3317 2721 3386 2777 de
3410 2723 3701 2780 divinitate

2113 2805 2387 2862 disserere
2437 2817 2644 2863 temere
2679 2824 2804 2863 cum
2847 2811 3163 2881 impudenti
3205 2814 3540 2872 conﬁdentia
3591 2819 3704 2872 dis-

2109 2899 2338 2963 suadet,
2394 2909 2451 2955 et
2475 2901 2644 2956 Deum
2678 2903 2856 2972 ipsum
2890 2914 2950 2958 tit
2979 2906 3282 2975 simplicem
3307 2909 3539 2965 deﬁnire
3561 2913 3702 2968 velle

2109 3006 2341 3061 prorsus
2372 2993 2722 3049 dehortatur.
2761 2996 3124 3054 Deﬁnitiones
3147 3001 3299 3055 enim
3337 3017 3448 3057 non
3481 3004 3698 3074 simpli-

2110 3090 2281 3153 cium,
2323 3089 2418 3144 sed
2444 3092 2883 3161 compositorum
2917 3109 3042 3149 esse
3078 3095 3234 3150 dicit.
3285 3097 3430 3152 Idem
3473 3110 3529 3154 et
3559 3102 3696 3156 illud

427 3178 524 3244 μὲν
541 3172 634 3230 οὖν
655 3177 924 3246 Εὐαγρίου
947 3177 1326 3248 διαληψόμεθα
1348 3181 1442 3231 καὶ
1463 3181 1520 3242 ὲς
1544 3178 1672 3232 ὕστε
1681 3196 1776 3249 ρον
1796 3195 1810 3209 ’
1835 3180 2006 3235 ταῦτα

2114 3179 2356 3250 adjicit:
2402 3200 2421 3234 ι
2475 3183 2792 3252 Propositio
2841 3200 2937 3239 seu
2989 3189 3302 3243 enuntiatio
3350 3191 3550 3260 omnis,
3601 3207 3700 3251 ant

427 3269 470 3319 δ’
498 3268 548 3321 εί
575 3268 671 3321 καὶ
701 3269 805 3336 ἔξω
831 3269 928 3322 τοῦ
965 3271 1339 3341 προκειμένου
1386 3267 1528 3324 εῖναι
1564 3269 1736 3338 δοκεῖ,
1787 3271 1904 3324 ἀλλ’
1930 3273 2006 3335 ὡς

2114 3287 2291 3342 genus
2321 3273 2466 3344 quod
2520 3275 2822 3340 indicetur,
2855 3280 3122 3343 continet,
3152 3289 3249 3334 aut
3293 3282 3558 3350 speciem,
3600 3293 3696 3336 aut

425 3361 676 3432 χρήσιμα
723 3363 817 3414 καὶ
844 3363 911 3432 τῇ
949 3363 1159 3432 ίστορία
1210 3362 1615 3434 συμϐάλλοντα,
1645 3362 1719 3433 μὴ
1750 3363 2006 3418 τοσοῦτον

2115 3366 2512 3432 diﬁ‘crentiam,
2555 3377 2650 3422 aut
2683 3370 2992 3438 proprium,
3037 3380 3131 3424 aut
3167 3373 3445 3437 accidens,
3493 3383 3589 3428 aut
3628 3390 3698 3430 ex

427 3449 570 3505 εἶναι
602 3453 877 3524 ἀπᾴδοντα
903 3454 984 3507 οἷο
990 3472 1110 3522 μαι.

2117 3459 2188 3514 iis
2256 3459 2650 3528 compositum.
2720 3461 2927 3526 Quodsi
2977 3463 3112 3517 nihil
3163 3463 3359 3518 barum
3407 3481 3594 3519 rerum
3643 3468 3698 3521 in

385 3556 388 3558 ‘
427 3554 615 3600 sancta
663 3544 940 3602 Trinitate
988 3547 1406 3618 deprehendere
1453 3558 1579 3604 est:
1623 3565 1748 3605 cum
1783 3550 2006 3607 silentio
2047 3552 2100 3608 id
2142 3552 2426 3618 adoretur,
2459 3552 2608 3621 quod
2643 3553 2752 3608 dici
2780 3563 2946 3624 atque
2988 3556 3224 3625 proferri
3269 3571 3379 3611 non
3427 3569 3628 3627 potest.
3672 3577 3691 3611 ι

429 3643 534 3698 Sed
568 3643 639 3697 de
681 3643 915 3712 Evagrio
948 3656 1136 3714 postea
1171 3647 1626 3701 memorabimus.
1659 3647 1786 3702 Haec
1816 3659 2005 3706 autem
2047 3651 2300 3721 quamvis
2355 3661 2510 3704 extra
2538 3650 2861 3706 institutum
2895 3665 3148 3709 nostrum
3183 3668 3308 3710 esse
3378 3654 3698 3722 videantur,

429 3741 589 3796 utilia
623 3748 831 3806 tamen,
864 3741 1224 3812 bistorimque
1256 3744 1672 3813 convenientia,
1701 3760 1881 3818 neque
1917 3747 2214 3803 admodum
2242 3747 2421 3801 aliena
2455 3763 2577 3802 esse
2608 3747 2873 3803 arbitror.

1017 3887 1276 3942 ΚΕΦΑΔ.
1315 3884 1434 3955 tq'.

441 3981 541 4034 Ἐκ
564 3977 843 4053 τοῦλπερὶ
870 3979 984 4053 τῆς
1025 3978 1774 4053 φυχῆς-ἐπιγεγραμμένου
1819 3983 2008 4053 λόγου

683 4045 1071 4118 Ἀθανασίοὺ,
1095 4045 1192 4103 οἶά
1206 4045 1210 4046 ⁷
1223 4050 1352 4104 ἐκεῖ
1371 4045 1773 4121 ’δι-ἐξέρχεται.

511 4162 638 4217 Ἐπὶ
665 4162 722 4216 δὲ
749 4166 816 4235 τῇ
847 4161 1052 4231 συνόδῳ
1085 4161 1260 4235 ταύτῃ
1309 4163 1403 4216 καὶ
1442 4163 1764 4226 ’Δθανάσιος
1795 4165 1886 4218 τὸν
1917 4165 2009 4220 ἔκ-

430 4255 599 4310 παλαι
657 4257 1033 4327 πεποιημένον
1095 4258 1227 4326 περὶ
1276 4256 1377 4326 τῆς
1439 4257 1622 4325 φυγῆς
1671 4258 1822 4328 αὐτῷ
1852 4259 2011 4326 λόγον

430 4350 644 4418 ἀνέγνω
669 4363 682 4379 ⁸
753 4343 814 4403 οὗ
874 4349 942 4402 τὰ
976 4348 1180 4416 μᾶλλον
1219 4348 1415 4416 καίρια
1463 4347 1564 4418 τῆς
1601 4349 1914 4412 ὑποθέσεως
1940 4351 2007 4419 τῇ

432 4442 680 4511 παρούσῃ
734 4439 1100 4510 πραγματείᾳ
1153 4439 1392 4492 ἐνθεῖναι
1447 4438 1758 4494 σπουδάσω.
1816 4439 1922 4491 Τὸν
1952 4438 2012 4492 δὲ

2703 3887 2930 3950 CAPUT
2969 3885 3108 3942 XVI.

2118 3983 2251 4050 Quae
2271 3983 2592 4039 Athanasius
2623 3984 2676 4036 in
2700 3985 2940 4036 oratione
2967 3999 3128 4050 quam
3154 3983 3216 4034 de
3248 3981 3372 4050 fuga
3406 3983 3697 4052 inscripsit,

2714 4061 3104 4106 commemoret.

2191 4167 2250 4221 ltt
2285 4168 2496 4239 synodo
2532 4168 2632 4222 ista
2666 4168 3004 4222 Athanasius
3034 4169 3237 4222 librttm
3281 4170 3444 4224 etiam
3482 4175 3694 4226 dudum

2117 4274 2146 4312 a
2200 4275 2258 4313 se
2297 4260 2365 4313 de
2415 4259 2540 4326 fuga
2590 4259 2959 4327 compositum
3007 4259 3302 4326 recitavit,
3335 4277 3400 4315 ex
3437 4278 3548 4332 quo
3577 4263 3700 4318 loca

2115 4351 2366 4419 quaedam
2393 4358 2717 4420 argumento
2740 4351 2790 4404 ei
2820 4351 3054 4406 maxime
3086 4352 3358 4422 apposita,
3389 4355 3542 4421 operi
3571 4355 3702 4408 huic

2119 4441 2383 4497 inseram.
2408 4442 2727 4498 Orationem
2751 4451 2938 4497 autem
2963 4443 3260 4513 integrann,
3283 4459 3405 4512 quae
3433 4445 3702 4513 prolixior

431 4534 547 4587 ὅλον
601 4533 762 4604 λόγον
805 4535 862 4596 ές
923 4533 1060 4585 πολὺ
1119 4531 1496 4604 προηγμένον,
1549 4533 1661 4596 τοῖς
1697 4529 2006 4600 φιλοπόνοις

2115 4545 2223 4600 est,
2267 4535 2503 4590 studiosi
2538 4535 2641 4605 ipsi
2682 4535 2986 4604 inquirent.
3025 4535 3104 4589 lta
3135 4546 3317 4588 autem
3351 4535 3554 4590 scribit
3591 4552 3606 4590 :

437 4628 616 4698 ζητεῖν
646 4627 948 4697 ἐπιτρέπω.
977 4623 1141 4691 Λέγει
1175 4623 1231 4677 δὲ
1267 4621 1446 4686 οὕτως
1471 4638 1484 4653 ο

508 4736 526 4769 ι
568 4717 699 4770 Ἰδοὺ
721 4715 894 4768 ταῦτα
921 4715 1033 4768 τῶν
1070 4712 1286 4766 ἀσεϐῶν
1327 4713 1396 4766 τὰ
1434 4711 1761 4782 τολμήματα
1787 4728 1802 4742 ο
1833 4711 2010 4766 ταῦτα

432 4810 664 4882 ὁρῶντες
688 4813 786 4866 καὶ
819 4810 895 4880 μὴ
941 4811 1318 4877 ἐκτραπέντες
1349 4810 1438 4878 ἐφ’
1468 4804 1550 4870 οἷς
1587 4807 1855 4878 πρότερον
1887 4806 2008 4860 καθ’

432 4903 586 4974 ἡμῶν
622 4903 928 4974 ὲτύρευσαν
977 4906 1193 4970 κακοῖς,
1228 4903 1309 4956 ἔτι
1341 4904 1435 4955 καὶ
1481 4902 1576 4954 νῦν
1600 4901 2010 4972 κακηγοροὼιν

432 4999 694 5066 ἐκφυγεῖν
719 4996 1062 5068 δυνηθέντων
1081 4995 1264 5049 αὐτῶν
1285 4994 1386 5057 τὰς
1405 4994 1768 5064 ἀνδροφόνους
1797 4994 2007 5064 χεῖρας·

437 5091 635 5160 μᾶλλον
692 5091 748 5145 δὲ
782 5090 1068 5160 ὀδύρονται
1106 5087 1344 5159 πικρῶς,
1387 5088 1468 5140 ὅτι
1507 5087 1582 5156 μὴ
1620 5086 1714 5139 καὶ
1765 5083 2010 5138 ἐκποδὼν

430 5184 628 5246 τελέως
659 5183 1034 5254 πεποιήκασι·
1068 5181 1162 5236 καὶ
1201 5180 1391 5234 λοιπὸν
1420 5177 1876 5247 προφασίζονται.
1900 5177 2010 5230 δει-

433 5278 552 5330 λίαν
573 5275 932 5340 ὀνειδίζοντες
953 5291 968 5306 °
1011 5273 1337 5342 ἀγνοοῦντες
1369 5272 1452 5325 ὅτι
1485 5271 1578 5322 καὶ
1608 5268 1768 5322 τοῦτο
1801 5269 2012 5337 γογγύ-

434 5373 639 5435 ζοντες,
671 5371 751 5433 εἰς
781 5370 1014 5433 ἑαυτοὺς
1067 5366 1461 5437 ἐπιστρέφουσι
1510 5361 1714 5433 μᾶλλον
1738 5361 1836 5432 τὴν
1869 5361 2014 5431 μέμ-

322 5483 331 5489 ·
432 5464 547 5532 φιν.
583 5463 649 5515 Ei
707 5462 816 5532 γὰρ
851 5460 1060 5530 φαῦλον
1088 5459 1150 5512 τὸ
1195 5459 1442 5529 φεύγειν,
1495 5454 1677 5524 πολλῷ
1733 5455 1918 5525 χεῖρον
1951 5453 2013 5507 τδ

434 5555 671 5610 διώκειν.
711 5554 771 5606 Ὀ
808 5553 909 5624 μὲν
940 5552 1050 5626 γὰρ
1084 5551 1174 5606 ἵνα
1207 5551 1283 5620 μὴ
1308 5547 1582 5618 ἀποθάνῃ,
1611 5544 1949 5615 κρύπτεταιο
1984 5544 2013 5598 ό

429 5649 489 5702 δὲ
524 5648 714 5702 διώκει
765 5646 947 5717 ζητῶν
992 5645 1336 5699 ἀποκτεῖναι.
1401 5640 1511 5694 Καὶ
1565 5637 1624 5690 τὸ
1658 5637 1759 5708 μὲν
1787 5637 2012 5706 φεύγειν

435 5744 750 5812 γέγραπται
776 5757 791 5772 ο
831 5742 859 5793 ό
887 5739 944 5792 δὲ
997 5736 1178 5808 ζητῶν
1211 5733 1506 5804 ἀναιρῆσαι
1564 5730 1896 5802 παραϐαίνει
1924 5731 2011 5784 νό-

437 5851 540 5906 μον
564 5850 577 5864 ·
642 5834 739 5888 καὶ
794 5833 995 5904 μᾶλλον
1023 5831 1186 5896 αὐτὸς
1235 5829 1334 5900 τὴν
1367 5828 1645 5898 πρόφασιν
1675 5824 1771 5880 τοῦ
1817 5824 2009 5897 ψέγειν

2190 4709 2211 4769 ι
2251 4717 2393 4772 Ecce
2443 4716 2560 4772 haec
2603 4725 2691 4772 est
2735 4716 3034 4785 impiorum
3087 4713 3337 4769 audacia.
3393 4715 3518 4770 Ilaec
3567 4730 3696 4770 cum

2116 4807 2374 4872 fecerint,
2426 4823 2608 4879 neque
2644 4809 2856 4878 pudore
2900 4808 2955 4862 in
2997 4809 3078 4861 eis
3115 4823 3254 4876 quas
3299 4817 3460 4861 antea
3507 4815 3698 4862 contra

2116 4915 2218 4955 nos
2249 4901 2425 4955 moliti
2459 4910 2611 4966 sunt,
2643 4901 2884 4962 insidiis,
2915 4900 3100 4954 allecti
3131 4900 3240 4953 sint
3274 4917 3288 4951 :
3318 4914 3373 4953 et
3401 4915 3549 4954 nunc
3578 4915 3698 4963 nos,

2116 4992 2263 5063 quod
2291 4992 2676 5062 sanguinarias
2703 5008 2900 5048 eorum
2933 5008 3132 5048 manus
3161 4993 3408 5062 etl'ugere
3442 4997 3700 5061 peruert-

2119 5101 2264 5152 mus,
2307 5087 2699 5151 criminantur,
2753 5101 2820 5140 ac
2859 5086 3044 5155 potius
3087 5086 3488 5153 amarulenter,
3551 5084 3696 5154 quod

2118 5192 2219 5230 nos
2247 5194 2277 5232 e
2307 5178 2488 5232 medio
2515 5194 2743 5248 prorsus
2777 5193 2885 5232 non
2919 5178 3270 5242 sustulerint,
3303 5179 3699 5234 lamentantur.

2121 5269 2185 5322 Et
2216 5271 2434 5325 tandem
2457 5287 2624 5326 causa
2652 5272 2902 5340 quaesita,
2932 5273 3282 5328 timiditatem
3313 5271 3474 5326 nobis
3498 5286 3702 5340 expro-

2121 5364 2331 5419 brant:
2377 5381 2558 5435 neque
2602 5368 2942 5435 intelligunt,
2975 5367 3106 5421 dum
3159 5366 3266 5420 hoc
3302 5368 3594 5435 ganniunt,
3643 5366 3703 5421 in

2118 5458 2332 5527 seipsos
2377 5474 2434 5512 se
2469 5475 2690 5514 onmem
2724 5459 3050 5530 pertrahere
3091 5458 3606 5526 reprehensionem.
3643 5457 3701 5514 Si

2118 5551 2271 5605 enim
2304 5551 2495 5621 fugere
2540 5552 2743 5606 malum
2782 5561 2888 5618 est,
2925 5552 3096 5606 multo
3129 5551 3378 5605 deterius
3419 5550 3704 5621 persequi.

2120 5644 2222 5711 Qui
2247 5645 2393 5700 enim
2420 5645 2545 5713 fuga
2575 5645 2679 5700 sibi
2705 5643 2967 5705 consulit,
2998 5659 3066 5700 ue
3093 5642 3348 5708 intereat,
3371 5643 3704 5699 occultando

2120 5735 2276 5793 latet.
2317 5735 2386 5791 At
2415 5735 2511 5806 qui
2559 5735 2728 5790 alium
2766 5735 3137 5806 persequitur,
3169 5734 3430 5792 occidere
3464 5745 3701 5793 conten-

2122 5828 2222 5884 dit.
2259 5828 2326 5884 Et
2377 5827 2445 5884 de
2483 5827 2748 5898 fugiendo
2789 5827 3012 5898 quidem
3055 5825 3330 5898 scriptura
3360 5836 3556 5887 exstat.
3594 5829 3699 5900 Qui
