4054 6434
335 317 440 385 487

1568 315 1991 379 NICEPHORI
2029 314 2378 378 CALLISTI

3488 321 3619 384 488.

327 441 622 488 uterentur
645 427 900 496 audacia,
959 436 1014 484 ct
1043 443 1149 484 non
1181 443 1249 484 eo
1274 427 1462 485 furore
1495 431 1902 501 abriperentur,

2034 431 2184 498 ιγίων
2212 430 2312 501 τὴν
2344 429 2514 501 αὐτὴν
2548 427 2885 498 λογὶζισθςιι.
2939 431 3006 484 'A
3032 429 3140 502 γὰρ
3175 429 3266 482 ἐπὶ
3288 427 3382 484 τοῦ
3414 432 3596 504 Σωτῆ-

329 538 395 580 ut
425 525 709 581 εει-νειοτί
740 538 964 592 quoque
993 522 1096 592 ipsi
1129 522 1442 576 timiditatis
1473 524 1684 578 crimen
1712 523 1912 594 impin-

335 625 550 685 gerent,
583 617 677 686 qui
717 616 888 670 semel
927 614 1315 684 blasphemare
1357 625 1414 670 ct
1449 615 1757 670 maledictis
1787 630 1914 670 eum

334 711 610 766 incessere
641 709 897 765 consulto
946 707 1334 761 instituerunt.
1383 706 1489 762 Sed
1525 708 1770 760 lurorem
1821 721 1916 760 eoo

334 819 457 856 rum
488 817 650 856 nemo
684 799 1009 856 sustinebit.
1055 799 1202 865 Quin
1239 800 1541 870 Evangelia
1573 815 1794 868 quoque
1821 814 1917 853 eos

333 895 588 963 ignorare
633 895 1054 950 convincemus.
1110 891 1246 948 Nam
1298 892 1618 963 hujusmodi
1673 892 1812 962 fugae
1861 901 1918 947 et

329 1002 587 1041 Secessus
619 1001 784 1040 causa
819 985 1021 1040 rationi
1051 994 1427 1040 consentanea
1455 993 1624 1052 atque
1658 999 1786 1037 vera
1813 991 1915 1047 est,

332 1094 496 1147 quam
549 1078 904 1148 evangelista
949 1077 1018 1132 de
1069 1075 1368 1129 Servatore
1409 1075 1576 1128 etiam
1639 1073 1920 1129 memoriae

339 1169 691 1224 inaudarunt.
737 1169 980 1224 Proinde
1006 1166 1261 1222 eamdem
1293 1164 1362 1220 de
1409 1166 1616 1220 sanctis
1657 1167 1919 1220 omnibus

332 1263 653 1330 opinionem
703 1263 910 1317 habere
942 1262 1235 1317 debemus.
1280 1261 1344 1316 Et
1373 1276 1494 1330 quae
1528 1260 1595 1314 de
1626 1259 1918 1314 Servatore

332 1355 579 1409 humano
631 1370 787 1408 more
830 1355 1038 1424 scripta
1081 1364 1247 1419 sunt,
1303 1353 1494 1407 eadem
1548 1352 1921 1406 communiter

333 1445 402 1497 ad
449 1459 628 1514 genus
677 1443 982 1497 humanum
1027 1443 1237 1497 referre
1272 1442 1554 1496 convenit.
1596 1441 1728 1506 Quae
1772 1439 1918 1494 enim

335 1547 524 1590 nostra
561 1547 712 1600 sunt,
749 1536 840 1590 ille
875 1535 1142 1604 suscepit,
1178 1533 1688 1602 iuibecillitatisque
1721 1543 1922 1586 nostrze

337 1627 658 1682 all‘ectiones
700 1628 756 1682 in
813 1627 999 1696 seipso
1051 1625 1326 1680 exhibuit.
1368 1625 1526 1692 Quod
1571 1625 1813 1680 Joannes
1845 1626 1924 1680 sie

335 1720 565 1791 scripsit
595 1739 609 1774 :
651 1718 966 1784 Quaerebam
1001 1719 1167 1789 igitur
1207 1733 1325 1770 cum
1361 1717 1822 1788 comprehendere,
1864 1725 1915 1770 et

337 1828 490 1866 nemo
529 1815 576 1866 ei
601 1813 784 1883 injecit
827 1828 1041 1875 manus,
1083 1810 1223 1882 quod
1262 1810 1490 1864 nondum
1533 1818 1748 1862 venerat
1788 1811 1922 1863 hora

335 1903 475 1973 ejus.
503 1904 683 1972 Atque
714 1907 882 1959 etiam
921 1905 1247 1973 priusquam
1290 1917 1355 1957 ea
1388 1901 1655 1968 venisset,
1689 1903 1926 1972 ipsemet

337 2000 499 2053 matri
543 1999 683 2054 dixit
719 2016 734 2056 :
783 1997 1040 2053 Nondum
1090 2000 1230 2054 venit
1272 2000 1414 2052 hard
1447 2015 1566 2054 meo
1593 2015 1612 2054 :
1664 1997 1928 2055 fratribus

333 2103 543 2157 autem,
568 2093 662 2162 qui
699 2091 831 2147 dicti
859 2092 1013 2154 sunt,
1041 2092 1159 2146 suis
1197 2109 1211 2144 :
1244 2091 1468 2162 Tempus
1497 2107 1668 2146 meum
1689 2093 1925 2146 nondum

2020 539 2112 590 ρος
2142 521 2506 592 ἀνθρωπίνως
2554 521 2891 592 γέγραπται,
2937 520 3109 577 ταῦτα
3137 521 3214 592 τῷ
3245 522 3412 592 κοινῷ
3447 523 3598 591 γένει

2016 613 2128 666 τῶν
2185 611 2488 682 ἀνθρώπων
2549 612 2926 682 ἀναφέρεσθαι
2983 615 3301 685 προσήκειο
3356 613 3427 667 τὰ
3488 615 3599 684 γὰρ

2018 705 2176 772 ήμῶν
2207 706 2412 767 ἐκεῖνος
2443 704 2753 771 ἀνεδέξατο,
2790 708 2881 758 καὶ
2907 706 2976 758 τὰ
2999 707 3098 775 τῆς
3127 706 3409 777 ἡμετέρας
3433 707 3601 759 ἀσθε-

2019 797 2167 858 νείας
2200 795 2348 864 πάθη
2382 795 2758 862 ἀνεδείκνυτο.
2785 797 2969 867 "Amp
2991 799 3019 850 δ
3063 797 3322 865 Ἰωάννης
3360 795 3601 865 ἔγραφεν

2017 888 2222 950 οὕτως·
2267 887 2556 953 Ἐζήτουν
2593 883 2708 943 οὖν
2731 889 2919 942 αὑτὸν
2971 888 3208 952 πιάσαι,
3251 886 3352 941 καὶ
3401 887 3602 953 οὐδεὶς

2018 979 2315 1034 ἐπέϐαλεν
2345 981 2440 1034 ἐπ’
2459 981 2649 1035 αὑτὸν
2678 983 2784 1047 τὰς
2815 981 3042 1051 χεῖρας,
3060 982 3148 1036 ὅτι
3178 983 3346 1037 οὔπω
3377 983 3603 1048 £111.11}-

2021 1075 2108 1126 θει
2135 1073 2172 1139 ἡ
2203 1070 2323 1141 ὥρα
2349 1073 2539 1128 αὐτοῦ
2559 1089 2574 1103 ’
2608 1076 2704 1127 καὶ
2725 1075 2834 1143 γὰρ
2870 1076 2969 1127 καὶ
3007 1075 3115 1144 πρὸ
3139 1074 3236 1128 τοῦ
3268 1075 3476 1142 ταύτην
3513 1074 3602 1126 ἐλ-

2022 1164 2157 1230 θεῖν,
2181 1165 2368 1233 ἔλεγεν
2421 1165 2584 1228 αὐτὸς
2635 1168 2700 1236 τῇ
2755 1167 2856 1235 μέν
2888 1168 3078 1238 μητρὶ,
3115 1167 3292 1221 Οὔπω
3331 1163 3523 1237 ἦλθεν
3560 1168 3599 1236 ἡ

2021 1256 2142 1323 ὥρα
2158 1273 2279 1325 μου
2301 1271 2315 1286 ·
2350 1259 2464 1319 τοῖς
2490 1257 2547 1310 δέ
2578 1257 2990 1327 χρηματίσασιν
3033 1259 3286 1327 ἀδελφοῖς
3316 1259 3509 1326 αὑτοῦ,
3547 1260 3602 1312 Ὀ

2021 1350 2164 1419 ἐμὸς
2198 1350 2404 1417 καιρὸς
2431 1350 2600 1403 οὔπω
2623 1349 2902 1419 πάρεστι.
2935 1351 3106 1404 Πάλιν
3139 1351 3197 1405 δέ
3229 1352 3479 1416 ἐλθόντος
3504 1352 3602 1406 τοῦ

2023 1438 2243 1508 καιροῦ,
2276 1439 2433 1508 ἐλεγε
2467 1443 2582 1504 τοῖς
2630 1441 2902 1510 μαθηταῖς
2923 1458 2940 1475 ·
2974 1440 3333 1496 ¹Καθεύδετε
3365 1443 3606 1503 ,λοιπὸν

2025 1535 2121 1588 καὶ
2142 1535 2534 1590 ἀναπαύεσθε
2554 1551 2570 1566 ο
2613 1533 2743 1588 ἰδοὺ
2771 1535 2882 1605 γὰρ
2913 1533 3166 1603 ﬁnust
3192 1537 3230 1604 ἠ
3269 1535 3413 1604 ὥρα,
3441 1537 3542 1588 καὶ
3573 1537 3607 1587 ὁ

2024 1627 2156 1693 me
2207 1627 2315 1681 τοῦ
2370 1627 2688 1694 ἀνθρώπου
2729 1627 3216 1695 παραδοθήσεται
3265 1630 3355 1695 είς
3400 1629 3608 1699 χεῖρας

2028 1719 2415 1789 ἁμαρτωλῶν.
2449 1719 2588 1773 Οὔτε
2618 1719 2726 1790 πρὸ
2753 1719 2847 1774 τοῦ
2879 1719 2974 1774 τὸν
3005 1722 3200 1790 χρόνον
3231 1721 3409 1776 ἐλθεῖν
3443 1724 3606 1793 ηφιεν

2026 1809 2219 1862 ἐαυτὸν
2251 1807 2745 1880 κρατεῖσθαι,οΰτε
2765 1807 2860 1862 τοῦ
2893 1808 3088 1881 καιροῦ
3122 1811 3400 1880 παρόντος
3436 1807 3606 1876 ἐκρύ-

2026 1918 2192 1955 πτετο
2215 1918 2229 1933 ο
2262 1899 2398 1954 ἀλλὰ
2419 1905 2512 1955 καὶ
2539 1900 2762 1955 ἐκδοτον
2812 1901 3009 1956 ἐαυτὸν
3050 1902 3222 1956 ἐδίδου
3243 1903 3353 1965 τοῖς
3377 1901 3609 1955 ἐπιϐου-

2025 1993 2304 2049 λεύουσιν.
2353 1992 2512 2046 Οὕτω
2563 1995 2657 2048 καὶ
2687 1995 2737 2048 oi
2790 1994 3057 2064 μακάριοι
3087 1995 3370 2065 μάρτυρες
3408 1995 3466 2048 ἐν
3494 1995 3609 2055 τοῖς

2028 2089 2174 2142 κατά
2202 2086 2433 2156 καιροὺς
2469 2087 2734 2155 διωγμοῖς
2771 2085 3076 2151 ἐφύλαττον
3097 2102 3112 2117 ·
3146 2086 3242 2140 καὶ
3278 2085 3607 2154 διωκόμενοι

338 2185 507 2237 adest.
559 2185 628 2239 At
665 2184 761 2238 ubi
814 2193 1034 2252 tempus
1072 2183 1124 2237 id
1164 2191 1428 2247 venerat,
1475 2183 1544 2238 ad
1577 2183 1881 2254 discipulos
1908 2225 1925 2253 ,

2034 2181 2155 2252 μὲν,
2209 2180 2469 2248 ἔφευγον,
2499 2180 2598 2232 καὶ
2653 2178 3010 2242 λανθάνοντες
3053 2179 3412 2251 ἐκαρτέρουν.
3449 2179 3614 2249 Εὐρι-

333 2281 444 2351 40
481 2280 716 2335 Dormite
747 2281 889 2351 jam,
919 2279 1120 2349 inquit,
1153 2291 1201 2334 et
1239 2281 1570 2348 requiescite.
1610 2278 1742 2334 Ecce
1782 2283 1920 2334 enim

2034 2277 2292 2348 σκόμενοι
2331 2277 2388 2329 δέ
2415 2275 2790 2345 ἐμαρτύρουν.
2821 2294 2840 2328 ι

336 2376 784 2443 appropinquavit
833 2375 986 2440 hora,
1027 2383 1077 2427 et
1144 2373 1191 2426 F
1195 2376 1319 2428 ilius
1358 2376 1586 2430 hominis
1631 2376 1872 2428 tradetur
1894 2376 1951 2428 in
1980 2390 2166 2429 manus
2191 2380 2550 2442 peccatorum.
2581 2371 2769 2441 Itaque
2795 2387 2976 2441 neque
3007 2380 3137 2428 ante
3193 2379 3409 2443 tempus
3463 2388 3614 2429 com-

339 2470 604 2538 prehendi
661 2486 721 2525 se
774 2471 1050 2541 permisit,
1111 2487 1290 2540 neque
1341 2480 1588 2539 tempore
1651 2471 1762 2542 jam
1828 2479 2098 2542 prasente
2138 2484 2198 2524 se
2253 2468 2580 2524 occultavit.
2635 2469 2782 2534 Quin
2835 2468 3080 2540 seipsqu
3137 2470 3324 2540 potius
3378 2469 3614 2526 insidias

337 2562 390 2615 ei
433 2562 790 2617 struentibus
861 2562 1110 2618 tradidit.
1175 2563 1290 2618 IIoc
1321 2561 1504 2632 ipsum
1550 2569 1608 2617 et
1656 2563 1802 2617 beati
1867 2571 2142 2634 martyres
2179 2563 2234 2617 in
2259 2561 2765 2634 persecutionibus,
2792 2577 2915 2631 quae
2948 2573 3194 2633 tempore
3221 2577 3452 2633 quaeque
3511 2577 3614 2618 suo

337 2641 686 2718 acciderunt,
737 2655 1132 2710 observarunt.
1169 2656 1275 2723 Qui
1311 2657 1847 2727 cumpersccutionc
1887 2658 2118 2730 expetiti
2169 2660 2455 2730 fugerunt,
2499 2666 2556 2712 et
2609 2672 2668 2712 se
2717 2658 2999 2715 occultare
3041 2667 3449 2730 perrexerunt,
3500 2669 3614 2714 tum

337 2745 550 2800 inventi
597 2753 655 2799 et
704 2744 1037 2816 deprehensi
1129 2750 1459 2820 martyrium
1517 2760 1746 2806 strenue
1797 2750 2075 2806 obierunt.
2113 2771 2130 2805 ι

414 2841 541 2895 Haec
582 2856 741 2897 sacer
785 2842 1126 2899 Athanasius
1175 2846 1227 2898 in
1279 2844 1419 2916 fuga:
1465 2861 1580 2901 suae
1613 2845 1929 2900 defensione

2109 2849 2219 2903 Καὶ
2271 2850 2447 2904 ταῦτα
2502 2851 2605 2920 μέν
2641 2855 2670 2905 ὁ
2699 2851 2846 2922 ἱερδς
2882 2850 3208 2913 Ἀθανιὶσιος
3267 2853 3325 2904 ἐν
3375 2851 3452 2920 τῷ
3489 2852 3618 2924 περὶ

339 2934 587 3002 scripsit.
639 2933 708 2987 Et
774 2935 937 2991 talem
997 2936 1372 2992 Alexandrina
1437 2938 1683 3010 synodus
1733 2937 1929 2994 habuit

2034 2946 2134 3013 τῆς
2161 2945 2340 3012 φυγῆς
2367 2943 2624 3010 διέξεισιν
2653 2943 3042 3012 ἀπολογητικῴ
3061 2961 3077 2976 ·
3101 2949 3195 2995 καὶ
3224 2942 3466 2999 τοιοῦτον
3488 2945 3616 3016 ἔσχε

342 3025 524 3080 ﬁnem.

898 3141 1126 3199 CAPUT
1168 3143 1336 3201 XVII.

348 3243 410 3298 Ut
439 3259 497 3295 eo
529 3252 758 3311 tempore
795 3241 1088 3312 Antiochia:
1119 3248 1224 3295 tres
1257 3243 1486 3312 episcOpi
1519 3244 1734 3310 fuerint,
1767 3243 1933 3298 Mele-

413 3314 540 3384 tius,
568 3312 852 3384 Paulinus.
901 3319 952 3362 et
989 3311 1220 3384 Is‘uzoius
1245 3328 1262 3365 :
1290 3311 1341 3366 et
1385 3321 1440 3365 ut
1474 3312 1687 3382 Lucifer
1717 3325 1933 3384 propter

415 3381 698 3436 Eusebium
730 3381 979 3450 oﬂ'ensus,
1007 3381 1259 3435 hiereseos
1286 3398 1396 3436 sua:
1419 3381 1616 3436 auctori
1633 3381 1892 3438 exstiterit
1913 3400 1932 3438 :

414 3462 464 3504 et
520 3461 576 3503 ut
637 3450 895 3503 Eusebius
948 3450 1293 3504 Vercellensis
1348 3461 1398 3505 et
1461 3451 1706 3507 Hilarius
1750 3453 1930 3506 Picta-

413 3521 607 3592 viensis
637 3521 888 3592 episcopi
936 3522 988 3572 in
1027 3519 1300 3592 Occidente
1323 3561 1337 3584 ,
1372 3521 1604 3592 Illyricis
1629 3562 1644 3585 ,
1679 3523 1853 3576 Gallis
1884 3532 1932 3576 et

413 3590 569 3645 Italis
623 3589 869 3662 [tomana
916 3591 1074 3662 simul
1109 3599 1155 3642 ct
1188 3592 1371 3662 (ἐνατία
1409 3589 1593 3662 lingua
1617 3609 1810 3647 sanam
1839 3592 1937 3648 Ni.

413 3676 577 3715 ciente
602 3660 728 3727 ﬁdei
755 3659 1052 3713 doctrinam
1076 3661 1476 3716 anuuntiarint.

420 3922 595 3976 Porro
633 3921 929 3986 Eusebius,
968 3937 1134 3990 quem
1184 3923 1565 3978 Vercellarum
1605 3925 1933 3996 episcopum

348 4030 469 4069 esse
513 4014 780 4076 diximus,
819 4013 1170 4067 Alexandria:
1209 4016 1422 4085 synodo
1460 4027 1704 4085 peracta,
1738 4017 1934 4071 Antio-

349 4107 532 4163 chiam
587 4106 908 4176 profectus,
962 4108 1177 4176 plebem
1231 4108 1302 4161 ibi
1352 4108 1501 4163 inter
1543 4125 1602 4162 se
1660 4110 1933 4165 dissidere

344 4198 583 4254 invenit.
639 4197 774 4251 Nam
827 4199 923 4266 qui
973 4197 1176 4252 Meletii
1227 4209 1412 4268 partes
1463 4201 1644 4255 secuti
1687 4201 1932 4267 fuerant,

345 4287 644 4343 Paulinum
693 4302 723 4340 a
763 4285 1021 4340 Lucifero
1071 4285 1390 4341 ordinatum
1431 4303 1663 4358 prorsus
1709 4305 1935 4344 aversa-

347 4380 578 4440 bantur,
635 4390 691 4434 et
741 4395 874 4434 suas
925 4379 1032 4436 sibi
1083 4380 1352 4434 ecclesias
1403 4391 1571 4450 atque
1623 4393 1936 4438 conventus

344 4473 644 4542 cogebant.
689 4471 1042 4542 Quapropter
1089 4472 1307 4527 Paulini
1359 4473 1771 4529 ordinationem
1817 4491 1938 4530 mo-

348 4565 489 4619 Ieste
536 4571 743 4631 terens,
774 4565 923 4634 quod
966 4560 1244 4620 universis
1289 4566 1487 4636 placita
1523 4581 1635 4620 non
1673 4577 1845 4633 esset,
1880 4580 1935 4622 et

346 4672 472 4712 eum
529 4671 724 4711 neutra
779 4667 937 4728 parte
988 4658 1430 4725 communicatis,
1471 4658 1677 4714 factum
1719 4661 1774 4714 id
1813 4661 1939 4732 qui-

353 4754 477 4802 dem
514 4766 624 4802 non
664 4749 924 4819 probavit
959 4766 973 4802 :
1003 4747 1244 4803 Luciferi
1278 4759 1483 4815 tamen,
1517 4766 1626 4820 qua
1654 4766 1779 4806 eum
1817 4767 1940 4822 pro-

352 4843 721 4910 Sequebatur,
753 4843 1134 4901 observantia.
1167 4843 1474 4912 publicitus
1509 4844 1645 4897 nihil
1685 4845 1942 4914 prolocu-

355 4940 466 4995 tus,
501 4933 629 4985 inde
663 4932 944 4997 discessit,
1003 4942 1061 4986 et
1090 4934 1226 4987 illud
1259 4934 1426 4988 modo
1455 4934 1615 5002 dixit,
1649 4938 1940 5007 episeopo-

350 5041 474 5080 runt
527 5034 804 5077 conventu
854 5041 975 5078 eam
1034 5040 1261 5094 quoque
1305 5041 1419 5078 rem
1465 5029 1833 5082 constitutum
1871 5029 1938 5084 iri

347 5128 640 5184 oportere.
673 5115 744 5170 Et
775 5132 900 5171 cum
935 5133 1047 5171 non
1085 5118 1375 5172 minimum
1422 5120 1592 5174 studii
1644 5121 1698 5175 in
1735 5136 1802 5175 eo
1837 5138 1936 5190 po-

357 5209 581 5267 suisset.
605 5208 825 5277 utquod
855 5225 954 5277 per
974 5209 1286 5275 dissidium,
1312 5211 1544 5266 scissum
1569 5222 1707 5280 erat,
1736 5215 1939 5269 unione

355 5301 748 5368 coniungeret,
782 5300 833 5353 id
884 5310 1066 5354 tamen
1101 5301 1320 5357 eilicere
1354 5304 1580 5359 minime
1611 5305 1813 5374 potuit.
1850 5304 1938 5360 ln-

355 5398 510 5444 terea
551 5391 697 5444 enim
741 5391 997 5446 Meletius
1046 5408 1265 5464 quoque
1309 5394 1380 5449 ab
1428 5395 1626 5451 exsilio
1680 5413 1940 5454 reversus

354 5493 464 5536 est.
500 5482 603 5548 Qui
648 5497 774 5536 cum
827 5491 1132 5540 sectatores
1182 5501 1335 5554 suos,
1365 5489 1464 5559 qui
1501 5505 1627 5544 eum
1666 5490 1722 5544 in
1757 5493 1940 5561 pretio

355 5575 670 5639 habebant,
721 5577 956 5632 seorsim
1010 5593 1326 5636 conventus
1375 5597 1540 5653 agere
1588 5583 1936 5649 invenisset,

353 5668 654 5738 episCOpali
693 5685 844 5726 more
878 5673 958 5726 eis
995 5673 1193 5742 pra'iit.
1228 5673 1305 5728 Ita
1345 5674 1575 5742 factum,
1612 5687 1673 5732 ut
1703 5686 1817 5733 tres
1847 5694 1940 5734 eo-

350 5758 478 5814 dem
513 5771 762 5833 tempore
795 5763 1102 5821 Antiochia:
1137 5778 1344 5836 essent,
1382 5769 1476 5840 qui
1508 5772 1772 5841 pastorali
1820 5786 1939 5826 mu-

2036 3035 2211 3105 πέρας
2246 3037 2278 3106 ή
2305 3037 2362 3088 ἐν
2405 3035 2790 3108 Ἀλεξανδρείᾳ
2822 3037 3061 3098 σύνοδος.

2643 3149 2892 3204 ΚΕΦΑΛ.
2931 3154 3028 3206 IZ'.

2048 3236 2144 3305 Ὠς
2167 3238 2265 3292 ἐπὶ
2300 3239 2410 3308 τῆς
2462 3239 2765 3312 Ἀντιόχου
2798 3242 3082 3312 τηνικάδε
3107 3242 3266 3309 τρεῖς
3299 3240 3463 3312 ἦσαν
3485 3244 3617 3298 ἐπι-

2109 3323 2354 3374 σκοποι,
2386 3310 2700 3376 Μρλέτιυς,
2748 3311 3048 3377 Παυλῖνός
3077 3330 3140 3365 τε
3188 3313 3287 3366 καὶ
3322 3310 3578 3379 ΕὺζώὶὉς
3599 3329 3615 3346 °

2109 3380 2325 3452 notrix;
2347 3381 2648 3448 Λουκίφερ
2683 3381 2758 3433 δι’
2785 3383 3079 3436 Εὐσέϐιον
3118 3383 3432 3452 λυπηθεὶς,
3465 3385 3621 3452 ιδίας

2109 3449 2394 3515 αἱρέσεως
2423 3453 2778 3504 καθίσταται
2817 3452 3104 3519 ἀρχηγός,
3139 3449 3434 3520 Εὐσέϐιοξ
3475 3455 3544 3507 δὲ
3587 3449 3622 3510 ὃ

2107 3519 2488 3585 Βρεκέλλων,
2507 3520 2607 3572 καὶ
2625 3521 2879 3588 Ἰλάριος
2897 3526 2928 3574 ό
2949 3524 3292 3576 Ποικτὰσων
3310 3525 3380 3578 ἐν
3407 3519 3622 3579 Ἑσπέ-

2100 3605 2182 3656 ρςι
2205 3591 2540 3658 γενόμενοι,
2590 3592 2938 3659 Ἰλλυριοῖς,
2970 3592 3237 3658 Γάλλοις
3267 3610 3330 3648 τε
3361 3595 3458 3647 καὶ
3481 3593 3623 3649 ἰτα-

2109 3659 2266 3732 λοῐς,
2315 3659 2616 3732 ⁹Ρωμαίων·
2669 3663 2772 3732 καὶ
2851 3661 3168 3730 Ἑλλήνων
3219 3665 3493 3732 γλώσσῃ,
3547 3666 3621 3719 τὰ

2108 3729 2250 3797 ὑγιᾶ
2280 3729 2390 3798 τῆς
2419 3730 2488 3784 ἐν
2514 3731 2731 3798 Νικαιᾳ
2762 3729 3034 3798 πίστεως
3074 3729 3493 3804 κατήγγελλοὲ
3521 3735 3622 3789 δό-

2110 3816 2327 3868 γματα.

2121 3915 2181 3968 '0
2221 3914 2266 3967 δ’
2293 3915 2577 3981 Εὐσέϐιος,
2609 3915 2669 3970 ὃν
2700 3916 3016 3987 Βρεκέλλων
3051 3918 3350 3973 ἐπίσκοπον
3381 3922 3408 3974 ό
3459 3919 3617 3989 λόγος

2039 4009 2254 4078 φθάσας
2288 4008 2581 4079 ἐδήλωσεν,
2637 4011 2702 4062 ἐκ
2759 4009 2860 4079 τῆς
2903 4010 3257 4079 Ἀλεξάνδρου
3321 4014 3463 4080 μετά
3515 4015 3613 4085 τὴν

2040 4104 2259 4156 σύνοδον
2292 4102 2391 4171 τὴν
2423 4101 2700 4172 Ἀντιόχου
2736 4103 3028 4158 κατέλαϐε.
3070 4107 3179 4158 Καὶ
3211 4107 3280 4159 τὰ
3315 4108 3494 4178 πλήθη
3531 4109 3621 4160 εὑ-

2042 4193 2150 4266 ρὼν
2181 4193 2674 4258 διαστασιάζοντα·
2705 4197 2752 4248 οἱ
2791 4197 2899 4264 γὰρ
2937 4195 3188 4265 Μελετίῳ
3219 4195 3624 4265 ἀκολουθήσαν-

2037 4305 2131 4352 τες
2161 4287 2254 4340 τόν
2309 4287 2414 4341 ὑπὸ
2466 4286 2804 4356 Λουκίφερος
2858 4287 3308 4358 χειροτονηθέντα
3358 4289 3624 4343 Παυλῖνον

2040 4383 2386 4436 παντάπασιν
2412 4379 2790 4452 ἐξετρέποντο,
2811 4381 2905 4434 καὶ
2928 4380 3050 4434 καθ’
3077 4382 3302 4445 ἑαυτοὺς
3323 4382 3624 4454 ἐκκλησιά-

2043 4471 2226 4536 ζον-τες
2251 4467 2394 4542 ἦσαν
2415 4488 2430 4503 ο
2464 4471 2653 4542 ἀχθεὶς
2676 4475 2742 4542 τῇ
2771 4472 3079 4544 χειροτονίᾳ
3113 4472 3399 4538 Παυλῖνον,
3437 4475 3519 4526 ὃτι
3546 4475 3623 4546 μὴ

2042 4567 2153 4627 τοῖς
2183 4567 2352 4618 πᾶσιν
2380 4565 2679 4634 ἐτύγχανεν
2709 4567 2791 4628 εἰς
2821 4566 3137 4635 ἀρέσκειαν,
3171 4566 3355 4630 κακῶς
3383 4568 3483 4636 μέν
3508 4565 3622 4638 εἶχε

2043 4657 2122 4728 τῷ
2165 4657 2579 4730 πεπραγμένῳ·
2609 4661 2674 4730 τῇ
2723 4675 2786 4728 γε
2819 4659 2928 4730 μὴν
2969 4659 3106 4730 πρὸς
3136 4659 3457 4730 Δουκίιρερα
3483 4661 3626 4713 αἰδοῖ

2044 4751 2211 4822 μηδὲν
2251 4752 2332 4814 είς
2360 4751 2419 4803 τὸ
2451 4751 2686 4821 φανερὸν
2732 4752 2928 4815 εἰπὼν,
2961 4753 3173 4808 ἐκεῖθεν
3200 4756 3434 4825 ἀπῆρεν,
3468 4757 3623 4806 ἐπει-

2043 4843 2180 4909 πὼν,
2213 4845 2529 4898 ἐπισκόπων
2559 4844 2834 4916 συνδρομῇ
2870 4847 3155 4899 καὶταῦτα
3189 4849 3336 4918 σχεῖν
3361 4846 3458 4915 τὴν
3473 4846 3621 4914 διόρ-

2044 4936 2231 4991 θωσιν.
2262 4939 2375 4991 Οὐκ
2411 4937 2697 5009 ἐλαχίστην
2722 4939 2777 4991 δέ
2803 4939 2863 4991 τό
2899 4943 3038 5008 μετὰ
3063 4940 3232 4992 ταῦτα
3257 4939 3485 5006 θέμενος
3519 4939 3621 5006 τὴν

2045 5031 2282 5100 σπουδὴν
2307 5029 2368 5083 τδ
2395 5031 2697 5102 διερρωγὸς
2725 5030 2949 5097 ἐγῶσαι,
2969 5030 3170 5099 ἥκιστα
3200 5027 3418 5098 ἴσχυσεν
3443 5044 3454 5055 ·
3483 5027 3622 5099 ἕρθη

2043 5123 2153 5194 γὰρ
2189 5126 2246 5176 ἐν
2269 5121 2348 5193 τῷ
2403 5122 2556 5192 μέσῳ
2586 5125 2680 5176 καὶ
2707 5121 2975 5184 Μελέτιος
3002 5123 3104 5192 τῆς
3145 5119 3360 5188 ἐξορίας
3391 5121 3625 5174 ἐπανελ-

2045 5213 2180 5279 θὼν,
2206 5213 2576 5282 ἐκκλησιάξον
2607 5229 2667 5266 τε
2707 5214 2815 5285 ἰδίᾳ
2841 5211 3038 5283 εὑρὼν,
3073 5210 3102 5263 ὃ
3131 5213 3296 5283 μέρος
3343 5212 3507 5266 αὑτὸν
3537 5214 3626 5267 διὰ

2042 5311 2210 5378 τιμῆς
2232 5304 2404 5377 εἶχεν,
2439 5307 2728 5377 ίερατικῶς
2761 5307 3057 5378 καθηγεῖτο
3077 5322 3092 5337 ·
3123 5309 3219 5361 καὶ
3248 5310 3399 5378 τρεῖς
3421 5309 3477 5361 ἐν
3501 5325 3630 5361 ταυο

2039 5403 2117 5473 τῷ
2150 5405 2248 5473 τὴν
2295 5403 2570 5471 Ἀντιόχου
2601 5397 2745 5470 ἦσαν
2775 5401 3189 5471 ποιμαίνοντες.
3231 5401 3354 5454 Τῶν
3408 5402 3510 5472 μέν
3535 5400 3627 5458 οὖν

2041 5492 2354 5562 ἐκκλησιῶν
2404 5489 2646 5555 Εύζώῖος
2692 5486 2760 5562 ἦν
2793 5492 3094 5562 ἐγκρατὴς,
3141 5493 3242 5562 τῆς
3286 5493 3630 5564 Ἀρειανικῆς

2041 5584 2312 5653 αἱρέσεως
2362 5583 2763 5653 προϊστάμενος
2790 5599 2806 5614 ο
2840 5583 3106 5647 Παυλῖνος
3153 5584 3210 5638 δὶ
3245 5585 3378 5654 μίαν
3408 5586 3518 5639 τῶν
3547 5586 3632 5637 ἓν·

2039 5681 2129 5734 δον
2161 5680 2260 5749 τῆς
2300 5679 2509 5740 πόλεως
2554 5679 2664 5732 τῶν
2698 5679 2800 5732 οὐκ
2851 5681 3148 5750 ἐπισήμων
3198 5675 3365 5749 εἶχεν,
3405 5675 3470 5749 ﬁ;
3521 5679 3627 5731 Εὑ-

2043 5773 2203 5838 ζώῗος
2237 5773 2664 5844 παρεχώρησεν,
2701 5773 2763 5826 ὲκ
2803 5773 3000 5828 πολλοῦ
3034 5776 3125 5830 τὸν
3157 5773 3329 5844 ἄνδρα
3376 5772 3631 5844 αἰδούμε-
