4054 6444
461 327 564 392 401
1638 385 1641 390 _
1705 326 1754 387 Ν
1767 323 2038 386 ΙΟΕΡΠΟ

2161 324 2380 386 CALLI
2393 326 2513 388 STI
3640 331 3746 397 492

459 447 784 512 irridentes,
820 445 1114 501 formulam
1152 441 1557 499 Antiochenam
1600 443 2038 513 promulgarunt

2163 459 2279 496 στιν
2304 441 2758 508 διατωθάζοντες,
2810 444 2909 516 τὴν
2939 443 2998 499 ἐν
3034 444 3342 517 Ἀντιοχείᾳ
3373 447 3562 502 πίστιν
3589 451 3746 521 εἰσῆ-

459 541 848 613 snﬂ'ragiisquc
887 539 1004 595 suis
1043 538 1523 610 comprobarunt;
1563 553 1687 607 qute
1726 546 1916 605 pnstea
1955 536 2038 590 Se

2155 536 2251 603 γὸν
2283 550 2343 587 τε
2367 537 2462 590 καὶ
2489 535 2924 606 ἐπεψηφίζοντο·
2970 540 3004 608 ἣ
3036 538 3100 610 δὴ
3131 538 3268 609 πρὸς
3289 539 3472 592 αὑτῶ)
3513 539 3744 612 ὕστερον

459 636 650 690 leucia:
708 649 930 703 quoque
983 629 1508 691 confirmatafuit,
1572 628 1736 684 siculi
1802 629 2038 697 proximr

2153 627 2214 678 τὸ
2245 626 2412 698 κῦρος
2461 629 2521 680 ἐν
2555 629 2853 700 Σελευκείᾳ
2889 631 3072 700 ἔσχεν,
3113 631 3188 692 ὡς
3228 634 3280 683 ἐν
3309 631 3389 701 τῷ
3414 633 3521 702 πρὸ
3550 635 3744 686 τούτου

460 730 604 784 libro
641 727 909 782 diximus.
951 726 1153 780 Verum
1203 726 1492 777 enimvero
1534 738 1658 776 cum
1698 738 1726 775 a
1769 721 2052 775 nonnullis

462 831 690 891 propter
720 818 998 890 ejusmodi
1026 817 1317 872 dissidium
1348 815 1915 885 reprehenderentur,
1941 815 2052 867 eis-

456 931 564 986 que
612 914 991 984 ohjieeretur,
1034 913 1130 981 qui
1177 925 1323 964 utine
1368 908 1600 966 tandem
1642 923 1700 962 se
1741 923 1839 976 per
1883 907 2049 960 dissi-

453 1008 607 1062 dium
660 1008 729 1059 ab
773 1005 1066 1058 Acacianis
1107 1002 1488 1073 sejutigerent,
1528 1015 1654 1053 cum
1705 998 1912 1065 quibus
1955 1013 2054 1049 an-

457 1112 542 1158 tea
589 1109 644 1154 et
691 1097 1111 1154 consensissent
1144 1108 1200 1150 et
1238 1091 1782 1150 communicassent?
1814 1091 1919 1144 tale
1952 1105 2050 1156 per

455 1191 839 1264 Sophroniqu
875 1203 1205 1259 responsum
1229 1186 1464 1240 dedere:
1495 1203 1515 1230 ι
1535 1181 1920 1238 Occidentales
1940 1179 2052 1250 epi-

452 1286 610 1356 scopi
651 1300 759 1339 non
795 1299 986 1339 sanam
1024 1282 1093 1335 de
1133 1277 1608 1336 Consubstautiali
1643 1277 1890 1331 habuere
1923 1272 2048 1344 Opi-

454 1382 717 1444 nionem;
753 1379 949 1433 Aetius
980 1385 1166 1430 autetn
1204 1374 1258 1427 in
1292 1372 1519 1428 Oriente
1551 1368 1877 1424 dissimilem
1915 1366 2049 1421 sub-

453 1474 660 1530 stantia
695 1471 846 1526 I’atri
883 1470 1087 1525 Filium
1130 1483 1253 1523 esse
1289 1465 1526 1520 docuit:
1563 1472 1618 1518 et
1653 1474 1887 1530 utraque
1920 1475 2050 1530 pars

453 1577 606 1622 recta
656 1563 869 1620 excidit
922 1561 1223 1617 sententia.
1277 1558 1360 1613 llli
1405 1559 1552 1612 enim
1597 1571 1695 1624 per
1733 1555 2048 1624 ὀμοουσεου,

454 1657 969 1716 consubstantialis,
1019 1653 1275 1716 verbum,
1322 1649 1720 1705 subsistentias
1764 1647 1944 1702 Patris
1993 1655 2050 1701 et

454 1751 580 1806 Filii
619 1751 674 1804 in
713 1749 986 1802 unitatem
1030 1760 1194 1799 unam
1240 1742 1583 1812 redigeutes,
1620 1740 1998 1796 confuderunt
2031 1757 2045 1794 :

2156 719 2347 789 βιϐλίῳ
2375 722 2600 792 μνήμην
2637 722 3012 792 ἐποιησάμην.
3057 723 3196 776 Ὑπὸ
3236 724 3292 777 δέ
3321 742 3488 779 τινων
3519 728 3578 778 ἐν
3611 727 3746 795 μέμ-

2152 807 2241 874 ψει
2277 812 2623 881 ποιουμένων
2659 811 2762 881 τὴν
2794 812 2973 865 αὐτῶν
2997 814 3261 885 διαφορὰν
3321 817 3741 885 ἐγκαλούμενοι,

2152 901 2204 952 τί
2236 903 2298 971 δή
2331 920 2460 955 ποτε
2490 903 2584 956 νῦν
2613 909 2723 968 τοῖς
2756 907 2884 975 περὶ
2921 907 3182 963 ’Δκοὶκιον
3211 910 3586 979 διαφέρονται,
3609 913 3742 980 651.6-

2154 1011 2349 1064 φρονες
2381 997 2566 1060 αὐτοῖς
2595 997 2658 1051 τδ
2683 1002 2949 1069 πρότερον
2973 1001 3067 1054 καὶ
3104 1005 3354 1057 κοινωνοὶ
3373 1003 3742 1070 καθεστῶτες,

2152 1088 2368 1141 τοιάνδε
2427 1089 2514 1142 διὰ
2569 1090 2885 1162 Σωφρονίου
2917 1095 3018 1165 τὴν
3049 1096 3348 1167 ἀπόκρισιν
3391 1098 3740 1167 ἐποιήσαντο·

2159 1198 2179 1231 ι
2219 1183 2280 1233 Ol
2311 1184 2456 1236 κατὰ
2486 1183 2640 1237 δύσιν
2665 1187 2962 1248 ἐπίσκοποι
2995 1189 3216 1243 ἐνόσουν
3250 1192 3312 1243 τὸ
3377 1191 3694 1259 ὁμοούσιον·
3715 1195 3744 1247 ὁ

2153 1271 2200 1325 δ’
2247 1273 2453 1338 Ἀέτιος
2503 1277 2562 1328 ἐν
2619 1279 2688 1348 τῇ
2727 1277 2804 1348 ἓῳ
2832 1279 2892 1331 τὸ
2923 1280 3046 1334 κατ’
3085 1283 3280 1336 οὐσίαν
3313 1284 3568 1354 ἀνόμοιοι
3594 1288 3748 1356 είτηο

2154 1367 2336 1434 γεῖτοο
2369 1367 2464 1420 καὶ
2497 1367 2668 1438 ἄμφω
2698 1371 2766 1424 τὰ
2797 1373 2940 1442 μέρη
2992 1374 3088 1427 τοῦ
3145 1376 3330 1441 εὐθέος
3388 1373 3530 1447 ἦσαν
3589 1381 3746 1434 ἐκπί-

2155 1473 2414 1520 πτοντες·
2452 1461 2502 1512 οί
2529 1461 2630 1529 μὲν
2659 1465 2768 1534 γὰρ
2801 1469 3230 1538 συγκεχυμένως
3259 1472 3338 1532 είς
3370 1471 3744 1540 μίανένότητα

2153 1551 2252 1614 τὰς
2281 1551 2614 1617 ὑποστάσεις
2665 1555 2878 1624 Πατρδς
2912 1561 3006 1612 καὶ
3039 1560 3168 1612 Υίοῦ
3195 1564 3471 1632 συνῆπτον
3521 1565 3610 1618 διὰ
3646 1567 3746 1635 τῆς

2152 1643 2244 1696 τοῦ
2282 1646 2620 1714 ὀμορυσίου
2680 1648 2916 1716 λέξεως·
2965 1654 2993 1705 ὁ
3032 1653 3088 1707 δὲ
3149 1654 3316 1709 πάλιν
3370 1657 3430 1722 ἐξ
3491 1659 3744 1722 ἐναντίας

2155 1735 2364 1808 σφόδρα
2387 1738 2481 1792 τού
2514 1739 2646 1794 Υίοῦ
2701 1743 2803 1811 τὴν
2831 1743 2933 1814 τῆς
2970 1747 3254 1820 Πατρικῆς
3291 1750 3508 1817 φύσεως
3543 1754 3744 1805 οἰκειο-

454 1845 548 1900 hic
585 1860 717 1898 vero
770 1857 800 1896 e
845 1841 1066 1894 diverso
1115 1853 1144 1891 a
1196 1843 1394 1890 natura
1429 1834 1607 1890 Patris
1647 1832 2038 1904 proprietatem

2157 1845 2295 1897 τητα
2340 1828 2684 1902 διεχώριζεν.
2737 1808 2920 1902 Ἧμᾶς
2975 1837 3032 1890 δὲ
3065 1808 3158 1894 τὸν
3191 1808 3408 1894 dita-00v
3459 1808 3742 1911 ἑκατέρων

453 1935 578 1992 Filii
631 1933 865 1988 nimium
918 1927 1244 2000 segregavit.
1294 1924 1408 1979 Nos
1462 1923 1631 1993 igitur
1682 1932 2048 1989 utrorumque

452 2033 670 2103 lapsum
725 2029 993 2092 vitantes,
1038 2021 1276 2077 mediam
1339 2019 1549 2090 absque
1598 2015 1846 2086 periculo
1896 2011 2046 2068 omni

450 2124 599 2178 viam
635 2120 971 2191 delegimus,
1003 2116 1205 2187 pieque
1238 2113 1415 2182 magis
1447 2110 1740 2173 sentimus,
1776 2105 2046 2177 aequalem

451 2216 669 2273 scilicet
702 2213 850 2268 Patri
903 2210 1105 2266 Filium
1141 2204 1508 2262 subsistentia
1557 2204 1843 2257 docentes.
1889 2217 1906 2251 ι
1954 2198 2047 2253 Sic

453 2313 529 2367 illi
575 2310 802 2381 quidem
853 2302 1206 2376 reprehensi,
1241 2301 1542 2356 defendere
1577 2313 1635 2352 se
1673 2295 1855 2350 conati
1891 2299 2042 2348 sunt.

450 2403 559 2460 Sed
614 2398 1132 2472 deprehenduntur,
1187 2393 1477 2449 veritatem
1539 2388 1892 2445 cavillatione
1949 2386 2047 2440 de-

448 2511 686 2570 pravare
712 2511 727 2549 :
758 2493 905 2564 quod
936 2505 1045 2545 non
1077 2487 1363 2551 Acacium,
1389 2484 1486 2539 sed
1517 2481 1762 2546 Aetium,
1793 2489 1855 2534 ut
1884 2477 2046 2533 dissi-

453 2585 788 2643 militudinis
820 2590 1113 2637 auctorem
1146 2580 1430 2634 incusant.
1466 2573 1738 2629 Videntur
1768 2572 1845 2626 illi
1877 2570 2042 2626 etiam

451 2681 637 2750 aliqua
666 2693 736 2733 ex
769 2686 926 2746 parte
959 2683 1018 2730 et
1060 2673 1298 2727 Arianos
1332 2678 1392 2724 et
1415 2666 1511 2721 τοῦ
1549 2667 1867 2738 ομοουσίοο,
1894 2679 2044 2719 con-

452 2768 860 2835 substantialis,
889 2773 1201 2822 assertores
1249 2762 1426 2817 vitare
1466 2777 1480 2815 :
1515 2769 1572 2815 et
1623 2775 1723 2831 per
1778 2767 2043 2828 utrosque

453 2864 571 2920 suis
617 2857 865 2935 ipsorum
916 2859 1144 2915 vocibus
1201 2857 1636 2919 convincuntur,
1676 2853 1824 2908 aliud
1880 2850 2044 2922 quid-

369 2970 375 2975 '
451 2972 618 3028 quam
663 2955 793 3010 novi
841 2952 1046 3008 afferre
1083 2949 1482 3013 constituisse,
1524 2946 1688 3002 sicuti
1719 2955 1776 3001 et
1804 2944 2042 3001 Sabinus

451 3049 658 3121 inquit,
688 3047 784 3119 qui
818 3047 1016 3103 Latine
1051 3053 1172 3101 acta
1204 3043 1486 3114 synodalia
1521 3041 1876 3110 conscripsit.

931 3163 1039 3237 43
1074 3161 1303 3220 canor
1343 3159 1482 3216 χιχ.

449 3257 526 3314 De
558 3265 740 3312 sancto
771 3257 1089 3314 Athanasio,
1128 3263 1183 3307 ut
1214 3253 1276 3306 ab
1307 3260 1555 3319 apostata
1581 3245 1865 3317 inquisita:
1885 3289 1901 3314 ,
1927 3259 2043 3303 arte

842 3327 1068 3394 miriﬁca
1099 3331 1354 3396 prologue
1389 3328 1636 3380 evaserit.

519 3509 849 3578 Imperator,
887 3506 979 3560 ubi
1011 3505 1377 3562 Athanasium
1409 3503 1756 3560 Alexandrite
1788 3503 2043 3558 multitu-

446 3604 596 3658 dinis
648 3611 962 3658 conventus
1016 3602 1071 3656 in
1125 3601 1364 3656 ecclesia
1415 3601 1700 3670 propalam
1761 3615 1943 3669 agere,
1983 3607 2040 3653 et

449 3698 651 3751 multos
703 3696 1021 3751 Gratcorum
1072 3694 1409 3765 eloquentiae
1457 3695 1508 3748 vi
1557 3703 1613 3748 et
1653 3696 1925 3748 suavitate
1969 3691 2036 3746 ad

445 3788 822 3845 Christianam
870 3787 1194 3857 religionem
1237 3785 1558 3856 pertrahere
1597 3785 1877 3856 cognovit,
1910 3783 2037 3855 ejici

444 3900 572 3938 eum
609 3882 964 3954 urbejussit,
1015 3898 1079 3937 ac
1109 3882 1154 3936 si
1189 3896 1412 3934 manere
1444 3879 1519 3934 ibi
1549 3895 1608 3935 se
1636 3880 1812 3934 invito
1849 3878 2034 3942 vellet,

443 3977 808 4048 gravissimas
865 3979 915 4030 ei
981 3975 1337 4030 denuntiavit
1397 3990 1610 4046 pcenas.
1681 3970 2036 4044 Ejuscemodi

449 4069 696 4125 mandati
723 4071 878 4124 illam
907 4068 1291 4138 praetendebat
1325 4083 1571 4131 causam,
1603 4067 1751 4137 quod
1783 4081 1812 4119 a
1843 4065 2036 4119 deces-

443 4165 669 4218 sorihus
717 4164 834 4218 suis
879 4163 1309 4233 imperatoribus
1346 4160 1544 4216 exsilio
1584 4160 1900 4224 damnatus,
1936 4173 2035 4213 sua

441 4256 622 4326 ipsius
648 4255 984 4308 auctoritate
1011 4254 1392 4323 episcopatum
1417 4261 1746 4321 occupasset
1770 4269 1782 4304 :
1807 4259 1863 4304 et
1883 4247 2034 4318 quod

443 4347 561 4419 ipse
594 4347 677 4401 eis
711 4348 805 4417 qui
851 4363 879 4400 a
915 4345 1246 4401 Constantio
1291 4345 1345 4398 in
1393 4343 1649 4398 exsilium
1684 4342 1795 4396 acti
1823 4348 2032 4405 essent,

441 4458 554 4498 non
589 4443 644 4497 itt
674 4442 938 4497 ecclesias
971 4441 1305 4511 ingressum,
1335 4439 1432 4494 sed
1464 4438 1519 4492 in
1548 4437 1785 4507 patriam
1819 4445 2031 4490 tantum

2152 1920 2448 1989 φυγόντας,
2479 1921 2580 1994 τὴν
2639 1924 2814 1997 μέσην
2869 1931 2966 1981 καὶ
3013 1931 3301 1986 ἀκίνδυνον
3352 1935 3740 2001 ἐπιλέξασθαιο

2149 2015 2245 2067 καὶ
2267 2014 2516 2070 εὐσεϐεῖν
2564 2017 2715 2086 μάλα
2745 2021 3018 2090 νομίζειν,
3061 2023 3156 2077 ἅτε
3187 2025 3251 2096 δὴ
3281 2027 3470 2097 ὅμοιον
3483 2025 3646 2084 ⁸εἴναι
3664 2031 3742 2102 τῷ

2149 2107 2328 2178 Πατρὶ
2380 2108 2472 2163 τδν
2521 2110 2653 2166 Υίὸν
2696 2113 2820 2168 καθ’
2862 2116 3166 2172 ὑπόστασιν
3220 2120 3675 2190 δογματίζοντας.
3712 2141 3734 2178 ι

2147 2191 2278 2252 Ὧδε
2313 2202 2413 2271 μὲν
2441 2199 2537 2258 οὖν
2565 2205 2957 2275 ἀπολογεῖσθαι
2992 2209 3129 2279 πρὸς
3160 2215 3259 2280 τὴν
3290 2213 3503 2283 μέμψιν
3529 2215 3744 2286 ἐμηχα-

2147 2297 2321 2351 νῶντο
2346 2313 2359 2326 ⁸
2392 2298 2714 2370 ἐλέγχονται
2744 2302 2801 2355 δέ
2826 2305 2927 2370 τὴν
2956 2305 3222 2376 ἀλήθειαν
3257 2307 3631 2379 σοφιζόμενοι,
3660 2305 3742 2375 οἷς

2149 2389 2228 2461 μὴ
2259 2391 2385 2455 τοὺς
2419 2394 2549 2464 περὶ
2593 2394 2894 2463 ’Δκάκιον,
2948 2398 3067 2451 ἀλλ’
3109 2399 3318 2453 Ἀέτιον
3362 2401 3442 2466 ὡς
3490 2402 3586 2457 τοῦ
3617 2406 3741 2460 ἀνο-

2145 2485 2307 2554 μοίου
2329 2486 2574 2556 ἀρχηγὸν
2612 2489 2935 2559 ᾐτιάσαντο.
2965 2491 3202 2546 Δοκοῦσι
3248 2494 3358 2565 γὰρ
3393 2497 3487 2549 καὶ
3523 2497 3742 2568 Ἀρεια-

2145 2579 2272 2642 νοῦς
2296 2580 2572 2636 ἐκκλίνειν
2604 2583 2662 2634 ἐν
2681 2583 2839 2656 μέρει
2868 2587 2962 2638 καὶ
2991 2586 3116 2649 τοὺς
3149 2587 3426 2658 τιμῶντας
3455 2589 3739 2661 τὸῖμοούυ

2148 2688 2304 2724 σιον·
2367 2673 2436 2726 δι’
2477 2675 2809 2750 ἀμφοτέρων
2853 2678 2951 2746 δὲ,
3004 2679 3154 2752 ἕτερ’
3208 2681 3346 2735 ἄττα
3397 2691 3740 2757 καινοτομεῖν

2145 2764 2416 2836 ᾑρημένοι
2450 2773 2572 2832 ταῖς
2601 2770 2764 2834 ίδίαις
2797 2775 3006 2840 φωναῖς
3031 2789 3047 2806 ο
3073 2773 3150 2838 ὥς
3185 2791 3320 2847 φησι
3343 2778 3436 2830 καὶ
3463 2778 3688 2845 Σαϐῖνος
3708 2781 3740 2836 ὁ

2156 2857 2446 2930 Ῥωμαίων
2476 2861 2692 2936 γλώττῃ
2728 2866 2795 2932 τΞι
2829 2867 3095 2922 Συνοδικὰ
3129 2871 3556 2942 συνταξάμενος.

2757 3165 3014 3224 ΚΕΦΑΛ.
3055 3170 3156 3230 ΙΘ’.

2149 3253 2290 3323 Περὶ
2322 3255 2448 3341 ⁹τοῦ
2498 3257 2675 3341 (irino
2712 3260 3078 3341 'Aaaram'pv
3103 3281 3118 3296 °
3167 3265 3248 3341 ὡς
3278 3267 3565 3341 πρύςᾴτοῦ
3591 3269 3739 3326 d10-

2215 3326 2446 3467 Ξῐιέξιέμ
2503 3326 2891 3401 ζητούμενος,
2948 3333 3131 3406 τέχνῃ
3185 3326 3494 3408 ﬂow-radit:
3538 3341 3734 3415 φυγὰς

2218 3512 2487 3579 Βασιλεὺς
2515 3515 2560 3570 δ’
2582 3516 2910 3573 Ἀθανάσιον
2941 3520 3130 3590 μαθὼν
3165 3526 3307 3580 κατὰ
3340 3524 3439 3598 τὴν
3477 3529 3730 3596 Ἀλεξάν-

2143 3603 2330 3678 δρειαν
2357 3609 2648 3682 παρρησίᾳ
2680 3609 2864 3682 πλήθη
2894 3613 3351 3684 ἐκκλησιάζοντα,
3377 3619 3474 3672 καὶ
3504 3620 3734 3685 πολλοὺς

2143 3700 2253 3753 τῶν
2301 3701 2571 3773 Ἑλλήνων
2605 3705 3009 3772 μεταπείθοντα
3046 3711 3110 3780 τῇ
3167 3711 3277 3762 τῶν
3315 3711 3490 3780 λόγων
3522 3715 3734 3783 σειρῆνι

2142 3796 2236 3848 τὸν
2268 3795 2702 3868 Χριστιανισμὺν
2736 3801 3106 3869 ἀσπάζεσθαι,
3141 3807 3474 3875 προστάττει
3519 3808 3732 3861 ἐκεῖθεν

2143 3888 2503 3943 ἐλαύνεσθαι·
2533 3893 2582 3945 εί
2623 3892 2679 3946 δέ
2711 3891 2956 3963 βιάζοιτο
2986 3897 3204 3967 μένειν,
3227 3900 3496 3969 μεγίστας
3518 3904 3732 3974 ἠπείλει

2143 3979 2368 4051 ζημίας.
2407 3982 2685 4051 Πρόφασιν
2703 3983 2747 4036 δ’
2777 3987 3032 4053 ἐποιεῖτο,
3082 3983 3163 4065 οἷς
3187 3990 3412 4060 φεύγειν
3443 3995 3593 4064 παρὰ
3623 3995 3734 4048 τῶν

2143 4072 2251 4143 πρὸ
2281 4073 2449 4129 αὐτοῦ
2495 4079 2801 4147 καταδίκην
2857 4081 3041 4151 σχὼν,
3101 4084 3177 4154 μὴ
3230 4090 3597 4155 προτραπεὶς,
3633 4089 3732 4159 τῆς

2141 4167 2453 4239 ἐπισκοπῆς
2504 4170 2874 4226 ἀντελάϐετοο
2909 4175 3028 4228 ἀλλ’
3073 4177 3194 4230 οὐδὲ
3231 4180 3346 4243 τοῖς
3393 4183 3546 4248 παρὰ
3578 4182 3736 4235 Κων-

2143 4260 2398 4314 σταντὶου
2431 4258 2767 4330 ἐξορισθεῖσι
2797 4265 2897 4336 τὴν
2937 4266 3020 4329 είς
3052 4268 3153 4332 τὰς
3190 4271 3491 4342 ἐκκλησίας
3521 4274 3732 4329 εἴσοδον

2141 4355 2524 4424 συγχωρῆσαι,
2571 4353 2674 4426 τὴν
2694 4356 2752 4409 δὲ
2786 4358 3050 4428 πρὸςτάς
3088 4363 3352 4435 πατρίδας
3378 4366 3608 4422 κάθοδον
3638 4373 3734 4438 p.6-

2140 4461 2231 4498 νον
2259 4460 2274 4475 ·
2305 4444 2459 4500 ἐνθεν
2481 4461 2563 4500 τοι
2589 4448 2684 4500 καὶ
2711 4448 2936 4518 φεύγειν
2965 4452 3108 4505 κατὰ
3143 4456 3202 4507 τὸ
3229 4455 3323 4509 τοῦ
3348 4455 3617 4526 βασιλέως
3647 4463 3736 4514 θέ-

439 4537 681 4594 reditum
730 4534 1103 4606 permisisset.
1141 4531 1330 4600 Itaque
1362 4545 1441 4584 eo
1478 4529 1837 4599 imperatoris
1877 4543 2030 4582 mau-

2145 4555 2363 4608 σπισμα
2391 4538 2738 4610 βιαζόμενος,
2769 4545 2884 4608 τοῖς
2907 4547 3036 4616 περὶ
3057 4547 3228 4602 ἀὑτὸν
3255 4550 3610 4621 ἀσχάλλουσι,
3638 4557 3736 4610 καὶ

437 4628 568 4684 dato
614 4627 908 4698 profugere
953 4634 1200 4688 coactus,
1235 4623 1290 4676 in
1328 4636 1426 4676 eos
1457 4621 1552 4691 qui
1597 4619 1752 4674 illum
1790 4618 2033 4673 circum-

435 4719 704 4775 sistentes
753 4719 1106 4779 monebant,
1150 4722 1206 4769 et
1249 4713 1566 4768 discessum
1615 4710 1738 4779 ejus
1787 4709 2035 4782 graviter

435 4813 710 4876 ferebant,
761 4809 940 4864 oculis
971 4800 1291 4878 conjectis:
1336 4825 1354 4858 ι
1397 4807 1550 4860 Bono
1593 4812 1769 4859 estote
1817 4802 2029 4868 animo,

437 4906 617 4972 filioli,
644 4902 864 4973 inquit;
897 4902 1175 4957 nubecula
1213 4909 1322 4967 est,
1356 4899 1511 4955 brevi
1547 4914 1612 4954 ea
1651 4905 1968 4954 evanescet.
2004 4913 2023 4948 ι

435 4995 536 5052 llis
577 4995 767 5061 dictis,
797 4995 1058 5049 mandata
1099 4993 1469 5049 familiaribus
1499 4994 1616 5047 suis
1649 4992 1825 5052 dedit.
1857 5003 1913 5046 et
1937 5005 2029 5047 ec-

434 5088 606 5144 clesia
652 5085 817 5141 bonis
864 5087 999 5142 viris
1045 5086 1438 5142 commendata
1483 5102 1764 5158 egressus,
1807 5085 2028 5157 navigio

435 5200 534 5253 per
575 5182 762 5238 Nilum
800 5182 860 5236 in
897 5180 1194 5252 IEgyptum
1243 5179 1552 5235 contendit.
1592 5180 1788 5252 Atqui
1820 5198 1848 5235 a
1882 5195 2028 5252 pra:-

432 5278 579 5334 fecto
612 5277 765 5333 missi
800 5276 1045 5340 fuerant,
1070 5275 1576 5346 consequebantur,
1608 5291 1809 5347 capere
1838 5279 2024 5330 virum

433 5379 690 5428 sanctum
747 5372 938 5426 studio
996 5370 1150 5425 enini
1207 5371 1635 5429 contendentes.
1694 5373 1762 5427 Et
1806 5375 1918 5444 jam
1969 5373 2022 5426 in

431 5465 748 5535 propinquo
797 5476 1187 5536 persecutores
1235 5467 1431 5524 adesse
1483 5469 1768 5524 audiebat.
1817 5468 1896 5524 lbi
1939 5469 2022 5524 eis

428 5559 531 5627 qui
566 5572 694 5613 cum
731 5558 827 5613 illo
857 5559 914 5614 in
945 5561 1077 5616 navi
1112 5572 1296 5630 erant,
1331 5561 1515 5634 fugam
1551 5564 1615 5618 in
1663 5563 2022 5619 solitudinem

429 5652 863 5706 convertendam
912 5669 1045 5708 .esse
1093 5654 1493 5723 suadentibus,
1551 5657 1674 5727 ipse
1725 5657 2021 5712 meliorem

428 5749 657 5797 secutus
715 5746 1083 5812 sententiam,
1152 5747 1458 5817 prudenter
1518 5750 1754 5805 militum
1827 5749 2021 5820 effugit

424 5847 648 5894 litantis.
693 5837 837 5910 Fuga
868 5842 1014 5896 enim
1048 5841 1370 5912 posthabita
1404 5843 1468 5897 ad
1505 5854 1889 5914 persecutores
1924 5861 2019 5901 na~

2143 4631 2200 4684 ἐν
2219 4629 2381 4702 δεινῷ
2415 4634 2763 4704 ποιουμένοις
2796 4636 2897 4708 τὴν
2928 4639 3250 4706 φυγαδείαν,
3291 4645 3547 4709 ἀτενίσας
3581 4643 3729 4702 εἶπε·

2147 4740 2166 4774 r
2198 4721 2495 4794 Θαρρείτε,
2524 4719 2568 4780 ὦ
2615 4727 2813 4782 τέκναο
2847 4731 3139 4802 νιφύδριον
3174 4734 3285 4804 γάρ
3333 4738 3470 4804 ἐστι,
3511 4742 3602 4792 καὶ
3630 4757 3731 4792 τα-

2140 4818 2284 4886 χέως
2350 4817 2760 4888 διαλυθήσεται.
2793 4840 2812 4873 ι
2851 4821 3023 4879 Ταῦτ’
3061 4825 3256 4892 εἰπὼν,
3315 4827 3726 4896 συνταξάμενος

2139 4912 2253 4974 τοῖς
2277 4912 2523 4978 οἰκείοις,
2570 4916 2664 4968 καὶ
2695 4917 2808 4979 τοῖς
2845 4917 3291 4988 σπουδαιοτέροις
3345 4921 3726 4991 παραθέμενος

2137 5005 2238 5076 τὴν
2260 5005 2582 5076 ἐκκλησίαν,
2633 5008 2869 5076 ἐξελθὼν
2905 5013 3099 5082 πλοίῳ,
3133 5012 3220 5065 διὰ
3270 5013 3363 5065 τοῦ
3408 5013 3608 5066 Νείλου
3646 5015 3727 5080 εἰς

2135 5099 2238 5170 τὴν
2268 5101 2548 5169 Αιγυπτον
2576 5103 2834 5174 ἧλαυνεν.
2868 5107 2930 5160 Oi
2968 5107 3023 5160 δὲ
3051 5107 3180 5177 περὶ
3229 5107 3320 5160 τὸν
3354 5107 3594 5179 ἄρχοντα
3625 5128 3727 5162 κα-

2134 5193 2295 5248 τόπιν
2323 5193 2571 5263 ἐδίωκον,
2631 5200 2690 5253 ἐν
2736 5202 2919 5270 χεροῖν
2967 5201 3140 5254 θεῖναι
3191 5202 3281 5254 τὸν
3338 5201 3488 5256 ὅσιον
3543 5205 3729 5258 πᾶσαν

2135 5286 2454 5358 ποιούμενοι
2489 5291 2588 5362 τὴν
2620 5291 2880 5364 σπουδήν.
2927 5293 3026 5347 Ἐκ
3051 5291 3144 5346 τοῦ
3193 5292 3465 5365 σύνεγγυς
3504 5297 3551 5350 δ’
3583 5292 3728 5352 εἶναι

2135 5382 2262 5444 τοὺς
2287 5380 2585 5446 διώκοντας
2616 5386 2997 5453 πεπυσμένος,
3027 5387 3140 5440 τῶν
3175 5391 3307 5461 περὶ
3331 5391 3394 5446 τὸ
3428 5391 3616 5446 πλοῖον
3649 5397 3729 5459 είς

2134 5474 2235 5546 τὴν
2283 5474 2493 5547 ἔρημον
2522 5477 2726 5548 μᾶλλον
2757 5479 2985 5547 φεύγειν
3015 5481 3308 5551 λεγόντων,
3345 5486 3552 5552 ἐκεῖνος
3588 5488 3732 5556 γνώ-

2135 5585 2214 5640 μῃ
2243 5570 2449 5642 ἀρίστῃ
2478 5571 2852 5642 χρησάμενος,
2885 5562 3069 5646 σοφῶς
3101 5577 3327 5648 διέφυγε
3355 5583 3484 5646 τοὺς
3507 5583 3728 5637 διώκον-

2131 5685 2252 5730 τας.
2279 5669 2390 5723 Καὶ
2415 5670 2524 5738 γὰρ
2569 5673 2809 5739 ἀφέντας
2855 5674 2917 5727 τὸ
2951 5675 3179 5744 φεύγειν
3205 5717 3218 5742 ,
3258 5679 3394 5748 πρὸς
3426 5682 3573 5749 τοὺς,
3603 5681 3726 5733 διώ-

2132 5777 2330 5824 κοντας
2357 5760 2416 5826 ἐξ
2443 5763 2779 5835 ἐπιστροφῆς
2804 5767 3056 5820 ἐκέλευεν
3079 5770 3352 5842 ἀπαντᾷν.
3389 5772 3477 5835 Ὠς
3497 5773 3554 5825 δὲ
3580 5771 3725 5826 τοῦτ’

2133 5851 2364 5921 ἐγίνετο,
2416 5855 2506 5908 καὶ
2535 5856 2707 5924 ἐγγὺς
2739 5858 2845 5914 τῶν
2881 5860 3188 5917 διωκόντων
3218 5860 3357 5936 ἦσαν
3402 5867 3447 5917 οἱ
3481 5866 3716 5934 φεύγον-
