4054 6434
439 379 542 442 4)]

1669 377 2098 441 NICEPHURI
2139 381 2485 444 CALUSTI

3585 389 3692 453 436

435 498 737 552 arhilt'attts
777 501 884 558 est,
927 502 980 547 ut
1038 507 1216 562 neque
1267 497 1574 546 conventus
1623 506 1806 560 agere,
1839 507 2002 559 nequi

2123 495 2220 564 τὴν
2263 495 2544 549 διάστασιν
2587 497 2717 568 ῥᾷον
2767 498 3084 570 παρέχουσι.
3144 503 3307 556 Ταῦτ’
3353 501 3446 557 οἷν
3479 507 3691 576 φρενῶν

435 592 637 647 docere
668 589 853 652 nobis,
893 587 1066 641 multo
1109 600 1242 639 vero
1277 583 1459 638 minus
1490 584 1558 637 de
1592 584 1762 639 rebus
1808 584 2012 638 divinis

437 684 795 753 participare,
832 683 1169 752 mysticaqnc
1204 686 1260 732 et
1293 691 1497 732 arcana
1534 691 1691 732 sacra
1726 691 2010 746 peragere,

437 779 593 832 facile
641 785 832 831 esset:
870 783 926 828 et
965 783 1025 826 ιιι
1078 771 1432 826 diuturniora
1485 780 1732 840 tempore
1778 769 1830 822 in
1871 768 2012 823 ις1)1ἱο

438 869 652 921 γὶυιιριιι
686 865 850 919 etiam
886 863 1172 930 religionis
1203 871 1407 916 nostra:
1431 876 1661 932 prorsus
1693 862 2013 930 pervenire~

437 971 579 1010 inus.
627 953 734 1025 45
800 955 979 1021 Atque
1041 951 1263 1008 interim
1321 952 1611 1006 obtentum
1664 952 1816 1005 illum
1871 967 2012 1022 prac-

435 1049 632 1111 texuit,
669 1045 816 1118 quod
865 1048 1052 1101 clerus
1088 1045 1247 1100 facile
1281 1061 1504 1100 causam
1543 1045 1833 1100 seditionis
1873 1046 2014 1098 mul-

437 1143 657 1198 titudini
691 1140 986 1214 pra-heret.
1024 1139 1302 1212 Ejusmodi
1335 1139 1547 1210 agitans
1577 1140 1807 1193 consilia
1831 1179 1847 1204 ,
1885 1153 2011 1192 cum

433 1257 616 1312 neque
650 1247 800 1294 esset
830 1251 1012 1308 neque
1057 1244 1406 1292 metueretur
1445 1234 1647 1290 seditio
1685 1235 1813 1298 ulla,
1851 1234 2014 1290 Eleu-

435 1339 580 1390 sium
607 1348 733 1388 cum
762 1331 900 1395 suis,
931 1331 1094 1384 sicuti
1127 1329 1261 1387 dixi.
1290 1327 1491 1399 Cyzico
1513 1327 1800 1382 discedere
1827 1327 2012 1398 jussit.

436 1429 650 1482 Dicitur
687 1441 819 1481 sane
858 1437 1184 1495 pergravcm
1233 1421 1456 1476 Eleusio
1505 1419 1835 1488 imposuisse
1877 1435 2011 1474 con-

433 1521 726 1581 ditionem,
763 1527 824 1572 ut
869 1515 1081 1570 scilicet
1129 1514 1236 1568 nisi
1281 1514 1423 1567 intra
1461 1527 1680 1567 nienses
1719 1513 1880 1576 duos,
1915 1527 2014 1566 sua

435 1615 554 1684 ipse
611 1613 900 1682 impensa,
960 1607 1394 1663 Novatianorum
1457 1605 1790 1671 ecclesiam,
1845 1619 2012 1674 quam

435 1705 616 1777 Cyzici
675 1703 792 1773 ipse
841 1699 1143 1754 demolitus
1195 1695 1398 1760 fuerat,
1440 1705 1800 1760 restauraret,
1839 1711 1906 1752 ex
1948 1711 2012 1750 ea

437 1803 573 1852 urhe
625 1795 946 1866 pelleretur.
1007 1790 1133 1844 'l‘ito
1183 1805 1336 1854 vero,
1373 1787 1686 1842 Bostrensis
1726 1799 1839 1842 tum
1879 1787 2012 1842 civi-

435 1891 564 1946 tatis
612 1885 868 1950 antistiti,
912 1884 1096 1941 cdicto
1143 1881 1365 1954 publice
1415 1881 1785 1952 promulgato,
1829 1889 1887 1936 ut
1926 1880 2012 1936 di-

433 1989 619 2036 rectus
675 1977 925 2048 fugeret,
982 1973 1244 2046 praecepit
1297 1991 1310 2026 :
1355 1971 1540 2044 gravia
1591 1971 1824 2026 crimina
1865 1971 1914 2025 ei
1952 1980 2009 2026 et

429 2073 581 2127 clero
618 2069 760 2140 ejus,
798 2068 842 2123 si
889 2067 956 2122 ad
1003 2065 1329 2120 seditionem
1367 2063 1631 2134 populum
1670 2061 2010 2116 'eommovis-

427 2177 572 2230 sent,
607 2165 873 2220 minatus.
911 2159 1072 2214 Titus
1107 2173 1171 2213 ea
1205 2157 1274 2211 de
1316 2171 1483 2210 causa
1513 2153 1759 2208 libellum
1793 2153 2008 2224 suppli-

425 2271 545 2312 cem
592 2255 660 2309 ad
711 2253 1105 2322 imperatorem
1141 2247 1312 2310 misit,
1349 2247 1400 2300 in
1440 2261 1551 2316 quo
1588 2261 1696 2299 non
1734 2246 2006 2298 minorem

426 2363 548 2402 esse
591 2345 1063 2406 Christianorum,
1097 2355 1268 2410 quam
1311 2337 1653 2401 Graecorum,
1690 2337 1744 2390 in
1776 2352 1838 2390 ea
1870 2335 2007 2390 urbe

426 2454 754 2503 numerum;
795 2450 965 2505 seque
1013 2431 1426 2487 multitudinem
1469 2445 1626 2485 suam
1669 2427 2008 2482 cohortatio-

2119 588 2255 656 μήτε
2287 588 2432 652 rivi;
2456 585 2622 656 οὔσης
2653 591 2790 659 μήτε
2817 594 3276 666 προσδοκωμένης
3304 598 3568 662 scissa-ag.
3599 599 3691 651 τὸν

2129 677 2422 744 Ἐλεύσιον,
2459 682 2550 734 καὶ
2581 683 2705 747 τοὺς
2738 687 2832 736 σὺν
2871 687 3018 756 αὐτῷ
3052 689 3358 758 ἁναχσιιρεῖν
3391 692 3483 758 τῆς
3525 692 3693 756 Κυζί-

2116 791 2214 827 κου
2273 777 2666 846 προύτρέπετο.
2706 779 2939 844 Λέγεταί
2973 799 3033 848 γε
3063 783 3170 851 μὴν
3213 781 3392 836 αἰτίαν
3423 784 3692 838 ἐπιθεῖναι

2119 867 2430 938 βαρυτάτην
2459 870 2540 939 τῷ
2603 871 2892 943 Ἑλεο-σίῳ,
2951 875 3102 934 ἐντὸς
3151 875 3244 927 δύο
3277 876 3486 944 μηνῶν,
3540 879 3586 929 εί
3617 877 3692 948 μὴ

2115 962 2214 1028 τὴν
2246 961 2353 1014 τῶν
2402 963 2762 1018 Ναυατιανῶν
2799 967 3122 1035 ἐκκλησίαν,
3167 970 3228 1038 ἦν
3262 971 3316 1021 ὲν
3345 969 3571 1040 Κυζίκῳ
3598 987 3696 1023 κα-

2115 1053 2290 1106 θεῖλεν
2321 1055 2816 1122 Εὖζὼῖος,οἰκείοις
2845 1059 3194 1126 ἀναλώμασιν
3218 1061 3493 1132 ἀνεγείροι
3517 1059 3693 1126 αὖθις,

2117 1148 2328 1202 ἐκεῖθεν
2383 1149 2734 1205 ἐλαύνεσθαι.
2767 1152 2927 1205 Τῖτον
2957 1154 3011 1206 δὲ
3040 1156 3132 1206 τὸν
3165 1155 3422 1225 τηνικάδε
3456 1159 3554 1226 τῆς
3603 1156 3697 1209 Βο-

2119 1242 2365 1308 στρηνῶν
2399 1242 2604 1305 πόλεως
2633 1243 2732 1305 τὰς
2763 1245 2920 1314 ἡνίας
2951 1245 3348 1316 διαχειρίζοντα
3378 1251 3693 1319 προτροπά-

2113 1328 2212 1396 δην
2244 1329 2468 1398 φεύγειν
2511 1331 2748 1403 δημοσίᾳ
2777 1335 3104 1408 ἐκήρυττεν.
3157 1336 3310 1388 Ἐπεὶ
3338 1338 3448 1408 γὰρ
3485 1338 3696 1401 ὴπεὶλει

2116 1419 2174 1472 ὲν
2204 1419 2410 1484 αἰτίαις
2431 1425 2608 1473 ποιεῖν
2633 1423 2793 1476 αὐτόν
2820 1441 2878 1476 τε
2909 1426 3003 1478 καὶ
3033 1427 3158 1490 τοὺς
3182 1429 3238 1480 ὲν
3271 1428 3479 1498 κλήρῳ,
3517 1433 3565 1480 εἰ
3587 1429 3698 1482 δια-

2118 1513 2402 1566 στασιάσει
2431 1513 2493 1567 τὸ
2519 1515 2724 1583 πλῆθος
2745 1531 2758 1546 ·
2795 1516 3003 1586 βιϐλίον
3036 1518 3250 1588 βασιλεῖ
3278 1520 3512 1590 πέμπων
3549 1522 3576 1572 ὁ
3607 1521 3696 1573 Τῖ-

2113 1621 2230 1668 τος,
2262 1605 2338 1674 μὴ
2379 1605 2597 1659 ἔλαττον
2623 1603 2764 1662 εἶναι
2786 1610 2846 1662 τὸ
2882 1611 3270 1680 Χριστιανικδν
3307 1614 3403 1665 τοῦ
3449 1613 3697 1682 Ἐλληνι-

2116 1697 2217 1752 κοῦ
2249 1697 2468 1766 ἔλεγεν·
2509 1701 2792 1770 εἴργεσθαι
2849 1701 2905 1756 δὲ
2941 1705 3061 1764 ταῖς
3088 1703 3302 1758 ἐκείνου
3335 1709 3696 1774 παραινέσεσι

2119 1789 2194 1859 μὴ
2225 1789 2364 1860 πρὸς
2395 1791 2588 1844 στάσιν
2637 1793 3050 1866 ὀρᾷν.,Σκοπῶν
3076 1791 3170 1850 οὖν
3203 1798 3455 1850 ἐντεῦθεν
3483 1799 3561 1862 είς
3597 1800 3696 1870 τὴν

2115 1879 2256 1931 κατὰ
2289 1877 2383 1930 τοῦ
2415 1877 2578 1932 Τίτου
2607 1881 2799 1934 στάσιν
2837 1883 3040 1951 μᾶλλον
3068 1885 3265 1948 αὐτοὺς
3291 1886 3555 1956 ἐρεθίσαι,
3586 1890 3696 1952 τοῖς

2115 1969 2174 2020 ἐν
2203 1969 2459 2039 Βόστροις
2519 1971 2770 2040 γράφων,
2803 1975 2896 2026 τὸν
2934 1975 3106 2044 ἄνδρα
3137 1975 3440 2040 διέϐαλλεν,
3468 1978 3544 2042 ὡς
3573 1979 3695 2032 κατ’

2115 2061 2294 2114 αἰτῶν
2324 2061 2535 2133 βασιλεῖ
2575 2067 2814 2136 γράφει·
2853 2066 2928 2136 μὴ
2979 2067 3166 2134 μέντοι
3199 2067 3256 2120 δὲ
3299 2068 3390 2120 διὰ
3423 2071 3523 2132 τάξ
3553 2071 3697 2122 ὲκεί-

2113 2169 2206 2208 νου
2235 2157 2586 2226 παραινέσεις
2614 2158 2750 2225 πρδς
2799 2157 2992 2211 στάσιν
3034 2162 3236 2230 χωρεῖν
3255 2200 3270 2224 ,
3305 2161 3440 2214 ἀλλά
3467 2164 3587 2224 ταῖς
3615 2164 3694 2216 οξ·-

2111 2245 2292 2309 κείαις
2319 2248 2567 2318 γνώμαις
2591 2249 2932 2320 χρωμένους.
2975 2252 3084 2305 Καί
3111 2269 3176 2322 γε
3227 2253 3412 2326 ἡρέμα
3459 2255 3694 2325 παρεκί-

2110 2355 2193 2390 νει
2217 2340 2308 2392 τὶν
2339 2339 2531 2409 δῆμον,
2562 2340 2638 2405 ὡς
2665 2342 2957 2396 ἐπίϐουλον
2989 2347 3083 2416 καὶ
3117 2345 3360 2418 δυσμενῆ
3386 2348 3568 2411 αὐτοῖς
3596 2367 3695 2402 κα-

2114 2427 2388 2495 θεστῶτα,
2418 2434 2518 2500 τῆς
2551 2434 2758 2498 πόλεως
2793 2436 3141 2494 ἀπελαύνειν.

426 2531 616 2596 nibus,
649 2544 719 2584 ne
750 2527 818 2581 ad
858 2524 1156 2582 tumultum
1199 2531 1432 2592 spectet,
1503 2522 1790 2578 deterrere
1863 2518 2220 2590 signiﬁcavit.
2273 2522 2606 2592 Imperator,
2681 2537 2741 2582 ut
2784 2530 3047 2598 populum
3093 2531 3366 2599 reliquum
3427 2534 3692 2591 adversus

425 2627 614 2684 Titum
663 2621 992 2680 concitaret,
1027 2617 1096 2671 ad
1149 2615 1474 2670 Bostrenses
1511 2613 1839 2670 calumniam
1889 2613 2008 2667 viro
2047 2615 2351 2679 intentans,
2419 2617 2634 2673 litteras
2679 2621 2831 2676 dedit
2871 2643 2884 2677 :
2965 2623 3248 2694 scripsisse
3305 2627 3459 2684 illum
3499 2629 3566 2686 ad
3605 2644 3688 2694 se,

427 2738 540 2778 non
611 2717 787 2788 ipsius
845 2709 1363 2773 cohortationibus,
1419 2709 1514 2764 sed
1580 2707 1842 2778 populum
1909 2722 2010 2761 suo
2049 2708 2225 2778 ipsius
2292 2712 2550 2780 consilio,
2621 2714 2689 2768 ad
2725 2707 3054 2772 seditionem
3089 2735 3473 2792 prorumpere.
3513 2723 3690 2792 Atque

425 2813 519 2868 ille
556 2811 696 2866 clam
735 2807 951 2878 plchem
992 2818 1059 2858 eo
1100 2813 1286 2872 pacto,
1318 2809 1378 2856 ut
1405 2802 1585 2855 virum
1615 2815 1742 2856 eum
1815 2799 2048 2869 perinde
2087 2809 2254 2872 atque
2300 2803 2681 2862 insidiatorem
2713 2817 2768 2862 et
2801 2811 3012 2865 hoStem
3048 2827 3208 2868 suum
3266 2816 3498 2872 civitate
3527 2817 3692 2888 ejice-

424 2915 531 2969 ret,
565 2910 861 2973 pertuum.
1610 2952 1620 2962 .
1948 2953 1956 2961 .

487 2998 733 3055 Plurima
788 2982 919 3048 vero
971 2992 1078 3046 alia
1139 2989 1208 3044 ad
1269 2989 1524 3046 eumdem
1583 2986 1845 3050 modum,
1893 3002 2002 3057 qua

420 3091 597 3162 ipsius
647 3088 832 3160 jussu,
868 3100 976 3156 qua
1037 3083 1182 3156 vulgi
1235 3091 1538 3152 spontanea
1592 3080 1902 3134 temeritate
1948 3087 2006 3134 et

417 3186 658 3244 insulto,
694 3179 965 3236 accidisse
1011 3186 1449 3233 consentani-um
1482 3183 1584 3228 est.
1621 3171 1866 3238 Quorum
1911 3171 2004 3226 ille

422 3275 692 3331 malorum
729 3271 965 3326 maxime
995 3276 1192 3323 auctor
1233 3265 1360 3332 fuit,
1389 3265 1484 3335 qui
1523 3264 1578 3318 in
1620 3279 1718 3322 eos
1745 3263 1836 3334 qui
1875 3263 2002 3316 talia

423 3375 648 3438 patrare
699 3361 991 3425 auderent,
1023 3350 1242 3430 legibus
1279 3373 1390 3410 non
1433 3355 1920 3414 animadverteret,
1949 3363 2005 3408 et

417 3459 608 3513 verbis
661 3453 886 3525 quidem
934 3450 1134 3506 del.cta
1187 3445 1464 3518 ejusmodi
1511 3455 1787 3516 carperet,
1836 3445 2005 3501 rebus

419 3561 602 3610 autem
632 3548 768 3624 ipsis
793 3545 860 3601 ad
891 3562 954 3600 ea
988 3543 1303 3616 peragenda
1331 3541 1725 3596 cohortaretur
1756 3558 1770 3596 :
1799 3540 2002 3613 quippe

420 3646 476 3702 in
510 3658 622 3714 quo
661 3640 932 3696 altissime
977 3635 1166 3691 odium
1203 3634 1503 3705 religionis
1542 3641 1746 3688 nostrae
1787 3631 2004 3686 radices

343 3801 350 3808 _
419 3737 634 3808 egerit;
671 3734 838 3800 idque
866 3731 981 3802 ipse
1013 3728 1098 3785 sic
1128 3743 1241 3800 prae
1265 3742 1324 3783 se
1349 3725 1500 3781 tulit.
1524 3725 1764 3814 froinde
1785 3724 2002 3780 etiamsi

421 3827 602 3899 palam
640 3827 758 3896 ipse
801 3823 1246 3896 persecutionem
1297 3837 1406 3876 non
1450 3829 1758 3882 exerceret.
1800 3819 2004 3874 nihilo-

421 3920 605 3974 minus
661 3927 844 3972 tamen
900 3914 1202 3970 Christiani
1259 3913 1460 3984 passim
1514 3929 1542 3968 a
1596 3912 1760 3983 vulgo
1808 3926 2002 3984 grav-es

418 4018 758 4080 acceperunt
803 4008 1012 4062 clades.
1054 4005 1202 4061 Fana
1240 4006 1388 4060 enim
1426 4003 1742 4061 Grmcorum
1787 4005 2002 4074 aperie-

417 4102 656 4167 bantur,
719 4113 776 4155 et
836 4097 1259 4153 simulacrorum
1337 4095 1662 4168 superstitio
1732 4097 1998 4166 applausu

418 4193 662 4248 maximo
685 4191 1118 4262 approbabatur.
1151 4190 1274 4260 Ipse
1305 4201 1489 4246 autem
1520 4189 1825 4260 publicitus
1846 4203 2000 4244 sacra

418 4299 516 4339 sua
550 4287 765 4356 peregit
795 4301 808 4339 :
841 4294 898 4339 ct
929 4281 1441 4352 Constantinopoli,
1472 4282 1732 4336 Fortunae
1763 4283 1819 4336 in
1858 4281 2003 4335 basi-

417 4377 546 4440 lica,
575 4377 668 4431 ubi
699 4377 820 4445 ejus
851 4375 968 4431 dea:
995 4385 1175 4430 statua
1198 4374 1466 4429 collocata
1497 4371 1700 4435 fuerat,
1726 4374 2004 4428 sacrifica-

417 4472 520 4524 vit.
551 4469 653 4526 Ubi
682 4470 848 4524 etiam
897 4467 1062 4521 Maris
1094 4463 1466 4520 Chalcedonis
1502 4464 1556 4518 in
1591 4463 1846 4535 Bithynia
1877 4465 2002 4532 epi-

2183 2991 2420 3044 Πλεῖστα
2445 2991 2500 3046 δὲ
2529 2993 2622 3046 καὶ
2649 2995 2784 3050 ἄλλα
2812 2997 3062 3062 τοιαῦτα,
3093 3001 3162 3054 τὰ
3191 3001 3293 3071 μὲν
3327 3003 3688 3074 προστάγμα-

2113 3100 2188 3148 σι,
2221 3085 2290 3138 τὰ
2317 3083 2378 3137 δὲ
2405 3086 2496 3138 καὶ
2525 3087 2717 3158 δήμων
2746 3089 3076 3158 αὐτομάτοις
3124 3095 3478 3160 προπετείαις
3505 3113 3564 3149 τε
3595 3101 3689 3150 καὶ

2111 3175 2520 3230 ὲπαναστάσεσι
2583 3179 2860 3250 συμϐῆναι
2891 3184 3074 3247 εἰκᾴςο
3133 3181 3210 3237 ὧν
3263 3186 3434 3250 αἴτιος
3479 3191 3689 3254 ἐκεῖνος

2109 3267 2346 3336 μάλιστα
2367 3263 2455 3340 ἦν.
2499 3269 2526 3320 6
2552 3269 2628 3341 μὴ
2661 3272 2882 3326 κολάσει
2912 3275 3098 3346 νόμων
3130 3277 3359 3345 ὑπάγων
3390 3281 3516 3344 τοὺς
3545 3281 3687 3334 οὕτω

2106 3355 2348 3428 δρῶντας
2385 3359 2709 3428 παράνομα,
2739 3362 2900 3432 μέχρι
2929 3364 2986 3416 δὲ
3013 3363 3189 3432 λόγων
3217 3366 3316 3436 τὴν
3343 3367 3688 3438 μέμψινὲπι·

2106 3449 2299 3515 τιθεὶς,
2335 3450 2519 3520 ἔργοις
2571 3455 2969 3524 προύτρέπετο,
3005 3458 3098 3510 ἅτε
3133 3459 3202 3530 δὴ
3232 3459 3372 3528 πρὸς
3402 3461 3564 3530 βάθος
3599 3464 3684 3515 ἐν·

2105 3542 2332 3612 τετηκδς
2355 3545 2413 3596 τδ
2445 3543 2581 3612 πρὸς
2608 3544 2709 3614 τὴν
2739 3546 3040 3618 θρησκείαν
3076 3553 3234 3620 μῖσος
3259 3551 3464 3622 αὐχῶν.
3495 3553 3686 3612 Ἔνθεν

2105 3649 2186 3685 τοι
2215 3635 2311 3686 καὶ
2365 3634 2440 3704 μὴ
2475 3636 2770 3706 προφανῶς
2812 3639 3022 3692 ἐκείνου
3051 3641 3211 3712 δῆθεν
3241 3643 3554 3711 διώκοντος,
3591 3650 3683 3698 οὐ·

2100 3721 2193 3773 -δὲν
2222 3716 2386 3792 ἦττον
2412 3724 2460 3776 οἱ
2484 3724 2804 3794 Χριστιανοὶ
2832 3727 3024 3798 δήμων
3056 3728 3338 3786 ὲπιθὲσεσι
3366 3734 3432 3788 τὰ
3459 3735 3683 3787 πάνδει-

2105 3833 2174 3870 να
2206 3815 2468 3888 ἔπασχον.
2527 3818 2608 3872 Τὰ
2645 3819 2744 3888 μὲν
2795 3823 2905 3892 γὰρ
2953 3821 3063 3875 τῶν
3103 3822 3370 3896 Ἐλλήνων
3403 3827 3684 3896 ἡνοίγοντο

2109 3905 2266 3976 ἱερὰο
2325 3906 2477 3960 καὶὸ
2543 3909 2901 3982 Ἐλληνισμὸς
2949 3913 3032 3976 ὡς
3095 3913 3332 3984 μάλιστα
3381 3919 3678 3988 ἐκροτεῖτο.

2117 3995 2356 4062 Ἐκεῖνος
2409 4000 2465 4053 δὲ
2497 4003 2592 4054 καὶ
2624 4003 2862 4074 δημοσίᾳ
2893 4005 2990 4066 τὰς
3021 4006 3212 4072 Θυσίας
3261 4010 3434 4063 ἐτέλει
3457 4025 3472 4042 ⁸
3505 4015 3596 4064 καὶ
3624 4011 3682 4064 ὲν

2105 4090 2174 4160 τῇ
2215 4089 2472 4161 βασιλικῇ
2505 4093 2558 4145 δὲ
2585 4099 2653 4164 τῇ
2689 4097 2784 4164 τῆς
2817 4098 3453 4166 Κωνσταντινουπόλεως
3483 4103 3681 4156 ἑπέθυσ

2107 4179 2283 4252 Τύχῃ,
2308 4183 2442 4235 ὅπου
2470 4185 2533 4255 δὴ
2581 4187 2770 4240 καὶτὸ
2817 4190 2918 4259 τῆς
2954 4193 3134 4262 Τύχης
3181 4195 3402 4266 ἄγαλμα
3457 4195 3678 4267 ἵδρυτο·

2107 4273 2238 4328 ἔνθα
2273 4277 2369 4330 καὶ
2417 4280 2598 4349 Μάρις
2629 4283 2656 4334 ὀ
2709 4283 2805 4352 τῆς
2833 4284 2892 4337 ὲν
2921 4283 3144 4359 Βιθυνίᾳ
3187 4288 3530 4358 Χαλκηδόνος
3560 4293 3683 4346 ὲπί-

2105 4382 2308 4430 σκοπος
2341 4369 2446 4421 ὑπὸ
2473 4372 2800 4444 χειραγωγῴ
2853 4376 3116 4445 ἠγμένος,
3144 4375 3212 4450 ἦν
3245 4382 3354 4453 γὰρ
3383 4382 3459 4454 τῷ
3503 4385 3684 4457 πολλῷ

2105 4460 2258 4530 γήρᾳ
2291 4461 2558 4532 ὑπόχυσιν
2607 4466 2717 4520 τῶν
2769 4467 3066 4540 ὀφθαλμῶν
3097 4475 3404 4542 πεπονθὼς,
3453 4478 3684 4534 πλεῖστα

419 4577 645 4631 ες-οιιυε,
684 4576 853 4614 manu
886 4574 914 4613 a
958 4574 1136 4628 puero
1185 4573 1252 4612 eo
1301 4556 1524 4622 ductus,
1565 4556 1714 4626 quod
1753 4557 1806 4610 in
1845 4566 2002 4611 aetate

2110 4554 2202 4604 τὸν
2231 4554 2536 4622 κρατοῦντα
2567 4557 3012 4632 διεκωμῲδησεν,
3047 4565 3222 4638 ὰσεόἦ
3271 4569 3363 4621 καὶ
3394 4569 3555 4624 ἄθεον
3590 4577 3685 4626 καὶ

417 4654 704 4723 decrepita
743 4651 978 4706 sull‘usio
1029 4651 1316 4705 oculorum
1370 4648 1591 4703 videndi
1633 4649 1741 4702 vim
1784 4648 1836 4704 ei
1871 4647 1999 4703 ade-

419 4744 634 4808 πίεται,
683 4743 1078 4812 imperatorem
1133 4740 1436 4812 plurimum
1479 4739 1720 4804 laxavit,
1771 4739 1996 4808 impium

415 4849 565 4895 cum,
611 4843 1054 4903 contemptorem
1111 4829 1230 4897 ltei,
1271 4841 1324 4886 et
1356 4831 1720 4898 desertorem,
1762 4831 1998 4901 ignomi-

415 4927 572 4982 niose
608 4926 915 4996 appellans.
951 4925 1063 4997 46
1093 4924 1174 4979 Ad
1211 4941 1332 4995 quae
1377 4940 1487 4978 non
1530 4922 1677 4978 aliud
1722 4938 1818 4994 per
1858 4924 1995 4977 iram

415 5018 723 5086 respondit,
759 5030 922 5086 quam
959 5018 1106 5086 quod
1138 5017 1440 5071 caecitatem
1475 5016 1592 5069 seni
1629 5013 1992 5083 exprobrans,

413 5109 604 5163 verbis
648 5117 861 5162 tantum
895 5108 1189 5186 illumdest
1239 5108 1411 5186 ultus,
1449 5117 1506 5161 et
1535 5107 1684 5176 quod
1716 5105 1993 5160 Christum

411 5201 762 5271 blasphemia
793 5209 849 5254 ct
878 5183 1172 5253 maledicto
1205 5185 1607 5268 perstringens,
1643 5212 1753 5252 non
1784 5207 1991 5252 tantum

411 5307 540 5345 eun.
608 5275 778 5363 posse
817 5290 996 5354 dixit,
1049 5305 1212 5360 quem
1269 5289 1358 5344 ille
1415 5289 1656 5354 coleret,
1706 5287 1989 5346 Galilaeam

413 5385 609 5446 llt’llttl,
637 5393 696 5438 ut
727 5383 962 5438 c:reitati
995 5383 1114 5454 ejus
1143 5381 1482 5438 mederetur.
1512 5381 1606 5439 Sic
1623 5383 1776 5440 enim
1805 5385 1910 5440 hoc
1940 5386 1988 5440 ei

412 5480 662 5531 StiiClnlle
709 5487 850 5539 erat,
887 5487 946 5529 ut
988 5474 1270 5530 Christum
1303 5475 1610 5544 Galilaeam,
1641 5475 1992 5532 Christianos

410 5579 596 5622 autem
650 5567 904 5624 Galilaos
961 5579 1204 5624 vocaret.
1254 5567 1356 5624 Cui
1409 5569 1741 5639 episcopus,
1795 5584 1989 5640 magna

409 5669 548 5710 usus
583 5659 814 5713 dicendi
854 5661 1135 5724 libertate,
1171 5672 1475 5714 occurrens
1510 5675 1524 5714 :
1563 5677 1582 5710 ι
1633 5658 1870 5727 Gratias,
1905 5662 1990 5714 in-

407 5753 548 5817 quit,
581 5765 682 5821 ago
714 5750 994 5807 Scrt‘ator‘i
1026 5764 1150 5805 meo
1183 5751 1316 5814 Deo,
1343 5749 1439 5818 qui
1475 5757 1534 5803 ut
1563 5749 1741 5804 visum
1773 5755 1987 5808 amitte-

405 5857 545 5910 rem,
583 5861 685 5915 pro
731 5861 796 5900 eo
848 5857 1009 5914 atque
1061 5860 1210 5898 nunc
1249 5859 1336 5898 res
1386 5842 1608 5909 habent,
1651 5845 1879 5910 cu'arit,
1915 5860 1983 5900 ne

2104 4643 2422 4732 ἀποστάτην
2453 4647 2644 4702 τοῦτον
2675 4651 2928 4724 ὑϐρίσας.
2964 4655 3025 4708 Ὃ
3051 4657 3108 4710 δὲ
3137 4661 3308 4730 μηδὲν
3341 4661 3470 4714 ἄλλο
3507 4681 3682 4733 προσ-

2102 4737 2353 4805 οχυίσας,
2383 4740 2483 4810 τὴν
2530 4741 2808 4810 τύφλωσιν
2859 4745 3107 4802 ὠνείδισε
3145 4751 3224 4820 τῷ
3256 4753 3560 4825 πρεσϐύτῃ.
3593 4755 3681 4808 λό-

2101 4845 2218 4896 γοις
2254 4832 2435 4898 μόνοις
2461 4833 2628 4890 αὐτὸν
2656 4837 3000 4908 ἀμυνόμενος
3013 4857 3036 4907 ,·
3079 4843 3176 4895 καὶ
3202 4843 3566 4895 ἐπισκώπτων
3597 4846 3678 4904 εις
3705 4855 3708 4859 ‘

2099 4923 2339 4990 Χριστὸν
2392 4927 2771 4998 ὲϐλασφήμεν
2824 4939 2914 4986 καὶ
2943 4935 3079 5004 μηδὲ
3111 4937 3220 4998 τὸν,
3255 4935 3313 4988 ὃν
3343 4937 3538 5000 σέϐεις,
3574 4936 3679 4988 Γα-

2100 5015 2308 5076 λιλαῖον
2332 5016 2470 5070 Θεὸν
2501 5021 2730 5074 δυνατὸν
2754 5017 2896 5076 εἶναι
2937 5024 3290 5095 θεραπεύειν,
3343 5027 3440 5094 τὴν
3482 5025 3678 5094 πήρω-

2101 5127 2187 5163 σιν
2211 5111 2456 5164 ἐπειπών
2478 5129 2494 5145 ο
2521 5112 2670 5168 οὕτω
2702 5117 2809 5186 γὰρ
2834 5111 2904 5187 ἦν
2930 5116 3122 5182 εἰωθὸς
3151 5117 3344 5188 ἐκείνῳ
3393 5117 3678 5173 Γαλιλαῖον

2101 5201 2201 5272 μὲν
2249 5204 2342 5257 τὸν
2376 5205 2634 5277 Χριστὸν,
2676 5211 2804 5274 τοὺς
2846 5208 2893 5263 δ’
2921 5210 2980 5276 ἐξ
3011 5209 3177 5264 αὐτοῦ
3225 5211 3543 5278 Γαλιλαίους
3577 5230 3680 5267 κα-

2097 5292 2242 5346 λεῖν·
2278 5298 2307 5348 ό
2329 5295 2377 5349 δ’
2404 5297 2703 5363 ἐπίσκοπος
2760 5303 3049 5374 παρρησία
3106 5305 3478 5377 χρησάμενος,
3538 5309 3678 5378 πρὸς

2095 5386 2268 5440 ταῦτα
2297 5387 2574 5459 ὑπήντησε
2605 5409 2620 5424 ι
2669 5410 2688 5442 ι
2719 5393 2895 5465 Χάριν
2927 5394 3036 5465 ἔχω
3055 5436 3069 5460 ,
3108 5401 3265 5468 φησι,
3301 5401 3377 5471 τῷ
3405 5402 3526 5472 ἐμῷ
3567 5420 3676 5458 σω-

2094 5478 2225 5549 τῆρι
2256 5479 2394 5552 Θεῷ,
2449 5482 2525 5552 μὴ
2553 5484 2790 5554 βλέπειν,
2819 5488 2884 5542 τό
2912 5505 2974 5556 γε
3005 5491 3101 5544 νῦν
3135 5493 3280 5562 ιχον,
3315 5499 3675 5566 παρασκευὰ-

2095 5587 2274 5632 σαντι,
2301 5571 2387 5624 ἵνα
2414 5573 2488 5640 μὴ
2519 5573 2579 5626 τὸ
2615 5575 2705 5628 σὺν
2736 5576 2830 5630 ἴδω
2860 5581 3187 5647 παμμίαρον
3216 5585 3508 5653 πρόσωπον
3537 5589 3675 5657 πρὸς

2092 5663 2350 5717 ἀσέϐειαν
2398 5665 2721 5722 ἀποκλῖναν.
2755 5687 2774 5721 ι
2847 5669 2904 5724 '0
2945 5670 3002 5724 δὲ
3046 5675 3108 5726 τὸ
3137 5677 3313 5742 πρᾶον
3347 5677 3511 5745 δῆθεν
3545 5679 3674 5733 ὑπο-

2091 5756 2437 5826 κρινόμενος,
2490 5759 2644 5812 οὑδὲν
2708 5761 3082 5834 ἀπεκρίνατο·
3131 5767 3322 5832 δεινῶς
3373 5771 3427 5822 δὲ
3465 5770 3583 5823 λίαν
3610 5771 3670 5824 τὸ

2092 5851 2323 5938 πραγμα
2359 5843 2684 5921 μετήρχετο.
2729 5853 2897 5920 Εἰδὼς
2929 5859 3032 5926 γὰρ
3061 5859 3196 5925 ,τοὺς
3226 5861 3313 5914 ἐπὶ
3348 5864 3666 5934 Διοκλητια-
