4054 6446
437 414 543 481 (θ’)

1669 430 2097 493 NICEPHORI
2133 433 2223 493 CA
2241 433 2485 494 LLIS'I'I

3615 433 3722 505 500

433 537 681 608 episcopi
730 535 866 594 dare
911 538 1111 604 solent,
1150 547 1210 594 ut
1256 539 1627 609 undecunque
1661 550 1717 596 et
1749 543 1817 597 ad
1852 557 2008 613 quos-

2126 541 2395 612 βασιλέως
2429 545 2748 615 ἐπιστολῆς,
2798 548 2864 617 ἦν
2909 544 3186 618 ’Ᾱρσακίῳ
3216 547 3295 620 τῷ
3327 555 3572 619 ἀρχιερεῖ
3602 552 3704 604 Γα-

430 648 652 701 ι-ιιηίιιιο
684 633 812 686 hinc
846 641 903 686 et
946 631 1072 687 inde
1119 632 1373 703 hospites
1410 634 1731 699 adveniant,
1761 635 2014 692 moribus

431 727 637 780 noStris
675 725 924 793 exceptis
971 726 1211 797 benigne
1246 737 1540 796 curentur,
1576 728 1808 797 perinde
1847 741 2014 799 atque

2124 638 2314 699 λατίας
2345 638 2688 703 ἀπέστειλεν,
2718 638 2796 701 ὡς
2823 635 2935 694 οἷόν
2974 657 3060 699 τε,
3093 641 3252 694 τοῦτο
3302 643 3472 706 δεῖξαι
3508 646 3706 713 πειρά-

2125 746 2315 800 σομαι.
2350 731 2560 799 Γράφει
2594 731 2648 784 δὲ
2679 730 2850 796 οὕτως
2873 751 2887 765 ⁸

431 820 548 872 noti
597 831 653 874 et
700 821 864 876 amici
909 836 1008 892 per
1053 833 1273 878 tesserae
1313 833 1370 878 et
1414 823 1554 894 signi
1597 823 1721 894 ejus
1764 824 2172 879 testimonium.
2238 826 2303 878 Et
2331 863 2346 887 ,
2420 835 2481 879 ut
2545 827 2876 896 simpliciter
2903 828 3404 900 dicam,ejusmodi
3438 835 3491 887 in
3525 834 3707 888 animo

427 925 655 966 versans
701 914 957 980 consilia,
993 916 1218 973 Graecos
1267 917 1461 972 eodem
1511 933 1624 988 quo
1695 917 2048 973 Christianos
2088 919 2254 972 modo
2287 919 2477 974 vivere
2521 920 2756 975 instituit
2796 937 3051 992 :eosqne
3084 925 3284 978 studiis
3317 935 3484 994 atque
3553 927 3707 980 insli-

427 1004 562 1058 tutis
591 1005 715 1060 aliis
750 1009 958 1063 nostris
989 1010 1273 1079 prepalam
1337 1023 1679 1075 assuescere,
1749 1019 1908 1064 extra
1984 1009 2237 1081 dogmata
2278 1019 2486 1074 tamen,
2518 1018 2576 1063 et
2610 1012 2814 1081 aequari
2852 1013 3014 1066 nobis
3049 1013 3245 1068 voluit.
3291 1016 3465 1070 Porro
3533 1017 3584 1071 id
3637 1019 3705 1072 ita

424 1118 484 1155 se
537 1101 766 1165 habere,
809 1119 876 1159 ex
925 1105 1100 1175 ipsius
1150 1107 1504 1177 imperatoris
1541 1106 1800 1174 epistola,
1842 1121 2008 1176 quam
2047 1106 2113 1159 ad
2185 1106 2500 1170 Arsacium,
2575 1121 2865 1163 sacrarunt
2901 1125 3130 1165 suorum
3177 1110 3232 1164 in
3271 1109 3480 1166 Galatia
3530 1114 3707 1183 pomi-

427 1197 619 1261 licem,
675 1196 860 1264 dedit,
908 1208 1177 1269 quantum
1229 1200 1394 1264 licet,
1444 1198 1757 1256 ostendam.
1807 1197 2014 1254 Scribit
2050 1207 2236 1252 autem
2272 1199 2340 1253 ad
2376 1199 2524 1255 hunc
2556 1200 2780 1256 modum
2815 1221 2829 1256 :

919 1311 1033 1384 43
1069 1312 1298 1368 CAPUT
1338 1313 1528 1368 χλιιι.

423 1405 668 1475 Epistola
709 1403 919 1458 Iuliani
959 1405 1030 1458 ad
1079 1405 1383 1472 Pontiﬁcem
1432 1406 1662 1463 Galatiae
1707 1403 2011 1468 Arsacium,

530 1485 587 1529 ut
610 1475 1038 1530 Christianorum
1069 1493 1236 1530 mores
1268 1478 1527 1530 imitando
1559 1483 1900 1530 consectetur.

505 1607 522 1639 ι
563 1588 754 1643 Grzeca
813 1589 1006 1659 religio
1059 1589 1307 1644 nondum
1363 1606 1429 1644 ex
1486 1594 1762 1647 sententia
1820 1598 2010 1644 nostra

426 1681 703 1750 procedit,
758 1683 923 1753 idque
973 1697 1169 1738 eorum
1215 1685 1312 1754 qui
1362 1700 1482 1740 eam
1537 1689 2009 1758 complectuntur.

2687 1319 2729 1371 K
2741 1317 2942 1373 ΕΦΑΛ.
2989 1321 3116 1375 KB'.

2136 1407 2466 1486 Ἐπιστολὴ
2487 1409 2858 1486 -Ἰουλλιαγοῦ
2901 1413 3193 1486 ’ᾼρσακίῳ
3213 1415 3482 1486 ἀρχιερεῖ
3506 1423 3706 1475 Γαλα-

2290 1479 2444 1545 τίας,
2475 1479 2633 1534 ὥστε
2661 1481 2891 1551 ἐπίσης
2923 1479 3070 1552 ἡμῖν
3097 1479 3548 1544 πόλιτὲὖεσθαι.

2194 1610 2214 1642 ι
2262 1592 2322 1645 ⁸0
2369 1593 2730 1663 Ἑλληνισμὸς
2756 1593 2913 1649 οὕπω
2947 1596 3177 1667 πράττει
3204 1601 3344 1654 κατά
3371 1599 3530 1669 λόγον
3550 1604 3709 1673 ἡμῶν

2115 1683 2278 1736 ἕνεκα
2302 1684 2414 1738 τῶν
2441 1685 2738 1754 μετιόντων
2768 1687 2955 1742 αὐτόν.
2989 1690 3070 1742 Τά
3098 1691 3209 1760 γὰρ
3237 1691 3348 1745 τῶν
3394 1693 3538 1747 θεῶν
3563 1695 3707 1763 λαμ-

427 1776 612 1843 culpa.
656 1751 978 1846 Amplitudo
1026 1777 1175 1830 enim
1214 1751 1270 1831 et
1304 1751 1714 1848 magnificentia
1755 1781 2008 1848 deorum,

2118 1779 2232 1846 πρά
2258 1776 2353 1829 καὶ
2395 1751 2634 1847 μεγάλα,
2676 1779 2968 1850 κρείττονα
2999 1751 3192 1851 πάσης.
3236 1783 3336 1852 μὲν
3369 1787 3558 1856 εὐχῆς,
3603 1751 3710 1841 πυά-

427 1874 612 1934 optata
650 1868 818 1921 etiam
858 1867 1045 1922 omnia
1082 1879 1139 1924 et
1169 1885 1322 1948 spem
1361 1885 1582 1927 omnem
1622 1873 1864 1930 excedit.
1902 1875 2009 1930 Sed

427 1957 667 2025 propitia
704 1958 775 2011 sit
807 1959 1013 2014 nostris
1043 1961 1401 2016 sermonibus
1429 1959 1682 2020 Nemesis
1715 1965 1816 2035 (l).
1860 1966 2009 2021 Tau-

426 2060 534 2104 tam
577 2066 820 2120 namque
857 2060 966 2106 tam
1000 2053 1154 2107 brevi
1189 2055 1576 2121 mutationem,
1611 2073 1681 2111 ne
1713 2060 1858 2114 votis
1888 2065 2014 2125 qui-

424 2143 549 2196 dem
589 2144 754 2213 paulo
791 2156 919 2199 ante
962 2158 1224 2216 expetere
1261 2149 1555 2219 quisquam
1591 2167 1762 2207 ausus
1793 2151 2008 2208 fuisset.

425 2237 568 2302 Quid
603 2238 808 2308 igitur?
841 2255 908 2292 an
944 2239 1198 2296 sullieere
1244 2241 1347 2296 ista
1385 2253 1687 2312 putamus:
1718 2261 1821 2302 nec
1848 2248 1914 2300 ad
1945 2262 2010 2301 ea

423 2331 780 2400 respicimus,
817 2345 941 2401 quae
987 2334 1229 2389 maxime
1275 2336 1615 2406 impietatem
1663 2337 2010 2408 deorumque

423 2433 808 2492 contemptum
850 2427 1160 2480 auxerunt?
1192 2427 1260 2481 ad
1291 2443 1412 2482 eam
1447 2429 1682 2493 scilicet,
1712 2447 1819 2501 qua
1849 2431 2014 2485 adve-

424 2530 528 2568 nas
571 2515 882 2586 excipimus
928 2517 1386 2587 hospitalitatem,
1420 2519 1487 2574 ad
1529 2535 1720 2575 curam
1766 2530 2012 2577 mortuo-

422 2622 562 2660 rum-
599 2609 1076 2676 sepeliendorum,
1105 2621 1273 2681 atque
1314 2612 1381 2666 ad
1427 2613 1605 2668 [ictam
1640 2614 1766 2669 vitae
1805 2613 2012 2669 sancti-

427 2703 669 2756 moni:-m
708 2721 720 2757 :
755 2719 992 2772 quorum
1029 2706 1463 2778 unumquodque
1506 2710 1650 2778 apud
1696 2725 1794 2763 nos
1827 2711 2014 2779 singu-

419 2791 524 2850 lari
561 2796 749 2851 studio
780 2813 910 2853 vere
948 2799 1067 2854 fieri
1105 2813 1362 2870 oportere
1411 2803 1675 2857 arbitror.
1717 2803 1831 2858 Nec
1875 2807 2010 2859 satis

419 2898 508 2942 est
543 2897 595 2943 te
633 2891 814 2946 solum
872 2894 1058 2959 talem,
1095 2911 1286 2950 verum
1333 2897 1503 2951 etiam
1543 2913 1738 2952 omnes
1782 2897 2010 2952 omnino

420 2983 517 3050 qui
567 2984 621 3038 in
671 2983 881 3040 Galatia
931 3001 1062 3044 sunt
1111 2989 1457 3050 sacerdotes.
1503 2992 1581 3045 tui
1629 2991 1839 3046 similes
1887 3006 2008 3046 esse

2117 1884 2218 1938 σης
2247 1869 2306 1922 δὲ
2335 1869 2584 1934 ἐλπίδος⁰
2633 1873 2794 1936 ἵλεως
2825 1873 2883 1926 δὲ
2918 1874 3061 1928 ἔστω
3092 1879 3203 1940 τοῖς
3239 1877 3422 1946 λόγοις
3454 1879 3616 1948 ἡμῶν
3672 1884 3703 1950 ἡ

2127 1958 2468 2031 Ἀδράστεια.
2516 1961 2627 2032 Τὴν
2657 1963 2767 2034 γὰρ
2812 1965 2871 2018 ὲν
2902 1965 3072 2036 ὀλίγῳ
3107 1967 3383 2037 τοσαύτην
3428 1971 3524 2022 καὶ
3557 1970 3706 2039 τηλιι

2114 2053 2325 2125 καύτην
2359 2055 2662 2126 μεταϐολὴν
2712 2058 2833 2110 οὐδὲ
2866 2057 3137 2122 εὔξασθαί
3164 2079 3252 2124 τις
3302 2062 3470 2134 ὀλίγῳ
3505 2069 3706 2133 πρότε-

2116 2163 2209 2216 ρον
2232 2146 2456 2241 ετόλμα.
2477 2147 2839 2241 Τί-οὖνῄμεῖς
2864 2152 3092 2221 οἰόμεθα
3113 2153 3287 2241 ξαῦτα
3314 2156 3507 2223 ἀρκεῖν
3530 2172 3544 2222 ;
3567 2159 3704 2210 Οὐδὲ

2114 2236 2505 2307 ἀποϐλέπομεν
2535 2238 2564 2290 δ
2600 2239 2846 2308 μάλιστα
2883 2242 2982 2311 τὴν
3016 2236 3292 2316 ἀθεότητα
3337 2247 3704 2316 συνηύξησεν,

2115 2332 2148 2398 ἡ
2179 2331 2312 2399 περὶ
2341 2331 2472 2396 τοὺς
2493 2331 2680 2398 ξένους
2699 2333 3114 2404 φιλανθρωπία,
3144 2339 3236 2390 καὶ
3261 2339 3295 2408 ἡ
3330 2340 3461 2407 περὶ
3489 2339 3589 2403 τὰς
3616 2357 3707 2391 ται-

2115 2423 2222 2492 φὰς
2273 2425 2384 2478 τῶν
2439 2427 2656 2496 νεκρῶν
2705 2429 3043 2498 προμήθεια,
3109 2430 3202 2482 καὶ
3257 2432 3292 2501 ἡ
3348 2434 3703 2502 πεπλασμένη

2117 2517 2387 2585 σεμνότης
2413 2518 2556 2570 κατὰ
2578 2517 2671 2570 τὸν
2707 2517 2844 2588 βίον.
2879 2516 2981 2573 Ὧν
3015 2521 3252 2574 ἕκαστον
3281 2522 3470 2590 οἴομαι
3503 2525 3705 2596 χρῆναι

2115 2610 2248 2678 παρ’
2277 2609 2438 2680 ἡμῶν
2469 2609 2687 2679 ἀληθῶς
2721 2611 3167 2681 ἐπιτηδεύεσθαι.
3209 2615 3317 2667 Καὶ
3345 2617 3448 2669 οὒκ
3483 2616 3706 2686 ἀπόχρη

2111 2702 2173 2754 τό
2202 2719 2260 2755 σε
2299 2702 2460 2771 μόνον
2486 2696 2630 2755 εἶναι
2653 2702 2920 2770 τοιοῦτον,
2953 2704 3092 2758 ἀλλὰ
3118 2706 3330 2769 πάντας
3365 2707 3704 2771 ἁπαξαπλῶς

2113 2793 2164 2846 οἳ
2205 2794 2334 2865 περὶ
2359 2794 2457 2864 τὴν
2506 2795 2782 2850 Γαλατίαν
2810 2798 2950 2850 εἰσὶν
2987 2798 3155 2868 ἱερεῖς
3178 2814 3194 2831 ⁸
3247 2798 3339 2862 οὓς
3370 2800 3402 2868 ἢ
3447 2799 3706 2870 δυσώπη-

2115 2901 2232 2951 σον,
2285 2886 2542 2954 ῆπεῖσον
2583 2882 2725 2941 εἶναι
2775 2889 3130 2954 σπουδαίους⁶
3195 2890 3225 2962 ἢ
3275 2891 3377 2959 τῆς
3417 2892 3706 2963 ἱερατικῆς

2114 2977 2462 3050 λειτουργίας
2492 2981 2849 3050 ἀπόστησον,
2886 2983 2936 3034 εί
3000 2983 3075 3054 μὴ
3112 2984 3512 3056 προσέρχονται
3565 2986 3704 3055 μετὰ

421 3076 731 3130 convenit:
781 3093 924 3147 quos
973 3079 1056 3134 vel
1112 3090 1347 3144 terrore,
1383 3082 1469 3136 vel
1526 3081 1906 3152 persuasione,
1950 3091 2008 3136 ut

2115 3071 2394 3138 γυναικῶν
2429 3074 2522 3124 καὶ
2577 3073 2787 3126 παίδων
2844 3075 2940 3127 καὶ
2982 3073 3343 3144 θεραπόντων
3377 3078 3490 3138 τοῖς
3521 3075 3662 3138 θεοῖς
3685 3113 3701 3139 ,

419 3166 584 3236 probi
618 3169 754 3234 sint,
787 3171 1088 3235 adducito,
1118 3184 1214 3228 aut
1246 3175 1390 3229 sacri
1439 3175 1734 3229 ministerii
1773 3175 2011 3231 functio-

419 3274 547 3315 nem
577 3277 674 3316 eos
705 3263 986 3334 deponere
1019 3267 1238 3336 cogito;
1269 3267 1542 3337 siquidem
1580 3284 1688 3322 una
1719 3283 1842 3324 cum
1879 3285 2013 3325 con-

416 3353 669 3422 jngibns,
703 3355 897 3411 liberis
934 3369 990 3412 et
1037 3360 1216 3413 servis
1261 3358 1326 3413 ad
1377 3359 1610 3414 deorum
1647 3361 1859 3416 cultum
1897 3377 2009 3417 non

419 3452 787 3512 accesserint,
822 3449 918 3504 sed
957 3467 1147 3505 servos
1177 3465 1272 3506 aut
1305 3453 1514 3509 liberos
1544 3463 1640 3510 aut
1673 3471 1874 3510 uxores
1907 3455 2012 3510 Ga-

418 3537 591 3594 lilmas
639 3543 1008 3606 retinuerint;
1046 3544 1253 3613 quippe
1297 3560 1426 3616 erga
1473 3546 1606 3602 deos
1653 3548 1803 3617 ipsos
1843 3548 2010 3617 impie

421 3646 480 3685 se
525 3641 809 3700 gerentes,
859 3642 1354 3706 contemptumque
1407 3637 1640 3692 deorum
1686 3640 1860 3694 cultui
1911 3654 2007 3693 eo-

422 3724 676 3792 rumdem
727 3725 1108 3793 praeferentes.
1166 3728 1371 3784 Deinde
1433 3732 1777 3785 sacerdotem
1817 3746 2010 3800 quem-

419 3833 530 3886 que
561 3819 880 3883 cohortare,
905 3835 973 3874 ne
1002 3821 1055 3875 in
1088 3822 1308 3876 theatro
1336 3824 1735 3893 conspiciatur,
1764 3839 1832 3877 ne
1862 3822 2006 3893 apud

419 3925 703 3980 caupones
738 3921 911 3982 potet,
950 3928 1088 3969 neve
1117 3915 1224 3969 arti
1257 3914 1518 3985 cuiquam
1563 3925 1660 3969 aut
1693 3931 1876 3985 opera:
1909 3931 2008 3984 pu-

418 4003 614 4059 tleltdan
651 4015 707 4059 et
741 4005 1124 4076 ignominiosa:
1157 4008 1364 4077 praesit.
1411 4008 1478 4062 Et
1525 4023 1734 4063 morem
1781 4007 2005 4077 quidem

417 4104 676 4167 gerentes
706 4098 915 4154 honore
947 4115 1305 4170 prosequere,
1338 4101 1576 4155 rebelles
1604 4115 1738 4153 vero
1773 4114 1802 4153 a
1837 4109 1888 4153 te
1922 4115 2008 4154 re-

422 4194 592 4260 pelle.
639 4193 696 4247 In
745 4195 882 4248 urbe
915 4210 1137 4264 quaque
1186 4194 1494 4264 frequentia
1529 4193 1596 4247 ad
1639 4191 2007 4263 excipiendos

423 4286 663 4356 benigne
691 4287 938 4357 hospites
987 4286 1330 4341 xenodochia
1383 4295 1623 4351 exstrue,
1675 4296 1734 4340 ut
1779 4286 2008 4341 advenae

417 4395 528 4432 non
573 4393 778 4435 nostra:
829 4387 1044 4433 tantum
1098 4377 1405 4449 religionis,
1445 4378 1541 4432 sed
1596 4378 1763 4433 alieni
1813 4378 2002 4442 etiam,

2114 3163 2228 3216 ἀλλ’
2282 3163 2563 3233 ἀνέχοιντο
2611 3166 2722 3217 τῶν
2776 3167 3072 3238 οἰκετῶνῆ
3113 3169 3299 3230 υίέων,
3335 3170 3369 3239 ἢ
3404 3170 3511 3222 τῶν
3544 3169 3704 3220 Γαλι-

2113 3252 2278 3306 λαίων
2331 3254 2615 3320 γαμετῶν,
2685 3256 3031 3310 ἀσεϐούντων
3083 3258 3186 3326 μὲν
3219 3258 3301 3322 είς
3355 3261 3481 3322 τοὺς
3522 3259 3699 3322 θεοὺς,

2113 3346 2382 3416 ἀθεότητα
2411 3348 2467 3400 δὲ
2503 3347 2818 3411 θεοσεϐείας
2867 3348 3289 3419 προτιμώντων.
3333 3351 3569 3404 ΙἸεῐπειτα
3598 3368 3705 3404 πα·

2116 3440 2368 3507 ραίνεσον
2401 3442 2574 3509 ἱερέα,
2617 3441 2757 3508 μήτε
2788 3444 2846 3494 ἐν
2880 3441 3094 3512 θεάτρῳ
3132 3441 3526 3512 παραϐάλλειν,
3564 3445 3703 3512 μήτε

2112 3533 2170 3584 ὲν
2194 3533 2481 3602 καπηλείῳ
2516 3533 2719 3594 πίνειν,
2771 3533 2803 3603 ἢ
2855 3534 3053 3604 τέχνης
3092 3533 3238 3596 τινὸς
3294 3534 3387 3586 καὶ¹
3438 3534 3706 3603 ἐργασίας

2113 3628 2346 3696 αίσχρᾶς
2399 3629 2497 3681 καὶ
2554 3627 2926 3679 ἐπονειδίστου
2985 3627 3378 3696 προΐστασθαι.
3415 3629 3524 3681 Καὶ
3578 3629 3706 3690 τοὺς

2117 3719 2217 3787 μὲν
2236 3718 2599 3788 πειθομένους
2633 3719 2792 3789 τίμα,
2821 3721 2948 3781 τοὺς
2969 3719 3028 3772 δὲ
3065 3721 3439 3780 ἀπειθοῦντας
3488 3720 3701 3786 ἐξώθει.

2110 3810 2428 3881 Ξενοδοχεῐα
2461 3811 2588 3864 καθ’
2620 3812 2862 3880 ἑκάστην
2901 3813 3058 3865 πόλιν
3099 3815 3448 3884 κατάστησον
3489 3812 3700 3866 πυκνά·

2112 3903 2199 3956 ἵνα
2234 3903 2622 3957 ἀπολαύσωσιν
2673 3907 2720 3957 οἱ
2758 3904 2901 3971 ξένοι
2933 3907 3032 3970 τῆς
3059 3906 3189 3978 παρ’
3215 3905 3372 3977 ἡμῶν
3403 3907 3706 3974 φιλανθρωο

2110 3995 2238 4058 πίας
2257 4011 2271 4024 ·
2305 3993 2366 4047 οὑ
2396 3995 2507 4048 τῶν
2537 3995 2829 4066 ἡμετέρων
2861 3997 3047 4064 μόνον,
3075 3997 3213 4052 ἀλλὰ
3237 4001 3330 4052 καὶ
3363 3997 3474 4052 τῶν
3521 3999 3701 4052 ἄλλων

2087 4086 2260 4149 ὅστις
2293 4087 2360 4140 ἂν
2389 4087 2557 4156 δεηθῇ
2582 4105 2595 4118 ’
2632 4087 2936 4158 χρημάτων
2964 4089 3011 4142 δ’
3057 4090 3182 4143 ὅθεν
3206 4091 3559 4160 εὐπορήσεις.
3585 4091 3705 4141 ἐπι-

2110 4179 2364 4250 νενόηταί
2395 4197 2487 4248 μοι
2515 4179 2674 4242 τέως.
2724 4178 2996 4234 Ἐκάστου
3037 4183 3146 4250 γὰρ
3177 4181 3431 4236 ἐνιαυτοῦ
3461 4198 3698 4250 τρισμυ-

2113 4273 2265 4343 ρίους
2300 4272 2516 4342 μοδίους
2567 4273 2710 4325 κατὰ
2743 4274 2927 4326 πᾶσαν
2978 4273 3080 4345 τὴν
3118 4274 3386 4328 Γαλατίαν
3437 4275 3701 4327 ἐκέλευσα

2111 4362 2334 4432 δοθῆναι
2360 4363 2531 4426 σίτου,
2563 4362 2656 4415 καὶ
2685 4361 3118 4432 ἑξακισμυρίους
3153 4365 3299 4418 οῐνου
3331 4364 3550 4430 ξέστας.
3591 4360 3694 4420 Ἦν

417 4472 743 4541 quicunque
789 4470 1077 4541 petierint,
1114 4477 1210 4522 aut
1258 4467 1622 4538 indiguerint,
1659 4468 2006 4523 humanitate

2114 4457 2167 4507 τὸ
2191 4460 2443 4524 πέμπτον
2474 4455 2572 4525 μὲν
2603 4455 2684 4518 εἰς
2715 4458 2841 4519 τοὺς
2873 4457 3112 4527 πένητας
3146 4459 3275 4521 τοὺς
3305 4460 3419 4521 τοῖς
3461 4457 3697 4529 ἱερεῦσιν

417 4575 609 4618 nostra
641 4564 1022 4633 perfruantur.
1057 4560 1214 4616 Unde
1240 4573 1426 4616 autem
1453 4561 1519 4615 ad
1547 4577 1669 4616 eam
1700 4577 1816 4617 rem
1845 4577 2010 4633 pecu-

415 4656 509 4709 nia
557 4656 898 4725 suppeditet,
943 4653 1229 4725 provisum
1268 4655 1400 4708 mihi
1441 4664 1547 4710 est.
1581 4654 1828 4724 Triginta
1858 4655 2007 4708 enim

418 4750 590 4803 millia
653 4750 965 4804 modiorum
1025 4749 1326 4808 frumenti.
1379 4757 1434 4804 et
1497 4750 1779 4818 sexaginta
1839 4748 2009 4802 millia

415 4842 786 4898 sextariorum
820 4843 956 4904 vini,
989 4844 1292 4914 quotannis
1329 4843 1381 4896 in
1414 4857 1542 4896 eum
1579 4856 1740 4896 usum
1773 4856 1872 4911 per
1897 4841 2008 4896 Ga-

413 4935 603 4989 latiam
657 4934 900 4989 conferri
952 4937 1128 5006 jussi;
1180 4944 1235 4990 et
1281 4935 1532 5004 quintam
1590 4934 1756 5006 hujus
1809 4933 2000 4988 tributi

415 5036 636 5096 partem
691 5028 1031 5096 pauperibus
1081 5027 1176 5097 qui
1231 5027 1618 5081 sacerdotibus
1669 5025 2002 5090 inserviunt,

415 5119 534 5172 dari
572 5136 586 5174 :
624 5118 898 5187 reliquum
933 5129 1117 5174 autem
1151 5133 1318 5172 omne
1345 5118 1575 5173 advenis
1605 5130 1660 5174 et
1689 5117 2007 5188 hospitibus

418 5211 654 5280 aliisque
694 5213 1014 5282 petentibus
1056 5227 1085 5265 a
1128 5212 1291 5266 nobis
1325 5212 1494 5267 dividi
1540 5213 1747 5268 debere
1779 5227 2002 5266 censeo.

419 5305 608 5372 'l'nrpe
639 5304 911 5372 siquidem
942 5314 1110 5367 esset,
1137 5319 1262 5358 cum
1293 5304 1436 5359 inter
1465 5307 1686 5361 Judaaos
1718 5303 2007 5358 mendicus

421 5412 531 5448 non
581 5395 673 5459 sit,
717 5405 772 5448 et
819 5395 974 5462 impii
1024 5395 1232 5450 Galilmi
1285 5413 1395 5452 non
1447 5412 1582 5452 Suos
1631 5402 1865 5456 tantum,
1911 5393 2004 5447 sed

417 5495 643 5540 nostros
675 5487 842 5540 etiam
875 5486 1130 5542 homines
1167 5487 1337 5554 alant,
1375 5489 1417 5542 si
1455 5502 1615 5556 opem
1650 5495 1705 5540 et
1739 5486 2006 5538 auxilium

419 5589 674 5636 nostrum
727 5582 1012 5651 requirere
1064 5583 1239 5636 nostri
1292 5580 1633 5636 viderentur.
1682 5577 1796 5650 5.9
1836 5577 2010 5632 Porro

2108 4548 2594 4617 ὑπηρετουμένους
2629 4548 3020 4602 ἀναλίσκεσθαί
3063 4567 3209 4621 φημι
3259 4551 3490 4622 χρῆναι·
3529 4551 3597 4603 τὰ
3640 4550 3698 4604 δὲ

2109 4642 2249 4697 ἄλλα
2278 4643 2390 4702 τοῖς
2420 4641 2590 4704 ξένοις
2625 4643 2720 4694 καὶ
2765 4643 2879 4704 τοῖς
2919 4643 3276 4710 μεταιτοῦσιν
3328 4643 3696 4714 ἐπινέμεσθαι

2112 4735 2242 4804 παρ’
2270 4734 2450 4802 ἡμῶν.
2485 4734 2721 4804 Αἰσχρδν
2761 4735 2893 4805 γὰρ,
2923 4736 2976 4786 εί
3024 4735 3136 4788 τῶν
3174 4736 3275 4806 μὲν
3309 4737 3587 4789 Ἰουδαίων
3613 4738 3697 4788 οὑ-

2109 4832 2220 4893 δεὶς
2260 4833 2528 4901 μεταιτεῖ,
2575 4835 2840 4902 τρέφουσι
2892 4832 2950 4886 δὲ
2980 4835 3029 4888 οί
3083 4832 3364 4898 δυσσεὸεἶς
3423 4834 3691 4888 Γαλιλαῖοι

2115 4925 2256 4993 πρὸς
2284 4926 2398 4988 τοῖς
2429 4925 2642 4978 ἑαυτῶν
2669 4925 2764 4978 καὶ
2798 4928 2926 4988 τοὺς
2957 4927 3263 4998 ἡμετέρους
3284 4943 3297 4956 '
3329 4929 3379 4980 οἱ
3415 4928 3471 4980 δὲ
3497 4925 3692 4996 ἡμέτε-

2119 5035 2203 5086 ροι
2237 5017 2336 5086 τῆς
2379 5018 2509 5088 παρ’
2563 5018 2721 5088 ἡμῶν
2767 5018 3094 5088 ἐπικουρίας
3140 5019 3344 5082 ἐνδεεῖς
3399 5019 3693 5088 φαίνοιντο.

2117 5110 2348 5163 Δίδασκε
2378 5109 2459 5175 δὲ,
2506 5111 2599 5162 καὶ
2634 5111 3014 5180 συνεισφέρειν
3042 5111 3171 5174 τοὺς
3214 5109 3567 5181 Ἐλληνιστάς
3619 5110 3698 5170 εἰς

2114 5203 2213 5266 τὰς
2243 5203 2504 5266 τοιαύτας
2536 5201 2904 5271 λειτουργίας,
2947 5202 3044 5256 κα)⁸
3095 5203 3194 5266 τὰς
3234 5201 3558 5271 Ἑλληνικὰς
3592 5199 3700 5252 κώ-

2119 5312 2224 5362 μας
2254 5293 2605 5363 ἀπάρχεσθαι
2645 5294 2756 5356 τοῖς
2807 5291 2948 5354 θεοῖς
2981 5291 3090 5346 τῶν
3118 5293 3351 5361 καρπῶν
3374 5309 3387 5321 ·
3446 5291 3541 5342 καὶ
3571 5289 3698 5351 τοὺς

2126 5387 2474 5460 Ἑλληνικοὺς
2507 5388 2626 5448 ταῖς
2669 5386 2950 5448 τοιαύταις
2992 5386 3264 5450 εὐποιίαις
3313 5383 3697 5454 προεθιζεβι-

2115 5481 2332 5535 δάσκων
2362 5480 2582 5546 αὐτοὺς,
2611 5480 2686 5542 ὡς
2717 5476 2879 5532 τοῦτο
2921 5477 3089 5530 παλαι
3118 5473 3184 5548 ἦν
3210 5477 3481 5548 ἡμέτερον
3510 5474 3698 5544 ἔργον.

2119 5574 2370 5644 Ὄμηρος
2400 5572 2534 5642 γοῦν
2553 5572 2688 5625 αὐτὸ
2719 5570 3022 5641 πεποίηκεν
3053 5571 3296 5640 Εὔμαιον
3329 5569 3580 5635 λεγοντα⁹

417 5675 628 5730 Graecae
668 5675 956 5748 religionis
993 5673 1404 5741 observatores,
1439 5680 1498 5725 ut
1528 5675 1596 5726 ad
1633 5670 2004 5726 ministerium
2047 5666 2365 5739 hujusmodi
2408 5663 2620 5736 aliquid
2669 5663 2840 5719 etiam
2890 5664 3225 5720 conferant:
3291 5671 3348 5717 et
3382 5662 3535 5716 vicos
3604 5673 3702 5713 eo-

488 5837 566 5904 (i)
608 5839 933 5905 Ἀδράστεια
965 5835 1172 5905 εἴργοιε
1204 5837 1493 5905 στομάτων
1524 5831 1720 5905 φθόνον
1747 5846 1762 5861 °
1823 5840 1898 5896 et,
1939 5831 2003 5885 σὺ

2114 5830 2124 5846 ⁵
2157 5825 2460 5900 ἀδριιστείᾳ
2487 5826 2684 5898 λέγων.
2721 5825 2969 5898 Euripid.
3004 5822 3252 5881 Adrastia
3286 5837 3459 5878 coerce
3487 5820 3704 5892 lingua-

418 5903 541 5966 rum
568 5903 845 5966 invidiam.
888 5903 1245 5967 Cttm'iuridiu
1280 5904 1431 5961 rcrba
1466 5903 1684 5973 faciens.
