4054 6460
381 405 476 468 501
1313 404 1923 469 ECCLESIASTICIE
1965 412 2356 474 lllS'l'ORHlI
2389 416 2537 476 LIB.
2585 415 2654 475 Χ.

3539 415 3655 480 502‘

374 532 521 576 rum.
561 525 622 570 ut
671 515 948 586 primitias
996 516 1213 586 frugum
1268 516 1379 570 diis
1453 515 1590 584 ipsis
1647 518 1987 586 persolvant,
2063 519 2232 584 doce;
2294 522 2658 591 hominesque
2709 521 2933 576 Graecos
2985 520 3182 577 olﬁciis
3236 532 3290 578 et
3341 522 3656 580 benefactis-

378 610 582 665 talibus
633 609 907 672 assuetae,
942 610 1250 679 antiquitus
1296 611 1471 664 nostri
1525 611 1696 664 moris
1743 611 2042 682 operisque
2095 614 2148 669 id
2214 615 2386 672 fuisse
2461 632 2559 672 eos
2601 615 2928 673 admonens.
2973 618 3249 672 Homerus
3316 619 3466 672 enim
3539 619 3657 673 Eu-

379 719 574 758 naeum
611 702 726 756 haec
756 702 830 756 ita
860 701 1136 756 dicentem
1170 702 1384 758 inducit
1416 722 1432 758 :

444 819 624 881 Ξεῖν“,
649 818 721 872 οὔ
759 834 857 885 μοι
889 817 1058 888 θέμις
1080 817 1232 887 ἐστ’,
1265 819 1391 875 οὔτ’
1427 821 1481 874 el
1506 819 1737 895 κακίων
1757 819 1948 895 ⁸σ’ἐξθιςιο·

2136 822 2359 894 Hospes,
2385 823 2468 878 vel
2496 825 2544 878 si
2569 832 2619 877 te
2653 834 2862 878 nostras
2886 828 3206 895 pertingeret
3240 827 3376 878 a'des

445 958 657 1012 Ξεῖνον
677 958 960 1026 ἀτιμάσαι
982 977 997 992 ο
1023 960 1173 1026 πρὸς
1204 960 1311 1029 γὰρ
1335 961 1470 1027 Διός
1499 889 1960 1026 είσιιὲἐέῖῗῗιϊτες

445 1029 644 1083 Ξεῖνοί
692 1045 756 1080 τε
788 1030 1012 1095 πτωχοί
1051 1046 1134 1083 τε.

446 1105 626 1164 Λύσις
657 1098 713 1151 δ’
744 1099 921 1168 ὀλίγη
973 1115 1039 1152 τε
1090 1101 1241 1169 φίλη
1296 1116 1381 1156 τε.

384 1215 528 1285 Μηδὲ
587 1213 656 1266 τὰ
721 1215 853 1283 παρ’
916 1213 1050 1282 ἡμῖν
1101 1214 1287 1284 ἀγαθὰ
1351 1212 1710 1287 παραζηλοῦν
1778 1215 1960 1280 ἄλλοις

381 1305 816 1377 συγχωροῦντες,
869 1306 1024 1360 αὐτοὶ
1054 1310 1120 1378 τῇ
1166 1307 1416 1381 ῥᾳθυμίᾳ
1466 1307 1960 1378 καταισχύνωμεν,

380 1400 580 1470 μᾶλλον
611 1400 667 1452 δὲ
691 1397 1139 1470 κατα-προώμεθα
1197 1401 1297 1470 τὴν
1349 1402 1430 1464 είς
1483 1401 1611 1463 τοὺς
1655 1400 1814 1463 Θεοὺς
1867 1401 1961 1453 εὑ-

378 1489 623 1543 λαὸειαν.
656 1489 718 1542 El
764 1487 942 1542 ταῦτα
993 1488 1274 1562 πυθοίμην
1327 1489 1441 1560 ἐγώ
1507 1505 1568 1543 σε
1625 1489 1958 1560 πράττοντα,

383 1582 580 1650 μεστὸς
612 1581 954 1652 εὐφροσύνης
988 1583 1208 1652 ἔσομαι.
1249 1583 1388 1646 Τοὺς
1438 1581 1718 1653 ἡγεμόνας
1773 1581 1964 1650 ὀλιγά-

383 1692 470 1735 κις
498 1675 588 1727 ἐπὶ
616 1673 715 1744 τῆς
737 1675 918 1738 οἰκίας
944 1674 1048 1744 ὅρα
1083 1691 1096 1704 ’
1130 1677 1199 1730 τὰ
1226 1675 1459 1728 πλεῖστα
1488 1673 1546 1727 δὲ
1599 1674 1788 1739 αὐτοῖς
1837 1673 1961 1727 επί-

387 1767 588 1820 nam.
612 1768 860 1821 Εἰσιοῦσι
888 1767 945 1821 δὲ
979 1771 1059 1830 είς
1084 1769 1185 1838 τὴν
1225 1767 1406 1830 πόλιν,
1440 1768 1742 1822 ὑπαντὰτω
1773 1767 1964 1837 μηδεὶς

391 1862 567 1924 αὐτοῖς
594 1862 785 1932 ἱερέων
824 1877 840 1892 ο
873 1861 990 1914 ἀλλ’
1021 1861 1151 1913 ὅταν
1183 1861 1262 1924 είς
1297 1861 1370 1913 τὰ
1428 1860 1554 1930 ἱερὰ
1582 1859 1813 1928 φοιτῶσι
1855 1859 1964 1913 τῶν

395 1955 546 2020 Θεῶν,
594 1955 724 2008 εῐσω
781 1954 891 2006 τῶν
949 1954 1266 2026 προθύρων.
1336 1952 1616 2021 Ἠγείσθω
1662 1951 1717 2004 δὲ
1774 1949 1966 2021 μηδεὶς

390 2048 563 2100 αὐτῶν
591 2051 724 2101 εῐσω
758 2046 1100 2118 στρατιώτης
1135 2065 1150 2080 ο
1192 2044 1412 2100 ἑπέσθω
1435 2044 1494 2098 δὲ
1515 2044 1544 2098 ὁ
1598 2042 1924 2115 βουλόμενος
1945 2059 1961 2074 ·

2139 959 2355 1028 Advena
2388 958 2637 1024 deterior,
2657 959 2832 1027 justas
2859 960 3093 1028 auferret
3116 963 3360 1015 honores.

2135 1027 2213 1100 {Ib
2232 1027 2359 1100 Joue
2375 1045 2600 1098 namque
2611 1031 2748 1082 venit
2776 1027 3043 1084 mendicus
3059 1042 3106 1084 et
3123 1033 3307 1100 hospes
3324 1033 3501 1085 eadem
3523 1047 3541 1085 :

2133 1096 2206 1151 Et
2228 1098 2371 1152 nobis
2396 1096 2522 1151 sunt
2536 1115 2701 1169 parua
2742 1100 2972 1169 quidem,
2994 1103 3085 1154 sed
3119 1096 3336 1156 munera
3359 1115 3538 1173 grata.

2063 1209 2185 1266 Non
2216 1214 2734 1270 commmittcndum
2783 1215 2955 1287 igitur
2980 1255 2996 1282 ,
3030 1224 3092 1271 ut
3131 1215 3254 1271 aliis
3285 1217 3427 1272 bona
3458 1226 3647 1274 nostra

2065 1305 2316 1360 aemulari
2365 1307 2776 1375 permittamus,
2819 1308 2921 1378 ipsi
2953 1317 3139 1364 autem
3201 1323 3299 1379 per
3327 1310 3642 1365 socordiam

2066 1409 2170 1450 nos
2197 1395 2411 1466 pudore
2446 1395 2754 1452 alliciamus
2778 1436 2794 1462 ,
2829 1413 2928 1454 seu
2961 1398 3144 1468 potius
3178 1397 3408 1454 deorum
3451 1398 3647 1454 obser-

2065 1488 2308 1541 vantiam
2360 1497 2417 1543 et
2448 1489 2768 1560 religionem
2803 1490 3124 1560 prodamus.
3155 1491 3336 1562 Atque
3375 1492 3418 1546 si
3444 1492 3562 1548 haec
3596 1502 3649 1548 te

2069 1578 2144 1633 ita
2178 1580 2407 1648 exsequi
2432 1580 2682 1647 audiero,
2718 1580 2950 1636 hilarem
2985 1591 3041 1636 et
3079 1582 3264 1636 laetum
3306 1597 3393 1636 me
3425 1582 3648 1637 reddes.

2070 1674 2377 1730 Provinciae
2418 1682 2665 1730 rectores
2711 1691 2940 1746 perraro
2991 1675 3138 1730 domi
3192 1689 3304 1730 suae
3351 1677 3507 1732 vise:
3543 1677 3654 1731 fre-

2067 1778 2304 1839 quenter
2331 1777 2513 1822 autem
2546 1767 2808 1838 epistolas
2851 1767 2917 1822 ad
2958 1783 3056 1823 eos
3089 1768 3270 1823 mitte.
3308 1768 3528 1823 Eisdem
3592 1769 3656 1823 in-

2069 1860 2262 1914 urbem
2303 1859 2754 1925 advenientibus,
2807 1860 2995 1914 nullus
3029 1859 3385 1915 sacerdotum
3424 1859 3650 1914 obviam

2067 1961 2159 2007 eat
2200 1970 2215 2007 :
2279 1951 2374 2008 sed
2423 1967 2547 2008 cum
2598 1952 2654 2008 in
2701 1954 2931 2008 deorum
2973 1952 3178 2022 templa
3235 1951 3650 2024 ingrediuntur,

2070 2044 2216 2098 intra
2248 2044 2581 2098 vestibulum
2633 2045 2826 2101 saltem
2870 2053 3148 2101 occurrat.
3181 2043 3261 2099 Ne
3307 2043 3435 2114 quis
3465 2055 3650 2100 autem

386 2138 503 2208 ἅμα
525 2142 631 2211 γὰρ
664 2143 745 2205 εἰς
779 2143 872 2194 τὸν
895 2140 1050 2194 οὐδὸν
1087 2136 1220 2212 ἦλθε
1249 2139 1346 2194 τοῦ
1390 2138 1678 2206 τεμένους,
1728 2136 1824 2190 καὶ
1874 2135 1967 2206 γέ-

2076 2135 2228 2190 miles
2246 2149 2344 2190 eos
2368 2135 2540 2190 aedem
2569 2151 2781 2190 sacram
2821 2135 3202 2206 ingredientes
3231 2135 3528 2206 praecedat.
3565 2151 3655 2192 se-

385 2248 542 2303 τοιεν
581 2233 816 2304 ἰδιώτης.
849 2235 1075 2302 Ἀρχεις
1105 2233 1213 2302 γὰρ
1265 2231 1453 2298 αὐτὸς,
1489 2229 1563 2294 ὡς
1614 2225 1791 2293 οἶσθα,
1852 2228 1963 2280 τῶν

385 2327 572 2379 ἐνδον⁹
630 2326 753 2378 ἐπεὶ
808 2329 984 2379 καὶ.ηό
1041 2325 1186 2388 θεῖος
1235 2323 1410 2378 ταῦτα
1461 2323 1692 2378 ἀπαιτεῖ
1740 2321 1965 2392 θεσμός.

386 2419 492 2470 Καὶ
514 2421 563 2471 οἱ
588 2421 686 2486 μὲν
713 2417 1024 2486 πειθόμενοι
1056 2419 1195 2471 κατὰ
1221 2416 1482 2486 ἀλήθειάν
1511 2417 1621 2468 εισι
1646 2415 1922 2476 θεοσεϐεῖς
1949 2430 1965 2447 ο

382 2511 508 2564 οίδὲ
560 2514 908 2583 ἀντεχόμενοι
968 2511 1063 2563 τοῦ
1133 2509 1306 2578 τύφου
1361 2509 1647 2574 δοξοκόποι
1722 2508 1832 2561 εἰσὶ
1869 2506 1966 2560 καὶ

385 2600 677 2665 κενόδοξοι.
712 2602 786 2670 Τῇ
822 2597 1172 2654 Πεσσινοῦντι
1214 2598 1430 2670 βοηθεῖν
1467 2597 1686 2666 ἕτοιμός
1734 2597 1873 2666 εἰμι,
1917 2596 1966 2647 εί

385 2691 480 2759 τὴν
513 2691 724 2758 μητέρα
753 2691 861 2741 τῶν
919 2688 1058 2741 Θεῶν
1102 2687 1228 2740 ἵλεω
1266 2687 1704 2756 καταστήσουσιν
1732 2685 1964 2747 ἑαυτοῖς.

397 2779 752 2851 ’Δμελοῦντες
783 2781 843 2833 δὲ
870 2781 1063 2850 αὐτῆς,
1100 2783 1201 2832 οὐκ
1229 2779 1514 2849 ἄμεμπτοι
1567 2776 1752 2847 μόνον,
1803 2775 1961 2840 ἀλλὰ,

388 2875 584 2944 πικρὸν
609 2875 806 2939 εἰπεῖν,
839 2871 916 2947 μὴ
947 2876 1041 2928 καὶ
1070 2875 1167 2945 τῆς
1221 2873 1350 2944 παρ’
1380 2871 1541 2944 ἡμῶν
1593 2867 1965 2939 ἀπολαύσουσι

264 2974 284 2987 ”
385 2967 736 3037 δυσμενείας.

2069 2241 2272 2298 quatur
2304 2236 2483 2282 tamen
2515 2228 2609 2297 qui
2636 2229 2801 2283 volet.
2841 2228 3264 2298 Quamprimum
3295 2228 3442 2292 enim
3476 2230 3656 2298 magi-

2069 2330 2277 2375 stratus
2311 2321 2489 2375 solum
2527 2321 2744 2375 delubri
2777 2321 3044 2392 attigerit,
3080 2322 3334 2391 privatus
3368 2320 3649 2376 redditur.

2069 2412 2153 2468 Tu
2209 2414 2525 2484 siquidem,
2561 2415 2708 2486 quod
2751 2416 2935 2478 nosti,
2988 2415 3132 2470 intra
3167 2414 3430 2484 templum
3475 2413 3654 2482 imre-

2070 2505 2217 2559 rium
2278 2506 2515 2562 obtines.
2594 2509 2798 2580 Atque
2828 2507 2884 2562 id
2931 2507 3133 2562 divina:
3180 2503 3364 2562 etiam'
3404 2505 3657 2576 ﬂagitant

2069 2600 2386 2654 sanctiones
2425 2599 2662 2670 :quibus
2703 2601 2796 2670 qui
2833 2609 3068 2669 parent,
3109 2600 3226 2655 veri
3261 2599 3491 2653 deorum
3523 2605 3666 2654 sunt

2073 2691 2338 2747 cultores.
2387 2692 2491 2757 Qui
2549 2707 2686 2746 vero
2739 2692 2882 2746 fastu
2946 2691 3262 2746 efferuntur
3297 2730 3312 2755 ,
3365 2689 3659 2745 insolentis

2073 2794 2199 2837 sunt
2227 2784 2506 2854 iactantiae
2533 2793 2588 2840 et
2626 2800 2778 2839 vanae
2813 2783 3003 2856 gloriae
3048 2791 3437 2853 aucupatores.
3479 2782 3661 2837 Pessi-

2075 2873 2234 2927 nunti
2271 2875 2568 2931 subvenire
2593 2885 2819 2947 paratus
2847 2891 2968 2931 sum
2999 2874 3102 2945 (l),
3136 2875 3182 2929 si
3217 2874 3321 2944 ipsi
3353 2873 3458 2929 sibi
3490 2873 3656 2927 deum

2075 2975 2304 3021 matrem
2357 2970 2656 3039 propitiam
2694 2969 3061 3026 reddiderint.
3111 2968 3242 3022 Eam
3296 2984 3426 3024 vero
3465 2970 3512 3022 si
3557 2981 3657 3022 ne-

385 3062 677 3132 glexerint,
709 3076 816 3116 non
853 3061 1013 3116 modo
1041 3062 1094 3116 id
1124 3061 1557 3133 reprehensione
1587 3076 1698 3115 non
1717 3059 1950 3124 carebit,
2001 3075 2198 3116 verum
2265 3063 2434 3119 etiam
2498 3065 2668 3136 (quod
2703 3066 2855 3121 dictu
2897 3069 3159 3122 acerbum
3193 3064 3298 3136 est)
3343 3079 3410 3119 ne
3446 3065 3511 3118 ad
3545 3062 3655 3117 ini.

388 3157 628 3211 nzicitias
660 3172 761 3211 nos
790 3157 1032 3218 irritent,
1071 3158 1384 3226 periculum
1421 3156 1611 3210 fuerit.

389 3273 472 3326 οὐ
506 3270 617 3338 γάρ
629 3288 727 3340 μοι
759 3270 924 3340 θέμις
951 3270 1081 3324 ἐστὶ
1111 3267 1423 3338 κομιζέμεν
1459 3268 1827 3340 fructi/patr

399 3339 642 3408 Ἀνέρας
672 3342 729 3394 οἵ
750 3339 830 3396 τε
848 3342 1082 3396 θεοῖσιν
1102 3342 1468 3410 ἀπέχθονται
1493 3339 1910 3394 ἀθανάτοισιν.

2143 3270 2261 3343 Non
2293 3273 2489 3327 etenim
2519 3272 2602 3343 fas
2629 3282 2703 3327 est
2725 3274 2997 3328 hominum
3027 3287 3332 3326 succurrere
3365 3269 3541 3334 rebus,

2142 3341 2346 3412 Infensi
2369 3345 2459 3415 qui
2491 3341 2599 3399 sint
2629 3346 2732 3397 diis
2773 3343 3159 3398 immortalibus
3187 3344 3334 3411 ipsis.

391 3455 550 3507 [Ιείθε
579 3455 761 3506 τοίνυν
795 3455 1014 3517 αὐτοὺς,
1046 3455 1094 3506 εί
1126 3453 1224 3522 τῆς
1279 3451 1410 3522 παρ’
1455 3452 1590 3522 ἐμοῦ
1638 3452 1968 3522 κηδεμονίας

2076 3455 2420 3527 Quapropter
2443 3459 2564 3524 illis
2615 3459 2927 3528 persuade,
2979 3459 3025 3515 si
3061 3457 3309 3515 studium
3350 3472 3658 3528 curamque

388 3545 730 3613 ἀντέχονται,
758 3544 1031 3614 πανδημεὶ
1064 3544 1163 3614 τῆς
1196 3541 1404 3615 μητρὸς
1437 3544 1548 3597 τῶν
1597 3544 1738 3598 θεῶν
1782 3544 1968 3607 ἱκέτας

389 3636 671 3706 γενέσθαι.
705 3653 726 3687 ι

971 3773 1224 3828 ΚΕΦΑΛ.
1257 3775 1385 3828 ΚΡ.

392 3870 552 3924 Ὀσα
579 3867 728 3922 κατὰ
754 3867 863 3937 τῆς
890 3867 1061 3936 ἡμῶν
1089 3868 1401 3933 εὐσεϐείας
1424 3867 1458 3920 ό
1485 3865 1717 3934 ἀσεϐὴς
1755 3865 1974 3933 ἐπρατ-

409 3947 418 3958 ’
464 3957 549 4005 τε,
575 3941 671 3992 καὶ
705 3941 785 4003 ὡς
805 3940 966 4004 δόλῳ
983 3941 1152 3992 θύειν
1181 3938 1289 3991 τὸν
1313 3938 1580 4006 στρατὸν
1594 3938 1976 4005 παρεσκεύα-

464 4010 543 4071 ζε,
579 4011 817 4078 χρυσὸν
849 4008 1148 4080 διανέμων
1181 4008 1412 4074 αὐτοῖς.

463 4128 622 4185 Οὕτω
658 4130 755 4199 μὲν
795 4126 890 4183 οὖν
932 4129 1218 4191 Ἰουλιανὸς
1252 4128 1347 4181 καὶ
1386 4127 1563 4181 ποιῶν
1592 4127 1687 4180 καὶ
1721 4127 1971 4198 γράφων,

397 4227 599 4295 ἅμαχεὶ
629 4226 963 4296 μεταθήσειν
997 4223 1138 4296 ᾤετο
1173 4225 1302 4285 τοὺς
1333 4222 1700 4292 Χριστιανοὺς
1729 4219 1978 4292 πατρίων

397 4321 531 4371 ἐθῶν
565 4334 580 4350 ·
615 4321 709 4372 καὶ
730 4319 906 4372 πάντα
942 4319 1144 4383 κάλων,
1177 4315 1238 4370 τὺ
1277 4315 1371 4369 τοῦ
1423 4315 1610 4384 λόγου,
1668 4315 1850 4387 κινῶν,
1885 4314 1979 4367 ἐπὶ

399 4411 718 4481 καθαιρέσει
747 4410 842 4464 τοῦ
876 4409 1173 4478 δόγματος,
1201 4406 1329 4460 οὔτε
1357 4407 1559 4479 ῥαδίως
1593 4401 1709 4477 εἶχε
1743 4403 1976 4469 πείθειν,

397 4503 463 4555 δι’
493 4504 755 4572 αἰσχύνης
783 4519 843 4555 τε
893 4503 1067 4554 ἐδόκει
1122 4499 1442 4569 περιφανῶς
1499 4496 1806 4568 βιάζεσθαι,
1843 4496 1973 4566 φεύ-

401 4614 508 4662 γων
539 4601 596 4648 τει
638 4594 967 4666 τυραννικὸς
996 4591 1134 4648 εἶναι
1166 4592 1347 4662 δόξαι.
1385 4593 1458 4646 Οὐ
1504 4593 1610 4662 μὴν
1665 4591 1879 4645 ἐνέλιπέ
1927 4607 1980 4642 τι

404 4687 494 4754 τῆς
522 4687 833 4758 προθυμίας
869 4701 884 4716 ’
912 4687 1091 4738 πάντα
1124 4685 1181 4737 δὲ
1215 4684 1416 4750 κάλων,
1451 4685 1511 4736 τὸ
1533 4684 1631 4753 τῆς
1653 4682 1977 4754 παροιμίας,

400 4784 586 4846 ἐκίνει,
622 4781 754 4849 πρὸς
805 4778 1162 4849 Ἐλληνισμὸν
1218 4778 1279 4830 τὸ
1326 4777 1569 4846 ὑπήκοον
1621 4776 1979 4846 μεταθεῖναι’

2073 3561 2249 3601 meam
2304 3548 2411 3603 sibi
2451 3549 2750 3605 conciliare
2799 3551 3030 3618 volunt,
3086 3560 3149 3607 ut
3187 3549 3430 3605 universi
3484 3550 3658 3607 simul

2072 3639 2236 3695 matri
2271 3639 2504 3697 deorum
2537 3644 2873 3714 supplicent.
2909 3663 2929 3696 ι

2571 3781 2679 3853 5o
2711 3781 2939 3840 CAPUT
2970 3781 3163 3839 χχιιι.

2078 3872 2208 3940 Qua:
2250 3883 2438 3929 contra
2480 3875 2728 3946 pietatem
2777 3885 3016 3930 nostram
3056 3876 3250 3945 impius
3284 3875 3471 3946 egerit,
3521 3882 3661 3928 etut

2148 3946 2270 4000 dolo
2303 3945 2589 3999 exercitum
2619 3948 2688 3999 ad
2727 3947 2946 4000 deorum
2981 3945 3272 4014 sacriﬁcia,
3314 3945 3564 4000 donativo
3595 3962 3660 3999 ea

2148 4019 2212 4070 de
2237 4031 2401 4070 causa
2432 4016 2584 4081 dato,
2611 4015 2854 4084 pellicere
2883 4019 3121 4071 tentarit.

2152 4129 2244 4188 Sic
2275 4131 2554 4199 Julianus,
2592 4133 2699 4188 hoc
2727 4148 2853 4187 cum
2887 4142 3075 4204 ageret
3107 4140 3163 4188 et
3193 4133 3490 4200 scriberet,
3521 4131 3660 4187 citra

2080 4225 2287 4280 bellum
2343 4224 2690 4280 Christianos
2737 4242 2795 4281 se
2849 4225 2915 4279 ad
2974 4227 3182 4295 patrias
3230 4226 3666 4280 consuetudines

2083 4315 2464 4369 traducturum
2503 4315 2758 4385 putarit:
2816 4331 3148 4385 omnemque
3196 4319 3367 4386 (quod
3429 4317 3658 4388 dicitur)

2082 4409 2341 4478 lapidem,
2389 4418 2448 4462 ut
2499 4407 2696 4479 dogma
2732 4417 2981 4462 nostrum
3019 4408 3288 4473 aboleret,
3324 4409 3518 4464 movit.
3553 4409 3661 4464 Sed

2083 4501 2374 4572 persuasio
2403 4500 2642 4556 dillieilis
2673 4503 2723 4556 ei
2774 4499 2901 4555 fuit.
2937 4501 3177 4555 Rursum
3231 4511 3414 4554 autem
3450 4500 3496 4554 si
3533 4516 3661 4570 pro-

2084 4593 2262 4666 palam
2283 4593 2403 4648 'vim
2443 4591 2748 4658 adhiberet,
2792 4594 2998 4662 probro
3029 4592 3082 4647 id
3114 4592 3222 4648 sibi
3251 4591 3369 4650 lore
3397 4591 3659 4656 credidit,

2083 4686 2228 4756 quod
2265 4685 2480 4756 tyranni
2513 4685 2889 4754 suspicionem
2928 4685 3117 4755 fugere
3137 4684 3520 4740 contenderet.
3543 4685 3662 4738 Non

2087 4788 2271 4834 tamen
2333 4787 2626 4848 propterea
2660 4777 2964 4846 quidquam
3011 4776 3082 4833 de
3123 4777 3324 4832 ardore
3365 4778 3662 4843 studioque

401 4876 498 4926 καὶ
527 4875 586 4927 τὺ
618 4874 716 4944 μὲν
748 4872 908 4932 αὐτὸς
940 4870 1180 4940 ἔπραττε
1219 4908 1236 4934 ,
1270 4871 1330 4923 τὸ
1356 4869 1413 4922 δὲ
1441 4869 1533 4923 διὰ
1563 4869 1674 4922 τῶν
1700 4870 1971 4940 ἀρχόντων

2085 4888 2208 4935 suo,
2248 4879 2307 4924 ut
2349 4871 2604 4925 subditos
2639 4869 2705 4924 ad
2757 4869 2999 4925 Graecam
3055 4871 3507 4940 superstitionem
3543 4886 3667 4940 pera

402 4969 593 5020 ἐποίει.
642 4967 911 5036 Ἀτεχνῶς
940 4966 998 5020 δὲ
1020 4963 1362 5033 προσεθίζων
1385 4965 1632 5028 ἅπαντας
1657 4964 1985 5035 ἑλληνίζειν,

402 5064 498 5115 καὶ
535 5061 736 5131 μᾶλλον
770 5061 830 5112 τὸ
883 5058 1301 5129 στρατιωτικὸν,
1341 5057 1770 5127 προηγουμένως
1818 5075 1984 5127 μετα-

2088 4964 2352 5026 traberet,
2389 4961 2626 5016 remisit.
2681 4962 2749 5016 Et
2805 4963 3058 5032 quzedam
3120 4963 3211 5016 ille
3265 4978 3365 5031 per
3423 4963 3665 5031 seipsum

2087 5058 2304 5128 agebat,
2336 5056 2583 5127 quaedam
2620 5071 2718 5126 per
2747 5056 3042 5128 praefectos
3064 5072 3196 5112 suos
3212 5056 3564 5126 expediebat.
3587 5057 3665 5109 Ad

406 5156 630 5208 πλάττει
653 5156 791 5223 πρὸς
818 5151 916 5224 τὴν
936 5153 1210 5224 προτέραν
1234 5151 1348 5216 ἕξιν
1377 5150 1439 5203 τὸ
1491 5150 1752 5219 μέγιστον
1785 5150 1971 5220 σύνθη-

2086 5150 2331 5207 Graecam
2366 5159 2547 5205 autem
2579 5165 2774 5207 omnes
2804 5150 3032 5205 omnino
3059 5151 3536 5220 superstitionem.
3570 5165 3668 5217 po-

409 5266 486 5318 μα
541 5246 650 5299 τῶν
719 5244 1050 5314 Ῥωμαϊκῶν
1105 5242 1434 5313 συμϐόλων·
1487 5241 1516 5293 ὃ
1572 5243 1985 5308 Κωνσταντῖνος

408 5343 488 5402 si;
521 5337 759 5408 σταυροῦ
808 5339 996 5407 σχῆμα
1053 5334 1457 5406 μετατυπώσας
1512 5335 1656 5388 κατὰ
1697 5334 1870 5400 Θείαν,
1908 5335 1984 5399 ὡς

408 5433 649 5500 εἴρηται,
701 5427 982 5498 βούλησιν,
1028 5425 1124 5478 τοῦ
1191 5424 1424 5494 στρατοῦ
1471 5425 1726 5494 ἡγεῖσθαι
1779 5427 1984 5494 προσέ-

411 5523 718 5589 ταξε.Ταῖ;
775 5539 839 5592 γε
888 5520 994 5593 μὴν
1043 5519 1332 5590 δημοσίαις
1375 5518 1548 5571 εἰκόσι
1594 5517 1682 5570 διὰ
1743 5517 1985 5588 σπουδῆς

410 5617 647 5669 ἐποιεῖτο
693 5612 1210 5685 προσπεριγρὰφειν
1260 5610 1412 5680 αὐτῷ
1466 5610 1560 5663 τὸν
1615 5608 1825 5663 ὕπατον
1876 5611 1986 5664 τῶν

2089 5242 2364 5298 tissimum
2403 5259 2532 5298 vero
2564 5243 2772 5297 milites
2801 5242 3197 5310 assuefaciens,
3230 5242 3284 5296 in
3317 5244 3513 5312 primis
3551 5256 3667 5293 ma-

2091 5333 2296 5387 ximum
2338 5335 2483 5387 inter
2528 5334 2771 5388 Romana
2811 5336 3011 5388 vexilla
3069 5336 3310 5404 signum,
3345 5335 3488 5404 quod
3528 5332 3671 5386 Con-

2093 5428 2378 5480 stantinus
2405 5425 2459 5478 in
2489 5425 2673 5480 crucis
2716 5426 2947 5480 formant
2988 5427 3294 5489 redactum,
3341 5427 3500 5496 juxta
3525 5424 3670 5478 diri-

2094 5530 2220 5572 nam
2252 5514 2334 5573 (ut
2367 5515 2634 5587 diximus)
2659 5516 3022 5581 voluntatem,
3052 5515 3117 5571 in-
3140 5517 3389 5571 exercitu
3425 5514 3671 5584 praeferri

2097 5607 2359 5676 instituit,
2391 5608 2458 5664 ad
2497 5609 2741 5680 priorem
2775 5619 2981 5665 statum
3035 5609 3274 5665 reduxit.
3309 5609 3376 5663 Et
3405 5607 3457 5662 in
3491 5609 3674 5677 publi-

485 5793 562 5861 (1)
594 5794 750 5864 Apud
794 5795 935 5852 Plin.
988 5793 1087 5851 lib.
1122 5805 1196 5860 γι,
1248 5805 1369 5861 cap.
1419 5792 1510 5861 3‘2,
1557 5791 1704 5847 inter
1754 5792 1982 5848 Galatiae
2021 5792 2225 5864 oppida
2292 5804 2615 5849 numeratur
2679 5792 2961 5849 Gallorum
3003 5788 3486 5860 Tolistobogormn
3537 5786 3669 5843 Pes-

411 5865 585 5922 sinus.

817 5973 954 5989 ,,,,,,,ν
1007 5963 1256 5982 ..μ--ᾴ-...μ
1289 5977 1356 5991 ’,ἢ
