4054 6430
399 405 507 467 507

1635 396 2064 461 NIIIEPHOBI
2103 392 2454 455 CALLlSTI

3578 385 3680 451 508

399 534 492 574 res
544 527 828 588 caperent,
861 526 955 572 aut
1004 516 1057 571 in
1110 515 1231 572 aula
1272 514 1627 587 imperatoria
1690 522 1990 570 mererent.

2104 505 2388 574 συλλόγων
2416 504 2473 558 δὲ
2505 504 2599 558 καί
2623 499 2842 574 ἀγορῶν
2868 498 3062 568 ἐξώθει
3095 516 3107 529 ·
3145 499 3237 554 καὶ
3287 497 3383 553 τοῦ
3415 498 3681 567 δικάζειν,

399 612 782 665 (Ionventihus
816 609 1140 665 solennibus
1171 618 1226 664 et
1256 608 1378 665 foro
1407 624 1506 665 eos
1527 609 1730 680 exegit.
1763 609 1804 661 Δ
1835 607 1992 680 judi-

402 703 566 759 eandi
619 720 840 772 quoque
874 719 1138 763 nmnere.
1180 711 1237 758 et
1260 703 1676 772 magistratibus
1710 702 1995 773 dignitati-

405 798 620 868 busque
651 797 910 868 gerendis
965 797 1224 852 removit.
1274 797 1338 853 Et
1372 799 1547 868 legem
1586 799 1747 853 talem
1782 798 1992 859 ferens,

405 890 543 945 illud
602 889 860 944 addidit:
928 889 1275 947 Christianas
1339 893 1660 948 sanctiones
1721 901 1993 953 statuere,

406 982 587 1051 gladio
614 982 881 1037 adversus
910 999 1008 1039 eos
1042 983 1309 1039 utendum
1358 1000 1465 1038 non
1494 1000 1659 1048 .esse.
1703 986 1796 1054 qui
1841 984 1995 1054 capi-

409 1073 538 1128 talia
592 1073 826 1128 crimina
879 1076 1313 1131 committerent.
1361 1076 1721 1132 Occasionem
1771 1092 1997 1148 quoque

406 1181 560 1220 suam
597 1181 720 1221 esse
757 1178 909 1221 ratus
934 1205 950 1230 ,
1003 1167 1207 1223 bellum
1242 1168 1390 1239 quod
1418 1182 1610 1225 contra
1648 1170 1868 1237 Persas,
1899 1170 1996 1242 qui

406 1256 690 1313 Orientem
726 1262 1125 1327 percurrebant
1149 1302 1163 1327 ,
1195 1261 1495 1329 gerendum
1523 1273 1662 1329 erat,
1696 1264 1843 1333 quod
1878 1267 1999 1320 sine

408 1348 646 1416 pecunia
690 1349 828 1403 nihil
861 1366 921 1406 se
966 1363 1114 1407 recte
1153 1363 1438 1423 gesturum
1494 1355 1861 1421 existimaret,
1900 1359 1999 1413 do-

408 1440 547 1501 lum,
583 1451 641 1494 nt
671 1428 791 1496 eam
821 1462 849 1498 a
882 1445 1213 1501 Christianis
1238 1449 1504 1518 exigeret,
1531 1459 1995 1508 esteommentus.

408 1533 481 1588 Et
512 1536 827 1607 quicunque
853 1539 963 1594 diis
1005 1541 1320 1596 sacriﬁcare
1351 1544 1599 1612 nollent,
1634 1545 1716 1600 eis
1752 1549 2000 1617 pecuniae

411 1628 639 1682 multam
660 1632 925 1697 grandem
950 1632 1105 1687 dixit.
1129 1632 1316 1704 Itaque
1338 1650 1567 1691 cernere
1594 1647 1709 1692 tum
1730 1648 1853 1693 erat
1875 1655 2001 1709 per-

412 1735 577 1790 quam
616 1723 867 1777 acerbam
904 1724 1348 1782 Christianorum
1383 1729 1923 1787 condemnationem.
1970 1749 1999 1787 a

410 1814 613 1882 quibus
628 1830 689 1868 ea
707 1832 737 1869 e
765 1818 869 1870 iam
890 1833 1013 1887 quae
1033 1818 1261 1873 minime
1292 1820 1589 1887 habebant,
1610 1824 1999 1894 exigebantur,

409 1921 535 1961 cum
560 1909 783 1977 quideni
809 1911 900 1964 alii
932 1927 1125 1968 Omnes
1147 1929 1247 1983 pro
1277 1915 1543 1971 bonorum
1575 1933 1803 1975 suorum
1827 1921 2001 1976 facul-

412 2002 622 2056 tatibus
670 2004 937 2057 tributmn
983 2007 1311 2076 penderent.
1354 2010 1433 2064 lta
1489 2011 1792 2083 imperator
1813 2015 1999 2071 subito

410 2110 512 2165 per
581 2096 825 2165 iniquam
875 2101 1123 2167 pecuniae
1178 2103 1526 2159 exactionem
1585 2107 1845 2177 copiosus
1913 2118 2001 2163 est

412 2190 614 2244 factus.
634 2189 753 2257 Quo
779 2203 1024 2261 tempore
1046 2193 1213 2249 etiam
1231 2194 1403 2252 Graeci
1431 2197 1603 2253 libere
1624 2199 2000 2270 quodcunque

412 2283 522 2337 illis
555 2283 731 2338 visum
780 2295 948 2346 esset,
987 2286 1254 2343 facientes
1275 2331 1291 2356 ,
1322 2289 1487 2345 nobis
1518 2291 1859 2347 insultarunt
1887 2309 1904 2347 :
1945 2302 2002 2348 et

414 2376 790 2447 nndequaque
823 2379 1287 2448 philosophorum
1342 2383 1615 2441 colluvies
1661 2386 1997 2452 conﬂuebat,

412 2469 506 2534 qui
532 2478 713 2522 vetera
774 2470 1064 2539 gentilium
1117 2487 1276 2529 sacra
1327 2484 1692 2538 renovarunt,
1744 2479 2001 2546 extisque

414 2560 781 2629 inspiciendis
834 2571 892 2618 et
946 2562 1318 2636 haruspicinae
1376 2577 1694 2623 vacarunt:
1747 2568 1887 2626 adeo
1943 2578 2003 2625 ut

416 2667 618 2722 pueros
652 2655 926 2712 masculos
954 2670 1012 2712 et
1035 2657 1284 2716 femellas
1332 2659 1651 2729 impuberes
1703 2671 1870 2732 atque
1913 2664 2002 2718 in-

414 2756 733 2823 corruptos,
758 2749 825 2804 ad
858 2765 983 2805 aras
1007 2751 1238 2806 deorum
1263 2750 1575 2820 maetariitt,
1607 2762 1662 2809 et
1688 2769 1883 2810 carnes
1910 2771 2007 2812 eo-

415 2855 539 2893 rum
575 2839 940 2910 degustarint.
972 2844 1155 2913 Atque
1180 2845 1296 2900 haec
1320 2862 1447 2901 cum
1486 2847 1611 2901 aliis
1651 2848 1707 2902 in
1744 2849 2001 2917 urbibus,

416 2942 534 2984 tum
568 2932 802 2987 maxime
840 2933 1076 2989 Athenis
1106 2943 1163 2989 et
1196 2934 1543 2991 Alexandria:
1590 2936 1863 2994 fecerunt.
1899 2939 2001 2996 Ubi

414 3028 563 3098 quod
594 3030 931 3093 Athanasius
965 3032 1263 3104 episc0pus
1294 3032 1516 3104 ﬂagitiis
1559 3037 1728 3089 tantis
1752 3034 2001 3090 obstitis-

412 3133 521 3185 set.
567 3126 752 3180 studio
798 3135 856 3180 et
888 3141 1059 3195 opera
1103 3141 1296 3181 eoium
1348 3127 1544 3183 exsilio
1596 3130 1864 3184 multatus
1892 3138 1996 3184 est.

410 3215 517 3282 Qui
567 3217 693 3270 navi
740 3233 839 3287 per
864 3217 1046 3273 Nilum
1079 3217 1135 3272 in
1168 3217 1462 3290 Egyptum
1515 3219 1786 3287 tendens,
1834 3236 1967 3277 curs

413 3306 620 3362 deinde
655 3323 922 3363 converso
982 3309 1038 3363 in
1089 3311 1340 3365 eamdem
1372 3310 1566 3365 urbem
1600 3311 1786 3377 rediit,
1838 3311 2001 3368 sicuti

416 3402 582 3470 p‘ulo
620 3413 748 3458 ante
775 3403 1088 3459 retulimus.
1138 3403 1311 3460 Porro
1359 3405 1769 3476 provinciarum
1818 3415 2000 3462 recto-

415 3509 507 3548 res
536 3494 699 3549 talem
750 3494 1103 3565 imperatoris
1142 3497 1485 3569 religionem,
1525 3499 1999 3569 opportunitatem

415 3601 574 3638 suam
598 3601 722 3641 esse
752 3595 1044 3643 censentes
1069 3630 1084 3655 ,
1117 3591 1338 3660 gravius
1363 3591 1529 3646 etiam
1569 3608 1733 3662 quam
1761 3593 2000 3663 impera-

418 3676 1143 3748 torjubebat,Christianos
1177 3680 1515 3752 afﬂigebant,
1546 3683 1871 3753 ampliorem
1903 3699 2001 3754 pe-

414 3770 639 3825 cuniam
673 3780 1091 3841 extorquentes,
1123 3783 1181 3829 et
1216 3774 1403 3846 plagas
1430 3775 1596 3831 etiam
1627 3791 1747 3830 eam
1771 3775 1842 3832 ob
1871 3791 2002 3831 cau-

416 3876 534 3915 sam
567 3861 899 3931 corporibus
926 3864 1257 3932 ingerentes.
1280 3864 1438 3933 Quod
1475 3866 1783 3937 imperator
1811 3867 2002 3938 cogni-

417 3966 535 4008 tum
571 3954 896 4024 parvil‘ecit,
933 3963 989 4010 et
1025 3955 1359 4015 Christianis
1413 3974 1541 4014 eum
1583 3959 2000 4025 accedentibus,

418 4045 836 4115 molestiamque
853 4056 1143 4118 propterea
1164 4050 1214 4105 ei
1234 4049 1660 4116 lacessentibus,
1675 4050 1999 4121 respondit:

424 4158 442 4189 ε
494 4137 603 4192 Lex
635 4139 794 4194 vobis
815 4156 844 4194 a
876 4140 1100 4198 Christo
1134 4143 1335 4199 tradita
1364 4154 1489 4209 est,
1517 4154 1576 4199 ut
1608 4144 1751 4201 male
1779 4145 2003 4200 tractati

416 4232 634 4287 fortiter
657 4248 929 4288 aerumnas
955 4233 1165 4301 feratis,
1183 4244 1240 4292 et
1262 4236 1460 4307 injuria
1477 4236 1658 4293 aﬂ‘ectl
1688 4251 1756 4292 ne
1780 4251 2008 4307 respon-

417 4324 572 4379 setis.
600 4343 619 4376 ι
644 4323 753 4397 54
782 4326 848 4381 Ει
879 4326 932 4381 id
967 4343 1032 4383 ex
1053 4343 1121 4382 eo
1136 4329 1274 4384 satis
1303 4329 1501 4399 liquet,
1519 4328 1667 4399 quod
1700 4328 2005 4385 Amachius

414 4415 578 4477 fecit.
612 4430 671 4472 ut
710 4434 876 4489 supra
931 4420 1384 4478 memoravimus.
1412 4421 1764 4477 Verum'non
1809 4421 2007 4477 absur-

416 4508 550 4562 dum
600 4507 792 4574 fuerit,
831 4524 947 4564 rem
1001 4525 1148 4577 eam,
1204 4511 1354 4582 quod
1401 4511 1457 4566 in
1489 4511 1684 4582 primis
1737 4512 2003 4568 memoria

415 4602 582 4672 digna
613 4604 706 4669 sit,
769 4604 960 4675 paucis
1013 4612 1285 4674 repetere.
1343 4603 1403 4657 ln
1465 4619 1634 4673 parva
1702 4605 2003 4674 provinciae

415 4695 666 4767 Phrygia:
696 4697 853 4760 urbe,
884 4696 1176 4752 delubrum
1228 4696 1506 4766 quoddam
1539 4697 1768 4753 deorum
1818 4714 1848 4752 a
1881 4697 2007 4753 diu-

418 4798 587 4844 turno
623 4789 734 4845 situ
759 4799 817 4845 et
860 4791 1123 4863 squalore
1153 4805 1477 4861 repurgare,
1512 4800 1569 4846 et
1594 4791 1889 4847 simulacra
1915 4792 2007 4847 di-

416 4882 607 4953 ligenti
633 4899 764 4938 cura
794 4887 1087 4941 restituere
1114 4883 1173 4940 is
1182 4884 1365 4956 jussit.
1386 4884 1581 4956 quue,
1604 4894 1666 4940 ut
1684 4885 2004 4940 mandatum

416 4975 620 5038 fuerat,
641 4975 870 5032 factum.
905 4979 981 5033 Ea
1004 4991 1094 5033 res
1118 4977 1369 5033 dolorem
1406 4978 1705 5033 maximum
1728 4977 2004 5033 Christia-

417 5070 506 5124 nis
551 5071 758 5126 attulit.
807 5071 1070 5126 Nonnulli
1105 5072 1293 5141 igitur,
1326 5070 1685 5127 Macedonius
1718 5072 2003 5136 videlicet,

416 5171 467 5217 et
497 5162 841 5229 Theodulus,
866 5174 924 5219 et
950 5163 1217 5218 Tatianus
1240 5203 1256 5227 ,
1285 5162 1435 5234 quod
1468 5163 1854 5237 indignitatem
1883 5179 2003 5221 eam

417 5254 566 5311 ferre
615 5271 725 5311 non
755 5264 1023 5326 possent,
1060 5253 1310 5326 ﬂagranti
1351 5257 1708 5315 aemulatione
1765 5255 2002 5321 incensi,

416 5356 701 5416 noctuque
732 5346 920 5400 fanum
949 5345 1184 5416 ingressi
1209 5387 1225 5412 ,
1251 5357 1461 5404 statuas
1491 5347 1838 5419 confregere.
1866 5348 2007 5403 Prae-

413 5438 595 5494 fectus
615 5453 683 5492 eo
708 5439 856 5491 tacto
878 5436 945 5491 ad
993 5437 1129 5493 iram
1160 5444 1490 5506 concitatus,
1527 5441 1733 5496 multos
1758 5439 1852 5509 qui
1884 5440 2006 5511 ejhs

414 5532 496 5586 rei
538 5533 701 5599 culpa
733 5541 1021 5598 vacarent,
1052 5534 1175 5589 neci
1205 5534 1412 5591 dedere
1452 5533 1718 5590 instituit.
1761 5532 1832 5587 Et
1875 5547 2005 5588 ecce

414 5622 686 5678 facinoris
713 5624 918 5693 egregii
967 5636 1279 5695 patratores
1300 5626 1515 5698 seipsos
1560 5625 1876 5703 deterentes
1905 5624 2007 5679 ad.

410 5724 567 5781 sunt,
598 5714 882 5785 pulchrius
901 5734 1023 5776 esse
1063 5720 1333 5777 ducentes
1360 5761 1376 5787 ,
1413 5730 1475 5776 ut
1498 5718 1606 5791 ipsi
1631 5726 2005 5782 morerentur,

423 5818 590 5871 quam
638 5803 779 5860 alios
817 5822 915 5863 sua
974 5825 1139 5865 causa
1204 5809 1356 5881 nullo
1402 5809 1625 5862 illorum
1676 5807 2008 5861 commerita

410 5894 716 5959 periclitari
744 5912 1055 5958 cernerent.
1085 5900 1387 5958 Praefectus
1421 5915 1623 5957 noxam
1652 5898 1781 5969 illis,
1829 5897 1870 5954 si
1923 5913 2009 5955 sa-

1448 5980 1691 5995 ‘W":”

2091 600 2128 672 ἦ
2164 599 2379 669 ἄρχειν,
2437 597 2470 669 ἢ
2527 595 2863 666 ἀξιωμάτων
2904 593 3206 659 κοινωνεῖν,
3264 591 3520 662 ἀπεῖργε.
3575 590 3686 647 Καὶ

2092 689 2266 743 ταῦτα
2321 687 2661 757 ἐνομοθέτει,
2720 685 3015 754 ἐπιλέγων,
3091 685 3168 755 μὴ
3239 684 3479 755 χρῆσθαι
3538 680 3685 751 ξίφει

2094 781 2240 836 κατά
2268 797 2456 846 τινων,
2486 779 2598 834 τῶν
2617 780 2745 846 ἀξια
2783 777 3170 848 εἰργασμένων
3231 776 3487 830 θανάτου.
3543 775 3685 845 Πρό-

2096 891 2261 944 φασιν
2291 874 2350 927 δὲ
2380 880 2475 927 καί
2504 873 2604 943 τὴν
2644 872 2782 942 πρὸς
2815 870 3032 942 Πέρσας
3070 868 3250 941 εὑρὼν
3296 869 3536 939 ἀμυναν,
3585 866 3685 938 τὴν

2100 966 2215 1018 Ἕω
2240 965 2697 1036 κατατρεχόντων
2725 981 2741 998 ·
2806 965 3173 1035 λογισάμενος
3239 964 3317 1027 ὡς
3385 963 3689 1034 χρημάτων

2097 1058 2227 1112 ἀνευ
2260 1057 2415 1111 οὐδέν
2440 1075 2493 1111 τι
2520 1056 2923 1127 κατορθοῦσθαι
2974 1055 3225 1122 δύναται,
3246 1056 3439 1119 δολίως
3469 1054 3688 1108 ἐπενόει

2099 1152 2255 1223 παρὰ
2282 1151 2394 1204 τῶν
2429 1151 2778 1219 Χριστιανῶν
2811 1148 3100 1220 συλλέγειν
3151 1150 3224 1204 τά
3280 1152 3562 1222 χρήματα.
3600 1146 3690 1218 Τῷ

2099 1243 2210 1314 γὰρ
2243 1243 2317 1315 μὴ
2344 1242 2495 1297 θύειν
2528 1245 2818 1315 ᾑρημένῳ,
2843 1243 3082 1315 ζημιοῦν
3112 1247 3170 1309 ἐς
3200 1246 3467 1315 χρήματα
3511 1242 3688 1311 έλεγε.

2105 1337 2220 1389 Καὶ·
2237 1332 2307 1406 ἦν
2341 1335 2472 1390 ἰδεῖν
2505 1339 2716 1407 πικράν
2745 1353 2869 1392 τινα
2900 1337 3204 1408 καταδίκην
3231 1336 3372 1389 κατά
3425 1335 3692 1405 Χριστια-

2101 1429 2233 1492 νῶν,
2280 1429 2717 1500 ἀπαιτουμένων
2762 1430 2919 1506 ὅπερ.
2947 1429 3154 1502 ἥκιστα
3218 1429 3370 1498 εἰχον
3402 1444 3418 1459 ·
3484 1427 3692 1495 καίπερ

2105 1520 2326 1574 πάντων
2377 1520 2746 1593 εἰσφερόντων
2805 1522 3090 1591 ἀναλόγως
3160 1524 3227 1594 τῇ
3282 1521 3497 1592 κτήσει.
3584 1517 3694 1572 Καὶ

2104 1611 2369 1682 ἐξαπίνης
2421 1612 2451 1664 ὁ
2501 1612 2760 1682 βασιλεὺς
2817 1612 3081 1677 πλούσιος
3127 1608 3198 1684 ἦν
3239 1613 3304 1665 ἐκ
3368 1612 3466 1681 τῆς
3504 1609 3692 1664 ἀδίκου

2107 1698 2377 1771 συλλογῆς
2404 1700 2515 1753 τῶν
2545 1704 2868 1772 χρημάτων.
2940 1702 3213 1773 Ὀπηνίκα
3272 1700 3369 1752 καὶ
3431 1697 3694 1766 Ἕλληνες

2106 1791 2280 1855 ἀδεῶς
2337 1793 2497 1863 ἡμῶν
2549 1792 3004 1863 κατατρέχοντες,
3054 1793 3163 1847 πᾶν
3222 1793 3284 1845 τὸ
3346 1788 3505 1855 δόξαν
3559 1788 3693 1857 δρᾷν

2105 1880 2275 1954 εἶχον.
2301 1862 2421 1937 Κατ
2439 1862 2737 1955 πανταχοῦί
2765 1862 2999 1957 ξύρροιά
3043 1903 3128 1948 τις
3169 1884 3476 1953 φιλοσόφων
3536 1884 3693 1934 συνέ-

2103 1990 2265 2044 τρεχε
2299 1988 2315 2003 ⁶
2346 1976 2443 2030 καὶ
2480 1977 2577 2039 τάς
2607 1976 2668 2042 ἐξ
2722 1978 2957 2048 ἀρχαίου
3026 1977 3370 2040 ἀνεκαίνιζον
3424 1975 3649 2035 τελετάς
3674 1986 3691 2002 ⁸

2103 2067 2198 2120 καὶ
2236 2066 2569 2140 σπλάγχνοις
2601 2070 2693 2123 καὶ
2743 2070 3188 2140 ὴπατοσκοπίαις
3245 2069 3534 2139 ἐσχόλαζον
3561 2079 3575 2094 ³
3618 2066 3694 2127 ὼς

2104 2161 2200 2212 καὶ
2268 2159 2464 2221 παῖδας
2519 2162 2755 2232 ἄρρενάς
2813 2178 2876 2215 τε
2940 2162 3035 2214 καὶ
3096 2160 3317 2232 θηλείας
3402 2158 3693 2213 καταθύειν

2104 2251 2396 2323 ἀφθόρους,
2424 2256 2521 2310 καὶ
2542 2255 2655 2307 τῶν
2709 2254 2929 2325 σαρκῶν
2964 2253 3357 2323 ἀπογεύεσθαι.
3396 2253 3506 2306 Καὶ
3540 2250 3692 2305 ταῦτ’

2105 2344 2380 2416 ἔπραττον
2403 2348 2500 2401 καί⁵
2527 2347 2667 2400 κατὰ
2692 2352 2793 2410 τὰς
2832 2347 2998 2411 ἀλλας
3027 2349 3126 2418 μέν
3177 2345 3385 2409 πόλεις,
3455 2345 3697 2416 μάλιστα

2105 2434 2151 2491 δ’
2178 2441 2238 2491 ἐν
2279 2437 2659 2512 Ἀλεξανδρείᾳ
2689 2457 2702 2471 °
2759 2439 2890 2494 ἔνθα
2922 2441 2986 2510 δὴ
3036 2440 3133 2493 τοῦ
3187 2440 3491 2493 ἐπισκόπου
3548 2440 3697 2491 ἀντι-

2110 2531 2440 2601 πράττοντος
2483 2532 2808 2587 Ἀθανασίου
2864 2533 3197 2605 σκευωρίαις
3226 2533 3476 2595 ἐκείνων,
3511 2545 3694 2598 φυγας

2106 2623 2279 2695 πλοίῳ
2306 2625 2393 2680 διὰ
2425 2625 2518 2678 τοῦ
2592 2626 2785 2679 Νείλου
2854 2627 2934 2690 εἰς
2977 2626 3256 2695 Αἱγυπτον
3303 2628 3692 2695 πορευόμενος,

2105 2716 2285 2772 λαθὼν
2307 2719 2405 2789 τὴν
2450 2719 2859 2787 Ἀλεξάνδρειαν
2917 2721 3164 2779 εἴσεισιν,
3198 2718 3274 2780 ὡς
3322 2718 3517 2787 μικρὸν
3566 2716 3695 2769 ὄπι·

2108 2816 2234 2863 σθεν
2254 2809 2596 2879 διελάὁομεν.
2623 2811 2687 2863 Οἱ
2720 2809 2779 2863 δέ
2811 2826 2875 2878 γε
2904 2809 3014 2862 τῶν
3068 2807 3355 2877 ἐπαρχιῶν
3402 2808 3691 2876 ἄρχοντες,

2105 2900 2167 2953 τὸ
2200 2899 2534 2971 θρησκεύειν
2559 2901 2703 2956 οὓτω
2733 2902 2828 2955 τὸν
2877 2901 3108 2973 βασιλέα
3150 2902 3352 2954 οἰκεῖον
3392 2898 3692 2968 λογισάμε-

2107 3011 2189 3048 νοι
2223 2994 2433 3066 κέρδος,
2470 2997 2569 3049 καὶ
2594 2999 2781 3066 μεῖζον
2809 2995 2843 3067 ἢ
2879 2996 3099 3050 ἐκέλευε
3140 2994 3421 3068 βασιλεὺς,
3456 2996 3526 3047 τά
3559 2991 3697 3065 Χρι-

2109 3089 2343 3143 στιανῶν
2383 3090 2573 3153 κακῶς
2636 3090 2909 3160 ἔπραττον
2967 3107 2985 3125 θ
3040 3091 3304 3161 χρήματα
3363 3088 3463 3158 μέν
3511 3085 3694 3155 πολλῷ

1969 3180 2077 3276 χε
2109 3184 2334 3238 πλείονα
2393 3185 2895 3255 εἰσπραττόμενοι,
2963 3185 3060 3236 καὶ
3114 3186 3335 3253 σώμασι
3396 3181 3443 3235 δ’
3489 3180 3695 3250 ἐπῆγον

2105 3277 2167 3330 οὐ
2202 3277 2433 3349 μετρίας
2484 3278 2574 3331 διὰ
2602 3276 2780 3333 ταῦτα
2812 3276 3049 3347 πληγάς.
3090 3278 3157 3330 Ἀ
3188 3277 3254 3347 δὴ
3287 3276 3382 3329 καὶ
3442 3274 3694 3344 βασιλεὺς

2106 3373 2418 3443 μανθάνων,
2450 3374 2508 3424 ἐν
2547 3370 3026 3424 οὐδενὶέποιείτο
3051 3386 3066 3403 ο
3104 3370 3400 3442 προσιοῦσι
3450 3371 3508 3423 δὲ
3558 3368 3694 3441 Χρι-

2106 3467 2343 3528 στιανοῖς
2390 3466 2486 3520 καὶ
2506 3464 2572 3519 δι’
2599 3464 2756 3534 ὄχλου
2816 3464 2966 3535 αύτῷ
3013 3466 3344 3535 γινομένοις,
3393 3463 3649 3529 ἀντέλεγε
3676 3477 3691 3492 ’

2110 3576 2131 3611 ε
2162 3557 2345 3628 Νόμος
2374 3557 2523 3612 ἐστιν
2558 3558 2689 3628 ὑμῖν
2720 3556 3013 3628 εἰρημένος
3075 3556 3324 3628 Χριστῷ,
3382 3557 3694 3627 πάσχοντας

2106 3652 2293 3717 κακῶς
2326 3694 2341 3719 ,
2404 3653 2709 3723 ὑποφέρειν
2762 3653 3027 3723 γενναίως
3061 3696 3074 3719 ,
3143 3651 3242 3704 καί
3306 3650 3693 3719 ἀδικουμένους

2107 3744 2185 3815 μὴ
2212 3746 2537 3815 ἀντ.λέγειν.
2578 3764 2597 3799 t
2636 3745 2748 3798 Kal.
2775 3745 2934 3798 τοῦτο
2966 3744 3131 3815 δῆλον
3186 3744 3243 3810 ἐξ
3302 3736 3378 3797 ὧν
3433 3743 3694 3811 Ἀμάχιος

2104 3837 2463 3908 διεπράξατο,
2497 3837 2573 3901 ὡς
2607 3836 2793 3909 μικρῷ
2847 3836 3084 3907 πρόσθεν
3115 3837 3444 3908 εἰρήκαμεν.
3474 3837 3546 3888 Οὐ
3586 3834 3693 3905 μὴν

2104 3931 2312 4003 ἀπᾷδον
2342 3931 2408 3983 ἂν
2438 3929 2591 4002 δόξῃ,
2624 3932 2723 3984 καὶ
2761 3929 2923 3994 αὖθις
2965 3929 3297 4001 ἐπιδραμεῖν
3356 3927 3444 3981 διὰ
3493 3931 3554 3981 τὸ
3603 3929 3693 3979 εύ-

2108 4025 2483 4097 μνημόνευτον
2531 4027 2634 4095 τὴν
2693 4023 2970 4096 διήγησιν.
3031 4024 3131 4077 ’Ἑν
3194 4041 3302 4078 τινι
3359 4025 3469 4093 γὰρ
3525 4022 3695 4091 μικρᾷ

2107 4119 2264 4174 πόλει
2286 4121 2386 4189 τῆς
2422 4119 2696 4189 ἐπαρχίας
2747 4118 2988 4188 Φρυγίας
3036 4116 3316 4171 εἰδωλικόν
3369 4134 3419 4170 τι
3468 4116 3694 4183 τέμενος

2104 4209 2541 4283 ἐκκαθαίρεσθαι
2565 4211 2658 4264 τὸν
2702 4212 2768 4264 ἐκ
2815 4209 2912 4264 τοῦ
2974 4210 3171 4281 χρόνου
3225 4210 3416 4282 ῥύπον,
3482 4210 3576 4260 καὶ
3625 4212 3696 4258 τα

2105 4304 2401 4375 ἀγάλματα
2460 4302 2786 4373 ἐπιμελείας
2843 4303 2940 4370 τῆς
3013 4302 3399 4372 προσηκούσης
3443 4300 3695 4352 ἐκέλευεν

2106 4398 2314 4463 ἀξιοῦν.
2338 4395 2414 4449 Τδ
2439 4395 2541 4466 μὲν
2575 4390 2669 4448 οὖν
2696 4394 2860 4465 ἔργον
2891 4378 3104 4463 ἐγίνετο
3132 4409 3149 4426 ·
3179 4393 3338 4447 τοῦτο
3363 4394 3418 4446 δε
3477 4393 3568 4447 διὰ
3601 4392 3691 4443 λύ-

2108 4506 2217 4558 πης
2251 4490 2490 4559 μάλιστα
2522 4480 2592 4559 ἦν
2619 4488 2734 4550 τοῖς
2773 4487 3148 4557 Χριστιανοῑς.
3182 4487 3296 4541 Καὶ
3318 4485 3384 4555 δή
3418 4500 3563 4545 τινες
3618 4483 3695 4551 μὴ

2036 4584 2078 4639 ι)
2108 4584 2168 4636 τὸ
2200 4580 2379 4635 θλίὸον
2412 4577 2625 4647 στέγειν
2652 4578 2947 4650 δυνάμενοι
3013 4577 3372 4649 (Μακεδόνιος
3428 4575 3526 4630 καὶ
3569 4574 3700 4628 Θεό-

2106 4675 2291 4738 δουλος
2316 4669 2457 4746 ἦσαν
2491 4670 2661 4738 οὗτοι,
2686 4674 2779 4725 καὶ
2829 4671 3143 4739 Τατιανὸς),
3176 4671 3325 4742 ζήλῳ
3361 4669 3696 4738 διαθερμανσ-

2108 4768 2318 4831 θέντες,
2370 4764 2567 4828 νυκτὸς
2622 4764 2889 4827 εἰσιόντες
2931 4764 2992 4816 τὸ
3042 4764 3295 4833 τέμενος,
3351 4761 3694 4831 συντρίϐουσι

2106 4863 2175 4916 τά
2198 4861 2509 4931 ἀγάλματα.
2545 4858 2655 4913 Τοῦ
2697 4858 2757 4913 δὲ
2791 4860 3065 4929 ἡγεμόνος
3116 4859 3228 4918 τοῖς
3277 4858 3689 4926 πεπραγμένοις

2105 4952 2489 5026 ἀσχάλλοντας,
2542 4954 2639 5007 καὶ
2698 4949 2934 5014 πολλοὺς
2986 4951 3098 5003 τῶν
3145 4948 3407 5004 ἀναιτίων
3459 4950 3694 5001 κτείνειν

2110 5046 2536 5111 σπουδάζοντος,
2568 5042 3041 5113 καταγγέλλουσιν
3093 5043 3320 5106 ἐαυτοὺς
3351 5042 3403 5095 οἰ
3441 5041 3697 5094 αὐθένται

2106 5141 2203 5197 τοῦ
2254 5140 2422 5213 έργου
2463 5156 2480 5174 ο
2544 5137 2752 5209 μᾶλλόν
2787 5153 2849 5189 τε
2911 5137 3068 5190 αὐτοὶ
3134 5135 3391 5207 θνήσκειν
3442 5133 3697 5207 ᾑροῦντο,

2107 5237 2141 5305 ἢ
2175 5234 2369 5298 ἄλλους
2405 5233 2687 5297 ἀναιτίους
2709 5234 2843 5302 ὸρᾷν
2874 5232 3018 5302 ὺπέρ
3047 5231 3229 5285 αὐτῶν
3255 5231 3698 5291 κινδυνεύοντας.

2118 5330 2178 5383 '0
2212 5330 2268 5383 δέ
2297 5327 2484 5400 ἄρχων
2508 5326 2750 5381 διαλύειν
2772 5324 2832 5378 τδ
2861 5324 3108 5396 ἀδίκημα
3140 5324 3202 5379 τι
3233 5322 3511 5395 αἱρεῖσθαι
3546 5320 3700 5375 θύειν

2111 5426 2360 5484 ἐκέλευε.
2399 5424 2475 5496 μὴ
2513 5422 2871 5493 βουλομένοις
2926 5420 2973 5474 δ’
3007 5423 3281 5493 ἀναιρεῖν,
3328 5405 3581 5491 ἠπείλει.
3635 5415 3700 5501 0i

2108 5522 2153 5574 δ’
2214 5520 2461 5588 εὐγενεῖς
2524 5517 2722 5570 ἐκεῖνοι
2788 5514 2884 5568 καὶ
2940 5502 3041 5585 τὴν
3107 5513 3287 5587 ψυχὴν
3342 5512 3700 5583 ἀδαμάντινοι

2112 5616 2273 5672 πάνθ’
2302 5614 2515 5682 ἕτοιμοι
2554 5611 2761 5681 μᾶλλον
2784 5604 2926 5682 ἦσαν
2959 5609 3218 5679 πάσχειν,
3248 5607 3281 5680 ἢ
3310 5610 3430 5673 ταῖς
3476 5603 3698 5667 θυσίαις

2115 5707 2467 5782 μολύνεσθαι.
2498 5704 2733 5767 Πολλοῖς
2770 5699 2866 5758 οὖν
2927 5703 3193 5774 πρότερον
3250 5701 3507 5772 βασάνοις
3571 5698 3697 5761 τοὺς

2115 5801 2303 5869 ἀγὶους
2327 5798 2530 5869 ἄνδρας
2579 5797 2825 5859 ἐκείνους
2855 5796 3211 5859 κατασείσας,
3274 5795 3397 5847 ἐπεὶ
3449 5793 3523 5863 μὴ
3578 5791 3694 5843 πείο

2113 5894 2227 5952 θειν
2269 5886 2405 5963 εἶχε,
2432 5889 2583 5955 τέλος
2616 5884 3015 5963 ἐπ’-ἐσχάραις,
3038 5886 3236 5951 αὐτοὺς
3292 5885 3544 5955 οέμεκης,
3606 5881 3697 5935 ,αἱ

1849 5980 2057 6014 w‘“
2103 5986 2148 5998 ρ..
