4054 6434
308 381 410 445 509

1227 343 1856 445 ἘποιᾳΕδιΑδΤιρίΕ
1897 387 2284 459 lJISTORI/E
2321 390 2465 452 Lm.
2509 389 2584 450 Χ.

3483 390 3592 454 510

306 502 418 571 πῦρ
478 499 682 570 λάϐρον
753 502 1044 571 υπανάιζνας
1095 503 1302 565 αὐτοῖς,
1371 502 1516 556 οὕτω
1565 503 1894 574 διέφθειρεν.

2012 507 2282 573 crificcnt,
2321 510 2526 563 remitti
2558 508 2734 574 jubet.
2767 507 2943 577 Atque
2975 506 3026 561 id
3057 506 3163 563 illis
3193 507 3584 570 abnuentibus.

307 594 368 645 Οί
409 592 465 645 δὲ
517 591 657 660 πρὸς
694 592 967 661 τοσαύτην
1015 593 1300 664 ὠμότητος
1349 593 1680 665 ὑπερϐολὴν,
1743 613 1897 665 τηνι-

306 685 483 740 καῦτα
508 685 608 754 τὴν
637 685 740 754 τῆς
762 686 990 755 ἀνδρίας
1023 685 1377 750 ἐπεδείξαντο
1431 689 1727 757 κορωνίδα,
1790 687 1896 757 τὴν

304 776 551 846 ἀοίδιμον
588 778 805 848 ἐκείνην
857 778 1180 840 ὲπειπόντες
1211 779 1400 848 φωνήν
1446 794 1462 810 ο
1519 797 1536 830 ι
1573 777 1635 832 Ei
1693 780 1896 846 ὀπτῶν,

304 861 349 924 ὧ
397 871 648 938 Ἀμὰχεε,
687 869 865 940 κρεῶν
913 870 1207 940 ἐπιθυμεῖς
1265 868 1708 938 ἀπογεύσασθαι,
1759 871 1900 924 κάπὶ

303 964 402 1025 τὰς
430 963 626 1032 ἑτέρας
658 963 892 1032 στρέψον
923 965 1072 1034 ἡμᾶς
1108 963 1243 1015 πλευ
1264 963 1388 1032 ρὰς,
1424 963 1512 1016 ἵνα
1543 963 1618 1032 μὴ
1669 961 1738 1014 τὰ
1761 963 1900 1032 πρὸς

305 1056 498 1124 γεῦσιν
529 1055 792 1124 ήμίοπτοί
821 1073 905 1108 σοι
938 1055 1199 1126 φανῶμεν
1237 1056 1332 1108 καὶ
1363 1054 1556 1124 ἀηδίας
1617 1052 1828 1122 μεστοί.
1871 1071 1889 1105 ι

314 1146 458 1200 Ἀλλ’
487 1146 631 1201 οὕτω
672 1148 771 1218 μὲν
800 1149 850 1201 οἱ
891 1150 1130 1218 γενναῖοι
1175 1148 1237 1202 τὸ
1265 1145 1359 1200 τοῦ
1409 1144 1717 1217 μαρτυρίου
1781 1144 1899 1214 διή-

303 1258 474 1294 νυσαν
528 1240 766 1298 στάδιον.

2007 601 2187 654 minas
2226 601 2480 658 intentat.
2517 601 2585 655 At
2614 600 2858 670 pra'clari
2884 601 2959 655 illi
3001 601 3366 657 adamantinis
3388 604 3587 659 animis

2007 693 2136 756 viri,
2166 693 2348 747 omnia
2385 694 2569 762 potius
2617 694 2850 764 perpeti,
2886 710 3049 762 quam
3097 704 3156 749 ut
3203 695 3494 749 sacrificiis
3525 711 3585 751 se

2008 786 2402 846 contaminent,
2447 796 2579 840 sunt
2607 787 2801 855 parati.
2833 787 2983 842 [licet
3034 787 3124 840 ille.
3178 787 3328 841 viros
3363 799 3585 843 sanctos

2011 875 2200 930 multis
2254 868 2486 946 primum
2539 879 2883 932 excruciatos
2933 879 3247 940 tormentis,
3295 879 3388 932 ubi
3433 879 3581 946 quod

2005 968 2265 1032 volebat,
2324 970 2404 1024 eis
2460 986 2566 1023 non
2625 971 2915 1040 persaasit,
2961 979 3240 1038 postremo
3299 970 3582 1024 craticulis

2004 1052 2262 1122 imponit,
2298 1055 2476 1123 ignem
2514 1058 2810 1126 plurimum
2846 1059 3087 1129 subjicit,
3124 1070 3286 1128 atque
3321 1059 3392 1112 ita
3435 1058 3574 1111 inte-

2003 1145 2174 1200 rimit.
2231 1147 2404 1200 Porro
2458 1148 2530 1201 illi
2594 1149 2973 1204 crudelitatem
3037 1149 3280 1219 praefecti
3347 1157 3580 1215 tantam,

1999 1237 2345 1292 fortitudinis
2385 1249 2498 1294 tum
2557 1256 2668 1295 sure
2708 1243 3026 1295 coronidem
3081 1257 3203 1297 esse
3257 1242 3578 1304 ostendunt,

304 1340 566 1410 praeclara
603 1339 691 1392 illa
731 1339 877 1394 edita
910 1353 1042 1394 voce
1080 1357 1094 1394 :
1136 1358 1155 1391 ‹
1206 1338 1261 1394 Si
1299 1351 1452 1394 assas
1483 1350 1676 1391 carnes
1715 1332 2007 1403 degustare
2069 1336 2251 1404 cupis.
2295 1337 2524 1390 Amachi
2552 1379 2568 1402 ,
2594 1338 2646 1391 in
2679 1338 2915 1392 alterum
2958 1338 3103 1392 latus
3134 1353 3232 1391 nos
3269 1347 3454 1402 verte,
3512 1353 3580 1390 ne

307 1432 606 1488 semicrudi
681 1442 735 1486 et
801 1432 867 1486 ad
909 1433 1184 1489 edendum
1233 1447 1424 1504 parum
1506 1429 1603 1484 tibi
1641 1440 1837 1483 suaves
1901 1426 2271 1504 reddamurq
2337 1430 2414 1483 Ad
2462 1447 2587 1484 cum
2651 1431 2871 1486 modutn
2936 1431 3189 1502 generosi
3240 1430 3328 1486 isti
3358 1430 3462 1483 viri
3523 1430 3578 1483 in

311 1528 556 1599 martyrii
591 1529 769 1584 stadio
804 1519 1196 1589 decurrerunt.

892 1678 1147 1735 ΚΕΦΑΛ.
1179 1677 1308 1731 κει.

309 1774 438 1829 Ὀτι
470 1776 620 1842 πρὸς
651 1777 777 1840 τοῖς
801 1776 1012 1840 ἄλλοις
1037 1778 1070 1829 ὁ
1099 1766 1584 1842 ἀποστᾴτηςμκαὶ
1610 1766 1720 1836 τῆς
1753 1766 1890 1842 Ἐλ-

387 1839 639 1914 ληνικῆς
670 1839 944 1910 παιδείας
972 1839 1135 1914 νόμῳ
1168 1839 1416 1914 ἀπεῖργε
1444 1839 1845 1914 Χριστιᾳφςούς
1870 1853 1886 1868 ο

388 1908 482 1970 καί
514 1908 674 1983 ὅπως
712 1908 1337 1984 Γρηγόριοᾷδμέγας,
1369 1909 1479 1984 καὶΔ
1500 1912 1551 1962 οὶ
1585 1908 1895 1984 “roger

399 1977 864 2055 Ἀπολλιᾶρὰρὶοὶξ
908 1977 1028 2050 ’τάξ
1065 1977 1237 2055 θείειςῇ
1282 1977 1529 2055 Γραφὰς
1583 1979 1894 2055 παίτρίοις

380 2057 614 2130 μέτροις
643 2047 1088 2122 mimorum,
1111 2053 1192 2119 τῷ
1214 2051 1452 2103 ἐκείνου
1485 2047 1697 2114 σκοπῷ
1726 2047 1896 2102 ἀντε-

381 2128 665 2195 τάξαντο.

383 2248 529 2319 Πρδς
561 2247 618 2299 δέ
673 2245 736 2316 δὴ
771 2247 884 2307 τοῖς
913 2245 1098 2305 ἄλλοις
1133 2245 1230 2298 καὶ
1292 2245 1442 2315 νόμῳ
1493 2240 1712 2296 ἐκέλευε
1761 2239 1897 2306 Χρι-

312 2339 549 2395 στιανῶν
579 2333 774 2401 παῖδας
811 2338 887 2409 μὴ
936 2336 1276 2398 παιδεύσεως
1333 2335 1584 2406 μετέχειν
1651 2331 1898 2400 Ἐλληνιο

309 2434 413 2501 κῆς
441 2449 459 2464 ·
499 2432 635 2502 μηδέ
657 2431 783 2494 τοὺς
814 2429 950 2498 παρ’
983 2429 1215 2492 ἐκείνοις
1246 2427 1480 2496 ποιητὰς
1511 2427 1603 2480 καὶ
1652 2438 1896 2494 συγγρα-

311 2527 448 2596 φέας
483 2523 854 2588 διδάσκεσθαι,
883 2523 1004 2576 οὐδὲ
1034 2523 1148 2585 τοῖς
1184 2521 1316 2590 παρ’
1352 2519 1591 2582 ἐκείνοις
1643 2515 1895 2570 διδασκα-

309 2618 474 2679 λείοις
502 2616 696 2684 φοιτᾷν
721 2629 735 2644 ο
775 2613 864 2667 ἵνα
899 2614 996 2684 μὴ,
1035 2614 1194 2683 φησὶ,
1230 2611 1330 2675 τὰς
1379 2611 1631 2680 γλώσσας
1690 2607 1898 2680 ἀκονώέ

313 2725 486 2780 μενοι,
521 2709 580 2760 ἐν
618 2706 822 2777 ἐτοίμῳ
861 2702 972 2759 εἷεν
997 2704 1134 2775 πρὸς
1167 2707 1294 2768 τοὺς
1332 2703 1464 2773 παρ’
1493 2705 1627 2775 ἡμῖν
1672 2705 1898 2756 ἀντικα-

311 2800 598 2854 θίστασθαι
631 2799 1036 2864 διαλεκτικοὺς,
1063 2797 1160 2852 καὶ
1197 2796 1486 2868 σεμνύνειν
1524 2798 1624 2866 μὲν
1663 2796 1732 2850 τὰ
1771 2797 1899 2849 ἐαυ-

311 2893 441 2955 τῶν,
466 2893 760 2957 εὐέλεγκτα
785 2893 839 2944 δὲ
876 2891 1167 2944 δεικνύωσι
1197 2892 1266 2942 τὰ
1305 2889 1574 2959 ἡμέτερα.
1632 2887 1898 2941 Ἐλύπουν

314 3001 377 3053 γι
405 2983 511 3056 μὴν
545 2984 738 3038 τοῦτον
766 2985 826 3036 οὐ
865 2985 1064 3054 μέτρια
1118 2983 1423 3053 Γρηγόριος
1478 2981 1573 3034 καὶ
1617 2979 1898 3041 Βασίλειος

311 3081 362 3132 oi
394 3075 787 3142 Καππαδόκαι,
813 3074 1171 3145 παντοδαπὴν
1209 3073 1650 3142 ἐπιδεδειγμένοι
1673 3071 1894 3138 τέχνην,

312 3170 560 3233 καὶτοὺς
597 3169 718 3221 τότε
772 3168 1010 3238 ῥήτορας
1068 3166 1297 3236 μεγέθει
1352 3165 1568 3232 φύσεως
1621 3161 1895 3232 ύπερῆἀλο

313 3261 495 3324 λοντες
522 3277 535 3292 ·
565 3260 660 3314 καὶ
696 3259 900 3330 μᾶλλον
946 3260 1271 3331 Γρηγόριος,
1307 3257 1442 3328 πρὸς
1473 3257 1703 3308 παντοῖα
1733 3253 1896 3323 ποιή-

317 3369 453 3405 σεων
482 3353 595 3423 εἴδη
642 3351 1040 3422 μεταπλάττων
1058 3353 1185 3413 τοὺς
1221 3350 1433 3420 λόγους,
1464 3349 1499 3402 ὃ.
1531 3349 1646 3415 ἔπη
1680 3347 1900 3416 ὠνόμα-

317 3461 376 3497 σε
405 3461 421 3476 ⁸
451 3447 546 3498 καὶ
599 3443 749 3498 ἄλλοι
807 3443 1052 3497 πλεῖστοι
1113 3443 1304 3512 ἄνδρες
1357 3440 1677 3507 ἐλλόγιμοι·
1737 3431 1811 3490 ὧν
1848 3437 1899 3490 οἱ

319 3537 420 3604 μὲν
445 3539 543 3607 τὴν
567 3537 624 3589 ἐν
653 3536 860 3606 Νικαίᾳ
889 3535 1076 3589 πίστιν
1128 3536 1384 3606 ἐζήλουν,
1415 3533 1465 3586 οἱ
1489 3533 1546 3585 δὲ
1576 3531 1674 3601 τὴν
1723 3531 1901 3600 Ἀρεί-

315 3646 378 3682 ου
431 3628 795 3696 συνεκρότουν
829 3627 1026 3691 δόξανο
1069 3625 1151 3679 ἔτι
1206 3625 1264 3678 δὲ
1318 3626 1415 3677 καὶ
1473 3623 1523 3676 οῑ
1572 3623 1654 3675 ἐκ
1713 3621 1902 3691 Σύρων

327 3721 752 3792 Ἀπολλινάριοι,
781 3718 916 3790 πρὸς
948 3721 1132 3772 πᾶσαν
1164 3717 1308 3770 ἰδέαν
1364 3715 1524 3783 λόγον
1600 3714 1696 3767 καὶ
1750 3705 1902 3766 οὗτοι

316 3813 873 3883 παρεσκευασμένον
951 3809 1002 3864 οἳ
1068 3811 1164 3864 καὶ
1211 3809 1590 3878 φανερώτεροι
1646 3804 1904 3858 ἐντεῦθεν

321 3906 523 3976 μᾶλλον
551 3903 923 3977 κατέστησαν.
955 3903 1146 4007 ἳατὴρ
1174 3903 1232 3956 δέ
1270 3898 1410 3975 ἦσαν
1441 3893 1589 3954 οὗτοι
1620 3903 1716 3954 καὶ
1743 3899 1860 3960 υἱός
1887 3910 1900 3926 ’

317 3995 602 4067 ὁμώνυμοι
663 3996 760 4049 καὶ
824 3991 1002 4067 ἄμφιῖ
1076 3995 1216 4066 ἴδρις
1270 3994 1448 4060 λόγων
1508 3993 1826 4044 παντοίων·
1877 3991 1905 4043 ὁ

323 4090 420 4159 μὲν
483 4091 592 4160 γὰρ
650 4089 835 4160 πατὴρ
878 4088 1313 4159 γραμματικῶν,
1375 4085 1709 4155 σοφιστικῶν
1773 4083 1829 4136 δὲ
1876 4084 1905 4136 ὁ

322 4185 456 4247 υἱός.
502 4183 730 4254 Ἐπίσης
765 4182 821 4236 δέ
851 4182 1138 4252 χρειώδεις
1167 4180 1406 4242 ’ἑαυτοὺς
1459 4179 1726 4247 παρεῖχον
1771 4176 1906 4244 Χρι-

325 4275 558 4334 στιανοϊς
580 4271 658 4340 τῷ
705 4269 906 4341 καιρῷ,
929 4270 1216 4337 ,ἐγκαίρως
1248 4270 1316 4337 τῇ
1347 4265 1662 4336 πολυμαθία
1691 4265 1782 4316 καὶ
1836 4265 1902 4333 τῇ

323 4365 481 4434 φύσει
517 4366 884 4435 χρησάμενοι.
934 4363 995 4415 Ὃ
1058 4363 1158 4432 μὲν
1208 4361 1338 4431 γὰρ,
1395 4359 1489 4413 ἅτε
1530 4358 1594 4426 δὴ
1639 4373 1906 4427 γραμμα-

323 4460 480 4528 τικὴν
502 4461 582 4519 είς
614 4458 786 4529 ἄκρον
815 4455 1294 4524 ἀκριϐωσάμενος,
1316 4453 1438 4505 ἀντὶ
1476 4450 1573 4520 μὲν
1592 4451 1691 4520 τῆς
1733 4448 1907 4518 Ὀμήσ

325 4570 420 4622 ρου
451 4554 725 4620 ποιήσεως
771 4549 990 4621 ἡρωῖκῷ
1029 4551 1214 4621 μέτρῳ
1263 4546 1362 4618 τὴν
1412 4545 1657 4607 Μωσέως
1721 4543 1903 4612 βίϐλον
1937 4567 1980 4623 D

328 4644 426 4696 xei
459 4645 554 4712 τὴν
601 4643 874 4713 Ἐὅραίων
941 4639 1336 4711 ἀρχαιολογίαν
1391 4637 1738 4712 συνέταττεν,
1775 4636 1905 4704 ἄχρι

329 4735 392 4802 δὴ
448 4737 540 4789 καὶ
590 4735 690 4803 τῆς
748 4733 1028 4804 βασιλείας
1085 4731 1180 4784 τοῦ
1229 4729 1406 4783 Σαοὺλ
1455 4727 1755 4782 κατελθών.
1811 4728 1906 4789 Εἰς

325 4829 748 4897 εἰκοσιτέσσαρα
778 4826 836 4879 δὲ
886 4826 1154 4894 τμήματα
1200 4824 1298 4893 τὴν
1327 4821 1597 4887 τοσαύτην
1644 4836 1906 4889 πραγμα-

321 4922 476 4972 τείαν
510 4918 729 4983 διεῖλεν,
756 4919 972 4988 ἐκάστῳ
1023 4916 1276 4985 τμήματι
1336 4917 1451 4975 τοῖς
1501 4912 1631 4982 παρ’
1683 4909 1906 4978 Ἕλλησι

327 5011 614 5081 στοιχείοις
640 5011 739 5079 τὴν
767 5008 1146 5082 προσηγορίαν
1183 5006 1440 5076 θέμενος,
1475 5003 1616 5056 κατὰ
1674 5001 1908 5072 μίμησιν

325 5107 427 5174 τῆς
472 5104 714 5174 Ὀμήρου
768 5102 1045 5171 ποιήσεως
1078 5115 1093 5131 ⁸
1144 5099 1242 5152 καὶ
1300 5095 1609 5168 τραγῳδίαν
1642 5094 1905 5163 δραματι-

327 5195 431 5264 κὴν
474 5194 850 5270 ἐξειργάζετο,
909 5193 1001 5245 τὸν
1042 5190 1343 5260 Εὐριπίδην
1400 5187 1760 5257 μιμούμενος,
1815 5183 1910 5237 καὶ

326 5289 425 5360 τὴν
458 5289 722 5356 Πινδάρου
748 5286 941 5354 λύραν.
973 5286 1083 5338 Καὶ
1119 5284 1254 5352 πρὸς
1310 5283 1408 5345 τὰς
1464 5281 1755 5352 κωμῳδίας
1797 5281 1912 5334 Με-

327 5381 557 5449 νάνδρου
614 5381 950 5448 εἰκασμένας
1010 5376 1304 5437 ὑποθέσεις
1374 5374 1584 5427 ἐτίθει’
1638 5372 1800 5425 παντί
1849 5388 1910 5424 τε

332 5471 515 5540 μέτρῳ
575 5469 861 5540 ρυθμικῶς
921 5470 1125 5540 ἐχρῆτο
1157 5483 1174 5499 ⁸
1239 5467 1432 5530 ἁπλῶς
1484 5481 1543 5518 τε
1598 5463 1790 5533 φάναι,
1847 5462 1912 5513 ἐκ

330 5562 442 5615 τῶν
478 5560 644 5614 θείων
679 5560 916 5630 Γραφῶν
946 5560 1042 5620 τὰς
1073 5558 1332 5628 ἀφορμὰς
1372 5555 1688 5625 λαμϐάνων,
1739 5550 1912 5622 ἰσαρί-

309 5655 501 5724 ’θμους
528 5654 816 5714 ὑποθέσει;
844 5653 955 5707 τῶν
978 5651 1288 5719 ἐγκυκλίων
1341 5649 1698 5716 καλουμένων
1731 5644 1910 5716 μαθη-

336 5748 524 5818 μάτων
580 5747 815 5810 ἐπενόει,
884 5746 984 5808 τὰς
1050 5742 1440 5814 πραγματείας
1508 5741 1565 5792 ἐν
1639 5736 1912 5808 ἐλαχίστῳ

335 5840 695 5913 χρόνῳαοὴὰς
725 5839 1010 5907 συντιθεὶς,
1047 5838 1103 5892 ἐν
1123 5855 1181 5892 τε
1233 5837 1355 5907 ἤθει
1421 5835 1513 5888 καὶ
1565 5833 1762 5904 φράσει
1818 5833 1912 5885 καὶ

2571 1665 2799 1722 CAPUT
2842 1664 3008 1721 XXV.

2005 1755 2069 1811 Ut
2100 1759 2316 1820 insuper
2343 1766 2608 1825 apostata,
2635 1759 2748 1827 lege
2778 1759 2912 1822 lata,
2939 1759 3255 1812 Christianis
3273 1757 3578 1814 Graecarum

2072 1835 2273 1880 artium
2312 1837 2359 1880 et
2390 1829 2778 1881 institutionum
2807 1829 2993 1882 litteris
3025 1831 3356 1882 interdixerit
3394 1847 3407 1881 :
3439 1838 3486 1882 et
3523 1835 3578 1880 ut

2071 1896 2352 1966 Gregorius
2380 1915 2623 1968 magnus,
2659 1907 2707 1950 et
2740 1900 2845 1952 duo
2868 1899 3203 1968 Apollinares
3235 1897 3378 1966 Syri,
3397 1915 3579 1952 sacras

2070 1968 2379 2033 Scripturas
2429 1970 2571 2022 omni
2628 1985 2819 2038 genere
2865 1971 3164 2022 carminum
3225 1970 3576 2039 expolientes,

2069 2039 2290 2092 consilio
2318 2050 2364 2092 et
2402 2040 2644 2092 instituto
2678 2039 2792 2108 ejus
2841 2039 3150 2093 obstiterint.

2068 2219 2148 2272 Ad
2182 2215 2320 2284 haec,
2358 2233 2427 2272 ne
2475 2217 2923 2272 ChriStianorum
2965 2219 3121 2287 pueri
3156 2216 3362 2272 Griecis
3406 2215 3577 2270 disci-

1997 2312 2166 2381 plinis
2194 2311 2573 2375 erudirentur,
2595 2318 2688 2366 aut
2720 2320 2915 2380 poetas
2946 2310 3360 2379 scriptoresque
3381 2325 3576 2364 eorum

1998 2406 2282 2475 legerent,
2320 2405 2606 2461 scholasve
2649 2404 2898 2473 publicas
2957 2403 3398 2472 frequentarent,
3458 2403 3578 2472 lege

1997 2497 2144 2552 cavit
2176 2513 2191 2551 :
2220 2497 2301 2554 Ne
2335 2497 2542 2566 linguis
2572 2512 2787 2562 eorum,
2835 2494 3017 2564 inquit
3044 2537 3058 2556 ,
3092 2495 3347 2549 acumine
3378 2509 3578 2562 perpo-

1998 2593 2132 2657 litis,
2154 2592 2316 2648 facile
2348 2591 2790 2662 disputatoribus
2822 2590 3027 2644 nostris
3047 2589 3325 2652 resistere,
3345 2596 3400 2640 et
3422 2600 3576 2640 saera

1999 2685 2225 2756 quidem
2282 2701 2382 2739 sua
2429 2683 2789 2754 amplificare,
2857 2681 3183 2752 religionem
3235 2689 3421 2734 autem
3477 2694 3579 2732 no-

2000 2784 2170 2827 stram
2230 2772 2486 2826 refellere
2545 2771 2704 2827 facile
2750 2781 2978 2841 queant.
3012 2769 3119 2840 55
3172 2770 3290 2825 Non
3347 2783 3576 2838 parvum

2000 2869 2150 2922 enim
2213 2868 2264 2922 ei
2322 2865 2568 2922 dolorem
2605 2882 2828 2922 movere
2878 2864 3182 2931 Gregorius
3226 2871 3280 2916 et
3343 2861 3580 2928 Basilius

1999 2958 2354 3029 Cappadoces
2381 2997 2396 3022 ,
2434 2959 2529 3029 qui
2579 2959 2932 3027 omnigenam
2988 2964 3163 3009 artem
3201 2968 3356 3008 suam
3410 2951 3578 3006 rebus

2004 3052 2194 3106 multis
2223 3051 2666 3115 declaraveram,
2699 3050 2822 3120 ejus
2872 3047 3138 3117 temporis
3169 3055 3418 3100 oratores
3444 3081 3459 3107 ,
3490 3043 3580 3095 in-

2003 3146 2148 3216 genii
2183 3146 2500 3217 praestantia
2530 3146 2692 3216 longe
2739 3151 3064 3214 superantes
3097 3158 3112 3194 :
3144 3140 3419 3210 praecipue
3439 3137 3578 3192 Gre-

2004 3239 2215 3308 gorius,
2246 3237 2342 3307 qui
2369 3238 2536 3292 verba
2557 3238 2720 3291 etiam
2749 3235 2918 3291 variis
2941 3241 3256 3304 poematum
3285 3229 3582 3301 generibus

2004 3330 2251 3392 inclusit,
2280 3345 2468 3398 .eaque
2497 3344 2690 3383 versus
2721 3325 3058 3382 nominavit:
3084 3334 3140 3379 et
3169 3323 3258 3377 alii
3293 3318 3584 3390 quamplu-

2004 3421 2129 3477 rimi
2177 3421 2560 3490 spectativiri,
2610 3434 2846 3488 quorum
2901 3414 3155 3470 nonnulli
3182 3413 3461 3468 Niceenam
3499 3424 3589 3465 se-

2004 3517 2320 3586 quebantur
2352 3513 2536 3576 ﬁdem,
2577 3511 2800 3581 quidam
2834 3508 2951 3562 Arii
2982 3507 3300 3577 opinionem
3333 3517 3587 3571 compro—

2004 3609 2234 3663 babant.
2281 3605 2404 3677 Syri
2435 3607 2601 3659 etiam
2630 3602 2978 3672 Apollinares
2999 3639 3014 3666 ,
3048 3597 3197 3653 omni
3228 3595 3446 3652 dicendi
3487 3611 3583 3665 ge-

2005 3716 2139 3756 nere
2166 3699 2336 3771 probe
2386 3695 2683 3759 instructi,
2731 3693 2976 3764 praeclari
3013 3691 3248 3746 maxime
3279 3705 3346 3745 eo
3398 3687 3586 3744 studio

2005 3807 2253 3858 evasere,
2289 3802 2448 3862 pater
2479 3801 2535 3845 et
2571 3789 2718 3844 filius
2768 3787 2872 3842 sibi
2907 3784 3290 3856 cognomines,
3329 3791 3389 3836 et
3425 3781 3590 3835 disci-

2005 3886 2281 3956 plinarum
2340 3883 2587 3938 omnium
2630 3881 2811 3950 periti.
2863 3879 2931 3934 Et
2967 3887 3122 3948 pater
3151 3873 3374 3946 quidem
3405 3887 3590 3943 gram-

2006 3979 2241 4030 maticus
2285 3975 2551 4045 insignis,
2606 3972 2751 4026 filius
2786 3980 2970 4026 autem
3012 3969 3159 4023 inter
3226 3965 3503 4036 sephistas
3533 3972 3590 4016 et

2006 4071 2258 4124 rhetores
2303 4067 2543 4124 celebris
2587 4066 2710 4120 fuit.
2747 4065 2990 4132 Uterque
3045 4076 3176 4116 sane
3211 4075 3282 4116 eo
3341 4068 3588 4127 tempore
3684 4068 3693 4075 '

2011 4163 2200 4218 utilem
2238 4160 2572 4216 Christianis
2605 4174 2664 4213 se
2699 4157 2965 4228 praebuit,
3008 4162 3320 4225 opportune
3344 4162 3401 4206 et
3430 4165 3587 4206 cont-

2009 4255 2172 4310 mode
2235 4251 2471 4322 ingeniis
2526 4251 2642 4305 suis
2709 4260 2766 4303 et
2824 4247 3110 4316 multiiuga
3161 4245 3415 4300 doctrina
3479 4243 3587 4296 usi.

2007 4347 2411 4405 GrammatiCus
2439 4344 2585 4400 enim
2615 4342 2750 4396 artis
2781 4357 2893 4396 suae
2927 4339 3320 4410 peritissimus,
3354 4353 3454 4405 pro
3481 4336 3592 4390 Ho-

2010 4444 2145 4500 meri
2198 4451 2473 4514 poemate,
2527 4436 2772 4493 heroicis
2819 4435 3071 4490 versibus
3117 4433 3279 4488 Mosar
3313 4431 3482 4484 libros
3535 4437 3593 4484 et

2009 4550 2229 4594 veteres
2283 4534 2639 4590 Hebraeorum
2677 4545 2767 4584 res
2819 4542 2993 4598 usque
3040 4525 3106 4579 ad
3163 4523 3313 4578 Sauli
3361 4536 3591 4592 regnum

2010 4629 2326 4702 composuit
2361 4645 2378 4682 :
2411 4637 2576 4696 atque
2609 4624 2660 4679 id
2698 4639 2838 4690 opus
2895 4621 2949 4675 in
3005 4618 3197 4690 viginti
3237 4625 3294 4670 et
3347 4624 3590 4685 quatuor

2012 4727 2185 4781 libros
2219 4722 2429 4784 divisit,
2459 4721 2603 4774 libro
2652 4715 2904 4786 quolibet
2940 4713 3259 4768 Graecorum
3287 4709 3593 4763 elemento-

2013 4833 2136 4872 rum
2173 4813 2562 4886 appellatione,
2596 4809 2750 4878 juxta
2783 4805 3001 4858 illorum
3030 4800 3281 4856 ordinem
3309 4809 3365 4852 et
3394 4808 3590 4848 nume-

2012 4924 2156 4973 rum,
2185 4906 2254 4961 ad
2303 4902 2606 4959 Homerica;
2648 4898 2829 4968 poesis
2879 4892 3245 4948 imitationem
3304 4885 3590 4954 inscripto.

2013 4999 2201 5054 Edidit
2254 5010 2509 5066 quoque,
2592 4988 2908 5059 Euripidem
2965 4983 3298 5047 aemulatus,
3357 4979 3592 5048 tragicos

2013 5101 2188 5146 actus.
2225 5086 2447 5142 Pindari
2478 5084 2643 5139 etiam
2673 5083 2844 5154 lyram
2877 5079 3080 5151 attigit,
3112 5086 3168 5132 et
3193 5074 3404 5130 comica
3427 5086 3592 5141 argu.

2015 5191 2200 5239 menta
2247 5180 2315 5234 ad
2374 5176 2654 5233 Menandri
2705 5174 3017 5243 exemplum
3071 5167 3366 5232 tractavit,
3408 5166 3598 5219 unius-

2015 5279 2284 5344 cujusque
2325 5270 2586 5327 carminis
2646 5269 2858 5338 legibus
2883 5266 2986 5320 rite
3017 5263 3250 5319 servatis
3285 5278 3298 5314 :
3325 5269 3512 5328 atque,
3541 5264 3599 5310 ut

2015 5368 2187 5425 semel
2220 5366 2424 5430 dicam,
2470 5370 2688 5431 sumpta
2730 5376 2795 5414 ex
2840 5357 3041 5412 divinis
3092 5354 3295 5409 litteris
3341 5351 3592 5415 materia,

2014 5459 2362 5530 argumentis
2385 5456 2468 5510 eis
2501 5450 2823 5514 tractandis,
2857 5448 3128 5516 librisque
3175 5440 3594 5514 componendis,

2014 5565 2310 5607 numerum
2359 5546 2728 5617 Cyclicarum,
2771 5557 2894 5612 qua:
2947 5548 3236 5602 vocantur,
3271 5545 3329 5589 et
3361 5535 3508 5588 inter
3538 5546 3598 5585 se

2017 5645 2069 5699 in
2102 5642 2294 5697 orbem
2323 5641 2624 5701 cohaerent,
2657 5635 3068 5705 disciplinarum
3105 5627 3346 5699 aequavit
3379 5643 3393 5682 :
3432 5625 3600 5694 idque

2014 5737 2172 5793 brevi
2210 5733 2507 5790 admodum
2539 5739 2788 5799 tempore
2821 5736 2907 5782 est
2945 5734 3255 5780 assecutus.
3297 5721 3375 5775 lta
3405 5729 3465 5772 ut
3496 5717 3596 5781 illi,

2018 5830 2230 5894 habitu,
2259 5825 2590 5890 elocutione,
2624 5833 2676 5878 ct
2721 5817 3082 5890 dispositione
3122 5813 3258 5872 nihil
3292 5813 3358 5870 ab
3385 5812 3466 5869 eis
3490 5811 3601 5867 dif-
