4054 6466
425 395 537 456 εις
1664 341 2094 438 NICEPnoni
2131 373 2480 435 CALLISTI

3605 361 3708 424 536

421 508 596 579 ip:ius
635 503 1032 559 obscuraturas
1090 496 1187 568 (l),
1222 503 1278 550 et
1318 491 1741 548 criminationts
1791 508 2012 548 causam

2149 491 2224 541 ιαὶ
2269 490 2330 541 τὸ
2382 488 2673 542 κάλλιστον
2726 488 3123 558 ἐκλεγομένους
3154 485 3216 538 ἐκ
3247 481 3447 545 παντὸς
3485 482 3708 552 τρόπον.

423 597 692 649 adversus
713 606 840 646 eum
861 590 1129 642 allaturas
1151 602 1165 639 :
1188 600 1327 655 quas
1353 583 1522 637 etiam
1548 583 1833 646 Socrates,
1867 584 2014 634 inter

425 683 644 739 Graecos
679 679 1044 752 philosophos
1102 675 1437 747 praecipuam
1487 673 1709 727 laudem
1743 687 2015 728 consecu-

426 783 691 838 tus,cum
745 770 908 824 nihili
963 769 1192 831 faceret,
1250 766 1419 819 veluti
1481 762 1803 818 adulterare
1860 776 2016 816 sacra

427 866 771 930 Graecorum,
801 871 859 918 et
921 875 1095 916 novos
1126 859 1264 914 deos
1291 857 1498 912 inlerre
1549 855 1849 926 inciperet,
1881 869 2018 910 con-

430 960 727 1014 demnatus
761 966 868 1012 est.
907 955 1097 1010 Tertia
1137 953 1279 1008 ratio
1315 961 1504 1007 nostra
1556 951 1673 1004 hsee
1701 959 1807 1003 est.
1852 948 2022 1018 Spec-

431 1061 575 1106 tatus
590 1049 994 1106 nummularios
1016 1063 1118 1102 nos
1137 1062 1258 1101 esse
1279 1045 1524 1100 divinum
1545 1043 1830 1097 oraculum
1848 1041 2027 1112 jubet,

431 1155 567 1201 etut
591 1143 1026 1214 pulcherrimum
1061 1139 1321 1210 quodque
1365 1152 1431 1190 cx
1462 1136 1632 1191 rebus
1653 1137 1913 1189 omnibus
1944 1133 2029 1188 di-

430 1235 865 1309 ligentes,‘quod
897 1235 1102 1288 malum
1133 1241 1220 1288 est
1249 1230 1615 1302 abjiciamus;
1640 1227 1786 1298 quod
1819 1227 2027 1281 bonum

434 1340 620 1386 autem
653 1329 1060 1398 disquiramus,
1098 1332 1267 1394 atque
1301 1323 1586 1377 inventum
1640 1321 2024 1384 retineamus;

431 1420 633 1476 attenti
663 1433 886 1488 quoque
921 1415 1198 1487 praecipue
1229 1423 1288 1478 ut
1321 1412 1518 1473 simus,
1553 1425 1620 1464 ne
1639 1408 1762 1478 quis
1785 1407 2024 1478 praedam

2121 581 2469 651 διαρρίπτειν
2509 581 2569 634 τὸ
2601 583 2782 652 χεῖρον
2811 597 2822 610 ·
2854 581 2916 632 τὸ
2963 579 3008 632 δ’
3042 577 3244 646 ἀγαθὸν
3276 575 3577 646 αἱρεῖσθαι,
3621 577 3712 624 καὶ

2123 673 2385 742 εὑρόντας
2437 669 2689 744 κατέχειν
2715 689 2730 705 ⁸
2766 675 2823 728 ἐν
2851 673 3096 742 προσοχῇ
3124 670 3168 724 δ’
3203 667 3366 731 εἶναι,
3402 669 3476 737 μή
3507 685 3589 728 τις
3621 684 3714 718 συ·

2122 766 2394 833 λαγωγεῖν
2436 768 2648 837 αἰροῖτο
2679 770 2812 838 κενῇ
2863 767 2990 838 δόξῃ
3027 765 3121 818 καὶ
3169 763 3362 832 ἀπάτῃ
3389 763 3497 813 τῶν
3539 766 3596 811 ὲν
3629 777 3715 826 φι-

2125 858 2355 928 λοσοφία
2383 859 2698 928 δογμάτων.
2736 859 2910 912 Τοῦτο
2933 859 2990 912 δὲ
3025 859 3144 920 πῶς
3179 857 3244 912 ἂν
3274 855 3495 926 ἔχοιμεν
3525 852 3716 906 διειδέ-

2132 969 2244 1016 ναι,
2283 954 2332 1004 εἰ
2368 951 2445 1021 μὴ
2479 953 2548 1004 τὰ
2579 952 2806 1007 ἐκείνων
2833 951 3164 1021 ὕπέλθοιμεν
3191 949 3370 1014 ὃπλα;
3408 949 3497 1016 Μὴ
3532 949 3716 1018 μέντοι

2132 1042 2189 1095 δὲ
2232 1043 2330 1095 καὶ
2364 1043 2432 1096 τὰ
2471 1043 2701 1098 ἐκείνων
2757 1047 3003 1116 φρονεῖν,
3038 1043 3155 1096 ἀλλ’
3185 1043 3261 1106 ὼς
3291 1042 3480 1104 ὅπλοις
3509 1042 3574 1093 ὲκ
3619 1058 3716 1092 πε-

2136 1135 2380 1206 ριουσίας
2423 1136 2649 1200 οἰκείοις
2687 1139 2811 1192 κατ’
2843 1137 3026 1190 αὐτῶν
3060 1123 3326 1208 χρῆσθαι.
3377 1135 3488 1187 Καὶ
3518 1135 3582 1186 τὸ
3616 1133 3715 1201 μὲν

2132 1229 2304 1282 κακὸν
2337 1228 2746 1299 ὲκτρεπώμεθα
2770 1246 2786 1261 ’
2819 1229 3058 1301 τάληθὲς
3085 1230 3143 1282 δὲ
3187 1228 3280 1282 καὶ
3312 1228 3530 1296 καίριον
3563 1225 3720 1279 ἐκλε-

2133 1321 2359 1388 γόμενοι
2391 1321 2490 1374 σὺν
2515 1320 2721 1393 δοκιμῇ
2748 1322 3293 1394 προσλαμϐάνωμεν.
3323 1320 3496 1372 Ὅπου
3523 1318 3631 1388 γὰρ
3657 1317 3721 1369 ἂν

2135 1412 2222 1483 είη
2251 1414 2516 1482 τάγαθὸν,
2541 1417 2644 1485 τῆς
2669 1416 2931 1487 ἀληθείας
2967 1418 3138 1471 ἐστίν.
3485 1433 3494 1440 ’

437 1530 468 1568 e
499 1514 660 1567 nobis
691 1521 815 1582 agat
855 1526 954 1581 per
1000 1509 1223 1564 inanem
1253 1518 1311 1563 et
1365 1523 1561 1563 vanam
1625 1503 2142 1577 philosophicorum
2212 1505 2532 1575 dogmatum
2603 1509 3008 1564 seductionem.
3070 1509 3126 1563 ιιι
3179 1517 3362 1562 autem
3439 1507 3720 1578 quorum-lu

438 1607 759 1677 perspicere
824 1603 1146 1674 possimus,
1209 1601 1315 1655 nisi
1387 1602 1440 1654 in
1472 1583 1710 1654 illorum
1770 1597 2072 1653 subeamus
2109 1599 2306 1651 arma?
2360 1613 2472 1653 non
2526 1599 2810 1670 equidem,
2861 1611 2922 1655 ut
2983 1602 3066 1656 eis
3132 1599 3468 1671 usurpandis
3529 1599 3721 1654 eadem

439 1719 563 1772 QIIEP.
601 1702 678 1756 illi
706 1700 1015 1754 sentiamus
1042 1713 1056 1763 ;
1083 1697 1178 1752 sed
1230 1711 1298 1750 ex
1329 1696 1674 1775 abundanti,’
1696 1696 1811 1750 suis
1839 1703 2033 1758 contra
2073 1708 2172 1748 eos
2237 1695 2425 1764 potius
2492 1705 2717 1751 utamur
2748 1698 2895 1752 telis.
2933 1697 2999 1751 Et
3023 1699 3224 1752 malum
3249 1698 3468 1767 quidem
3503 1712 3726 1750 averse-

442 1814 588 1861 mur,
623 1797 768 1867 quod
800 1810 989 1849 verum
1043 1802 1230 1847 autem
1261 1798 1315 1844 et
1346 1799 1726 1862 Opportunum
1791 1797 1918 1853 est,
1983 1785 2230 1856 legentes
2285 1799 2450 1844 caute
2514 1789 2869 1860 recipiamus.
2913 1792 3241 1862 Ubicunque
3289 1792 3439 1846 enim
3516 1789 3726 1860 aliquid

441 1893 573 1950 boni
600 1901 711 1957 est,
745 1890 920 1961 ipsius
948 1887 1197 1942 veritatis
1225 1885 1280 1939 id
1311 1893 1417 1938 est.

517 2009 673 2077 Quod
711 2010 754 2064 si
801 2007 930 2078 quis
977 2005 1325 2061 accuratiore
1363 2003 1728 2074 persuasione
1781 2018 1882 2057 nos
1915 2001 2032 2055 hare

2211 2000 2272 2051 Εἰ
2328 1999 2387 2052 δέ
2419 2017 2504 2061 τις
2554 2001 2706 2070 ἡμᾶς
2773 1999 3098 2072 πιθανότητι
3161 2002 3487 2071 χρωμένους
3551 2002 3724 2057 οτεται

440 2115 812 2170 Contorquere
849 2111 1015 2170 atque
1042 2099 1300 2154 aﬂ‘ectate
1323 2097 1513 2152 dicere
1537 2096 1863 2162 arbitretur,
1892 2093 2028 2150 illud

2149 2092 2333 2161 βιαίως
2369 2091 2547 2146 ταῦτα
2572 2093 2783 2161 λέγειν,
2831 2094 3010 2146 ἐκεῖνό
3039 2109 3104 2162 γε
3150 2094 3261 2166 μὴν
3298 2094 3578 2148 σκοπείτω
3603 2133 3618 2158 ,
3651 2094 3726 2157 ὡς

445 2194 579 2248 mihi
613 2191 937 2245 consideret
963 2190 1127 2244 velim
1151 2228 1165 2252 ,
1211 2189 1390 2258 ipsum
1421 2185 1832 2241 divinissiinum
1895 2184 2036 2239 Pau-

2149 2187 2165 2237 5
2217 2185 2498 2248 θειότατος
2555 2185 2772 2250 Παῦλος
2819 2187 2881 2238 οὐ
2927 2187 3092 2256 μόνον
3143 2187 3237 2241 τὸν
3284 2188 3524 2258 Ἕλληνα
3573 2189 3730 2256 λόγον

444 2287 560 2341 lum
593 2301 704 2338 non
741 2285 920 2338 solum
954 2281 1164 2336 Graecis
1189 2279 1460 2335 doctrinis
1499 2279 1658 2333 nobis
1696 2292 1808 2332 non
1861 2276 2036 2331 inter-

444 2378 676 2443 dixisse,
703 2376 798 2431 sed
831 2380 998 2431 etiam
1042 2374 1244 2428 alicubi
1274 2373 1332 2427 in
1373 2371 1642 2441 Epistolis
1685 2369 1826 2435 suis,
1853 2369 2036 2424 verbis

442 2485 637 2523 earum
669 2483 827 2521 usum
864 2481 1008 2531 esse,
1045 2474 1106 2519 ut
1132 2467 1228 2535 qui
1264 2480 1358 2519 eas
1386 2479 1608 2534 quoque
1639 2463 1906 2532 attigerit.
1947 2460 2037 2516 Vi-

447 2562 613 2616 detur
645 2575 778 2614 sane
829 2558 1003 2612 multa
1031 2572 1154 2626 quas
1194 2571 1223 2609 a
1253 2556 1460 2611 Graecis
1505 2562 1634 2610 sunt
1664 2555 1831 2619 dicta,
1887 2553 2036 2608 didi-

448 2657 614 2708 cisse.
675 2651 792 2706 Nisi
843 2653 992 2704 enim
1053 2648 1402 2719 Epimenidis
1472 2647 1756 2703 Cretensis
1811 2644 2033 2700 oracula

449 2747 702 2815 legisset,
736 2745 836 2796 viri
871 2757 1028 2796 sacra
1082 2751 1139 2807 ct
1168 2740 1527 2795 caeremonias
1563 2738 1904 2794 instituenﬁs
1933 2739 2034 2810 (2),

452 2838 735 2910 quomodo
769 2852 989 2891 versum
1015 2837 1168 2889 illum
1195 2835 1540 2905 protulisset,

525 2968 654 3024 Cres
688 2983 896 3038 semper
919 2964 1170 3030 mendax,
1198 2963 1346 3019 mala
1379 2965 1580 3031 bellua,
1613 2974 1794 3019 venter
1819 2964 2043 3019 obesus?

451 3132 613 3190 Unde
647 3132 814 3186 etiam
850 3127 1270 3184 hemistichium
1306 3126 1436 3180 illud
1479 3123 1829 3194 sumpsisset,

523 3248 701 3318 Hujus
733 3262 964 3317 namque
989 3260 1172 3298 sumus
1198 3259 1361 3313 genus
1384 3282 1398 3307 ,

2138 2277 2201 2328 οὐ
2229 2275 2545 2330 κεκώλυκεν
2577 2278 3026 2347 ἑκπαιδεύεσθαι,
3057 2279 3204 2334 ὥστε
3237 2281 3327 2335 καὶ
3352 2281 3516 2344 αὐτὸς
3540 2273 3732 2351 φαίνε-

2140 2370 2228 2423 ταί
2256 2387 2356 2424 που
2378 2372 2489 2423 τῶν
2523 2371 2700 2438 λόγων
2735 2374 2981 2442 ῥήμασιν
3007 2375 3236 2428 ἐκείνων
3257 2375 3692 2444 προσχρώμενος
3713 2390 3728 2406 ο

2143 2461 2239 2514 ἅτε
2273 2461 2337 2534 δὴ
2378 2463 2473 2516 καὶ
2523 2463 2698 2532 αὐτὴν
2739 2465 3040 2534 μετελθών.
3084 2467 3195 2519 Καὶ
3243 2464 3391 2518 ἔοικέ
3426 2482 3490 2534 γε
3553 2465 3730 2520 πολλὰ

2140 2553 2250 2605 τῶν
2276 2555 2591 2625 εἰρημένων
2625 2558 2738 2619 τοῖς
2765 2556 3028 2626 Ἕλλησιν
3080 2558 3342 2627 ἐγνωκώς
3365 2575 3380 2590 ⁸
3418 2560 3468 2612 εί
3515 2560 3593 2630 μὴ
3624 2561 3730 2630 γὰρ

2142 2645 2270 2709 τοὺς
2329 2647 2680 2716 Ἐπιμενίδου
2732 2648 2828 2703 τοῦ
2883 2651 3101 2721 Κρητὸς
3155 2651 3370 2721 ἀνέγνω
3423 2653 3728 2723 χρησμοὺς,

2144 2739 2341 2812 ἀνδρὸς
2371 2739 2746 2811 ὀργιάζοντος,
2785 2742 2903 2807 πῶς
2926 2744 2992 2798 ἂν
3025 2744 3109 2812 τὸ,

2451 2904 2475 2934 ο

2147 2959 2377 3030 Κρῆτες
2428 2961 2522 3015 ἀεὶ
2584 2962 2878 3032 ψεῦσται,
2915 2964 3288 3036 προσήνεγκε,
3340 2964 3497 3020 κακὰ
3539 2966 3734 3036 θηρία,

3115 3037 3405 3106 γαστέρες
3436 3039 3616 3108 ἀργαί
3643 3055 3662 3104 ;

2150 3121 2325 3175 Πόθεν
2354 3122 2413 3176 δὲ
2443 3124 2606 3178 πάλιν
2634 3124 2787 3196 αὐτῷ
2815 3125 3051 3197 ἐπῆλθεν
3087 3128 3266 3182 εἰπεῖν
3299 3128 3385 3194 τὸ,

2227 3236 2338 3290 Τοῦ
2373 3236 2484 3307 γὰρ
2523 3237 2624 3292 καὶ
2658 3239 2835 3308 γένος
2860 3239 3071 3312 ἐσμὲν,

456 3365 500 3417 si
537 3362 686 3416 Arati
741 3358 1046 3414 astronomi
1083 3357 1414 3424 Φαινόμενα,
1467 3356 1570 3408 hoc
1601 3363 1710 3418 est,
1747 3353 1816 3409 de
1872 3354 2043 3411 stellis

2152 3356 2198 3407 εἰ
2227 3356 2303 3426 μὴ
2331 3358 2444 3419 τοῖς
2462 3357 2818 3428 Φαινομένοις
2840 3357 2935 3411 τοῦ
2960 3359 3299 3430 ἀστρονόμον
3319 3359 3549 3430 Ἀράτου
3567 3375 3736 3432 προσ-

453 3453 851 3526 apparcntibus
886 3453 1113 3516 librum,
1140 3465 1250 3504 non
1282 3447 1592 3518 attigisset?
1627 3446 1736 3503 Sed
1761 3457 1817 3504 et
1847 3446 2008 3514 illud,

526 3569 731 3624 Studiis
761 3569 902 3622 obest
926 3570 1192 3622 convictus
1243 3565 1508 3636 improbus
1541 3565 1721 3631 bonis,

455 3706 590 3760 satis
619 3703 848 3768 indicat,
891 3717 1016 3754 eum
1081 3701 1135 3755 in
1198 3698 1486 3770 Euripidis
1550 3696 1751 3753 fabulis
1807 3693 2050 3751 libenter

454 3807 737 3854 versatum
761 3795 957 3851 fuisse.
982 3795 1039 3849 ld
1070 3793 1422 3864 quoditidem
1455 3799 1583 3846 ante
1602 3790 1754 3844 illum
1786 3787 2047 3843 Solomon

457 3893 511 3947 in
537 3891 786 3946 eamdem
814 3889 1142 3945 sententiam
1164 3887 1275 3959 59
1293 3887 1454 3941 dixit.
1498 3883 1703 3939 Verum
1729 3881 1861 3952 quid
1911 3896 2054 3951 Opus

456 3994 544 4040 est
573 3985 827 4054 pluribus
854 3985 994 4046 hanc
1025 3999 1140 4038 rem
1177 3979 1612 4052 persequi?.lam
1646 3979 1775 4033 inde
1805 3977 1950 4032 enim
1983 3975 2053 4030 ab

460 4077 648 4140 initio,
690 4076 858 4131 veluti
892 4074 1302 4131 consuetudine
1333 4083 1389 4127 et
1419 4071 1605 4126 studio
1639 4085 1707 4126 eo
1737 4087 1846 4124 non
1880 4069 2056 4124 inter-

459 4171 632 4234 dictu,
658 4169 760 4222 viri
814 4168 990 4223 saneti
1043 4167 1230 4222 favore
1275 4175 1332 4221 et
1367 4166 1541 4234 gratia
1594 4163 1838 4236 Spiritus
1897 4167 2055 4222 locu-

459 4263 656 4332 pletes,
674 4271 729 4314 et
751 4259 1011 4314 Ecclesiae
1029 4267 1233 4341 nostra:
1249 4256 1505 4312 ductores
1530 4257 1796 4327 insignes,
1816 4273 1844 4312 a
1865 4269 2054 4314 tenera

461 4354 579 4422 ipsa
604 4362 763 4408 mtate
783 4352 848 4406 ad
883 4359 1232 4407 senectutem
1257 4365 1430 4420 usque
1479 4349 1674 4405 sedulo
1730 4351 2052 4408 Grmcorum

459 4447 634 4501 libros
656 4445 950 4516 legerunt:
995 4445 1195 4514 partim
1244 4441 1310 4496 ad
1343 4443 1586 4512 linguam
1624 4459 2055 4514 sermonemque

458 4537 883 4606 expoliendum,
941 4545 997 4590 et
1033 4544 1276 4589 mentem
1312 4535 1715 4590 exercendam:
1752 4537 1953 4604 partim
1995 4545 2058 4591 ut

461 4645 526 4684 ex
565 4630 732 4684 rebus
773 4627 1150 4684 deterioribus
1179 4625 1232 4680 id
1266 4628 1417 4696 quod
1469 4628 1616 4682 inest
1665 4629 1796 4682 boni
1833 4628 2056 4698 collige-

2162 3448 2393 3515 έὸαλενς
2439 3449 2604 3504 Ἀλλὰ
2637 3451 2747 3523 μὴν
2770 3453 2868 3506 καὶ
2896 3452 2979 3519 τὸ,

2229 3562 2594 3631 Φθείρουσιν
2628 3564 2744 3634 ἤθη
2773 3566 3014 3636 χρηστὰ
3043 3567 3271 3634 ὁμιλίαι
3299 3569 3498 3636 κακαί,

2153 3696 2401 3752 δείκνυσι
2433 3697 2625 3753 τοῦτον
2662 3699 2756 3754 καὶ
2782 3703 2896 3764 τοῖς
2925 3702 3226 3774 Εὐριπίδου
3267 3704 3543 3776 δράμασιν
3570 3706 3741 3776 ἐμφι-

2158 3793 2573 3863 λοχωρήσαντα.
2613 3793 2787 3848 Τοῦτο
2817 3795 2861 3848 δ’
2895 3796 3028 3860 ίσως
3060 3799 3156 3850 καὶ
3199 3798 3307 3867 πρὸ
3337 3799 3550 3853 ἐκείνου
3584 3799 3742 3852 Σολο-

2160 3883 2277 3953 μὼν
2306 3883 2520 3954 εἴρηκε,
2558 3886 2666 3939 Καὶ
2695 3887 2749 3939 τί
2793 3886 2876 3940 δεῖ
2915 3889 3090 3942 πλείω
3124 3891 3256 3960 περὶ
3291 3889 3503 3944 τούτων
3532 3891 3743 3961 διέρχεο

2160 3977 2319 4043 σθαι;
2353 3978 2624 4032 ἀνέκαθεν
2656 3981 2764 4050 γὰρ
2789 3980 2863 4045 ὠς
2901 3982 2977 4051 μὴ
3009 3979 3402 4054 κεκωλυμένης
3429 3984 3740 4054 συνηθείας,

2159 4074 2255 4125 καὶ
2287 4073 2338 4124 οἱ
2365 4071 2461 4125 τοῦ
2498 4073 2819 4141 Πνεύματος
2853 4074 2952 4145 τὴν
2986 4075 3148 4146 χάριν
3177 4077 3586 4148 πλουτήσαντες
3611 4076 3746 4130 θετοι

2159 4164 2377 4233 ἄνδρες.
2442 4169 2538 4221 καὶ
2591 4168 2690 4236 τῆς
2742 4167 2865 4220 καθ’
2910 4170 3061 4238 ἡμᾶς
3127 4169 3456 4242 Ἐκκλησίας
3506 4173 3747 4240 γενναῖοι

2156 4259 2493 4325 διδάσκαλοι,
2530 4260 2596 4312 ὲκ
2651 4261 2795 4314 πάνυ
2826 4263 2950 4321 νέας
2979 4263 3079 4331 τῆς
3110 4263 3329 4332 ἡλικίας
3377 4263 3507 4334 ἄχρι
3557 4264 3747 4333 γήρως

2157 4354 2228 4406 τὰ
2273 4353 2544 4422 Ἑλλήνων
2579 4353 2913 4424 ἀσκούμενοι
2943 4355 3254 4423 διεγένοντο
3273 4371 3288 4388 ·
3325 4357 3486 4410 τοῦτο
3511 4357 3630 4427 μὲν,
3653 4359 3751 4411 καὶ

2159 4447 2500 4516 εὐγλωττίας
2531 4448 2695 4518 χάριν
2726 4450 2824 4502 καὶ
2852 4450 3168 4520 γυμνασίας
3196 4450 3294 4505 τοῦ
3324 4450 3442 4513 νοῦ.
3478 4452 3639 4505 τοῦτο
3668 4453 3747 4519 δὲ,

2163 4541 2260 4594 καὶ
2289 4539 2357 4594 ἵν’
2392 4543 2458 4593 ἐκ
2487 4541 2582 4593 τοῦ
2613 4542 2862 4612 χείρονος
2898 4545 2958 4595 τὸ
3013 4545 3265 4612 κρεῖττον
3310 4545 3753 4614 καταλαμϐάνω-

2162 4647 2268 4697 σιν,
2310 4631 2371 4684 οὖ
2409 4631 2639 4701 μετρίαν
2695 4633 3004 4700 ἐπάγοντες
3057 4634 3242 4697 αὐτοῖς
3275 4634 3374 4704 τὴν
3404 4636 3754 4702 κατάγνωσιν

463 4732 611 4776 rent.
641 4721 757 4789 Qua
815 4736 875 4775 re
905 4721 1038 4775 illud
1079 4721 1245 4775 etiam
1280 4731 1411 4775 sunt
1458 4720 1734 4784 assecuti,
1800 4728 1862 4774 ut
1904 4730 2043 4777 recte

2160 4720 2243 4786 οἷς
2272 4722 2368 4776 τοῦ
2409 4723 2626 4786 δέοντος
2647 4725 3076 4794 ἀπεσφάλησαν.
3110 4726 3364 4780 Δείκνυσι
3393 4727 3553 4780 τοῦτο
3584 4727 3751 4780 Βασί-

462 4813 685 4868 Graecos
721 4815 872 4867 ineo
903 4813 1051 4883 quod
1107 4829 1136 4866 a
1169 4813 1375 4868 decoro
1435 4813 1788 4878 exciderunt,
1843 4821 1900 4867 et
1959 4829 2058 4883 per

464 4923 712 4960 errorem
748 4906 885 4974 lapsi
917 4917 1068 4972 sunt,
1102 4905 1364 4960 damnare
1398 4914 1643 4976 possent.
1691 4904 1901 4960 Indicat
1953 4905 2059 4961 hoc

466 4997 706 5051 Basilius
736 5012 990 5065 magnus,
1029 5005 1086 5050 et
1107 4994 1372 5060 Joannes,
1405 4997 1498 5065 qui
1531 5006 1758 5064 propter
1789 4995 2058 5065 eloquen-

467 5090 557 5143 tiae
611 5088 943 5142 suavitatem
1004 5086 1386 5157 Chrysostomi
1454 5101 1654 5139 nomen
1698 5084 1944 5154 accepit:
2001 5091 2060 5138 et

467 5195 701 5250 magnus
735 5178 927 5232 itidem
974 5177 1030 5231 in
1073 5176 1349 5246 theologia
1404 5176 1727 5245 Gregorius,
1758 5177 1852 5245 qui
1911 5175 2060 5230 hunc

467 5273 630 5325 etiam
660 5273 844 5326 locum
878 5270 1176 5325 chrrecis
1199 5269 1510 5340 disciplinis
1545 5273 1598 5324 in
1655 5270 1911 5323 oratione
1969 5267 2058 5320 fu-

471 5361 730 5415 nebride
772 5375 973 5428 magno
1017 5361 1222 5416 Basilio
1253 5371 1472 5416 tractat.
1513 5359 1754 5430 Equum
1789 5373 1921 5413 sane
1973 5364 2061 5410 est

477 5453 676 5519 visum,
715 5468 842 5507 eum
869 5453 1052 5509 locum
1103 5456 1427 5526 tempestive
1460 5455 1590 5509 huic
1641 5453 1822 5522 Operi,
1883 5451 1948 5505 ad
1997 5464 2061 5505 ea

542 5639 619 5713 (17)
659 5639 731 5713 Ex
767 5641 1006 5698 ethnicis
1035 5643 1259 5713 scriptis
1300 5643 1506 5712 Optima
1533 5655 1768 5713 qumque
1803 5653 1829 5692 a
1861 5637 1973 5713 piis
1994 5638 2060 5692 ad

471 5706 956 5768 Christianismum
1027 5706 1419 5769 traristeren'da
1498 5706 1872 5778 esisefdoeet
1947 5709 2062 5762 Au-

471 5791 616 5844 gust.
657 5797 730 5847 Ix,
782 5784 856 5837 De
901 5785 1142 5838 doctrina
1197 5783 1525 5845 Christiana,
1564 5782 1661 5836 lib.
1715 5797 1773 5844 ll,
1815 5795 1938 5847 cap.
1972 5783 2062 5838 40,

473 5847 606 5908 illud
641 5861 884 5910 tractans
921 5873 934 5910 :
984 5854 1260 5909 Petierunt
1310 5857 1373 5910 ab
1410 5852 1675 5925 Egi/puis
1713 5868 1838 5906 vasa
1875 5867 2068 5920 argen-

2160 4817 2304 4880 λειος
2328 4816 2355 4867 ὁ
2391 4817 2595 4886 μέγας,
2628 4817 2725 4869 καὶ
2757 4819 2784 4870 ὁ
2811 4817 2909 4887 τὴν
2935 4818 3188 4885 γλῶτταν
3219 4819 3456 4890 χρυσοῦς
3474 4819 3747 4886 Ἰωάννης.

2161 4911 2259 4964 καὶ
2288 4913 2316 4962 ὁ
2345 4911 2513 4972 πολὺς
2542 4911 2600 4962 ὲν
2652 4910 2906 4982 θεολογία
2954 4911 3263 4982 Γρηγόριος
3289 4929 3302 4944 ·
3337 4911 3398 4975 ὃς
3447 4915 3542 4966 καὶ
3575 4913 3749 4966 ταῦτα

2162 5002 2266 5072 τῆς
2297 5002 2624 5072 Ἑλληνικῆς
2669 5001 2831 5073 χάριν
2866 5005 3120 5065 παιδείας
3164 5005 3221 5056 ὲν
3250 5003 3328 5074 τῷ
3362 5005 3441 5068 είς
3471 5004 3755 5057 Βασίλειον

2164 5095 2445 5164 ἐπιταφίῳ
2474 5095 2568 5147 τὸν
2624 5093 2806 5163 μέγαν
2837 5093 3068 5158 διέξεισι
3095 5109 3109 5124 ·
3148 5094 3318 5148 καλὸν
3358 5095 3467 5163 γὰρ
3504 5093 3601 5146 καὶ
3631 5091 3758 5145 τού-

2163 5201 2271 5238 των
2309 5187 2390 5247 εξς
2421 5182 2686 5237 σύστασιν
2720 5183 3218 5252 ἀπομνημονεῦσαι
3265 5185 3359 5238 ἐπὶ
3421 5184 3621 5254 καιροῦ
3680 5183 3760 5253 τῷ

2167 5275 2400 5346 παρόντι
2436 5277 2800 5346 συντάγματι.
2841 5276 3102 5330 Φαίνεται
3153 5276 3265 5349 γὰρ
3315 5279 3418 5332 οὐκ
3451 5278 3613 5341 αὐτὸς
3657 5295 3762 5348 με·

2166 5370 2376 5424 τελθὼν
2405 5370 2648 5441 ἀρίστως
2701 5371 2886 5440 μόνον,
2921 5371 3057 5425 ἀλλὰ
3091 5372 3187 5426 καὶ
3231 5375 3360 5435 τοὺς
3393 5372 3590 5436 ἄλλους
3626 5391 3762 5443 προ-

2165 5461 2391 5533 τρέπειν
2414 5462 2494 5526 εἰς
2519 5463 2758 5534 ἄσκησιν
2779 5477 2796 5494 ·
2828 5461 2927 5516 καὶ
2959 5465 3041 5528 εἰς
3077 5462 3236 5536 ὓϐριν
3263 5465 3436 5528 τιθεὶς
3487 5466 3613 5529 τοὺς
3661 5468 3764 5536 ἒμ-

2174 5649 2258 5693 ερα
2307 5648 2355 5693 et
2405 5657 2592 5696 aurea.
2625 5641 2679 5697 Id
2718 5643 2908 5699 sedulo
2944 5643 3000 5700 in
3049 5645 3210 5702 libris
3264 5645 3597 5702 Stromatmu
3630 5644 3768 5704 fecit

2172 5709 2430 5766 Clemens
2462 5713 2894 5770 Alexandrinus.

2255 5782 2331 5853 (2)
2359 5783 2746 5854 Ὀργιάξοντος
2778 5786 2972 5860 ἀνδρὸς
3006 5788 3256 5860 τελετήν,
3287 5787 3506 5846 Sozam.
