4054 6468
391 384 492 450 517

1310 372 1927 453 ΕΟΕΕΕΞῘΑΞΤΙΟΕ
1968 388 2359 451 HISTORIA;
2393 389 2534 449 LIB.
2578 348 2676 448 Χ(

3541 384 3645 449 5l8

387 499 569 553 ποδῶν
612 501 1050 574 καθισταμένους
1082 503 1193 566 τοῖς
1244 502 1546 574 ᾑρημένοις
1578 501 1959 556 παιδεύεσθαι.

2067 517 2189 571 quae
2216 501 2429 569 agimus
2457 496 2892 570 comprobanda,
2925 496 3194 553 inserere.
3224 495 3371 552 Satis
3405 511 3644 567 namque

387 595 592 663 Γράφει
626 594 683 647 δέ
721 591 896 659 οὕτως
923 610 939 627 ο

2073 602 2323 663 apparet,
2364 606 2473 646 non
2507 592 2687 660 ipsum
2720 590 2896 644 solum
2930 590 3138 659 optime
3174 590 3228 669 in
3256 588 3341 643 eis
3389 587 3642 656 discipli.

385 683 474 739 nis
499 686 779 740 eruditum
799 701 958 741 esse:
994 685 1088 742 sed
1149 685 1288 741 alios
1337 701 1556 756 quoque
1620 686 1772 741 illum
1827 684 1894 740 ad
1939 699 2037 741 eas
2071 682 2363 739 discendas
2421 682 2735 738 exhortari:
2792 681 3066 753 simulque
3152 681 3478 753 iniuriarum
3548 695 3646 733 eos

386 795 674 843 accusare,
724 780 819 849 qui
851 781 1224 837 eruditionem
1258 780 1501 835 Grecam
1540 777 1952 834 assectantibus
1991 777 2235 831 obstant.
2292 775 2382 830 Sic
2407 774 2555 828 enim
2593 773 2826 828 scribit:

469 895 488 926 ι
523 870 692 945 Οἶμαι
724 875 781 930 δέ
825 876 993 929 πᾶσιν
1019 874 1474 946 ἀνομολογεῖσθαι
1511 873 1622 926 τῶν
1659 873 1786 927 νοῦν
1813 872 1963 943 ἐχόν-

386 986 517 1029 των,
556 960 855 1019 Αξαίδευσιν
909 968 1018 1020 τῶν
1064 967 1196 1037 παρ’
1238 969 1370 1038 ἡμῖν
1427 965 1650 1035 ἀγαθῶν
1711 960 1853 1043 εἶναι
1898 964 1962 1017 τδ

388 1056 608 1127 πρῶτον
630 1071 646 1088 ο
680 1056 739 1108 οὐ
765 1055 970 1127 ταύτην
1002 1058 1173 1127 μόνην
1194 1057 1294 1125 τὴν
1341 1056 1738 1126 εὐγενεστέραν
1772 1056 1867 1109 καὶ
1900 1057 1961 1125 ἡ-

388 1145 646 1216 μετέραν,
688 1146 723 1216 ἢ
753 1147 864 1199 πᾶν
894 1147 956 1199 τὸ
994 1148 1054 1199 ἐν
1106 1146 1286 1214 λόγοις
1314 1145 1526 1217 κομψὸν
1554 1148 1645 1199 καὶ
1676 1145 1961 1214 φιλότιμον

385 1239 751 1311 ἀτιμάζουσα,
786 1240 954 1309 μόνης
977 1239 1164 1309 ἔχεται
1186 1241 1460 1310 σωτηρίας
1490 1240 1584 1293 καὶ
1612 1238 1706 1292 τοῦ
1732 1238 1961 1300 κάλλους

384 1332 494 1384 τῶν
517 1332 830 1398 νοουμένων
853 1347 869 1364 ο
906 1331 1046 1385 ἀλλὰ
1078 1333 1172 1386 καὶ
1200 1331 1300 1402 τὴν
1344 1331 1569 1397 ἔξωθεν,
1596 1330 1665 1402 ἢν
1693 1332 1744 1384 οἱ
1774 1329 1965 1385 πολλοὶ

386 1422 731 1490 Χριστιανῶν
749 1423 1109 1475 διαπτύουσιν
1130 1422 1205 1487 ὡς
1234 1422 1523 1477 ἐπίϐουλον
1556 1427 1652 1476 καὶ
1684 1421 1962 1491 σφαλερὰν

386 1514 481 1566 καὶ
508 1513 646 1566 Θεοῦ
680 1514 870 1585 πόρρω
914 1513 1241 1584 βάλλουσαν,
1273 1515 1462 1578 κακῶς
1492 1514 1696 1578 εἰδότες
1722 1517 1817 1568 καὶ
1844 1514 1963 1568 λίαν

387 1604 765 1668 ἐπικινδύνως.
798 1605 1013 1677 Ὠσπερ
1066 1608 1176 1676 γὰρ
1214 1606 1467 1677 οὐρανὸν,
1497 1607 1589 1660 καὶ
1637 1606 1764 1676 γῆν,
1801 1607 1961 1675 ἀέρα,

388 1702 485 1753 καὶ
516 1700 618 1752 ὅσα
642 1699 872 1765 τούτων,
902 1702 1002 1753 οὐκ
1028 1699 1218 1771 ἐπειδή
1246 1715 1392 1763 τινες
1432 1699 1622 1762 κακῶς
1670 1698 1966 1769 ἐξειλὴφα-

390 1811 498 1857 σιν,
525 1789 647 1846 ἀντὶ
676 1792 813 1847 Θεοῦ
848 1794 917 1847 τὰ
953 1793 1050 1847 τοῦ
1084 1793 1219 1847 Θεοῦ
1243 1792 1522 1858 σέϐοντες,
1558 1791 1646 1846 διὰ
1672 1791 1830 1845 τοῦτο
1861 1808 1964 1844 πε-

396 1886 746 1957 ριφρονητέον
768 1900 783 1916 ·
810 1885 930 1938 ἀλλ’
955 1886 1080 1939 ὅσον
1107 1887 1390 1956 χρήσιμον
1439 1884 1620 1937 αὐτῶν
1650 1882 1967 1953 ἐκκαρπού-

399 1988 568 2043 μενοι,
607 1972 740 2042 πρός
769 1989 828 2027 τε
862 1972 1010 2044 ζωὴν
1038 1973 1135 2026 καὶ
1152 1973 1482 2040 ἀπόλαυσιν,
1515 1972 1641 2026 ὅσον
1679 1973 1965 2026 ἐπικίνδυ-

392 2081 479 2117 νον
505 2064 899 2135 διαφεύγομενο
940 2065 1001 2117 οὐ
1042 2065 1118 2135 τῷ
1170 2065 1382 2137 κτίστῃ
1415 2065 1512 2135 τὴν
1558 2065 1733 2118 κτίσιν
1772 2065 1968 2119 ἐπανι-

393 2158 640 2221 στάντες,
663 2162 806 2211 κατά
835 2158 961 2220 τοὺς
1007 2158 1274 2227 ἄφρονας,
1309 2157 1425 2210 ἀλλ’
1455 2160 1519 2211 ἐκ
1554 2160 1664 2209 τῶν
1700 2159 1965 2229 δημιουρ-

389 2249 658 2320 γημάτων
709 2249 801 2303 τὸν
840 2249 1187 2319 Δημιουργὺν
1217 2248 1759 2320 καταλαμϐάνοντες·
1789 2253 1884 2302 καὶ
1935 2250 1965 2304 ὅ

388 2359 554 2412 φησιν
576 2342 604 2395 δ
628 2341 769 2404 θεῖος
785 2341 842 2394 Ἀ
853 2339 1137 2407 πόστολος,
1171 2341 1678 2411 αἰχμαλωτίζοντες
1701 2343 1806 2396 πᾶν
1835 2345 1961 2413 νόη-

390 2452 466 2504 μα
484 2439 560 2498 είς
580 2434 817 2506 Χριστόν
833 2448 848 2465 °
865 2433 944 2498 ὡς
961 2433 1018 2488 δὲ
1037 2437 1131 2489 καὶ
1152 2436 1323 2506 πυρὸς
1340 2436 1436 2489 καὶ⁸
1458 2439 1688 2507 τροφῆς,
1709 2442 1802 2491 καὶ
1822 2437 1963 2504 σιδήο

390 2545 506 2598 ρου,
544 2529 638 2582 καὶ
662 2528 773 2581 τῶν
789 2526 988 2595 ἄλλων,
1015 2527 1167 2580 οὐδὲν
1187 2528 1312 2582 καθ’
1332 2528 1499 2582 ἑαυτὸ
1536 2529 1962 2600 χρησιμώτατον

386 2622 598 2694 ίσμενῆ
633 2621 1069 2691 βλαϐερώτατον,
1102 2622 1217 2676 ἀλλ’
1240 2624 1391 2686 ὅπως
1415 2623 1480 2676 ἂν
1507 2623 1639 2693 δοκῇ
1664 2627 1778 2685 τοῖς
1814 2639 1961 2693 χρω-

388 2713 609 2783 μένοιςθ
647 2713 748 2785 ἤδη
777 2714 833 2767 δέ
872 2714 1097 2767 καὶτῶν
1121 2714 1472 2785 ἐρπυστικῶν
1498 2714 1704 2785 θηρίων
1740 2714 1886 2767 ἐστιν
1923 2712 1963 2768 ἂ

383 2809 494 2868 τοῖς
554 2806 689 2877 πρὸς
741 2806 1022 2879 σωτηρίαν
1082 2807 1403 2879 φαρμάκοις
1458 2806 1912 2875 συνεκεράσαμεν
1940 2819 1956 2836 ⁸

383 2892 528 2948 οὕτω
563 2895 659 2947 καὶ
696 2894 929 2963 τούτων,
974 2894 1038 2947 τὸ
1091 2896 1191 2965 μὲν
1223 2895 1664 2976 ὲξεταστικόνοτε
1694 2895 1788 2947 καὶ
1818 2898 1960 2947 θεω-

386 2987 612 3059 ρητικὸν
642 2986 944 3058 ἐδεξάμεθα
967 3003 983 3020 ο
1012 2987 1140 3042 ὅσον
1167 2987 1226 3041 δὲ
1251 2987 1331 3052 είς
1364 2989 1630 3058 δαίμονας
1667 2989 1825 3059 φέρει
1868 2989 1959 3041 καὶ

2145 890 2163 922 ι
2186 871 2411 934 Omnes,
2475 869 2696 940 opinor,
2727 870 2821 940 qui
2858 869 3078 925 saniore
3108 879 3292 924 mente
3325 881 3475 936 sunt,
3539 870 3646 925 hoc

2067 962 2344 1024 conﬁteri,
2376 962 2683 1016 doctrinam
2717 961 2862 1016 inter
2891 977 2954 1016 ea
2978 979 3098 1032 qua:
3132 963 3294 1018 nobis
3319 973 3451 1018 sunt
3476 964 3639 1029 bona,

2068 1058 2401 1125 praecipuam
2438 1070 2599 1110 esse:
2635 1071 2743 1109 non
2797 1055 2959 1109 istam
2992 1059 3171 1110 solum
3204 1059 3643 1125 praestantiorem

2068 1154 2342 1208 nostram,
2391 1160 2516 1215 quae
2559 1146 2888 1215 elegantiam
2925 1148 3470 1217 ostentationemque
3521 1164 3648 1202 ora-

2074 1241 2241 1294 tionis
2266 1254 2491 1294 omnem
2509 1240 2815 1309 negligens,
2845 1241 3006 1294 saluti
3038 1241 3129 1295 uni
3149 1251 3206 1295 et
3234 1257 3416 1296 rerum
3442 1241 3647 1296 intelli-

2067 1330 2374 1400 gendarum
2431 1331 2833 1400 pulchritudini
2893 1326 3163 1387 inhzéret:
3221 1334 3312 1388 sed
3359 1344 3644 1389 externam

2069 1422 2235 1475 etiam
2268 1422 2443 1486 illam,
2474 1438 2638 1492 quam
2675 1423 2832 1479 multi
2858 1422 3160 1479 Christiani
3189 1424 3423 1494 perinde
3480 1435 3646 1494 atque

2067 1512 2495 1577 insidiatricem,
2531 1515 2802 1578 fallacem,
2833 1526 2890 1570 et
2918 1517 3135 1586 longius
3178 1532 3208 1571 a
3234 1516 3345 1571 Deo
3367 1517 3650 1571 abducen-

2072 1614 2205 1669 tem,
2256 1590 3033 1677 eontemnenies-despuunt,
3089 1624 3343 1678 perversa
3396 1623 3528 1664 sane
3589 1621 3650 1664 et

2072 1697 2381 1766 periculosa
2439 1699 2824 1768 persuasione.
2879 1696 3355 1764 Quemadmodum
3409 1711 3648 1766 namque

2070 1796 2297 1860 coelum,
2326 1804 2552 1861 terram,
2583 1812 2792 1856 aerem.
2818 1806 2876 1852 et.
2906 1811 3253 1866 quaecunque
3284 1795 3339 1849 in
3370 1795 3460 1849 his
3489 1805 3644 1858 sunt,

2066 1891 2322 1961 quamvis
2360 1890 2614 1945 homines
2645 1889 2895 1944 nonnulli
2940 1889 3080 1943 male
3126 1904 3189 1943 ea
3222 1897 3467 1956 accepta,
3523 1903 3648 1956 quae

2067 1982 2163 2036 Dei
2185 1990 2391 2047 essent,
2428 1996 2619 2051 opera,
2652 1996 2755 2052 pro
2792 1981 2905 2035 Deo
2957 1982 3254 2035 coluerunt
3278 2020 3293 2044 ,
3351 1986 3646 2048 prome-rea

2066 2083 2247 2131 tamen
2273 2089 2381 2128 non
2405 2069 2905 2143 despicimus,scd
2937 2083 3205 2139 quantum
3261 2071 3517 2126 utilitatis
3550 2071 3617 2123 ha

2066 2167 2200 2223 bent
2227 2183 2291 2221 ex
2322 2167 2405 2222 eis
2454 2168 2521 2237 ad
2558 2167 2685 2222 vitae
2711 2181 2871 2221 usum
2919 2165 3278 2235 percipimus,
3321 2165 3469 2234 quod
3511 2180 3647 2217 vero

2065 2257 2292 2311 noxium
2319 2264 2408 2312 est
2439 2256 2492 2310 in
2537 2256 2641 2319 eis,
2699 2255 2979 2326 fugimus:
3025 2270 3229 2325 neque,
3282 2254 3430 2323 quod
3482 2253 3643 2308 stulti

2063 2348 2298 2409 faciunt.
2324 2350 2593 2405 adversus
2611 2347 2929 2404 Creatorem
2950 2359 3260 2402 creaturam
3280 2348 3456 2417 ipsam
3479 2350 3637 2416 quasi

2063 2444 2131 2498 ad
2184 2441 2542 2497 rebellionem
2590 2456 3044 2497 commovemus:
3103 2455 3293 2494 verum
3349 2455 3417 2493 ex
3478 2440 3649 2495 rebus

2063 2532 2300 2588 conditis
2329 2531 2685 2588 Conditorem
2704 2529 3197 2601 deprehendimus,
3231 2538 3287 2585 et
3311 2529 3462 2600 quod
3486 2528 3649 2584 divus

2062 2626 2267 2681 Paulus
2303 2627 2402 2685 ait.
2459 2625 2514 2678 in
2544 2625 2922 2694 captivitatem
2970 2624 3276 2695 redigimus
3334 2622 3649 2694 intelligen-

2065 2718 2195 2771 tiam
2228 2732 2449 2771 omnem
2483 2716 2537 2770 in
2574 2714 2900 2783 Christum;
2964 2731 3029 2770 ac
3077 2714 3240 2770 sicuti
3300 2714 3504 2785 ignem,
3548 2715 3651 2768 ali-

2062 2817 2338 2871 mentum,
2396 2808 2630 2874 ferrum,
2659 2815 2829 2876 atquc
2872 2803 3002 2872 alia,
3053 2820 3150 2876 per
3177 2805 3359 2875 scipsa
3421 2805 3649 2876 quidem

2063 2902 2149 2957 vel
2172 2901 2326 2956 utilia
2352 2900 2436 2954 vel
2460 2899 2809 2954 incommoda
2846 2899 3088 2953 maxime
3121 2913 3245 2953 esse
3293 2898 3645 2969 ignoramus:

2061 2993 2173 3065 60
2198 2995 2294 3048 scd
2320 2994 2388 3047 de
2412 2993 2516 3058 eis,
2554 3007 2653 3060 pro
2700 3007 2768 3046 eo
2821 3000 2989 3061 atque
3024 2990 3347 3046 hominibus
3405 2990 3514 3045 illis
3552 2989 3649 3061 qui

381 3079 659 3143 ἀπωλείας
688 3078 874 3149 βυθὸν,
909 3079 1309 3150 διεπτύσαμεν.
1348 3080 1474 3134 Ὀτι
1511 3083 1588 3151 μὴ
1614 3082 1722 3135 κάκ
1760 3081 1954 3134 τούτου

2064 3088 2145 3142 eis
2181 3095 2439 3149 utuntur,
2492 3085 2747 3151 videtur,
2798 3085 3116 3156 judicamus
3167 3084 3314 3153 (cum
3366 3083 3532 3137 etiam
3590 3083 3646 3137 iu

382 3170 521 3239 πρὸς
572 3172 888 3224 θεοσέϐειαν
931 3171 1290 3242 ὼφελήμεθσ,
1352 3175 1417 3227 ἐκ
1472 3172 1567 3226 τοῦ
1618 3173 1866 3244 χείρονος
1894 3173 1956 3226 τὸ

380 3267 631 3336 κρεῖττον
660 3264 1097 3335 καταμαθόντες,
1136 3265 1232 3318 καὶ⁵
1273 3265 1375 3336 τὴν
1407 3265 1697 3320 ἀσθένειαν
1728 3267 1955 3320 ἐκείνων

383 3355 539 3426 ἰσχὺν
571 3356 667 3409 τοῦ
719 3356 845 3409 καθ’
897 3357 1049 3427 ἡμᾶς
1073 3356 1238 3426 λόγου
1292 3357 1679 3427 ποιησάμενοι.
1708 3357 1824 3413 Οὐκ
1860 3356 1956 3413 οὖν

378 3446 713 3516 ἀτιματτέον
744 3448 846 3519 τὴν
876 3447 1180 3512 παίδευσιν,
1214 3448 1297 3502 ὅτι
1350 3448 1512 3503 τοῦτο
1572 3449 1724 3504 δοκεῖ
1767 3466 1910 3503 τισιν
1936 3467 1951 3482 ·

379 3538 518 3591 ἀλλὰ
571 3541 798 3604 σκαιοὺς
861 3541 956 3594 καὶ
1011 3530 1376 3606 ἀπαιδεῦτους
1430 3541 1777 3612 ὑποληπτέον
1826 3543 1955 3605 τοὺς

377 3633 550 3695 οὕτως
582 3633 837 3704 ἔχοντας’
870 3634 923 3689 οἳ
960 3634 1225 3706 βούλοιντ’
1251 3634 1318 3689 ἂν
1354 3635 1604 3700 ἅπαντας
1658 3630 1801 3689 εἶναι
1832 3635 1957 3689 καθ’

375 3729 630 3791 ἑαυτοὺς,
666 3726 734 3781 ἶν’
767 3727 922 3799 ἐντῷ
953 3727 1120 3800 κοινῷ
1142 3727 1202 3781 τὸ
1228 3729 1350 3782 κατ’
1382 3728 1583 3792 αὐτοὺς
1615 3727 1953 3798 κρύπτηται,

378 3821 476 3873 καὶ
521 3819 648 3882 τοὺς
701 3819 802 3891 τῆς
853 3819 1219 3885 ἀπαιδευσίας
1268 3819 1526 3890 ἐλέγχους
1564 3818 1957 3887 διαδιδράσκω-

381 3930 487 3968 σιν.
519 3930 538 3963 υ

2064 3178 2362 3248 reptilibus
2383 3175 2516 3230 feris
2546 3175 2795 3244 qua-dam
2825 3175 2958 3237 sint,
2995 3190 3119 3244 quae
3148 3173 3358 3230 utiliter
3395 3172 3462 3227 ad
3498 3174 3648 3227 salu-

2067 3280 2176 3327 tem
2211 3269 2529 3340 pharmacis
2559 3277 2615 3322 et
2640 3267 2904 3322 remediis
2927 3267 3286 3333 miscemus):
3316 3267 3397 3321 sic
3423 3280 3648 3335 quoque

2064 3380 2133 3420 ex
2150 3362 2460 3432 disciplinis
2494 3361 2618 3415 istis
2634 3359 2782 3429 quod
2817 3359 2886 3414 ad
2913 3359 3202 3414 veritatem
3235 3358 3647 3428 inquirendam,

2063 3462 2118 3506 et
2143 3452 2414 3521 judicium
2456 3452 2794 3514 acuendum,
2831 3465 2936 3504 nec
2963 3465 3074 3504 non
3105 3452 3174 3505 ad
3225 3448 3651 3520 contemplatio-

2064 3557 2189 3598 nem
2222 3542 2589 3599 exercendam
2629 3541 2784 3605 facit,
2813 3541 2866 3596 id
2907 3542 3207 3611 recipimus
3233 3560 3248 3595 :
3274 3542 3421 3612 quod
3457 3555 3644 3596 autem

2061 3636 2129 3688 ad
2189 3635 2466 3688 daemones
2524 3633 2674 3703 ipsos
2727 3642 2785 3688 et.
2826 3632 2893 3687 ad
2942 3632 3270 3703 perditionis
3310 3631 3650 3703 profundum

2061 3728 2314 3792 deducit,
2351 3729 2690 3798 despuentes
2722 3727 3015 3799 rejecimus
3040 3744 3054 3782 :
3080 3736 3373 3800 propterea
3406 3728 3552 3798 quod
3573 3743 3645 3783 ex

2061 3824 2145 3878 eis
2173 3822 2342 3877 rebus
2367 3821 2422 3875 in
2459 3835 2600 3876 verae
2626 3821 2849 3890 pietatis
2870 3821 3056 3876 studio
3093 3837 3229 3877 nom
3255 3821 3448 3876 itidem
3487 3821 3648 3889 adju-

2060 3932 2280 3980 vemur,
2299 3929 2365 3969 eo
2387 3924 2545 3985 pacto
2561 3914 2788 3968 meliora
2817 3929 2881 3968 ex
2904 3914 3276 3970 deterioribus
3296 3915 3648 3969 addiscentes

380 4015 438 4060 et
467 4004 898 4062 imbecillitatem
926 4005 1146 4062 illorum
1173 4008 1227 4062 in
1262 4008 1434 4062 robur
1454 4006 1721 4062 doctrina:
1746 4018 1950 4066 nostrae
1987 4019 2399 4068 conrertentes.
2470 4008 2594 4064 Non
2663 4010 2828 4080 igitur
2855 4010 3262 4063 contemnenda
3288 4017 3371 4063 est
3394 4008 3647 4063 doctrina

378 4109 679 4172 liberalior,
719 4117 1010 4179 propterea
1037 4109 1180 4179 quod
1214 4106 1319 4162 hoc
1364 4108 1446 4162 sic
1502 4108 1832 4178 quihusdam
1882 4109 2197 4166 faciendum
2276 4111 2541 4164 videtur:
2586 4108 2682 4163 sed
2760 4106 2915 4177 pravi
2957 4116 3123 4175 atque
3189 4103 3475 4166 ineruditi,
3549 4105 3643 4173 qui

383 4206 437 4257 in
469 4219 530 4258 ea
554 4210 685 4257 sunt
718 4205 1012 4261 sententia.
1059 4199 1325 4256 censendi
1351 4209 1503 4264 sunt,
1573 4201 1666 4270 qui
1731 4192 1868 4258 alios
1909 4217 2105 4259 omnes
2155 4194 2262 4257 sibi
2332 4202 2546 4256 similes
2574 4216 2697 4256 esse
2729 4201 3036 4266 velint,‘ut
3102 4197 3155 4251 in
3214 4198 3496 4252 comnmni
3554 4198 3642 4252 sui

381 4295 642 4351 similium
676 4294 988 4363 frequentia
1019 4293 1214 4358 latere,
1251 4302 1308 4346 et
1341 4291 1577 4348 inscitia
1609 4308 1725 4349 suae
1780 4296 2269 4366 reprehensionem
2297 4293 2538 4365 effugere
2593 4295 2828 4348 valeant.
2859 4311 2879 4344 ι

455 4391 564 4445 Καὶ
598 4388 772 4443 ταῦτα
807 4388 908 4458 μὲν
943 4387 972 4440 ὁ
1021 4387 1168 4450 θεῖος
1197 4387 1501 4462 Γρηγόριος
1527 4404 1543 4421 ο
1586 4380 1869 4455 Βασίλειος
1896 4390 1956 4445 δέ

2136 4390 2264 4446 Hzec
2289 4390 2452 4445 divus
2479 4387 2801 4458 Gregorius.
2834 4384 3070 4440 Basilius
3107 4399 3238 4439 vero
3270 4400 3502 4454 magnus
3537 4402 3642 4441 non

382 4484 412 4536 δ
454 4485 624 4552 μέγας
652 4482 714 4535 οὑ
750 4479 913 4550 μόνον
968 4479 1068 4551 τὴν
1102 4478 1426 4551 Ἑλληνικὴν
1454 4480 1709 4535 παιδείαν
1756 4484 1956 4552 ἀναγιο

2064 4484 2240 4539 solum
2263 4480 2578 4536 Grzecorum
2599 4479 2813 4532 discere
2844 4477 3139 4546 permittit,
3173 4475 3269 4529 sed
3304 4479 3471 4528 etiam
3501 4491 3642 4544 pra:-

381 4575 616 4629 νὼσκειν
638 4573 882 4644 ἐφίησιν,
915 4571 1054 4625 ἀλλὰ
1101 4571 1197 4624 καὶ
1250 4571 1492 4643 γενναίῳ
1527 4572 1674 4645 λόγῳ
1725 4574 1958 4644 μάλιστα

2064 4578 2210 4633 claro
2239 4574 2428 4630 libello
2458 4574 2695 4626 maxime
2751 4570 2876 4624 hoc
2907 4558 3218 4630 continuat,
3270 4569 3358 4620 cui
3422 4569 3642 4623 titulum

385 4665 540 4718 τοῦτο
586 4667 851 4734 κρατύνει
871 4679 888 4696 ο
930 4663 1126 4729 Ὅπως
1171 4661 1249 4716 ἂν
1306 4662 1434 4717 νέοι
1468 4662 1665 4731 ὄντες.
1720 4666 1790 4719 ἐκ
1837 4665 1959 4721 τῶν

2064 4668 2196 4724 fecit
2222 4682 2236 4721 :
2272 4665 2547 4731 Quomodo
2569 4664 2793 4733 juvenes
2825 4676 2888 4715 ea:
2919 4660 3116 4717 Grmcis
3144 4658 3439 4728 disciplinis
3490 4659 3644 4713 utili-

401 4757 769 4826 Ἑλληνικῶν
807 4755 1232 4826 παιδευμάτων
1276 4754 1608 4825 ὠφελοῐντο
1657 4755 1959 4813 διαταττὸ-

2070 4771 2237 4816 tatem
2302 4774 2495 4831 rapere
2528 4759 2753 4828 possint.
2804 4753 2931 4809 Haec
2988 4752 3054 4808 de
3098 4751 3529 4821 Apollinaribus,
3590 4761 3646 4806 et

378 4868 582 4922 μενος.
614 4849 872 4904 Τοσαῦτα
928 4849 1028 4920 μὶν
1077 4849 1174 4903 καὶ
1206 4849 1342 4920 περὶ
1392 4849 1506 4903 τῶν
1529 4849 1959 4920 ’Λπολλιναρίων

2064 4852 2379 4909 Graecorum
2411 4849 2684 4906 doctrinis
2733 4848 2879 4903 dicta
2916 4844 3215 4901 sulliciant.

382 4947 480 4999 καὶ
504 4944 603 5015 τῆς
640 4942 971 5013 Ἑλληνικῆς
996 4941 1256 5005 παιδείας
1284 4934 1552 5014 εἰρήσθω.

968 5061 1224 5115 ΚΕΦΑΔ.
1259 5059 1385 5114 KZ'.

387 5151 484 5217 Ὠς
512 5155 597 5219 εις
624 5154 989 5223 Ἀντιόχειαν
1019 5151 1171 5223 κατὰ
1205 5148 1451 5223 Περσῶν·
1473 5146 1673 5205 ἐλθὼν
1710 5150 1956 5223 Ἱουλιας-

450 5224 577 5288 νὸς,
606 5223 705 5276 καὶ
734 5219 1179 5291 περιυϐρισθείς
1215 5223 1324 5276 τὸν
1356 5220 1637 5291 πώγωνα,
1667 5222 1777 5291 τὸν
1802 5219 1957 5273 κατὰ

451 5293 572 5346 τῶν
636 5292 980 5363 Ἀντιοχέων
1046 5290 1463 5362 Μισοπώγωγα
1524 5290 1807 5360 διεξῆλθε
1844 5292 1956 5345 λό-

449 5380 579 5433 γον.

450 5461 716 5541 Βασιλεὺς
742 5479 788 5532 δ’
824 5481 889 5533 ἐκ
914 5479 1259 5551 Χριστιανῶν
1285 5478 1516 5534 πλεῖστα
1551 5477 1957 5547 συλλεξάμενος

377 5577 664 5646 χρήματα,
696 5575 754 5637 ἐς
809 5573 1027 5641 Πέρσας
1075 5572 1181 5645 ἤδη
1235 5572 1296 5625 τὸ
1319 5573 1555 5643 ὅρμημα
1589 5571 1841 5641 θέμενος,
1874 5569 1956 5633 εἰς

392 5666 728 5736 Ἀντιόχειαν
756 5658 860 5737 ἧκε
892 5664 1001 5718 τῶν
1029 5663 1244 5734 Σύρων.
1275 5662 1349 5715 Τὸ
1370 5662 1417 5714 δ’
1443 5663 1646 5714 οίκεῖον
1668 5659 1957 5727 φιλότιμον

388 5758 727 5830 Ἀντιοχεῦσι
750 5760 926 5824 δεῖξαι
962 5757 1312 5828 βουλόμενος,
1347 5754 1417 5808 τὰ
1449 5754 1536 5807 ἐπ’
1571 5753 1781 5822 ἀγορᾶς
1814 5748 1953 5804 ὥνια

377 5851 474 5905 καὶ
506 5853 572 5907 τὰ
620 5853 907 5924 ἐπιτήδεια
957 5855 1055 5924 τῆς
1105 5849 1507 5925 νενομισμένης
1537 5849 1703 5918 nisi}:
1731 5843 1952 5899 κατεϐί-

2618 5047 2850 5107 CAPUT
2874 5046 3089 5104 XXVII.

2066 5145 2130 5204 υι
2166 5145 2417 5203 Julianus
2459 5143 2786 5214 expeditione
2831 5142 2886 5195 in
2921 5139 3422 5214 Persas_suscepta,
3455 5136 3644 5214 Aptio-

2130 5221 2306 5272 chiom
2340 5208 2541 5271 uenerii
2561 5232 2580 5269 :
2613 5223 2772 5283 atque
2793 5214 2864 5267 ibi
2888 5208 3347 5283 propterbarbam
3376 5208 3644 5283 prolixum

2135 5288 2362 5342 ludibrio
2392 5286 2622 5343 habitus.
2674 5276 2861 5337 contra
2888 5276 3259 5336 'An'tiochenos
3290 5281 3505 5337 librum.
3540 5276 3645 5330 lli-

2128 5374 2419 5430 sopogona,
2453 5358 2681 5418 hoc-est,
2713 5353 3158 5416 Barbw-osorem,
3194 5350 3569 5419 composuerit.

2131 5472 2440 5545 Imperator
2476 5479 2658 5524 autem
2689 5467 2897 5539 ingenti
2935 5482 2964 5522 a
3016 5462 3352 5521 Christianis
3408 5460 3643 5530 pecunia

2059 5571 2303 5628 extorta,
2332 5561 2742 5632 expeditionem
2764 5560 3030 5614 adversus
3059 5557 3256 5611 Persas
3286 5551 3512 5607 molitus
3533 5562 3641 5616 est,

2058 5665 2116 5713 et
2136 5653 2488 5711 Antiochiam
2535 5650 2706 5723 Syriae
2740 5667 2798 5707 se
2822 5650 3076 5706 contulit.
3105 5646 3285 5717 Atque
3322 5643 3396 5700 ibi
3444 5642 3645 5700 liber..-

2058 5749 2231 5806 litatis
2256 5760 2370 5803 sua
2391 5744 2635 5801 studium
2661 5742 3023 5799 Antiocltenis
3047 5737 3288 5811 probare
3314 5736 3528 5797 volens,
3550 5749 3640 5791 res

2060 5841 2115 5896 in
2147 5839 2267 5896 foro
2289 5835 2510 5897 venales
2544 5843 2601 5891 et
2627 5832 2972 5889 necessarias
3032 5830 3098 5885 ad
3147 5836 3361 5884 certum
3429 5823 3640 5882 consti-
