4054 6450
1822 314 1877 349 ἢ

348 430 448 497 59.1

1277 432 1883 494 ECCLESIASTICE
1925 432 2321 494 HISTORUE
2356 432 2507 497 LIB.
2542 434 2611 494 Χ.

3513 439 3617 511 322

347 552 530 621 ἔρωτα
569 547 615 602 δ’
644 542 758 603 οἷον
793 547 1324 620 παραμυθούμενον,
1360 551 1467 612 τοῖς
1500 549 1600 618 τῆς
1642 549 1928 620 ἐρωμένης

2036 563 2405 606 conversam:
2464 549 2644 619 ipsum
2694 559 2878 605 autem
2930 548 3095 606 deum
3140 566 3209 606 ne
3264 551 3345 609 sie
3390 554 3615 625 quidem

344 641 567 704 κλάδοις
598 639 699 712 τὴν
732 641 981 712 κεφαλὴν
1016 640 1391 709 ἀναδήσασθαι
1416 680 1432 705 ,
1469 640 1563 695 καί
1605 658 1670 711 γε
1710 641 1928 711 δένδρον

344 732 686 803 γενομένην,
723 729 1137 803 περιπλακῆναι
1179 732 1276 785 καὶ
1322 731 1796 801 περιπτύξασθαι,
1834 732 1931 786 καὶ

348 825 471 899 μηδ’
501 823 949 881 ἀπαλλάττεσθαι
992 824 1140 894 μάλα
1181 827 1499 896 αἱρεῖσθαι,
1542 826 1682 881 ἀλλὰ
1725 842 1929 895 προσε-

344 919 561 991 δρεύειν
579 919 754 993 ταύτῃ
781 920 876 972 σὺν
903 919 1235 988 ἀστειότητι,
1259 918 1557 975 κάντεῦθεν
1579 920 1676 974 καὶ
1697 920 1929 990 τιμῆσαι

345 1014 438 1071 τὸν
479 1011 660 1084 χῶρον
703 1013 772 1083 τῇ
819 1011 1010 1083 μακρᾷ
1049 1011 1418 1085 προσεδρείᾳ·
1466 1012 1560 1066 καὶ
1602 1013 1711 1064 τῶν
1751 1012 1931 1067 ἀλλων

347 1108 540 1181 χώρων
588 1092 802 1176 ἐκφανῆ
856 1106 1087 1176 ποιῆσαι
1138 1108 1237 1163 καὶ
1290 1109 1699 1179 κεχαρισμένον
1754 1109 1928 1179 αὐτῷ.

358 1202 611 1260 Ἐνταῦθ’
636 1203 687 1256 οἱ
736 1205 1045 1269 σωφρονεῖν
1087 1200 1406 1274 αἱρούμενοι
1454 1202 1548 1256 καὶ
1593 1203 1685 1256 τὸν
1723 1204 1932 1273 τρόπον

239 1367 245 1371 _
345 1299 611 1360 ἐπιεικεῖς
645 1295 947 1367 διατρίϐειν
978 1296 1183 1368 ἥκιστα
1215 1296 1431 1368 ἤθελον.
1462 1295 1629 1350 Μάλα
1664 1296 1775 1365 γὰρ
1804 1290 1874 1366 ἦν
1904 1297 1933 1351 ὁ

345 1392 523 1464 χῶρος
564 1390 704 1463 πρὸς
743 1387 1033 1462 ῥᾳστώνην
1065 1390 1376 1460 ἀνειμένος.
1412 1390 1539 1454 Τοῖς
1573 1406 1638 1458 γε
1675 1389 1785 1461 μὴν
1817 1391 1928 1444 διε-

348 1486 578 1558 φθορόσι
610 1487 721 1539 τῶν
753 1484 926 1548 νέων,
961 1484 1267 1556 ἐπέραστός
1298 1501 1384 1548 τις
1417 1478 1786 1554 διαφερόντως
1819 1482 1934 1537 ἐδό-

347 1600 454 1646 κει,
486 1580 582 1634 ἆτε
611 1579 676 1650 δὴ
708 1578 806 1633 καὶ
831 1576 911 1648 τῷ
944 1576 1106 1648 μύθῳ
1138 1575 1552 1648 βοηθουμένοις,
1586 1576 1842 1650 ἐρωτικῷ
1867 1595 1931 1648 γε

346 1675 482 1728 ὄντι.
522 1673 611 1727 Ἐν
637 1670 815 1741 διπλῷ
845 1673 954 1742 γὰρ
980 1671 1211 1733 ἐκείνοις
1237 1668 1298 1722 τὸ
1326 1671 1498 1733 πάθος
1527 1671 1823 1738 ἀνήπτετο,
1852 1670 1934 1732 είς

351 1766 684 1838 παραίτησιν
724 1765 825 1818 οὐκ
871 1761 1076 1833 ἀγεννῆ
1121 1762 1542 1834 προῖσχομένοις
1579 1761 1673 1816 τὸν
1717 1762 1888 1834 μῦθον
1914 1779 1929 1793 ο

354 1860 576 1931 ἀναίδην
623 1876 684 1915 τε
734 1860 844 1929 γὰρ
893 1860 960 1929 τῇ
1010 1858 1280 1929 ἀκολασίᾳ
1324 1855 1570 1930 ἐχώρουν
1622 1857 1751 1929 μήτ’
1777 1857 1935 1912 αὐτοὶ

361 1951 655 2020 σωφρονεῖν
683 1947 1010 2017 δυνάμενοι,
1043 1946 1160 2001 ἀλλ’
1185 1948 1308 2000 οὐδέ
1341 1946 1629 2017 σώφρονας
1656 1947 1735 2017 τῷ
1768 1946 1935 2020 χώρῳ

287 2094 296 2102 .
357 2043 650 2114 διατρίὸειν
679 2042 981 2114 ἠνείχοντο.
1014 2041 1105 2110 Μὴ
1138 2040 1247 2111 γὰρ
1284 2041 1407 2111 μετ’
1432 2040 1720 2114 ἐρωμένης
1752 2043 1935 2094 ἐκεῖσε

353 2135 635 2207 διατριϐήν
664 2152 748 2201 τις
782 2137 954 2205 έχων,
987 2133 1224 2204 ἀγεννής
1254 2150 1340 2218 τις
1372 2132 1439 2189 ἂν
1471 2132 1621 2199 εδοξε
1654 2133 1804 2204 μάλα
1837 2135 1937 2189 καὶ

352 2222 584 2301 ἄχαρις,
622 2228 718 2282 καὶ
748 2228 824 2291 ὡς
855 2227 988 2298 ἄγος
1019 2244 1073 2280 τι
1107 2227 1481 2299 ἀποτρόπαιον
1524 2227 1733 2283 ἐκεῖθεν
1764 2227 1936 2299 ἠλαύ-

355 2338 497 2376 νετο.
538 2320 638 2376 Διά
680 2319 943 2389 πλείστης
986 2319 1044 2373 δέ
1082 2319 1181 2390 τῆς
1219 2317 1390 2390 τιμῆς
1429 2313 1500 2390 ἦν
1538 2320 1566 2373 ὀ
1605 2318 1783 2394 χῶρος
1820 2320 1936 2383 τοῖς

355 2412 746 2483 ἑλληνίζουσιν.
776 2410 1039 2482 Ἀγαλμα
1080 2410 1189 2481 γὰρ
1233 2410 1469 2465 ἐνταῦθα
1512 2411 1813 2482 ἐτύγχανεν
1854 2413 1936 2476 είς

353 2509 555 2572 κάλλος
581 2506 703 2560 λίαν
728 2503 1103 2575 ἀπεξεσμένον
1131 2505 1404 2574 Δαφναίου
1438 2504 1775 2573 Ἀπόλλωνος
1794 2520 1811 2537 ·
1841 2505 1936 2562 καὶ

351 2601 485 2665 νεὼς
512 2600 826 2664 κάλλιστος,
854 2602 934 2663 εἰς
965 2598 1101 2671 ὕψος
1128 2599 1250 2668 ἅμα
1276 2599 1369 2652 καὶ
1398 2599 1634 2669 μέγεθος
1661 2598 1937 2671 φιλοτίμῳ

352 2692 778 2764 ἐξειργασμένος
816 2691 1002 2763 χειρί·
1043 2690 1103 2746 ὃν
1146 2690 1412 2748 Σέλευκον
1452 2693 1735 2762 ἀνεγεῖραι
1775 2690 1937 2760 λόγος

351 2786 442 2837 τὸν
475 2783 751 2852 Ἀντιόχου
785 2782 1003 2853 πατέρα
1028 2796 1043 2810 ⁸
1075 2780 1134 2844 ὃς
1166 2781 1261 2836 καὶ
1291 2780 1394 2848 τὴν
1426 2779 1718 2849 ἐπώνυμον
1754 2777 1932 2843 πόλιν,

350 2877 450 2946 τὴν
489 2875 769 2945 Ἀντιόχου
805 2874 988 2945 φημὶ,
1030 2872 1474 2944 μεγαλοπρεπῶς
1508 2873 1571 2926 τὸ
1604 2871 1727 2927 κατ’
1754 2870 1933 2943 ἀρχὰς

352 2971 566 3041 ἀνιστᾷ.
612 2970 803 3032 Πίστις
850 2985 914 3039 γε
966 2970 1076 3038 μὴν
1123 2968 1335 3039 προσῆν
1378 2969 1444 3020 ἐκ
1490 2965 1691 3022 πολλοῦ
1738 2965 1833 3020 καί
1882 2982 1934 3019 τι

356 3063 617 3135 μαντικὸν
652 3062 799 3134 ὕδωρ
834 3063 898 3115 ἐκ
934 3060 1249 3125 Κασταλίας
1280 3059 1381 3130 τῆς
1418 3061 1604 3131 πηγῆς
1637 3059 1936 3131 καταρρεῖν

353 3156 528 3206 ἐκεῖσε
551 3195 566 3219 ,
598 3151 694 3204 καὶ
727 3149 893 3222 μηδέν
918 3166 973 3203 τι
1008 3149 1415 3221 παραλλάττειν
1443 3149 1544 3219 τήν
1575 3150 1623 3201 τ’
1645 3147 1935 3217 ἐνέργειαν

2032 640 2231 712 puellas
2277 640 2625 697 desiderium
2674 641 2984 713 abiecisse,
3042 657 3404 713 amoremque
3455 661 3618 702 suum

2031 734 2206 788 veluti
2255 735 2549 799 solantem,
2596 746 2792 789 amatae
2836 735 3066 805 virginis
3114 735 3410 793 frondibus
3454 748 3623 810 caput

2032 826 2300 891 cinxisse,
2319 842 2553 899 eamque
2570 826 2735 881 etiam
2761 828 3020 883 arborem
3043 826 3244 886 factam
3269 829 3617 900 complexum

2033 936 2197 975 esse:
2238 935 2422 991 neque
2471 920 2540 973 ab
2590 934 2654 976 ea
2700 920 2989 976 discedere
3034 920 3350 987 volentem,
3384 922 3457 978 illi
3494 938 3619 978 cum

2033 1012 2336 1069 festivitate
2381 1012 2620 1083 quadam
2664 1012 2970 1078 assedisse,
3023 1015 3370 1085 proinileque
3410 1016 3621 1073 honore

2033 1104 2405 1160 diuturnioris
2439 1119 2605 1159 morae
2634 1120 2760 1159 cum
2804 1104 2989 1159 locum
3025 1110 3419 1176 prosecutum,
3456 1120 3622 1181 atque

2034 1199 2165 1255 aliis
2212 1199 2351 1254 locis
2406 1199 2802 1265 illustriorem,
2847 1199 3066 1270 sibique
3106 1201 3272 1256 etiam
3321 1205 3619 1273 gratiorem

2035 1291 2289 1347 ell‘ecisse
2339 1290 2548 1347 ferunt.
2604 1290 2706 1346 Hic
2753 1291 3010 1347 homines
3062 1293 3197 1347 casti
3245 1303 3304 1349 et
3350 1296 3621 1353 moderati

2037 1385 2266 1439 minime
2297 1385 2508 1439 versari
2555 1384 2976 1451 sustinuerunt,
3029 1386 3178 1459 quod
3239 1388 3394 1462 regio
3440 1404 3504 1444 ea
3556 1394 3623 1445 all

2035 1476 2308 1532 desidiam
2342 1484 2400 1532 et
2441 1475 2732 1531 libidinem
2785 1476 3084 1533 admodum
3135 1488 3286 1534 esset
3335 1482 3623 1551 proclivis.

2034 1567 2347 1627 Juvenibus
2387 1578 2574 1628 autem
2617 1571 2901 1641 corruptis
2940 1570 3187 1642 jucunda
3228 1573 3526 1646 plurimum
3570 1586 3628 1638 ct
3734 1608 3737 1613 ~

2036 1674 2186 1736 grata
2215 1666 2331 1722 visa
2372 1674 2492 1732 est,
2536 1674 2595 1721 et
2642 1681 2874 1736 prorsus
2924 1670 3237 1725 amatoria:
3268 1686 3412 1743 quos
3452 1673 3625 1728 etiam

2036 1767 2157 1815 eam
2189 1758 2243 1814 in
2278 1773 2393 1814 rem
2431 1759 2617 1818 fabula
2649 1761 2767 1831 ipsa
2797 1762 3074 1822 invitarit.
3112 1764 3182 1822 Et
3208 1764 3413 1838 duplex
3441 1767 3525 1821 eis
3552 1769 3623 1822 ad

2038 1852 2214 1921 culpa:
2242 1852 2692 1922 deprecationem
2730 1852 2972 1929 fabulam
3006 1871 3117 1913 non
3162 1858 3447 1929 illepidum
3487 1876 3627 1930 βιαιο-

2040 1943 2399 1999 tendentibus
2451 1944 2680 2001 incensa
2726 1955 2817 2002 est
2865 1947 3071 2013 libido,
3122 1959 3183 2003 ut
3233 1953 3357 2007 sine
3408 1954 3623 2025 pudore

2038 2050 2218 2105 neque
2248 2035 2350 2107 ipsi
2380 2037 2562 2107 pudici
2595 2048 2803 2107 essent,
2847 2057 3029 2112 neque
3065 2044 3297 2113 pudicos
3327 2046 3381 2101 in
3408 2062 3476 2103 eo
3502 2048 3627 2106 loco

2036 2141 2161 2184 esse
2204 2138 2547 2198 paterentur.
2593 2130 2700 2198 Qui
2750 2133 2898 2189 enim
2945 2136 3022 2190 ibi
3066 2138 3186 2194 sine
3218 2142 3394 2197 amica
3439 2158 3624 2199 versa-

2038 2230 2236 2286 retur,
2287 2221 2573 2279 illiberalis
2619 2226 2785 2294 plane
2848 2241 3162 2301 parumque
3208 2243 3402 2302 gratus
3445 2235 3623 2303 visus,

2039 2313 2268 2382 perinde
2295 2326 2461 2388 atque
2500 2317 2785 2392 piaculum
2825 2320 3051 2392 aliquod
3079 2324 3470 2384 detestandum
3496 2328 3627 2386 inde

2039 2406 2387 2477 abigebalut‘.
2422 2408 2624 2468 Gratata
2667 2422 2853 2473 autem
2898 2418 3316 2486 superstitionis
3365 2423 3628 2485 observa-

2045 2500 2264 2560 toribus
2296 2502 2573 2572 praecipue
2606 2505 2659 2558 in
2692 2509 2936 2564 niaximo
2967 2511 3125 2568 locus
3152 2513 3378 2571 habitus
3406 2528 3492 2572 est
3519 2519 3622 2575 bo-

2040 2607 2197 2648 nore.
2231 2593 2371 2652 Nam
2400 2605 2584 2651 statua
2619 2598 2695 2652 ibi
2724 2598 3000 2669 Apollinis
3029 2603 3287 2678 Daphnaai
3321 2608 3398 2681 (I)
3430 2627 3627 2684 ntagna

2044 2696 2339 2745 venustate
2388 2691 2714 2761 cxsculpta,
2763 2706 2818 2748 et
2867 2696 3134 2768 templum
3189 2702 3623 2770 pulcherrimum

2037 2779 2330 2838 altitudine
2355 2791 2414 2839 et
2434 2786 2806 2855 amplitudine
2835 2789 3092 2857 mirifica,
3120 2794 3423 2858 artiﬁciosa
3457 2812 3625 2859 manu

2037 2883 2418 2930 constructum
2466 2875 2616 2933 fuit:
2649 2880 2795 2949 quod
2830 2880 3125 2940 Seleucum
3150 2927 3167 2952 ,
3203 2889 3489 2955 Antiochi,
3529 2894 3624 2967 qui

2038 2965 2234 3024 urbem
2280 2983 2402 3023 eam
2453 2970 2558 3026 sub
2608 2985 2712 3026 suo
2763 2973 2990 3030 nomine
3043 2977 3333 3048 magniﬁce
3382 2965 3624 3051 primum

2036 3058 2316 3125 condidit,
2368 3069 2581 3130 patrem
2645 3066 3027 3123 ennstruxisse
3070 3067 3282 3129 ferunt.
3337 3072 3625 3130 Creditum

2037 3151 2204 3206 etiam
2248 3152 2414 3224 longo
2461 3164 2710 3226 tempore
2744 3166 2826 3216 εει
2851 3199 2867 3225 ,
2903 3174 3103 3233 aquam
3156 3162 3233 3218 ibi
3264 3179 3296 3219 e
3329 3163 3481 3222 fonte
3522 3167 3628 3223 Ca-

353 3248 447 3299 xa‘t
482 3247 859 3316 προσηγορίαν
891 3244 1126 3298 ἐκείνου.
1157 3242 1297 3296 Φασὶ
1330 3241 1385 3295 δέ
1421 3242 1517 3296 καὶ
1549 3241 1819 3313 Ἀδριανῷ
1850 3234 1931 3313 τῷ

2041 3244 2201 3300 stalio
2230 3245 2647 3313 divinatricem,
2680 3249 2818 3308 nihil
2858 3251 3086 3325 prorsius
3116 3256 3186 3313 ab
3215 3256 3318 3316 alia
3357 3259 3448 3319 illa
3479 3263 3621 3333 apud

354 3340 567 3412 βασιλεῖ
596 3341 654 3391 ἐν
687 3339 920 3402 ἰδιώταις
952 3337 1036 3390 ἔτι
1066 3336 1406 3407 ταττομένῳ,
1437 3333 1672 3390 ἐνταῦθα
1703 3354 1934 3406 προφοι·

2039 3333 2296 3407 Delphos,
2322 3347 2382 3393 ut
2401 3340 2647 3407 nomine,
2691 3343 2773 3400 sic
2796 3345 2962 3400 etiam
2989 3346 3228 3404 ellicacia
3253 3350 3620 3424 differentem,

354 3432 620 3502 σασθῆναι
650 3432 710 3483 τὸ
741 3430 939 3500 μέλλον
963 3447 976 3461 ·
1009 3430 1220 3500 δάφνης
1249 3430 1358 3500 γὰρ
1386 3427 1585 3499 φύλλον
1610 3428 1935 3501 ἐμϐάψαντα

351 3530 418 3603 τῇ
456 3528 631 3599 πηγῇ,
663 3524 763 3600 τὴν
793 3522 888 3580 τοῦ
923 3523 1212 3596 μέλλοντος
1244 3522 1558 3595 ἀρύσασθαι
1592 3525 1931 3594 πρόγνωσιν,

353 3620 645 3693 γράμμασι
674 3615 1163 3690 καταμηνυθεῖσαν
1190 3615 1342 3688 αὐτῷ
1367 3631 1383 3647 ⁸
1415 3615 1539 3676 ἐπεὶ
1567 3615 1625 3672 δὲ
1656 3616 1753 3670 καὶ
1781 3614 1936 3687 τέλος

352 3713 510 3782 ἔσχεν
534 3712 567 3782 η
593 3711 897 3786 πρόρρησις
924 3710 1011 3764 ἐπ’
1033 3709 1205 3781 αὐτῷ,
1234 3710 1322 3766 ἵνα
1352 3708 1429 3785 μὴ
1458 3710 1555 3765 καὶ
1581 3708 1766 3772 ἄλλοις
1792 3707 1937 3765 οὕτω

350 3806 413 3858 τὸ
442 3803 636 3875 μέλλον
664 3803 962 3875 μανθάνειν
988 3803 1107 3876 ἐξῇ,
1130 3801 1348 3878 χώμασι
1378 3802 1595 3867 πολλοῖς
1619 3802 1722 3875 τὴν
1747 3800 1935 3876 πηγὴν

352 3899 633 3971 ἀφανίσαι.

423 4173 613 4232 Ταῦτα
648 4174 749 4246 μὲν
780 4172 1054 4245 Ἐλλήνων
1084 4171 1273 4236 παῖδές
1305 4188 1472 4241 φασιν
1493 4186 1507 4201 ·
1538 4172 1614 4236 ὡς
1643 4172 1701 4226 δὲ
1731 4172 1934 4237 Γάλλος
2013 4174 2019 4180 ’

359 4275 567 4341 Καῖσαρ
591 4270 696 4341 πρὸ
717 4268 1099 4325 Κωνσταντίου
1121 4265 1522 4337 χειροτονηθεὶς
1546 4267 1605 4318 ἐν
1628 4267 1934 4339 Ἀντιοχείᾳ.

358 4367 591 4438 διέτριϐε
612 4406 628 4431 ,
659 4365 757 4432 τὰς
790 4364 966 4417 ἐκεῖσε
994 4361 1107 4414 τῶν
1138 4360 1432 4432 βαρϐάρων
1462 4360 1811 4417 ἀναστέλλων
1840 4365 1934 4433 ὀρ-

360 4464 499 4531 per
530 4462 652 4515 ἐπεὶ
679 4456 1006 4531 Χριστιανὸς
1031 4454 1136 4520 ὢν,
1167 4458 1224 4520 ἐς
1248 4457 1318 4510 τὰ
1348 4454 1587 4525 μάλιστα
1615 4456 1780 4526 ἐτίμα
1807 4457 1934 4521 τοὺς

2038 3432 2384 3502 proﬂuxisse.
2420 3435 2585 3495 Fama
2628 3436 2762 3493 item
2807 3438 2943 3507 fert,
2986 3441 3229 3502 Adriano
3273 3446 3620 3518 imperatori,

2036 3540 2163 3582 cum
2192 3525 2439 3596 privatus
2466 3530 2649 3590 adhuc
2677 3542 2844 3599 esset,
2880 3550 3210 3606 responsum
3251 3539 3324 3595 ibi
3355 3541 3423 3601 de
3457 3545 3622 3606 rebus

2039 3618 2242 3673 futuris
2274 3620 2486 3675 editum
2530 3636 2694 3695 resse,
2738 3639 2982 3700 eumque
3019 3626 3161 3687 lauri
3210 3628 3343 3691 folio
3377 3632 3430 3686 in
3472 3633 3623 3693 fonte

2040 3712 2213 3765 tincto
2245 3710 2419 3766 futuri
2462 3714 2838 3785 cognitionem
2875 3718 3080 3777 litteris
3110 3719 3450 3795 designatae)
3489 3726 3626 3780 bth

2037 3804 2174 3860 sisse
2202 3820 2217 3858 :
2255 3815 2312 3860 et
2341 3821 2468 3862 cum
2502 3812 2833 3881 rcSponsum‘
2863 3809 2917 3864 id
2955 3810 3022 3865 ad
3054 3814 3268 3871 exitum
3300 3831 3463 3871 suum
3500 3835 3626 3888 per-

2039 3896 2312 3961 venisset,
2358 3913 2429 3954 ne
2460 3899 2585 3955 aliis
2608 3916 2831 3972 quoque
2869 3902 2961 3970 adi
2988 3904 3245 3960 eumdem
3273 3908 3498 3964 inodum
3534 3928 3625 3966 ιτς

2039 3986 2254 4046 futuras
2303 4008 2637 4064 cognoscere
2680 3995 2914 4065 liceret,
2963 4011 3160 4070 aggere
3190 4000 3366 4058 multo
3414 4002 3623 4063 fontem

2038 4084 2420 4141 obstruxisse.

2111 4175 2234 4231 llaec
2266 4179 2489 4247 quidem
2544 4180 2627 4234 sic
2672 4180 2846 4236 Graeci
2889 4182 3135 4243 tradunt.
3183 4186 3374 4250 Gallus
3414 4200 3622 4258 autem,

2038 4267 2135 4321 ubi
2185 4265 2369 4324 Caesar
2418 4280 2505 4325 est
2554 4286 2587 4326 a
2636 4270 2967 4329 Constantio
3002 4286 3268 4346 creatus,
3315 4280 3625 4342 Antiochia:

2034 4362 2212 4425 vixit,
2259 4362 2633 4423 Barbarorum
2685 4364 2761 4421 ibi
2810 4366 3079 4437 impetum
3130 4380 3190 4425 et
3240 4371 3619 4435 incursionem

2037 4471 2415 4528 compescens.
2452 4457 2555 4515 llic
2589 4468 2650 4515 ut
2681 4457 3052 4529 Christianus,
3087 4479 3214 4523 cum
3251 4465 3488 4527 maxime
3526 4484 3626 4525 eos

354 4555 496 4625 ὑπὲρ
531 4550 769 4623 Χριστοῦ
806 4550 901 4604 καὶ
929 4549 1024 4603 τοῦ
1056 4549 1330 4620 δόγματος
1362 4550 1628 4617 γενναίως
1659 4550 1934 4617 ἀγωνισα-

2039 4552 2134 4628 qui
2166 4567 2267 4623 pro
2305 4551 2532 4607 Christo
2569 4560 2626 4607 et
2658 4550 2915 4624 dogmate
2946 4561 3138 4610 nostro
3172 4555 3394 4639 fortiter
3427 4558 3624 4614 decer.

362 4650 551 4719 μένους
572 4687 587 4710 ,
620 4645 761 4714 ἔγνω
789 4643 852 4716 δὴ
884 4641 977 4696 τὸν
1006 4641 1186 4712 χῶρον
1215 4641 1314 4704 τῆς
1344 4642 1570 4714 μακρᾶς
1601 4640 1933 4709 δεισιδαιμο·

2041 4653 2247 4708 tarunt,
2281 4643 2390 4721 63
2447 4657 2834 4712 veneraretur,
2871 4645 3052 4702 locum
3088 4647 3250 4707 talem
3287 4664 3316 4704 a
3358 4634 3620 4710 diuturna

358 4739 472 4803 νίας
505 4741 599 4795 καὶ
633 4735 739 4796 τοῦ
763 4735 1068 4792 ἀκολάστου
1103 4735 1311 4810 τρόπου
1348 4734 1588 4804 μάλιστα
1624 4735 1932 4807 ἐκκαθᾶραι

355 4834 448 4886 καὶ
482 4829 813 4899 ἀπαλλάξαι.
848 4825 1094 4899 Νομίσας
1132 4822 1226 4880 οῦν
1261 4823 1337 4890 ὡς
1376 4826 1479 4879 οὐκ
1515 4824 1693 4887 ἄλλως
1733 4841 1796 4893 γε
1839 4842 1935 4878 πε-

356 4925 591 4995 ριέσοιτο
613 4921 708 4981 τοῦ
739 4919 943 4985 δεινοῦ,
969 4919 1019 4972 εί
1052 4917 1130 4993 μὴ
1155 4919 1446 4993 εὐκτήριον
1469 4921 1657 4971 ἐκεῖσε
1690 4919 1753 4995 δὴ
1783 4919 1935 4971 ἀντιο

353 5018 747 5085 καταστήσειεν
780 5009 931 5066 οἶκον
951 5053 967 5075 ,
996 5009 1156 5067 τοῦτο
1186 5006 1245 5065 εὖ
1277 5011 1767 5082 διαπεπραγμένος
1788 5051 1803 5071 ,
1837 5010 1932 5064 καὶ

349 5112 450 5180 τὴν
484 5110 658 5181 θήκην
691 5106 913 5167 Βαϐύλα
943 5103 1038 5158 τοῦ
1080 5106 1362 5175 μάρτυρος
1397 5106 1478 5167 είς
1510 5103 1722 5173 δάφνην
1762 5104 1933 5174 μετή-

351 5220 523 5272 γαγεν
542 5217 558 5234 ο
585 5200 643 5263 ὃς
673 5200 779 5268 πρὸ
805 5198 1004 5256 πολλοῦ
1033 5197 1305 5271 λαμπρῶς
1330 5196 1429 5271 τὴν
1462 5197 1783 5267 Ἀντιοχέων
1809 5199 1932 5250 ἐπιν

350 5295 653 5365 τροπεύων,
681 5295 776 5348 ἐπὶ
800 5290 1186 5363 Νουμεριανοῦ
1216 5290 1481 5357 γενναίως
1509 5289 1601 5341 τὸν
1629 5290 1768 5360 ὑπὲρ
1797 5291 1933 5360 Χρι.

352 5390 481 5445 ατοῦ
525 5389 714 5456 ἀγῶνα
750 5386 1031 5460 διήνεγκε.
1076 5383 1151 5437 Τὸ
1192 5382 1250 5436 δὲ
1297 5383 1602 5458 μαρτύριον
1643 5383 1705 5452 ἐξ
1747 5385 1932 5448 αἰτίας

345 5482 608 5551 τοιαύτης
645 5478 792 5549 αύτῷ
831 5475 1105 5547 προϐῆναι
1127 5490 1141 5503 ·
1179 5474 1480 5543 ἐπίσκοπος
1520 5475 1621 5544 μὲν
1655 5476 1762 5545 γὰρ
1799 5472 1868 5551 ἦν
1904 5479 1932 5530 ὀ

348 5576 599 5638 Βαῦύλας
626 5590 640 5604 ’
684 5572 827 5627 κ).τά
869 5569 930 5623 δέ
974 5585 1099 5623 τινα
1140 5568 1375 5638 δαίμονα
1420 5567 1668 5638 γνώμην,
1716 5569 1933 5639 Νουμε.

352 5672 520 5741 ριανῷ
552 5668 690 5736 ἐρως
712 5664 1001 5736 ἐμπεσεῖν,
1028 5659 1344 5732 πληθούσης
1366 5660 1467 5730 τῆς
1490 5662 1789 5731 ἐκκλησίας
1818 5665 1904 5715 εξσ
1920 5690 1933 5701 .

344 5763 521 5813 ἐλθεῖν
555 5762 614 5812 ἐν
651 5757 788 5825 αὐτῇ
816 5769 831 5785 ο
866 5755 958 5807 τὸν
991 5751 1037 5805 δ’
1077 5752 1350 5823 ίεράρχην
1393 5753 1534 5807 κατὰ
1578 5754 1647 5807 τὰ
1681 5756 1932 5826 πρόθυρα

416 5872 498 5942 (1)
535 5870 595 5924 In
637 5867 910 5948 tl_mhr059_
934 5844 1182 5948 ῐξέριιηεε
1206 5863 1332 5948 luco
1378 5865 1801 5948 Constantinus
1823 5867 1932 5948 Ma-

345 5935 491 6017 gnus
522 5940 686 5997 matri
723 5935 1093 6011 sumrllelenae
1138 5944 1378 5989 statuam
1409 5937 1723 5994 collocavit.
1762 5938 1827 5992 Et
1856 5940 1929 5994 ob

683 6031 725 6095 1‘
740 6044 955 6093 Ατιιοι..
986 6028 1100 6088 Gn.
1144 6026 1385 6095 CXLVI

2037 4738 2437 4808 superstitione
2493 4745 2553 4797 et
2605 4738 2860 4808 improbo
2906 4738 3002 4800 illo
3063 4755 3217 4797 more
3272 4741 3620 4803 liberandum

2038 4838 2205 4902 atque
2256 4830 2669 4903 repurgandum
2708 4831 2890 4888 duxit.
2931 4832 3228 4906 Postquam
3277 4844 3466 4897 autem
3513 4853 3622 4899 non

2036 4923 2200 4983 aliter
2231 4938 2294 4978 se
2330 4922 2538 5005 malum
2571 4930 2785 4983 tantum
2820 4923 3264 5000 exstirpaturum
3302 4942 3425 4991 esse
3463 4939 3628 5005 puta.

2035 5015 2146 5081 vit,
2199 5014 2310 5076 nisi
2364 5025 2558 5071 contra
2612 5017 2876 5088 templum
2929 5018 2985 5074 id
3059 5021 3332 5078 orationis
3395 5022 3623 5087 domum
3722 5050 3728 5058 ·

2036 5117 2418 5174 construeret,
2456 5124 2625 5182 opere
2668 5124 2737 5166 eo
2785 5111 3014 5181 pulchre
3057 5113 3347 5184 perfecto,
3379 5115 3624 5179 loculum

2034 5201 2199 5257 etiam
2234 5201 2448 5279 Babyla:
2474 5203 2735 5274 martyris
2760 5203 2817 5259 in
2853 5205 3118 5277 Daphnen
3155 5210 3488 5268 transtulit:
3519 5213 3621 5282 qui

2034 5305 2162 5349 ante
2194 5298 2369 5353 annos
2407 5296 2596 5369 plures
2624 5296 2988 5357 Antiocheam
3036 5301 3288 5364 ecclesiae
3327 5302 3622 5374 splendide

2033 5387 2270 5447 antistes
2300 5387 2618 5457 praefuerat,
2654 5398 2712 5443 et
2735 5389 2839 5445 sub
2870 5391 3216 5453 Numeriano
3250 5393 3471 5454 fortiter
3500 5410 3624 5450 cer-

2037 5488 2219 5532 tamen
2268 5493 2368 5554 pro
2411 5477 2637 5551 Christe
2674 5482 3006 5551 pertulerat.
3058 5483 3301 5561 Martyrii
3349 5486 3472 5557 eius
3503 5486 3623 5545 haec

2034 5586 2198 5625 causa
2237 5571 2383 5626 fuit:
2428 5571 2825 5646 Episcripatum
2865 5576 3099 5648 Babylas
3133 5581 3281 5649 gerel
3303 5586 3378 5634 at.
3412 5579 3623 5636 Nume-

2020 5663 2255 5742 _rianum
2305 5674 2491 5720 autem
2549 5667 2620 5722 de
2678 5667 2951 5723 daemonis
3007 5671 3293 5741 cujusdam
3346 5675 3623 5752 sententia

2034 5755 2241 5824 cupido
2307 5758 2547 5822 invasit,
2603 5760 2898 5814 ecclesiam
2957 5760 3443 5830 Christianorum,
3495 5780 3622 5822 cum

2033 5886 2180 5953 eam_
2205 5887 2449 5953 causam-
2473 5874 2658 5953 locum
2689 5892 2815 5933 eum
2846 5876 3238 5948 Αὐγουστεῖον,
3271 5880 3622 5953 Augusteum.

2034 5944 2362 5999 nominavit.
2395 5943 2601 6017 (Suid.)
