4054 6472
483 441 591 503 ἘΞἾ

1718 439 1767 500 Ν
1780 438 2151 500 lCEPHORI
2192 440 2544 505 CALLISTI

3657 455 3750 525 τρε

484 554 600 624 66
641 550 731 607 ubi
760 550 1035 615 Julianus,
1060 564 1222 620 quem
1264 548 1316 605 id
1355 565 1465 606 non
1497 551 1722 617 latebat,
1750 554 1888 609 aiias
1921 556 2050 608 etiat

2156 598 2160 617 ,
2194 556 2285 609 καὶ
2317 557 2516 628 δροφΟν
2547 557 2693 628 ἔχειν
2713 600 2727 625 ,
2760 559 2963 615 aiam;
2996 561 3131 632 πυρί
3156 579 3168 594 '
3204 565 3303 620 ὅσα
3331 564 3386 620 δὲ
3417 562 3525 620 τῶν
3550 567 3748 623 οἰκοδο-

485 646 633 700 divis
689 644 1019 715 martyribus
1070 659 1260 700 sacras
1309 644 1455 700 aedes
1512 657 1865 701 constructas
1913 662 2075 711 esse,

2187 649 2460 717 μημάτων
2489 650 2723 721 ἡμιτελῆ
2758 654 2930 719 ἐστιν,
2962 655 3027 707 ἐκ
3060 655 3280 727 βάθρων
3311 657 3453 711 αὐτὰ
3479 659 3751 741 ἀνασπᾷν.

486 757 656 814 prope
690 741 999 811 Apollinem
1052 741 1387 827 Didymaeum
1414 742 1533 799 sive
1564 744 1881 814 gemellum,
1929 744 2022 813 qui
2058 752 2187 799 ante
2213 745 2458 799 Miletum
2489 754 2593 808 est,
2619 749 2877 818 cognovit
2904 768 2917 803 :
2954 751 3227 820 prterea-tis
3257 753 3558 824 provincia:
3583 755 3752 812 Caria:

484 840 730 910 scripsit,
756 849 815 893 ut
836 853 959 908 quas
985 840 1187 909 templa
1207 840 1507 896 aedilicium
1533 839 1724 905 altius,
1748 849 1805 895 et
1835 849 2065 905 tectum,
2100 849 2269 912 alque
2324 842 2494 896 etiam
2564 858 2777 898 sacram
2803 860 3047 901 mensam
3078 847 3373 917 haberem,
3400 849 3453 905 in
3481 866 3547 907 ea
3573 851 3751 923 ignem

489 934 819 1005 injicercnt:
870 946 993 1002 qua:
1044 946 1179 986 vero
1230 932 1460 987 dimidia
1513 947 1579 987 ex
1613 942 1772 1002 parte
1819 933 2070 989 absoluta
2110 943 2318 1000 essent,
2350 933 2603 991 funditus
2640 943 2976 994 everterent.

1043 1068 1270 1126 CAPUT
1308 1069 1504 1125 XXIX.

479 1163 558 1218 De
582 1164 770 1231 fraude
829 1159 1141 1221 Cratcorum
1207 1163 1565 1219 oraculorum.
1621 1162 2066 1220 Commemoratio

547 1250 729 1287 eorum
761 1249 887 1358 ἔμω
920 1249 1014 1304 per
1045 1234 1329 1287 vindictam
1361 1235 1597 1288 divinant
1625 1238 1768 1303 passi
1792 1244 1937 1299 sunt,
1975 1236 2068 1304 qui

547 1322 705 1358 sacra
793 1304 1193 1358 'hristianorum
1248 1315 1297 1357 et
1353 1320 1434 1358 res
1484 1306 1692 1358 diuinas
1746 1305 2065 1358 contumelia

546 1322 705 1358 sacra
761 1304 1193 1359 Christianorum
1248 1315 1297 1357 et
1353 1320 1434 1358 res
1484 1306 1692 1360 diuinas
1746 1305 2065 1360 contumelia

549 1376 864 1445 eiecerunt.

550 1491 659 1546 Sed
693 1490 842 1546 enim
876 1490 1082 1561 quibus
1116 1492 1282 1546 rebus
1313 1490 1598 1548 .Julianus
1625 1505 1681 1548 et
1715 1491 1888 1548 Graeci
1925 1491 2061 1547 deo-

477 1601 601 1639 rum
637 1592 969 1652 potestatem
1002 1583 1275 1653 adaugere
1308 1593 1475 1652 atque
1507 1594 1792 1639 ostentare
1826 1584 2063 1639 studue-

479 1692 648 1742 runt,
698 1694 766 1734 ex
806 1678 890 1734 eis
933 1677 1153 1732 illorum
1189 1677 1544 1733 imbecillitas
1583 1687 1749 1748 atque
1781 1678 2058 1746 seditetio,

479 1769 667 1823 divina
724 1767 1022 1839 adiuvante
1071 1767 1460 1838 providentia,
1531 1768 1880 1838 deprehensa
1936 1785 2060 1826 sese

2752 1078 3002 1133 ΚΕΦΑΛ.
3045 1080 3172 1136 ΚΘ’.

2170 1165 2462 1247 Περὶ-τῆς
2492 1168 2732 1247 datisne
2756 1170 2899 1247 τῶν.
2921 1171 3302 1240 Ἑλληνικῶν
3332 1179 3713 1247 χρηστηρίων
3738 1194 3754 1209 ⁶

2240 1238 2341 1315 καὶ
2380 1238 2799 1315 ἀπαρίθμησις
2825 1238 3130 1315 adiuuat}:
3154 1238 3486 1315 θεομήῖίάν
3534 1238 3756 1305 ἕσπον-

2238 1310 2451 1377 θότων,
2487 1309 2591 1364 ἅτε
2617 1310 2694 1377 δὴ
2730 1312 2864 1380 περὶ
2900 1314 2974 1366 τὰ
3002 1313 3133 1367 θεῖα
3161 1309 3633 1386 ἐξὺὀζρισάντων.

2249 1485 2339 1552 Ἐξ
2381 1479 2454 1540 ὧν
2499 1486 2610 1559 γὰρ
2655 1487 2994 1554 ἐσπούδαζεν
3032 1477 3323 1558 Ἰουλιανὸς
3368 1495 3464 1549 καὶ
3491 1495 3756 1566 Ἕλληνες

2160 1580 2363 1650 κιχρᾷν
2395 1581 2464 1633 τὰ
2503 1580 2760 1651 δαιμόνια
2782 1622 2797 1646 ,
2837 1584 2904 1636 ἐκ
2937 1583 3147 1638 τούτων
3186 1586 3389 1656 μᾶλλον
3422 1587 3484 1641 τὸ
3525 1589 3756 1655 ἀσθενὲς

2164 1672 2261 1723 καὶ
2312 1670 2734 1742 πεπλανημένον
2782 1674 2883 1742 τῆς
2933 1672 3086 1738 θείας
3136 1675 3573 1750 συνελαυνούσης
3619 1695 3758 1750 πρ.-

2163 1760 2319 1824 νοίας,
2349 1761 2635 1830 ἠλέγχετο.
2676 1763 2910 1827 Ψευδείς
2949 1764 3061 1835 γὰρ
3100 1767 3196 1819 καὶ
3236 1767 3518 1821 ἁτέλέστοι
3562 1769 3756 1841 σχεδὸν

478 1861 750 1915 exhibuit.
784 1860 919 1914 Nam
955 1874 1307 1930 quascunque
1340 1860 1411 1915 ab
1448 1862 1694 1916 oraculis
1740 1861 1888 1916 edita
1930 1869 2050 1917 sunt

2165 1852 2370 1917 πάντες
2407 1854 2456 1906 ei.
2497 1857 2561 1905 ἐκ
2594 1853 2704 1908 τῶν
2738 1857 3094 1927 χρηστηρίων
3128 1861 3375 1929 χρησμοὶ
3413 1865 3556 1916 κατά
3592 1880 3657 1930 γε
3694 1864 3759 1916 τὸ

476 1968 763 2022 respousa,
800 1967 939 2023 pene
966 1953 1152 2007 omnia
1178 1962 1373 2023 aperte
1400 1954 1539 2008 falsa
1571 1968 1717 2018 esse,
1752 1962 1810 2009 et
1833 1955 2050 2009 eventui

2164 1944 2444 2017 προφανὲς
2478 1947 2864 2015 ἐγνωρίζοντο.
2897 1950 3231 2020 Στρατεύειν
3264 1955 3374 2023 γὰρ
3404 1954 3500 2008 ἐπὶ
3531 1956 3756 2022 Πέρσας

478 2047 662 2099 minus
721 2044 1151 2116 respondentia,
1207 2045 1430 2115 cognita
1485 2054 1641 2101 sunt.
1708 2044 2055 2101 Excercituat

474 2140 681 2209 quippe
713 2139 982 2196 adversus
1008 2139 1209 2194 Persas
1246 2139 1537 2205 ducturus,
1579 2140 1822 2210 Delphos
1857 2148 1914 2194 et.
1947 2140 2056 2194 Do-

420 2256 435 2269 κ
474 2234 659 2288 donen
693 2232 792 2304 (l),
821 2233 915 2303 qui
955 2242 1112 2288 vates
1142 2231 1220 2287 ibi
1255 2231 1637 2297 consulerent,
1668 2231 1839 2287 misit.
1877 2229 1944 2283 Et
1978 2229 2056 2285 illi

472 2343 583 2383 non
615 2326 796 2382 solum
829 2325 1057 2389 bellum,
1090 2340 1285 2380 verum
1325 2325 1496 2378 etiam
1526 2324 1818 2379 victoriam
1850 2322 2058 2394 promi-

461 2427 688 2491 serunt.
741 2415 980 2471 Tantum
1015 2431 1147 2471 vero
1187 2430 1218 2470 a
1259 2417 1496 2471 veritate
1538 2415 1657 2485 ipsa
1704 2416 2055 2478 aberrarunt,

472 2518 740 2579 quantum
781 2520 971 2580 postea
1002 2506 1188 2564 rerum
1227 2506 1410 2562 exitus
1460 2506 1726 2561 ostendit.
1777 2507 1950 2562 Porro
1988 2520 2059 2560 ex

473 2603 759 2671 responsis
784 2604 866 2658 eis
895 2617 1092 2662 unum.
1118 2600 1187 2655 ad
1215 2598 1565 2655 mendacium
1588 2598 2055 2670 redarguendum,

474 2695 582 2750 hoc
615 2695 738 2749 loco
764 2707 1042 2765 apponere
1070 2692 1238 2748 libuit
1264 2709 1281 2748 :

478 2808 638 2864 Nunc
672 2809 727 2862 di
758 2810 974 2875 demque
1013 2825 1195 2864 omnes
1240 2809 1583 2880 consurgite:
1616 2808 1807 2862 sumite
1839 2805 2055 2872 bellum,

475 2884 647 2950 Atque
675 2881 786 2949 fera
818 2890 1021 2933 certum
1051 2881 1114 2933 de
1145 2880 1364 2950 ﬂumine
1396 2880 1530 2949 ferte
1560 2890 1843 2947 trapamm,

474 2953 599 3006 Duas
629 2967 721 3021 ego
743 2961 916 3005 vester
933 2967 1030 3005 cro
1061 2950 1206 3006 Mars
1232 2967 1400 3006 stevus
1430 2950 1792 3020 belligerator.

473 3067 667 3122 Forum
697 3066 924 3121 tluvium
954 3065 1165 3137 Tigrim
1199 3064 1523 3129 nominavit,
1547 3064 1641 3135 qui
1672 3061 2054 3134 cognominem

471 3160 577 3215 sibi
615 3162 956 3214 animantem
990 3159 1186 3214 habet.
1224 3157 1577 3230 Ejuscemodi
1612 3155 1853 3211 oraculis
1887 3156 2057 3210 dece-

2165 2037 2399 2108 μέλλων,
2425 2041 2505 2101 είς
2527 2039 2773 2109 Δελφοὺς
2800 2041 2896 2094 καὶ
2921 2042 3185 2113 Δωδώνην
3215 2046 3458 2115 πέμψας,
3488 2049 3757 2120 ἐπηρώτα

2159 2130 2289 2193 τοὺς
2325 2131 2570 2201 μάντεις.
2609 2135 2674 2186 Οἱ
2707 2134 2754 2186 δ’
2779 2134 2840 2188 ού
2881 2136 3048 2205 μόνον
3084 2138 3441 2207 στρατεύειν,
3481 2141 3620 2196 ἀλλὰ
3654 2146 3757 2199 καὶ

2160 2223 2318 2294 νικᾷν
2356 2223 2785 2295 ἐπηγγέλλοντο.
2827 2226 2999 2281 Τόσον
3038 2228 3096 2283 δὲ
3134 2230 3235 2301 τῆς
3277 2231 3540 2301 ἀληθείας
3582 2236 3757 2305 ἠστό-

2161 2330 2327 2384 χουν,
2361 2316 2485 2369 ὅσον
2519 2316 2693 2384 ἔδειξε
2728 2317 2796 2372 τὰ
2836 2320 2895 2382 ἐς
2937 2318 3188 2392 ὕπερον.
3231 2322 3374 2391 Ἐγὼ
3411 2323 3468 2377 δέ
3510 2326 3604 2379 καὶ
3648 2328 3752 2382 Eva

2160 2407 2269 2460 τῶν
2302 2408 2570 2477 χρησμῶν
2602 2410 2696 2462 τοῦ
2728 2409 2958 2480 ψεύδους
2990 2411 3070 2482 τῷ
3105 2414 3335 2482 παρόντι
3367 2414 3580 2486 ἐνθήσω
3614 2434 3755 2488 σνγ-

2161 2500 2450 2571 γράμματι
2477 2516 2490 2532 ·
2532 2520 2549 2553 ι
2585 2501 2718 2557 Νῦν
2745 2504 2973 2571 πάντες
3004 2505 3368 2577 ὡρμήθημεν
3396 2510 3540 2577 θεοὶ,
3568 2512 3752 2581 νίκης

2159 2595 2414 2660 τρόπαια
2444 2595 2818 2663 κομίσασθαι
2850 2595 3013 2666 παρὰ
3044 2599 3181 2666 θηρὶ
3212 2603 3476 2671 ποταμῷ.
3515 2603 3664 2672 Ἐγὼ
3691 2606 3751 2658 δ’

2159 2685 2552 2755 ἡγεμονεύσω
2595 2686 2812 2755 θοῦρος
2853 2689 3320 2759 πολεμόκλονος
3347 2695 3547 2762 "Amic.
3590 2697 3750 2768 Θῆρα

2159 2776 2254 2830 οὖν
2288 2779 2533 2846 ποταμὸν
2563 2777 2656 2831 τὸν
2687 2778 2885 2851 Τίγριν
2914 2780 3233 2850 ὠνόμασαν,
3267 2786 3568 2855 ἐπειδήπερ
3598 2787 3753 2842 ἔστιν

2159 2869 2310 2939 αὑτῷ
2353 2869 2541 2939 θηρίον
2573 2869 2893 2943 ὁμώνυμον.
2936 2874 3076 2927 Ὑπὸ
3116 2876 3180 2945 δὴ
3213 2879 3421 2930 τούτων
3453 2881 3480 2932 6
3519 2877 3755 2943 δείλαιος

2161 2963 2515 3034 βουκοληθεὶς
2545 2965 2655 3017 τῶν
2688 2968 2957 3038 χρησμῶν
2979 3011 2992 3033 ,
3026 2969 3124 3041 τὴν
3156 2970 3316 3041 νίκην
3345 2972 3698 3044 ὠνειροπόλει
3732 2990 3749 3005 ο

2158 3059 2253 3109 καὶ
2285 3056 2608 3125 βεϐαιωθεὶς
2630 3099 2644 3123 ,
2676 3061 2758 3124 είς
2789 3062 2880 3115 τὸν
2909 3063 3054 3117 κατὰ
3086 3065 3314 3134 Περσῶν
3344 3066 3619 3130 ὡπλίζετο
3648 3069 3749 3121 πό·

2159 3149 2349 3220 λεμον.
2379 3150 2607 3205 Ἀλλυτε
2656 3151 2716 3205 δὲ
2764 3153 3141 3211 θεσπισάντων
3189 3159 3304 3228 ἅμα
3353 3159 3572 3214 πάντων
3621 3161 3749 3214 καθ’

473 3266 601 3325 ptus
637 3256 826 3317 miser,
861 3251 1157 3307 victoriam
1186 3251 1526 3307 somniavit:
1560 3259 1616 3304 et
1658 3249 1879 3304 tandem
1917 3263 2049 3304 con-

2156 3245 2387 3304 ἕκαστον
2426 3246 2535 3302 τῶν
2570 3248 2852 3319 ,μαντείων
2897 3251 3107 3320 σχεδὸν,
3146 3254 3224 3316 ὠς
3264 3255 3293 3306 6
3332 3253 3426 3309 τοῦ
3473 3254 3746 3325 βασιλέως

474 3349 757 3410 ﬁrmatus,
804 3358 863 3398 se
908 3343 975 3398 ad
1021 3342 1306 3399 Persicum
1354 3342 1555 3399 bellum
1603 3345 1862 3398 armavit.
1901 3343 2051 3398 Alias

476 3452 591 3493 tum
625 3451 869 3507 quoque,
907 3449 1037 3491 cum
1065 3434 1291 3491 oracula
1317 3435 1482 3490 simul
1517 3444 1575 3491 et
1602 3436 1833 3491 seorsim
1863 3434 2051 3489 onmia

473 3527 924 3598 respondissent,
983 3526 1336 3597 imperatoris
1386 3526 1720 3581 avunculum
1770 3526 2048 3580 Julianum

472 3637 677 3693 πει-νηὶ
726 3621 1056 3676 moriturum
1092 3634 1203 3675 non
1243 3632 1410 3675 esse:
1450 3618 1580 3673 dum
1632 3634 1897 3689 responsa
1932 3618 2052 3687 ipsa

473 3712 698 3781 legeret,
736 3723 1047 3763 aerumnose
1079 3716 1136 3763 et
1168 3707 1565 3763 miserabiliter
1595 3707 1640 3762 is
1681 3709 1848 3763 vitam
1886 3708 2048 3782 finiit.

471 3800 626 3855 Multi
671 3799 818 3854 enim
858 3798 951 3868 qui
984 3799 1040 3853 in
1081 3798 1429 3855 Christianos
1470 3808 1527 3855 et
1559 3814 1742 3855 veram
1787 3801 2049 3870 pietatem

476 3894 659 3949 lurore
693 3909 795 3949 suo
830 3892 1156 3948 debacchati
1192 3891 1438 3958 fuerant,
1472 3892 1652 3963 justas
1684 3889 1890 3947 dedere
1930 3905 2051 3960 pce-

473 4004 571 4043 uas
600 4007 613 4043 :
647 3986 1095 4042 manifestissime
1121 3994 1309 4041 autem
1341 3985 1590 4040 omnium
1624 3999 1748 4039 eum
1773 3985 1854 4039 eis
1881 3985 2047 4039 etiam

469 4077 752 4140 Julianus,
784 4077 982 4133 illustri
1018 4077 1284 4149 dignitate
1317 4075 1600 4146 praeditus,
1636 4074 1732 4145 qui
1775 4084 1889 4129 tum
1926 4074 2051 4128 uni-

470 4188 632 4227 verso
680 4171 895 4227 Orienti
950 4185 1077 4226 cum
1135 4169 1367 4241 imperio
1419 4169 1674 4239 prmfuit,
1740 4168 2048 4224 desertoris

473 4265 645 4334 ipsius
687 4264 882 4332 (sicuti
910 4261 1179 4327 diximus)
1228 4259 1559 4315 avunculus.
1606 4258 1715 4330 67
1767 4258 2046 4313 Praeterea

470 4357 622 4413 Felix
644 4396 658 4420 ,
696 4354 1064 4426 imperialium
1098 4352 1482 4408 thesaurorum
1518 4360 1769 4414 curator,
1802 4360 1859 4405 et
1890 4350 2044 4419 Elpi-

465 4451 591 4506 dius
624 4448 994 4519 imperatoria:
1043 4446 1241 4501 deinns
1294 4445 1590 4517 pra-fectus
1644 4445 1926 4517 (comitem
1960 4458 2048 4500 re-

466 4558 589 4596 rmn
638 4541 979 4609 privatarum
1036 4539 1227 4594 Latina
1282 4538 1468 4610 lingua
1529 4536 1740 4606 vocat).
1776 4536 1937 4592 .Tres
1987 4536 2042 4592 hi

2163 3339 2305 3404 θεῖος
2335 3341 2404 3396 τὰ
2434 3342 2502 3394 ἐκ
2535 3344 2746 3414 μητρὸς
2783 3341 3075 3408 Ἰουλιανὸς
3106 3346 3279 3398 νοσῶν
3308 3347 3369 3401 οὐ
3399 3347 3741 3417 τεθήξεται,

2159 3430 2218 3482 ἐν
2257 3429 2450 3493 αὐταῖς
2488 3431 2608 3494 ταῖς
2645 3433 2756 3485 τῶν
2790 3434 3060 3503 χρησμῶν
3101 3435 3474 3505 ἀναγνώσεσιν
3514 3438 3743 3510 οἰκτρῶς

2158 3521 2366 3586 ἐκεῖνος
2399 3524 2495 3577 καὶ
2530 3524 2781 3589 ἐλεεινῶς
2811 3527 2905 3580 τὸν
2942 3527 3058 3597 βίον
3091 3532 3453 3603 κατέστρεψε.
3489 3534 3600 3586 Καὶ
3632 3535 3745 3604 γὰρ

2160 3612 2346 3667 πολλοὶ
2377 3615 2486 3669 τῶν
2520 3619 2599 3678 είς
2643 3618 3011 3687 Χριστιανοὺς
3055 3623 3157 3675 καὶ
3190 3623 3293 3693 τὴν
3324 3625 3614 3680 εὐσέϐειαν
3649 3631 3742 3681 ἐκο

2162 3707 2440 3778 μανέντων
2470 3707 2627 3773 δίκας
2662 3712 2848 3764 ἐτισαδ
2882 3716 2943 3764 ού
2983 3715 3244 3785 μεμπτὰς
3267 3733 3282 3747 ο
3318 3719 3398 3781 είς
3429 3719 3490 3772 τὸ
3523 3736 3739 3791 προφα-

2159 3802 2415 3855 νέστατον
2444 3803 2501 3856 δὲ
2529 3804 2627 3856 καὶ
2656 3805 2683 3856 ὁ
2711 3805 2984 3876 ἐπιφανὴς
3023 3807 3344 3873 Ἰουλιανὸς,
3379 3812 3407 3863 ό
3435 3812 3740 3881 τηνικαῦτα

2157 3892 2261 3963 τῆς
2280 3895 2396 3947 Ἕω
2424 3895 2606 3963 πάσης
2628 3896 2838 3969 ἄρχων,
2859 3896 3002 3960 θεῖος
3030 3895 3127 3964 ὢν,
3148 3898 3225 3961 ὥς
3252 3916 3313 3967 γε
3344 3902 3577 3972 εἴρηται,
3598 3904 3739 3958 κατὰ

2157 3986 2218 4038 τὸ
2246 3986 2503 4056 μητρῷον
2531 3988 2690 4056 γένος
2715 3986 2811 4042 τοῦ
2840 3988 3175 4044 ἀποστάτου.
3207 3990 3348 4059 Πρὸς
3373 3993 3429 4046 δέ
3455 3994 3547 4048 καὶ
3571 3995 3738 4066 Φῆλιξ

2157 4079 2185 4133 6
2218 4078 2344 4141 τοὺς
2380 4078 2699 4149 βασιλικοὺς
2736 4080 3052 4151 θησαυροὺς
3085 4083 3566 4155 ἐπιτετραμμένος
3593 4104 3608 4119 ⁸
3642 4088 3738 4140 καὶ

2169 4170 2436 4229 Ἐλπίδιος
2475 4175 2504 4226 6
2536 4170 2842 4241 τηνικαῦτα
2876 4173 2977 4243 τῆς
3024 4174 3315 4245 βασιλικῆς
3355 4176 3532 4242 οἰκίας
3574 4195 3739 4249 πρίε-

2156 4265 2373 4332 στηκώς
2411 4266 2676 4337 (κόμητας
2716 4265 2773 4319 δέ
2807 4266 2917 4320 τῶν
2951 4267 3236 4337 πριὸάτων
3269 4269 3492 4335 τούτους
3531 4273 3564 4343 ἡ
3601 4270 3740 4326 Ῥω-

2157 4356 2338 4421 μαίων
2384 4355 2607 4422 γλῶστα
2658 4356 2855 4426 καλεῖ).
2901 4350 3061 4411 Οὗτοι
3108 4358 3165 4413 δὲ
3212 4358 3262 4412 οί
3309 4362 3457 4432 τρεῖς
3503 4362 3612 4416 τῶν
3658 4361 3738 4432 τῷ

2156 4449 2368 4519 βασιλεῖ
2411 4449 2831 4521 κεχαρισμένων
2877 4449 3118 4518 μάλιστα
3162 4450 3348 4517 ὅντες,
3394 4454 3636 4527 κάκείνῳ
3680 4456 3737 4509 δὲ

2156 4541 2544 4614 χαριζόμενοι,
2576 4543 2676 4611 τὴν
2706 4541 2995 4596 εὐσέϐειαν
3024 4541 3417 4614 ἐξηρνήσαντο.
3450 4544 3738 4614 Ἰουλιανὸς

463 4636 687 4699 κτειιὶυεί
726 4636 961 4690 maxime
998 4634 1142 4702 apud
1182 4634 1573 4701 imperatorem
1607 4638 1766 4685 erant
1801 4649 1813 4684 :
1848 4629 1937 4683 cui
1984 4637 2043 4683 ut

2156 4637 2259 4707 γὰρ
2280 4636 2372 4690 τὸν
2397 4634 2541 4691 κατὰ
2564 4636 2661 4691 τοῦ
2688 4637 3007 4708 ἀγάλματος
3029 4637 3129 4708 τῆς
3154 4637 3377 4709 Δάφνης
3401 4640 3737 4711 ἐμπρησμὸν

462 4728 942 4799 gratiﬁcarentur,
996 4725 1335 4797 posteriores
1381 4722 1493 4779 duo
1548 4737 1734 4778 veram
1785 4722 2043 4792 pietatem

463 4821 877 4891 abjuravcrant.
923 4819 1212 4883 Julianus,
1265 4815 1507 4870 incendii
1556 4814 1815 4886 Daphnaei
1855 4816 2040 4884 templi

461 4925 509 4968 et
543 4911 826 4967 simulacri
860 4925 1081 4965 causam
1114 4909 1426 4981 inquirens,
1453 4906 1802 4963 Christianos
1833 4906 1884 4962 id
1911 4908 2044 4961 deo-

461 5021 585 5060 rutn
637 5006 767 5059 odio
797 5003 1069 5057 excitasse
1117 5003 1467 5073 suspicatus,
1510 4999 1728 5054 tametsi
1779 5014 1810 5053 a
1845 4999 2043 5053 vicinis

461 5096 720 5169 agricolis
752 5094 820 5149 de
863 5093 1004 5148 cado
1050 5093 1282 5147 fulmine
1314 5105 1435 5145 eam
1472 5090 1644 5145 aedem
1682 5099 1879 5145 tactam
1918 5104 2043 5144 esse

461 5189 742 5262 cognovit,
779 5200 885 5240 non
926 5184 1255 5256 temperavit
1290 5184 1395 5239 sibi
1434 5194 1643 5245 tamen.
1677 5185 1812 5256 quin
1847 5183 2045 5238 adver—

462 5297 557 5337 sus
595 5282 982 5336 universarum
1018 5292 1203 5331 rerum
1239 5277 1411 5332 Deum
1450 5293 1603 5332 arma
1637 5287 1900 5331 sumeret.
1934 5276 2043 5329 ita-

461 5390 570 5443 que
615 5387 771 5428 saera
805 5353 944 5425 vasa.
981 5371 1141 5441 longe
1194 5371 1596 5442 pretiosissima
1634 5368 1897 5424 Ecclesia:
1925 5369 2042 5425 Ma-

462 5481 582 5535 gnae
602 5507 617 5531 ,
653 5480 817 5534 quam
849 5463 1246 5520 Constantinus
1277 5478 1508 5534 magnus
1537 5471 1947 5525 construxerat,
1984 5463 2040 5517 in

461 5556 654 5610 iiscum
707 5557 1060 5626 imperatoris
1113 5555 1305 5611 inferri
1361 5554 1675 5618 mandavit,
1725 5565 1783 5609 et
1828 5556 2043 5609 toribus

466 5645 680 5715 templi,
730 5646 875 5717 quod
925 5658 1041 5701 tum
1092 5647 1277 5701 Ariani
1330 5645 1645 5710 habebant,
1693 5646 1927 5709 clausis,
1973 5661 2042 5701 ne

462 5738 587 5805 quis
617 5754 685 5795 eo
720 5739 1126 5811 ingrederetur,
1159 5737 1396 5793 curavit.
1453 5735 1591 5792 Cum
1623 5736 1843 5791 Juliano
1888 5737 2042 5794 Felix

531 5900 607 5959 (1⁵)
641 5903 976 5959 Theodoret.
1014 5902 1169 5957 addit
1200 5900 1413 5962 Delum,
1450 5900 1546 5956 lib.
1577 5915 1656 5965 ut,
1695 5915 1816 5963 cap.
1846 5899 1936 5953 2i.

2149 4730 2527 4799 ἐρευνώμενος
2548 4768 2563 4790 .
2608 4730 2792 4801 μήπου
2827 4747 2913 4793 τις
2946 4731 3056 4787 τῶν
3090 4733 3438 4801 Χριστιανῶν
3473 4735 3622 4805 μίσει
3655 4733 3735 4804 τῷ

2145 4819 2254 4872 τῶν
2286 4818 2423 4872 θεῶν
2451 4819 2512 4871 τὸ
2548 4817 2659 4888 πῦρ
2691 4820 2886 4873 ἔϐαλεν
2909 4837 2927 4853 ·
2961 4821 3150 4894 ἐπειδὴ
3183 4822 3339 4893 παρὰ
3367 4822 3476 4875 τῶν
3506 4822 3736 4893 πλησιο-

2146 4911 2340 4985 χώρων
2371 4911 2647 4982 ἀγροίκων
2678 4913 2956 4984 ἀνέμαθεν
2983 4914 3280 4986 οὐρανόθεν
3309 4917 3404 4968 τὸν
3434 4916 3732 4988 πρηστῆρα

2148 5003 2449 5074 φερόμενον
2481 5005 2797 5073 τεθεᾶσθαι,
2830 5007 2984 5076 ὅμως
3024 5006 3085 5061 ού
3127 5007 3421 5078 καθυφῆκε
3463 5009 3540 5078 μὴ
3581 5011 3725 5063 κατὰ

2144 5096 2241 5149 τοῦ
2280 5097 2416 5151 Θεοῦ
2451 5098 2561 5152 τῶν
2593 5100 2733 5153 ὅλων
2767 5099 3111 5165 ὁπλίζεσθαι.
3145 5102 3259 5158 Καὶ
3296 5101 3362 5174 δὴ
3401 5101 3732 5173 προστάττει

2146 5191 2218 5243 τὰ
2249 5189 2372 5262 ἱερὰ
2399 5193 2496 5262 τῆς
2528 5192 2777 5264 μεγάλης
2809 5192 3145 5262 Ἐκκλησίας
3176 5195 3372 5266 σκεύη,
3402 5195 3620 5258 ούδενδς
3648 5196 3730 5259 είς

2149 5281 2501 5337 πολυτέλειαν
2535 5283 2693 5337 ἐνδεᾶ
2725 5284 2826 5357 (ἣν
2861 5287 3279 5350 Κωνσταντῑνος
3310 5288 3340 5339 ὁ
3377 5286 3556 5356 μέγας
3590 5286 3730 5340 ἐδεί-

2149 5375 2353 5443 ματο),
2390 5378 2502 5439 τοῖς
2542 5375 2847 5445 βασιλικοῖς
2887 5379 3140 5446 ταμείοις
3177 5377 3511 5448 ἀποδοθῆναι
3535 5392 3550 5407 ο
3590 5377 3728 5447 πρὸς

2144 5468 2202 5521 δὲ
2235 5470 2324 5521 καὶ
2351 5468 2450 5531 τὰς
2483 5468 2652 5539 θύρας
2679 5469 2889 5537 ταύτης
2914 5472 3028 5532 τοῖς
3055 5471 3271 5542 Ἀρείου
3305 5470 3599 5532 θιασώταις
3625 5471 3731 5523 ἐδί-

2144 5562 2258 5615 δου.
2297 5564 2407 5617 Καὶ
2439 5561 2517 5631 τῷ
2554 5562 2656 5632 μὲν
2689 5560 2966 5631 Ἰουλιανῷ
2996 5562 3165 5632 Φῆλιξ
3200 5564 3297 5617 καὶ
3331 5562 3601 5626 Ἐλπίδιος
3648 5563 3727 5632 τῷ

2145 5654 2253 5722 νεῷ
2303 5654 2678 5725 συνεισῆλθον,
2723 5655 2834 5711 τῶν
2881 5655 3182 5727 βασιλικῶν
3228 5655 3530 5727 χρημάτων
3574 5656 3728 5720 ὄντες

2144 5747 2364 5819 ταμίαι,
2392 5751 2420 5805 6
2451 5750 2552 5821 μὲν
2576 5749 2685 5804 τῶν
2710 5749 3007 5820 δημοσίων,
3036 5752 3064 5804 ό
3092 5749 3149 5803 δέ
3177 5749 3285 5804 τῶν
3314 5749 3419 5821 ἰδίᾳ
3446 5748 3541 5804 τοῦ
3573 5749 3730 5821 βασι-
