4054 6456
293 370 403 433 529

1232 369 1847 435 ECCLESlASTlC/‘E
1887 375 2281 439 IllSTOthE
2318 379 2468 443 LIB.
2512 378 2588 438 X.

3473 377 3591 440 530

292 482 433 545 λέως
471 480 667 537 ὄντων.
705 482 927 537 Τούτων
960 484 988 535 ὁ
1033 481 1132 554 μὲν
1168 481 1466 560 Ἰουλιανὸς
1489 523 1505 547 ,
1542 482 1793 555 ἀργαλέα
1823 488 1884 538 τε

1993 497 2047 545 et
2091 487 2376 558 Elpidius,
2426 487 2799 560 imperialium
2847 485 3211 558 pecuniarum
3248 496 3584 554 quaestores,

293 576 390 627 καὶ
429 573 828 645 δυστεκμάρτῳ
865 576 1005 645 νόσῳ
1045 557 1305 647 βληθείς,
1343 574 1439 628 ἐπὶ
1472 575 1887 644 τεσσαράκοντα

292 667 423 729 ὅλας
463 666 681 736 ἡμέρας
721 667 902 723 ἔκειτο
944 668 1250 737 ἀποτάδην,
1295 668 1439 738 μήτε
1486 668 1886 739 φθεγγόμενος,

297 760 440 831 μήτε
462 757 589 813 τινὰ
616 760 977 829 συναίσθησιν
1001 758 1163 831 ἔχων.
1190 760 1265 813 Τὸ
1292 760 1337 814 δ’
1363 758 1537 814 αῐτιον
1563 763 1758 830 ὅτιπερ
1787 778 1889 814 κα-

294 851 465 923 θέδρᾳ
493 853 606 916 τοῖς
641 854 809 921 ἱεροῖς
840 853 1119 924 ἐχρήσατο
1151 853 1411 920 σκεύεσι,
1443 854 1889 925 προσαρῤάσσων

292 947 363 1014 τῇ
399 947 503 1017 γῇ·
535 947 631 1000 καὶ⁸
664 946 754 1000 τὸν
786 946 1053 1018 ίεράρχην
1085 947 1330 1012 Εὐζώῖον
1352 988 1369 1015 ,
1403 947 1741 1018 πειραθέντα
1775 964 1887 1003 κω-

289 1033 456 1088 λῦσαι
484 1035 547 1088 τὸ
584 1033 742 1104 ἄγος.
774 1036 920 1090 κατὰ
963 1036 1169 1109 κὸρῤης
1212 1035 1368 1090 παίει
1414 1035 1664 1105 σφοδρῶς
1685 1075 1701 1099 ,
1735 1037 1889 1089 ἐπει-

292 1127 450 1194 πὼν,
484 1127 563 1189 ὡς
593 1127 779 1200 ἔρημα
812 1131 882 1183 τὰ
915 1129 1266 1200 Χριστιανῶν
1298 1129 1400 1201 τῆς
1435 1128 1589 1192 θείας
1622 1128 1890 1200 τυγχάνει

293 1220 650 1292 κηδεμονίας.
682 1222 899 1293 Μικρὸν
924 1222 982 1276 δὲ
1011 1223 1150 1286 τέως
1180 1223 1550 1295 ὓπορραΐσας,
1583 1221 1758 1276 πολλὰ
1791 1222 1890 1292 μὲν

292 1313 708 1382 κατεγίνωσκεν
731 1313 926 1366 ἑαυτὸν
950 1312 1051 1383 τῆς
1077 1312 1343 1384 ἀθεμίτου
1373 1311 1600 1384 γνώμης
1622 1330 1639 1346 ο
1668 1314 1766 1367 καὶ
1790 1310 1892 1385 τὴν

289 1402 457 1474 δίκην
494 1402 646 1474 αὐτῷ
690 1402 991 1475 συνῄσθετο
1036 1402 1253 1456 ἐκεῖθεν
1291 1402 1741 1475 καταρραγῆναι.
1780 1402 1928 1456 Καὶν

294 1495 466 1569 μέχρι
500 1495 599 1550 τοῦ
639 1501 901 1569 μάρτυρα
941 1497 1109 1552 αὐτὸν
1144 1495 1327 1567 ἑαυτῷ
1359 1496 1458 1565 τῆς
1495 1495 1890 1567 ἀνοσιουργίας

292 1583 555 1652 γενέσθαι
585 1583 901 1655 ἀνενεγκὼν
920 1627 936 1653 ,
971 1585 1339 1648 παντοδαποῖς
1371 1584 1555 1639 ἕλκεσι
1586 1585 1681 1639 καὶ
1714 1601 1889 1655 σηπε-

290 1675 415 1728 δόσι
458 1674 555 1746 τὴν
602 1678 848 1748 γαστέρα
894 1676 1184 1742 σπασθεὶς,
1235 1676 1607 1750 συνδιεῤῥάγη
1651 1677 1747 1730 καὶ
1790 1677 1891 1746 τὴν

289 1767 500 1840 ψυχήν.
535 1767 659 1823 Τῶν
693 1769 801 1841 γὰρ
841 1770 1091 1839 ὲγκάτων
1123 1770 1301 1842 τούεῳ
1338 1770 1754 1838 διασαπέντων,
1789 1771 1891 1839 τὴν

1992 580 2341 651 publicarum
2374 583 2533 648 alzer,
2563 582 2702 637 alter
2732 580 3101 653 privatarum,
3134 580 3188 634 in
3224 579 3494 647 templum
3527 577 3579 633 id

1991 673 2266 745 direpturi
2317 683 2610 731 venerant.
2677 675 2890 730 Horum
2962 674 3222 731 Julianus
3270 669 3478 726 dillicili
3528 679 3589 726 et

1995 760 2275 833 incognito
2319 763 2512 820 morbo
2545 779 2672 820 mox
2718 772 3030 835 correptus,
3073 764 3142 817 atl
3185 762 3303 816 dies
3346 760 3589 831 quadra-

1992 852 2145 923 ginta
2192 853 2267 908 ita
2318 842 2595 911 distentus
2641 855 2851 926 jacuit,
2902 864 2960 910 ttt
3006 870 3190 925 neque
3241 854 3582 924 loqueretur,

1994 958 2177 1013 neque
2206 945 2443 1001 sentiret
2472 945 2801 1017 quidquam.
2836 947 3014 1004 Causa
3047 946 3227 1001 morbi
3260 956 3404 1011 erat,
3433 944 3581 1014 quod

1995 1035 2173 1093 sacris
2215 1036 2365 1094 vasis
2399 1038 2503 1109 (ll,
2548 1055 2672 1110 qua:
2727 1048 2889 1095 terra:
2934 1040 3210 1103 illiserat,
3267 1055 3369 1110 pro
3421 1038 3584 1095 sedili

1995 1143 2133 1184 usus
2157 1127 2380 1187 fuerat:
2411 1137 2468 1185 et
2492 1131 2813 1202 episcopum
2847 1130 3144 1199 Euzoium,
3175 1131 3268 1202 qni
3306 1131 3583 1200 piaculum
3626 1167 3639 1179 .

1997 1228 2213 1275 tantum
2260 1221 2519 1278 inhibere
2566 1232 2797 1280 conatus
2845 1222 3052 1291 fuerat,
3104 1224 3159 1278 in
3196 1232 3364 1293 caput
3414 1222 3583 1276 vehe-

1994 1321 2214 1368 menter
2261 1315 2685 1379 verberaverat,
2736 1315 2886 1370 dicto
2926 1315 3022 1370 illo
3068 1316 3299 1386 insuper
3345 1314 3583 1385 ingesto,

1993 1406 2438 1462 Christianorum
2473 1423 2563 1463 res
2585 1423 2614 1462 a
2638 1409 2825 1464 divina
2850 1409 3209 1464 Providentia
3237 1424 3346 1463 non
3371 1410 3579 1462 curari.

1995 1500 2063 1555 Et
2087 1492 2410 1563 valetudine
2452 1501 2739 1572 paululum
2770 1512 3095 1574 recuperata
3119 1544 3133 1568 ,
3167 1517 3292 1558 cum
3337 1502 3585 1572 seipsum

1994 1592 2067 1646 ob
2102 1592 2397 1648 nefandam
2430 1593 2765 1648 sententiam
2810 1608 2966 1647 suam
3003 1592 3435 1660 condemnavit,
3470 1602 3586 1645 tum

1994 1689 2296 1745 tindictam
2338 1689 2585 1745 divinam
2618 1705 2727 1759 qua
2759 1688 3137 1759 alﬁigebatur,
3177 1685 3356 1743 sensit
3385 1688 3482 1757 (2).
3521 1687 3589 1742 Et

1994 1797 2121 1838 cum
2175 1783 2249 1838 ita
2298 1780 2573 1837 adversus
2626 1784 2880 1851 seipsum
2927 1780 3225 1850 impiorum
3281 1780 3586 1834 facinorum

295 1862 506 1933 κόπρον
537 1862 725 1916 οὐκετι
755 1863 846 1918 διὰ
875 1863 985 1917 τῶν
1020 1863 1403 1936 άποκριτικῶν
1432 1864 1681 1936 ὁργάνων
1712 1863 1886 1935 παρέ-

1996 1892 2226 1934 suorum
2261 1875 2423 1933 testis
2453 1875 2570 1947 ipse
2599 1884 2742 1930 esset
2755 1917 2779 1942 ,.
2808 1883 3062 1930 ventrem
3096 1872 3301 1929 deinde
3334 1873 3458 1944 ejus
3485 1888 3591 1944 pu-

296 1970 545 2025 πεμπιιν,
589 1955 725 2010 ἀλλὰ
779 1958 842 2011 τὸ
887 1957 1139 2029 μυσαρὸν
1177 1958 1356 2029 στόμα
1390 1958 1490 2028 τῆς
1535 1957 1895 2030 βλασφημίας

246 2107 251 2113 ,
292 2047 595 2116 γενόμενον
621 2049 879 2121 ὄργανον,
905 2051 1007 2122 τῆς
1038 2051 1392 2123 ἀποκρίσεως
1423 2053 1646 2121 ἐγένετο
1680 2054 1892 2124 μόριον.

294 2139 373 2195 Τὸ
402 2140 462 2196 δέ
492 2157 557 2210 γε
587 2142 792 2198 αίδοῑον
822 2145 915 2197 καὶ
941 2146 991 2197 οί
1020 2145 1151 2215 περὶ
1178 2145 1312 2200 αὐτὸ
1342 2146 1504 2217 πόροι
1537 2147 1893 2219 ὲφθείροντοο

293 2237 399 2290 καί
424 2236 483 2288 at
516 2236 642 2306 περὶ
667 2237 854 2289 ἐκεῖνα
884 2235 1088 2308 σάρκες
1116 2241 1550 2304 κατασαπεϊσαι,
1578 2241 1719 2312 πρὸς
1750 2241 1894 2295 σκώ-

291 2331 475 2401 ληκας
514 2329 929 2401 μετεϐάλλοντο.
968 2333 1081 2387 Καὶ
1113 2332 1177 2386 τὸ
1214 2331 1388 2397 πάθος
1424 2335 1894 2407 ἐπικρατέστερον

291 2419 367 2495 ἦν
418 2423 517 2496 τῆς
561 2424 674 2479 τῶν
721 2424 927 2497 ίατρῶν
971 2425 1192 2497 τέχνης.
1236 2426 1337 2483 Διὰ
1387 2429 1742 2501 παντοδαπῆς
1785 2430 1895 2501 γάρ

291 2518 533 2591 ἥκοντες
572 2518 773 2590 πείρας
813 2520 956 2574 αἰδοῖ
991 2522 1087 2575 καὶ
1123 2521 1234 2576 δέει
1267 2520 1362 2576 τοῦ
1404 2521 1671 2591 ἄνακτος,
1708 2525 1894 2579 πᾶσάν

291 2629 356 2667 τε
389 2613 704 2684 φαρμάκων
734 2613 880 2668 ίδέαν
907 2615 1254 2687 κινήσαντες,
1282 2615 1472 2670 λίπεσί
1496 2634 1558 2670 τε
1583 2616 1695 2671 τῶν
1721 2617 1893 2671 πολυο

303 2708 482 2778 ιίμων
510 2706 742 2778 ὀρνίθων
770 2706 867 2773 οὓς
894 2707 1056 2762 ἔθυον
1087 2709 1154 2763 τὰ
1183 2709 1509 2782 διεφθορῦτα
1546 2711 1688 2782 μέλη
1722 2728 1895 2784 προσ-

294 2801 636 2867 πλάττο.ντες
656 2841 679 2869 ,η
705 2801 836 2867 τοὺς
866 2803 925 2856 ὲν
955 2802 1116 2874 βάθει
1149 2805 1569 2876 κρυπτομένους
1600 2807 1894 2873 σκώληκας

294 2892 445 2966 πρὸς
473 2894 573 2965 τὴν
604 2895 933 2965 ἐπιφάνειαν
969 2897 1415 2966 μετεστέλλοντο.
1450 2901 1513 2953 Ul
1546 2900 1592 2953 δ’
1620 2900 1715 2954 ἐπὶ
1750 2901 1890 2970 μᾶλ-

292 2985 390 3040 λον
421 2987 560 3059 πρὸς
586 2987 688 3052 τὰς
716 2988 898 3054 ζώσας
929 2983 1125 3060 εἷρπον
1157 2989 1371 3062 σάρκας
1402 2992 1546 3046 κατὰ
1576 2991 1741 3063 βάθος
1770 2994 1893 3048 δυόο

296 3095 484 3145 μενοι.
527 3081 639 3135 Καί
685 3097 750 3150 γε
798 3082 858 3136 οὐ
909 3081 1153 3138 διέλιπον
1203 3084 1623 3153 κατεσθίοντες,
1666 3086 1772 3151 ἓως
1826 3081 1890 3142 οὒ

1999 1969 2162 2027 tredo
2196 1977 2252 2025 et
2284 1968 2471 2024 omnis
2504 1967 2731 2040 generis
2768 1967 2956 2023 ulcera
2996 1965 3424 2031 convulserunt,
3466 1980 3591 2034 qu;e

1997 2061 2048 2117 ei
2078 2068 2321 2116 mortem
2346 2061 2515 2116 etiam
2544 2059 2807 2116 attulere.
2836 2058 3164 2117 Visceribus
3188 2057 3394 2113 ctenim
3422 2065 3591 2127 atque

1996 2145 2143 2210 citis
2178 2153 2476 2226 putredine
2509 2167 2574 2209 ea
2613 2154 2856 2210 corrosis
2877 2191 2893 2218 ,
2931 2160 3311 2209 excrementa;
3332 2165 3441 2205 non
3473 2148 3590 2218 jam

1998 2264 2100 2321 per
2129 2247 2410 2304 naturalia
2452 2247 2566 2303 vim
2605 2246 2920 2320 expellendi
2969 2246 3283 2304 obtinentia
3342 2242 3593 2298 membra

1998 2344 2283 2417 egerebat,
2308 2359 2502 2400 verum
2531 2360 2593 2401 os
2618 2343 2943 2409 scelestum,
2972 2340 3123 2413 quod
3149 2337 3505 2410 blasphemia:
3535 2345 3594 2390 et

1998 2439 2431 2495 maledictorum
2470 2437 2738 2494 eﬂecerat
2771 2437 3214 2492 instrumentum
3239 2472 3254 2497 ,
3297 2446 3426 2503 pars
3457 2444 3589 2485 cor-

1997 2532 2151 2605 poris
2191 2534 2454 2589 obscaena
2489 2549 2590 2604 per
2619 2546 2789 2603 quam
2825 2516 3194 2594 excerneret,
3229 2534 3316 2583 est
3360 2524 3590 2580 factum.

1996 2625 2267 2681 Pndenda
2329 2625 2487 2697 ipsa,
2540 2634 2597 2680 et
2659 2624 2751 2695 qui
2807 2625 2957 2680 circa
3019 2637 3086 2678 ea
3144 2629 3276 2675 sunt
3336 2626 3599 2680 meatus,

1993 2719 2246 2790 corrupti
2302 2718 2495 2774 itidem
2559 2727 2738 2773 sunt:
2793 2731 3041 2786 caroque
3091 2713 3175 2768 eis
3227 2714 3282 2768 in
3337 2710 3601 2782 partibus

1994 2812 2307 2885 putrefacta
2343 2813 2398 2867 in
2430 2827 2655 2867 vermes
2689 2811 2862 2876 abiit,
2904 2819 2962 2866 et
2996 2808 3227 2864 morbus
3259 2807 3376 2876 ipse
3410 2802 3594 2859 Inedi-

1994 2921 2188 2962 corum
2239 2915 2357 2960 arte
2410 2905 2570 2975 longe
2620 2903 2725 2958 fuit
2772 2901 3070 2973 potentior.
3123 2901 3246 2972 68
3298 2899 3382 2953 ΙΕΙί
3434 2897 3593 2953 enim

1994 2997 2310 3054 reverentia
2371 3007 2427 3052 et
2490 3007 2639 3052 metu
2708 2993 3070 3067 imperatoris
3129 2994 3316 3049 omnia
3372 2990 3591 3061 experti

1993 3100 2162 3156 sunt,
2208 3100 2265 3148 et
2294 3091 2449 3146 omni
2492 3089 2871 3146 remediorum
2904 3086 3094 3159 specie
3132 3084 3417 3149 adhibita,
3461 3082 3587 3154 pin-

294 3173 467 3245 βιαίῳ
506 3176 664 3246 μόρῳ
697 3174 788 3230 τὸν
821 3176 1009 3232 ἄθλιον
1042 3177 1427 3249 διεχρήσαντο.
1464 3177 1794 3267 Χρήσασθαι
1830 3181 1888 3236 δὲ

1995 3183 2351 3256 guedineque
2384 3182 2759 3254 pretiosarum
2789 3183 3014 3245 avium,
3057 3194 3197 3250 quas
3231 3177 3339 3232 diis
3370 3173 3587 3236 sacrill-

293 3268 468 3324 αὐτδν
511 3270 577 3343 τῇ
620 3270 846 3343 τοιαύτῃ
898 3272 1037 3340 φασὶ
1089 3273 1370 3343 συμφορᾷ,
1414 3271 1553 3326 Θεοῦ
1597 3274 1689 3326 τὸν
1731 3272 1889 3344 χόλον

1996 3278 2219 3342 cubant,
2254 3276 2519 3330 men‘tlsris
2549 3275 2830 3346 corruptis
2864 3272 3163 3347 applicata,
3198 3285 3417 3327 vermes
3454 3282 3580 3342 pro-

294 3361 653 3433 ὲπαύξοντος,
701 3363 891 3418 καθότι
931 3365 1032 3437 τῆς
1073 3365 1408 3436 Ἐκκλησίας
1455 3366 1689 3420 καὶτῶν
1721 3367 1889 3437 ἱερῶν

1998 3369 2228 3425 fundius
2266 3369 2556 3424 latitantes
2581 3410 2594 3430 ,
2633 3368 2687 3422 in
2738 3378 3004 3441 apertum
3033 3364 3195 3441 quasi
3249 3360 3590 3435 quibusdam

297 3457 367 3510 αὑ
378 3457 472 3509 τοῦ
504 3455 718 3510 σκευῶν
749 3458 1167 3529 κατωρχήσατο.

1996 3462 2276 3518 illecebris
2300 3472 2539 3517 evocare
2565 3461 3002 3517 contenderunt.
3028 3460 3098 3517 At
3118 3458 3197 3512 illi
3227 3457 3283 3518 in
3313 3454 3583 3511 membris

294 3551 700 3607 oceultioribus
743 3552 814 3608 ad
855 3567 1083 3609 carnem
1128 3555 1312 3610 vivam
1364 3555 1540 3628 magis
1590 3556 1874 3628 magisque
1915 3572 2287 3628 prorepsere,
2329 3574 2511 3631 neque
2579 3555 2883 3612 corrodere
2960 3553 3248 3609 hominem
3287 3549 3583 3610 destilcret

296 3648 481 3707 donec
513 3646 756 3703 violenta
790 3657 974 3705 morte
1017 3648 1286 3707 miserum
1319 3658 1651 3705 enecarunt.
1700 3650 1880 3707 Porro
1922 3660 2075 3709 tanta
2152 3651 2468 3709 calamitate
2508 3662 2809 3722 propterea
2846 3657 3146 3705 mac1atum
3180 3662 3305 3704 esse
3373 3646 3585 3709 ferunt,

296 3761 365 3801 ex
392 3745 481 3800 ira-
503 3744 718 3813 diviua,
743 3745 892 3814 quod
919 3744 1000 3801 sic
1021 3743 1286 3800 Ecclesia:
1309 3754 1367 3799 et
1392 3745 1570 3802 sacris
1592 3745 1712 3817 ejus
1743 3746 1891 3806 vasis
1930 3744 2305 3801 insultaverit.
2346 3738 2349 3739 ⁷

381 3841 449 3893 '0.
486 3839 545 3895 δέ
585 3855 650 3908 γε
690 3825 899 3910 Φῆλιξ,
935 3838 1043 3893 τῶν
1080 3839 1242 3910 ίερῶν
1275 3839 1490 3893 σκευῶν
1519 3841 1621 3910 τὴν
1656 3839 1889 3893 πολυτέ-

294 3935 457 3990 λειαν
483 3933 822 4004 θεασάμενος
851 3930 1291 4003 (Κωνσταντῖνος
1321 3932 1432 4002 γάρ
1463 3931 1560 3985 κα)⁸
1591 3931 1889 3986 Κωνστάν-

295 4045 412 4093 τιος
444 4026 747 4097 φιλοτίμως
777 4027 918 4080 αὐτὰ
949 4024 1416 4094 κατεσκεύασαν),
1443 4024 1764 4094 ἐπεγγελῶν
1791 4024 1889 4077 καὶ

295 4120 750 4188 άστιιουόμενυς,
792 4139 812 4173 ι
852 4120 1020 4183 Ἰδοὺ,
1055 4119 1195 4188 ἔφη,
1232 4120 1289 4173 ιν
1323 4120 1529 4180 ὁποίοις
1566 4117 1821 4172 σκεύεσιν
1859 4121 1887 4172 ὁ

296 4215 398 4286 τῆς
431 4214 653 4286 Μαρίας
687 4215 1051 4286 ὑπηρετεῖται
1092 4212 1232 4276 υἱός.
1279 4232 1299 4265 ι
1342 4211 1657 4277 Κάντεῦθεν
1692 4213 1795 4267 καὶ
1830 4210 1891 4277 ἐξ

299 4310 559 4380 οὐδεμιᾶς
603 4307 773 4377 ἄλλης
816 4307 1000 4371 αἰτίας
1038 4309 1149 4360 τῶν
1192 4309 1249 4362 ἐν
1294 4307 1448 4377 βάθει
1496 4306 1712 4376 φλεϐῶν
1756 4309 1887 4377 μιᾶς

298 4404 399 4476 τῆς
435 4404 702 4475 μεγίστης
735 4402 1174 4474 ἀναρραγείσης,
1206 4400 1442 4471 αἵματός
1475 4417 1534 4452 τε
1570 4400 1732 4454 αὐλὸν
1765 4400 1888 4466 ἐξέ-

300 4512 520 4567 πεμπεν
546 4498 611 4550 ὲκ
636 4495 733 4551 τοῦ
764 4495 1035 4567 στάματος
1062 4511 1076 4525 ’
1107 4495 1205 4548 καὶ
1234 4493 1419 4563 θέαμα
1444 4496 1556 4556 τοῖς
1585 4493 1758 4564 ὁρῶσι
1788 4510 1887 4562 γε·

2070 3838 2222 3893 Εὀιίιι
2252 3851 2441 3895 autem
2477 3836 2626 3893 vasis
2656 3835 2793 3892 tanti
2847 3834 3010 3907 pretii
3052 3834 3371 3906 conspectis
3420 3833 3588 3907 (Cen-

1997 3933 2278 3990 stantinus
2314 3946 2557 4003 namque
2602 3941 2659 3987 et
2690 3930 3054 3987 Gonstantius
3088 3928 3477 3985 liberalissime
3518 3944 3585 3987 ea

1996 4027 2499 4096 comparaverant),
2519 4025 2774 4080 arridens
2795 4035 2849 4081 et
2876 4024 3091 4082 urbane
3110 4025 3325 4102 iocans,
3378 4041 3396 4075 t
3422 4023 3588 4086 Ecce,

1996 4121 2203 4191 inquit,
2233 4120 2500 4191 qualibus
2529 4120 2678 4175 vasis
2709 4118 2896 4174 Mariae
2927 4119 3074 4175 ﬁlius
3105 4119 3293 4174 divina
3326 4134 3386 4173 re
3418 4133 3586 4189 pera-

1994 4214 2172 4285 genda
2214 4213 2464 4269 colitur?
2495 4233 2513 4265 ι
2550 4214 2801 4284 Eamque
2831 4229 2934 4269 nec
2959 4212 3030 4267 ob
3063 4212 3226 4267 aliam
3264 4212 3582 4283 quampiam

1994 4321 2244 4374 causam,
2276 4320 2342 4360 ex
2388 4305 2758 4360 interioribus
2809 4305 2931 4373 ejus
2987 4304 3144 4361 venis
3174 4320 3281 4360 una
3313 4320 3436 4374 qua:
3470 4318 3587 4363 ma,-

1992 4401 2143 4454 xima
2187 4407 2358 4461 esset,
2413 4407 2597 4468 rupta,
2648 4407 2910 4467 tanquam
2946 4412 3044 4464 per
3073 4398 3321 4455 ﬁstulam
3354 4397 3585 4467 sangui-

1995 4505 2120 4545 nem
2152 4505 2252 4561 per
2282 4504 2345 4544 os
2381 4489 2503 4559 ejus
2535 4488 2743 4543 emisit.
2803 4489 2895 4543 Sic
2946 4498 3004 4543 et
3068 4487 3185 4559 ipse
3240 4487 3583 4542 horrendum

301 4589 522 4656 νόμενος
572 4587 836 4656 φοϐερὸν,
887 4587 1014 4640 οὐδὲ
1064 4585 1132 4639 δι’
1161 4585 1291 4657 ὅλης
1341 4585 1558 4656 ἡμέρας
1606 4586 1845 4657 ήρκεσεν
1873 4599 1887 4616 ⁸

1994 4585 2356 4640 cernentibus
2415 4583 2679 4639 omnibus
2747 4582 3128 4652 spectaculum
3191 4582 3413 4645 factus,
3472 4598 3584 4636 non

301 4677 433 4733 ἀλλὰ
469 4682 606 4752 περὶ
640 4680 827 4750 δείλην
865 4679 1027 4750 ὀψίαν
1065 4678 1162 4733 τοῦ
1203 4680 1443 4751 αἵματος
1480 4678 1887 4748 ὲπιλείψαντος,

305 4770 398 4826 καὶ
423 4771 523 4844 τὴν
547 4771 727 4843 ψυχὴν
760 4770 1165 4826 συναπὲϐαλεν.

378 4950 437 5006 ’0
469 4950 530 5006 δέ
564 4968 629 5021 γε
661 4951 846 5023 τρίτος
879 4951 1191 5019 Ἐλπίδιος,
1222 4951 1643 5024 βλασφημήσας
1673 4951 1769 5007 καὶ
1799 4947 1883 5008 ob.-

300 5058 391 5105 τος
417 5044 680 5115 Χριστὸν,
703 5045 752 5097 εί
770 5045 881 5098 -καὶ
909 5043 1019 5099 τῶν
1047 5044 1226 5099 ἄλλων
1258 5043 1622 5116 βραδύτερον,
1648 5043 1766 5097 ἀλλ’
1791 5045 1887 5101 οὖν

303 5136 577 5206 φωραθεὶς
604 5137 885 5207 τυραννίδι
915 5137 1291 5208 συμπράττων
1315 5176 1332 5203 ,
1363 5137 1471 5191 τῶν
1501 5137 1674 5192 ὄντων
1703 5139 1885 5193 ἁπάν-

301 5244 409 5281 των
449 5229 659 5302 ερημος
708 5229 984 5300 γεγονὼς,
1029 5231 1279 5303 εἱρκταῖς
1322 5248 1382 5284 τε
1432 5230 1529 5286 καὶ
1573 5233 1887 5303 συμφοραῖς

297 5321 518 5395 ἑτέραις
564 5324 864 5389 καταϐιοὺς
916 5324 1133 5389 ἀκλεῶς
1180 5325 1557 5397 καταστρέφει
1605 5326 1698 5380 τὸν
1743 5327 1879 5397 βίον,

354 5504 447 5575 (l)
480 5504 868 5564 Theodoretus
901 5508 1076 5576 addit,
1132 5508 1414 5565 lulianum
1464 5507 1646 5581 ipsum
1700 5511 1752 5566 in
1793 5528 1884 5569 sa-

285 5590 443 5647 cram
475 5591 699 5647 quoque
730 5595 979 5634 mensam
1019 5582 1308 5636 m'inxisse.

360 5645 956 5721 (2)_\_Ierliagconjugis
1002 5652 1069 5705 ad
1114 5651 1399 5706 lulianum
1447 5651 1592 5720 apud
1625 5651 1883 5708 Theodo-

290 5716 388 5772 rit.
417 5714 435 5771 ἑ
463 5714 528 5772 Ut
551 5714 822 5785 laudibus,
850 5714 899 5774 θ’
917 5722 1018 5785 vir,
1040 5721 1309 5775 Christum
1334 5714 1668 5777 Salvatmem
1705 5727 1879 5784 nelias.

291 5788 581 5861 convenit,
630 5792 913 5861 quodper
969 5794 1375 5861 castigationem
1436 5795 1728 5861 potentiam
1788 5800 1880 5850 tibi

292 5874 448 5914 suam
497 5860 749 5917 exhibuit.
784 5860 900 5920 Non
960 5860 1117 5918 enim
1156 5880 1275 5918 cum
1328 5860 1674 5935 coghevisscs,
1724 5874 1879 5939 quem

1993 4686 2171 4733 totum
2212 4678 2535 4749 perduravit
2569 4677 2720 4731 diem
2768 4691 2784 4730 :
2828 4673 2927 4730 sed
2980 4675 3130 4733 circa
3166 4676 3583 4745 crepusculum,

1991 4787 2100 4826 una
2154 4787 2282 4827 cum
2338 4772 2610 4844 sanguine
2659 4772 2773 4843 jam
2824 4769 3151 4835 deﬁciente,
3192 4769 3359 4827 simul
3414 4773 3583 4823 etiam

1991 4866 2235 4922 animam
2261 4867 2531 4923 evomuit.

2062 4967 2137 5019 At
2163 4965 2368 5024 tertius
2400 4963 2693 5036 Elpidius,,
2723 4969 2819 5039 qui
2857 4969 3236 5045 blasphemus.
3254 4985 3483 5041 tutoque
3522 4970 3577 5023 in

1988 5054 2276 5113 Christum
2330 5057 2547 5126 fuerat,
2592 5059 2812 5117 tardius
2845 5061 2940 5118 ille
2993 5063 3218 5134 quidem
3268 5077 3436 5133 quam
3483 5060 3580 5115 alii

1990 5166 2186 5223 pinnas
2217 5152 2323 5208 luit
2360 5138 2375 5208 ὲ
2406 5154 2503 5210 sed
2540 5166 2723 5210 tamen
2758 5156 2904 5213 inter
2929 5172 3028 5213 eos
3074 5159 3168 5228 qui
3218 5156 3574 5229 tyrannidem

1989 5246 2357 5314 all‘eetarunt,
2380 5248 2792 5319 deprehensus,
2843 5250 3008 5308 beatis
3045 5253 3308 5307 omnibus
3349 5258 3578 5315 exutus,

1987 5357 2299 5412 gravesque
2353 5358 2634 5399 aerumnas
2692 5344 2832 5401 alias
2876 5347 2932 5400 iu
2991 5360 3220 5402 carcere
3257 5358 3580 5415 perpessus,

1987 5520 2357 5592 persequeris,
2410 5520 2513 5592 nisi
2569 5536 2664 5592 pro
2710 5520 3280 5592 longanimitateusua
3328 5522 3582 5578 divinitus

1985 5592 2141 5644 hasce
2173 5590 2266 5643 tibi
2294 5591 2557 5645 intulisset
2590 5589 2815 5662 plagas;
2840 5592 3066 5662 Agnovit
3110 5589 3208 5645 illa
3242 5593 3413 5645 morbi
3448 5609 3581 5649 catt-

1985 5678 2125 5734 sam,
2158 5671 2207 5714 et
2235 5662 2635 5729 imperatorem,
2673 5672 2732 5715 ut
2760 5662 2840 5734 eis
2866 5662 3303 5734 eccles‘t'agquibus
3330 5665 3581 5734 adempta

1986 5733 2216 5856 fueratf-
2234 5734 2627 5813 restitueretur,
2658 5733 2885 5804 rogarit.
2927 5730 3034 5787 Sed
3083 5732 3308 5803 [rus-Ira.
3342 5733 3464 5790 Lib.
3485 5730 3578 5805 ἰιι,

1986 5818 2104 5856 can.
2187 5821 2240 5856 ι).
2327 5814 2335 5829 ‘
2882 5848 2890 5856 .

1985 5818 2104 5872 cap.
2156 5814 2240 5862 tu.
2327 5814 2335 5829 ‘
