4054 6444
290 349 390 411 δίιῖ
1215 368 1828 431 ιςυιιιλιξῑιιιδνιηυέις
1869 369 2268 440 ΠΙΞΤΟΒΗΕ
2310 384 2457 445 LIB.
2503 381 2575 448 X.

3451 392 3556 462 58

285 488 410 540 ιρεν,
443 469 586 541 ὑπέρ
614 491 672 527 τε
707 475 870 530 αὐτοῦ
913 481 1006 532 καὶ
1039 481 1137 551 τῆς
1179 481 1355 552 ἀρχῆς
1383 484 1549 553 εὖχὲις
1583 486 1866 556 πράττειν.

1973 506 2164 547 eorum
2193 498 2479 564 populum,
2516 508 2575 553 ut
2625 516 2724 568 pro
2746 515 2804 554 se
2835 508 2890 555 et
2935 499 3170 572 imperio
3217 518 3319 558 suo
3364 520 3555 573 precn-

289 563 459 618 Τοῦτο
488 564 625 630 δ’ὡς
651 569 892 634 εἰκάζειν
915 572 1108 636 ἐποίει,
1136 575 1198 626 οὐ
1232 575 1330 646 τὴν
1360 576 1659 644 θρησκείαν
1683 581 1871 649 γεραίο

288 670 428 723 ρων·
459 659 522 712 οὐ
550 659 658 730 γὰρ
686 656 755 730 ἦν
782 663 1024 735 ἀμαθὴς,
1059 665 1136 729 ὡς
1163 669 1348 737 μήτηρ
1382 669 1517 738 αὕτη
1555 671 1739 739 σχεδὸν
1774 672 1869 725 τοῦ

289 745 628 816 Χριστιανῶν
651 752 922 824 δόγματος
942 742 965 786 θ’
982 759 1071 809 καὶ
1094 756 1187 820 οὓς
1216 759 1403 828 ἐκείνη
1433 763 1780 833 πατριάρχας
1810 779 1868 815 τε

289 838 383 892 καὶ
425 843 708 911 προφήτας
770 847 948 915 αὐχεῖ,
980 850 1205 911 τούτους
1255 849 1317 920 δὴ
1371 851 1465 904 καὶ
1497 853 1696 921 ἡμεῖς’
1753 853 1870 907 ἀλλ’

292 933 533 1004 ἀκριϐῶς
564 935 679 1007 ᾔδει
718 937 779 991 τὸ
826 939 965 1010 πρὸς
991 942 1140 1011 ἡμᾶς
1172 942 1438 996 ἄσπονδον
1468 943 1741 998 Ἰουδαίων
1777 947 1873 1015 μῖσ-

292 1039 405 1087 σος.
423 1023 586 1094 Ἡμῖν
607 1023 701 1081 οὖν
729 1029 1174 1101 ἀπεχθανόμενος
1199 1032 1290 1086 διὰ
1318 1034 1417 1103 τῆς
1447 1033 1673 1088 ἐκείνων
1707 1037 1870 1106 θερα-

290 1117 451 1181 πείας
470 1117 662 1173 λυπεῖν
685 1120 760 1184 ὡς
788 1123 933 1192 μάλα
960 1125 1273 1195 ἐμηχανᾶτο
1295 1141 1307 1156 ·
1337 1125 1514 1189 ἄλλως
1543 1144 1603 1181 τε
1633 1128 1730 1181 καὶ
1768 1128 1893 1182 τάο.

286 1226 379 1279 χος
401 1211 524 1264 ὅσον
556 1213 866 1284 ἀπαχθῆναι
895 1217 1095 1280 αὐτοὺς
1126 1221 1262 1288 πρὸς
1294 1218 1395 1280 τὰς
1432 1217 1751 1289 Ἑλληνικὰς
1774 1220 1871 1274 θυ-

289 1301 411 1366 σίας
439 1303 692 1373 ἑτοίμους
724 1308 1126 1377 κατελογίςετο,
1164 1312 1227 1363 ὲν
1266 1312 1455 1381 ῥητοῖς
1488 1314 1682 1380 μόνους
1712 1312 1871 1366 ἐκδε-

286 1397 552 1467 χομένους
579 1398 795 1467 βίϐλους
834 1402 935 1465 τὰς
967 1403 1143 1472 ἱεράς.
1177 1406 1288 1459 Καὶ
1333 1408 1408 1479 μὴ
1435 1406 1575 1481 πρὸς
1607 1412 1670 1465 τὸ
1699 1409 1869 1480 βάθος

284 1490 387 1554 τῆς
409 1488 643 1560 θεωρίας
667 1492 934 1561 ὁρῶντας,
969 1494 1162 1567 ὥσπερ
1193 1499 1512 1570 Χριστιανοὶ
1557 1504 1653 1558 καὶ
1686 1505 1868 1559 αὐτῶν

295 1575 566 1649 Ἐϐραίων
589 1582 639 1634 οί
663 1582 1054 1656 διαϐεϐηκότες
1075 1606 1135 1642 τε
1164 1590 1254 1642 καὶ
1284 1591 1611 1663 σοφώτεροι.
1645 1594 1870 1665 Χαίρων

287 1671 464 1760 τοίνυν
494 1674 607 1738 τοῖς
632 1676 829 1746 αἵμασι
864 1682 958 1733 καὶ
987 1681 1065 1750 τῷ
1097 1683 1539 1754 δεισιδαιμονεῖν,
1571 1687 1622 1740 εί
1648 1688 1724 1760 μὴ
1774 1689 1871 1743 καὶ

292 1758 479 1824 ἄλλους
508 1762 844 1830 ὲφελκύσειε,
875 1765 1081 1839 ζημίαν
1125 1773 1312 1840 ἠγεῖτο
1331 1788 1349 1804 ο
1404 1774 1500 1826 καὶ
1557 1774 1677 1829 κατ’
1708 1758 1869 1831 ἀλλον

1980 596 2193 651 remur,
2231 590 2476 659 scripsit.
2511 590 2693 660 Atque
2726 589 2781 646 id
2822 609 2949 647 cum
2995 594 3197 650 fecisse
3228 596 3553 662 conjectura

1979 686 2084 741 est,
2122 694 2231 732 non
2290 682 2434 749 quod
2477 680 2801 752 religionem
2857 700 3053 739 eorum
3102 685 3392 741 colendam
3450 686 3557 741 du-

1978 777 2129 825 ceret
2173 771 2307 839 (non
2338 773 2486 827 enim
2522 773 2836 844 ignorabat,
2891 777 3061 832 veluti
3109 787 3397 847 parentem
3430 794 3553 833 eam

1979 876 2101 916 esse
2128 863 2436 948 Christiani
2476 866 2750 937 dogmatis
2782 887 2798 924 :
2836 876 2892 923 et
2935 884 3077 939 quos
3116 868 3206 924 illa
3232 872 3405 941 jactat
3453 888 3551 942 pa-

1979 954 2252 1009 triarchas
2308 968 2366 1011 et
2426 959 2748 1027 prophetas,
2804 958 2873 1015 de
2930 957 3138 1016 eisdem
3182 978 3285 1016 nos
3330 980 3553 1034 quoque

1978 1045 2292 1117 gloriari):
2348 1049 2441 1102 sed
2503 1050 2673 1120 probe
2730 1052 2780 1104 ei
2837 1051 3187 1121 implacabile
3232 1047 3552 1107 Iudaeorum

1977 1152 2105 1207 erga
2156 1152 2258 1193 nos
2314 1138 2501 1193 odium
2564 1154 2919 1210 perspectum
2981 1142 3109 1196 fuit.
3169 1137 3359 1213 itaque
3394 1145 3555 1199 nobis

1978 1226 2173 1292 iratus,
2221 1243 2320 1297 per
2353 1244 2513 1284 suum
2559 1230 2613 1284 in
2650 1230 2774 1285 illos
2802 1231 3048 1285 studium
3098 1241 3155 1286 et
3190 1248 3379 1287 curam
3413 1250 3553 1304 agre

1976 1319 2137 1375 nobis
2170 1320 2352 1376 facere
2380 1333 2467 1378 est
2495 1333 2750 1378 conatus.
2792 1324 3065 1378 Prteterca
3100 1340 3232 1379 vero
3265 1337 3555 1396 promptos

1975 1421 2312 1481 paratosque
2340 1427 2439 1467 eos
2462 1428 2586 1468 esse
2617 1413 2918 1468 arbitratus
2944 1423 3049 1477 est,
3091 1424 3149 1469 ut
3182 1415 3360 1486 primo
3406 1433 3552 1486 quo~

1975 1516 2082 1571 que
2132 1510 2381 1567 tempore
2419 1505 2486 1557 ad
2537 1501 2728 1559 Graeca
2788 1503 3063 1559 sacrificia
3118 1505 3554 1570 adducerentur,

1976 1593 2070 1663 qui
2112 1595 2282 1648 verba
2321 1602 2532 1648 tantum
2565 1608 2617 1650 et
2654 1595 2895 1651 litteram
2928 1612 3222 1652 sacrorum
3262 1595 3554 1650 Librorum

1975 1685 2309 1755 reciperent,
2368 1683 2473 1757 73
2532 1700 2712 1757 neque
2760 1701 2859 1758 per
2909 1689 3442 1756 contemplationem
3490 1688 3555 1738 all

1975 1776 2361 1832 occultiorem.
2403 1792 2596 1853 eorum
2663 1792 2887 1833 sensum
2960 1780 3339 1847 resp’eerent,
3391 1775 3555 1831 sicuti

295 1850 352 1903 δὲ
377 1851 479 1952 τὸν.
498 1855 702 1952 τρόπον
733 1858 867 1952 τοὺς.
889 1860 1142 1952 Σωτῆρος
1183 1866 1491 1936 χρησμοὺς,
1532 1867 1584 1922 οἶ
1628 1866 1731 1952 ⁸τὴν
1771 1869 1867 1922 Ἰε-

1974 1866 2304 1932 Christiani,
2358 1850 2548 1939 atque,
2582 1869 2751 1925 etiam
2813 1869 2962 1924 inter
3011 1844 3277 1923 lli-brmos
3330 1867 3556 1938 sapieno

298 1943 571 2014 ρουσαλημ
601 1946 1015 2019 ἀνατετράφθαι
1065 1951 1335 2019 λέγουσιν,
1367 1954 1508 2010 ὥστε
1557 1943 1690 2028 μηδὲ
1725 1959 1871 2014 λίθον

293 2032 385 2084 ἐπὶ
417 2033 548 2106 λίθῳ
578 2040 785 2106 μεῖναι,
832 2042 1061 2108 τούτους
1119 2046 1215 2099 ἅτε
1277 2046 1492 2117 ψευδεῖς
1550 2053 1578 2104 ό
1642 2052 1871 2121 μάταιος

288 2126 531 2196 ἐλέγχειν
562 2130 887 2202 διανοηθεὶς,
918 2135 1064 2189 τοῦτ’
1089 2136 1331 2208 ἔπραττε
1354 2158 1368 2173 ·
1407 2143 1580 2196 καίτοι
1615 2160 1678 2211 γε
1713 2145 1870 2198 τόσον

284 2218 436 2271 οὐδὲν
470 2221 668 2293 ἤνυσεν
689 2220 771 2289 οἷς
801 2227 1085 2297 ἔσπευδεν,
1113 2230 1254 2284 ὥστε
1279 2233 1370 2285 καὶ
1393 2233 1544 2288 ἄκων
1570 2235 1870 2290 ἐϐεϐαίωσε

283 2310 343 2363 τὸ
377 2312 436 2364 ἐν
468 2314 651 2378 αὐτοῖς
675 2319 1078 2388 ἀμετάπτωτον
1099 2339 1115 2354 ο
1146 2324 1239 2377 καὶ
1292 2327 1326 2396 ἠ
1357 2328 1743 2396 καταισχύνειν
1784 2329 1872 2384 δο-

283 2403 459 2461 κοῦσα
490 2405 683 2479 τῧλμα,
717 2412 813 2464 καὶ
845 2412 914 2467 τά
944 2415 1255 2472 Δεσποτικα
1293 2418 1451 2488 λόγια
1491 2422 1866 2491 ἐκφαυλίζειν,

282 2499 343 2551 τὸ
369 2501 809 2574 ἀκαταίσχυντον
848 2508 1049 2577 μᾶλλον
1077 2511 1302 2566 ἐκείνων
1337 2530 1393 2566 τε
1425 2516 1518 2570 καὶ
1560 2516 1870 2586 σεσασμιώ-

283 2608 447 2646 τατον
473 2594 696 2665 λέληθεν
725 2599 924 2670 ἑαυτὴν
962 2601 1441 2674 άνακηρύττουσα.
1493 2607 1552 2660 Ὀ
1582 2608 1693 2679 γάρ
1731 2607 1868 2663 Ῥω-

286 2688 463 2753 μαίων
495 2689 749 2761 βασιλεὺς
774 2697 978 2758 ἐκεῖνος
994 2695 1301 2766 Ἀδριανὸς,
1325 2698 1382 2759 ὃς
1404 2700 1502 2752 καὶ
1529 2703 1561 2750 Α
1574 2699 1704 2763 ῐλιος
1735 2703 1866 2755 ἑκα-

284 2779 448 2848 λεῖτο,
479 2786 548 2837 τὰ
584 2785 938 2859 Ἰεροσόλυμα
984 2792 1065 2853 είς
1098 2791 1252 2855 τέλος
1286 2793 1657 2860 κατενεγκὼν,
1691 2794 1766 2858 ὡς
1801 2793 1869 2849 ἂν

288 2872 605 2927 παντάπασι
650 2876 710 2928 τὸ
762 2876 1031 2931 Ἰουδαίων
1060 2878 1213 2942 ἔθνος
1255 2879 1424 2950 αὐτῆς
1456 2883 1745 2955 ἀποστήσῃ
1774 2883 1870 2935 καὶ

289 2963 564 3028 παντελῶς
594 2966 878 3041 ἀπορρήξῃ
906 2986 920 3001 ·
951 2970 1037 3023 ἵνα
1064 2971 1200 3041 μηδὲ
1230 2973 1419 3043 μνήμη
1449 2990 1534 3037 τις
1559 2972 1655 3029 τοῦ
1689 2974 1860 3028 πάλαι

285 3058 547 3129 ὀνόματος
573 3064 757 3125 αὐτοῖς
789 3063 1205 3132 καταλείποιτο,
1237 3068 1331 3122 καὶ
1367 3067 1490 3139 μηδ’
1519 3070 1585 3121 ἐκ
1616 3068 1713 3138 τῆς
1734 3069 1867 3138 κλή-

287 3167 424 3217 σεως
467 3153 544 3217 ὡς
598 3156 857 3226 πατρίδος
912 3158 1082 3229 αὐτῆς
1131 3160 1531 3215 ἀντιποιεῖσθαι
1589 3161 1866 3231 πρόφασιν

288 3244 475 3316 ἔχωσι,
507 3249 902 3317 μεταπ’·.άττων
930 3253 1007 3314 ὡς
1045 3247 1155 3305 οίόν
1184 3270 1243 3306 τε
1271 3254 1372 3323 τὴν
1406 3253 1627 3323 κλῆσιν,
1670 3254 1863 3307 Αἰλίαν

287 3337 344 3402 ἐξ
366 3338 559 3392 ἑαυτοῦ
589 3342 966 3410 κιτωνόμαζε,
992 3346 1102 3408 τοῖς
1132 3347 1482 3406 Δεσποτικοῖς
1512 3347 1786 3415 χρησμοῖς
1804 3344 1865 3398 τὸ

288 3427 646 3498 ἀδιάψευστον
699 3432 1018 3505 μαρτυρῶν,
1051 3434 1102 3486 εί
1133 3434 1222 3487 καὶ
1265 3433 1414 3487 ἄκων
1445 3434 1729 3503 ἠλαύνετο.
1757 3433 1866 3487 Καὶ

287 3520 395 3593 γάρ
428 3539 547 3587 πως
593 3524 781 3597 ἐδεδίει
824 3526 885 3578 τὸ
920 3524 1266 3597 θερμουργδν
1292 3526 1474 3580 αὐτῶν
1502 3526 1738 3580 είσάπαν
1769 3528 1865 3581 καὶ

289 3614 686 3685 ῥιψοκίνδυνον,
741 3620 815 3688 μὴ
865 3620 1009 3672 κατὰ
1059 3621 1337 3690 πρόφασιν
1370 3620 1467 3689 τῆς
1501 3622 1559 3673 ἐν
1595 3622 1660 3690 τῇ
1710 3620 1865 3674 πόλει

284 3707 678 3778 νενομισμένης
719 3708 976 3780 λατρείας
1010 3712 1362 3782 ἀγειρόμενοι
1399 3713 1698 3782 πράγματα
1726 3713 1865 3768 Ῥω-

292 3800 472 3866 μαίοις
502 3800 1121 3870 παρέξωσιν.’ῐουλιανδς
1152 3804 1209 3857 δὲ
1233 3804 1331 3874 τὴν
1361 3805 1484 3858 καθ’
1513 3805 1673 3877 ἡμῶν
1705 3804 1864 3877 ὓϐριν

287 3891 487 3958 αὔξων,
513 3895 638 3957 τοὺς
666 3895 760 3948 τοῦ
797 3896 981 3961 ἔθνους
1009 3899 1287 3968 ἀρχηγοὶς
1314 3901 1426 3955 τῶν
1455 3902 1701 3972 πατρίων
1723 3901 1864 3956 ἐθῶν

287 3986 698 4058 ἀνεμίμνησκεν
729 4005 744 4021 ο
792 3990 886 4061 κα)
940 3991 1065 4044 ὅτου
1095 3991 1255 4062 χάριν
1308 3993 1554 4064 μὴκατὰ
1600 3997 1728 4056 τοὺς
1769 3994 1864 4049 τοῦ

283 4079 526 4144 Μωσέως
554 4080 751 4150 νόμους
779 4081 882 4153 ζῇν
910 4084 1150 4153 αἱροῖντο
1179 4085 1406 4156 ηρεύνα.
1439 4087 1561 4140 Τῶν
1588 4086 1646 4140 δὲ
1674 4087 1865 4156 λεγόν-

283 4186 391 4223 των
413 4170 701 4242 ἀπώμοτον
729 4171 869 4228 εἶναι
905 4174 981 4245 μὴ
1008 4173 1199 4229 ἄλλοθί
1227 4192 1333 4230 που
1361 4176 1430 4230 τὰ
1457 4177 1665 4247 πάτρια
1687 4178 1865 4234 τελεῖν

285 4257 563 4330 δόνασθαι,
584 4264 1010 4330 ἐκπεπτωκότας
1033 4265 1137 4336 τῆς
1165 4268 1573 4337 μητροπόλεως,
1599 4271 1866 4341 χρήματα

286 4350 407 4415 δοὺς
436 4352 768 4418 αὐτοῖς’δσον
792 4355 959 4427 τάχος
975 4357 1064 4411 τὸν
1090 4357 1436 4427 Σολομῶντος
1464 4359 1704 4432 ἐγείρειν
1725 4360 1866 4416 νεὼν

287 4445 518 4518 προύτρέ
527 4464 678 4514 πετο,
697 4448 893 4519 ἐπίσης
909 4465 967 4502 τε
983 4451 1096 4515 τοῖς
1122 4450 1411 4521 προγόνοις
1427 4449 1755 4524 θρησκεύειν
1772 4453 1866 4509 τὸν

284 4537 513 4593 παλαιὸν
550 4541 750 4611 τρόπον
777 4540 1028 4606 θύοντας.

1979 1962 2150 2015 tiores
2177 1969 2232 2014 et
2272 1961 2684 2030 prtestantiores
2731 1960 2962 2015 faciunt.
2996 1959 3057 2014 Et
3089 1960 3360 2028 sanguine
3388 1973 3556 2012 vana-

1976 2067 2085 2121 que
2116 2053 2515 2120 superstitione
2551 2054 2665 2123 ipsc
2697 2052 2965 2122 gaudens,
2999 2053 3103 2108 nisi
3149 2053 3287 2106 alios
3328 2066 3554 2121 quoque

1978 2143 2034 2199 in
2092 2145 2237 2199 idem
2296 2145 2643 2215 pertraheret
2694 2145 2923 2210 malum,
2960 2160 3060 2214 pro
3097 2141 3433 2198 detrimento
3465 2140 3554 2194 in-

1979 2235 2128 2305 genti
2172 2234 2386 2290 habuit.
2440 2234 2677 2305 lnsuper
2731 2244 2787 2290 et
2846 2235 2952 2288 alia
3009 2234 3247 2305 quadam
3282 2232 3348 2286 de
3386 2247 3552 2287 causa

1976 2324 2288 2381 Servatoris
2337 2326 2588 2392 oracula,
2645 2341 2769 2396 qu.e
2818 2324 3221 2396 Hierosolymis
3257 2324 3422 2379 talem
3458 2322 3556 2378 de—

1978 2419 2238 2474 nuntiant
2284 2420 2655 2483 eversionem,
2710 2427 2772 2474 ut
2824 2434 2895 2474 ne
2938 2418 3077 2489 lapis
3124 2417 3348 2488 quidem
3385 2432 3555 2487 super

1976 2511 2159 2582 lapide
2213 2526 2511 2565 mansurus
2544 2520 2714 2574 esset,
2763 2500 3100 2565 va’nissimus
3147 2510 3239 2564 iile
3277 2508 3551 2564 tuendae-ii

1974 2621 2207 2677 arguere
2263 2607 2479 2671 volens,
2534 2606 2588 2661 id
2651 2606 2805 2661 fecit.
2866 2604 3106 2660 Tantum
3138 2620 3271 2659 vero
3301 2605 3458 2659 abest
3494 2612 3553 2657 at

1977 2699 2187 2769 aliquid
2226 2699 2412 2753 studio
2443 2714 2544 2753 suo
2567 2697 2839 2765 ell’ecerit,
2870 2708 2932 2753 ut
2960 2698 3169 2753 invitus
3214 2698 3381 2752 etiam
3430 2713 3555 2751 cer-

1976 2790 2272 2848 tiludinem
2301 2801 2356 2844 et
2396 2789 2909 2844 inmutabilitatem
2941 2804 3136 2844 eorum
3187 2788 3360 2858 magis
3413 2803 3552 2841 cun-
3616 2814 3633 2819 —

1976 2882 2231 2939 firmarit.
2293 2881 2474 2952 Atque
2535 2882 2767 2936 audacia
2812 2882 2955 2949 ejus,
3010 2896 3133 2950 qua:
3191 2867 3296 2934 sibi
3350 2880 3554 2949 probro

1976 2974 2242 3029 aﬂ'ectura
2299 2974 2595 3028 videbantur
2661 2973 2947 3027 Dominica
3007 2987 3311 3042 responsa,
3374 2985 3552 3037 eaque

1974 3082 2202 3138 prorsus
2230 3066 2524 3131 abolitura,
2552 3082 2661 3121 non
2698 3065 2873 3119 sensit
2906 3064 3023 3132 ipsa
3050 3078 3130 3129 se,
3175 3063 3548 3119 reverentiam

1976 3159 2224 3220 illorum,
2282 3158 2336 3211 in
2390 3172 2513 3226 qua:
2559 3156 2924 3225 opprobrium
2958 3154 3183 3225 aliquod
3222 3154 3423 3209 cadere
3453 3168 3551 3207 ue-

1969 3260 2155 3320 queat,
2189 3249 2579 3319 dcprmdicare.
2630 3248 3008 3302 Roinanorum
3050 3245 3198 3301 enim
3236 3244 3541 3314 imperator

1967 3341 2059 3396 ille
2085 3341 2380 3405 Adrianus,
2417 3339 2511 3408 qui
2550 3348 2608 3394 et
2644 3338 2821 3393 Elius
2872 3348 2957 3394 est
3005 3338 3212 3401 dictus,
3260 3348 3314 3391 et
3351 3337 3552 3391 lliero-

1964 3435 2176 3506 solyma
2228 3433 2448 3501 evertit,
2510 3442 2569 3488 ut
2614 3432 2931 3488 Jquorum
2978 3439 3195 3501 gentem
3225 3445 3451 3501 prorsus
3478 3430 3547 3484 ab

1964 3546 2028 3587 ea
2062 3531 2199 3585 urbe
2232 3527 2539 3582 dimoveret
2592 3542 2764 3597 atque
2804 3525 3149 3596 dispelleret,
3199 3534 3254 3578 et
3306 3538 3375 3578 ne
3429 3539 3545 3577 me-

1967 3623 2143 3678 moria
2172 3620 2397 3692 quidem
2452 3619 2537 3676 eis
2586 3618 2797 3675 veteris
2831 3617 3097 3683 nominis:
3117 3616 3551 3686 relinqueretur,

1968 3729 2149 3784 neque
2194 3713 2300 3783 ipsi
2337 3728 2403 3767 ex
2454 3712 2827 3783 appellatione
2891 3725 3113 3766 causam
3162 3717 3258 3763 aut
3305 3708 3554 3762 occasio-

1966 3824 2091 3862 nem
2123 3804 2520 3875 recuperandze
2548 3805 2744 3875 patriae
2777 3802 3071 3865 haberent,
3111 3799 3341 3855 nomine
3371 3792 3541 3870 (sicut

1966 3898 2170 3969 potuit)
2204 3905 2440 3957 mutato.
2474 3895 2674 3951 [Eliam
2703 3910 2733 3950 a
2779 3895 2967 3965 seipso
3018 3893 3238 3949 vocavit
3272 3907 3286 3944 :
3323 3905 3388 3946 ea
3425 3890 3545 3959 ipsa

1968 4007 2050 4057 re,
2085 3990 2340 4061 quamvis
2362 3989 2570 4042 invitus
2611 3996 2668 4043 et
2705 3987 3056 4056 imprudens,
3106 3987 3403 4039 veritatem
3440 3981 3551 4036 1).)-

1967 4081 2103 4136 mini
2149 4079 2325 4135 nostri
2373 4080 2616 4135 oraculis
2643 4088 2962 4135 attestatus.
3021 4077 3245 4134 Veritus
3303 4089 3545 4145 namque

1967 4172 2153 4229 fuerat
2192 4170 2371 4227 calida
2419 4172 2836 4242 praecipitiaque
2880 4180 2939 4227 et
2987 4170 3300 4241 periculum
3333 4177 3546 4225 temere

1970 4265 2351 4335 aggredienda
2374 4263 2692 4320 Judaaorum
2717 4262 2960 4333 ingenia,
2990 4276 3058 4316 ne
3085 4276 3185 4330 per
3212 4267 3412 4330 ιιι-αξιοι
3445 4272 3535 4311 um

1967 4357 2147 4413 divini
2174 4357 2380 4421 cultus,
2410 4355 2506 4426 qui
2539 4356 2657 4426 lege
2685 4357 2795 4410 lata
2830 4355 2886 4408 in
2918 4354 3055 4408 urbe
3104 4368 3165 4407 ea
3212 4350 3399 4422 peragi
3443 4347 3547 4403 de-

1968 4450 2148 4518 beret,
2177 4450 2423 4507 exercitu
2466 4459 2662 4505 coacto
2695 4447 2980 4518 negotium
3011 4444 3278 4499 Romanis
3309 4440 3543 4494 exhibe-

1895 4543 1940 4598 D
1971 4557 2119 4605 rent.
2187 4545 2440 4602 Julianus
2494 4559 2665 4615 porro
2713 4541 3079 4600 contumelias
3124 4539 3181 4593 in
3246 4553 3350 4593 nos
3411 4549 3543 4590 suas

285 4632 586 4701 adaugens,
639 4634 822 4706 gentis
866 4635 990 4707 eius
1034 4636 1333 4707 primarios
1400 4636 1554 4694 viros
1614 4637 1929 4709 patriorum
1971 4655 2188 4696 morum
2217 4639 2529 4705 admonuit,
2560 4646 2618 4694 et
2660 4650 2958 4707 quamnam
3006 4632 3078 4689 ob
3133 4646 3357 4688 causam
3419 4643 3527 4681 non

285 4725 438 4795 juxta
491 4728 655 4784 Mosae
713 4731 865 4800 leges
921 4732 1196 4798 viverent,
1270 4732 1660 4805 interrogavit.
1709 4734 1891 4806 Atque
1926 4733 2008 4791 illi
2056 4734 2150 4791 ubi
2203 4733 2485 4799 dixerunt,
2528 4729 2792 4786 omnibus
2861 4726 3041 4781 modis
3082 4723 3387 4780 cavendum
3417 4720 3525 4773 sibi

285 4832 409 4873 esse
435 4835 533 4875 ceu
566 4838 682 4878 rem
715 4824 1048 4895 abjuratam,
1093 4841 1166 4880 ne
1215 4825 1348 4881 alibi
1391 4840 1563 4897 quam
1631 4825 2050 4900 Hierosolymis,
2113 4842 2221 4898 qua
2261 4826 2400 4882 urbe
2431 4837 2660 4896 prorsus
2718 4819 3078 4882 excidissent,
3131 4832 3286 4872 saera
3353 4815 3531 4883 patria

284 4924 636 4982 peragerent,
682 4916 810 4971 data
843 4917 954 4973 illis
999 4919 1261 4989 pecunia,
1314 4926 1377 4974 ut
1430 4933 1595 4988 quam
1665 4927 1892 4990 possent
1930 4920 2219 4976 celerrime
2284 4916 2599 4974 Solomonis
2651 4921 3033 4970 restaurarent
3094 4908 3385 4978 templum,
3435 4922 3531 4962 eos

280 5014 373 5060 est
404 5007 749 5072 cohortatus.
783 5021 844 5064 ut
876 5011 946 5066 ad
976 5012 1293 5082 exemplum
1357 5011 1631 5083 majorum
1699 5026 1929 5068 suorum
1972 5011 2149 5070 veteri
2214 5024 2369 5067 more
2416 5008 2832 5074 sacriﬁcarent,
2881 5014 2938 5060 et
2985 5018 3104 5060 rem
3151 5001 3396 5057 divinam
3449 5000 3527 5055 fa-

280 5108 497 5156 σει-θυι.

356 5195 467 5248 Καὶ
507 5198 534 5249 ὁ
573 5195 673 5265 μὲν
719 5196 893 5259 οὕτως
918 5211 932 5226 ·
978 5196 1027 5249 οἱ
1060 5195 1121 5248 ’δὲ
1154 5186 1215 5248 οὗ
1258 5194 1496 5249 ἔκπαλαι
1550 5193 1863 5264 ἐπεθύμουν

2040 5194 2133 5250 Sic
2156 5192 2377 5264 quidem
2432 5189 2546 5245 ille.
2577 5187 2750 5245 .ludzei
2776 5204 2911 5244 vero
2933 5195 3307 5258 opportunum
3331 5186 3553 5238 tandem

282 5285 637 5357 δεδραγμένοι
660 5288 877 5355 καιροῦ,
898 5288 1100 5357 σπουδῇ
1125 5286 1271 5358 πάσῃ
1297 5286 1390 5340 τοῦ
1408 5285 1572 5357 ἔργου
1602 5286 1860 5357 ἣπτοντο·

285 5377 515 5446 φοϐερὶν
543 5374 655 5434 οἷον
682 5380 1034 5449 Χριστιανοῖς
1068 5378 1386 5448 ἐνορῶντες,
1414 5379 1511 5433 καὶ
1539 5379 1661 5432 κατ’
1684 5379 1864 5433 αὐτῶν

282 5472 658 5541 ἐπαιρόμενοι,
699 5471 960 5543 ἠπείλουν
1008 5471 1270 5543 πράττειν
1319 5472 1384 5525 τὰ
1441 5469 1722 5537 πάνδεινα,
1774 5474 1868 5525 καὶ

283 5566 529 5618 τοσαῦτα
561 5566 659 5619 ὅσα
694 5564 757 5635 δὴ
796 5566 949 5619 αὐτοὶ
984 5566 1119 5633 πρὸς
1156 5563 1442 5635 Ῥωμαίων
1476 5564 1643 5618 πάλαι
1667 5565 1869 5617 πεπόν-

288 5660 416 5708 θασι
436 5673 450 5686 ·
494 5657 620 5727 μηδ’
643 5658 723 5719 είς
771 5654 896 5711 νοῦν
922 5659 971 5709 oi
1015 5657 1243 5709 δείλαιοι
1276 5656 1537 5725 θέμενοι,
1564 5655 1638 5719 ὡς
1669 5656 1766 5708 οὐκ
1797 5651 1865 5726 ἦν

287 5747 567 5816 ἐγχωροῦν
590 5746 750 5799 τοῦτ’
787 5748 866 5812 εἰς
899 5748 1073 5818 πέρας
1118 5746 1295 5800 ἐλθεῖν
1329 5746 1630 5818 διαρρήδην
1660 5746 1767 5799 τῶν
1800 5749 1864 5800 ἐκ

288 5836 522 5892 παλαιοῦ
561 5840 675 5903 τοῖς
711 5841 1009 5911 προφήταις
1046 5838 1314 5909 χρησμῶν
1362 5837 1509 5892 τοῦτ’
1548 5839 1860 5905 ἀπαγορευ-

1971 5297 2188 5357 tempus
2218 5286 2337 5355 ejus
2368 5284 2468 5349 rei,
2496 5297 2661 5352 quam
2683 5281 2887 5336 dudum
2914 5280 3386 5340 desideraverant,
3420 5291 3556 5330 con-

1972 5378 2217 5434 ﬁeicnda:
2257 5376 2428 5439 nacti,
2456 5374 2643 5430 studio
2673 5373 2822 5429 omni
2852 5371 2907 5427 in
2941 5372 2992 5427 id
3031 5385 3170 5442 Opus
3228 5368 3552 5422 incubuere.

1973 5471 2033 5525 Et
2056 5470 2169 5540 jam
2193 5475 2415 5539 aspectu
2443 5465 2795 5523 Christianos
2830 5464 3174 5529 territantes,
3232 5474 3406 5528 seque
3460 5472 3557 5513 su-

1972 5579 2070 5633 pra
2099 5562 2221 5617 illos
2254 5560 2606 5624 extollentes,
2640 5558 2827 5613 clades
2852 5571 3063 5620 omnes,
3099 5563 3158 5610 et
3187 5566 3553 5623 quascunque

1971 5654 2073 5723 ipsi
2100 5668 2129 5706 a
2163 5650 2424 5706 lloumn‘s
2451 5650 2583 5704 olim
2616 5648 2863 5719 perpessi
2890 5648 3112 5700 fuerant
3145 5657 3443 5704 erumnas,
3491 5658 3552 5697 se

1970 5745 2130 5800 nobis
2152 5745 2401 5801 illaturos
2424 5755 2546 5796 esse
2567 5749 2695 5796 sunt
2727 5739 2942 5795 minati.
2991 5736 3100 5809 74,
3172 5736 3278 5792 Sed
3333 5735 3552 5790 miseris

1971 5837 2080 5895 illis
2104 5835 2162 5892 in
2189 5845 2427 5896 mentem
2457 5848 2569 5889 non
2603 5831 2776 5896 venit,
2800 5830 2989 5896 perﬁci
3022 5846 3145 5888 eam
3178 5846 3294 5891 rem
3320 5829 3550 5887 minuue
