4054 6434
470 343 574 405 543

1697 347 2114 412 NICEPUORI
2161 353 2507 412 CALLléTl

3645 353 3747 416 544

3454 412 3481 429 κ

469 464 780 533 longiorem
811 463 1056 519 vinctum
1107 465 1400 522 demisere.
1469 467 1531 522 Et
1581 467 1671 524 ille
1724 469 1776 522 in
1829 479 2049 523 antrum

2158 471 2279 523 ὅσον
2303 472 2521 524 είκᾶισαι
2550 474 2612 543 τῇ
2636 472 2745 542 ἁφῇ
2773 469 3181 540 κατελάμϐανε.
3212 467 3318 522 Καὶ
3347 467 3748 538 δῆθ’ὐποστρέιέ

470 572 596 610 cum
629 559 993 626 pervenisset,
1028 575 1226 628 aquam
1268 561 1334 614 ad
1369 563 1604 616 mediam
1641 579 1814 632 usque
1865 579 2052 618 suram

474 651 529 703 in
565 666 632 705 eo
675 653 924 720 reperit:
967 661 1020 706 et
1051 653 1316 722 spelunca
1357 655 1508 709 omni
1563 672 1626 708 ex
1667 666 1824 724 parte
1861 657 2054 726 explo-

473 755 616 804 rata,
651 743 1090 813 quadrangulam
1121 761 1241 799 eam
1287 763 1430 813 esse,
1481 759 1750 816 quantum
1789 765 2052 803 manuum

469 837 910 891 contrectatione
929 839 1190 907 colligere
1216 839 1418 909 pctuit,
1441 841 1822 911 deprehendit.
1846 845 2052 899 Deinde

470 927 537 979 ad
591 942 653 981 os
705 929 826 996 ejus
881 941 1190 996 revertens,
1227 933 1279 986 in
1310 934 1624 988 columnam
1660 938 1957 1006 quamdam
1995 937 2052 992 in

474 1020 652 1074 media
693 1021 956 1089 spelunca
1005 1037 1114 1076 non
1143 1025 1440 1080 admodum
1495 1043 1660 1097 supra
1713 1045 1910 1097 aquam
1956 1047 2052 1086 cx-

480 1113 722 1164 stmtem
759 1113 972 1166 incidit.
1005 1114 1178 1180 Quam
1211 1131 1372 1171 n:anu
1425 1127 1664 1185 tentans,
1721 1121 1966 1176 libellum
2000 1124 2054 1178 in

471 1217 532 1251 ea
571 1201 839 1267 positum,
871 1203 966 1271 qui
1001 1205 1330 1260 tenuissimo
1385 1205 1792 1279 purissimoun
1829 1213 2055 1267 linteolo

470 1291 754 1346 involutus
783 1305 956 1360 esset,
998 1298 1232 1365 reperit.
1273 1296 1393 1363 Quo
1443 1313 1695 1370 accepto,
1744 1302 1877 1358 fune
1935 1304 2054 1374 ipso

469 1383 714 1452 signum,
754 1395 812 1438 ut
847 1387 916 1440 ab
946 1389 1028 1442 eis
1086 1391 1184 1460 qui
1244 1392 1399 1446 illum
1459 1393 1825 1462 demiserant,
1876 1410 2057 1453 retra-

471 1475 718 1540 heretur,
752 1478 926 1534 dedit.
971 1481 1249 1552 Receptus
1293 1487 1480 1555 igitur,
1527 1492 1942 1558 quamprimum
1983 1494 2054 1548 li-

470 1567 616 1622 bello
673 1579 921 1638 ostenso,
978 1585 1265 1644 stuporem
1324 1581 1584 1635 omnibus
1639 1584 1878 1638 incussit
1931 1605 1944 1639 :
1998 1601 2056 1642 ct

473 1659 711 1713 maxime
743 1663 889 1729 quod
926 1679 1118 1720 recens
1145 1669 1444 1724 admodum
1487 1681 1544 1727 et
1582 1673 1823 1731 intactus
1858 1679 1904 1732 is
1933 1696 2056 1736 esse

469 1750 780 1820 videretur,
814 1767 982 1826 atque
1009 1761 1156 1829 quod
1194 1773 1300 1816 tam
1341 1764 1602 1821 abstruso
1649 1780 1702 1823 et
1747 1771 2054 1844 caliginoso

469 1843 592 1899 loco
628 1859 883 1915 repertus
913 1861 1080 1907 esset.
1119 1855 1226 1925 77
1271 1857 1446 1912 l‘orro
1475 1859 1698 1917 libellus
1721 1843 2052 1934 explicatus,

470 1951 578 1990 non
613 1938 790 1993 solum
825 1941 1068 2008 Iudaeos.
1103 1963 1294 2002 verum
1337 1951 1502 2006 etiam
1546 1954 1769 2011 Gnaeos
1806 1972 2057 2015 conster-

469 2029 642 2083 navit.
671 2030 865 2087 Statim
901 2037 1048 2090 enim
1085 2039 1154 2094 ab
1206 2041 1366 2097 initio
1415 2044 1616 2102 litteris
1665 2051 2057 2118 grandioribus

469 2123 838 2194 promulgavit
866 2146 879 2179 :
910 2128 973 2183 In
1008 2133 1279 2202 principio
1305 2145 1425 2190 erat
1467 2138 1714 2210 l’erbum,
1747 2155 1794 2197 et
1831 2143 2056 2202 Verbum

466 2224 585 2306 erat
640 2221 786 2287 apud
833 2221 1023 2288 Deum,
1081 2236 1130 2278 et
1191 2228 1329 2284 Deus
1379 2243 1504 2286 erat
1545 2234 1787 2292 Verbum.
1853 2240 1942 2306 Et,
1998 2253 2057 2298 ut

467 2305 798 2374 simpliciter
845 2314 1049 2380 dicam,
1105 2318 1395 2390 Scriptura
1442 2339 1506 2379 ea
1545 2327 1822 2399 integrum
1871 2305 2058 2390 Evan-

467 2400 674 2496 gelium
743 2409 1257 2478 complectebatur,
1315 2417 1465 2487 quod
1521 2421 1832 2493 theologica
1893 2426 2056 2496 plane

467 2491 701 2562 virginis
755 2499 1012 2571 discipuli
1079 2505 1267 2577 lingua
1325 2513 1617 2580 auspicato
1677 2522 2052 2577 annuntiavit.

468 2587 763 2646 Portendit
815 2606 1000 2652 autem
1052 2599 1104 2653 id
1161 2617 1270 2656 una
1327 2619 1452 2658 cum
1486 2608 1717 2679 reliquis
1747 2612 2052 2682 miraculis,

468 2694 593 2747 qua:
644 2685 870 2741 caelitus
927 2705 992 2743 eo
1057 2701 1306 2762 tempore
1362 2695 1611 2752 exhibita
1669 2710 1838 2769 sunt,
1904 2705 2051 2763 haud

472 2785 715 2841 unquam
783 2777 1000 2835 Domini
1065 2785 1240 2839 nostri
1316 2789 1546 2844 verbum
1613 2791 2052 2867 intercisurum,

466 2866 616 2933 quod
649 2880 951 2926 extremam
991 2877 1178 2946 templi
1204 2887 1260 2933 et
1285 2880 1441 2935 urbis
1473 2881 1880 2943 desolationem
1911 2866 2052 2960 prae?

465 2955 629 3014 dixit.
666 2960 880 3017 Etenim
930 2966 1073 3022 liber
1115 2969 1286 3025 Deum
1339 2988 1460 3029 csse
1487 2986 1542 3030 et
1573 2955 1927 3036 conditorem
1963 2999 2054 3038 re-

467 3061 591 3102 rum
637 3053 886 3109 omnium
925 3074 1054 3112 eum
1097 3059 1311 3127 docuit,
1363 3065 1458 3134 qui
1509 3067 1639 3121 talia
1671 3069 1883 3125 dudum
1914 3089 2054 3128 san-

2162 580 2276 629 ιξων
2313 563 2456 616 κατὰ
2483 565 2543 616 τὸ
2577 564 2821 634 στόμιον,
2859 564 3026 633 στήλῃ
3060 563 3161 615 τινὶ
3193 559 3335 613 κατὰ
3365 559 3425 612 τὸ
3463 558 3628 628 μέσον
3655 576 3748 626 γε.

2161 656 2338 722 γονὼς
2375 655 2718 726 ἐντυγχάνει,
2759 657 2936 727 βραχὺ
2967 655 3223 725 διεχούσῃ
3251 652 3345 706 τοῦ
3381 651 3594 712 ὕδατος.
3631 650 3744 721 Τὴν

2160 751 2321 818 χεῖρα
2349 747 2406 801 δὲ
2437 751 2616 819 ταύτῃ
2639 747 2936 812 ἐπιϐαλὼν,
2973 747 3177 818 βιϐλίον
3207 745 3558 815 ἐπικείμενον
3584 746 3745 812 ἐφευο
3823 749 3828 752 “

2166 841 2366 911 ρίσκει,
2403 841 2585 911 λεπτῷ
2622 842 2860 912 πάμπαν
2891 842 2984 894 καὶ
3017 839 3391 909 καθαρωτάτῳ
3420 836 3743 908 περιειλημ-

2165 932 2327 1002 μένον
2359 933 2699 1003 ἡμιτυμϐίῳ.
2743 933 2950 987 Ἐκεῖνο
2980 931 3025 985 δ’
3058 932 3148 984 ἐπὶ
3172 932 3360 1000 χεῖρας
3389 927 3594 990 λαϐὼν,
3623 930 3744 998 ἐσή-

2162 1041 2323 1091 μαινε
2351 1029 2417 1097 τῇ
2448 1026 2697 1096 μηρίνθῳ
2723 1025 2796 1088 ὡς
2827 1025 2938 1078 δεῖν
2969 1024 3131 1076 αὐτὸν
3162 1024 3483 1093 ἀναφέρειν.
3522 1021 3746 1091 Ἀνιμη-

2161 1115 2273 1176 θεὶς
2303 1117 2358 1169 δὲ
2390 1119 2607 1183 θᾶττον,
2641 1117 2884 1170 δείκνυσι
2922 1117 2984 1170 τὸ
3016 1115 3222 1186 βιϐλίον
3247 1134 3260 1147 ·
3296 1117 3390 1169 καὶ
3423 1117 3505 1179 είς
3537 1115 3747 1184 θάμϐος

2160 1205 2370 1267 πάντας
2423 1205 2658 1274 καθίστη
2685 1221 2699 1236 ο
2731 1207 2822 1258 καὶ
2858 1204 3077 1275 μάλισθ’
3127 1205 3210 1257 ὅτι
3240 1204 3501 1274 νεουργόν
3549 1221 3612 1258 τε
3651 1202 3746 1257 καὶ

2159 1295 2325 1363 ἀθιγῆ
2373 1299 2600 1368 παρεῖχε
2653 1297 2751 1370 τὴν
2781 1297 2929 1368 δψιν,
2957 1298 3054 1351 καὶ
3085 1295 3160 1360 ὡς
3189 1297 3418 1364 τοιούτῳ
3459 1295 3524 1367 δὴ
3561 1295 3748 1366 χωρίῳ

2159 1386 2395 1454 ἀφεγγεῖ
2437 1388 2531 1440 καὶ
2557 1389 2790 1456 ζοφώδει
2823 1388 3188 1458 παρευρεθέν.
3224 1386 3297 1439 Τὸ
3339 1385 3395 1438 δέ
3429 1385 3537 1455 ἄρα
3566 1386 3627 1437 τὸ
3661 1383 3748 1453 βι-

2161 1477 2310 1530 ϐλίον
2339 1480 2707 1549 ἁναπτυχθέν,
2733 1482 2796 1533 οὒ
2826 1480 2986 1550 μόνον
3008 1478 3326 1540 Ἰουδαίους,
3346 1476 3486 1529 ἀλλά
3505 1475 3600 1528 καὶ
3622 1475 3747 1536 τοὺς

2171 1568 2532 1640 Ἐλληνισεὰς
2557 1570 2874 1642 κατέπληξε
2899 1589 2914 1604 ο
2931 1571 3228 1642 γράμμασι
3247 1569 3357 1640 γὰρ
3378 1568 3631 1638 μεγάλοις
3660 1568 3747 1617 εὐ-

2161 1664 2256 1727 θὺς
2273 1665 2395 1718 κατ’
2417 1667 2592 1736 ἀρχὰς
2625 1668 2812 1736 ἔλεγεν
2831 1685 2844 1699 ·
2863 1668 2968 1722 Ἐν
2990 1665 3150 1736 ἀρχῇ
3186 1662 3262 1736 ἦν
3291 1667 3324 1720 ὁ
3347 1665 3559 1732 Λόγος,
3593 1663 3684 1714 καὶ
3715 1666 3748 1716 ὁ

2160 1757 2354 1824 Λόγος
2399 1753 2478 1828 ἦν
2508 1758 2659 1827 πρὸς
2703 1761 2811 1812 τὸν
2845 1758 3019 1825 Θεὸν,
3057 1757 3154 1812 καὶ
3191 1757 3337 1820 Θεὸς
3361 1752 3441 1826 ἦν
3473 1754 3745 1840 ὀιΛὸγος.

2089 1823 2131 1882 Β
2163 1847 2271 1900 Καὶ
2307 1823 2495 1911 ἅπλῶς
2601 1823 2792 1918 Γνραφὴ
2837 1849 2899 1901 τὸ
2929 1823 3263 1918 Εὐαγγέλιον
3295 1823 3589 1914 ὁλόκληρον
3618 1843 3750 1895 ὑπε-

2158 1941 2363 2005 δείκνυ,
2401 1943 2540 2014 ὅπερ
2577 1945 2609 2012 ἡ
2667 1942 2921 2012 θεολογος
2947 1942 3040 1996 τοῦ
3072 1941 3345 2012 παρθένου
3381 1939 3476 1991 καὶ
3505 1937 3748 2008 μαθητοῖ

2160 2036 2560 2105 εὖηγγελίσατο
2585 2036 2831 2107 γλῶσσα.
2877 2035 3100 2107 Ἐδήλου
3122 2035 3178 2088 δὲ
3208 2034 3316 2104 ἄρα
3350 2031 3492 2102 μετὰ
3523 2033 3631 2084 τῶν
3658 2029 3751 2084 ἄλο

2158 2131 2270 2184 λων
2296 2131 2620 2202 παραδόξων
2637 2131 2836 2202 ἔργων,
2869 2129 2905 2186 ἃ
2933 2128 3054 2184 κατ’
3086 2131 3266 2182 ἐκεῖνο
3297 2125 3495 2196 καιροῦ
3529 2123 3752 2192 cap-c.6-

2161 2226 2253 2278 θεν
2280 2227 2594 2296 ἐπεδείχθη,
2623 2226 2698 2297 μὴ
2725 2225 2790 2280 ἄν
2817 2242 2947 2278 ποτε
2976 2225 3258 2278 διαπεσεῖν
3280 2220 3379 2292 τὴν
3410 2219 3752 2287 Δεσποτικὴν

2159 2319 2455 2390 ἀπόφασιν,
2505 2321 2628 2392 ἥτις
2657 2320 2757 2390 την
2789 2322 2869 2382 είς
2891 2317 3066 2380 ’τέλος
3104 2318 3387 2387 ἐρήμωσιν
3409 2313 3503 2368 τοῦ
3529 2312 3634 2366 νεὼ
3657 2313 3752 2366 καὶ

2157 2417 2258 2484 τῆς
2289 2413 2500 2477 πόλεως
2531 2415 2852 2484 προανείπε.
2882 2411 2994 2466 Καὶ
3019 2412 3127 2482 γὰρ
3157 2410 3290 2463 Θεὸν
3312 2427 3372 2462 τε
3404 2409 3672 2476 ἐθεολόγει
3696 2407 3751 2459 τὸ

2161 2507 2370 2578 βιϐλίον
2417 2508 2514 2562 τὸν
2543 2507 2720 2560 ταῦτα
2759 2505 3260 2576 προτεθεσπικότα,
3295 2503 3392 2557 καὶ
3419 2501 3750 2576 δημιουργὸν

2156 2606 2266 2658 τῶν
2315 2601 2600 2656 ἁπάντων.
2649 2600 2762 2656 Καὶ
2791 2599 3012 2670 ἐλεγχος
3046 2599 3116 2670 ἦν
3172 2597 3268 2650 τοῦ
3306 2596 3486 2667 μάτην
3519 2595 3750 2656 ἐκείνοις

2158 2697 2289 2766 περὶ
2315 2695 2412 2766 τὴν
2443 2693 2734 2764 οἰκοδομὴν
2764 2691 3079 2756 πονεῖσθαι,
3105 2689 3204 2761 τῆς
3240 2689 3391 2752 θείας
3424 2689 3516 2741 καὶ
3546 2689 3750 2756 ἀμετα-

2160 2788 2318 2842 θέτου
2345 2787 2532 2858 ψήφου
2559 2787 2650 2840 τὸν
2672 2787 2755 2850 είς
2783 2785 2938 2848 τέλος
2972 2783 3069 2838 τοῦ
3095 2783 3202 2837 νεὼ
3233 2783 3542 2852 ἀφανισμὸν
3577 2797 3746 2833 x111-

2157 2881 2570 2952 ψηφισαμένης.
2589 2879 2683 2932 Ἐκ
2711 2878 2777 2948 δὴ
2808 2877 3012 2930 τούτων
3041 2878 3136 2931 καὶ
3169 2877 3279 2928 τῶν
3310 2873 3566 2927 τοιούτων
3591 2871 3749 2933 εὐθὺς

2157 2975 2403 3044 ἐκρίνετο
2449 2975 2585 3025 πᾶσι
2618 2972 2750 3026 Θεὸν
2798 2971 3082 3040 ὁμολογεῖν
3128 2969 3221 3022 τὸν
3262 2967 3498 3040 Χριστὸν
3566 2961 3744 3019 εἶναι’

2159 3066 2462 3122 κάντεῦθεν
2514 3065 2589 3137 μὴ
2618 3067 2956 3137 ἀρέσκεσθαι
2995 3065 3060 3135 τῇ
3100 3063 3194 3117 τοῦ
3238 3063 3345 3116 νεὼ
3397 3062 3748 3130 ἀνοικοδομῇ.

470 3143 664 3204 xisset.
723 3148 1033 3208 Declaravit
1081 3166 1375 3224 praeterea,
1415 3158 1622 3216 frustra
1679 3177 1802 3221 esse
1851 3181 2044 3222 eorum

2160 3161 2272 3214 Kal.
2302 3160 2487 3213 πολλοί
2515 3161 2565 3228 γ’
2599 3161 2663 3213 ὲκ
2685 3161 2892 3220 τούτων
2923 3158 3021 3212 οὐκ
3055 3159 3135 3222 εἰς
3168 3158 3389 3228 μακρὰν
3421 3159 3485 3227 τῇ
3518 3155 3748 3223 Ἐκκ).η-.

462 3235 736 3306 laborem,
773 3242 867 3312 qui
912 3245 1341 3304 aedificationem
1379 3266 1502 3306 eam
1563 3265 1855 3326 tantopere
1892 3276 2054 3331 urge-

465 3341 641 3388 rent:
694 3351 761 3388 eo
813 3336 960 3404 quod
1007 3336 1196 3392 divina
1242 3350 1299 3394 et
1354 3341 1724 3400 immutabilis
1779 3351 2052 3405 sententia

462 3435 768 3481 extremam
807 3431 1012 3501 templo
1051 3433 1415 3488 abolitionem
1443 3436 1673 3493 decreto
1717 3456 1816 3494 suo
1847 3446 2056 3498 consti-

466 3521 686 3577 tuisset.
743 3523 927 3592 Atque
995 3540 1063 3578 ex
1131 3525 1198 3579 iis
1243 3536 1298 3580 et
1356 3527 1510 3583 hisce
1558 3519 1838 3587 similibus
1886 3537 2054 3592 rebus

467 3614 720 3684 plerique
776 3633 973 3671 omnes
1025 3618 1216 3672 statim
1266 3633 1630 3687 censuerunt,
1671 3635 1729 3678 ut
1767 3625 2052 3699 Christum

466 3712 641 3766 Deum
689 3727 811 3766 esse
861 3713 1293 3780 proliterentur,
1342 3715 1432 3768 cui
1484 3717 1676 3786 templi
1726 3723 2054 3777 restauratio

465 3805 667 3875 placita
733 3821 844 3860 non
899 3815 1068 3860 esset.
1124 3806 1284 3860 Multi
1342 3821 1476 3863 sane
1516 3827 1584 3864 ex
1629 3812 1764 3881 ipsis
1797 3813 1950 3869 brevi
1987 3817 2054 3872 ad

463 3897 761 3953 ecclesiam
796 3913 854 3951 se
887 3897 1194 3963 contulere,
1229 3908 1283 3954 et
1319 3902 1492 3954 sacris
1536 3905 1744 3958 nostris
1783 3909 2056 3962 sacratio-

466 3993 624 4047 ribus
690 4003 742 4044 et
797 3990 1229 4061 perfectioribus
1283 3992 1526 4049 instituti
1599 4008 1768 4067 atque
1823 4001 2050 4069 initiati,

467 4085 690 4156 hymnis
747 4096 914 4155 atque
969 4086 1474 4156 supplicationibus
1525 4102 1752 4162 propter
1805 4094 2053 4150 facinora

467 4189 706 4250 patrata,
749 4179 1033 4233 Christum
1074 4181 1384 4250 placarunt.
1453 4181 1585 4238 Ilaec
1629 4185 1678 4239 si
1722 4185 1812 4239 cui
1869 4187 2055 4245 mitius

465 4288 597 4327 vera
633 4287 755 4327 esse
789 4271 1068 4336 videntur.
1105 4276 1156 4331 ci
1203 4275 1363 4330 fidem
1409 4276 1639 4341 faciant,
1687 4278 1782 4346 qui
1835 4278 1940 4334 ista
1977 4281 2056 4334 vi-

465 4366 672 4422 derunt
703 4365 779 4438 (l)
817 4377 872 4421 et
926 4367 1249 4428 audierunt.
1287 4379 1343 4422 et
1395 4369 1621 4438 scriptis
1666 4369 2048 4428 mandarunt:

465 4459 552 4513 sin
604 4459 809 4521 toinus,
845 4457 1019 4512 Judaei
1069 4460 1265 4513 saltem
1316 4468 1373 4514 ct
1423 4459 1601 4515 Graeci
1651 4461 2050 4529 persuadeant,

2161 3255 2253 3326 σία
2289 3253 2642 3325 προσέθεντο,
2666 3253 2761 3306 καὶ
2792 3249 3060 3323 ἐμυοῦντο
3097 3251 3168 3304 τὰ
3198 3249 3521 3320 τελεώτερα·
3557 3250 3748 3319 ὕμνοις

2159 3365 2219 3402 τε
2246 3349 2342 3402 καὶ
2393 3349 2628 3411 ἱκεσίαις
2664 3347 2772 3401 τῶν
2823 3348 3196 3418 τολμωμένων
3243 3345 3402 3414 χάριν
3455 3343 3751 3426 ἐλιπάροην

2159 3439 2415 3513 Χριστόν.
2454 3439 2644 3494 Ταῦτα
2669 3439 2715 3494 δ’
2740 3441 2848 3512 ὅτῳ
2885 3440 3072 3493 πίστιν
3099 3437 3275 3510 ἀληθῆ
3308 3437 3382 3509 μὴ
3412 3435 3606 3507 ἔχοντα
3627 3437 3751 3505 φαί-

2158 3551 2335 3603 νεται,
2378 3536 2514 3597 τέως
2563 3550 2626 3601 γε
2663 3531 2771 3603 μὴν
2817 3532 3240 3585 πιστούσθωσαν
3289 3531 3442 3599 παρὰ
3492 3530 3599 3582 τῶν
3647 3529 3748 3598 ἤδη

2161 3628 2382 3681 ἰδόντων
2415 3643 2474 3678 τε
2507 3627 2601 3678 καὶ
2628 3626 2952 3695 ἀκηκοότων
2970 3626 3067 3678 καὶ
3094 3627 3336 3695 γραφαῖς
3369 3624 3745 3694 παραδόντων·

2158 3719 2206 3770 εἰ
2237 3716 2282 3770 δ’
2309 3715 2430 3783 οὒκ,
2469 3716 2607 3770 ἀλλὰ
2629 3715 2988 3770 καὶἸουδαῑοι
3017 3716 3112 3768 καί
3134 3715 3398 3785 Ἕλληνες
3427 3715 3525 3786 τὴν
3563 3717 3748 3767 πίστιν

2159 3809 2571 3878 παρεχέτωσαν,
2638 3808 2899 3879 ἡμιτελὲς
2966 3808 3363 3870 καταλιπίντες
3417 3811 3478 3860 το
3545 3807 3746 3876 ἔργον,

2167 3902 2370 3972 μᾶλλον
2403 3903 2459 3956 δὲ
2495 3902 2614 3956 οὐδὲ
2650 3903 2827 3972 ἀρχὴν
2859 3903 3139 3955 ἐπιϐαλεῖν
3165 3889 3506 3974 δυνηθέντες.
3534 3900 3749 3954 Εἰδέναι

2165 3994 2350 4064 μέντοι
2402 3994 2538 4065 πρὸς
2584 3997 2698 4059 τοῖς
2742 3994 2924 4056 ἄλλοις
2964 3997 3058 4049 καὶ
3112 3995 3271 4048 τοῦτο
3305 3995 3507 4065 χρεών,
3556 3996 3630 4058 ὡς
3681 3996 3752 4046 τὰ

2167 4089 2525 4159 Ἰεροσόλυμα
2573 4088 2841 4160 πρότερον
2892 4088 3092 4154 Ὶεϐοὖς
3139 4090 3406 4144 ἐκαλεῖτο.
3446 4088 3750 4160 Κατῴκουν

2157 4178 2216 4232 δὲ
2264 4181 2469 4250 ταύτην
2521 4179 2572 4232 οἱ
2614 4179 2677 4232 ἐκ
2701 4183 2808 4250 τῆς
2848 4179 3224 4247 Βενιαμίτιδος
3257 4181 3432 4250 φυλῆς
3484 4181 3544 4232 τὸ
3593 4180 3751 4248 γένος

2156 4271 2489 4340 κατάγοντες
2511 4289 2524 4302 ·
2556 4275 2687 4342 πρὶν
2709 4273 2743 4342 ἦ
2771 4273 2933 4328 Δαυὶδ
2963 4272 3257 4341 ὑποσχέσει
3281 4271 3617 4343 στρατηγίας
3647 4273 3750 4325 αὑ-

2155 4363 2257 4430 τὴν
2289 4362 2378 4418 διὰ
2407 4363 2503 4417 τοῦ
2538 4364 2847 4435 στρατηγοῦ
2882 4365 3046 4419 αὐτοῦ
3085 4363 3310 4418 Ἰωάϐου
3350 4365 3508 4431 ἐλὼν,
3551 4364 3749 4435 ἐκείνῳ

2161 4458 2261 4522 μέν
2289 4457 2389 4526 τὴν
2422 4458 2740 4530 ὑπόσχεσιν,
2773 4459 2848 4523 ὡς
2873 4459 3188 4526 ὑπεδέξατο,
3219 4459 3441 4512 δίδωσιν
3467 4477 3481 4491 ·
3514 4458 3679 4523 αὐτὸς
3701 4461 3750 4513 δ’

463 4551 557 4619 qui
589 4566 729 4622 opus
757 4551 810 4616 id
843 4551 1124 4621 εεηιῑροτίῖ
1143 4565 1292 4606 ctum
1327 4552 1701 4621 reliquerunt,
1741 4568 1836 4608 seu
1866 4555 2051 4623 potius

2158 4551 2216 4604 ἐν
2250 4551 2388 4623 αὐτῇ
2423 4553 2578 4606 πόλιν
2611 4552 2877 4623 μεγίστην
2906 4553 3260 4622 δειμάμενος,
3287 4554 3625 4624 μητρόπολιν
3651 4554 3752 4608 αὐ-

464 4645 732 4701 inchoare
767 4645 1090 4715 neutiquam
1127 4655 1459 4716 potuerunt.
1511 4647 1720 4701 Praeter
1751 4648 1879 4715 alia,
1911 4648 2047 4703 illud

462 4753 685 4809 quoque
735 4739 1036 4794 observare
1089 4738 1373 4802 convenit,
1428 4737 1816 4810 Hierosolyma
1882 4751 2045 4796 antea

461 4828 633 4885 Jcbus
658 4838 849 4883 vocata
888 4827 1082 4890 fuisse,
1118 4843 1292 4897 eaque
1340 4828 1650 4898 Benjamini
1689 4829 1923 4884 tribules
1955 4830 2055 4884 ba-

462 4921 672 4982 buisse.
712 4921 1036 4990 priusquam
1067 4921 1257 4987 David,
1303 4924 1586 4977 exercitus
1633 4922 1902 4977 ductandi
1954 4923 2055 4977 bo-

463 5015 620 5068 uoris
687 5013 1097 5082 promissione,
1157 5030 1255 5084 per
1313 5015 1512 5069 ducem
1575 5031 1738 5069 suum
1815 5016 2050 5071 Joabum

2161 4644 2260 4714 τὴν
2295 4645 2390 4699 τοῦ
2424 4647 2627 4711 παντὸς
2658 4645 2928 4716 Ἐϐραίων
2958 4646 3145 4710 ἔθνους
3173 4644 3311 4700 εἶναι
3345 4647 3623 4711 ἐθέσπισε,
3649 4649 3751 4700 Σό-

2159 4735 2308 4806 λυμα
2326 4738 2418 4791 τὸν
2445 4738 2624 4810 χῶρον
2650 4739 3025 4808 κατονομάσας
3046 4755 3061 4771 ·
3091 4740 3118 4793 ὃ
3136 4739 3224 4793 διὰ
3254 4740 3313 4792 τὸ
3336 4741 3480 4809 ἱερὸν
3515 4742 3571 4804 ἐς
3597 4739 3754 4792 ὕστε-

2162 4848 2256 4902 ρον
2279 4833 2375 4884 καὶ
2415 4831 2768 4901 Ἱεροσόλυμα
2798 4832 3094 4902 ὠνομάσθη
3125 4848 3138 4862 '
3179 4833 3322 4886 ἀλλὰ
3353 4835 3482 4902 περὶ
3512 4833 3615 4904 μὲν
3645 4833 3748 4901 τῆς

2158 4922 2426 4993 δοκούσης
2488 4926 2830 4995 ἀνεγέρσεως
2882 4928 2993 4978 τῶν
3058 4925 3448 4996 Ἱεροσολύμων
3504 4925 3747 4979 τοσαῦτα

2163 5021 2432 5090 εἰρήσθω.

461 5116 647 5178 capta,
671 5107 914 5177 ducique
942 5109 992 5163 ei
1023 5109 1171 5178 quod
1206 5119 1492 5176 receperat
1529 5110 1798 5177 praestito,
1849 5111 1902 5163 in
1970 5111 2269 5168 maximam
2338 5115 2534 5170 urbem
2605 5116 2851 5180 redacta,
2906 5117 3263 5186 metropolim
3325 5127 3381 5171 et
3430 5117 3745 5188 principem

463 5205 782 5260 Juhaeorum
829 5205 1000 5258 totius
1045 5207 1227 5274 gentis
1307 5204 1588 5260 civitatem
1643 5208 1958 5276 coastituit,
2012 5220 2068 5264 et
2135 5209 2486 5282 Solymorutn
2552 5229 2754 5268 nomen
2809 5215 2933 5268 loco
3001 5213 3202 5268 indidit
3250 5214 3348 5281 (Ξ),
3399 5214 3490 5284 qui
3540 5215 3742 5268 deinde

463 5311 692 5374 propter
739 5317 960 5357 sacrum
1012 5305 1278 5372 templum
1365 5302 1749 5375 Hierosolyma
1830 5283 2256 5376 cognominatus
2342 5320 2452 5367 est.
2510 5309 2713 5366 Verum
2793 5309 2862 5364 de
2918 5309 3429 5380 Hierosolymorum
3483 5310 3559 5378 ('5)
3614 5325 3740 5378 qua:

462 5397 779 5454 existimata
809 5404 915 5462 est,
945 5398 1296 5453 restitutione
1321 5398 1436 5453 btet:
1461 5397 1608 5452 dicta
1648 5399 1946 5454 sufficiant.

2150 5630 2277 5683 ditre
2331 5627 2455 5681 urbi
2507 5625 2944 5697 Hierosolymam
2999 5640 3200 5680 nomen
3262 5640 3295 5680 e
3359 5639 3463 5679 suo
3520 5623 3737 5678 fecisse.

2153 5698 2634 5777 (Cernat-.1305?)
2741 5769 2754 5777 .
3343 5766 3394 5777 ..
3533 5764 3622 5777 η.

2226 5770 2300 5840 (3)
2337 5764 2711 5840 Hierosolyma
2741 5769 2901 5838 longe
2930 5767 3234 5824 clarissima
3272 5766 3492 5823 urbium
3531 5764 3729 5824 Oricu-

2153 5841 2240 5896 tis.
2281 5840 2444 5911 (Plin.
2487 5839 2585 5894 lib.
2624 5855 2676 5906 v,
2717 5855 2837 5911 cap.
2877 5841 2987 5910 Μ.)
3535 5861 3538 5865 -

537 5629 615 5697 (Ι)
641 5627 861 5686 Sozom.
891 5626 1109 5686 scribit.
1133 5635 1293 5682 aetate
1321 5641 1418 5680 sua
1446 5627 1634 5697 plures
1662 5627 1844 5684 adhuc
1873 5635 2039 5683 testes

461 5699 728 5780 ejt_ts_mod_i
765 5701 1103 5780 superstites
1122 5699 1314 5759 fuisse,
1347 5699 1533 5780 lib_.r.v,
1567 5715 1688 5780 cap.
1727 5699 1830 5780 ult.

541 5773 617 5842 (‘2)
653 5770 810 5842 Clara
862 5771 952 5842 alii
1001 5769 1332 5842 .lut'l;eorum_
1366 5770 1520 5842 initia
1569 5771 1842 5824 tradunt:
1887 5770 2042 5840 Soly-

469 5839 610 5911 mos,
642 5839 982 5898 carminibus
1009 5840 1228 5896 llomcri
1253 5840 1589 5897 celebratam
1622 5851 1867 5912 gentem,
1906 5839 2040 5896 eon-
