4056 6416
352 329 455 390 553

1274 327 1880 390 ECCLESlAS’l‘lCzB
1920 327 2308 388 HISTORIA;
2341 329 2494 391 LIB.
2540 328 2613 390 X.

3517 324 3633 387 555-.

351 439 384 506 ἡ
417 437 738 508 προφητεία
794 435 1044 491 πεισάτω
1096 436 1310 502 τοῦτον,
1341 440 1409 508 ἦν
1465 456 1547 501 τις
1599 440 1738 503 θεῖος
1792 438 1931 507 ἀνὴρ

2039 438 2362 502 monachus,
2399 448 2453 491 ct
2501 436 2916 491 ecclesiasticus
2960 434 3327 506 philosophus
3358 428 3626 504 Didymus

351 530 760 600 προηγόρευσε,
806 529 1159 600 προσφοιτῶν
1206 530 1305 600 μὲν
1336 530 1604 602 Λιϐανίῳ,
1639 532 1708 584 τὰ
1739 532 1796 585 δὲ
1830 530 1928 597 τῆς

363 621 696 692 Ἐκκλησίας
748 622 1235 692 ἐκπαιδευόμενος.
1274 622 1761 693 Ἐπιστρατεύοντι
1820 623 1927 692 γὰρ

350 714 548 785 ἐκείνῳ
586 716 699 778 τοῖς
730 716 990 785 Πέρσαις,
1029 714 1396 779 διατωθάζων
1439 716 1722 780 Λιόάνιος,
1759 736 1776 767 ι
1814 716 1928 769 Νῦν

349 802 407 857 δὲ
433 803 561 874 ἄρα,
606 803 683 874 τῷ
737 805 868 876 θείῳ
923 806 1123 877 ἐκείνῳ
1156 808 1314 877 ιὶινδρὶ¹
1350 807 1532 875 ἔλεγε,
1568 808 1621 861 τί
1650 809 1715 860 ἂν
1751 810 1779 860 6
1831 806 1926 860 τοῦ

350 897 604 961 τέκτονος
637 899 869 969 πράττοι
909 901 1056 967 υἱόςς
1092 899 1151 954 '0
1205 901 1283 966 δὲ,
1336 901 1570 971 Ξυλίνην
1620 901 1799 971 θήκην
1833 917 1932 955 κα-

351 989 685 1054 τασκευάζει
712 992 849 1061 πρὸς
878 990 1132 1056 θάνατον,
1156 993 1530 1064 ἀντεπήγαγε,
1561 992 1639 1063 τῷ
1665 992 1747 1062 σῷ
1773 993 1930 1061 βασι-

351 1080 455 1145 λεῖ,
494 1097 513 1131 ι
552 1082 646 1134 καὶ
670 1085 790 1150 μετ’
819 1082 1002 1151 ὀλίγον
1027 1078 1129 1156 ἧκε
1156 1085 1347 1155 νεκρὸς
1375 1088 1404 1138 6
1435 1085 1668 1158 σοϐαρὸς
1695 1088 1929 1151 ἐκεῖνος,

351 1172 448 1224 καὶ
476 1170 622 1241 μέγα
648 1173 857 1240 φυσῶν,
894 1176 991 1227 καὶ
1015 1177 1115 1245 τὴν
1147 1175 1506 1247 Ἀλεξάνδρου
1539 1176 1699 1240 δόξαν
1724 1176 1933 1247 ὀνειρο-

355 1261 554 1321 πολῶν,
587 1263 618 1334 ἥ
656 1266 747 1316 καὶ
796 1267 999 1333 μᾶλλον
1048 1267 1467 1336 ὑπερὸαλέσθαι
1520 1268 1713 1322 τοῦτον
1748 1270 1931 1338 οἰόμε-

351 1371 440 1416 νος
466 1369 481 1383 ο
518 1353 575 1415 ὃς
607 1355 746 1407 κατὰ
799 1356 899 1425 τὴν
940 1357 1261 1427 Πυθαγόρου
1294 1357 1452 1422 δόξαν
1497 1359 1597 1421 τὰς
1649 1359 1933 1428 μετεμψυ-

350 1444 553 1515 χώσεις
582 1448 781 1517 τιμῶν,
820 1449 884 1501 ὲκ
940 1450 1496 1520 μετενσωματώσεως
1543 1451 1642 1522 τὴν
1668 1451 1931 1517 Ἀλεξᾶν.

350 1536 479 1604 δρου
509 1537 652 1607 ἔχειν
676 1540 880 1609 ψυχὴν,
909 1541 1109 1611 μᾶλλον
1136 1542 1193 1595 δὲ
1223 1543 1387 1607 αὐτὸς
1413 1538 1552 1597 εἶναι
1580 1543 1931 1613 Ἀλέξανδρος

353 1630 410 1680 ὲν
442 1631 615 1700 ἑτέρῳ
645 1631 848 1702 δηλαδὴ
886 1632 1102 1704 σώματι
1136 1634 1293 1702 ἔλεγε
1313 1652 1327 1667 ’
1362 1635 1500 1706 μηδὲ
1540 1635 1697 1699 εἰδὼς
1724 1635 1799 1700 ὡς
1822 1637 1932 1706 ἄρα

356 1719 515 1784 νικᾷν
540 1718 642 1786 μὲν
666 1720 855 1788 καλὸν,
890 1722 1194 1795 ὑπερνικᾷν
1243 1724 1301 1778 δὲ
1348 1725 1668 1795 ἐπίφθονον.
1716 1725 1933 1780 Ἦπὰτα

2035 529 2461 593 Alexandrinus,
2508 539 2564 584 et
2603 540 2864 598 praeterea
2897 528 3198 581 desertoris
3246 525 3423 595 ipsius
3460 524 3621 577 fami‘

2036 621 2191 676 liaris
2237 631 2292 676 et
2350 622 2696 691 propinquus
2754 621 3032 684 viderint,
3068 619 3200 674 talia
3236 628 3384 672 sunt.
3430 616 3621 684 Neque

2037 716 2255 770 illorum
2290 716 2581 784 quisquam
2608 715 2887 768 averitatc
2918 712 3222 776 aberravit,
3246 725 3413 780 quam
3443 708 3624 762 caedes

2036 818 2229 881 postea
2292 810 2611 863 renuntiata
2659 806 3025 862 continuavit.
3055 806 3176 871 Quo
3230 803 3277 858 si
3342 801 3620 872 quispiam

2036 902 2215 956 adhuc
2248 900 2403 954 illum
2433 901 2528 970 qui
2562 900 2641 955 sic
2660 899 2926 954 ecclesias
2949 895 3402 960 vastaverit,non
3435 893 3620 947 divina

2036 994 2279 1048 vindicta
2328 993 2724 1063 interemptum
2758 1006 2882 1046 esse
2924 990 3225 1045 contendat
3266 1005 3280 1042 :
3322 988 3373 1043 ei
3422 986 3474 1051 id
3528 1000 3625 1039 va-

2038 1085 2292 1139 ticinium
2345 1083 2696 1153 persuadeat,
2764 1081 2909 1150 quod
2966 1079 3186 1133 divinus
3230 1076 3456 1147 quidam
3512 1076 3620 1139 vir,

2035 1174 2252 1229 Libanii
2298 1173 2524 1243 quidem
2556 1172 2878 1237 familiaris,
2914 1170 3185 1225 institutis
3212 1178 3397 1223 autem
3448 1168 3624 1222 eccle-

2036 1266 2273 1323 siasticis
2328 1266 2505 1336 probe
2547 1263 2839 1329 eruditus,
2875 1262 3146 1332 praedixit.
3184 1261 3321 1316 Cum
3376 1274 3616 1329 namque

2035 1359 2290 1416 Julianus
2322 1359 2627 1415 exercitum
2668 1357 2727 1412 in
2758 1357 2956 1411 Persas
2987 1353 3238 1418 duceret,
3266 1361 3323 1408 et
3353 1351 3623 1406 Libanius

2036 1454 2276 1508 illudens
2304 1451 2371 1508 ad
2413 1461 2665 1508 sanetum
2721 1451 2878 1506 illum
2909 1451 3088 1505 virum
3120 1447 3352 1502 diceret.
3393 1463 3413 1497 ι
3449 1443 3624 1512 Quid-

2037 1560 2163 1600 nam
2190 1544 2333 1600 fabri
2362 1544 2568 1600 faceret
2597 1543 2778 1599 filius?
2801 1541 3146 1613 respondens
3176 1540 3269 1596 ille
3308 1557 3322 1593 :
3355 1537 3620 1606 Ligneum

2036 1638 2239 1707 inquit,
2264 1637 2503 1692 loculum
2543 1638 2611 1693 ad
2646 1647 2880 1692 mortem
2930 1633 3283 1705 imperatoris
3314 1632 3394 1687 tui
3436 1629 3626 1685 elabo-

2039 1739 2144 1784 rat.
2183 1750 2201 1782 ι
2241 1731 2309 1786 Ει
2336 1731 2840 1801 parvaintercessit
2873 1744 3046 1795 mora,
3082 1742 3208 1783 cum
3246 1732 3500 1780 mortuus
3532 1723 3624 1777 ille

359 1808 415 1861 δὲ
437 1810 593 1864 αὐτὸν
617 1814 709 1864 καὶ
737 1814 991 1885 Μάξιμος
1034 1817 1062 1869 6
1089 1817 1406 1887 φιλόσοφος,
1434 1816 1747 1890 συμπαρὼν
1779 1819 1930 1889 αὐτῷ

2038 1822 2307 1878 adductus
2339 1799 2485 1889 est,
2519 1825 2615 1894 qui
2675 1824 2950 1892 superbus
2997 1831 3053 1878 et
3116 1818 3343 1875 inﬂatus
3391 1815 3623 1889 gloriam

362 1902 453 1956 καί
470 1910 579 1957 τισι
611 1906 900 1975 μαντείαις
934 1909 1146 1977 ἐξάγων
1172 1910 1266 1964 τοῦ
1301 1911 1541 1976 δέοντος.

2037 1915 2334 1971 Alexandri
2381 1917 2776 1980 somniaverat,
2837 1930 2899 1969 ac
2940 1914 3123 1984 potius
3158 1914 3320 1984 longe
3347 1912 3502 1966 illuni
3534 1926 3626 1965 su-

356 2014 571 2071 perasse
601 2003 709 2058 sibi
742 2003 893 2060 visus
926 2004 1142 2063 fuerat:
1170 2016 1228 2063 et
1257 2009 1415 2079 juxta
1484 2007 1808 2081 Pythagora:
1867 2003 2238 2079 sententiam,
2277 2011 2587 2067 animarum
2625 2010 3141 2079 transmigrationes
3204 2006 3622 2079 magnifaciens,

349 2110 419 2152 ex
450 2109 745 2167 corporum
781 2101 1237 2155 transmutatione
1267 2102 1567 2157 Alexandri
1632 2104 1871 2158 animam
1936 2120 1995 2159 se
2036 2105 2261 2171 habere,
2301 2116 2467 2175 atque
2499 2105 2638 2161 adeo
2665 2104 3039 2161 Alexandrum
3072 2104 3126 2157 in
3163 2116 3396 2172 corpore
3434 2099 3543 2154 alio
3564 2112 3626 2153 se

348 2208 495 2259 esse,
524 2193 752 2250 dixerat.
786 2194 975 2265 Neque
1009 2196 1141 2252 satis
1208 2198 1503 2264 intellexit,
1528 2200 1770 2257 Vincere
1840 2200 2067 2270 quidem
2134 2201 2428 2271 pulchrum
2500 2218 2625 2258 esse
2662 2222 2677 2257 :
2727 2201 2963 2257 victoria
3007 2210 3190 2255 autem
3248 2213 3347 2269 per
3378 2194 3626 2252 insolen-

352 2289 485 2343 tiam
551 2287 741 2349 ahuti,
810 2289 1169 2349 invidiosum.

350 2382 671 2438 nationibus
700 2383 1034 2452 quibusdam
1067 2392 1441 2439 transversqu
1470 2386 1605 2457 egit.

421 2475 498 2529 Οὐ
536 2475 643 2547 μὴν
666 2475 920 2530 ἀλλὰκαὶ
952 2477 1117 2541 αὐτὸς
1147 2479 1275 2532 ὅθεν
1310 2479 1538 2551 ἐϐλάϐη,
1572 2479 1926 2549 ἁμωσγέπως

352 2570 550 2639 συνῆκε
574 2607 590 2634 ,
645 2569 737 2622 καὶ
767 2569 1081 2623 παντάπασι
1117 2572 1209 2624 τὸν
1238 2573 1339 2639 τῆς
1383 2573 1677 2641 συμφορᾶς
1705 2572 1805 2625 οὐκ
1831 2573 1933 2641 ἡγ-

352 2664 547 2733 νόησεν
580 2664 775 2718 αἴτιον.
814 2667 925 2718 Καὶ
974 2666 1083 2735 γάρ
1117 2684 1248 2734 φασι
1276 2667 1373 2736 τῆς
1423 2666 1658 2736 ὠτειλῆς
1691 2667 1754 2719 τὸ
1787 2660 1932 2735 αἷμα

351 2757 653 2825 ἀρυόμενος
674 2759 740 2826 τῇ
772 2758 997 2829 κοτύλῃ,
1051 2760 1130 2822 εἰς
1166 2760 1364 2828 αἰθέρι
1412 2758 1804 2823 διακοντίζειν,
1840 2753 1929 2813 οἷά

356 2866 418 2917 γε
446 2850 678 2919 Χριστὸν
711 2851 875 2919 ὀρῶν,
913 2853 1007 2906 καὶ
1039 2854 1136 2922 τῆς
1165 2853 1434 2923 σφετέρας
1477 2853 1692 2922 σφαγῆς
1719 2853 1819 2923 τὴν
1843 2853 1930 2907 αί-

354 2943 477 2997 τίαν
503 2943 826 3013 ἐπιγράφων
865 2944 1036 3013 αὐτῷ,
1090 2945 1185 2997 καὶ
1217 2944 1425 3013 λέγειν,
1458 2944 1532 3007 ὡς
1588 2944 1923 3015 Νενίκηκας,

357 3033 605 3087 Γα).ιλαίε
632 3071 648 3099 ,
680 3032 993 3104 νενίκηκας.
1025 3033 1212 3086 Ἀλλοι
1237 3033 1293 3087 δέ
1325 3051 1490 3103 φασιν
1516 3034 1590 3097 ὡς
1613 3034 1703 3086 τὸν
1729 3034 1926 3103 ἔφορον

1252 2291 1484 2348 Seduxit
1541 2304 1726 2350 autem
1782 2310 1911 2351 eum
1970 2296 2242 2351 Maximus
2306 2296 2474 2351 etiam
2533 2295 2923 2366 philosophus,
2963 2293 3057 2364 qui
3085 2292 3135 2347 ei
3157 2291 3368 2347 adfuit:
3401 2302 3458 2346 et
3484 2289 3625 2345 divi-

2113 2478 2221 2535 Sed
2250 2477 2397 2534 enim
2447 2474 2596 2530 unde
2634 2475 2685 2528 ei
2719 2472 2903 2528 clades
2934 2486 2997 2526 ea
3022 2470 3272 2526 evenerit
3295 2510 3311 2534 ,
3355 2465 3627 2537 quodam-

2040 2572 2204 2627 modo
2238 2572 2470 2641 ipsemet
2499 2569 2791 2628 intellexit,
2825 2581 3003 2635 neque
3036 2577 3264 2634 prorsus
3296 2560 3625 2617 calamitatis

2041 2672 2325 2719 auctorem
2379 2661 2674 2733 ignoravit.
2715 2660 2928 2715 Dicitur
2961 2659 3133 2721 enim,
3168 2670 3297 2711 cum
3328 2671 3359 2711 e
3395 2654 3626 2709 vulnere

2041 2772 2173 2811 cava
2233 2771 2395 2809 manu
2450 2754 2772 2823 sanguinem
2825 2752 3126 2814 hausisset,
3157 2759 3326 2820 atque
3380 2762 3508 2802 eum
3565 2746 3623 2799 in

2038 2850 2270 2913 coelum,
2304 2848 2471 2903 veluti
2530 2846 2811 2902 Christum
2848 2845 3219 2915 conspiciens,
3267 2841 3624 2911 conjecisset,

2037 2942 2267 3014 perinde
2297 2951 2463 3012 atque
2491 2954 2712 2996 causam
2754 2938 2919 2993 caadis
2965 2952 3077 2993 suae
3111 2936 3165 2990 in
3203 2951 3329 2991 eum
3364 2934 3623 2996 referret,

2038 3034 2366 3091 vociferatus
2404 3047 2523 3088 esse
2557 3048 2571 3086 :
2604 3030 2815 3097 Vicisti,
2840 3028 3081 3094 Galilaeo,
3125 3027 3334 3083 vicisti.
3364 3024 3478 3096 84
3514 3022 3623 3079 Alii

353 3128 453 3197 τῆς
511 3126 678 3180 αὐτοῦ
734 3131 1047 3196 γεννήσεως
1103 3126 1260 3197 ἥλιον
1314 3127 1458 3181 κατά
1493 3143 1613 3180 τινα
1677 3126 1926 3196 περίοδον

2038 3141 2163 3181 vero
2194 3124 2451 3192 tradunt,
2501 3139 2629 3179 eum
2666 3123 2838 3179 solem
2875 3121 3075 3176 natalis
3110 3120 3259 3175 horae
3290 3134 3404 3173 sua:
3435 3118 3626 3187 inspe-

355 3220 758 3291 ἀστρονομικὴν
789 3222 846 3273 ὲν
877 3220 1080 3284 αἰτίαις
1113 3220 1310 3288 ἐτίθει,
1353 3221 1434 3274 ὅτι
1475 3219 1774 3291 Ῥωμαίοις
1796 3221 1934 3293 ἐπή-

362 3326 550 3379 μυνεν,
580 3311 745 3365 αὑτὸν
768 3310 825 3363 δὲ
853 3311 913 3363 οὐ
944 3311 1224 3365 διέσωσεν.
1259 3311 1322 3364 El
1345 3311 1392 3364 δ’
1415 3310 1639 3383 ἀληθὲς,
1669 3313 1935 3383 τελευτᾷν

362 3403 595 3473 μέλλων,
615 3404 715 3474 τῆς
742 3403 1309 3475 ψυχῆςχωριζομένης
1344 3403 1438 3457 τοῦ
1480 3403 1763 3473 σώματος,
1793 3404 1937 3458 θειό-

355 3511 491 3563 τερα
548 3495 740 3566 ἦκατ*
792 3496 1085 3566 ἄνθρωπον
1137 3496 1378 3566 ἠδύνατο
1433 3495 1683 3568 θεωρεῖν,
1717 3496 1794 3560 ὡς
1843 3497 1938 3551 καὶ

356 3587 594 3656 Χριστὸν
649 3589 806 3659 ὁρᾷν,
866 3588 1049 3657 λέγειν
1105 3588 1206 3641 οὐκ
1235 3589 1376 3658 ἔχω’
1420 3588 1483 3642 οὐ
1513 3592 1625 3659 γὰρ
1656 3587 1869 3642 πολλῶν
1906 3589 1934 3640 6

356 3679 537 3748 λόγος,
569 3678 687 3731 ἀλλ’
717 3678 839 3732 οὐδὲ
867 3677 943 3742 ὡς
971 3678 1169 3749 ψεῦδος
1199 3678 1309 3732 ὅντ’
1339 3678 1725 3749 ἀποτρέπομαι
1747 3695 1761 3711 ο
1789 3678 1936 3741 εἰκὸς

358 3772 403 3826 δ’
426 3768 573 3826 εἶναι
601 3771 692 3826 καὶ
718 3770 914 3837 ταῦτα,
942 3772 1040 3825 καὶ
1072 3770 1280 3825 τούτων
1305 3770 1487 3840 πολλῷ
1516 3770 1939 3841 θαυμαστότερα

355 3860 631 3930 γίνεσθαι,
683 3858 772 3913 ἴνα
796 3862 871 3931 μὴ
903 3859 1225 3930 ἀνθρωπίνῃ
1259 3861 1468 3932 σπουδῇ
1527 3860 1791 3930 συστῆναι
1834 3859 1935 3928 τὴν

358 3953 650 4025 ἐπώνυμον
693 3953 937 4024 Χριστοῦ
986 3951 1284 4023 θρησκείαν
1321 3951 1435 4023 ἔχοι
1472 3969 1558 4015 τις
1588 3951 1795 4020 λέγειν.
1828 3952 1937 4004 Καὶ

356 4053 384 4104 ὁ
413 4050 513 4118 μὲν
542 4047 770 4102 τοιαῦτα
808 4048 1088 4119 πράττων,
1122 4047 1216 4101 καὶ
1247 4046 1307 4101 τὸ
1341 4043 1481 4117 αἷμα
1513 4046 1738 4118 ῥαίνων,
1783 4044 1932 4113 διαρο

363 4144 553 4215 ρήδην,
588 4141 898 4215 Κορέσθητι
937 4139 1252 4211 Ναζωραῖε,
1308 4140 1590 4209 ἐπέλεγεν.
1620 4140 1850 4209 ’Ύδριζε
1879 4143 1935 4195 δὲ

364 4240 459 4291 καὶ
489 4238 617 4300 τοὺς
645 4237 839 4300 ἄλλους
871 4236 1051 4302 θεοὺς,
1082 4236 1287 4297 κακοὺς
1314 4234 1410 4287 καὶ
1438 4232 1706 4303 ὁλετῆρας
1727 4234 1937 4288 ἀποκα-

359 4332 489 4385 λῶν.
531 4331 591 4387 Ὀ
621 4330 806 4397 μέντοι
832 4330 1059 4399 ἄριστος
1087 4327 1290 4399 ἰατρῶν
1310 4329 1337 4381 6
1368 4327 1541 4390 Λυδὸς
1573 4328 1933 4399 Ὠρειὸάσιος,

359 4426 386 4476 ὁ
408 4424 474 4476 ὲκ
499 4422 768 4493 Σάρδεων,
794 4420 947 4490 αὐτῷ
977 4420 1163 4491 συνῆν.
1197 4418 1341 4472 Ἀλλ’
1371 4418 1660 4489 ἐχλεύαζεν
1690 4421 1724 4489 ἡ
1751 4418 1935 4489 πληγὴ

357 4513 455 4582 τὴν
485 4513 696 4565 ἐκείνου
721 4510 944 4565 ἃπασαν
979 4507 1280 4578 θεραπείαν
1301 4523 1316 4537 ⁸
1349 4510 1441 4562 καὶ
1474 4508 1531 4560 ὲν
1577 4507 1758 4578 τρισὶν
1792 4507 1935 4577 ἡμέ-

368 4623 485 4674 ραις
518 4605 645 4669 τοὺς
677 4582 935 4665 ’πολλοὺς
975 4602 1180 4664 αἰῶνας
1230 4599 1423 4670 ζήσειν
1466 4599 1740 4671 οἰόμενον,
1772 4599 1935 4669 ἐξῆγε

364 4698 453 4751 τοῦ
484 4696 614 4769 ζῇν
645 4698 702 4750 ὲν
735 4695 837 4766 μὲν
880 4694 961 4763 τῷ
992 4692 1088 4770 τοῦ
1138 4692 1425 4765 Καίσαρος
1474 4692 1722 4762 σχήματι
1769 4692 1934 4744 πέντε

360 4791 664 4855 ἐνιαυτοὺς,
698 4792 755 4845 ὲν
788 4788 845 4842 δὲ
879 4787 956 4857 τῷ
990 4786 1291 4856 διαδήματι
1326 4787 1469 4853 μετὰ
1517 4786 1609 4839 τὸν
1637 4786 1937 4839 Κωνσταν-

357 4884 477 4937 τίου
510 4882 745 4957 θάνατον
776 4881 871 4935 δύο
930 4880 1069 4949 πρὸς
1101 4879 1178 4950 τῷ
1208 4880 1401 4951 ἡμίσει
1449 4877 1787 4931 διανύσαντα
1813 4877 1932 4945 ἔτη.

361 4975 516 5038 Ἐτος
548 4974 595 5027 δ’
640 4969 711 5045 ἧν
736 4972 888 5043 αὐτῷ
914 4972 1014 5042 τῆς
1036 4964 1191 5041 ζωῆς
1221 4970 1525 5041 τηνικαῦτα
1566 4969 1706 5040 πρὸς
1739 4969 1819 5040 τῷ
1854 4970 1933 5024 ἑνὶ

355 5067 452 5119 καὶ
482 5067 800 5139 τριάκοντα.
835 5064 942 5118 Τόν
975 5080 1040 5133 γε
1089 5065 1195 5133 μὴν
1228 5062 1444 5115 ἅπαντα
1478 5061 1673 5133 χρόνον
1698 5062 1801 5133 τῆς
1837 5063 1936 5118 αὑ-

354 5159 448 5211 τοῦ
475 5156 753 5227 βασιλείας
783 5156 1114 5225 ἀγανακτῶν
1134 5156 1162 5208 6
1182 5156 1315 5218 Θεὸς
1349 5156 1661 5225 συμφοραῖς
1682 5156 1936 5227 ἀπείροις

356 5254 451 5302 καὶ
504 5250 872 5312 παντοδαποῖς
926 5233 1123 5310 κακοῖς
1182 5246 1424 5301 ὑπέϐαλε
1475 5247 1577 5317 τὴν
1645 5247 1936 5319 Ῥωμαίων

357 5344 617 5415 ὑπήκοον.
658 5342 731 5395 Ἥ
761 5359 821 5394 τε
858 5341 969 5410 γὰρ
1003 5342 1073 5410 γῆ
1108 5341 1320 5411 σφόδρα
1370 5339 1649 5411 σειομένη,
1682 5341 1784 5395 οὐκ
1839 5342 1937 5395 ἀσ-

355 5437 501 5508 φαλῆ
534 5439 796 5506 παρεῖχεν
829 5432 943 5488 οὔτ’
973 5437 1032 5487 ἐν
1061 5434 1197 5504 οἴκῳ
1233 5433 1422 5503 μένειν
1448 5432 1561 5487 οὔτ’
1589 5434 1646 5487 ἐν
1679 5434 1936 5506 ὑπαίθρῳ

355 5529 637 5602 διατριϐὴν
673 5529 820 5600 ἔχειν
848 5527 976 5588 τοὺς
1014 5527 1356 5598 περιοίκους.
1389 5526 1514 5580 Ἐπὶ
1548 5527 1606 5579 δὲ
1636 5530 1736 5598 τῆς
1766 5528 1934 5603 αὐτοῦ

353 5621 526 5691 ἀρχῆς
565 5621 662 5674 καὶ
710 5621 770 5673 τὸ
817 5618 1221 5690 θρυλλοὺμενον
1247 5620 1305 5672 ὲν
1353 5619 1734 5691 Ἀλεξανδρείᾳ
1759 5623 1935 5684 πάθος

355 5714 616 5782 ἐγένετοο
662 5713 908 5782 ὁπηνίκα
971 5713 1180 5782 σφόδρα
1232 5713 1265 5783 ὴ
1319 5712 1570 5766 θάλασσα
1626 5712 1931 5779 πνεύσασα,

353 5807 478 5871 τοὺς
507 5803 743 5869 υικτίους
766 5807 1117 5877 παρήμειψεν
1156 5806 1320 5874 ὄρους
1343 5845 1360 5871 ,
1392 5806 1491 5859 καὶ
1529 5806 1692 5877 μέχρι
1725 5806 1924 5861 πολλοῦ

661 5899 935 5960 ΡΑτιιοι..
971 5904 1088 5965 Gn.
1138 5903 1371 5968 CXLVI

2040 3226 2273 3283 ctorem,
2296 3225 2523 3289 propter
2543 3215 2973 3271 astronomicum
3007 3212 3303 3285 quemdam
3333 3210 3623 3267 circuitum

2040 3327 2350 3377 accusasse,
2389 3310 2535 3382 quod
2590 3309 2775 3365 Persis
2800 3308 3066 3363 auxilium
3106 3305 3315 3377 tulerit,
3352 3319 3412 3360 se
3437 3314 3623 3361 autem

2041 3418 2149 3457 non
2183 3402 2505 3458 servaverit.
2526 3400 2614 3465 Et,
2650 3390 2923 3470 siquidem
2956 3412 3147 3451 verum
3177 3406 3285 3460 est,
3310 3396 3421 3466 jam
3452 3392 3627 3449 morio

2042 3504 2248 3561 turus,.
2278 3493 2462 3548 anima
2507 3492 2803 3548 secedente
2847 3507 2876 3545 a
2913 3504 3169 3559 corpore,
3200 3486 3444 3543 divinius
3487 3501 3627 3557 quo-

2040 3587 2333 3643 dammodo
2367 3602 2533 3657 quam
2565 3600 2667 3657 pro
2698 3583 2983 3641 hominum
3008 3592 3168 3651 captu
3202 3582 3401 3652 potuit.
3434 3580 3626 3636 oculos

2040 3679 2350 3734 intendisse
2391 3679 2464 3733 ita
2494 3677 2695 3741 fertur,
2748 3685 2810 3731 ut
2856 3676 3021 3731 etiam
3053 3673 3336 3730 Christum
3387 3672 3621 3729 viderit:

2040 3772 2188 3844 quod
2217 3788 2349 3828 sane
2381 3770 2656 3827 allirmare
2681 3785 2793 3825 non
2829 3783 3056 3839 possum
3099 3784 3113 3821 :
3150 3781 3259 3822 non
3286 3764 3441 3820 multi
3473 3765 3623 3820 enim

2042 3869 2148 3923 hoc
2170 3867 2451 3922 dixerunt.
2485 3866 2880 3921 Verumtamen
2925 3863 2980 3917 id
3007 3862 3175 3919 etiam
3204 3859 3374 3916 veluti
3405 3859 3626 3914 menda-

2042 3961 2188 4014 cium
2229 3974 2340 4014 non
2382 3957 2597 4013 refello.
2644 3956 2955 4014 Verisimile
2993 3956 3141 4011 enim
3170 3962 3277 4018 est,
3308 3952 3519 4018 ethoc,
3567 3961 3626 4007 et

2041 4068 2107 4109 eo
2131 4053 2312 4108 adhuc
2346 4052 2519 4106 multo
2544 4049 2867 4106 admiranda
2896 4050 3068 4119 magis
3101 4048 3369 4103 accidisse
3392 4084 3409 4111 ,
3430 4062 3499 4100 ne
3524 4046 3626 4100 hu-

2042 4161 2206 4201 mano
2262 4145 2516 4207 consilio,
2553 4145 2647 4214 qui
2689 4143 2964 4198 aChristo
3009 4158 3211 4199 nomen
3271 4141 3457 4206 habet,
3499 4142 3624 4196 reli-

2041 4238 2261 4309 gionem
2296 4237 2646 4299 constitisse,
2683 4237 2866 4291 dicere
2890 4237 3168 4305 quispiam
3200 4235 3398 4305 possit.
3443 4237 3623 4304 Atque

2042 4330 2135 4385 ille
2164 4330 2245 4384 sic
2273 4344 2333 4385 se
2359 4328 2605 4392 habens,
2633 4336 2689 4382 et
2725 4326 2995 4398 sanguine
3037 4326 3318 4389 dillluens,
3367 4328 3574 4383 diserte
3606 4349 3621 4385 :

2043 4422 2327 4485 Saturare,
2353 4422 2659 4488 Nazarene,
2687 4420 3031 4475 exclamavit.
3063 4422 3211 4475 Alios
3239 4437 3459 4491 quoque
3491 4423 3626 4478 deos

2041 4513 2374 4569 contumelia
2407 4512 2613 4578 affecit,
2669 4513 2843 4567 malos
2872 4527 2965 4567 eos
2989 4522 3045 4566 et
3077 4513 3416 4581 perniciosos
3446 4515 3626 4583 appel-

2039 4606 2179 4661 lans.
2237 4607 2442 4660 Pratsto
2491 4606 2539 4658 ei
2583 4604 2742 4660 all‘uit
2792 4604 2982 4659 Sardis
3023 4614 3177 4660 ortus
3206 4605 3452 4661 medicus
3486 4622 3626 4677 pra:-

2038 4697 2432 4762 stautissimus,
2467 4695 2755 4752 Oribasius
2790 4696 3101 4752 Sardensis.
3138 4695 3245 4751 Sed
3279 4712 3472 4752 curam
3505 4700 3625 4770 ejus

2039 4806 2256 4846 omnem
2288 4791 2490 4845 vulnus
2517 4791 2664 4846 illius
2691 4791 2812 4846 risit
2845 4800 3009 4861 atque
3040 4791 3396 4862 contempsit.
3418 4791 3493 4846 Ita
3528 4792 3624 4860 qui

2040 4900 2098 4937 se
2136 4884 2321 4938 multis
2350 4885 2565 4939 saeculis
2593 4884 2867 4939 victurum
2906 4885 3164 4953 credidit,
3197 4887 3343 4941 intra
3378 4887 3624 4942 triduum

2034 4986 2122 5032 est
2154 4977 2460 5031 exstinctus
2486 4993 2500 5029 :
2528 4976 2622 5047 qui
2669 4978 2721 5031 in
2752 4978 2983 5033 Caesaris
3013 4979 3277 5048 dignitate
3316 4980 3625 5051 quinquen-

2039 5071 2216 5139 nium,
2247 5070 2302 5125 in
2335 5071 2570 5142 imperio
2598 5081 2779 5126 autem
2815 5087 2845 5126 a
2892 5071 3200 5128 Constantii
3243 5084 3419 5128 morte
3452 5089 3625 5128 annos

2039 5163 2179 5218 duos
2210 5179 2334 5218 cum
2370 5163 2599 5218 dimidio
2628 5164 2827 5235 exegit.
2855 5164 3104 5220 Mortuus
3129 5174 3214 5220 est
3246 5167 3425 5221 aetatis
3483 5182 3624 5220 anno

2041 5256 2320 5311 tricesimo
2350 5255 2551 5327 primo.
2583 5256 2723 5311 Toto
2767 5273 2900 5313 sane
2949 5257 3169 5327 imperii
3200 5260 3322 5326 ejus
3372 5268 3623 5327 tempore

2041 5352 2214 5404 iratus
2246 5349 2391 5404 Deus
2413 5391 2426 5415 ,
2460 5349 2639 5404 varias
2674 5351 3014 5405 calamitates
3059 5358 3113 5405 et
3163 5350 3449 5404 innumera
3485 5350 3622 5402 ntala

2039 5440 2414 5495 Itou'tanorum
2471 5440 2697 5495 immisit
2754 5441 2974 5496 ditioni.
3024 5441 3306 5511 Siquidem
3342 5452 3507 5495 terra‘
3543 5440 3621 5493 iu-

2037 5536 2186 5607 genti
2240 5547 2387 5592 motu
2418 5553 2687 5593 concussa
2720 5537 2923 5603 eflecit,
2956 5551 3017 5592 ut
3050 5553 3228 5607 neque
3270 5537 3325 5598 in
3367 5514 3639 5591 domibus.

2041 5636 2158 5681 tuto
2189 5628 2445 5684 homines
2471 5641 2781 5695 manerent,
2810 5646 2988 5700 neque
3019 5630 3123 5685 sub
3153 5629 3245 5684 dio
3267 5630 3433 5685 etiam
3471 5638 3621 5684 recte

2042 5731 2424 5777 versarentur.
2458 5722 2573 5777 Suh
2606 5724 2775 5794 ipsius
2806 5738 3027 5794 quoque
3081 5722 3314 5793 imperio
3364 5722 3607 5777 decauta

2038 5813 2246 5871 tissiuta
2268 5815 2356 5870 illa
2377 5816 2495 5874 urbi
2528 5817 2912 5874 Alexandrina:
2939 5815 3221 5873 calamitas
3251 5814 3473 5884 accidit,
3493 5829 3618 5870 cum

3184 5912 3256 5978 18
