4056 6428
443 288 549 351 555

1637 284 2060 344 NICEPHORI
2102 284 2453 344 GALLIS?!

3590 290 3692 353 556

439 417 590 459 mare
619 398 933 456 vehementi
967 406 1102 456 aestu
1128 396 1431 464 concitum,
1456 404 1512 452 et
1546 395 1687 451 ultra
1723 395 1861 452 ﬁnes
1885 412 2016 452 suos

2124 399 2216 467 τῆς
2245 400 2418 469 ξηρᾶς
2441 394 2595 470 ἦλθε,
2628 399 2725 453 καὶ
2768 400 2977 472 ταύτην
3007 399 3344 457 κατέκλυσεν
3368 416 3382 431 ·
3421 397 3562 454 ὥστε
3600 404 3694 457 καὶ

440 509 813 566 progressum,
832 478 910 549 ita
942 491 1152 547 diluvio
1178 488 1385 544 aridam
1414 499 1469 545 et
1498 489 1871 544 continentem
1898 497 2012 544 ter-

444 604 556 642 ram
586 587 895 650 inundavit,
931 594 990 641 ut
1034 599 1101 640 eo
1136 584 1189 638 in
1223 585 1402 639 locum
1432 598 1595 637 suum
1628 597 1883 652 regresso
1909 622 1923 644 ,
1956 582 2014 636 in

441 689 710 734 tectorum
739 678 934 747 tegulis
958 676 1175 746 scaphae
1196 673 1422 728 marinae
1439 674 1549 727 sint
1580 680 1833 743 repertae.
1858 671 2015 729 Unde

439 757 816 835 Alexandrini,
876 770 945 824 ab
995 783 1060 823 eo
1120 777 1367 835 tempore
1403 779 1512 834 quo
1552 764 1674 819 talis
1724 764 2016 819 inundatio

441 873 627 920 coorta
688 873 791 926 est,
846 861 989 916 diem
1056 858 1255 914 festum
1295 872 1422 913 eum
1476 865 1821 931 peragentes,
1868 856 2017 915 faces

441 959 641 1013 multas
680 957 739 1023 in
769 954 905 1010 urbe
942 953 1273 1017 accendunt,
1316 950 1763 1019 carminibusque
1797 958 1852 1004 et
1892 965 2018 1021 gra-

443 1051 639 1105 tiarum
674 1047 981 1103 aetionibus
1016 1046 1152 1100 iram
1191 1043 1291 1098 Dei
1338 1042 1621 1114 supplices
1643 1042 1892 1112 placant,
1923 1056 2015 1096 so-

439 1142 889 1209 lemnitatemque
937 1135 1374 1197 anniversariam
1424 1148 1549 1191 eum
1582 1135 1778 1206 insigni
1815 1134 2016 1204 pietate

439 1240 493 1286 et
519 1230 787 1300 religione
815 1230 1129 1283 observant.
1164 1225 1450 1282 Sieeitates
1478 1224 1644 1279 etiam
1687 1224 1919 1278 intensze
1949 1237 2016 1281 eo

441 1326 748 1393 imperante
811 1336 937 1376 cum
994 1321 1177 1389 fruges
1221 1318 1625 1383 exstinxcrunt,
1678 1323 1793 1369 tum
1830 1329 2015 1371 aerem

440 1430 661 1486 quoque
704 1412 1027 1484 pestiferum
1070 1410 1383 1467 reddidere.
1439 1408 1783 1478 Quapmpter
1835 1406 2018 1463 homi-

441 1509 604 1563 nibus
636 1521 819 1561 rerum
853 1505 1082 1575 penuria
1112 1504 1336 1572 pressis,
1384 1501 1554 1557 fames
1593 1499 1891 1556 admodum
1924 1515 2021 1555 ex-

441 1600 639 1664 crevit,
694 1596 805 1668 85
844 1597 985 1652 adeo
1020 1606 1077 1650 ut
1104 1595 1358 1649 homines
1399 1593 1467 1647 ad
1501 1593 1753 1648 insolitas
1788 1607 2019 1664 prorsus

442 1691 565 1745 vitae
597 1692 818 1761 agendae
854 1687 1128 1750 rationes,
1154 1694 1208 1740 ct
1234 1687 1301 1739 ad
1336 1686 1741 1745 irrationalium
1767 1685 2020 1740 animan-

2125 491 2263 559 ὑπὲρ
2297 490 2403 542 τῶν
2439 493 2726 561 κεράμων,
2752 492 2849 545 τοῦ
2877 492 3072 557 ὓδατος
3106 492 3265 556 αὖθις
3294 492 3697 564 ὑπονοστήσαν-

2121 597 2234 643 τος,
2262 579 2529 633 θαλάττια
2552 581 2847 653 εὑρεθῆναι
2886 583 3095 655 σκάφη.
3126 585 3193 637 Ὃ
3221 584 3287 655 δὴ
3322 581 3696 654 Ἀλεξανδρεῖς

2122 675 2210 725 ἀεὶ
2244 673 2584 727 διατελοῦσιν
2615 676 2815 747 ἑορτὴν
2856 677 3082 746 ἄγοντες
3120 679 3178 743 ἐξ
3220 678 3432 731 ἐκείνου
3473 678 3595 732 καθ’
3630 680 3698 747 ἢν

2121 765 2340 834 ἡμέραν
2388 764 2641 832 ἐγένετοο
2704 765 2928 837 λύχνους
2990 766 3223 832 πολλοὺς
3277 770 3526 833 καίοντες
3591 770 3698 824 ἀνὰ

2123 860 2306 911 πᾶσαν
2338 859 2435 929 τὴν
2476 859 2655 926 πόλιν,
2710 863 3094 932 χαριστηρίοις
3125 878 3185 915 τε
3239 862 3407 933 ᾠδαῖς
3447 864 3538 917 τὸν
3567 864 3699 916 Θεὸν

2122 949 2449 1018 ἱλεούμενοι,
2485 950 2823 1019 δυσωποῦσι,
2856 953 3180 1022 περιφανῶς
3229 954 3376 1024 μάλα
3408 955 3509 1009 σὺν
3536 956 3697 1009 εὑλα·

2121 1041 2244 1113 εείᾳ
2298 1043 2528 1112 ἐτησίως
2564 1045 2774 1114 ταύτην
2829 1044 3240 1111 ἐπιτελοῦντες.
3299 1048 3405 1103 Ναὶ
3463 1050 3572 1119 μὴν
3605 1049 3700 1102 καλ⁸

2121 1136 2326 1207 αὐχμοὶ
2360 1138 2568 1207 σφόδρα
2599 1140 2826 1204 ἑαυτοὺς
2850 1141 3250 1209 ἐπιτείναντες,
3279 1142 3371 1196 ἐπὶ
3398 1145 3495 1213 τῆς
3530 1144 3698 1197 αὐτοῦ

2120 1228 2445 1298 ἡγεμονίας,
2471 1229 2597 1294 τούς
2630 1249 2690 1285 τε
2717 1220 2970 1302 καρποὺς
3004 1234 3287 1305 ἔφθειραν,
3327 1236 3421 1288 καὶ
3451 1237 3541 1287 τὸν
3561 1236 3700 1305 ἀέρα

2123 1320 2452 1391 φθοροποιὸν
2476 1324 2911 1394 ἀπειργάσαντο.
2941 1325 3254 1381 Κάντεῦθεν
3290 1329 3358 1399 τῇ
3392 1327 3569 1398 ἐνδείᾳ
3592 1327 3701 1380 τῶν

2121 1410 2429 1481 ἀνθρώπων
2466 1414 2829 1484 πιεζομένων,
2862 1417 3005 1470 κατὰ
3029 1415 3192 1486 βάθος
3219 1419 3246 1471 6
3275 1417 3435 1487 λιμὸς
3467 1417 3698 1487 ἐχώρει,

2123 1503 2219 1557 καὶ
2251 1503 2331 1566 είς
2364 1503 2466 1566 τὰς
2491 1504 2602 1556 τῶν
2635 1505 2848 1572 ἀλόγων
2879 1505 3033 1571 ζώων
3067 1507 3294 1577 τροφὰς,
3334 1509 3427 1560 καὶ
3447 1509 3526 1570 είς
3551 1509 3698 1578 ἀήθη

2121 1593 2337 1649 δίαιταν
2386 1596 2448 1648 τὸ
2488 1597 2832 1679 ἀνθρώπινον
2867 1598 3093 1668 ἤλαυνε.
3136 1600 3226 1669 Τῷ
3266 1599 3323 1652 δὲ
3351 1598 3496 1670 λιμῷ
3526 1598 3700 1668 τούτῳ

2123 1684 2220 1736 καὶ
2250 1684 2408 1754 λιμὸς
2436 1684 2628 1754 ἔτερος
2663 1686 2980 1755 ἠκολούθει,
3010 1689 3105 1740 καὶ
3148 1688 3261 1750 τοῖς
3294 1687 3543 1757 σώμασιν
3577 1690 3701 1742 ἐλυ-

443 1785 576 1836 timn
632 1782 891 1835 alimenta
942 1779 1053 1832 sint
1092 1777 1364 1833 conversi.
1416 1775 1636 1833 Famem
1666 1791 1801 1832 vero
1855 1780 2016 1833 istam

2125 1775 2373 1851 μαίνετο,
2439 1778 2631 1840 νόσους
2688 1778 2943 1842 ποικίλας
2996 1778 3339 1847 ἀπογεννῶν,
3387 1776 3446 1844 ἐξ
3498 1773 3574 1833 ὧν
3634 1780 3703 1834 τὰ

442 1875 749 1943 pestilentia
780 1884 864 1928 est
913 1883 1231 1938 consecuta,
1288 1886 1409 1942 qua:
1450 1884 1679 1940 corpora
1708 1868 2016 1935 infestavit,

438 1977 493 2023 et
524 1966 702 2022 varios
735 1965 1023 2036 progenuit
1053 1965 1298 2029 morbos,
1321 1962 1466 2018 unde
1489 1961 1714 2033 plurimi
1753 1962 2022 2016 mortales

440 2059 719 2114 interiere.
748 2056 952 2112 Juliani
1006 2072 1095 2113 res
1143 2056 1291 2112 hunc
1330 2056 1575 2110 habuere
1623 2054 1814 2119 ﬁnem,
1842 2054 2020 2110 omni-

438 2154 542 2208 bus
565 2144 785 2222 quidem
813 2150 1164 2214 Christianis‘,
1202 2148 1480 2219 praecipue
1513 2158 1696 2202 tamen
1717 2147 2020 2203 Antioche-

438 2246 550 2311 nis,
582 2254 797 2314 gratum
824 2252 881 2298 et
905 2242 1247 2315 jucundum:
1278 2241 1369 2311 qui
1404 2251 1624 2311 propter
1657 2240 1862 2295 caadem
1896 2242 2019 2311 ejus

436 2338 656 2406 publico
682 2335 938 2390 instituto
996 2333 1270 2404 tripudio,
1298 2332 1594 2386 Maximum
1635 2330 1799 2387 etiam
1834 2331 2020 2400 philo-

435 2428 671 2498 sophum
721 2425 983 2482 convitiis
1031 2424 1434 2495 prosciderunt,
1483 2422 1616 2475 illud
1680 2421 2017 2486 accinentes,

444 2541 463 2573 ι
495 2521 595 2577 Ubi
618 2527 748 2576 sunt
776 2518 1143 2574 divinationes
1172 2526 1298 2579 ture,
1328 2515 1493 2570 stulte
1522 2514 1795 2576 Maxime?
1823 2531 1840 2564 ι
1874 2512 2019 2568 Vicit

437 2614 611 2675 Deus,
648 2620 703 2666 et
735 2611 987 2665 Christus
1012 2609 1150 2676 eius.
1179 2607 1346 2663 Multa
1379 2616 1559 2660 autem
1604 2605 1782 2673 capita
1812 2611 1866 2658 et
1895 2618 2018 2658 cor-

438 2718 572 2772 pora
612 2702 899 2758 hominum
928 2700 1303 2772 jugulatorum
1340 2698 1394 2752 in
1436 2696 1609 2761 cistis,
1640 2697 1694 2749 in
1722 2696 1927 2764 puteis,
1960 2703 2018 2751 et

438 2794 494 2848 in
524 2793 659 2851 locis
682 2793 1076 2857 secretioribus
1110 2791 1473 2861 imperatoria:
1522 2789 1678 2855 aulas,
1710 2787 2018 2843 Antiochiae

438 2895 569 2942 sunt
594 2896 833 2958 reperta,
859 2902 999 2957 quos
1027 2886 1138 2948 ille,
1168 2899 1255 2939 res
1280 2884 1494 2938 futuras
1527 2882 1831 2953 inquirens,
1869 2881 2012 2935 clam

437 2980 712 3045 mactavit.
751 2979 930 3034 Sicuti
964 2988 1021 3033 et
1060 2979 1112 3031 in
1143 2976 1346 3047 oppido
1379 2974 1586 3030 Carris.
1616 2974 1751 3029 Nam
1780 2974 1856 3028 ibi
1883 2982 2018 3027 tem-

436 3074 586 3142 plum
620 3070 899 3140 i‘ngressus
927 3080 1031 3134 est,
1061 3068 1381 3137 foribusque
1410 3067 1578 3136 probe
1619 3066 1872 3120 claustris
1897 3078 2017 3117 mu-

2125 1867 2361 1943 πλεῖσταί
2381 1868 2491 1922 τῶν
2527 1870 2802 1931 σωμάτων
2832 1869 3139 1942 ἐφθείρετο.
3178 1872 3286 1924 Καὶ
3330 1873 3396 1924 τὰ
3424 1873 3528 1943 μὲν
3557 1873 3702 1926 κατὰ

2134 1942 2424 2014 Ἰουλιανδν
2467 1960 2713 2014 τοιοῦτον
2744 1960 2871 2032 ἔσχε
2930 1963 2990 2015 τὸ
3022 1962 3217 2034 πέρας,
3245 1965 3549 2035 ἐπέραστον
3594 1967 3701 2035 μὲν

2122 2054 2219 2107 καὶ
2243 2054 2376 2107 πᾶσι
2407 2054 2783 2123 Χριστιανοῖς,
2814 2055 3187 2125 διαφερόντως
3212 2055 3255 2107 δ’
3290 2056 3663 2126 Ἀντιοχεῦσιν
3682 2074 3695 2087 ·

2122 2144 2171 2199 οἳ
2206 2145 2299 2198 καὶ
2335 2144 2525 2218 κοινὴν
2572 2147 2885 2217 χορείαντῇ
2943 2147 3038 2200 τοῦ
3096 2147 3367 2219 τυράννου
3422 2149 3702 2219 ἀναιρέσει

2126 2240 2481 2308 στησάμενοι,
2518 2239 2610 2292 καὶ
2647 2229 2903 2309 Μάξιμον
2932 2240 3024 2293 τὸν
3058 2240 3354 2311 φιλόσοφον
3389 2242 3701 2310 ἐλοιδόρουν

2124 2330 2451 2400 ἐπᾴδοντες·
2492 2352 2511 2385 ‹
2548 2332 2658 2385 Ποῦ
2688 2334 2782 2386 σοῦ
2813 2334 2881 2387 τά
2917 2337 3170 2405 μαντεῖα,
3206 2335 3425 2407 Μάξιμε
3458 2337 3639 2408 prope;
3675 2354 3693 2386 ι

2136 2424 2421 2491 Ἐνίκησεν
2453 2426 2480 2476 6
2512 2425 2667 2490 Θεὸς,
2694 2426 2789 2480 καὶ
2820 2427 2847 2478 6
2871 2427 3107 2496 Χριστὸς
3159 2417 3353 2483 αὐτοῦ.
3411 2429 3609 2482 Πολλαὶ
3643 2430 3698 2483 δὲ

2122 2513 2358 2582 κεφαλαὶ
2408 2515 2504 2568 καὶ
2560 2514 2792 2585 σώματα
2826 2517 3155 2587 ἐσφαγμένα
3190 2521 3246 2572 ἐν
3274 2521 3385 2582 τοῖς
3420 2521 3699 2583 κιίωτίοις

2120 2605 2217 2658 καὶ
2246 2605 2448 2675 φρέασι
2485 2606 2581 2658 καί¹
2626 2610 2743 2671 τοῖς
2785 2610 3125 2679 ἀπορρήτοις
3157 2613 3346 2674 τόποις
3380 2611 3488 2663 τῶν
3540 2611 3696 2680 βασι-

2120 2696 2282 2749 λείων
2314 2696 2658 2769 εὑρέθησαν·
2709 2698 2805 2762 οὒς
2846 2700 2971 2753 ἔθυε
3015 2701 3222 2771 κρύφα,
3250 2703 3310 2755 τὸ
3343 2703 3536 2773 μέλλον
3577 2706 3697 2756 ἐπι-

2123 2786 2325 2854 ζητῶν,
2359 2787 2435 2850 ὡς
2468 2787 2564 2839 καὶ
2592 2790 2652 2841 ἐν
2681 2787 2933 2858 Κάρραις
2956 2793 3022 2862 τῇ
3049 2791 3224 2846 πόλει.
3253 2792 3359 2845 Τὸν
3383 2795 3491 2862 γὰρ
3516 2794 3696 2847 ἐκεῖσε

2122 2876 2262 2930 νεὼν
2294 2877 2502 2944 εἰσιὼν,
2531 2879 2623 2932 καὶ
2661 2880 2893 2950 κλεῖθρα
2916 2882 3095 2954 τούτῳ
3118 2882 3417 2945 ἐπιϐαλὼν,
3450 2887 3698 2955 μυσαρὰς

2124 2972 2469 3044 μαγγανείας
2524 2974 2837 3043 εἰργάζετο.
2895 2975 3007 3031 Καὶ
3054 2975 3196 3047 γυνὴ
3228 2976 3276 3029 δ’
3324 2978 3505 3031 ἐκεῖσε
3560 2981 3698 3047 μετὰ

2126 3068 2293 3137 μόρον
2320 3068 2529 3119 ἐκείνου
2566 3059 2951 3139 ἀπῃωρημένη
3003 3068 3225 3141 εὑρέθη,
3262 3070 3329 3142 ἢν
3377 3071 3604 3141 ἀνέτεμε
3638 3073 3697 3124 τὸ

435 3170 567 3224 uitis
589 3209 604 3235 ,
638 3162 974 3221 exsecranda
1020 3164 1231 3233 peregit
1263 3175 1359 3230 per
1404 3157 1800 3214 incantationes
1828 3164 1883 3210 et
1917 3155 2016 3209 im-

2125 3158 2322 3228 μέλλον
2346 3159 2798 3231 διερευνώμενος.

440 3280 695 3336 posmras
748 3263 958 3333 magica
988 3273 1163 3315 sacra.
1195 3257 1387 3313 Mulier
1416 3270 1636 3326 quoque
1690 3263 1815 3324 post
1870 3254 1990 3326 ejus
2032 3268 2265 3312 mortem
2310 3257 2406 3325 ibi,
2443 3258 2519 3314 ita
2557 3269 2616 3315 ut
2649 3261 2701 3315 iu
2734 3260 2971 3316 sublime
2995 3260 3244 3331 sublata,
3297 3269 3352 3318 et
3378 3276 3443 3318 ex
3486 3261 3701 3333 capillis

434 3374 701 3429 suspensa
747 3357 950 3420 fuerat,
994 3362 1205 3423 reperta
1266 3360 1369 3419 est,
1410 3365 1572 3420 quam
1598 3349 1842 3404 futurum
1867 3349 2204 3420 investigans
2230 3353 2491 3408 resecuit.

959 3515 1188 3572 CAPUT
1238 3514 1480 3571 XXXVI.

436 3659 565 3726 Qua:
621 3658 870 3712 Libertina
924 3658 983 3709 in
1039 3654 1247 3726 funebri
1272 3657 1512 3710 oratione
1560 3652 1772 3710 λιιιὶαηὶ
1828 3663 2017 3710 contra

507 3747 600 3786 nos
653 3728 941 3799 srripserit.
998 3726 1067 3782 Et
1140 3740 1486 3795 responsant,
1556 3726 1703 3779 dicta
1765 3727 1878 3797 ejus
1932 3741 2019 3778 re-

503 3799 711 3870 felictis.

506 3916 581 3969 De
622 3912 776 3983 impii
828 3910 1099 3982 principis
1132 3908 1297 3979 hujus
1338 3916 1513 3963 morte
1555 3908 1841 3980 lugubrem
1872 3926 2022 3968 com.

433 4006 615 4074 posuit
640 4004 949 4059 orationent
1000 4001 1255 4069 Sophista
1304 3998 1589 4065 Libanius,
1626 4018 1786 4071 quam
1841 4004 2021 4058 Julia-

433 4114 560 4152 uum
603 4097 718 4152 sive
774 4094 1066 4150 Funebrem
1110 4090 1383 4162 querelam
1430 4092 1757 4163 inscripsit,
1798 4096 1853 4150 in
1909 4112 2018 4166 qua

433 4191 633 4244 multas
658 4190 777 4261 ejus
800 4187 993 4242 laudes
1023 4196 1279 4240 recenset
1305 4225 1321 4251 ,
1356 4194 1412 4239 et
1449 4201 1534 4241 res
1563 4202 1781 4257 quoque
1816 4200 2016 4258 gestas,

431 4292 594 4349 prout
632 4280 814 4334 visum
847 4286 935 4332 est
960 4276 1031 4342 ei,
1051 4284 1473 4341 commemorat,
1525 4279 1859 4333 mentionem
1879 4296 2017 4349 quo~

430 4388 538 4442 que
568 4371 839 4427 librorum
868 4371 988 4442 ejus
1018 4369 1244 4434 faciens,
1276 4384 1417 4439 quos
1447 4369 1715 4425 adversus
1744 4370 2016 4426 Christia-

2683 3519 2930 3575 ΚΕΦΑΛ.
2988 3520 3129 3587 AG’.

2127 3649 2232 3710 Οἷα
2263 3656 2541 3722 Λιϐάνιος
2582 3657 2652 3712 ἐν
2704 3657 2786 3723 τῷ
2829 3656 3123 3727 ἐπιταφίῳ
3181 3657 3521 3713 Ἰουλίαν-οῦ
3569 3658 3699 3714 καθ’

2196 3727 2367 3796 ἡμῶν
2394 3728 2607 3799 γράφει
2635 3743 2647 3757 ·
2682 3730 2782 3781 καὶ
2816 3730 3129 3799 ἀντιλογία
3158 3730 3307 3797 πρὸς
3342 3729 3531 3784 αὐτὸν
3558 3730 3702 3784 ἀνα-

2196 3799 2506 3865 τρέπουσα
2528 3797 2601 3851 τὰ
2633 3797 2942 3867 εἰρημένα.

2210 3912 2335 3963 Ἐπὶ
2377 3910 2433 3963 δὲ
2469 3911 2546 3977 τῷ
2577 3909 2791 3981 θανάτῳ
2840 3908 2935 3961 τοῦ
2974 3909 3205 3975 ἀσεϐοῦς
3237 3910 3334 3966 καὶ
3365 3912 3393 3966 ὅ
3444 3911 3699 3982 σοφιστὴὲ

2126 4001 2385 4062 Λιϐάνιος
2422 4001 2617 4072 θρῆνον
2650 4000 2960 4065 συντάττει,
2988 3999 3048 4053 ὃν
3087 4002 3486 4074 Ἰουλιανὸνῆ
3538 4000 3700 4057 Ἐπι-

2127 4093 2347 4163 nigror
2382 4093 2687 4164 ἐπιγράφει
2711 4106 2725 4123 ⁶
2756 4095 2813 4145 ὲν
2835 4083 2879 4161 ᾧ
2901 4092 3071 4145 πολλὰ
3096 4093 3204 4145 τῶν
3232 4094 3526 4162 ἐγκωμίων
3552 4094 3701 4165 αὐτῷ

2126 4186 2450 4271 καραλέγει,
2509 4187 2605 4239 καὶ
2664 4184 2892 4257 πράξεις
2935 4187 3029 4248 τὰς
3081 4185 3348 4249 δοκούσας
3392 4186 3540 4256 αὐτῴ
3591 4187 3702 4239 διε-

2128 4280 2295 4350 ξῆλθε
2318 4294 2333 4308 ⁸
2360 4281 2601 4333 ποιεῖται
2628 4279 2684 4337 δὲ
2713 4280 2909 4352 μνείαν
2941 4280 3036 4333 καὶ
3071 4280 3180 4334 τῶν
3215 4279 3435 4349 βίϐλων,
3468 4281 3533 4343 ἃς
3559 4281 3702 4333 κατὰ

2126 4378 2236 4431 τῶν
2276 4376 2623 4446 Χριστιανῶν
2683 4376 3007 4430 συνέταττεν
3035 4376 3344 4443 Ἰουλιανδς,
3376 4379 3488 4440 τοῖς
3535 4376 3703 4438 θείοις

429 4481 531 4519 nos
596 4461 941 4533 composuit,
1007 4476 1165 4516 sacra
1233 4459 1526 4531 Evangelia
1568 4475 1913 4531 oppugnatis,
1964 4470 2016 4515 et

2128 4467 2481 4535 Εὐαγγελίοις
2511 4468 2959 4535 ἀναφερόμενος.
3010 4469 3105 4521 καὶ
3142 4466 3313 4537 ψευδῆ
3340 4484 3403 4536 γε
3454 4467 3691 4534 ἀπελέγ-

429 4558 599 4611 t'eluti
654 4555 786 4612 falsa
831 4571 894 4610 ea
928 4570 1055 4610 esse
1106 4552 1360 4609 refellere
1404 4564 1641 4607 tentaus.
1687 4551 1786 4607 Ubi
1828 4553 2015 4619 etiam,

429 4649 579 4718 quod
613 4664 675 4704 ea
716 4647 1017 4703 ludibrium
1064 4660 1349 4716 nugasque
1384 4659 1505 4699 esse
1539 4643 1630 4697 ille
1668 4646 2018 4699 demonstra-

426 4742 595 4805 τρι-λι,
629 4739 813 4794 tradit.
843 4738 1001 4806 Quod
1035 4738 1082 4792 si
1113 4738 1251 4792 alias
1294 4737 1443 4791 illius
1480 4750 1567 4790 res
1600 4734 1867 4790 Libanius
1897 4737 2018 4790 lau-

426 4833 559 4887 dare
590 4830 987 4895 constituisset,
1038 4828 1259 4884 silentio
1290 4843 1354 4884 ea
1408 4826 1828 4897 prmteriissem,
1864 4836 1922 4881 et
1949 4827 2016 4883 ad

426 4924 712 4979 historiam
779 4930 1024 4977 nostrant
1080 4918 1515 4976 continuandam
1592 4918 2013 4993 processissem_.

426 5013 882 5083 Quandoquidem
939 5022 1123 5068 autem
1163 5011 1383 5067 dicendi
1431 5011 1484 5065 vi
1548 5022 1605 5066 et
1651 5020 1769 5066 arte
1821 5012 2015 5077 fretus,

428 5107 581 5159 illum
624 5112 679 5158 et
713 5103 885 5172 libros
919 5103 1073 5156 illius
1101 5100 1360 5155 laudibus
1400 5099 1661 5166 efferens,
1690 5101 2016 5171 religionem

428 5205 671 5251 nostram
707 5193 901 5247 acerbe
948 5190 1314 5261 perstringit:
1353 5191 1609 5262 injuriam
1664 5192 1884 5246 veritati
1935 5189 2017 5246 fa-

426 5302 635 5350 cerem,
665 5285 771 5339 nisi
799 5286 979 5356 ipSum
1021 5292 1342 5353 nugatorem
1379 5299 1501 5340 esse
1545 5286 1918 5348 ostenderem,
1959 5294 2016 5339 et

430 5395 491 5434 ea
517 5394 623 5450 qua
652 5392 751 5431 nos
779 5376 963 5446 attigit
1008 5386 1163 5446 parte
1200 5377 1666 5446 reprehenderem
1716 5386 1881 5447 atque
1925 5394 2015 5432 re-

392 5474 779 5543 ‘darguerem.
826 5470 938 5543 86
970 5470 1077 5526 Sed
1125 5471 1281 5544 prius
1309 5486 1484 5542 pauca
1515 5471 1765 5541 quaedam
1791 5487 1912 5541 quae
1957 5473 2012 5526 in

426 5562 577 5617 illius
622 5564 871 5619 oratione
930 5572 1079 5628 sunt,
1129 5578 1428 5633 exponam,
1462 5572 1517 5616 et
1547 5562 1747 5618 deinde
1786 5572 2011 5618 senten-

424 5656 554 5709 tiam
584 5671 759 5711 meam
783 5656 1058 5728 adjiciam.
1083 5675 1102 5708 ι
1124 5655 1262 5711 Cum
1302 5655 1571 5722 hibernat,
1600 5656 1799 5726 inquit,
1822 5665 2012 5711 noctes

424 5745 700 5819 longiores
727 5760 946 5817 essent,
986 5749 1314 5804 incumbens
1362 5749 1443 5803 eis
1473 5749 1630 5803 libris
1681 5751 2003 5819 imperator,

2128 4576 2242 4628 χειν
2271 4558 2445 4610 ταῦτα.
2504 4559 2889 4627 πειρώμενος·
2941 4560 2999 4613 ἐν
3047 4553 3091 4628 ᾧ
3130 4560 3227 4613 καὶ
3260 4559 3334 4621 ὡς
3367 4561 3453 4631 εἴη
3487 4559 3705 4627 γέλωτα⁹

2128 4654 2222 4706 καὶ
2254 4651 2537 4722 φλήναφον
2563 4653 2851 4719 ἀποδείξας
2908 4654 3050 4706 αὐτὰ
3112 4655 3341 4724 ἱστορεῖ.
3384 4653 3447 4706 El
3476 4654 3573 4723 μὲν
3607 4650 3703 4705 οὖν

2127 4742 2296 4797 τᾶλλα
2325 4745 2540 4798 ἐκείνου
2594 4744 2867 4816 προῦθετο
2901 4747 2927 4798 6
2957 4745 3219 4810 Λιϐάνιος
3270 4747 3535 4813 ἐπαινεῖν,
3569 4747 3704 4815 ἠσυ-

2125 4834 2250 4903 χίαν
2280 4835 2347 4888 ἂν
2370 4831 2525 4906 ἦγον,
2578 4838 2674 4890 καλ⁴
2704 4837 2795 4889 ἐπὶ
2818 4837 2879 4889 τὸ
2911 4838 3137 4909 συνεχὲς
3173 4836 3275 4907 τῆς
3307 4838 3551 4908 ἱστορίας
3576 4838 3704 4891 ὲόάο

2125 4926 2295 4991 διξον.
2315 4927 2470 4981 Ἐπεὶ
2497 4928 2553 4982 δὲ
2574 4928 2844 5000 δεινότητι
2867 4931 3068 4999 τέχνης
3098 4930 3309 4983 ἐκεῖνον
3333 4930 3703 5000 ἐγκωμιάζων

2125 5017 2224 5070 καὶ
2252 5016 2351 5080 τὰς
2382 5018 2594 5071 ἐκείνου
2622 5017 2862 5089 βίϐλους,
2904 5019 3005 5089 τῆς
3034 5022 3319 5090 ἡμετέρας
3353 5020 3703 5075 καθάπτεται

2125 5109 2386 5175 πίστεως,
2422 5110 2796 5183 ἀδικήσαιμεν
2828 5112 2894 5166 ἂν
2935 5115 3032 5166 καὶ
3067 5113 3240 5183 αὐτὴν
3274 5114 3372 5185 τὴν
3418 5114 3700 5185 ἀλήθειαν,

2124 5201 2175 5251 εί
2209 5199 2285 5269 μὴ
2343 5200 2546 5271 μᾶλλον
2592 5206 2686 5255 καί
2721 5202 2885 5272 ἡμεῖς
2920 5202 3197 5265 αὐτὸν-ὡς
3233 5204 3515 5275 φλήναφον
3564 5205 3703 5257 ἀπε-

2125 5290 2432 5362 λέγξωμεν,
2461 5293 2556 5347 καὶ
2610 5294 2992 5365 καθαψώμεθα
3045 5297 3140 5349 καὶ
3171 5297 3333 5366 ἡμεῖς
3369 5290 3450 5359 οἷς
3496 5298 3704 5360 ἐκεῖνος

2122 5382 2487 5453 καθάπτεται,
2522 5387 2661 5451 τέως
2690 5387 2747 5440 δὲ
2774 5388 2954 5459 μέτρι’
2981 5389 3120 5443 ἄττα
3151 5391 3366 5443 ἐκείνου
3401 5389 3508 5443 τῶν
3536 5391 3594 5444 ὲν
3627 5390 3704 5460 τῷ

2126 5478 2395 5549 ἐγκωμίῳ
2449 5479 2769 5550 φερομένων
2822 5479 3115 5552 ὲκθώμεθα
3163 5483 3459 5555 πρότερον,
3508 5483 3702 5537 ἔπειτα

2122 5570 2216 5621 καὶ
2240 5570 2307 5621 τὰ
2332 5569 2580 5641 ἡμέτερα
2606 5572 3027 5643 παραθήσομεν.
3053 5592 3072 5625 ‹
3100 5575 3208 5627 Τοῦ
3230 5576 3519 5645 χειμῶνος,
3543 5575 3700 5644 φησὶ,

2124 5661 2221 5723 τὰς
2255 5660 2457 5724 νύκτας
2490 5664 2844 5731 ἐκτείνοντος,
2876 5665 3195 5737 ἐπιθέμενος
3229 5669 3256 5719 6
3289 5666 3545 5736 βασιλεὺς
3579 5668 3699 5728 ταῖς

2124 5753 2436 5824 βίίὲλοις,αἳ
2484 5759 2573 5811 τὶν
2607 5759 2670 5812 ὲκ
2726 5759 3092 5831 Παλαιστίνης
3146 5760 3433 5834 ἄνθρωπον
3485 5758 3699 5813 Θεόντε
