4056 6418
322 344 425 410 55ἷ

1229 343 1836 408 ΕΟΕΕΕΞΙΛΞΤΙΟέΕ
1872 343 2267 404 HISTORle
2309 342 2453 406 LIB.
2497 344 2570 408 Χ.

3497 344 3604 407 558

325 464 419 523 καὶ
443 461 581 516 Θεοῦ
618 461 742 516 Υίδν
779 460 1017 528 ποιοῦσι,
1054 460 1205 533 μάχῃ
1231 477 1288 514 τε
1318 459 1512 530 μακρᾷ
1544 458 1640 511 καὶ
1663 456 1910 526 ἐλέγχων

2025 456 2107 525 uti
2142 457 2424 514 hominem
2464 458 2813 515 Palaestinum
2854 459 3025 514 Deum
3056 466 3112 513 et
3159 458 3254 514 Dei
3290 458 3488 514 Filium
3522 462 3604 515 ra-

327 556 475 628 ίσχύῒ
502 556 718 626 γέλωτα
743 556 1032 626 ἀποφήνας
1054 554 1151 607 καὶ
1174 552 1466 622 φλήναφον
1493 550 1563 603 τὰ
1591 549 1907 617 τιμώμενα,

324 651 638 722 σοφώτερος
672 650 731 703 ὲν
762 650 877 713 τοῖς
907 649 1096 712 αὐτοῖς
1125 648 1396 701 δέδεικται
1450 643 1544 698 τοῦ
1572 641 1776 714 Τυρίου
1813 640 1914 709 γέο

324 760 535 817 ροντος.
565 742 758 807 Ἵλεως
792 742 849 796 δὲ
905 741 1062 804 οὗτος
1089 740 1117 793 ό
1166 738 1369 809 Τύριος
1418 732 1531 805 εἴη,
1565 732 1662 787 καὶ
1702 731 1913 802 δέχοιτο

322 836 569 908 εὐμενῶς
597 835 659 889 τὸ
694 834 882 906 ῥηθὲν,
914 834 989 898 ὡς
1014 833 1081 889 ἂν
1111 830 1216 904 υἱῷ
1247 828 1588 903 ἡττώμενος.
1620 843 1640 879 ι

396 1024 508 1076 Καὶ
546 1023 574 1075 ὁ
610 1020 708 1093 μὲν
744 1018 1012 1088 σοφιστὴς
1046 1018 1256 1071 ταῦτα·
1289 1015 1401 1085 ἐγὼ
1432 1014 1491 1069 δὲ
1543 1014 1769 1085 ἄριστον
1815 1010 1914 1083 μὲν

328 1115 607 1186 σοφιστῶν
641 1110 759 1167 οἶδα
791 1114 880 1167 τὸν
914 1112 1107 1185 ἄνδρα,
1142 1111 1241 1165 καὶ
1261 1109 1513 1180 γλῶτταν
1544 1110 1761 1178 αὐχεῖν,
1792 1106 1914 1159 οἵαν

326 1212 435 1265 ἔδει
466 1207 643 1263 δεινὸν
680 1208 890 1280 ῥήτορα
912 1206 1220 1276 κεκτῆσθαι
1248 1220 1262 1236 ο
1295 1204 1439 1258 ὥστε
1477 1200 1754 1257 καὶτοῦτο
1781 1201 1916 1253 πᾶσι

328 1300 805 1375 διαμαρτύρομαι,
847 1300 922 1363 ώς
957 1299 1007 1351 εἰ
1040 1298 1193 1368 αὐτῷ
1223 1295 1276 1366 γ’
1307 1295 1502 1367 ἐκείνῳ
1544 1292 1617 1365 μὴ
1647 1292 1746 1363 τῆς
1794 1292 1913 1362 ῖσης

329 1394 613 1450 ἐκοινώνει
644 1393 825 1464 δόξης,
860 1392 959 1445 καὶ
992 1391 1169 1445 πλείω
1205 1390 1236 1459 ἢ
1269 1387 1594 1461 Χριστιανοὶ
1622 1384 1746 1440 κατ’
1772 1384 1917 1438 ὲκεί-

332 1506 424 1542 νου
461 1488 784 1558 εἰρήκεσαν,
819 1485 917 1538 καὶ
942 1475 1100 1547 οὗτος
1128 1483 1196 1536 ἂν
1226 1474 1350 1535 εἷπε
1381 1520 1396 1549 ,
1436 1480 1530 1533 καὶ
1568 1479 1916 1549 μεγαλοπρε-

335 1580 453 1644 πῶς
482 1581 548 1633 ἂν
584 1578 745 1644 αὐτὰ,
801 1576 901 1632 ἆτε
931 1575 995 1647 δὴ
1031 1578 1295 1645 σοφιστὴς
1340 1572 1439 1638 ὢν,
1483 1570 1794 1641 διεξῆλθεν·
1835 1571 1918 1624 ὅτι

336 1690 400 1742 γε
422 1677 521 1730 καὶ
550 1669 715 1736 ζῶντι
763 1668 863 1738 μὲν
891 1669 1263 1737 Κωνσταντίῳ
1298 1665 1562 1728 ἐπαίνους
1607 1663 1757 1730 ἔλεξε
1783 1701 1799 1728 ,
1830 1679 1919 1716 τε·-

339 1763 659 1831 λευτήσαντι
692 1759 772 1825 δὲ,
803 1758 1012 1828 ψόγους
1074 1759 1423 1811 συνέταττεν.
1465 1753 1528 1808 Et
1568 1754 1624 1809 δὲ
1654 1756 1751 1809 καὶ
1776 1754 1918 1825 Πορ-

350 1851 534 1921 φύριος
566 1849 806 1920 διάδημα
835 1848 1174 1919 περιέκειτο,
1210 1841 1369 1918 οἶμαι
1401 1844 1585 1917 πολλῷ
1614 1844 1680 1899 ἂν
1716 1844 1920 1915 σεμνὺ⁴

350 1962 432 1999 ναι
459 1943 520 1996 τὰ
551 1942 767 1995 ἐκείνου
800 1941 912 1994 τῶν
942 1938 1262 1996 Ἰουλιανοῦ.
1304 1939 1368 1994 El
1396 1939 1454 1993 δὲ
1504 1940 1597 1993 καὶ
1627 1937 1920 2003 Ἰουλιανὸς

347 2036 660 2107 σοφίζεσθαι
688 2035 872 2107 ἤθελε,
902 2035 1000 2089 καὶ
1030 2033 1197 2088 αὐτὸν
1230 2033 1299 2087 ἂν
1324 2033 1497 2087 κακὸν
1530 2032 1723 2105 εἴρηκε
1765 2049 1922 2103 σοφι-

345 2133 496 2201 στὴν,
524 2130 715 2200 ὥσπερ
753 2128 894 2197 δῆτα
953 2128 1050 2182 xui.
1096 2124 1418 2195 Ἐκηϐόλιον
1470 2120 1629 2191 οὗτος
1663 2126 1920 2189 Λιϐάνιος

341 2222 401 2273 ὲν
433 2221 512 2291 τῷ
543 2220 816 2290 εἰρημένῳ
859 2218 1190 2289 Ἐπιταφίῳ.
1226 2217 1378 2271 Ἐπεὶ
1406 2217 1453 2271 δ’
1480 2218 1689 2281 ἐκεῖνος
1725 2220 1821 2272 καὶ
1843 2217 1920 2282 ὡς

337 2310 437 2380 τῆς
464 2308 631 2361 αὐτοῦ
663 2307 941 2360 κοινωνῶν
971 2305 1153 2377 δόξης,
1186 2306 1279 2360 καὶ
1305 2306 1381 2370 ὡς
1407 2307 1585 2375 φίλος,
1618 2307 1667 2359 εἰ
1696 2305 1755 2360 δὲ
1792 2305 1919 2377 βού-

337 2401 441 2465 λει,
482 2402 576 2454 καὶ
605 2396 680 2464 ὡς
714 2398 1005 2470 σοφιστὴς,
1038 2399 1138 2454 ὅσα
1173 2399 1224 2468 γ’
1259 2400 1434 2454 ἐδόκει
1480 2400 1918 2471 καταχαρίζεται

350 2493 647 2565 Ἰουλιανίξλ
683 2494 816 2563 φέρε
846 2492 911 2563 δὴ
931 2494 1027 2546 καὶ
1052 2493 1215 2562 ἡμεῖς
1240 2492 1317 2557 ὡς
1357 2493 1423 2547 ἂν
1455 2492 1641 2564 ἰσχύος
1678 2494 1916 2563 ἔχωμεν,

336 2586 727 2657 ἀντιλέξωμεν.
771 2584 1086 2639 Ἐπιθέσθαι
1113 2584 1221 2656 γάρ
1252 2603 1386 2656 φησι
1425 2589 1544 2649 ταῖς
1574 2585 1786 2655 βίϐλοις
1818 2604 1924 2655 μα-

340 2680 477 2750 κρὰς
511 2681 610 2742 τὰς
638 2676 838 2741 νύκτας
869 2677 965 2730 τοῦ
997 2677 1270 2748 χειμῶνος
1301 2673 1701 2749 ἐργαζομένου.
1732 2678 1920 2732 "Eam:

338 2771 395 2825 δὲ
423 2772 483 2825 τὸ
538 2770 825 2826 ἐπιθέσθαι
855 2770 1074 2841 δηλοῦν.
1110 2770 1186 2836 ὡς
1234 2770 1325 2825 διὰ
1389 2771 1629 2844 σπουδῆς
1677 2774 1921 2826 ἐποιεῖτο

336 2865 505 2935 ψόγον
542 2863 779 2934 γράψαι,
843 2862 1033 2933 ὥσπερ
1062 2861 1198 2934 δῆτα
1233 2863 1488 2931 σοφισταὶ
1536 2864 1753 2919 ποιοῦσι
1792 2866 1920 2930 τοὺς

339 2955 495 3021 νέους
529 2955 930 3026 γυμνάζοντες.
956 2954 1116 3018 Εἰκὸς
1156 2953 1256 3024 μὲν
1286 2953 1396 3025 γὰρ
1441 2957 1540 3018 τὰς
1565 2954 1780 3026 βίϐλους
1811 2957 1923 3011 πά·-

337 3047 427 3102 λαι
468 3047 798 3102 ἐπίστασθαι
845 3042 928 3111 οἷς
988 3046 1300 3119 διηκόνητο.
1340 3038 1601 3102 Ἐπέθετο
1651 3048 1708 3102 δὲ
1767 3050 1920 3123 μάχῃ

2015 550 2190 615 ciunt,
2222 551 2430 621 ingenti
2456 552 2819 608 contentione
2854 562 2910 608 et
2946 552 2996 606 vi
3030 566 3128 608 eos
3153 551 3433 617 rel‘utavit,
3474 554 3606 609 reli-

2013 640 2341 713 gionemque
2388 658 2508 698 eam
2545 644 2719 700 risum
2765 658 2998 714 prorsus
3027 654 3083 699 et
3123 659 3298 715 nugas
3328 659 3452 701 esse
3508 642 3611 698 de-

2014 734 2266 789 claravit.
2315 733 2432 801 Qua
2498 735 2554 791 in
2612 751 2675 791 re
2726 736 3119 806 sapientiorem
3168 752 3230 792 se
3260 736 3427 808 Tyrio
3458 752 3606 793 .scne

2015 826 2293 897 praestitit.
2328 827 2438 884 Sed
2471 828 2575 884 hoc
2619 829 2755 883 mihi
2805 830 3066 901 ignoscat.
3108 829 3309 901 Tyrius
3361 828 3487 892 iste,
3550 840 3607 882 et

2016 920 2230 991 placide
2267 921 2374 978 hoc
2404 922 2611 977 dictum
2647 923 2828 990 ferat,
2864 923 3012 994 quod
3041 941 3069 979 ιι
3100 923 3211 978 lilio
3239 924 3311 978 sit
3335 923 3539 977 victus.
3581 943 3598 973 ι

2092 1013 2219 1069 Haec
2248 1015 2493 1085 sophista
2528 1014 2642 1071 ille.
2680 1017 2860 1087 Atque
2892 1032 2992 1087 ego
3015 1016 3241 1087 quidem
3272 1030 3396 1070 eum
3424 1019 3604 1069 virum

2016 1107 2287 1177 Optimum
2320 1108 2490 1165 fuisse
2518 1109 2844 1179 sophistam,
2875 1120 2930 1165 et
2976 1109 3044 1162 ab
3075 1108 3395 1178 eloquentia
3429 1107 3604 1177 pluri-

2017 1212 2167 1253 mum
2204 1201 2474 1269 potuisse,
2505 1211 2564 1255 ut
2603 1208 2878 1255 oratorem
2935 1201 3217 1271 egregium
3244 1240 3257 1262 ,
3286 1202 3426 1256 scio.
3457 1199 3607 1268 Qua-

2019 1304 2245 1367 propter
2272 1294 2415 1364 apud
2447 1304 2638 1351 omnes
2662 1296 2827 1351 etiam
2871 1302 3177 1358 contestor,
3204 1294 3385 1357 illum,
3418 1295 3523 1349 nisi
3551 1297 3606 1349 in

2013 1388 2211 1444 eadem
2243 1402 2368 1444 cum
2394 1388 2637 1455 Iuliano,
2672 1389 2726 1443 in
2768 1388 3058 1459 religione,
3096 1386 3297 1443 fuisset
3319 1389 3604 1458 opinione,

2018 1482 2176 1555 plura
2197 1482 2362 1537 etiam
2417 1482 2471 1535 in
2507 1481 2662 1536 illum
2684 1495 2851 1551 quam
2896 1478 3202 1534 Christiani
3250 1477 3514 1538 dixerint,
3553 1484 3610 1532 et

2020 1572 2243 1645 quidem
2271 1581 2334 1627 ut
2362 1571 2645 1627 hominem
2685 1572 3016 1643 sophistam,
3051 1569 3399 1640 splendidius
3428 1569 3610 1624 dictu-

2020 1680 2143 1722 rum
2166 1666 2375 1733 fuisse;
2407 1664 2670 1736 quoniam
2703 1673 2761 1719 et
2806 1663 2863 1719 in
2898 1662 3283 1723 CouStantium
3328 1663 3609 1717 viventem

2023 1759 2245 1829 quidem
2266 1759 2548 1815 orationes
2573 1757 2907 1813 laudatorias
2948 1754 3282 1826 composuit,
3316 1755 3373 1809 in
3406 1754 3608 1810 defun-

2022 1860 2174 1909 ctum
2212 1862 2396 1908 autem
2427 1851 2731 1907 invectivas
2768 1850 3126 1919 conscripsit.
3154 1848 3234 1904 Ac
3272 1849 3323 1903 si
3359 1848 3619 1919 Porphvr

2020 1946 2142 2002 rius
2189 1944 2474 2016 imperiale
2515 1944 2848 2014 sumpsisset
2880 1943 3131 1998 diadema
3154 1982 3168 2007 ,
3199 1944 3406 2010 scripta
3460 1943 3606 1996 illius

2021 2038 2182 2106 longe
2207 2035 2411 2094 Iuliani
2440 2035 2616 2101 libris,
2646 2036 2786 2106 style
2805 2049 2869 2089 ea
2909 2035 3219 2101 celebrans,
3255 2043 3315 2089 ut
3343 2034 3604 2104 equidem

2020 2138 2176 2199 puto,
2211 2126 2560 2199 praetuliSSet.
2589 2126 2647 2181 Si
2672 2141 2803 2181 vero
2828 2125 3080 2182 Julianus
3114 2134 3289 2181 artem
3333 2125 3610 2192 sophisti-

2023 2236 2143 2278 cam
2172 2220 2538 2282 exercuisset.
2568 2232 2695 2274 eum
2715 2218 2896 2290 ipsum
2914 2228 3139 2288 quoque
3172 2219 3472 2288 sophistam
3492 2230 3605 2271 non

2021 2315 2228 2370 bonum
2284 2312 2455 2368 fuisse
2515 2311 2792 2366 dixisset:
2832 2311 2996 2366 sicuti
3032 2309 3102 2365 de
3134 2309 3394 2364 Eceholio
3456 2308 3606 2375 fecit,

2023 2405 2080 2460 in
2099 2403 2294 2460 eadem
2317 2403 2386 2459 de
2406 2402 2626 2460 Iuliano
2649 2401 2900 2457 oratione
2931 2399 3151 2455 funebri
3185 2414 3305 2453 sua.
3333 2397 3607 2453 Cancrum

2023 2511 2149 2551 cum
2204 2495 2294 2551 ille
2330 2494 2576 2566 ejusdem
2604 2492 2892 2549 sententias
2910 2506 3040 2547 cum
3063 2489 3283 2547 Juliano
3308 2490 3605 2560 particeps,

2024 2589 2349 2660 amicusque
2381 2588 2522 2658 ejus,
2563 2596 2619 2643 et
2648 2587 2697 2643 si
2724 2586 2931 2642 addere
2961 2585 3116 2650 libet,
3146 2584 3416 2656 sophista.
3460 2598 3609 2655 quae-

2022 2698 2244 2754 cunque
2276 2682 2327 2737 ei
2363 2681 2479 2736 visa
2523 2688 2687 2745 sunt,
2718 2679 2938 2735 Juliano
2968 2678 3229 2733 tribuerit
3267 2695 3282 2731 :
3352 2693 3452 2748 age
3508 2693 3611 2732 nos

2021 2793 2242 2851 quoque
2281 2775 2460 2848 quoad
2513 2786 2841 2846 possumus,
2868 2787 2992 2827 eum
3042 2772 3412 2827 confutemus.
3446 2770 3608 2825 [nen-

2021 2870 2208 2927 buisse
2230 2869 2379 2924 enim
2403 2868 2580 2931 illum,
2608 2866 2807 2936 inquit,
2831 2865 2989 2922 libris
3016 2866 3363 2937 longioribus
3408 2867 3609 2923 hiemis

2020 2964 2298 3021 noctibus.
2339 2962 2570 3019 Videtur
2606 2971 2790 3018 autem
2840 2975 2943 3030 per
3005 2964 3237 3017 verbum
3277 2962 3611 3018 inoumbendi

2022 3058 2355 3130 signiﬁcare,
2388 3056 2575 3112 studio
2612 3055 2691 3109 illi
2739 3054 2934 3121 fuisse,
2984 3054 3291 3110 invectivas
3320 3055 3569 3110 scribere
3592 3092 3608 3119 ,

339 3140 615 3212 σχολάζων
672 3142 881 3212 μακρᾷ,
940 3140 1058 3194 ἀλλ’
1094 3141 1196 3195 οὐκ
1256 3141 1502 3212 ἐλέγχων
1532 3141 1703 3213 ἰσχύϊ,
1739 3144 1814 3209 ὡς
1859 3147 1920 3200 σὺ

2030 3151 2193 3209 sicuti
2223 3150 2487 3221 sophistas
2529 3147 2774 3206 studium
2820 3148 3097 3204 collocant
3144 3148 3200 3202 in
3237 3146 3612 3203 adolescenti-‘-

339 3233 482 3304 φῂς⁶
530 3232 788 3305 ἀσθενείᾳ
823 3233 880 3287 δὲ
926 3232 1199 3305 τάληθοῦς
1242 3232 1319 3297 ὠς
1365 3234 1803 3304 φιλοσκώμμων,
1849 3238 1918 3292 τὰ

337 3326 520 3390 καλῶς
543 3325 863 3398 ἡδρασμένα
887 3325 1223 3397 ἐπεχείρησε
1251 3325 1557 3396 διαούρειν.
1597 3328 1658 3381 '0
1682 3330 1787 3399 γάρ
1809 3346 1917 3382 τινι

336 3422 475 3492 πρὸς
509 3423 692 3492 μάχην
724 3422 841 3486 ἰὼν,
865 3420 935 3474 τὰ
969 3421 1069 3490 μὲν
1088 3420 1537 3494 παρασκώπτων,
1566 3422 1633 3476 τὰ
1662 3423 1718 3476 δὲ
1745 3439 1915 3495 προσε

335 3515 530 3578 τιθεὶς,
609 3513 704 3567 καὶ
735 3514 899 3566 παντὶ
941 3512 1130 3584 τρόπῳ
1155 3512 1256 3584 τὴν
1287 3514 1375 3583 ἐφ’
1402 3511 1621 3584 ἑκάστῳ
1656 3512 1918 3585 ἀλήθειαν

339 3607 782 3679 παρακρύτνπων,
845 3607 1142 3678 ψεύδει-αι’
1200 3610 1297 3661 καλ⁷
1361 3606 1619 3679 ἀπεχθῶς
1679 3608 1818 3677 ἔχων
1857 3605 1917 3663 οὔ

336 3702 607 3772 πράττειν
655 3702 840 3772 μόνον,
876 3701 1016 3756 ἀλλὰ
1066 3701 1162 3755 xei.
1206 3700 1391 3770 λέγειν
1438 3698 1774 3766 σπουδάζει*
1825 3704 1922 3757 καὶ

340 3796 410 3849 τὰ
436 3796 585 3865 αὐτῷ
613 3797 663 3848 ei
715 3794 992 3867 προσόντα
1027 3794 1209 3864 φαῦλα
1235 3794 1317 3867 τῷ
1360 3794 1542 3866 ἐχθρῷ
1578 3792 1922 3865 περιτιθέναι

342 3881 545 3954 μᾶλλον
569 3885 866 3945 οἰκονομεῖ.
894 3880 1038 3936 Ἀλλ’
1069 3882 1152 3937 ὅτι
1186 3882 1287 3952 μὲν
1317 3883 1412 3936 καὶ
1459 3883 1653 3953 ἄμφω,
1690 3880 1920 3937 Ἰουλια-

337 3977 429 4039 νός
462 3994 605 4048 φημι
638 3975 733 4030 καὶ
768 3974 1106 4047 Πορφύριος,
1138 3972 1199 4028 δν
1235 3974 1438 4045 Τύριον
1470 3974 1633 4029 καλεῖ
1658 3974 1918 4044 γέροντα,

342 4069 720 4139 φιλοσκώπται
762 4064 925 4141 ἦσαν,
969 4068 1079 4122 ἀπὸ
1108 4066 1219 4120 τῶν
1269 4068 1418 4122 ἰδίων
1458 4068 1922 4139 συγγραμμάτων

344 4162 533 4231 σαφῶς
562 4160 927 4232 ἐπιδείξομεν.
968 4160 1058 4215 Ἐν
1092 4159 1193 4231 μὲν
1219 4161 1330 4231 γὰρ
1356 4157 1422 4232 τῇ
1455 4159 1923 4232 ἐπιγεγραμμένη

339 4254 492 4325 αὐτῷ
516 4256 833 4324 Φιλοσόφῳ
850 4253 1109 4324 Ἱστορίᾳ
1140 4253 1454 4326 Πορφύριος
1480 4256 1571 4308 τὸν
1597 4254 1926 4324 Σωκράτους

347 4348 460 4419 βίον
496 4348 572 4410 ὠς
616 4349 858 4419 μάλιστα
907 4348 1186 4421 διασύρει,
1244 4348 1488 4402 τοσαῦτα
1538 4346 1922 4417 συκοφαντῶν,

344 4443 423 4495 δσ⁹
467 4442 533 4496 ἂν
577 4443 699 4495 οὐδὲ
726 4444 954 4506 Ἀνυτο;
1013 4443 1136 4495 οὐδὲ
1194 4442 1433 4499 Μέλιτος
1475 4443 1524 4494 οἱ
1586 4436 1926 4512 παρανόμων

2023 3245 2129 3300 bus
2178 3240 2528 3300 exercendis.
2585 3239 3031 3298 Consentaneum
3103 3252 3236 3295 vero
3285 3247 3391 3306 est,
3436 3240 3611 3294 libros

2026 3336 2164 3393 iStos
2191 3352 2317 3393 eum
2350 3345 2510 3391 antea
2537 3337 2782 3399 novisse,
2830 3333 3035 3404 quibus
3065 3332 3329 3389 videlicet
3359 3333 3413 3388 in
3448 3346 3611 3389 sacro

2027 3427 2325 3499 aliquando
2357 3424 2666 3482 ministerio
2695 3440 2829 3480 usus
2864 3424 3055 3480 fuerit.
3087 3424 3153 3479 Et
3205 3424 3458 3480 incubuit
3502 3424 3615 3479 illis

2026 3524 2212 3579 studio
2228 3531 2283 3578 et
2299 3521 2657 3577 contentione
2674 3518 3045 3584 diuturniore,
3066 3517 3164 3572 sed
3195 3528 3293 3574 eos
3314 3518 3366 3572 vi
3390 3517 3615 3574 dicendi

2029 3630 2139 3672 non
2171 3615 2533 3685 redarguitet
2559 3611 2784 3677 refellit,
2831 3619 2892 3666 ut
2942 3618 2998 3665 tu
3031 3610 3214 3678 dicis,
3261 3626 3457 3666 verum
3508 3612 3619 3665 im-

2031 3707 2329 3765 becillitate
2384 3705 2567 3777 potius
2601 3702 2827 3775 ingenii,
2860 3712 2922 3757 et
2966 3701 3184 3757 defectu
3234 3703 3507 3769 veritatis,
3557 3712 3619 3758 ut

2030 3799 2199 3855 homo
2223 3799 2456 3863 facetus,
2479 3806 2536 3853 et
2563 3795 2960 3853 seommatibns
2991 3794 3231 3850 libenter
3254 3795 3474 3857 ludens,
3495 3810 3619 3865 quas

2032 3894 2205 3964 probe
2248 3884 2476 3947 fundata
2528 3898 2698 3958 sunt,
2735 3890 3050 3947 convellere
3101 3895 3157 3943 et
3200 3887 3493 3943 traducere
3533 3897 3619 3944 est

2029 3991 2284 4040 conatus.
2310 3983 2450 4039 Nam
2481 3983 2575 4053 qui
2602 3996 2728 4037 cum
2758 3982 2870 4036 alio
2894 3982 2998 4036 hoc
3031 3994 3230 4051 pugna:
3250 3994 3458 4051 genere
3482 3994 3619 4035 con-

2032 4079 2318 4149 greditur,
2376 4075 2627 4147 quaedam
2683 4074 3005 4130 adulterans
3065 4081 3232 4144 atque
3284 4073 3617 4144 depravans,

2033 4166 2284 4242 qumdam
2320 4166 2389 4223 de
2427 4180 2529 4223 suo
2577 4167 2880 4240 adjiciens,
2910 4168 3200 4238 modisque
3244 4167 3506 4222 omnibus
3561 4169 3618 4222 in

2034 4279 2093 4319 re
2124 4272 2179 4318 et
2200 4263 2475 4318 sententia
2500 4276 2720 4333 quaque
2747 4262 3040 4318 veritatem
3065 4264 3439 4333 supprimens,
3462 4276 3624 4317 nien-

2036 4355 2169 4410 titur
2205 4367 2260 4411 et
2306 4355 2445 4410 fallit
2479 4371 2492 4408 :
2553 4364 2716 4426 atque
2762 4356 2891 4410 odio
2930 4364 2987 4411 et
3026 4356 3333 4412 inimicitiis
3363 4358 3619 4423 infestus,

2035 4463 2148 4502 non
2181 4446 2364 4503 facere
2395 4448 2596 4515 solum,
2627 4448 2725 4502 sed
2765 4446 2945 4503 etiam
2978 4447 3166 4504 dicere
3200 4450 3478 4505 hostiliter
3505 4461 3625 4506 stu-

346 4539 553 4589 ἐκεῖνον
586 4535 939 4607 γραψάμενοι
981 4534 1279 4606 ἐνενόησαν
1301 4552 1316 4568 ο
1349 4535 1447 4588 καὶ
1472 4533 1651 4589 ταῦτα
1699 4533 1920 4605 Σωκρά-

2034 4540 2127 4596 det
2168 4534 2313 4613 :37
2349 4555 2414 4597 ac
2446 4554 2794 4612 quacunque
2822 4541 2928 4596 sibi
2963 4540 3154 4596 insunt
3188 4543 3353 4625 mala,
3396 4543 3622 4600 inimico

347 4643 446 4696 την
474 4628 533 4681 ὃν
563 4631 657 4683 ἐπὶ
692 4621 1144 4703 σωφροώῦνῃοιαὶ
1177 4626 1502 4700 δικαιοσύνῃ
1536 4627 1634 4682 καὶ
1663 4629 1787 4691 ταῖς
1812 4625 1926 4680 λοι-

352 4723 473 4787 παῖς
501 4722 725 4792 ἁρεταῖς
772 4722 836 4777 οὗ
884 4723 1112 4778 Πλάτων
1143 4724 1304 4794 μόνον
1347 4723 1438 4777 καὶ
1467 4721 1744 4792 Ξενοφῶν,
1785 4718 1926 4775 ἀλλὰ

348 4816 709 4879 καὶόλοιπδς
758 4815 872 4869 τῶν
927 4815 1239 4886 φιλοσόφων
1292 4815 1500 4882 θίασος,
1553 4815 1926 4887 διαφερόντως

346 4908 731 4979 θαυμάσαντες
753 4910 828 4972 ὡς
859 4909 1111 4980 θεοφιλῆ,
1147 4910 1243 4963 καὶ
1267 4908 1342 4973 ὡς
1376 4907 1566 4976 μεῖζον
1592 4907 1626 4979 ἢ
1657 4908 1802 4960 κατὰ
1827 4908 1925 4979 ἄν·

347 5001 567 5073 θρωπον
617 5004 993 5073 φρονήσαντα,
1026 5001 1420 5056 ἐκδεδώκασιν.
1467 5000 1525 5055 '0
1559 4998 1616 5053 δὲ
1668 4999 1924 5071 παρασά-

344 5107 443 5164 της
471 5094 562 5149 τὸν
587 5096 801 5165 πατέρα
823 5094 1100 5166 ζηλώσας,
1134 5093 1204 5148 τὰ
1236 5095 1327 5148 ίσα
1354 5094 1437 5157 εἰς
1460 5094 1586 5159 τοὺς
1619 5094 1728 5165 πρὸ
1753 5088 1921 5148 αὐτοῦ

346 5184 635 5258 Καίσαρας
663 5186 1034 5257 διειργάσατο*
1060 5187 1198 5240 πᾶσι
1233 5187 1342 5258 γὰρ
1374 5184 1570 5258 μῶμον
1598 5187 1921 5257 ἐπαγαγὼν,

343 5277 464 5331 οὐδὲ
490 5277 584 5331 τοῦ
621 5278 921 5347 φιλοσόφου
954 5278 1217 5350 ἐφείσατο
1258 5278 1513 5351 Μάρκου.
1554 5278 1827 5335 Τοσοῡτόν
1860 5295 1924 5350 γε

345 5374 458 5445 μὴν
490 5374 907 5429 Κωνσταντίνου
956 5372 1054 5429 τοῦ
1088 5375 1333 5445 μεγάλου
1389 5375 1483 5428 καὶ
1530 5377 1921 5431 Κωνσταντίου

342 5467 438 5519 τοῦ
466 5468 585 5520 υἱοῦ
614 5469 970 5540 κατατρέχει,
994 5468 1067 5532 ib;
1101 5472 1359 5539 συνάγειν
1382 5469 1503 5522 ἐνὸν
1546 5466 1712 5534 εἶναι,
1745 5468 1821 5542 μὴ
1854 5467 1925 5523 δι’

343 5555 475 5611 ἄλλο
496 5575 548 5611 τι
580 5559 800 5613 ἑλέσθαι
832 5560 895 5613 τὸ
929 5559 1244 5631 σύνταγμα,
1277 5561 1310 5629 ἢ
1335 5561 1423 5615 διὰ
1453 5561 1515 5614 τὸ
1555 5556 1774 5632 σκῶψαι
1794 5560 1925 5615 τού·

340 5666 467 5715 τους
491 5651 567 5715 ὡς
602 5651 874 5723 θεοφιλεῖς
913 5653 1140 5725 ἄνδρας,
1170 5655 1265 5710 καὶ
1300 5654 1389 5709 ἐπ’
1422 5656 1649 5726 ἀρεταῖς
1684 5656 1783 5709 καὶ
1825 5655 1925 5708 ἁν-

346 5742 525 5813 δρίαις
556 5746 651 5799 καὶ
682 5747 748 5817 τῇ
792 5747 989 5817 ἀληθεῖ
1020 5748 1311 5821 φιλοσοφίᾳ
1341 5748 1405 5801 τὸ
1431 5748 1720 5819 διαϐόητον
1760 5750 1926 5818 ἐσχη-

2035 4649 2101 4690 ea
2140 4648 2241 4690 suo
2264 4635 2550 4705 imponere
2586 4633 2896 4691 contendit.
2929 4631 3035 4689 Sed
3072 4634 3220 4689 enim
3255 4635 3403 4705 quod
3433 4635 3620 4700 ambo,

2033 4726 2285 4784 Julianus
2342 4727 2591 4797 inquam,
2643 4733 2701 4782 et
2754 4724 3139 4798 Porphyrius,
3191 4743 3357 4797 quem
3396 4726 3621 4798 Tyrium

2035 4834 2222 4876 senem
2253 4827 2436 4887 vorat,
2461 4833 2826 4875 scommatum
2854 4828 3269 4876 consectatores
3300 4819 3525 4886 fuerint,
3564 4822 3620 4876 id

2032 4924 2103 4966 ex
2124 4910 2282 4966 libris
2300 4922 2492 4965 eorum
2525 4919 2715 4981 aperte
2735 4911 3112 4967 ostendemus.
3161 4910 3222 4965 In
3244 4907 3623 4983 Philosophia:

2033 5004 2202 5069 enim,
2251 5016 2418 5074 quam
2468 5002 2540 5058 ita
2583 5002 2926 5075 Porphyrius
2976 5003 3286 5073 inscripsit,
3348 5003 3619 5069 Historia,

2033 5096 2238 5150 mirum
2286 5102 2372 5151 est
2421 5104 2767 5167 quantopere
2803 5096 2971 5152 vitam
3003 5096 3463 5168 philosophorum
3524 5110 3620 5151 eo-

2034 5187 2240 5258 ryphtei
2269 5186 2516 5244 Socratis
2551 5188 2864 5245 cavillando
2919 5198 3091 5255 taxet,
3122 5199 3206 5244 tot
3236 5190 3293 5244 in
3329 5204 3455 5244 eum
3484 5202 3621 5243 con-

2034 5276 2179 5333 ﬁctis
2207 5279 2606 5350 sycophantiis,
2639 5289 2776 5349 quot
2806 5294 2990 5351 neque
3012 5280 3227 5352 Anytus
3249 5320 3265 5346 ,
3294 5290 3474 5350 neque
3507 5279 3623 5332 Me-

2032 5369 2185 5435 litus,
2216 5372 2310 5441 qui
2343 5371 2520 5436 illum,
2570 5372 2719 5443 quod
2763 5384 2854 5428 res
2889 5389 3064 5429 novas
3100 5382 3293 5430 contra
3342 5374 3491 5442 leges
3526 5385 3622 5427 ve-

2035 5468 2181 5518 teres
2212 5462 2527 5527 induceret,
2558 5474 2917 5532 accusarunt,
2941 5472 3185 5536 unquam
3209 5465 3616 5535 excogitatum.

2032 5560 2210 5629 Atque
2249 5558 2304 5613 id
2327 5559 2550 5628 quidem
2584 5560 2639 5612 in
2674 5557 2982 5624 Socratem,
3019 5573 3184 5629 quem
3224 5566 3450 5628 propter
3483 5565 3622 5611 tem-

2030 5654 2364 5721 perantiam,
2391 5653 2689 5724 justitiam,
2722 5662 2779 5708 et
2830 5651 3073 5721 reliquas
3103 5650 3340 5706 virtutes
3389 5665 3499 5704 non
3531 5664 3622 5704 so-

2034 5747 2145 5800 lum
2203 5747 2357 5801 Plato
2409 5756 2467 5800 et
2516 5745 2826 5816 Xenophon
2855 5784 2871 5813 ,
2915 5759 3105 5799 verum
3146 5743 3317 5800 etiam
3372 5744 3622 5815 reliquus
