4056 6452
520 333 628 397 559
1719 333 2145 395 NICEPHORI
2184 335 2535 406 CALLISTI
3674 338 3765 403 ιδο

522 447 977 517 philosOphorum
1002 455 1181 504 coctus
1206 445 1482 517 prazcipue
1515 455 1767 509 miratus,
1812 455 1873 500 ut
1902 446 2010 500 diis
2034 446 2078 516 (l

2212 448 2397 509 κότας.
2440 446 2586 500 Ἀλλ’
2612 447 2694 499 ὅτι
2730 446 2828 516 μὲν
2884 446 3142 517 ὑϐρισταὶ
3197 448 3291 501 καὶ
3322 449 3487 518 ἄμφω
3519 443 3670 520 ἦσαν,
3709 453 3765 505 οὐ
3816 490 3821 499 .

519 542 771 601 «harum,
796 549 852 594 et
876 555 1043 609 supra
1079 538 1319 593 hominis
1340 547 1559 608 captum
1595 538 1926 608 sapientem,
1952 554 2073 593 cum

2207 542 2287 596 δεῖ
2320 560 2409 611 μοι
2462 539 2726 594 πλειόνων
2749 559 2762 573 ⁸
2795 540 3011 611 ἀπόχρη
3044 541 3156 612 γὰρ
3193 541 3287 595 καὶ
3329 542 3502 595 ταῦτα
3530 546 3607 608 είς
3650 562 3763 612 γεν-

520 629 871 695 ΙιιεΙΙάἎΙΊιΙιῐ,
925 630 1016 684 ille
1072 630 1223 685 fecit.
1283 629 1683 701 Transgressor
1727 646 1857 683 vero
1889 640 2082 700 patren

2208 633 2366 687 ναίαν
2400 634 2749 702 παράστασιν
2776 633 2877 702 τῆς
2912 630 3078 685 αὑτοῦ
3130 634 3525 705 κακομηχάνου
3566 634 3765 706 ψυχῆς’

517 723 825 786 :emulatus,
860 724 1001 777 idem
1043 725 1126 777 eis
1168 724 1319 787 fecit,
1368 725 1572 793 quibus
1605 725 1895 784 successit,
1930 727 2083 795 imper

2211 727 2553 796 μ-ιρτυρήσει
2579 724 2636 778 δέ
2671 743 2760 794 μοι
2793 727 2910 787 τοῖς
2939 725 3355 796 λόγοιςμικρδν
3386 726 3610 798 ὕστερον
3637 727 3723 780 καὶ⁸
3747 729 3771 780 ὁ

520 814 817 869 ratoribus.
848 813 1050 869 Omnes
1075 830 1314 885 namque
1356 815 1730 884 reprehendit,
1755 827 1809 870 et
1834 832 1902 870 ne
1921 816 2083 871 Muret

2209 816 2525 885 Θαυμαστὸς
2564 815 2892 886 Γρηγόριος,
2928 815 3029 885 τὴν
3072 814 3236 884 φύσιν
3261 814 3433 869 αὑτοῦ
3463 816 3555 867 καὶ
3572 815 3631 869 τὸ
3652 811 3771 886 ἦθος

520 906 742 974 quidem
794 908 1126 979 philosopho
1177 910 1452 979 pepercit.
1503 909 1655 965 Adeo
1697 924 1829 963 sane
1865 911 1919 963 in
1954 909 2083 965 Con

2207 909 2405 977 ἄριστα
2427 907 2765 975 διαγράφων.
3000 900 3003 905 ’

513 1002 820 1059 stantinum
856 1017 1113 1071 magnum
1141 1013 1197 1058 et
1232 1002 1618 1057 Constantium
1655 1002 1828 1056 lilium
1869 1003 1987 1070 ejus
2050 1010 2135 1056 est
2176 1001 2445 1063 invectus,
2480 1011 2537 1054 ut
2603 999 2763 1054 facile
2818 1001 3140 1056 existimare
3170 1002 3353 1063 liceat,
3390 1017 3497 1055 non
3525 1002 3678 1057 aliam
3711 999 3773 1054 ob

512 1112 734 1152 causam
762 1097 914 1150 illum
953 1096 1234 1153 scribendi
1288 1096 1534 1151 laborem
1570 1098 1900 1164 suscepisse,
1963 1111 2127 1165 quam
2170 1104 2230 1149 ut
2259 1095 2393 1148 istos
2458 1094 2845 1163 proscinderet
2898 1103 3090 1162 utpote
3126 1096 3271 1149 viros
3302 1095 3396 1149 Dei
3433 1106 3692 1156 amantes.
3724 1103 3775 1147 et

513 1190 609 1259 qui
641 1188 990 1255 fortitudine,
1021 1189 1321 1244 virtutibus
1349 1188 1490 1252 aliis,
1547 1200 1602 1243 et
1636 1204 1763 1243 vera
1827 1188 2174 1259 philosophia
2214 1187 2434 1243 laudem
2486 1201 2736 1256 magnam
2790 1189 3074 1242 consecuti
3107 1199 3315 1243 essent.
3353 1189 3552 1242 Verum
3599 1188 3777 1244 ambos

513 1284 616 1337 hos
641 1282 1044 1336 conviciatores
1067 1281 1260 1345 fuisse,
1308 1282 1577 1350 ampliore
1600 1281 1928 1350 probatione
1953 1280 2086 1334 mihi
2128 1295 2269 1349 opus
2341 1294 2450 1333 non
2483 1290 2585 1333 est.
2654 1277 2942 1333 Sufﬁciunt
2976 1279 3125 1334 enim
3170 1281 3273 1334 ista
3296 1321 3309 1343 ,
3343 1280 3410 1333 ad
3443 1292 3646 1334 certam
3679 1297 3779 1335 ma-
3828 1280 3833 1289 ‘

510 1379 808 1435 levolentis
836 1379 983 1433 illius
1010 1377 1180 1432 animi
1211 1376 1669 1432 declarationem:
1696 1385 1752 1432 et
1787 1376 1949 1446 paulo
1973 1384 2096 1446 post
2138 1374 2323 1430 verbis
2384 1376 2504 1429 suis
2540 1372 2676 1428 mihi
2742 1373 3099 1429 admirandus
3140 1374 3231 1431 ille
3263 1374 3566 1445 Gregorius
3600 1374 3780 1431 suifra-

511 1475 756 1546 gabitur,
790 1473 884 1543 qui
945 1481 1200 1527 naturam
1251 1480 1307 1526 et
1363 1486 1544 1527 mores
1572 1480 1837 1543 apostatm
1895 1473 2104 1542 Optime
2143 1469 2415 1541 depinxit.

582 1568 755 1624 Porro
795 1566 941 1636 quod
978 1567 1142 1620 etiam
1187 1576 1315 1620 ante
1355 1565 1491 1619 istos
1528 1566 1788 1635 permulti
1827 1565 2096 1621 doctrina:

512 1673 717 1717 nostra:
768 1660 1055 1714 veritatem
1105 1659 1156 1712 vi
1205 1674 1526 1728 oppugnare
1554 1659 1799 1729 aggressi
1832 1668 2003 1724 sunt,
2061 1674 2094 1715 e

2280 1564 2407 1617 Ὅτι
2431 1562 2487 1617 δὲ
2515 1562 2610 1614 καὶ
2645 1563 2756 1633 πρὸ
2788 1563 2969 1616 αὐτῶν
2996 1563 3183 1618 πολλοὶ
3212 1562 3308 1619 τοῦ
3337 1564 3464 1619 καθ’
3495 1564 3642 1636 ἡμᾶς
3666 1564 3780 1633 δόγ-

2205 1673 2376 1725 ματος
2409 1656 2706 1724 βιάσασθαι
2726 1656 2825 1727 τὴν
2847 1656 3110 1727 ἀλήθειαν
3139 1657 3528 1729 ἐπεχείρησαν,
3546 1658 3665 1712 τινὰ
3685 1659 3779 1728 μὲν

511 1754 718 1809 divinis
771 1752 1012 1807 oraculis
1065 1751 1312 1819 quaedam
1375 1761 1779 1822 pervertentes,
1840 1752 2083 1821 quendam

2200 1749 2310 1802 τῶν
2343 1749 2504 1803 θείων
2566 1750 2835 1820 χρησμῶν
2870 1750 3349 1820 παρατρέψαντες,
3418 1749 3555 1805 ἄλλα
3597 1749 3652 1802 δὲ
3692 1748 3779 1803 καὶ

500 1855 693 1902 autem
729 1845 794 1899 ad
835 1859 1056 1899 sensum
1090 1859 1249 1898 suum
1303 1843 1715 1913 detorquentes,
1761 1860 1871 1898 non
1930 1842 2093 1912 pauci

508 1939 894 2002 ostenderunt,
930 1936 1174 2006 quicum
1224 1936 1330 1991 illis
1377 1936 1677 2005 congressi,
1712 1937 2094 1991 cavillationes

508 2047 703 2088 eorum
760 2031 1075 2085 conl‘utatas
1108 2012 1162 2083 in
1204 2028 1433 2098 publica
1489 2037 1846 2083 monumenta
1886 2028 2092 2083 retule-

508 2133 659 2179 runt.
722 2121 780 2176 ln
834 2121 1029 2191 primis
1086 2136 1216 2175 vero
1264 2120 1621 2175 doctissimus
1671 2119 1959 2190 Origenes,
1996 2119 2091 2189 qui

506 2215 671 2285 longo
699 2221 826 2268 ante
857 2210 1136 2267 lulianum
1191 2224 1440 2282 tempore
1493 2211 1622 2275 fuit,
1657 2227 2001 2281 quaecunque
2039 2211 2090 2265 iu

508 2309 680 2363 sacris
732 2307 959 2361 Litteris
995 2306 1184 2361 turbas
1236 2307 1423 2369 ciere,
1480 2296 1577 2359 aut
1617 2305 1852 2359 lectores
1901 2318 2090 2359 carum

505 2401 840 2472 perturbare
875 2400 991 2455 visa
1013 2408 1163 2461 sunt,
1197 2397 1366 2468 probe
1396 2395 1674 2461 distinxit,
1720 2394 2093 2466 subiectisque

508 2492 809 2549 contrariis
858 2491 1201 2562 argumentis
1224 2531 1237 2557 ,
1286 2500 1342 2546 et
1377 2489 1518 2545 locis
1548 2489 1880 2558 quibusque,
1928 2490 2002 2542 ita
2032 2497 2092 2544 ut

506 2584 1073 2650 debuit,ldeclaratis,
1107 2598 1300 2639 eorum
1336 2583 1430 2653 qui
1467 2596 1564 2637 eos
1594 2580 1735 2635 male
1754 2590 1809 2636 et
1837 2581 2090 2651 imperite

508 2681 851 2748 acciperent,
884 2693 1058 2748 nugas
1078 2678 1271 2748 longas
1289 2687 1343 2731 et
1360 2675 1688 2744 sophisticas
1710 2675 2092 2746 aggressiones

505 2770 728 2827 refellit.
776 2768 1031 2824 Indicant
1061 2768 1187 2830 hoc,
1216 2781 1338 2836 qua:
1378 2767 1424 2821 is
1464 2766 1530 2820 ad
1561 2765 1806 2820 Galatam
1860 2766 2089 2821 Marcel-

502 2862 619 2918 lum
671 2862 1001 2930 composuit,
1032 2870 1087 2916 et
1121 2874 1242 2930 quae
1292 2859 1358 2913 ad
1408 2859 1770 2930 Porphyrium
1815 2859 1889 2929 (ἓ)
1924 2874 2088 2928 quem

504 2959 768 3023 diximus,
802 2955 1112 3010 luculenter
1138 2953 1446 3023 rescripsit,
1463 2952 1798 3023 sslibellis
1828 2952 1896 3008 de
1921 2953 2088 3009 rebus

501 3047 843 3118 ejuscemodi
879 3047 1066 3113 editis,
1082 3045 1287 3116 quibus
1305 3052 1533 3116 propter
1550 3046 1763 3115 copiam
1790 3045 2084 3101 verborum

2199 1844 2338 1912 πρὸς
2394 1846 2487 1895 τὴν
2538 1844 2672 1896 ῐδιον
2728 1843 2932 1897 σκοπὸν
2989 1843 3375 1912 ἐκλαδίμενοι,
3428 1842 3637 1909 ἔδειξαν
3684 1843 3778 1910 μὲν

2198 1936 2389 1990 πολλοὶ
2434 1937 2514 1999 είς
2577 1937 2908 2009 ἀντίρρησιν
2960 1938 3332 2000 καταστάντες
3380 1938 3634 1999 ἐκείνοις,
3692 1934 3778 1987 καὶ

2199 2028 2652 2098 στηλιτεύσαντες
2687 2027 2892 2100 ἐλέγχῳ
2922 2030 2992 2083 τὰ
3032 2029 3263 2083 ἐκείνων
3299 2030 3637 2099 σοφίσματα.
3672 2026 3777 2098 Πρὸ

2196 2119 2252 2173 δὲ
2288 2120 2512 2174 πάντων
2547 2122 2575 2174 ὁ
2606 2119 2703 2191 τὴν
2751 2120 2957 2189 γνῶσιν
2998 2121 3169 2185 πολὺς
3217 2120 3537 2193 Ὠριγένης,
3587 2118 3775 2190 μακρῷ

2197 2212 2375 2283 χρόνῳ
2432 2214 2528 2266 καὶ
2559 2213 2669 2282 πρὸ
2717 2212 3012 2267 Ἰουλιανοῦ
3068 2214 3352 2282 γεγονώς*
3404 2214 3473 2268 τὰ
3522 2212 3774 2267 δοκοῦντα

2195 2305 2490 2373 ταράττειν
2512 2306 2633 2369 ταῖς
2667 2304 2840 2374 ἱεραῖς
2872 2305 3079 2375 βίϐλοις
3111 2306 3523 2378 διευκρινῆσας,
3547 2303 3773 2358 ἀνθυπε-

2195 2396 2408 2467 νεγκών
2436 2416 2494 2451 τε
2524 2399 2617 2451 καὶ
2653 2398 2730 2462 ὡς
2760 2396 2941 2469 χρεὼν
2966 2399 3301 2469 σαφηνίσας,
3327 2399 3438 2453 τῶν
3471 2397 3661 2459 κακῶς
3686 2394 3771 2449 καὶ

2194 2490 2534 2560 ἀγνωμόνως
2566 2491 2794 2554 ταύταις
2835 2492 3228 2559 διακειμένων,
3257 2490 3358 2562 τὴν
3420 2491 3634 2561 μακρὰν
3656 2490 3766 2557 sps-

2197 2583 2414 2653 σχελίαν
2446 2586 2541 2636 καὶ
2575 2585 2674 2648 τὰς
2711 2586 3039 2652 σοφιστικὰς
3084 2586 3466 2655 ἐπιχειρήσεις
3502 2579 3767 2653 ἐξήλεγξε.

2192 2670 2446 2725 Δείκνυσι
2477 2671 2533 2724 δὲ
2567 2670 2603 2724 ἃ
2636 2675 2773 2741 πρός
2801 2689 2859 2724 τε
2898 2672 2987 2725 τὸν
3017 2672 3266 2744 Γαλάτην
3293 2673 3624 2744 Μάρκελλον
3652 2686 3768 2723 συν-

2194 2763 2370 2830 έταξε,
2409 2765 2501 2818 καὶ
2540 2763 2576 2817 δι
2632 2764 2769 2836 πρὸς
2819 2766 2910 2819 τὸν
2958 2766 3254 2837 είρημένον
3308 2762 3626 2838 Πορφύριον
3656 2779 3767 2830 γενυ

2193 2860 2357 2923 ναίως
2389 2859 2615 2912 ἀντεῖπε
2635 2876 2650 2889 ο
2687 2848 2871 2930 βίϐλον
2899 2860 2983 2927 ἐφ’
3018 2861 3240 2931 ἑκάστῳ
3272 2861 3482 2914 τούτων
3527 2872 3766 2911 συντετα-

2191 2955 2326 3023 χὼς,
2362 2953 2461 3007 καὶ.
2521 2952 2775 3022 ἀφώνους
2834 2953 3157 3025 ἀπελέγχων
3202 2955 3268 3025 τῇ
3318 2954 3432 3008 τῶν
3464 2952 3636 3021 λόγων
3675 2948 3763 3016 τῆς

2192 3044 2451 3114 ἀληθείας
2484 3046 2777 3116 περιουσία
2799 3061 2812 3075 ·
2846 3039 2931 3108 οἷς
2962 3047 3011 3099 εί
3045 3046 3142 3116 μὴ,
3169 3046 3242 3109 ὡς
3276 3046 3497 3119 ἔτυχεν,
3529 3046 3763 3113 ἐνέτυχεν

499 3140 752 3195 veritatis
776 3138 980 3204 eﬂ‘ecit,
1008 3148 1067 3193 ut
1100 3138 1181 3193 illi
1228 3139 1375 3209 quod
1419 3146 1610 3193 contra
1662 3138 1938 3203 dicerent,
1976 3155 2083 3194 non

2202 3137 2516 3202 Ἰουλιανὸς,
2555 3139 2657 3192 οὐκ
2703 3139 2770 3193 ἂν
2813 3139 2958 3193 οὕτω
2995 3140 3313 3208 σοφίζεσθαι
3350 3142 3446 3196 καὶ
3482 3139 3764 3210 βλάσφημα

499 3228 792 3285 haberent.
841 3228 991 3295 Quos
1026 3228 1198 3284 llbros
1234 3229 1279 3283 si
1317 3244 1429 3283 non
1472 3227 1547 3283 ita
1598 3228 1805 3284 cursim
1834 3228 2086 3284 Julianus

497 3321 746 3393 legisset,
775 3336 1061 3390 nunquam
1102 3322 1171 3375 ad
1214 3320 1595 3376 cavillationes
1630 3328 1684 3375 et
1714 3319 2087 3390 blasphemias

496 3412 828 3470 scribendas
860 3413 1120 3483 delapsus
1143 3421 1310 3469 esset.
1340 3412 1448 3470 Sed
1472 3414 1624 3470 enim
1653 3412 1873 3468 Juliano
1900 3412 2087 3468 studio

498 3509 692 3573 fuisse,
721 3517 779 3562 ut
810 3507 1206 3562 scommatibus
1242 3514 1301 3562 et
1344 3506 1640 3563 dicacitate
1673 3513 1944 3572 uteretur,
1972 3520 2085 3561 non

498 3599 644 3668 apud
685 3613 781 3654 eos
813 3598 906 3668 qui
936 3597 1170 3655 solidam
1188 3596 1409 3668 pietatis
1434 3597 1721 3654 veritatem
1757 3603 1814 3651 et
1849 3595 2084 3651 formam

498 3701 712 3757 tenent,
738 3692 835 3748 sed
868 3692 1149 3761 simplices
1193 3702 1250 3747 et
1295 3692 1583 3760 imperitos
1611 3690 1886 3754 homines,
1917 3705 1987 3745 ex
2016 3704 2085 3745 eo

499 3786 637 3841 satis
668 3794 901 3840 constat.
947 3784 1052 3841 Ubi
1097 3784 1244 3838 enim
1285 3798 1317 3838 e
1352 3782 1677 3853 Scripturis,
1738 3797 2082 3853 quaecunque

495 3879 783 3935 hominum
816 3892 989 3944 more,
1034 3883 1197 3948 prout
1229 3890 1317 3930 res
1363 3874 1585 3938 ferunt,
1622 3872 1690 3928 ad
1733 3884 1953 3944 captum
1985 3890 2085 3931 no-

497 3986 698 4041 strum,
731 3972 802 4028 de
840 3972 973 4037 Deo,
1000 3980 1056 4026 et
1101 3969 1375 4040 praecipue
1420 3968 1489 4023 de
1513 3966 1719 4022 Christi
1747 3969 2081 4036 ceconomia,

495 4065 802 4136 salutisque
829 4073 1036 4120 nostrae
1081 4061 1565 4117 administratione
1611 4059 1754 4115 dicta
1782 4070 1933 4129 sunt,
1988 4062 2085 4118 de-

494 4159 721 4229 cerpsit,
783 4167 841 4213 et
895 4157 1016 4227 ejus
1057 4152 1277 4225 generis
1330 4153 1475 4207 dicta
1529 4153 1779 4222 quaedam
1836 4154 2079 4226 collegit,

495 4249 699 4306 deinde
753 4249 906 4303 hisce
934 4243 1122 4302 verbis
1181 4245 1389 4300 infert:
1452 4263 1472 4297 ι
1516 4246 1723 4301 Horum
1755 4246 1922 4317 igitur
1964 4261 2083 4301 om-

491 4345 672 4410 nium,
707 4341 816 4396 nisi
851 4343 992 4395 ratio
1016 4338 1288 4410 quaepiam
1321 4349 1427 4403 est,
1456 4354 1712 4394 arcanam
1736 4340 1996 4409 aliquam,
2022 4347 2083 4394 ut

490 4453 595 4508 ego
626 4444 784 4506 puto,
842 4422 1367 4503 contemplationem
1413 4433 1661 4497 habens,
1713 4434 1915 4489 multas
1952 4433 2079 4489 libri

2190 3231 2427 3300 γράφειν
2463 3230 2802 3295 ὲξεκυλίετο.
2832 3232 2958 3300 Ὅτι
3014 3232 3072 3285 δὲ
3131 3234 3358 3303 σκῶψαι
3417 3234 3506 3287 διὰ
3541 3226 3763 3294 σπουδῆς

2191 3323 2345 3389 ἐοετο
2376 3320 2689 3389 Ἰουλιανὸς,
2723 3325 2784 3378 ού
2818 3325 2955 3394 πρὸς
2979 3325 3108 3389 τοὺς
3141 3326 3239 3397 τὴν
3272 3326 3457 3398 ἀληθῆ
3491 3326 3760 3395 μόρφωσιν

2188 3413 2289 3483 τῆς
2319 3413 2605 3477 εὐσεϐείας
2634 3417 3086 3487 περικειμένους,
3121 3418 3260 3471 ἀλλὰ
3292 3418 3437 3489 πρὸς
3483 3417 3604 3478 τοὺς
3637 3410 3765 3466 ἰδιώ-

2189 3522 2291 3570 τας
2325 3507 2420 3561 καὶ
2466 3506 2844 3580 ἁπλούστερον
2902 3508 3311 3581 διακειμένους,
3355 3510 3522 3580 δῆλον
3567 3503 3763 3559 ἐκεῖθέν

2189 3599 2329 3656 ἔστι.
2367 3599 2510 3656 Ὅσα
2548 3600 2659 3671 γὰρ
2710 3601 2809 3671 τῆς
2836 3601 3063 3672 Γραφῆς
3093 3603 3471 3673 οἰκονομικῶς
3505 3597 3764 3667 ἀνθρωπι-

2187 3691 2434 3762 κώτερον
2455 3693 2742 3759 τέτακται,
2764 3694 3155 3765 ἐκλαϐόμενος,
3186 3696 3281 3749 καὶ
3310 3695 3547 3750 τοιαῦτα
3568 3691 3628 3758 δή
3651 3698 3761 3739 τινα

2189 3782 2565 3854 ἐπισυνείρας,
2617 3785 2815 3838 ἔπειτα
2865 3785 3142 3855 ἐπιφέρει,
3203 3787 3389 3855 λέγων
3430 3785 3524 3839 ἐπὶ
3574 3778 3757 3842 λέξεως

2187 3869 2362 3936 οὕτως
2388 3890 2401 3904 ·
2437 3892 2458 3926 ι
2492 3873 2714 3929 Τούτων
2747 3875 2931 3929 τοίνυν
2961 3875 3217 3942 ἕκαστον,
3250 3878 3299 3930 εί
3336 3877 3419 3949 μὴ
3447 3877 3600 3943 λόγος
3622 3866 3758 3924 ἐστὶν

2187 3965 2502 4037 ἀπόρρητον
2530 3966 2672 4037 ἔχων
2716 3969 2839 4022 τινὰ
2874 3966 3134 4039 θεωρίαν,
3165 3970 3302 4040 ὅπερ
3340 3970 3458 4040 ἐγὼ
3485 3964 3755 4033 νενόμικα.

2123 4063 2133 4066 ”
2187 4058 2392 4129 πολλῆς
2436 4060 2702 4130 γέμουσιν
2745 4062 2794 4114 oi
2843 4060 2994 4131 λόγοι
3024 4062 3160 4134 περὶ
3200 4061 3294 4116 τοῦ
3333 4062 3476 4117 Θεοῦ
3523 4058 3756 4128 βλασφτΓ

2189 4154 2339 4223 μίας.
2383 4174 2401 4206 ι
2452 4154 2623 4208 Ταυτὶ
2674 4153 2775 4224 μὲν
2832 4157 2891 4207 ἐν
2935 4154 3012 4227 τῷ
3047 4157 3217 4228 τρίτῳ
3248 4157 3422 4211 αὐτοῦ
3455 4151 3593 4210 κατὰ
3634 4145 3756 4215 XF“

2188 4244 2423 4299 στιανῶν
2454 4245 2650 4317 βιὸλίῳ
2698 4246 2958 4313 διέξεισιν
2983 4263 2997 4278 °
3030 4248 3090 4302 ἐν
3125 4249 3182 4303 δὲ
3220 4248 3298 4319 τῷ
3328 4249 3479 4319 λόγῳ
3524 4244 3581 4299 ὂν
3626 4232 3757 4302 Περὶ

2187 4337 2495 4406 κυνισμοῦ
2527 4338 2855 4408 ἐπιγράφει,
2879 4338 3187 4409 φιλοσοφῶν
3216 4341 3369 4404 ὅπως
3403 4340 3485 4393 δεῖ
3514 4332 3757 4389 πλάττειν

2187 4432 2318 4492 τοὺς
2352 4431 2561 4499 μύθους
2596 4433 2722 4494 τοὺς
2783 4433 2974 4503 ἱερεῖς,
3029 4434 3125 4487 καὶ
3152 4434 3331 4488 ταῦτὰ
3391 4441 3591 4504 φησιν·
3630 4440 3648 4473 σ
3675 4413 3761 4470 Δεῖ

491 4507 583 4581 isti
617 4525 686 4581 de
723 4525 833 4578 Deo
881 4522 1168 4578 continent
1214 4522 1607 4590 blasphemias.
1646 4542 1665 4577 ι
1696 4523 1822 4579 Ηιιεο
1851 4523 2078 4595 quidem

2187 4522 2455 4592 κρύπτειν
2489 4523 2587 4595 τὴν
2636 4527 2766 4594 περὶ
2817 4525 2924 4578 τῶν
2987 4524 3252 4581 τοιούτων
3294 4526 3591 4597 ἀλήθειαν
3621 4507 3756 4584 φιλεῖ

488 4620 546 4672 in
574 4616 739 4671 tertio
774 4630 875 4670 suo
905 4614 1104 4668 Contra
1142 4613 1473 4670 Christianos
1519 4613 1661 4669 libro
1692 4615 1861 4669 refert
1891 4615 1980 4669 :ln
2010 4630 2076 4670 eo

488 4721 674 4766 autem
706 4709 850 4764 libro
890 4724 1053 4779 quem
1089 4707 1169 4762 De
1218 4707 1523 4779 Cynicismo
1572 4708 1878 4779 inscripsit,
1938 4726 2078 4779 quo-

492 4803 658 4859 modo
711 4801 1005 4857 conveniat
1056 4816 1244 4855 sacras
1274 4800 1478 4871 ﬁngere
1507 4799 1722 4855 fabulas
1769 4801 2073 4872 disserens,

492 4897 610 4951 hzec
635 4894 873 4950 scribit:
912 4911 930 4944 ι
965 4892 1041 4947 De
1070 4892 1236 4947 rebus
1267 4892 1607 4963 ejuscemodi
1649 4894 1935 4949 veritatem
1979 4911 2074 4951 oc-

492 4987 692 5042 cultari
750 4993 1014 5054 oportet,
1055 4986 1174 5040 vult
1227 4987 1378 5040 enim
1424 4995 1624 5040 natura
1672 4987 1962 5055 occultari,
2022 4996 2078 5043 et

489 5080 639 5150 quod
668 5079 735 5134 de
764 5078 994 5133 deorum
1029 5078 1272 5133 essentia
1297 5079 1575 5133 occultum
1608 5090 1712 5145 est,
1753 5080 1920 5136 nudis
1947 5096 2074 5135 ver-

488 5171 577 5228 bis
632 5172 688 5225 in
746 5183 909 5223 aures
960 5168 1226 5238 impuras,
1261 5168 1458 5239 conjici
1499 5186 1609 5224 non
1658 5172 1916 5228 sustinet.
1946 5191 1964 5223 ι
1996 5172 2074 5227 Ex

488 5262 694 5332 quibus
729 5260 915 5316 verbis
937 5263 1071 5315 satis
1123 5271 1381 5329 apparet,
1416 5262 1788 5332 suspicionem
1826 5280 1952 5320 eum
1978 5265 2077 5319 ob-

489 5356 693 5418 tinere,
735 5350 1028 5424 mysticum
1053 5352 1316 5423 quiddam
1351 5363 1406 5409 et
1434 5370 1700 5410 arcanum
1735 5370 1945 5409 sacram
1990 5365 2075 5410 te-

488 5462 619 5515 gere
647 5445 1014 5516 Scripturam.
1063 5446 1300 5503 Videtur
1340 5463 1566 5518 quoque
1603 5448 1901 5519 indignari,
1962 5464 2074 5505 non

560 5605 637 5674 (l)
668 5606 923 5678 Justinus
974 5606 1343 5678 pliilOSOphus
1378 5616 1435 5662 et
1468 5615 1675 5678 martyr
1707 5605 1938 5670 Christi,
1975 5608 2078 5663 So-

488 5689 692 5731 cratem
715 5686 771 5731 et
794 5675 1132 5733 Heraclitum
1160 5675 1213 5732 iu
1245 5679 1441 5732 eodem
1470 5675 1721 5749 catalogo
1749 5685 2071 5734 sanctorum

486 5760 610 5873 cuin
642 5749 917 5804 Abraham
945 5760 1002 5804 et
1032 5750 1147 5805 Elia
1171 5756 1444 5816 recenset,
1492 5757 1751 5818 tanquam
1790 5751 1940 5806 verbi
1977 5751 2071 5804 Dei

486 5830 550 5871 cu
580 5828 743 5876 tores.

2183 4620 2291 4689 γὰρ
2333 4621 2364 4691 ἡ
2395 4619 2560 4690 φύσις
2594 4622 2942 4692 κρύπτεσθαι
2968 4639 2982 4654 ο
3015 4623 3112 4678 καὶ
3145 4624 3211 4677 τὸ
3253 4616 3641 4694 κεκρυμμένον
3665 4605 3756 4675 τῆἶ

2180 4712 2291 4765 τῶν
2319 4711 2458 4765 θεῶν
2484 4713 2674 4776 οὐσίας
2716 4715 2818 4767 οὐκ
2844 4714 3103 4785 ἀνέχεται
3131 4718 3361 4785 γυμνοῖς
3404 4714 3488 4775 είς
3517 4700 3752 4766 ἀκαθάρ“

2181 4821 2307 4866 τους
2343 4803 2517 4868 ἀκοὰς
2541 4806 2838 4875 ῥίπτεσθαι
2868 4810 3140 4879 ῥήμασιν.
3186 4827 3205 4860 ι
3245 4809 3339 4873 Ἐξ
3368 4803 3443 4863 ὧν
3474 4803 3538 4872 δὴ
3579 4791 3755 4866 φαῖνε·

2182 4914 2271 4949 ται
2312 4898 2370 4950 ἐν
2400 4898 2690 4963 ὑπονοίαις
2750 4899 2888 4953 εἶναι
2945 4902 3215 4971 μυστικόν
3242 4920 3295 4955 τι
3328 4902 3426 4957 καὶ
3450 4891 3750 4963 ἀπόρρητον
3786 4938 3801 4945 -

2181 4987 2453 5057 κρύπτειν
2493 4990 2593 5062 τὴν
2634 4991 2787 5046 θείαν
2822 4994 3070 5064 Γραφήν.
3108 4995 3291 5049 Ἔοικε
3324 4996 3383 5050 δὲ
3412 4992 3509 5049 καὶ
3556 4988 3750 5052 ἀγανα-

2181 5083 2354 5148 κτεῖν,
2383 5081 2467 5135 ὅτι
2514 5082 2594 5153 μὴ
2624 5086 2829 5150 πάντες
2880 5085 2978 5156 τὴν
3031 5086 3154 5158 ἴσην
3190 5088 3448 5142 ὑπόνοιαν
3481 5079 3608 5148 περὶ
3639 5065 3751 5123 τού·

2179 5191 2289 5229 των
2321 5175 2545 5246 ἔχουσι·
2592 5182 2687 5233 καὶ
2736 5181 2844 5234 τῶν
2897 5181 3246 5251 Χριστιανῶν
3291 5175 3649 5248 κατατρέχειν
3676 5162 3753 5212 ἐν·

2180 5266 2394 5332 τεῦθεν,
2440 5266 2535 5321 ἆτε
2563 5270 2626 5340 δὴ
2656 5271 3035 5343 ἁπλούστερον
3064 5272 3379 5342 δεχομένων
3412 5269 3481 5323 τὰ
3514 5265 3747 5336 ῥήματα’

2194 5356 2393 5429 Ἐχρῆν
2426 5359 2483 5412 δὲ
2525 5362 2601 5431 μὴ
2632 5361 2775 5415 οὕτω
2820 5363 2910 5416 διὰ
2944 5364 3047 5434 τὴν
3077 5365 3190 5418 τῶν
3231 5363 3448 5418 πολλῶν
3475 5349 3748 5438 ἁπλότηξα

2179 5447 2323 5500 κατὰ
2351 5448 2459 5503 τῶν
2495 5450 2658 5520 ἱερῶν
2688 5452 3075 5524 ἐκτυφωθῆναι
3122 5454 3383 5526 Γραφῶν,
3418 5444 3557 5523 μηδὲ
3593 5444 3750 5507 imm"

2251 5603 2332 5675 (Ξὶ)
2368 5604 2523 5679 gFuit
2593 5606 2937 5678 Porphyrius
3008 5604 3424 5679 condiscipulus
3455 5582 3748 5679 _0ri89ﬂi§;

2181 5661 2342 5758 ipsa
2363 5678 2650 5758 {nonnum
2684 5661 3034 5758 magistrum,
3052 5661 3132 5735 et
3160 5661 3352 5750 £5ngng
3400 5675 3467 5732 ad
3518 5661 3748 5726 ωιιῳοηι

2182 5748 2345 5804 Probi
2373 5748 2509 5818 Imp.
2545 5749 2699 5803 vixit.
2735 5750 2890 5806 Suid.
