4056 6454
304 444 402 511 δῖῙ

1192 441 1804 502 ΕΕΕΕΕΒΙᾹΞΤΙΟᾸΞ
1846 439 2236 502 ulsromzs
2280 414 2422 503 ιω.
2462 442 2533 503 x.

3459 433 3560 501 56?.

303 573 396 612 σαι
428 558 522 612 καὶ
580 556 944 626 ἀποστρόφως
978 553 1218 619 ἐκείναις
1249 554 1395 625 ἔχειν
1451 555 1643 618 κακῶς
1677 556 1871 626 ἐκείνῳ

1988 557 2223 612 eamdem
2264 572 2450 611 secum
2493 570 2685 610 omnes
2726 554 3043 623 opinionem
3076 555 3143 612 de
3183 554 3290 612 hac
3330 555 3557 610 habere.

294 662 352 703 τε
382 649 728 718 νοουμὲναις,
756 650 838 701 ὅτι
899 648 975 718 μὴ
1008 647 1219 711 πάντες
1253 647 1329 710 ὡς
1391 648 1541 718 αύτῷ
1574 649 1627 716 γ’
1674 647 1875 716 ἐκείνῳ

299 741 498 807 ἐδόκει,
552 741 807 811 ἐνόησαν.
841 742 1025 795 Ἐοικε
1074 741 1132 795 δὲ
1177 741 1248 794 τὰ
1311 742 1404 793 ἶσα
1447 740 1542 793 καὶ
1598 739 1763 803 αὐτὸς
1798 739 1877 807 τῷ

300 834 469 902 πατρὶ
503 834 598 886 καὶ
646 831 955 901 διδασκάλῳ
1018 831 1320 901 Πορφυρίῳ
1378 831 1608 884 παθεῖν’
1659 828 1880 900 πληγὰς

300 926 408 995 γὰρ
457 926 665 988 ἐκεῖνος
715 925 773 979 ἐν
825 926 1137 995 Καισαρείᾳ
1172 925 1279 978 ὑπό
1310 942 1476 978 τινων
1528 923 1877 995 Χριστιανῶν

300 1016 562 1085 ἐνεγκὼν,
607 1016 683 1088 μὴ
710 1017 897 1087 φέρων
931 1020 1031 1087 τὴν
1063 1018 1243 1089 ὓϐριν,
1289 1014 1382 1073 οἷα
1432 1018 1874 1090 μελαγχολήσας,

301 1109 591 1179 ἐξόμνυται
622 1108 723 1179 μὲν
753 1109 848 1164 τὸν
881 1110 1323 1180 Χριστιανισμόν
1351 1126 1366 1142 ·
1405 1110 1486 1181 τῷ
1513 1110 1571 1164 δὲ
1596 1111 1707 1163 τῶν
1733 1111 1875 1180 πλη-

302 1202 595 1270 γωσάντων
624 1200 793 1273 μίσει,
821 1202 902 1264 είς
938 1203 999 1255 τὸ
1030 1203 1372 1271 βλασφημεῖν
1398 1202 1636 1273 Χριστὸν
1663 1201 1877 1264 καὶτὰς

301 1292 645 1362 Χριστιανῶν
679 1293 1001 1364 ἐξεκυλίσθη
1031 1294 1258 1366 Γραφάς
1281 1311 1294 1326 ο
1329 1293 1405 1358 ὥς
1443 1310 1612 1364 φησιν
1639 1294 1667 1347 6
1718 1293 1879 1364 Παμ-

304 1382 458 1452 φίλου
490 1382 774 1452 Εύσέϐιος,
817 1386 1149 1456 ἀνατρέπων
1195 1387 1393 1456 ἄριστα
1423 1387 1524 1448 τὰς
1563 1385 1689 1439 καθ’
1716 1385 1877 1457 ἡμῶν

303 1473 469 1526 αὑτοῦ
505 1474 848 1544 συγγραφάς.
891 1475 950 1528 '0
982 1476 1358 1540 δὲ’ίουλιανδς
1394 1476 1672 1547 ὑπεροψίᾳ
1721 1477 1877 1531 πλεί-

304 1578 403 1633 στῃ
454 1562 595 1615 κατὰ
630 1564 978 1635 Χριστιανῶν
1014 1563 1114 1635 τὴν
1147 1565 1325 1636 ὁρμὴν
1355 1564 1607 1636 ἐσχηκὼς
1636 1564 1724 1619 διὰ
1749 1566 1879 1629 τοὺς

304 1651 728 1722 ἁπλουστέρους,
766 1654 866 1724 ἴσῳ
894 1653 1058 1707 πάθει
1104 1656 1244 1725 πρὸς
1271 1656 1372 1727 τὴν
1402 1658 1719 1727 Πορφυρίου
1750 1655 1879 1709 λύσ-

306 1762 405 1797 σαν
436 1743 727 1799 ἀπέκλινεν
750 1761 765 1777 ·
806 1747 899 1800 καὶ
928 1746 1098 1818 ἄμφω
1123 1747 1420 1819 τοιγαροῦν
1448 1749 1590 1820 μετὰ
1622 1747 1879 1817 γνώσεως

311 1837 552 1905 ἑλόμενοι
609 1839 711 1907 τὴν
772 1839 1137 1906 δυσσέϐειαν,
1192 1842 1562 1914 ἀποτρόπαιοι
1612 1843 1714 1908 τὰς
1778 1846 1880 1915 τῆς

1979 651 2049 705 Ει
2070 650 2122 704 in
2157 650 2501 705 Christianos
2530 648 2831 711 invehitur.
2870 649 3019 721 quod
3062 649 3370 718 simplicius
3392 653 3561 704 verba

1980 741 2326 796 oraculorum
2352 741 2642 810 accipiant.
2683 741 2904 796 Minime
2934 756 3064 796 vero
3093 753 3318 812 propter
3360 742 3562 796 multo-

1979 848 2102 889 rum
2147 834 2578 903 simplicitatem,
2615 833 2767 888 illum
2796 844 2946 912 tanto
2985 834 3127 890 fastu
3171 834 3434 889 adversus
3470 849 3561 889 sa-

1978 940 2100 981 cras
2125 925 2443 996 Scripturas
2469 926 2656 982 efferri
2702 927 2984 996 oportuit,
3036 942 3219 997 neque
3254 926 3435 982 odisse
3465 941 3559 980 eas

1978 1027 2075 1073 aut
2099 1021 2339 1073 aversari
2375 1026 2666 1088 propterea
2706 1017 2919 1084 debuit,
2948 1018 3094 1089 quod
3126 1034 3264 1088 quas
3290 1018 3407 1088 ipse
3436 1033 3561 1088 pcr-

1980 1125 2168 1181 peram
2195 1111 2272 1182 (i)
2305 1109 2661 1175 intellexerit,
2692 1125 2804 1164 non
2836 1125 3047 1177 omnes,
3071 1109 3232 1165 sicuti
3281 1111 3332 1165 ei
3375 1110 3556 1165 visum

1981 1211 2148 1268 esset,
2188 1204 2556 1274 accepissent.
2593 1202 2794 1259 Verum
2832 1203 2977 1257 idem
3021 1204 3069 1275 ei
3104 1202 3373 1257 accidisse
3400 1202 3556 1258 vidc-

1983 1303 2092 1360 tnr,
2123 1295 2267 1364 quod
2294 1294 2433 1364 patri
2465 1304 2521 1349 et
2563 1295 2827 1364 magistro
2856 1294 2977 1363 ejus
3015 1293 3318 1365 Porphyrio
3346 1292 3554 1349 evenit.

1981 1386 2027 1438 Α
2054 1386 2382 1456 quibusdam
2423 1401 2661 1456 namque
2696 1385 3029 1441 Christianis
3056 1384 3320 1440 Caesarem
3364 1385 3560 1439 verbe-

1980 1483 2134 1532 ratus
2180 1477 2294 1543 ille,
2356 1476 2502 1547 quod
2561 1477 2979 1549 injuriameam
3022 1491 3132 1530 non
3178 1475 3319 1530 bene
3366 1473 3557 1537 ferret,

1978 1568 2149 1623 veluti
2177 1577 2293 1623 atra
2328 1567 2439 1623 bile
2479 1568 2760 1638 percitus,
2807 1567 3293 1622 Christianismum
3333 1564 3559 1635 quidem

1980 1662 2254 1734 abjuravit
2276 1679 2289 1715 :
2314 1676 2508 1718 eorum
2535 1668 2719 1715 autem
2744 1661 2837 1731 qui
2858 1660 3031 1730 plagis
3059 1658 3211 1714 illum
3238 1656 3559 1719 aii'ecerant,

1980 1755 2130 1821 odio,
2160 1755 2228 1810 ad
2256 1753 2535 1811 Christum
2567 1752 3085 1809 etChristianornm
3114 1751 3429 1820 Scripturas
3458 1750 3561 1804 im-

1980 1848 2069 1919 pie
2099 1845 2365 1904 conviciis
2394 1844 2828 1916 proscindendas
2858 1851 2943 1900 est
2973 1858 3299 1915 progressus
3321 1860 3341 1898 :
3365 1858 3563 1913 quemv

315 1930 554 1983 ἑκουσίου
591 1931 868 2003 ἁμαρτίας
897 1934 1351 2005 είσπραττόμενοι
1375 1935 1553 2001 δίκας.
1592 1935 1751 1993 Ἐπεὶ
1772 1936 1818 1990 δ’
1846 1939 1875 1991 ὁ

1988 1939 2276 1996 admodum
2333 1939 2605 1995 Eusebius
2662 1937 2931 2007 Pamphili
2998 1935 3203 2006 inquit,
3284 1933 3380 2004 qui
3442 1932 3562 2004 ejus

311 2023 559 2087 Λιϐἀνιος
592 2024 965 2096 ἐπιχλευάζων
996 2025 1206 2098 ὥσπερ,
1247 2029 1351 2082 Τὸν
1393 2030 1456 2083 ὲκ
1480 2027 1877 2100 Παλαιστίνης,

307 2117 492 2186 φησὶν,
523 2116 836 2186 ἄνθρωπον,
863 2119 997 2172 Θεόν
1030 2136 1090 2173 τε
1119 2119 1213 2174 καὶ
1236 2120 1375 2175 Θεοῦ
1409 2121 1576 2176 παῖδα
1603 2121 1876 2192 ποιοῦσιν,

303 2205 491 2283 ἔοικεν.
513 2208 676 2272 αὐτὸς
705 2209 1062 2281 ἐπιλελῆσθαι
1094 2211 1243 2277 ὅπως
1273 2214 1369 2266 ἐπὶ
1398 2213 1546 2268 τέλει
1589 2215 1687 2269 τοῦ
1717 2215 1878 2288 εἰρη-

305 2301 471 2371 μένου
495 2301 657 2371 λόγου
684 2303 777 2357 τὸν
809 2303 1102 2359 ’ῐουλιανὸν
1130 2305 1378 2376 ἀποθεοῖ,
1407 2307 1635 2376 φάσκων
1664 2307 1840 2372 οὕτως
1860 2324 1877 2340 ο

304 2392 414 2446 Τὸν
450 2393 667 2463 πρῶτον
700 2394 936 2465 ἄγγελον
963 2397 1062 2466 τῆς
1086 2397 1345 2469 τελευτῆς
1389 2398 1589 2470 μικροῦ
1621 2400 1886 2455 κατέλευ-

304 2498 430 2550 σαν,
490 2482 565 2549 ὡς
613 2483 750 2537 Θεοῦ
786 2486 1297 2558 καταψευδόμενοψ
1331 2488 1431 2543 καὶ
1487 2485 1645 2554 αὖθις
1704 2491 1885 2563 μικρά

302 2569 576 2642 είρηκώςο
611 2569 730 2624 «Ὦ
783 2572 1056 2644 δαιμόνων
1102 2575 1225 2646 μὲν,
1284 2577 1441 2649 φησὶ,
1500 2579 1566 2632 σὺ
1619 2579 1882 2650 τρόφιμε,

303 2665 580 2735 δαιμόνων
614 2666 669 2720 δὲ
698 2666 941 2739 μαθητὰ,
973 2669 1244 2741 δαιμόνων
1270 2669 1329 2723 δὲ
1359 2671 1726 2744 παρεδρευτά.
1770 2691 1789 2726 ι
1817 2675 1882 2728 Ei

304 2758 402 2812 καὶ
430 2758 611 2824 ἄλλως
638 2754 794 2825 οὗτος
831 2760 997 2832 δῆθεν
1023 2762 1164 2816 ἐνόει
1198 2763 1274 2834 μὴ
1298 2764 1407 2834 τὴν·
1432 2765 1763 2835 ὁμωνυμίαν
1788 2766 1889 2821 ὲκ-

306 2851 519 2921 κλίνας,
555 2854 705 2924 ὅμως
733 2856 907 2908 ταῦτα
936 2856 1125 2925 λέγειν
1143 2857 1316 2924 δοκεῖ,
1347 2856 1384 2913 ἃ
1414 2860 1510 2914 καὶ
1557 2860 1885 2930 Χριστιανοὶ

305 2944 555 3013 λέγοντες
595 2947 973 3012 ὀνειδίζονται.
1022 2950 1087 3003 Εί
1137 2947 1232 3006 οὖν
1297 2950 1541 3006 ἐπαίνων
1601 2953 1763 3023 μόνον
1814 2947 1884 3025 ἦν

306 3036 500 3106 ἐκείνῳ
518 3039 767 3109 φροντὶς,
792 3039 904 3093 ἔδει
922 3040 1021 3112 τὴν
1037 3041 1329 3112 ὁμώνυμον
1355 3041 1685 3098 ἀπώσασθαι
1706 3043 1884 3112 λέξιν,

309 3126 500 3200 ὥσπερ
530 3131 673 3202 δῆτα
701 3132 798 3186 καὶ
826 3132 1063 3204 ἀλλαχοῦ
1095 3134 1414 3205 πεποιηκὼς
1452 3135 1743 3206 φαίνεται·
1775 3138 1885 3192 λοι-

305 3221 558 3292 δορηθεὶς
613 3228 721 3299 γὰρ
770 3225 860 3280 διὰ
908 3226 1077 3295 λέξιν,
1107 3227 1218 3281 τῶν
1265 3229 1466 3285 ἑαυτοῦ
1515 3229 1693 3299 λόγων
1718 3228 1885 3296 ἐξὲωο

309 3331 424 3371 σεν.

1980 2033 2249 2088 adversus
2296 2046 2400 2086 nos
2427 2030 2763 2101 compositos
2808 2029 2981 2084 libros
3014 2027 3221 2098 optime
3271 2025 3560 2081 refutavit.

1978 2126 2232 2184 Julianus
2264 2133 2448 2180 autem
2501 2138 2598 2194 per
2638 2122 3010 2193 arrogantiam
3056 2121 3363 2191 ingentem,
3429 2134 3561 2190 pro-

1979 2228 2103 2291 pter
2130 2218 2515 2289 simpliciores,
2531 2217 2740 2287 impetu
2768 2215 2990 2272 iurioso‘
3011 2212 3562 2270 contraChristianos

1982 2321 2284 2384 concepto,
2328 2310 2525 2367 eodem
2577 2309 2741 2366 modo
2784 2308 2851 2365 ad
2891 2307 3182 2380 Porphyrii
3226 2306 3437 2362 rabiem
3469 2306 3566 2362 de-

1982 2405 2228 2461 clinavit.
2265 2403 2379 2475 39
2410 2403 2601 2473 itaque
2630 2402 2794 2457 ambo
2829 2400 3140 2457 detestandi
3185 2416 3200 2454 :
3233 2400 3439 2470 quippe
3467 2399 3562 2468 qui

1982 2494 2289 2566 prudentes
2352 2503 2520 2565 atque
2590 2492 3232 2562 scientesaimpielatem
3287 2483 3562 2560 complexi

1984 2589 2118 2655 sint,
2149 2597 2207 2644 et
2238 2586 2540 2653 voluntarii
2585 2595 2877 2657 propterea
2931 2583 3301 2653 consultaque
3334 2581 3563 2637 admissi

1982 2681 2197 2753 peccati
2243 2680 2581 2750 supplicium
2616 2677 2884 2750 pendant.
2929 2676 3231 2731 Enimvero
3275 2673 3564 2739 Libanius,

1985 2773 2138 2841 dum,
2170 2773 2342 2829 veluti
2384 2787 2486 2827 nos
2536 2772 2798 2834 irridens,
2849 2768 3205 2826 Palaestinum
3241 2766 3522 2823 hominem
3551 2807 3565 2829 ,

1986 2865 2190 2937 inquit,
2218 2866 2392 2922 Deum
2422 2865 2631 2936 Deique
2662 2864 2861 2919 Filium
2904 2862 3120 2916 faciunt
3146 2901 3161 2927 ,
3205 2860 3412 2915 oblitus
3441 2872 3564 2913 esse

1986 2957 2230 3022 videtur,
2262 2956 2541 3027 quomodo
2592 2955 2647 3009 in
2688 2954 2796 3009 [ine
2826 2953 2947 3023 ejus
2977 2966 3103 3021 quae
3132 2951 3281 3004 dicta
3308 2956 3400 3002 est
3436 2961 3566 3000 ora-

1989 3050 2179 3117 tionis,
2241 3050 2520 3106 Julianum
2573 3047 2629 3103 in
2681 3060 2978 3101 numerum
3027 3045 3260 3100 deorum
3313 3042 3564 3095 referat:

1987 3145 2229 3215 primum
2287 3142 2490 3198 Juliani
2541 3140 2733 3195 obitus
2781 3137 3039 3192 nuntium
3102 3149 3246 3201 pene
3291 3132 3572 3202 lapidibus

1990 3235 2247 3290 obrutum
2278 3248 2422 3297 esse,
2448 3231 2620 3287 veluti
2654 3231 2703 3284 is
2726 3229 2993 3283 adversus
3013 3226 3185 3280 Deum
3214 3223 3568 3279 mentiretur.

1914 3309 1957 3368 (ἶ
1990 3327 2207 3383 dicens.
2244 3327 2314 3381 Et
2343 3325 2535 3396 paucis
2589 3320 2942 3392 interpositis
2979 3318 3188 3382 verbis,
3214 3329 3435 3370 rursum
3470 3328 3567 3367 ex-

305 3409 597 3467 clamans:
639 3431 658 3465 t
690 3411 735 3470 Ο
779 3414 1094 3472 daemonum
1137 3418 1385 3487 alumne,
1415 3419 1727 3476 daamonum
1792 3429 2058 3489 sectator,
2129 3421 2442 3477 daemonum
2507 3431 2778 3473 assessor.
2822 3433 2840 3466 ι
2872 3414 2942 3469 Et
2990 3410 3246 3482 quamvis
3279 3408 3374 3462 ille
3416 3406 3570 3461 hisco
3645 3428 3653 3435 -

305 3506 497 3561 verbis
529 3507 679 3564 aliud
725 3511 981 3577 sentiret,
1022 3521 1206 3568 tamen
1249 3529 1362 3570 non
1389 3516 1561 3571 vitato
1599 3516 1888 3586 aaquivoco
1921 3530 2018 3571 seu
2055 3515 2313 3585 ambiguo
2347 3512 2542 3577 verbo,
2590 3511 2739 3565 idem
2809 3508 2997 3563 dicere
3026 3504 3273 3569 videtur,
3345 3515 3471 3571 quae
3515 3508 3576 3553 et

305 3599 607 3658 Christiani
638 3603 744 3674 ipsi
785 3619 885 3674 per
927 3607 1244 3663 convicium
1294 3609 1363 3665 de
1397 3611 1622 3666 Juliano
1671 3610 1886 3667 dicunt.
1929 3609 2087 3677 Quod
2113 3609 2160 3665 si
2221 3608 2481 3678 Sophista
2516 3620 2688 3661 unum
2729 3605 2871 3667 hoc,
2914 3609 2976 3656 ut
3002 3606 3309 3669 apostatatn
3378 3592 3576 3649 lauda-

307 3709 411 3762 ret,
458 3698 588 3768 egit,
640 3699 940 3755 dictionem
992 3715 1143 3758 certe
1188 3706 1500 3776 ambiguam
1533 3707 1767 3777 rejicere
1829 3705 2131 3761 debuisset.
2199 3702 2356 3771 Quod
2390 3701 2613 3772 quidem
2672 3697 2805 3754 alibi
2854 3710 2981 3751 eum
3037 3692 3257 3755 fecisse,
3323 3695 3574 3758 apparet.

306 3793 443 3848 Nam
495 3794 565 3850 de
604 3796 775 3853 verbo
805 3798 1042 3868 quodam
1084 3803 1350 3871 probrose
1383 3806 1790 3874 reprehensus,
1816 3804 1871 3859 in
1911 3803 2262 3860 orationibus
2299 3801 2416 3856 suis
2452 3798 2509 3855 id
2543 3797 2783 3854 induxit.

391 3886 535 3940 Ἀλλ’
557 3889 706 3953 ὅπως
729 3890 757 3943 6
784 3892 922 3944 κατὰ
951 3891 1189 3961 Χριστὸν
1215 3894 1313 3949 ἄνθ
1325 3912 1504 3966 ρωπος
1526 3894 1889 3963 θεολογεῖταιο

311 3980 407 4031 καὶ
446 3979 521 4041 ὡς
556 3980 614 4031 τὸ
650 3980 751 4050 μὲν
781 3982 1117 4052 φαινόμενον
1149 3984 1435 4055 ἄνθρωπος
1466 3981 1557 4056 ἦν,
1589 3986 1718 4049 Θεὸς
1745 3986 1802 4038 δὲ
1831 3984 1893 4038 τὺ

312 4071 604 4140 νοούμενον
624 4089 640 4105 ⁸
668 4077 764 4129 καὶ
790 4076 959 4146 ἄμφω
989 4078 1154 4132 πάλιν
1200 4080 1350 4141 ὅπως
1405 4081 1523 4132 ἐστὶ
1547 4080 1643 4132 καὶ
1671 4078 1887 4148 ἅνθρω-

310 4179 432 4230 πος,
470 4165 637 4235 ἄμφω
662 4166 880 4239 Γραφαί
911 4186 972 4222 τε
1005 4170 1151 4225 θεῖα-ι
1194 4170 1468 4241 ἀριδὴλως
1507 4171 1891 4238 διεξιᾶσι,.καὶ

309 4259 657 4328 Χριστιανῶν
706 4263 903 4326 παῖδες
968 4265 1169 4317 ῑσασιν.
1232 4265 1497 4335 ’Έλληνες
1546 4265 1623 4331 δὲ,
1660 4266 1767 4336 πρὸ
1794 4263 1890 4319 τοῦ

311 4354 631 4421 πιστεῦσαι,
658 4355 781 4418 πῶς
801 4356 868 4410 ἂν
904 4357 1098 4412 εἰδεῖεν
1124 4375 1139 4425 ;
1181 4360 1551 4429 Προσίσταται
1578 4360 1687 4428 γὰρ
1709 4359 1890 4412 ἐκεῖνο

314 4447 447 4518 θείῳ
494 4449 734 4518 χρησθὲν
776 4450 1098 4521 Πνεύματι·
1171 4451 1311 4506 Ἐὰν
1351 4452 1438 4521 μὴ
1495 4452 1888 4518 πιστεύσητε,

313 4540 559 4610 οὺδὲμὴ
593 4544 847 4611 συνῆτε.
877 4544 1097 4599 Μᾶλλον
1129 4546 1228 4612 μὲν
1253 4544 1347 4600 οὖν
1376 4546 1574 4608 αὐτοὺς
1607 4546 1702 4597 καὶ
1724 4548 1891 4613 ἐγκα-

312 4634 612 4691 λύπτεσθαι
643 4637 778 4705 ἔδει,
817 4640 1052 4702 πολλοὺς
1083 4640 1395 4710 ἀνθρώπων
1426 4638 1852 4700 ἀποθεὼσαντας
1876 4653 1890 4669 ο

2070 3898 2270 3953 Verum
2298 3895 2585 3949 enimvero
2607 3889 2887 3962 quomodo
2933 3886 3192 3943 Christus
3233 3884 3402 3940 homo
3435 3885 3579 3939 Deus

1994 4004 2218 4060 quoque
2248 3990 2343 4052 sit,
2389 3996 2447 4041 et
2471 3985 2617 4055 quod
2652 3985 2707 4038 in
2743 3998 2811 4039 eo
2862 3988 3115 4052 apparet,
3172 3978 3373 4033 homo:
3429 3977 3576 4040 quod

1998 4091 2182 4135 autem
2216 4076 2576 4147 intelligentia
2599 4074 2931 4147 percipitur,
2970 4072 3114 4126 Deus
3141 4070 3250 4126 sit:
3272 4079 3329 4124 et
3355 4083 3578 4123 rursum

1995 4174 2274 4245 quomodo
2296 4174 2441 4228 idem
2464 4174 2634 4227 homo
2667 4172 2814 4226 Deus
2833 4168 3087 4230 exsistat,
3110 4174 3408 4234 utrumque
3444 4164 3582 4218 satis

1998 4274 2148 4327 clare
2172 4269 2376 4322 divinae
2401 4264 2967 4325 ostenduntLitteraz,
2997 4270 3164 4327 atque
3192 4258 3245 4312 id
3272 4256 3594 4312 Christiani.

1997 4372 2220 4419 norunt.
2247 4360 2449 4416 Graeca:
2465 4362 2645 4412 autem
2664 4353 3076 4424 superstitionis
3099 4352 3363 4411 cultores,
3394 4350 3585 4418 prius-

1995 4470 2160 4529 quam
2193 4453 2440 4515 credant,
2485 4448 2764 4521 quontodo
2810 4447 2866 4501 id
2897 4446 3042 4501 scire
3072 4441 3315 4513 queant?
3380 4440 3591 4496 Obstat

2002 4564 2244 4619 namque
2272 4545 2432 4609 illud,
2473 4543 2621 4613 quod
2651 4540 2827 4597 divini
2856 4538 3099 4608 Spiritus
3120 4535 3350 4590 oraculo
3368 4534 3578 4588 dictum

2001 4653 2121 4700 est:
2153 4641 2211 4697 Si
2236 4655 2339 4696 non
2372 4632 2724 4699 credideritis,
2755 4647 2861 4687 non
2886 4627 3195 4694 intelligetis
3222 4626 3260 4680 ⁸.
3294 4625 3437 4691 Quin
3460 4625 3579 4678 illot»

320 4729 613 4789 καὶταῦτα
650 4730 839 4797 τίνας;
885 4733 1011 4785 Εἴθε
1047 4734 1145 4803 μὲν
1186 4731 1301 4795 οὖν,
1357 4732 1461 4787 κᾶν
1484 4733 1758 4786 εἱδίκαιοι
1799 4732 1885 4785 καλ

2003 4738 2243 4793 obducta
2276 4741 2452 4797 veste,
2490 4729 2704 4800 pudore
2757 4724 2944 4795 potius
2999 4720 3141 4776 allici
3179 4717 3580 4780 conveniebat,

319 4824 621 4893 σώφρονεςο
679 4827 713 4896 ἢ
751 4826 847 4880 τὸν
878 4829 1080 4897 τρόπον
1113 4845 1179 4895 γε
1214 4824 1353 4899 ἦσαν
1405 4827 1673 4899 χρηστοί’
1714 4825 1810 4878 νῦν
1839 4825 1898 4878 δὲ

314 4917 631 4972 τούναντίον
674 4919 843 4983 ἅπαν,
907 4920 1097 4992 ἀδικίᾳ
1146 4923 1241 4974 καὶ⁸
1283 4921 1426 4992 μέθῃ
1469 4921 1565 4974 καὶ
1600 4917 1897 4989 διαφθορᾷ,

228 5046 229 5049 η
319 5008 610 5077 ζήσαντας.
663 5009 920 5065 Δείκνυσι
947 5010 1108 5064 τοῦτο
1168 5010 1471 5081 Ἡρακλῆς,
1496 5009 1593 5063 καὶ
1621 5010 1899 5075 Διόνυσος,

319 5103 417 5154 καὶ
459 5103 822 5172 ’Λσκληπιός’
860 5105 986 5158 καθ’
1026 5100 1101 5159 ὧν
1141 5105 1384 5176 συνεχῶς
1425 5105 1597 5176 ὀμνὺς
1631 5102 1897 5169 Λιϐάνιος

315 5196 421 5248 οὐκ
452 5195 767 5266 αἰσχύνεται
794 5214 808 5230 ’
845 5193 921 5255 ὧν
962 5200 1088 5262 τοὺς
1124 5198 1339 5269 ἔρωτας
1363 5201 1461 5253 καὶ
1500 5200 1599 5270 τὴν
1632 5198 1897 5269 περιττὴν

318 5289 592 5360 φλυαρίαν
621 5291 670 5344 εί
699 5293 892 5363 καιρὸς
912 5293 1086 5346 ἐδίδου
1112 5293 1568 5364 ἁπαριθμείσθαι,
1596 5291 1804 5355 πλατὺς
1831 5291 1899 5344 ἂν

320 5389 414 5435 καὶ
444 5383 709 5447 ἄσϐεστος
736 5385 1020 5457 ἀνερράγη
1056 5386 1232 5455 γέλως
1287 5388 1402 5449 τοῖς
1444 5383 1709 5455 σώφροσι.
1746 5383 1896 5455 Πλὴν

314 5474 626 5546 ἀποχρήσει
656 5480 771 5542 τοῖς
803 5478 1085 5532 ἐθέλουσιν
1119 5479 1196 5543 ὡς
1217 5479 1385 5551 τάχος
1418 5480 1571 5544 ίδείν,
1600 5480 1628 5532 ὃ
1660 5493 1719 5531 τε
1742 5476 1894 5547 Ἀρι-

320 5572 608 5635 στοτέλους
634 5573 860 5641 πέπλος,
899 5576 927 5628 ὁ
978 5575 1237 5628 Διονύσου
1278 5575 1568 5644 στέφανος,
1608 5575 1700 5626 καὶ
1742 5576 1769 5626 ὁ
1801 5589 1899 5625 πο-

316 5665 627 5753 λυμνήμων
688 5666 971 5738 Ῥηγίνου,
1025 5670 1175 5724 καὶὸ
1206 5670 1316 5723 τῶν
1350 5668 1592 5740 ποιητῶν
1629 5669 1812 5738 χορὸς,
1850 5664 1899 5716 οἳ

399 5783 413 5814 ²
440 5782 525 5839 [sa
582 5800 679 5847 vn.
710 5785 765 5840 9.

2005 4830 2101 4902 qui
2132 4829 2388 4883 homines
2413 4824 2619 4878 multos
2661 4820 2717 4875 in
2751 4818 2982 4872 deorum
3038 4827 3334 4873 numerum
3376 4811 3586 4865 retule-

2004 4923 2140 4986 rint,
2170 4930 2335 4989 atque
2381 4931 2481 4972 eos
2523 4926 2792 4983 quosnam
2824 4908 3052 4979 quaeso?
3080 4904 3394 4974 Optandum
3450 4918 3586 4957 sane

2004 5023 2178 5080 esset,
2208 5013 2386 5083 justos
2414 5022 2510 5063 eos
2537 5015 2595 5061 et
2626 5009 3023 5071 temperantes,
3061 4998 3340 5053 autaljter
3365 5010 3581 5050 morum

2009 5107 2322 5178 integritate
2352 5101 2613 5171 probatos
2643 5097 2832 5152 fuisse.
2862 5095 3063 5150 Verum
3091 5091 3377 5148 contraria
3401 5091 3585 5143 omnia

2009 5204 2064 5257 in
2088 5202 2172 5256 eis
2203 5184 2554 5269 rcperiuuitur
2583 5189 2814 5260 :quippe
2842 5187 2937 5257 qui
2964 5184 3256 5257 injustitia,
3288 5183 3585 5239 ebrietate,

2010 5304 2068 5349 et
2123 5292 2332 5362 stupris
2365 5283 2647 5358 probrosis
2678 5281 2846 5336 vitam
2885 5278 3275 5349 transegerint.
3334 5274 3590 5329 Declarat

2011 5387 2114 5441 hoc
2140 5383 2417 5445 Hercules,
2448 5377 2762 5447 Dionysius,
2812 5383 2870 5429 ct
2906 5370 3289 5438 Escnlapius:
3324 5380 3424 5436 per
3446 5380 3585 5432 quo-

2008 5495 2130 5532 rum
2163 5476 2387 5530 numina
2416 5472 2547 5526 dum
2588 5467 2856 5523 Libanius
2885 5458 3148 5521 continue
3180 5464 3234 5516 in
3269 5461 3432 5517 libris
3464 5458 3584 5512 suis

2002 5574 2174 5643 jural,
2204 5585 2313 5622 non
2341 5565 2841 5620 erubcseiuamen.
2872 5559 3038 5628 Atqui
3090 5558 3310 5612 illorum
3368 5566 3586 5606 amores

2009 5665 2231 5717 insanos
2256 5668 2312 5715 et
2335 5664 2661 5727 nugamenta
2723 5654 2850 5718 alia,
2887 5653 2933 5708 si
2983 5664 3083 5719 per
3116 5657 3332 5717 tempus
3379 5644 3591 5701 referre

397 5905 476 5977 (5)
509 5906 732 5968 Κακῶς.
759 5903 839 5960 lta
869 5905 1019 5964 enim
1050 5903 1347 5980 legendum
1378 5902 1544 5961 etiam
1576 5900 1722 5971 apud
1757 5901 1914 5958 Socr.
1955 5897 2057 5953 lib.
2098 5912 2181 5964 ιιι,
2213 5910 2333 5963 cap.
2369 5894 2438 5947 ~23
