4056 6422
396 408 502 473 565

974 517 1227 573 ΚΕΦΑΛ.
1258 517 1382 572 ΛΖ’.

330 672 335 677 ο
409 638 511 696 Ἐκ
539 635 646 693 τοῦ
680 638 965 707 δευτέρου
999 635 1151 692 κατὰ
1213 636 1551 707 Ἰουλιανοῦ
1585 637 1972 707 -στηλιτευτιτ

468 708 582 763 κοῦ
635 710 825 777 λόγου
853 704 1213 777 Τρηγορίου
1247 706 1356 760 τοῦ
1386 705 1787 777 θεορῤήμονος
1834 704 1969 777 περί

470 780 579 833 τοῦ
627 772 838 845 ἤθους,
889 772 988 830 καὶ
1013 772 1264 846 τρόπον,
1302 777 1403 828 καὶ
1431 772 1835 846 διαπλάσεως,
1872 772 1974 827 καὶ

464 850 574 904 τοῦ
608 844 871 903 θανάτου
913 849 1012 901 καὶ
1040 844 1237 916 ταφῆς
1270 846 1376 900 τοῦ
1415 844 1774 900 Ἰουλιανοῦ.

474 960 619 1028 Ἐγὼ
671 959 716 1011 δ’
772 960 960 1021 ὁποῖος
993 953 1062 1028 ἦν
1108 955 1405 1019 Ἰουλιανὸς
1430 956 1523 1010 τόν
1554 973 1611 1009 τε
1640 957 1846 1026 τρόπον
1876 957 1972 1008 καὶ

392 1054 453 1107 τὸ
480 1047 613 1124 ἦθος
664 1050 762 1104 καὶ
814 1049 916 1119 τὴν
944 1049 1143 1104 πλάσιν
1162 1051 1284 1116 ζτοῦ
1320 1051 1592 1119 σώματος,
1636 1050 1730 1102 καὶ
1779 1047 1972 1104 ὁτοέαν

395 1142 520 1212 ἔσχε
547 1142 644 1213 τὴν
671 1142 958 1208 τελευτὴν,
1007 1143 1107 1195 καὶ
1133 1141 1210 1202 ὡς
1234 1141 1508 1194 ἀποθεοῦν
1547 1141 1741 1195 ὲαυτδν
1772 1141 1969 1207 είλετο,

394 1237 495 1290 οὐκ
518 1235 676 1288 ἄλλον
700 1232 1018 1298 ἀξιόπιστον
1054 1233 1366 1303 παρέξομαι
1403 1232 1714 1304 μάρτυραῆ
1746 1233 1837 1285 τὸν
1869 1251 1971 1287 πο·-

396 1326 494 1379 λὺν
523 1326 616 1379 καὶ
642 1326 817 1396 μέγαν
851 1328 911 1398 ev
940 1327 1193 1397 θεολογίᾳ
1224 1326 1549 1397 Γρηγόριον,
1581 1327 1729 1396 αὐτῷ
1752 1345 1808 1382 τε
1837 1344 1970 1395 συγ-

396 1421 714 1490 γενόμενον,
748 1421 847 1473 καὶ
909 1422 1129 1490 σύναμα
1164 1421 1278 1483 τοῖς
1346 1419 1741 1483 διδασκαλείοις
1781 1423 1971 1490 φοιτή-

397 1531 588 1579 σαντα,
626 1516 718 1568 καὶ
747 1515 823 1577 ὡς
851 1516 951 1568 οὐκ
975 1512 1076 1569 οἷδ’
1102 1516 1154 1568 εῐ
1188 1532 1272 1577 τις
1300 1515 1489 1584 ἕτερος
1518 1514 1587 1567 τὰ
1609 1504 1732 1569 κατ’
1764 1516 1972 1568 ἐκεῖνον

396 1607 596 1669 εἰδότα,
631 1607 726 1657 καὶ
752 1606 826 1676 ὡς
853 1605 1030 1676 χρεὼν
1071 1607 1438 1671 διαπαίξαντά
1469 1623 1527 1657 τε
1563 1606 1656 1659 καὶ
1687 1604 1972 1676 στηλιτεύ-

400 1714 588 1753 σαντα.
609 1700 698 1750 Ἑν
728 1699 859 1767 γοῦν
888 1698 963 1768 τῷ
993 1698 1238 1769 δευτέρῳ
1275 1695 1708 1766 Στηλιτευτικῷ
1739 1696 1969 1749 Ἰουλιαο

403 1792 492 1843 νοῦ
548 1791 642 1844 καὶ
700 1792 843 1845 κατὰ
894 1786 1169 1863 Ἑλλήνων
1221 1792 1399 1844 τοιάδε
1432 1791 1563 1859 περὶ
1596 1790 1788 1842 τούτου
1828 1791 1970 1843 κατὰ

406 1883 541 1947 λέξιν
568 1885 736 1955 φησί·
773 1903 791 1935 ι
832 1858 1176 1946 Ταῦτα-τοῖς
1210 1884 1310 1953 μὲν
1333 1885 1575 1954 ἅλλοιςή
1630 1885 1797 1951 πεῖρα
1830 1899 1975 1949 παρ-
2002 1858 2048 1919 Β
2083 1873 2102 1906 ⁸

406 1975 619 2043 έστησε,
645 1977 737 2028 καὶ
764 1979 797 2047 η
822 1976 1112 2031 δυναστεία
1144 1976 1533 2046 προσλαϐοῦσα
1564 1976 1665 2048 τὴν
1694 1978 1968 2045 ἐξουσίαν’

399 2056 522 2137 ἐμοὶ
552 2066 608 2119 δὲ
637 2067 733 2119 καὶ
768 2068 1054 2139 πόρρωθεν
1072 2068 1275 2140 τρόπον
1298 2069 1420 2122 τινὰ
1448 2069 1678 2139 ἑωρᾶτο,
1715 2071 1776 2136 ἐξ
1801 2067 1862 2125 οὗ
1894 2071 1971 2143 τῷ

397 2160 549 2230 ἀνδρὶ
586 2158 963 2230 συνεγενόμην
1026 2161 1322 2234 Ἀθήνῃσιν
1350 2179 1364 2193 ο
1414 2160 1545 2235 ἦλθε
1575 2165 1682 2234 γὰρ
1720 2167 1969 2234 κάκεῖσε,

343 2250 369 2325 ζ
398 2252 524 2322 ἄρτι
558 2254 666 2331 τῷν
721 2254 865 2307 κατὰ
889 2256 980 2308 τὸν
1011 2255 1243 2324 ἀδελφὸν
1298 2256 1463 2309 αὐτοῦ
1495 2258 1971 2330 νεωτερισθέντων

398 2345 535 2415 πρὸς
583 2342 832 2414 βασιλέα,
874 2347 1046 2412 ,τοῦτο
1076 2349 1208 2402 αὐτὸ
1247 2349 1755 2419 παραιτησάμενος.
1785 2351 1971 2415 Διττὸς

392 2439 451 2490 δὲ
485 2438 653 2493 αὐτοῦ
690 2441 789 2509 τῆς
851 2442 1153 2513 ἐπιδημίας
1193 2446 1223 2498 ὁ
1270 2441 1464 2512 λόγοςς
1497 2447 1524 2498 ὁ
1559 2448 1660 2517 μὲν
1689 2448 1973 2516 εὐπρεπέ-

396 2545 615 2598 στερος,
651 2529 773 2582 καθ’
799 2531 1042 2601 ἱστορίαν
1095 2532 1192 2601 τῆς
1234 2533 1485 2598 Ἑλλάδος
1531 2536 1623 2588 καὶ
1646 2535 1755 2588 τῶν
1790 2537 1970 2591 ἐκεῖσε

391 2622 800 2694 παιδευτηρίων
824 2638 839 2655 ⁸
897 2627 923 2678 ὁ
953 2625 1009 2676 δὲ
1040 2625 1483 2697 ἀπορῤητότερος
1537 2630 1630 2682 καὶ
1662 2631 1723 2683 οὐ
1758 2632 1970 2694 πολλοῖς

393 2718 695 2788 γνώριμος,
727 2717 867 2771 ὥστε
894 2722 1007 2781 τοῖς
1044 2722 1161 2773 ἐκεῖ
1191 2722 1377 2786 θύταις
1413 2725 1508 2777 καὶ
1534 2724 1814 2778 ἀπατεῶσι
1839 2726 1969 2796 περὶ

391 2811 501 2863 τῶν
556 2812 681 2865 καθ’
734 2814 929 2866 ἑαυτὸν
989 2815 1374 2883 συγγενέσθαι,
1443 2814 1600 2870 οὔπω
1650 2821 1970 2890 παρρησίαν

392 2904 620 2976 ἐχούσης
656 2907 756 2976 τῆς
788 2908 1069 2971 ἀσεῦείας.
1125 2908 1261 2961 Τότε
1288 2909 1467 2963 τοίνυν
1506 2911 1566 2962 οὐ
1612 2910 1818 2981 φαῦλος
1859 2914 1970 2980 ἐγὼ

392 2998 484 3050 τοῦ
541 3000 733 3068 ἀνδρὸς
772 3002 1038 3072 εἰκαστὴς
1074 2998 1193 3055 οἶδα
1233 3002 1551 3073 γενόμενος,
1588 3004 1770 3058 καίτοι
1805 3024 1869 3075 γε
1905 3008 1966 3060 οὐ

392 3092 500 3149 τῶν
531 3092 590 3145 εὖ
630 3098 955 3163 πεφυκότων
1009 3099 1139 3165 περὶ
1170 3096 1346 3150 ταῦτα
1380 3092 1458 3161 εἷς
1488 3097 1565 3152 ὧν
1590 3115 1605 3129 ·
1636 3101 1751 3154 ἀλλ’
1794 3102 1967 3156 ἐποίει

398 3202 467 3255 με
504 3186 765 3256 μαντικὸν
796 3188 948 3258 ἡτοῦ
981 3189 1146 3259 ἤθους
1199 3191 1513 3261 ἀνωμαλία,

392 3277 485 3331 τὸν
518 3277 613 3340 τῆς
640 3280 949 3341 ἐκστάσεως
976 3322 993 3347 ,
1042 3283 1207 3352 εἴπερ
1242 3285 1435 3352 μάντις
1475 3284 1699 3355 ἄριστος
1725 3286 1782 3346 ὃς
1814 3287 1968 3341 είκά-

320 3382 323 3387 ·
398 3373 482 3435 ζει
536 3374 739 3436 καλῶς.
795 3366 1024 3438 Οὐδενὸς
1054 3376 1164 3446 γὰρ
1210 3378 1388 3431 ἐδόκει
1443 3397 1537 3449 μοι
1575 3382 1805 3449 σημεῖον
1827 3381 1968 3436 εἶναι

392 3466 657 3536 χρηστοῦ,
687 3467 862 3551 αθχὴν
886 3469 1133 3537 ἀπαγὴς,
1185 3462 1329 3539 ὦμοι
1359 3472 1693 3551 παλλόμενοι
1718 3476 1813 3527 καὶ
1837 3478 1971 3530 ἁνα-

390 3550 750 3633 κοπτόμενοι,
777 3563 1059 3634 ὀφθαλμὸς
1105 3550 1435 3637 σοϐούμενος
1470 3568 1565 3622 καὶ
1592 3571 1967 3640 περιφερόμε-

389 3671 480 3723 νος
533 3657 625 3708 καὶ
682 3656 915 3726 μανικὸν
971 3657 1215 3727 βλέπων,
1270 3659 1429 3722 πόδες
1483 3660 1849 3726 ἀστατοῦντες
1875 3667 1968 3718 καὶ

396 3749 845 3820 μετοκλάζοντες,
884 3753 1099 3823 μυκτὴρ
1133 3751 1292 3823 ὓϐριν
1340 3755 1521 3808 πνέων
1571 3758 1669 3810 καὶ
1701 3760 1970 3829 περιφρόι

391 3859 571 3909 νησιν,
624 3843 924 3916 προσώπου
997 3849 1383 3918 σχηματισμοὶ
1454 3852 1857 3920 καταγέλαστοι
1907 3855 1968 3906 τὸ

391 3937 526 3989 αὐτὸ
556 3937 906 4003 φρονοῦντες,
936 3940 1174 4008 γέλωτες
1202 3942 1461 4014 ἀκρατεῖς
1495 3946 1593 3999 καὶ
1637 3946 1967 4016 βρασματώ-

389 4027 522 4092 δεις,
563 4030 774 4091 νεύσεις
803 4031 898 4082 καὶ
923 4030 1246 4094 ἀνανεύσεις
1279 4032 1379 4085 σὺν
1401 4032 1576 4087 οὐδενὶ
1604 4035 1769 4104 λόγῳ,
1804 4037 1967 4105 λόγος

390 4124 678 4193 ἱστάμενος
738 4126 834 4179 καὶ
889 4125 1231 4194 κοπτόμενος
1289 4126 1606 4197 πνεύματι,
1662 4132 1965 4200 ἐρωτήσεις

387 4219 615 4273 ἄτακτοι
680 4218 775 4270 καὶ
836 4217 1112 4284 ἁσύνετοι,
1172 4219 1497 4289 ἀποκρίσεις
1543 4222 1700 4275 οὐδὲν
1754 4224 1973 4279 τούτων

387 4310 666 4380 ἀμείνους,
706 4309 979 4380 ἀλλήλαις
1013 4313 1458 4380 ὲπεμϐαίνουσαι
1495 4316 1591 4368 καὶ
1627 4316 1726 4369 οὐκ
1770 4319 1965 4373 εὐστα-

388 4405 524 4472 θεῖς,
562 4406 686 4459 οὐδὲ
732 4405 886 4472 τάξει
943 4408 1231 4478 προϊοῦσαι
1261 4409 1624 4471 παιδεύσεως.
1688 4412 1753 4465 Τί
1793 4411 1865 4466 ἂν
1892 4416 1961 4468 τὰ

386 4498 509 4551 καθ’
556 4500 786 4554 ἕκαστον
842 4499 1156 4569 γράφοιμι;
1219 4500 1474 4556 Τοιοῦτον
1508 4503 1615 4571 πρὸ
1652 4505 1765 4557 τῶν
1786 4506 1962 4573 ἔργων

386 4591 725 4663 ἐθεασάμην,
750 4588 864 4648 οἷον
901 4596 998 4652 ἐπὶ
1035 4596 1145 4651 τῶν
1194 4597 1373 4666 ἔργων
1424 4598 1724 4670 ἐγνώρισα.
1766 4602 1876 4655 Καὶ

391 4698 482 4750 μοι
513 4685 772 4754 παρῆσάν
820 4702 966 4750 τινες
1006 4687 1118 4740 τῶν
1175 4687 1487 4757 τηνικαῦτα»
1548 4690 1818 4742 συνόντων
1862 4692 1959 4744 καὶ

385 4775 755 4842 ἀκουσάντων,
819 4777 1218 4848 ἐμαρτύρησαν
1275 4781 1380 4835 ἄν’
1438 4776 1521 4843 οἷς
1567 4782 1758 4854 ἐπειδὴ
1783 4784 1958 4837 ταῦτα

382 4865 719 4937 ἐθεασάμην,
746 4867 912 4933 εὐθὺς
942 4870 1320 4941 ἐφθεγξάμην,
1364 4867 1479 4925 οἷον
1526 4874 1698 4927 κακὸν
1740 4878 1772 4945 ἡ
1821 4877 1959 4931 Ῥω-

386 4956 564 5025 μαίων
586 4960 661 5028 γῆ
687 4961 881 5037 τρέφει
903 4978 918 4993 ο
956 4963 1050 5016 καὶ
1082 4966 1523 5033 προαγορεύσας,
1580 4968 1674 5037 καὶ
1698 4969 1958 5035 γενέσθαι

379 5049 746 5120 ψευδόμαντις
802 5054 1032 5125 ἐμαυτῷ
1061 5057 1445 5128 κατηυξάμην.
1496 5060 1765 5127 Κρεῖσσον
1789 5063 1897 5132 γὰρ
1925 5065 1956 5132 ἢ

299 5173 311 5181 -
380 5143 643 5197 τοιούτων
679 5145 993 5217 πλησθῆναι
1041 5135 1530 5220 τῆνὀἰκουμένην
1583 5154 1815 5207 κακῶνο
1862 5156 1958 5210 καὶ

379 5235 628 5292 τοιοῦτον
654 5239 1002 5310 ἀναφανῆναι
1031 5241 1217 5309 τέρας,
1266 5237 1381 5297 οἷον
1427 5244 1583 5298 οὔπω
1638 5247 1911 5319 πρότερον
1940 5265 1953 5280 ·

381 5328 594 5383 πολλῶν
624 5332 724 5401 μὲν
753 5335 1116 5404 ὲπικλυσμῶν
1163 5336 1602 5407 θρυλλουμένων,
1630 5342 1847 5396 πολλῶν
1898 5342 1956 5396 δὲ

379 5422 732 5493 ὲμπρησμῶν
766 5427 860 5481 καὶ
889 5426 1156 5497 βρασμῶν
1194 5430 1298 5497 γῆς
1340 5433 1434 5485 καὶ
1476 5433 1778 5501 χασμάτων
1803 5453 1817 5467 ο
1874 5436 1954 5490 ἔτι

376 5516 435 5569 δὲ
465 5519 559 5570 καὶ
581 5518 794 5589 ἀνδρῶν
821 5520 1182 5592 ἀπάνθρωποι
1199 5525 1297 5575 καὶ
1313 5522 1625 5594 θηριώδεις,
1646 5525 1956 5582 ἀλλοκότων

379 5626 439 5662 τε
467 5611 563 5663 καὶ
595 5612 866 5665 συνθέτων
922 5612 1117 5682 φύσεις
1163 5619 1670 5687 καινοτομηθείσαι.
1736 5621 1954 5693 Ταύτης

376 5720 459 5757 τοι
489 5706 584 5757 καὶ
612 5704 766 5767 τέλος
791 5703 942 5769 ἄξιον
963 5706 1318 5777 ἀπηνέγκατο
1362 5713 1461 5780 τῆς
1497 5710 1777 5776 ἀπονοίας.
1840 5715 1952 5785 Οὐχ

376 5785 457 5852 εἷς
488 5790 545 5842 δὲ
582 5794 710 5860 περὶ
754 5788 950 5844 τούτου
989 5791 1210 5859 λέγεται
1249 5794 1409 5864 λόγος
1433 5812 1449 5828 ο
1506 5798 1666 5862 ἄλλος
1706 5801 1764 5854 δὲ
1806 5802 1954 5872 ἄλλῳ

381 5882 687 5937 συντίθεται
712 5884 804 5939 καὶ
836 5887 1198 5958 συμφέρεται,
1225 5906 1255 5941 τ
1274 5891 1333 5944 ἰν
1355 5906 1411 5943 τε
1438 5895 1721 5961 παρόντων
1749 5897 1950 5961 ὁμοίως

1284 403 1901 467 ECCLESIASTICIE
1946 403 2338 468 HISTORUE
2382 404 2531 464 LIB.
2571 402 2640 463 X.

1999 521 2044 575 Α

1911 4565 2041 4653 ein

3542 396 3643 462 Γϐϐ

2604 510 2833 568 CAPUT
2866 508 3130 565 XXXVII.

2074 621 2159 677 Ea:
2194 626 2421 678 secunda
2452 624 2691 691 Gregorii
2719 622 2960 691 Thcologi
2977 624 3033 676 in
3062 622 3341 677 lulianum
3366 623 3641 687 invectiva,

2145 695 2208 746 de
2232 695 2463 764 ingenio,
2506 694 2767 759 moribus,
2803 700 2952 764 gestu
2980 693 3247 763 corporis,
3286 701 3451 747 morte
3494 702 3544 747 et
3567 709 3649 748 se-

2146 762 2363 834 pultura
2392 763 2615 817 Iuliani.

2145 938 2249 1008 91
2272 938 2471 993 Verum
2495 939 2641 1009 quali
2662 954 2875 993 morum
2900 936 3299 994 consuetudine
3324 947 3379 992 et
3403 935 3647 1006 corporis

2074 1041 2218 1086 statu
2250 1029 2502 1086 Julianus
2529 1029 2715 1096 fuerit,
2765 1030 3044 1101 quomodo
3089 1030 3257 1084 vitam
3312 1029 3535 1093 ﬁnierit,
3592 1039 3646 1084 et

2074 1122 2316 1192 seipsum
2351 1123 2516 1177 deum
2543 1122 2727 1178 facere
2759 1123 3016 1187 voluerit,
3062 1138 3173 1177 non
3225 1122 3643 1192 locupletiorem

2075 1213 2348 1269 adducere
2375 1222 2568 1269 testem
2611 1230 2857 1284 possum,
2890 1230 3054 1281 quam
3097 1229 3354 1284 magnum
3405 1214 3556 1268 illum
3590 1214 3642 1265 in

2076 1304 2353 1372 theologia
2386 1305 2732 1376 Gregorium,
2768 1306 2864 1376 qui
2895 1322 3021 1361 cum
3072 1307 3169 1361 illo
3200 1306 3355 1371 Vixit,
3392 1306 3644 1360 easdem-

2075 1411 2185 1464 que
2209 1396 2430 1451 scholas
2462 1395 2857 1469 frequentavit,
2891 1408 2945 1452 et
2980 1413 3069 1452 res
3099 1399 3217 1468 ejus
3249 1398 3445 1451 melius
3485 1413 3643 1465 quam

2074 1487 2218 1543 alius
2255 1489 2544 1558 quisquam
2581 1499 2902 1561 perspectas
2929 1489 3145 1551 habuit,
3174 1489 3519 1558 ;easdemque
3548 1505 3647 1553 pro

2075 1592 2141 1633 eo
2175 1589 2340 1648 atque
2369 1593 2466 1647 par
2489 1577 2613 1645 fuit,
2641 1580 2780 1642 risit,
2799 1589 2963 1647 atque
3013 1579 3067 1633 in
3094 1578 3369 1633 Invectivis
3394 1576 3505 1632 suis
3534 1588 3648 1631 tra-

2073 1670 2247 1725 duxit.
2286 1671 2452 1742 lgitur
2478 1672 2533 1725 iu
2555 1671 2827 1727 lnvectiva
2847 1671 3087 1726 secunda
3125 1681 3316 1724 contra
3343 1670 3622 1724 Juliauum

2074 1770 2128 1817 et
2154 1762 2358 1818 Graecae
2387 1763 2667 1834 religionis
2695 1772 3013 1828 sectatores,
3049 1765 3115 1816 de
3143 1778 3210 1818 eo
3245 1766 3361 1817 lucc
3427 1761 3599 1816 refert
3631 1778 3645 1814 :

2130 1856 2308 1925 Atque
2365 1855 2481 1910 lucc
2510 1856 2730 1925 quidem
2764 1855 2884 1910 aliis
2911 1854 3248 1924 experientia
3305 1865 3361 1910 et
3404 1856 3648 1925 polentia

2074 1955 2399 2016 potestatem
2450 1946 2642 2017 adepta
2665 1946 2955 2001 exhibuit:
3008 1946 3143 1999 mihi
3178 1960 3310 2000 vera
3370 1945 3648 2015 quadarn—

2074 2039 2237 2093 ntodo
2273 2038 2492 2110 longius
2512 2048 2668 2093 antea
2703 2049 2833 2094 sunt
2861 2039 3102 2110 cognita,
3142 2052 3206 2093 ex
3236 2052 3348 2108 quo
3400 2046 3647 2108 tempore

2082 2129 2318 2183 Athenis
2340 2142 2465 2183 cum
2502 2130 2727 2184 homine
2753 2130 2855 2184 fui.
2880 2130 3038 2185 Venit
3069 2144 3303 2200 namque
3333 2143 3398 2183 eo
3427 2144 3648 2199 quoque

2071 2236 2183 2274 non
2216 2222 2292 2276 ita
2327 2222 2501 2276 multo
2534 2231 2870 2292 post,_quam
2910 2223 3078 2276 frater
3139 2222 3259 2289 ejus
3308 2236 3479 2275 novas
3526 2221 3645 2275 fue-

2073 2321 2158 2366 rat
2192 2321 2383 2366 contra
2425 2313 2812 2382 imperatorem
2845 2328 2932 2367 res
2958 2312 3206 2373 molitus,
3249 2312 3469 2380 culpam
3524 2327 3644 2364 eam

2072 2418 2101 2456 a
2125 2417 2184 2459 se
2209 2404 2495 2459 atnoliens.
2532 2405 2595 2458 Et
2634 2404 2908 2474 duplicem
2941 2419 3051 2475 prie
3083 2420 3141 2459 se
3166 2403 3526 2474 perfectionis
3548 2404 3643 2455 At-

2072 2496 2193 2550 tica:
2230 2497 2354 2550 tulit
2382 2511 2638 2553 causam:
2679 2498 2907 2552 alteram
2948 2496 3171 2565 quidem
3240 2495 3643 2557 honestiorem,

2073 2592 2132 2639 ut
2163 2584 2386 2641 Graeciae
2418 2602 2504 2641 res
2522 2596 2899 2657 cognosceret,
2930 2598 2985 2642 et
3018 2587 3236 2641 scholas
3265 2587 3473 2641 Atticas
3494 2586 3647 2641 vide-

2071 2686 2186 2732 ret:
2215 2678 2446 2731 alteram
2483 2688 2670 2732 autem
2699 2678 3078 2745 occultioretn,
3138 2686 3193 2732 et
3223 2679 3410 2747 paucis
3439 2686 3644 2737 notant,

2073 2778 2132 2824 ut
2160 2770 2482 2824 sacriﬁculis
2515 2771 2589 2825 ibi
2620 2782 2675 2825 et
2709 2770 3097 2826 seductoribus
3122 2770 3188 2824 de
3224 2771 3392 2824 rebus
3422 2771 3503 2825 eis
3524 2772 3647 2840 qni—

2069 2861 2174 2914 bus
2238 2862 2476 2916 maxime
2531 2863 2810 2927 studebat,
2848 2862 3007 2917 daret
3063 2876 3305 2931 operam,
3369 2861 3648 2932 impietate

2073 2961 2220 3006 tanta
2249 2956 2493 3006 nondum
2526 2963 2773 3023 apertam
2806 2954 3094 3008 obtinente
3128 2954 3462 3008 libertatem.
3508 2952 3645 3007 Tum

2070 3042 2235 3111 igitur
2267 3058 2375 3096 non
2430 3043 2630 3096 malum
2658 3058 2765 3107 me,
2794 3043 2916 3097 viro
2945 3059 3012 3097 eo
3051 3042 3455 3112 cognoscendo,
3517 3057 3649 3096 cet:-

2065 3134 2332 3204 jectorem
2368 3151 2490 3191 CSse
2543 3137 2792 3189 memini.
2846 3136 2914 3189 Et
2945 3136 3195 3204 quamvis
3219 3150 3325 3187 non
3383 3148 3526 3187 unus
3586 3147 3647 3188 ex

1549 3195 1644 3246 καὶ
1676 3193 1736 3245 τὸ
1778 3212 1844 3246 πε
1857 3212 1965 3265 ριτ-

2073 3228 2154 3281 eis
2178 3242 2379 3291 essent,
2412 3228 2504 3296 qui
2542 3229 2594 3281 in
2629 3228 2719 3281 tali
2767 3238 2885 3282 arte
2915 3236 3042 3281 Sunt
3072 3225 3301 3297 egregii,
3346 3237 3526 3280 tamen
3557 3220 3645 3278 me

2075 3328 2251 3372 Vatetn
2281 3318 2465 3373 eﬂ‘ecit
2492 3335 2705 3372 morum
2744 3320 2864 3390 ejus
2889 3318 3312 3389 intequahilitas.
3345 3327 3402 3371 et
3453 3328 3647 3385 stupor

2073 3413 2387 3465 maximus:
2426 3411 2699 3481 siquidem
2731 3412 2823 3481 qui
2856 3412 2996 3466 bene
3031 3412 3304 3481 coniectat
3361 3419 3534 3478 vates,
3593 3410 3642 3464 is

2073 3503 2397 3572 perhibetur
2425 3505 2689 3572 optimus.
2722 3502 2842 3558 Non
2874 3502 3003 3557 boni
3045 3518 3177 3557 sane
3213 3502 3453 3557 hominis
3503 3500 3646 3556 indi-

2071 3597 2153 3651 cia
2186 3596 2317 3650 mihi
2349 3611 2471 3651 esse
2494 3597 2604 3650 visa
2636 3607 2784 3660 sunt,
2808 3597 2996 3651 cervix
3027 3613 3137 3651 non
3166 3595 3501 3661 consistens,
3535 3597 3639 3650 ltu-

2071 3688 2207 3742 meri
2237 3703 2376 3758 quos
2417 3688 2653 3744 subinde
2679 3689 2917 3760 jactaret
2950 3704 3014 3743 ac
3043 3690 3337 3744 reduceret
3373 3688 3642 3743 mobiles:

2069 3780 2214 3834 oculi
2253 3782 2551 3836 errabundi
2585 3793 2640 3837 et
2673 3783 2817 3852 vagi,
2871 3781 3346 3850 furibundumque
3379 3779 3642 3851 quiddam

2069 3885 2399 3932 cernentes:
2436 3874 2553 3944 92
2597 3874 2763 3943 pedes
2796 3875 3107 3939 instabiles,
3139 3884 3195 3930 et
3253 3873 3489 3941 genibus
3542 3889 3646 3927 nu-

2071 3974 2279 4020 tantes:
2308 3982 2475 4021 nasus
2503 3967 2889 4022 contumeliam
2909 3977 2964 4024 et
2982 3976 3356 4038 contemptum
3382 3968 3597 4036 spirans
3627 3983 3641 4020 :

2071 4058 2256 4113 vultus
2286 4059 2652 4126 deridiculus,
2685 4071 2740 4115 et
2771 4060 2915 4114 idem
2973 4044 3166 4115 vitium
3200 4076 3390 4115 secum
3419 4060 3642 4118 ferens:

2071 4150 2216 4206 risus
2236 4151 2648 4216 immoderatus,
2667 4160 2723 4206 et
2749 4166 2954 4222 corpus
2976 4152 3247 4206 cachinno
3278 4152 3641 4209 concutiens:

2068 4253 2237 4299 nutus
2266 4244 2382 4298 sive
2411 4258 2659 4299 annuens
2687 4259 2784 4299 seu
2819 4258 3082 4310 renuens,
3135 4245 3350 4299 ratione
3403 4260 3642 4300 carens:

2068 4354 2251 4395 sermo
2273 4340 2604 4406 consistens,
2626 4350 2682 4395 et
2703 4339 3073 4410 respiratione
3118 4338 3413 4394 concisus:
3468 4338 3642 4394 inter-

2069 4431 2377 4502 rogationes
2408 4433 2811 4501 incompositac,
2870 4444 2927 4487 et
2962 4432 3195 4501 inept-te:
3249 4432 3643 4499 responsiones

2068 4522 2245 4577 nihilo
2277 4521 2386 4577 illis
2420 4522 2697 4589 meliores,
2756 4524 2877 4578 alite
2910 4522 3032 4578 aliis
3077 4521 3454 4587 imminentes,
3508 4521 3641 4576 sibi-

2068 4626 2176 4683 que
2212 4613 2438 4667 minime
2470 4622 2808 4678 constantes,
2846 4628 3025 4684 neque
3063 4614 3133 4669 ab
3168 4612 3517 4668 institutione
3569 4613 3639 4666 li-

2065 4703 2356 4759 beralioris
2395 4703 2666 4759 doctrina:
2719 4706 3129 4774 provenientes.
3187 4705 3295 4761 Sed
3345 4704 3478 4774 quid
3536 4717 3643 4774 ego

2064 4797 2281 4867 singula
2311 4798 2773 4852 commemorem?
2806 4796 2994 4853 Talem
3032 4812 3161 4852 eum
3211 4805 3337 4853 ante
3391 4794 3641 4851 actiones

2063 4887 2186 4958 ejus
2205 4902 2327 4944 esse
2362 4888 2497 4955 vidi,
2539 4888 2756 4958 qualem
2788 4889 2845 4943 in
2875 4889 3187 4945 actionibus
3220 4889 3356 4960 ipsis
3378 4888 3638 4959 cognovi.

2063 4981 2141 5035 Ac
2157 4981 2204 5035 si
2234 4980 2364 5035 mihi
2393 4980 2672 5047 adessent,
2701 4982 2794 5052 qui
2836 4990 2949 5035 tum
2979 4996 3195 5036 meeum
3234 4983 3411 5049 fuere,
3440 4990 3498 5035 et
3549 4993 3637 5035 me

2071 5073 2320 5140 audiere,
2344 5084 2506 5129 testes
2528 5074 2604 5129 illi
2627 5083 2835 5139 essent,
2858 5080 3147 5146 postquam
3176 5080 3277 5131 ista
3301 5076 3436 5141 vidi,
3452 5074 3635 5131 statim

2062 5180 2149 5220 me
2176 5165 2432 5221 dixisse:
2474 5166 2618 5220 Deus
2663 5167 2826 5229 bone,
2857 5174 3123 5237 quantum
3165 5169 3368 5223 malum
3432 5167 3636 5221 Roma-

2061 5270 2195 5310 num
2226 5255 2374 5312 fovet
2408 5258 2745 5328 imperium?
2770 5259 3116 5330 Prtedixique
3142 5260 3280 5315 adeo
3306 5262 3430 5325 ista,
3461 5268 3519 5314 et
3545 5274 3634 5315 me

2060 5346 2256 5402 falsum
2291 5357 2469 5403 vatem
2499 5364 2621 5404 esse
2651 5350 2856 5420 optavi.
2906 5350 2973 5405 Et
3026 5353 3224 5407 melius
3276 5351 3526 5422 profecto
3577 5350 3631 5405 id

2058 5439 2275 5508 fuisset,
2304 5456 2468 5511 quam
2501 5451 2559 5496 ut
2592 5442 2673 5497 sic
2703 5444 2852 5498 orbis
2883 5456 3066 5500 noster
3097 5447 3262 5500 tantis
3318 5445 3639 5515 oppleretur

2060 5534 2237 5599 malis,
2268 5542 2323 5588 et
2353 5534 2458 5589 tale
2489 5534 2543 5588 in
2577 5550 2649 5590 eo
2681 5538 2978 5591 exsisteret
3004 5545 3321 5606 portentum
3346 5546 3403 5593 et.
3442 5538 3634 5608 prodi-

2056 5625 2227 5695 gium,
2255 5625 2415 5695 quale
2459 5637 2617 5680 antea
2646 5643 2960 5698 nunquam:
3004 5645 3128 5684 cum
3162 5629 3385 5700 quidem
3449 5632 3634 5687 multa:

2056 5733 2323 5788 aquarum
2350 5719 2582 5790 vulgatae
2610 5722 2722 5777 sint
2748 5721 3055 5783 eluviones.
3074 5722 3257 5779 multa:
3279 5724 3626 5791 ettustiones,

2057 5810 2243 5864 multae
2294 5812 2707 5877 concussiones,
2777 5822 2834 5868 et
2892 5813 3073 5869 hiatus
3128 5823 3309 5881 terrm,
3355 5826 3625 5886 praterea

2058 5903 2342 5958 hominum
2398 5903 2710 5960 inhumana:
2737 5915 2790 5960 et
2843 5904 2968 5961 ferte
3000 5911 3228 5972 succics.
3282 5920 3633 5966 monstrosa:-
