4056 6442
444 318 549 384 567

1636 335 2065 400 NICEPHORI
2107 343 2457 405 CALLISTI

3599 352 3704 416 {-53

445 441 553 498 que
577 438 633 483 et
656 430 831 485 mistm
858 448 999 488 navo
1030 450 1256 504 prorsus
1291 446 1345 493 et
1370 438 1594 496 insolito
1627 443 1792 499 modo
1853 456 2014 500 natu-

2124 454 2186 521 τῇ
2217 452 2363 523 μάχῃ
2424 450 2518 506 καὶ
2549 448 2657 504 τῶν
2693 451 2964 508 ἀπόντων.
3025 454 3089 507 Οἱ
3133 454 3232 525 μὲν
3271 456 3380 525 γὰρ
3411 457 3572 511 αὐτὸν
3598 461 3701 513 ὐπδ

446 520 765 577 r'e.Verum
795 524 1017 595 dignum
1072 543 1293 599 quoque
1325 541 1474 589 tanta
1517 537 1782 592 vecordia
1821 549 1876 594 et
1910 541 2025 593 im—

445 619 786 682 portunitale
814 620 1017 675 exitum
1054 625 1199 679 tttlit.
1255 625 1330 682 De
1381 644 1493 699 quo
1545 647 1653 686 non
1684 649 1790 687 una
1850 644 2028 690 exstat

445 708 657 776 opinio.
694 710 840 779 quod
893 711 985 768 alii
1041 715 1190 770 aliud
1253 720 1439 775 dicant
1496 733 1550 777 et
1608 723 2024 793 circumferant,

450 805 559 849 tam
593 797 685 866 qui
713 813 908 869 pugnae
953 802 1251 869 affuerunt,
1286 824 1448 877 quam
1488 811 1581 879 qui
1615 813 1687 866 ab
1721 829 1782 867 ea
1812 814 2027 883 longius

447 889 765 945 alifucrunt.
789 892 1048 962 Quidam,
1078 912 1106 950 a
1135 897 1316 954 Persis
1341 916 1466 955 eum
1495 904 1677 972 jaculo
1706 906 2026 962 confossum

444 997 566 1036 esse
595 983 808 1050 dicunt,
849 1002 974 1041 cum
1014 999 1221 1044 temere
1253 992 1638 1063 incompositis
1674 1000 2023 1054 excursioni-

444 1071 571 1139 bus,
603 1089 713 1128 non
749 1076 866 1129 sine
891 1077 1189 1133 stoliditate
1217 1096 1361 1134 nunc
1390 1083 1496 1137 huc
1523 1099 1670 1139 nunc
1709 1086 1839 1143 illuc
1868 1104 2025 1157 pere-

448 1162 696 1231 quitans,
734 1173 1007 1219 uteretur.
1041 1166 1179 1221 Sunt
1213 1171 1304 1236 qui
1338 1170 1443 1226 tale
1460 1173 1719 1242 quiddam
1744 1178 1808 1230 de
1829 1193 1893 1232 eo
1915 1193 2026 1234 me-

442 1265 683 1310 morant.
711 1257 769 1311 ln
800 1258 1074 1313 tumulum
1107 1275 1234 1314 eum
1266 1263 1558 1319 editiorem
1608 1270 2021 1334 conscendisse,

449 1357 506 1401 ut
537 1348 692 1418 quasi
721 1365 751 1404 e
787 1351 1006 1420 specula
1035 1356 1340 1410 exercitum
1374 1358 1659 1426 lustraret,
1685 1372 2023 1432 etquantum

445 1453 599 1492 exeo
626 1440 773 1495 bello
812 1443 1094 1512 copiarum
1132 1456 1468 1515 superesset,
1512 1462 1892 1521 cognosceret.
1931 1455 2026 1509 At-

447 1545 556 1599 que
614 1546 741 1585 euni
773 1533 967 1604 ingens
1004 1535 1077 1599 ei,
1116 1552 1323 1607 speque
1342 1540 1478 1595 adeo
1501 1558 1596 1596 sua
1623 1546 1859 1615 amplior
1887 1548 2026 1601 mul-

447 1623 628 1677 titudo
681 1640 803 1681 esse
840 1628 952 1682 visa
1004 1639 1172 1696 esset,
1238 1632 1312 1687 ita
1362 1649 1487 1689 eum
1550 1637 1790 1694 dixisse:
1849 1640 2023 1707 Quam

443 1731 609 1785 grave
643 1714 891 1771 futurum
927 1722 1096 1786 est,si
1148 1738 1341 1780 omnes
1394 1729 1478 1782 isti
1535 1730 1588 1783 in
1646 1732 2022 1789 Romanorum

444 1808 710 1866 ditionem
741 1813 1116 1870 reducenlur?
1142 1818 1261 1884 Quo
1284 1821 1405 1891 ejus
1426 1823 1621 1887 verbo,
1641 1829 2022 1897 tanquamillis

442 1900 676 1955 salutem
715 1902 1015 1961 invidentis
1050 1908 1279 1964 militem
1306 1914 1603 1981 quemdam
1636 1919 1731 1986 qui
1761 1918 1813 1973 id
1861 1935 2024 1975 exce-

441 1993 546 2064 pit,
579 2004 938 2063 commotum,
986 1999 1133 2066 quod
1183 2001 1319 2056 iram
1361 2018 1474 2058 non
1530 2007 1825 2076 perferret,
1874 2012 2019 2066 nulla

444 2082 639 2138 salutis
671 2098 784 2140 suae
822 2088 1038 2143 ratione
1082 2090 1291 2158 habita,
1319 2108 1453 2149 ense
1487 2095 1635 2152 latus
1665 2098 1786 2169 ejus
1835 2103 2019 2169 perfo-

442 2172 593 2229 disse
629 2175 727 2248 (l).
761 2177 865 2232 Alii
894 2194 1063 2250 porro
1087 2180 1139 2236 id
1172 2198 1370 2239 ausum
1399 2201 1524 2243 esse
1552 2188 1765 2256 dicunt,
1790 2206 1856 2247 ex
1888 2192 2021 2247 Bur-

442 2263 905 2325 barisridiculum
943 2272 1238 2342 quemdam
1306 2293 1381 2343 ex,
1431 2278 1513 2333 eis
1565 2280 1865 2350 hominem,
1925 2285 2020 2355 qui

441 2358 775 2427 exercitum,
796 2371 857 2416 ut
889 2364 940 2417 in
969 2381 1208 2422 moerere
1243 2369 1461 2438 solatio,
1498 2382 1552 2426 et
1579 2373 1633 2427 in
1663 2379 2022 2445 compotatio-

445 2447 610 2505 nibus
661 2450 902 2508 ludibrio
934 2456 1065 2520 sint,
1097 2459 1256 2528 sequi
1307 2461 1505 2515 solent.
1539 2463 1799 2519 Nonnulli
1852 2467 2019 2523 etiam

443 2540 615 2597 caedis
651 2544 769 2614 ejus
791 2544 1010 2605 laudem
1043 2546 1319 2605 Saracena
1343 2553 1560 2609 cuidam
1597 2556 1871 2614 tribuunt.
1910 2560 2020 2630 93

443 2631 646 2689 Verum
688 2646 970 2708 utcunque
1026 2655 1086 2695 se
1141 2657 1229 2697 res
1284 2643 1508 2711 habeat,
1552 2647 1753 2704 vulnus
1802 2651 2020 2720 quidem

443 2735 594 2781 certe
629 2727 722 2783 ille
772 2729 976 2785 lethale
1012 2736 1247 2805 accepit,
1286 2737 1409 2791 orbi
1439 2741 1698 2795 universo
1734 2743 1916 2798 laztum
1969 2756 2019 2800 et

443 2818 707 2875 salutare.
742 2820 811 2876 Et
843 2824 950 2878 ictu
989 2840 1098 2879 uno
1123 2827 1426 2883 multorum
1485 2843 1761 2897 extorum,
1821 2838 2024 2906 quibus

440 2913 584 2968 male
612 2914 943 2996 crediderat,
968 2919 1231 2987 persolvit
1267 2936 1478 2990 ptenas.
1511 2923 1708 2979 Mirum
1739 2942 1875 2983 sane
1915 2940 2018 2992 est.

442 3006 725 3075 quomodo
762 3023 938 3077 vanus
974 3010 1091 3076 ille,
1118 3012 1215 3082 qui
1268 3028 1367 3083 per
1415 3016 1788 3086 aruspicinam
1838 3022 2021 3077 omnia

438 3112 499 3153 se
529 3113 692 3154 nosse
720 3103 953 3170 putavit,
976 3118 1146 3157 unum
1198 3105 1326 3170 hoc,
1354 3106 1565 3177 plagam
1625 3110 1836 3165 scilicet
1864 3124 2016 3166 exto-
2050 3139 2092 3196 ο

439 3208 562 3246 rum
587 3204 639 3247 et
664 3194 938 3250 viscerum
967 3211 1194 3251 suorum
1224 3214 1335 3253 non
1355 3202 1719 3270 perspexerit.
1745 3202 2018 3258 therum

442 3286 579 3341 illud
609 3303 831 3358 quoque
859 3288 1105 3345 hominis
1141 3289 1346 3344 factum
1407 3294 1632 3348 minimc
1683 3306 2021 3365 praetereun-

439 3378 573 3432 dum
608 3380 847 3444 videtur,
875 3381 1020 3450 quod
1054 3381 1199 3435 imer
1226 3384 1332 3437 alia
1369 3384 1537 3438 mulza
1585 3387 1880 3441 maximum
1910 3387 2022 3441 dae-

442 3471 710 3540 moniaca:
740 3472 913 3540 ipsius
959 3475 1162 3528 mentis
1211 3485 1299 3529 est
1353 3475 1643 3531 indicium.
1702 3478 1927 3533 Iacebat
1964 3481 2019 3532 in

443 3563 1188 3636 lluminislittore,graviter
1226 3583 1292 3622 cx
1350 3569 1583 3624 vulnere
1636 3570 1919 3634 laborans,
1966 3579 2023 3625 et

439 3655 585 3723 quod
614 3656 818 3711 multos
838 3667 967 3711 ante
983 3672 1041 3712 se
1064 3658 1294 3728 gloriare
1320 3674 1443 3715 esse
1471 3671 1802 3717 consecutos
1829 3662 2020 3727 sciret,

438 3749 513 3803 ita
549 3759 610 3804 ut
643 3750 767 3819 plus
797 3764 960 3820 quam
992 3751 1250 3807 homines
1276 3761 1443 3823 atque
1468 3754 1610 3809 adeo
1639 3754 1716 3810 dii
1741 3769 1863 3809 esse
1905 3769 2022 3811 ere-

438 3841 537 3896 diti
562 3843 696 3908 sint,
725 3852 1016 3915 propterea
1043 3844 1190 3915 quod
1219 3857 1336 3902 arte
1364 3848 1625 3918 quapiam
1644 3864 1713 3903 ex
1732 3848 2018 3903 hominum

441 3948 676 3988 numero
693 3933 894 3989 sublati
931 3934 1185 3991 fuerint:
1221 3939 1567 4009 ejuscemodi
1599 3939 1791 4010 etipse
1842 3941 2020 3996 laudis

434 4036 605 4097 atque
632 4027 907 4097 opinionis
951 4044 1139 4084 amore
1205 4037 1420 4098 captus.
1471 4030 1636 4086 simul
1689 4031 1837 4100 quod
1892 4049 2018 4088 eum

439 4120 761 4190 hujusmodi
791 4122 987 4176 mortis
1015 4121 1235 4190 generis
1262 4131 1319 4176 ct
1342 4121 1728 4191 turpitudinis,
1775 4124 1829 4178 in
1854 4140 2016 4193 quam

439 4229 541 4285 per
570 4213 944 4269 inconsultam
978 4214 1354 4269 temeritatem
1399 4212 1695 4281 inciderat,
1749 4215 2015 4285 puderet:

436 4306 570 4377 quid
605 4321 737 4378 rogo
767 4306 1016 4372 molitur,
1045 4315 1101 4361 et
1130 4305 1264 4376 quid
1297 4306 1412 4376 agit
1442 4307 1464 4360 Τ
1494 4322 1673 4378 neque
1701 4312 1849 4365 enim
1891 4326 2015 4366 cum

431 4404 546 4458 vita
572 4403 739 4458 etiam
788 4401 1120 4473 improbitas
1157 4401 1550 4471 exsﬁnguitur.
1612 4402 1898 4474 Conjicere
1958 4419 2017 4459 se

2137 537 2361 607 Περσῶν
2414 539 2840 607 κατηκοντίσθαι
2902 541 3066 607 φασὶν
3117 541 3381 606 ἀτάκτοις
3418 545 3704 614 ἐκδρομαῖς

2132 628 2440 697 χρώμενον,
2473 629 2567 681 καὶ
2604 628 2833 700 ᾄττοντα
2855 630 2981 701 τῇδε
3009 632 3235 684 κάκεῖσε
3264 638 3359 686 σὺν
3388 634 3667 708 ἐμπληξῖᾳ
3688 653 3701 669 ·

2130 722 2178 772 oi
2211 720 2265 773 δὲ
2290 720 2535 774 τοιοῦτόν
2561 739 2686 774 τινα
2716 723 2803 774 ἐπ’
2827 722 2976 792 αύτῷ
3006 722 3323 791 διηγοῦνται
3355 726 3515 794 λόγον
3537 744 3552 759 ο
3583 728 3707 781 Ἐπί

2128 826 2250 863 τινα
2292 810 2458 880 λόφον
2490 811 2598 865 τῶν
2640 812 2863 882 ὑψηλῶν
2918 813 3178 878 ἀνελθὼν,
3215 814 3291 878 ώς
3323 819 3387 868 ὲκ
3419 819 3706 888 περιωπῆς

2130 904 2220 954 τὸν
2272 905 2504 975 στρατὸν
2563 905 2686 974 δψει
2741 904 2952 970 λαϐεῖν,
2988 905 3083 957 καὶ
3120 905 3244 969 ὅσος
3307 906 3607 979 ὑπελείφθη
3630 909 3709 978 τῷ

2132 992 2359 1063 πολέμῳ
2395 995 2603 1062 μαθεῖν.
2655 997 2882 1066 Ἐπειδὴ
2902 997 2952 1048 oi
2982 996 3219 1065 φανῆναι
3253 999 3387 1052 πολὺ
3419 1000 3480 1052 τὸ
3504 1001 3705 1071 πλῆθος
3800 1033 3811 1041 -

2130 1084 2225 1139 καὶ
2250 1085 2347 1154 τῆς
2380 1086 2594 1150 ἐλπίδος
2632 1088 3041 1161 ἀφθονώτερον,
3086 1089 3177 1152 Ὠς
3207 1090 3405 1157 δεινὸν,
3425 1094 3623 1157 εἰπεῖν,
3656 1096 3705 1146 εἰ

2132 1176 2342 1239 πάντας
2379 1180 2445 1247 τῇ
2508 1178 2796 1248 Ῥωμαίων
2830 1182 2899 1252 γῇ
2953 1179 3168 1244 τούτοις
3217 1182 3601 1250 ἐπανάξομεν·
3630 1183 3705 1245 ὡς

2130 1268 2195 1323 ἄν
2226 1284 2310 1330 τις
2336 1268 2646 1337 βασκαίνων
2670 1272 2854 1332 αὐτοῖς
2881 1270 2980 1341 τῆς
3013 1273 3310 1341 σωτηρίας.
3353 1272 3472 1340 Ἐφ’
3505 1267 3551 1340 ᾧ
3586 1290 3711 1326 τινα

2129 1359 2242 1412 τῶν
2308 1361 2661 1431 στρατιωτῶν
2707 1362 3091 1433 χαλεπήναντα
3122 1365 3219 1416 καὶ
3268 1364 3329 1416 οὐ
3360 1365 3705 1434 κατασχόντα

2129 1452 2229 1524 τὴν
2257 1452 2449 1524 ὀργὴν,
2506 1469 2646 1506 ωσαι
2703 1454 2846 1507 κατὰ
2894 1456 3002 1507 τῶν
3061 1456 3390 1527 σπλάγχνων
3422 1456 3483 1508 τὸ
3534 1456 3704 1524 ξίφος,

2130 1544 2477 1615 ἀλογήσαντα
2531 1546 2632 1616 τῆς
2663 1547 2962 1617 σωτηρίας.
3034 1548 3125 1612 Ὠς
3163 1547 3220 1601 δὲ
3255 1548 3407 1602 ἄλλοι
3475 1549 3587 1601 τῶν
3618 1565 3707 1615 γε-

2129 1635 2397 1690 λοιαστῶν
2445 1636 2746 1709 βαρϐάρων
2806 1640 2931 1692 τινὰ
2980 1638 3142 1693 τοῦτο
3171 1642 3444 1710 τολμῆσαι
3466 1655 3480 1669 ·
3511 1640 3560 1693 οἳ
3594 1641 3705 1701 τοῖς

2132 1724 2494 1798 στρατιώταις
2516 1729 2767 1793 ἕπονται,
2801 1727 2982 1799 λύπης
3018 1747 3077 1782 τε
3106 1729 3438 1800 ψυχαγωγία
3489 1732 3585 1785 καὶ
3612 1731 3710 1784 πό-

2060 1799 2099 1854 B
2128 1836 2243 1883 τοις
2291 1818 2534 1890 ἥδυσμα,
2594 1821 2716 1873 Elei.
2778 1821 2836 1874 δὲ
2883 1820 2937 1874 οἳ
2971 1824 3067 1874 καὶ
3123 1799 3466 1894 ίΣαρακηνῶν
3497 1841 3605 1876 τινι
3647 1825 3707 1876 τὸ

2125 1912 2282 1972 κλέος
2320 1911 2480 1966 τοῦτο
2509 1913 2738 1970 διδόασι.
2796 1915 2945 1986 Πλὴν
2971 1916 3190 1986 δέχεται
3228 1918 3445 1987 πληγὴν
3479 1918 3709 1987 καιρίαν

2123 2000 2291 2063 ὅντως
2319 2000 2414 2054 καὶ
2439 2003 2606 2056 παντὶ
2628 2003 2709 2073 τῷ
2731 2002 2925 2072 κόσμῳ
2949 2004 3220 2073 σωτήριον
3240 2022 3253 2036 ·
3291 2005 3384 2056 καὶ
3409 2006 3507 2075 μιᾷ
3528 2006 3713 2076 τόλμῃ

2124 2092 2335 2146 πολλῶν
2367 2093 2693 2164 σπλάγχνων
2729 2094 3045 2147 ἀπαιτεῖται
3072 2097 3229 2165 δίκην
3268 2095 3456 2159 κακῶς
3477 2113 3706 2149 πιστευ-

2124 2181 2351 2235 θέντων.
2390 2182 2455 2234 Ὃ
2503 2183 2597 2234 καὶ
2638 2180 2931 2250 θαυμάζω,
2966 2183 3086 2245 πῶς
3128 2183 3313 2235 πάντα
3351 2182 3648 2251 γινώσκειν
3676 2186 3713 2235 ὁ

2130 2274 2356 2344 μάταιος
2393 2274 2650 2328 ἐντεῦθεν
2682 2274 2958 2345 οἰόμενος,
2987 2273 3045 2326 ἓν
3075 2273 3255 2339 τοῦτο,
3284 2274 3385 2341 τὴν
3419 2272 3542 2326 καθ’
3573 2276 3706 2327 sau—

2123 2368 2215 2419 τοῦ
2249 2366 2575 2437 σπλάγχνων
2625 2365 2843 2438 πληγὴν
2903 2366 3202 2437 ἠγνόησεν.
3264 2366 3451 2430 ’Ἄξιον
3471 2365 3529 2419 δὲ
3567 2366 3711 2439 μηδὲ

2124 2459 2282 2514 τοῦτο
2312 2460 2700 2531 παραδραμεῖν
2729 2460 2822 2514 τοῦ
2844 2460 3060 2531 ἀνδρὸς,
3118 2459 3389 2531 μεγίστην
3423 2461 3521 2532 τῆς
3548 2460 3704 2513 ὲκεί-

2127 2571 2218 2606 νου
2274 2553 2705 2623 κακοδαιμονίας
2759 2551 2856 2604 ἐπὶ
2927 2553 3143 2615 πολλοῖς
3216 2551 3345 2622 ἔχον
3398 2552 3699 2617 ἀπόδειξιν.

2127 2646 2345 2698 Ἕκειτο
2380 2646 2478 2716 μὲν
2509 2644 2601 2698 ἐπὶ
2624 2647 2689 2716 τῇ
2722 2643 2854 2714 ὄχθῃ
2882 2643 2978 2696 τοῦ
3021 2644 3295 2714 ποταμοῦ,
3325 2645 3420 2697 καὶ
3451 2647 3706 2714 πονήρως

2123 2735 2235 2808 εἶχε
2270 2737 2365 2790 τοῦ
2420 2739 2763 2809 τραύματος.
2822 2737 3061 2800 Πολλοὺς
3118 2737 3174 2790 δὲ
3242 2736 3400 2800 εἰδὼς
3452 2737 3559 2790 τῶν
3598 2737 3708 2805 πρὸ

2124 2829 2290 2881 αὑτοῦ
2321 2828 2482 2896 δόξης
2508 2829 2853 2897 ἠξιωμένων,
2887 2827 2964 2887 ὡς
2992 2828 3060 2880 ἂν
3096 2827 3239 2899 ὑπὲρ
3295 2827 3583 2896 ἄνθρωπον
3613 2842 3705 2879 νο-

2130 2922 2395 2990 μισθεῖεν,
2428 2922 2647 2991 τέχναις
2670 2923 2816 2974 τισὶν
2853 2921 2913 2985 ἐξ
2946 2920 3258 2991 ἀνθρώπων
3280 2921 3702 2990 ἀφανισθέντας,

2125 3012 2220 3063 καὶ
2249 3009 2337 3062 διὰ
2369 3009 2531 3063 τοῦτο
2582 3009 2742 3071 θεοὺς
2779 3009 3162 3079 νομισθέντας,
3203 3008 3371 3083 ἔρωτι
3412 3010 3513 3079 τῆς
3539 3008 3704 3062 αὐτοῦ

2125 3100 2281 3173 δόξης
2307 3100 2588 3167 ἑαλωκὼς,
2655 3102 2752 3155 καὶ
2780 3101 2900 3173 ἅμα
2938 3098 3017 3172 τῷ
3072 3101 3263 3172 τρόπῳ
3313 3102 3416 3173 τῆς
3445 3100 3705 3171 τελευτῆς

2126 3192 2215 3245 διὰ
2246 3194 2308 3245 τὸ
2330 3192 2430 3262 τῆς
2457 3191 2719 3254 ἀϐουλίας
2769 3192 2962 3259 ἄδοξον
2993 3193 3412 3262 αἰσχυνόμενος,
3446 3193 3497 3246 τί
3526 3209 3706 3263 μηχα-

2127 3287 2284 3339 νᾶται
2308 3288 2402 3339 κα)⁸
2427 3286 2478 3338 τί
2517 3288 2698 3353 norat;
2757 3286 2882 3338 οὐδὲ
2913 3287 3024 3356 γὰρ
3058 3288 3136 3355 τῷ
3174 3286 3277 3356 βίῳ
3311 3286 3705 3340 συναναλίσκε-

2124 3397 2214 3435 ται
2239 3381 2498 3450 πονηρία.
2542 3379 2728 3449 Ῥίψαι
2764 3381 2911 3434 κατὰ
2934 3379 3032 3433 τοῦ
3061 3380 3313 3451 ποταμοῦ
3357 3380 3617 3450 πειρᾶται
3643 3380 3705 3432 τὸ

2127 3474 2289 3544 σῶμα
2308 3488 2323 3504 ⁸
2356 3474 2449 3526 καὶ
2475 3474 2610 3544 πρὸς
2640 3474 2804 3527 τοῦτο
2833 3474 3039 3545 ἐχρῆτό
3068 3491 3180 3527 τισι
3205 3475 3315 3528 τῶν
3349 3473 3558 3528 πιστῶν
3580 3474 3708 3526 ἐαυ-

2123 3565 2203 3635 τῷ
2239 3568 2525 3636 συνεργοῖς
2551 3565 2647 3618 καὶ
2685 3566 2921 3636 μύσταις
2949 3566 3061 3619 τῶν
3092 3567 3451 3637 ἀπορρήτων.
3512 3565 3620 3619 Καὶ
3653 3565 3703 3617 εί

2132 3660 2207 3729 μὴ
2234 3660 2343 3713 τῶν
2384 3659 2681 3730 βασιλικῶν
2735 3660 3009 3730 εὐνούχων
3037 3678 3122 3724 τις
3166 3660 3224 3714 τὸ
3252 3661 3488 3731 πρᾶγμα
3519 3659 3704 3713 αἰσΘέ-

2128 3768 2310 3819 μενος,
2344 3755 2438 3806 καὶ
2465 3754 2578 3814 τοῖς
2607 3752 2792 3816 ἄλλοις
2814 3752 3243 3822 καταμηνύσας,
3288 3753 3438 3822 μίσει
3468 3750 3564 3805 τοῦ
3595 3766 3699 3804 κα-

2126 3845 2332 3912 κουργή
2345 3861 2514 3913 ματος
2543 3844 2644 3915 τὴν
2673 3843 2853 3914 ὁρμὴν
2882 3843 3207 3911 διεκώλυσε,
3240 3846 3349 3899 κᾶν
3387 3846 3561 3915 ἐφάνη
3588 3846 3702 3905 τοῖς

2126 3933 2373 4003 ἀνοήτοις
2395 3933 2528 3997 Θεὸς
2562 3934 2682 3996 νέος
2707 3933 2767 3998 ἐξ
2792 3935 3150 4005 ἀτυχήματος
3174 3951 3188 3968 ·
3218 3937 3287 3989 τὰ
3318 3935 3365 3988 δ’
3389 3936 3516 4006 ἑξῆς
3542 3938 3699 4005 μῖμοι

2124 4024 2350 4091 γελοίων
2384 4020 2520 4096 ἦγον
2554 4025 2738 4089 αὐτὸν,
2765 4028 2987 4088 καὶτοῖς
3009 4027 3116 4080 ἀπὸ
3138 4030 3236 4098 τῆς
3268 4029 3475 4098 σκηνῆς
3507 4029 3698 4097 αἴσχε-

2123 4135 2209 4171 σιν
2234 4119 2581 4188 ὲπομπεύετο
2612 4118 3059 4188 καταυλούμενός
3103 4136 3162 4172 τε
3197 4122 3294 4173 καὶ
3323 4119 3702 4191 κατορχούμεο

2123 4227 2234 4275 νος,
2255 4210 2349 4263 καὶ
2370 4211 2469 4282 τὴν
2494 4211 2727 4281 ἄρνησιν
2752 4213 2846 4264 καὶ
2865 4209 2964 4282 τὴν
2982 4205 3154 4283 ἧτταν
3174 4211 3269 4265 καὶ
3291 4213 3351 4265 τὸ
3369 4213 3526 4276 τέλος
3557 4213 3706 4265 ὀνει-

2123 4307 2425 4377 διζόμενος.
2464 4307 2575 4359 Καὶ
2598 4306 2652 4358 τί
2679 4307 2789 4376 γὰρ
2813 4306 2875 4359 ού
2901 4308 3131 4377 πάσχων
3178 4308 3371 4373 κακὸν,
3428 4308 3561 4362 τίδὲ
3599 4309 3705 4363 οὐκ

2124 4398 2363 4462 ἀκούων,
2379 4395 2458 4461 οἷς
2477 4399 2524 4451 oi
2542 4397 2779 4453 τοιοῦτοι
2795 4400 3188 4463 νεανιεύονται,
3209 4401 3406 4472 τέχνην
3422 4403 3528 4473 τὴν
3541 4400 3706 4472 ὓϐριν

432 4498 488 4550 in
513 4511 731 4552 amnem
784 4502 1050 4549 conatur:
1114 4494 1171 4549 in
1222 4502 1406 4563 ccepto
1459 4504 1567 4549 tam
1627 4511 1833 4552 arcano
1890 4497 2018 4554 ﬁdis

2127 4492 2343 4562 ἔχοντες
2365 4507 2381 4556 ;
2409 4490 2564 4561 ἓωςή
2591 4492 2853 4559 Ταρσέων
2869 4491 3034 4547 αὐτὸν
3051 4493 3374 4564 ὑποδέχεται
3399 4495 3577 4558 πόλις,
3598 4496 3702 4549 οὐκ

430 4588 767 4657 quihusdam
822 4586 1196 4657 adjutoribus,
1238 4595 1295 4640 et
1338 4586 1570 4655 perinde
1614 4600 1779 4658 atque
1830 4590 1883 4643 in
1959 4605 2016 4644 re

430 4682 685 4751 quapiam
745 4678 953 4746 divina,
1007 4679 1395 4736 sacerdotibus
1459 4696 1613 4735 usus.
1677 4683 1745 4736 Et
1806 4682 1910 4735 nisi
1945 4696 2012 4737 ex

432 4772 821 4841 imperialibus
850 4771 1129 4827 eunuchis
1160 4772 1391 4841 quidam
1420 4774 1657 4829 consilio
1715 4788 1783 4829 eo
1814 4773 2009 4843 depre-

431 4869 629 4929 henso,
678 4866 913 4936 aliisque
946 4876 1173 4938 propter
1204 4863 1397 4935 ﬂagitii
1457 4866 1645 4921 odium
1703 4867 2015 4921 communi-

430 4971 575 5023 cato,
610 4960 873 5031 impetum
908 4960 1072 5014 talem
1129 4958 1531 5028 prohibuisset,
1579 4958 1879 5014 exstitisset
1942 4974 2010 5013 ex

432 5067 498 5106 ea
526 5051 683 5106 clade
714 5051 859 5123 apud
894 5052 1184 5120 imperitos
1208 5050 1468 5104 homines
1503 5065 1679 5105 novus
1738 5051 1904 5105 Deus.
1949 5052 2017 5103 Et

431 5161 555 5216 quae
581 5144 784 5201 deinde
812 5153 1160 5213 sequuntur:
1191 5151 1467 5195 mortuum
1498 5159 1625 5197 eum
1656 5144 1809 5197 mimi
1840 5152 1894 5196 et
1919 5143 2016 5196 ho-

430 5237 611 5293 mines
665 5234 912 5299 ridiculi,
940 5249 1065 5289 cum
1093 5233 1243 5288 omni
1294 5235 1510 5290 scenica
1550 5235 1801 5289 fteditate
1842 5235 2016 5290 duxe-

430 5338 583 5398 runt,
617 5331 892 5397 funusque
924 5327 1042 5395 ejus
1064 5330 1339 5396 prosecuti
1369 5341 1522 5394 sunt,
1582 5328 1734 5384 tibiis
1796 5337 2081 5392 canentes,
2123 5336 2181 5382 et
2225 5328 2560 5394 saltitantes,

2124 4582 2221 4637 οἶδ’
2246 4586 2393 4646 ὅπως
2427 4588 2521 4636 καὶ
2565 4583 2682 4636 ἀνθ’
2734 4583 2860 4636 ὅτου
2891 4583 2991 4653 τὴν
3019 4583 3178 4657 ὕϐριν
3201 4603 3406 4656 ταυτην
3440 4604 3706 4657 κατακρι-

2124 4675 2299 4730 θεῖσα.
2314 4674 2486 4728 Ἔνθα
2501 4676 2558 4729 δέ
2577 4677 2627 4727 οἱ
2652 4677 2877 4746 τέμενος
2893 4676 3089 4746 ἄτιμον
3105 4679 3202 4732 καὶ
3220 4680 3390 4748 τάφος
3415 4678 3705 4746 ἐξάγιστος

2125 4770 2221 4822 καὶ
2242 4768 2617 4837 ἀπόπτυστος,
2641 4770 2736 4822 καὶ
2757 4769 2878 4822 οὐδὲ
2904 4768 3094 4831 eam;
3114 4769 3357 4824 εὐσεϐῶν
3385 4770 3482 4840 ὀψε
3493 4788 3599 4825 σιν·
3620 4772 3700 4835 ὡς

2119 4861 2180 4914 δὲ
2207 4861 2319 4930 ἐγώ
2343 4878 2493 4924 τινος
2511 4862 2744 4930 ἥκουσα,
2768 4862 2904 4941 μηδξ
2919 4861 2997 4931 τῷ
3021 4862 3178 4932 τάφῳ
3206 4863 3702 4936 προσλαμϐανόμε-

2124 4972 2238 5019 νος,
2255 4953 2370 5008 ἀλλ’
2389 4955 2496 5010 ὑπὸ
2520 4954 2949 5025 τῆςσεισθείσης
2962 4953 3032 5007 δι’
3055 4955 3222 5029 αύτοῦ
3241 4958 3343 5026 γῆς
3366 4959 3700 5028 ἀποσειόμεο

2123 5065 2211 5111 νος
2229 5048 2323 5101 καὶ
2352 5046 2832 5118 ἀναϐρασσόμενος
2854 5063 2867 5076 ο
2903 5048 3193 5118 προοίμιον
3223 5048 3322 5116 τῆς
3343 5046 3702 5119 ὲκεῖσεηῐμαι

2117 5141 2412 5205 κολάσεως.
2433 5140 2492 5195 '0
2513 5142 2611 5210 μὲν
2629 5136 2724 5193 οὖν
2740 5138 2882 5193 οὕτω
2905 5140 3258 5209 βασιλεύσας,
3283 5140 3343 5194 ο’ύ
3353 5159 3427 5194 τω
3453 5143 3510 5195 δὲ
3534 5158 3701 5213 στρα-

2114 5235 2382 5303 τηγήσας,
2420 5232 2564 5286 οὕτω
2586 5234 2683 5287 καὶ
2712 5232 2805 5285 τὸν
2833 5233 2952 5301 βὲον
2985 5232 3230 5303 αἰσχρῶς
3256 5232 3602 5286 καταλείπει.
3646 5250 3666 5284 ι

2634 5325 3027 5396 religionisque
3075 5327 3506 5396 abjurationem,
3565 5325 3696 5381 belli

429 5425 666 5486 cladem,
695 5432 752 5476 et
783 5428 1016 5476 mortem
1048 5424 1220 5491 ipsam
1249 5424 1512 5493 probrose
1571 5424 1621 5477 ei
1654 5423 2001 5494 objicientcs.
2045 5424 2184 5490 Quid
2236 5426 2384 5480 enim
2451 5424 2579 5477 mali
2650 5438 2843 5492 passus
2882 5439 2993 5478 non
3053 5422 3172 5477 est?
3208 5422 3339 5491 quid
3402 5437 3534 5477 vero
3587 5437 3695 5477 non

430 5512 645 5568 audivit
668 5524 859 5566 earum
881 5526 1089 5578 rerum,
1125 5528 1263 5584 quas
1291 5528 1467 5584 genus
1522 5512 1577 5566 id
1653 5514 1939 5569 hominum
1991 5515 2312 5583 juvenilitcr
2377 5517 2584 5571 audet?
2633 5518 2780 5586 quod
2842 5516 3099 5588 injuriam
3167 5532 3268 5586 pro
3319 5527 3435 5572 arte
3500 5517 3694 5570 habet:

504 5649 582 5721 (l)
621 5650 778 5724 Apud
812 5651 1092 5709 Socratem
1126 5662 1231 5719 est,
1262 5651 1543 5708 Juliarium
1570 5668 1713 5724 equo
1766 5653 2013 5709 insiden-

435 5723 909 5796 texn,_etiquidem
961 5734 1189 5796 prepter
1233 5740 1421 5796 rerum
1454 5723 1821 5779 secundarum
1853 5740 2007 5792 spem

431 5799 491 5845 et
517 5791 776 5851 fiduciam
808 5791 1101 5865 inermem,
1124 5810 1249 5849 cum
1286 5794 1495 5852 circqu
1523 5796 1791 5852 militares
1824 5797 2010 5865 copias

2122 5654 2496 5724 obequitaret.
2541 5670 2633 5710 eas
2674 5655 2740 5710 ad
2795 5654 3178 5710 fortitudinem
3237 5650 3597 5724 cohortando,
3629 5666 3697 5706 ex

2122 5723 2420 5794 improviso
2474 5725 2629 5780 hasta
2661 5742 2985 5797 percussum
3019 5740 3140 5780 esse
3170 5742 3292 5797 quae
3327 5723 3613 5780 brachium
3643 5733 3701 5778 et

2121 5798 2261 5850 latus
2293 5796 2414 5866 ejus
2452 5796 2779 5865 perl'oderit.
