4056 6464
354 389 459 455 559
1277 389 1885 452 ECCLESIASTlC/F.
1925 391 2312 454 IIISTORL-E
2351 395 2423 454 LI
2439 396 2500 455 Β.
2535 394 2588 456 Χ
3508 395 3619 457 5'0

353 498 532 559 donec
555 516 683 559 eum
711 501 1003 561 Tarsensis
1028 505 1159 561 urbs
1177 508 1416 576 excepit,
1451 507 1638 562 nescio
1667 505 1964 576 quomodo,
2009 515 2104 561 aut
2129 506 2290 577 quam
2350 508 2420 564 ob
2448 522 2673 563 causam
2711 506 2777 563 ad
2813 507 3204 563 contumeliam
3259 507 3419 563 talem
3477 524 3613 562 cou-

351 605 631 657 demnata.
689 603 770 660 lbi
825 603 914 657 ille
957 604 1228 659 tumulum
1298 604 1466 659 habet
1526 604 1912 658 inhonoratum
1951 613 2009 659 et
2061 605 2375 674 sepulcrum
2433 604 2831 660 exsecrandum
2862 605 3101 660 maxime
3127 603 3607 673 etdespuemlum,

350 710 535 764 neque
562 697 637 767 pii
671 694 905 766 alicujus
934 698 1112 753 oculis
1154 697 1636 767 conspiciendum.
1672 690 1741 751 Et
1767 698 1927 753 sicuti
1970 712 2073 767 ego
2142 697 2364 767 quidem
2404 699 2472 753 de
2537 698 2795 768 quopiam
2816 697 3025 763 audivi,
3049 713 3118 752 ne
3147 698 3461 766 sepulcrum
3491 698 3614 764 qui-

351 787 476 843 dem
506 804 632 845 eum
658 793 1110 861 recepitwerum
1137 808 1258 862 qua:
1283 793 1403 862 ejus
1433 809 1595 849 causa
1625 802 1896 849 commota
1937 802 2022 847 est
2062 802 2234 858 terra,
2303 792 2537 849 cadaver
2589 793 2711 862 ejus
2750 792 3029 847 ‘excussit
3076 800 3242 861 alque
3306 790 3517 860 rejecit,
3557 802 3614 843 ut

351 882 457 938 hoc
487 884 559 938 sit
598 883 908 939 futurorum
932 887 1331 956 suppliciorum
1362 888 1519 957 quasi
1551 888 1826 958 quoddam
1860 885 2211 954 prreludium.
2240 884 2307 941 Et
2345 872 2567 956 quidem
2607 888 2690 942 sic
2720 887 2814 957 qui
2866 886 3243 956 imperaverit,
3305 885 3385 941 sic
3406 885 3609 940 bellum

350 978 605 1046 gesserit,
637 978 719 1034 sic
753 994 977 1050 quoque
1009 981 1246 1050 turpiter
1278 980 1443 1035 vitam
1477 981 1709 1036 ﬁnivit.»

928 1098 1181 1156 KEd’AA.
1210 1099 1342 1156 ΑΠ’.

423 1187 564 1258 Περὶ
588 1186 699 1256 τῆς
722 1187 1052 1264 βασιλείας
1082 1189 1198 1264 τοῦ
1232 1190 1527 1264 εὐσεϐοῦς
1547 1187 1858 1257 βασιλέως

825 1259 1110 1314 ἰόϐιανοῦ
1137 1261 1210 1314 ἐν
1235 1261 1502 1329 Περσίδι.

426 1374 493 1429 ΟΞ
515 1373 572 1426 δέ
598 1390 664 1442 γε
698 1376 1028 1445 στρατιῶται
1059 1377 1155 1430 καὶ
1183 1380 1485 1448 στρατηγοὶ
1515 1380 1582 1449 τῇ
1612 1377 1744 1448 ἑξῆς
1777 1378 1931 1448 βασιιι

354 1466 456 1522 λέα
488 1465 933 1521 άναδεικνύουσιν
976 1468 1257 1533 Ίοϐιανδν,
1295 1467 1466 1537 ἄνδρα
1502 1469 1745 1536 ἐπιφανῆ
1774 1467 1841 1521 τά
1868 1484 1928 1521 τε

355 1561 493 1617 ἄλλα
523 1562 617 1613 καὶ
643 1562 741 1631 τὴν
765 1561 1056 1614 εὐσέϐειαν
1088 1561 1183 1616 καὶ
1234 1562 1294 1614 τὸ
1325 1559 1488 1625 εἶδος,
1521 1561 1835 1631 τυραννίδος
1854 1561 1931 1626 ὡς

356 1652 577 1722 άληθῶς
614 1652 800 1717 ἄξιον·
826 1653 885 1715 ὃς
924 1653 1200 1723 χιλίαρχος
1239 1652 1315 1707 ὢν
1366 1656 1658 1724 πρότερον,
1691 1657 1929 1724 ὁπηνίκα

369 1745 658 1809 Ἰουλιανὸς
692 1750 810 1809 τοῖς
844 1748 1300 1817 στρατευομένοις
1352 1747 1568 1815 αἵρεσιν
1622 1748 1925 1818 προύτίθει,

361 1836 395 1906 ἢ
414 1834 557 1890 θύειν
580 1837 611 1905 ἢ
638 1836 736 1908 τὴν
768 1837 946 1909 ζώνην
969 1838 1350 1906 ἀποτίθεσθαι,
1379 1843 1436 1892 τὸ
1459 1838 1714 1910 δεύτερον
1742 1840 1929 1912 ᾑρεῖτο

369 1927 562 1998 μᾶλλον
590 1929 623 1998 ἢ
656 1927 897 1983 τοιοῦτον
926 1929 1124 1993 ἀσεϐὲς
1161 1931 1444 2003 ἐπίταγμα
1491 1932 1824 2003 ἐκπληροῦν.
1866 1933 1929 1988 '0

365 2020 462 2088 μὲν
489 2015 581 2073 οὖν
616 2020 893 2091 βασιλεὺς,
922 2024 989 2092 τῇ
1024 2021 1118 2074 τοῦ
1150 2023 1505 2094 ἐπικειμένου
1539 2025 1776 2096 πολέμου
1811 2026 1924 2098 βίᾳ,

359 2105 556 2182 οἷάπερ
607 2113 912 2183 στρατηγὸν
945 2114 1196 2182 ἄριστον,
1254 2116 1352 2169 σὺν
1382 2119 1494 2179 τοῖς
1531 2117 1738 2181 λοιποῖς
1781 2113 1928 2195 ’ἦγεν

360 2200 554 2254 αὐτόν’
604 2200 724 2253 τότε
769 2200 825 2253 δέ
851 2201 933 2264 εὶς
983 2201 1043 2255 τὸ
1072 2202 1379 2271 βασιλεύειν
1404 2205 1610 2275 μεταξὺ
1643 2209 1744 2276 τῆς
1768 2207 1930 2261 πολε-

361 2291 491 2361 μίας
542 2291 638 2344 ἆτε
692 2291 757 2361 δὴ
803 2293 912 2346 τῶν
944 2293 1121 2349 ἄλλων
1170 2295 1449 2366 διαφέρων
1478 2299 1750 2367 αἱρεθεὶς,
1790 2319 1929 2369 παρ-

355 2384 542 2453 ῃτεῖτο
606 2383 707 2453 την
759 2384 1081 2454 ἠγεμονίαν,
1149 2387 1243 2440 καὶ
1294 2389 1363 2443 τά
1400 2389 1503 2457 τῆς
1561 2390 1836 2461 βασιλείας
1864 2394 1944 2444 οὐ’

1954 1105 2003 1163 Δ

2458 1096 2571 1169 94
2613 1095 2839 1153 CAPUT
2894 1094 3163 1153 xxxvut

2139 1190 2219 1246 De
2280 1190 2499 1262 imperio
2564 1192 2637 1260 pii
2697 1192 3033 1262 imperatoris
3088 1190 3387 1256 Joviniani,
3446 1192 3502 1244 iu

2691 1260 2932 1316 Perside.

2101 1374 2380 1430 Postridie
2438 1382 2625 1428 autem
2685 1381 2740 1427 et
2795 1371 3000 1427 milites
3061 1381 3118 1427 et
3183 1370 3455 1427 exercitus
3507 1370 3615 1424 dua

2029 1482 2124 1524 ces
2136 1466 2486 1523 Iovinianum
2508 1465 2897 1536 imperatorem
2918 1463 3255 1528 renuntiant,
3276 1462 3455 1516 virum
3483 1477 3607 1516 cum

2031 1560 2196 1614 rebus
2228 1558 2374 1623 aliis,
2405 1568 2521 1614 tum
2547 1572 2676 1613 vera
2706 1559 2909 1627 pietate
2940 1556 3238 1619 illustrem,
3271 1570 3610 1625 prorsusque

2029 1649 2207 1705 forma
2261 1654 2347 1705 et’
2382 1658 2590 1705 statura
2625 1648 2873 1719 corporis
2932 1648 3167 1718 imperio
3209 1647 3474 1719 dignum;
3515 1647 3611 1716 qui

2031 1743 2292 1798 tribunus
2308 1751 2471 1797 antea
2499 1741 2697 1805 fuerat,
2731 1756 2856 1796 cum
2878 1740 3131 1797 Julianus
3159 1740 3448 1811 optionem
3504 1739 3610 1793 mi—

2030 1837 2225 1892 litibus
2249 1837 2498 1900 oﬂ‘erret,
2522 1845 2584 1890 ut
2609 1836 2695 1890 vel
2725 1836 2832 1890 diis
2863 1834 3262 1898 sacriﬁcarent,
3297 1833 3382 1888 vel
3415 1834 3612 1903 cingu-

2030 1931 2145 1986 lum
2176 1927 2390 1985 militiae
2423 1935 2479 1983 et
2529 1927 2814 1998 dignitatis
2861 1927 3225 1997 deponerent.
3273 1925 3452 1995 Atque
3514 1925 3610 1982 ille

2031 2025 2269 2079 alterum
2311 2020 2421 2076 hoc
2448 2019 2629 2076 facere
2660 2019 2874 2085 maluit,
2935 2034 3097 2089 quam
3132 2018 3314 2089 impia:
3366 2018 3607 2090 iussioni

2031 2128 2251 2185 parere.
2277 2111 2529 2168 Julianus
2551 2124 2718 2182 porro
2755 2111 3085 2167 necessitate
3119 2112 3268 2182 quod
3320 2118 3611 2182 tantOperc

2032 2207 2265 2271 urgebat
2295 2205 2425 2260 belli
2466 2204 2757 2270 adductus,
2802 2218 2990 2260 secum
3046 2204 3216 2270 hunc,
3286 2212 3349 2261 ut
3402 2205 3606 2261 ducem

2032 2298 2322 2367 Optimum,
2347 2312 2474 2352 cum
2498 2296 2699 2352 aliisin
2728 2296 3010 2350 Persidem
3039 2297 3216 2350 duxit.
3242 2295 3384 2352 Tum
3415 2308 3607 2353 autem

2033 2387 2086 2441 in
2116 2387 2302 2443 hostili
2333 2388 2579 2458 regione,
2621 2397 2683 2442 ut
2715 2387 2838 2441 aliis
2868 2389 3243 2457 praestantior,
3304 2390 3607 2459 imperator

356 2451 617 2545 προσίετο
663 2451 944 2545 σύμϐολα,
980 2477 1155 2545 λέγων
1205 2482 1283 2551 μὴ
1329 2451 1591 2535 δύνασθαι
1620 2451 1924 2553 βασιλεϐειν

2031 2478 2233 2542 lectus,
2268 2451 2597 2549 dignitatem
2630 2493 2750 2533 eam
2771 2478 2987 2549 rejecit,
3019 2486 3075 2533 et
3099 2479 3335 2549 insignia
3366 2481 3609 2550 impera-

353 2565 564 2636 ἀνδρῶν
606 2566 936 2637 Ἐλληνίξειν
978 2568 1286 2636 μαθόντων,
1318 2573 1376 2624 ἐν
1410 2570 1757 2642 Χριστιανοῖς
1785 2576 1928 2628 ἐκεῖ·

354 2675 450 2721 νος
478 2658 678 2710 τελῶν·
717 2660 897 2712 εἰσότε
926 2659 991 2730 δὴ
1020 2664 1175 2732 κοινῇ
1205 2664 1366 2735 φωνῇ,
1397 2663 1762 2733 Χριστιανοὺς
1785 2661 1928 2720 εἶναι

355 2750 502 2817 σφᾶς
528 2748 912 2821 ὡμολόγησαν.
979 2751 1068 2805 Ἐν
1105 2753 1256 2824 μέσῳ
1301 2754 1357 2807 δέ
1386 2756 1460 2824 τῷ
1495 2756 1682 2827 πλάνῳ
1735 2759 1829 2810 καὶ
1858 2761 1925 2829 τῇ

352 2844 567 2913 ταραχῇ
596 2841 715 2896 τῶν
754 2844 1099 2914 πραγμάτων
1131 2845 1505 2913 ἀπολειφθεὶς,
1531 2849 1628 2918 τῆς
1662 2852 1928 2918 στρατιᾶς

353 2937 418 2988 ἐκ
442 2936 539 3006 τῆς
567 2937 677 3006 πρὸ
704 2938 872 2992 αὐτοῦ
903 2944 1236 3015 στρατηγίαι,
1264 2944 1581 3014 ἐμπλήκτου
1609 2947 1924 3018 καμνούσης

355 3029 421 3098 τῇ
457 3028 653 3082 σπάνει
685 3030 795 3084 τῶν
831 3022 1178 3103 ἐπιτηδείων,
1207 3036 1348 3104 ἔγνω
1372 3035 1480 3089 δεῖν
1502 3036 1599 3090 καὶ
1627 3038 1925 3105 ἀναγκαῖον

354 3118 496 3176 εἶναι
524 3125 663 3195 πρὸς
695 3124 995 3193 συμϐάσεις
1020 3128 1240 3198 χωρεῖν.
1272 3129 1382 3181 Καὶ
1408 3129 1472 3199 δή
1505 3145 1628 3182 τινα
1657 3129 1764 3183 τῶν
1789 3132 1924 3183 ὑπο-

354 3213 525 3267 τελῶν
565 3214 867 3284 Ῥωμαίοις
901 3216 1180 3285 παραδοὺς
1210 3217 1470 3286 Πέρσαις,
1500 3219 1600 3289 τήν
1637 3237 1695 3271 τε
1737 3221 1926 3289 Σύρων

354 3306 529 3377 ἀρχήν
557 3323 700 3378 φημι
730 3310 824 3361 καὶ
869 3309 969 3379 τὴν
1005 3309 1066 3363 ἐν
1098 3310 1500 3381 Μεσοποταμίᾳ
1530 3310 1770 3377 Νίσιϐιν,
1831 3313 1926 3365 ἐπὶ

356 3399 659 3471 συνθήκαις
687 3401 756 3455 τά
791 3401 883 3455 τοῦ
932 3403 1172 3479 πολέμου
1204 3404 1412 3457 διέλυεν
1435 3420 1451 3435 ο
1507 3405 1774 3472 ἀπρεπῶς
1824 3405 1923 3474 μὲν

363 3489 656 3558 Ῥωμαίοις
707 3491 942 3562 πράξας,
1003 3493 1319 3562 ἀναγκαίως
1365 3494 1410 3547 δ’
1437 3494 1607 3564 ὅμως,
1641 3493 1829 3565 ὥσπερ
1860 3494 1923 3548 οὗ

353 3584 655 3655 βασιλείας,
711 3585 827 3638 ἀλλ’
879 3586 1053 3656 ἥττης
1106 3587 1444 3657 κληρονόμος
1489 3587 1812 3658 γενόμενος·
1845 3588 1923 3651 ὡς

349 3677 466 3744 εἴγε
499 3675 577 3747 μὴ
602 3676 748 3730 τοῦτ’
780 3676 1017 3748 ἔπραττε
1046 3677 1181 3747 (καὶ
1211 3677 1421 3748 Πέρσαι
1455 3679 1768 3750 μετριάζειν
1790 3680 1923 3733 εἰδό-

348 3785 461 3834 τες,
489 3770 585 3821 καὶ
615 3770 728 3840 ὅρῳ
761 3769 860 3839 τὴν
882 3769 1197 3840 εὗπραγίαν
1242 3772 1486 3841 μετρεῖν,
1517 3771 1548 3843 ἢ
1585 3773 1680 3824 καί
1713 3788 1768 3825 τι
1799 3771 1920 3825 ἐτε-
1943 3803 1991 3867 C

349 3878 443 3931 ρον
469 3862 740 3926 δείσαντες
801 3862 881 3925 εἰς
920 3862 1223 3933 συμϐάσεις
1270 3865 1589 3934 ἐτράποντο,
1623 3865 1716 3918 καὶ
1747 3864 1919 3918 ταῦτα

348 3952 769 4024 φιλανθρώπους
799 3955 944 4008 οὕτω
990 3956 1088 4009 καὶ
1117 3953 1478 4025 άδοιὶήτους)·
1523 3956 1675 4010 οὐδὲν
1708 3957 1918 4011 ἐκώλυε

351 4048 484 4117 μηδέ
517 4048 822 4119 πυρφόρον,
849 4049 910 4103 τὸ
934 4049 1027 4105 τοῦ
1057 4050 1246 4117 λόγου,
1277 4050 1695 4122 ὑπολειφθῆναι.
1726 4051 1840 4105 Νῦν
1873 4051 1920 4104 δ’

227 4183 241 4191 .
346 4136 376 4188 ὁ
407 4136 505 4204 μὲν
564 4134 890 4207 βιαζόμενος
942 4137 1211 4190 διασῶσαι
1269 4136 1437 4209 νεῦρα
1492 4140 1560 4209 τῇ
1627 4137 1917 4208 Ῥωμαίων

346 4230 511 4300 ἀρχῇ,
542 4230 635 4282 ἐπὶ
651 4229 952 4300 συνθήκαις
981 4229 1156 4293 οὕτως
1178 4232 1434 4301 αἰσχραῖς
1458 4247 1520 4284 τε
1553 4231 1649 4285 καὶ
1667 4232 1917 4299 ἀναξίαις

347 4322 663 4377 συνέϐαινεν
691 4323 922 4395 ἀϐουλίᾳ
955 4324 1156 4395 μᾶλλον
1183 4324 1277 4378 τοῦ
1331 4324 1441 4396 πρδ
1481 4325 1646 4378 αὐτοῦ
1680 4343 1916 4396 στρατη-

342 4416 618 4485 γήσαντος
649 4415 681 4486 ἢ
709 4415 861 4485 σφῶν
889 4416 1070 4472 αὐτῶν
1094 4418 1360 4489 ἀνανδρίᾳ
1383 4436 1398 4451 ·
1433 4419 1527 4473 καί
1554 4435 1617 4485 γε
1641 4420 1916 4495 ἀγνώμων

344 4508 479 4578 παρ’
530 4508 655 4579 ἐμοὶ
682 4511 843 4581 κριτῇ
907 4509 1140 4577 γένοιτο,
1188 4509 1247 4573 ὃς
1295 4512 1503 4564 ἐκεῖνον
1533 4510 1712 4581 ἀφεὶς,
1740 4511 1914 4582 τούτῳ

342 4597 413 4651 τὰ
434 4601 533 4667 τῆς
563 4597 826 4669 μέμψεως
848 4599 1148 4670 ἐπιγράφοι
1173 4601 1245 4697 "6
1265 4602 1373 4671 γὰρ
1400 4600 1603 4670 στάχυς
1630 4600 1729 4654 τοῦ
1759 4603 1914 4654 σπεί-

349 4704 536 4758 ραντος
574 4690 775 4760 μᾶλλον
807 4693 841 4761 ἢ
872 4689 965 4742 τοῦ
1007 4689 1328 4760 θερίσαὶστος
1349 4706 1363 4722 ο
1400 4692 1497 4743 καὶ
1522 4692 1550 4743 ὁ
1582 4691 1911 4763 ἐμπρησμὸς

343 4779 403 4832 οὐ
430 4780 523 4834 τοῦ
584 4781 776 4835 σϐέσαι
839 4781 921 4851 μὴ
969 4782 1311 4850 δυνηθέντος,
1350 4781 1484 4835 ἀλλὰ
1517 4782 1614 4835 τοῦ
1654 4781 1911 4851 καθάπαξ

289 4866 297 4877 ’
337 4870 683 4939 ἐμϐαλόντος.
718 4873 828 4924 Καὶ
856 4872 917 4924 τὸ
945 4871 1042 4924 τοῦ
1077 4870 1385 4943 Ἡροδότου,
1413 4891 1434 4925 ι
1479 4873 1653 4926 Τοῦτο
1680 4874 1741 4926 τὸ
1778 4875 1912 4928 ὑπὸο

274 5010 284 5017 .
335 4962 486 5083 δὲμα
515 4962 720 5034 ἔρραψε
746 4965 845 5035 μέν
891 4965 1169 5029 Ἱστιαῖος,
1212 4966 1525 5038 ὑπεδήσατο
1567 4967 1624 5018 δέ
1657 4967 1911 5035 Ἀριστα-

334 5048 363 5083 Ὕ
405 5049 521 5083 ρας.
556 5053 575 5083 1

334 5048 521 5100 γορας.
556 5053 575 5084 ι

2035 2567 2170 2622 toria
2207 2583 2316 2622 non
2342 2568 2587 2637 recepit:
2621 2584 2733 2623 non
2775 2584 2933 2640 posse
2975 2585 3037 2625 se
3069 2569 3283 2632 dicens,
3328 2570 3610 2640 quiChrio

2030 2659 2247 2716 stianus
2270 2661 2363 2722 sit,
2403 2661 2677 2729 imperare
2713 2662 2868 2731 viris,
2901 2663 2997 2732 qui
3038 2666 3381 2735 graecissare,
3408 2679 3605 2732 super-

2032 2752 2397 2822 slitionesque
2432 2754 2634 2809 sectari
2687 2753 3037 2823 didicissent;
3071 2757 3247 2811 donec
3278 2772 3384 2810 una
3412 2771 3608 2812 omnes

2029 2858 2164 2899 voce
2195 2842 2541 2902 Christianos
2572 2861 2631 2902 se
2662 2861 2783 2902 esse
2836 2856 2967 2902 sunt
3007 2848 3269 2917 professi.
3329 2850 3606 2906 Caeterum

2030 2936 2085 2989 in
2116 2950 2305 2991 errore
2332 2936 2517 2992 medio
2540 2945 2596 2991 et
2625 2952 2812 2993 rerum
2849 2940 3008 2993 turba
3034 2955 3063 2994 a
3085 2940 3307 2996 Iuliano
3356 2943 3604 3009 relictus,

2028 3028 2176 3098 quod
2198 3029 2477 3084 exercitus
2511 3030 2695 3098 priore
2725 3030 2960 3100 imperio
2990 3022 3379 3088 consternatus
3432 3044 3602 3098 esset,

2029 3132 2326 3190 rerumque
2349 3122 2787 3176 necessariarum
2843 3124 3027 3193 iunpia
3078 3134 3446 3195 premeretur,
3501 3143 3604 3181 ne-

2028 3210 2343 3268 cessitatem
2370 3211 2473 3268 sibi
2494 3212 2809 3282 impositam
2846 3229 2973 3268 esse
2994 3216 3272 3284 cognovit,
3304 3225 3364 3270 ut
3391 3216 3603 3271 bellum

2026 3302 2402 3374 paciﬁcatione
2437 3306 2786 3376 transigeret.
2827 3305 3175 3377 Quapropter
3201 3308 3319 3362 loca
3346 3308 3599 3379 quaedam

2027 3411 2149 3466 quae
2174 3394 2438 3452 Romanis
2486 3397 2691 3453 tributa
2721 3399 3097 3467 pensitabant,
3151 3400 3324 3469 Syriae
3382 3402 3598 3457 scilicet

2028 3487 2342 3558 imperium,
2368 3497 2426 3542 et
2457 3503 2579 3558 quae
2609 3489 2665 3543 in
2690 3488 3085 3560 Mesopotamia
3124 3504 3211 3546 est
3240 3492 3499 3556 Nisibim,
3533 3511 3597 3547 ex

2024 3576 2202 3645 pactis
2231 3578 2546 3645 conventis,
2610 3579 2792 3635 Persis
2831 3582 3124 3647 concessit,
3166 3592 3225 3638 et
3278 3583 3481 3638 bellum
3546 3584 3601 3637 id

2025 3668 2249 3724 solvit‘.
2285 3668 2441 3735 Quod
2476 3668 2698 3740 quidem
2735 3687 2845 3727 non
2885 3687 2915 3726 e
2939 3672 3204 3744 dignitate
3235 3676 3450 3743 imperii
3485 3676 3596 3740 ille,

2024 3764 2341 3815 necessario
2392 3770 2573 3817 tamen
2626 3761 2773 3831 fecit,
2809 3766 2991 3834 utqui
3050 3781 3160 3820 non
3204 3767 3446 3836 imperii,
3502 3769 3598 3821 sed

2027 3853 2197 3909 cladis
2217 3854 2393 3911 haeres
2404 3865 2550 3911 esset
2593 3857 2672 3911 Ac
2694 3857 2798 3912 nisi
2814 3857 2920 3911 hoc
2946 3857 3187 3924 fecisset,
3212 3868 3271 3912 et
3291 3858 3396 3912 nisi
3420 3858 3605 3914 Persa:

2026 3945 2310 4002 moderate
2335 3960 2393 4001 se
2408 3957 2686 4016 gerentes,
2708 3958 2763 4004 et
2796 3964 3117 4019 prosperum
3146 3965 3328 4005 rerum
3381 3965 3600 4007 succes-

2020 4052 2142 4092 sum
2197 4048 2352 4093 ccrto
2404 4042 2512 4094 line
2572 4040 2914 4105 claudentes,
2965 4049 3060 4095 aut
3103 4040 3246 4096 aliud
3316 4042 3605 4113 quippiam

2020 4136 2355 4194 metuentes,
2398 4130 2748 4186 conditiones
2779 4132 2929 4201 pacis
2950 4142 3058 4186 tam
3094 4133 3366 4189 humanas
3388 4145 3444 4190 et
3472 4136 3594 4190 ino-

2017 4221 2232 4288 pinatas
2276 4222 2714 4292 proposuissent,
2756 4225 2897 4281 nihil
2942 4227 3192 4296 profecto
3263 4230 3598 4295 obstitisset,

2020 4312 2153 4381 quin
2182 4327 2248 4367 ex
2279 4328 2345 4367 eo
2368 4314 2513 4368 bello
2545 4330 2615 4369 ne
2668 4316 2864 4385 ignifer
2915 4321 3138 4390 quidem
3203 4322 3353 4391 quod
3411 4324 3593 4388 aiunt,

2018 4401 2313 4457 incolumis
2347 4405 2633 4459 evasisset.
2665 4406 2847 4472 Quare
2874 4411 3204 4466 necessitate
3249 4412 3496 4479 adactus,
3535 4424 3596 4467 ut

2017 4508 2217 4547 nervos
2239 4507 2369 4548 suos
2392 4495 2645 4551 Romano
2678 4498 2911 4567 imperio
2962 4512 3342 4569 conservaret,
3396 4508 3592 4560 consli~

2018 4583 2260 4638 tionibus
2289 4587 2541 4653 turpibus
2570 4597 2733 4656 atque
2758 4590 3000 4660 indignis
3038 4574 3163 4646 cum
3195 4594 3451 4648 hostibus
3490 4595 3591 4649 de-

2015 4674 2181 4732 cidit:
2209 4679 2521 4733 temeritate
2547 4681 2718 4750 magis
2735 4683 2983 4750 proxima
3019 4683 3392 4754 imperatoris,
3422 4702 3589 4757 quam

2016 4781 2114 4822 sua
2145 4775 2241 4822 aut
2280 4769 2515 4825 militum
2578 4785 2805 4827 suorum
2841 4775 3169 4831 timiditate:
3228 4792 3316 4832 me
3368 4780 3588 4847 quidem

2010 4860 2199 4931 judice
2240 4862 2564 4932 periniquus
2602 4863 2795 4930 fuerit,
2825 4867 2919 4936 qui
2965 4867 3058 4921 illo
3099 4868 3314 4933 relicto,
3370 4869 3586 4938 culpam

2013 4953 2134 5022 ejus
2179 4953 2576 5023 paciﬁcationis
2629 4956 2683 5009 in
2715 4957 2865 5011 hunc
2907 4957 3177 5014 conferat.
3220 4959 3389 5032 Seges
3440 4960 3590 5013 enim

2013 5044 2212 5099 saturis
2243 5045 2425 5115 potius
2456 5060 2618 5115 quam
2669 5050 2929 5104 messoris
2988 5061 3114 5105 est:
3158 5060 3216 5107 et
3270 5052 3591 5108 incendium

334 5142 445 5181 non
476 5128 707 5211 ejusqui
734 5129 789 5184 id
816 5130 1173 5199 exstinguere
1197 5131 1390 5200 possit,
1450 5131 1551 5187 sed
1586 5133 1681 5203 qui
1752 5133 1806 5189 id
1865 5139 2036 5193 semel
2099 5141 2377 5204 excitarit,
2446 5157 2572 5199 esse
2610 5144 2894 5201 creditur:
2954 5146 3063 5217 95
3107 5149 3372 5221 quodque
3439 5153 3585 5221 apud

335 5221 672 5279 Herodotum
704 5232 811 5291 est,
843 5242 862 5275 ι
892 5223 1150 5280 Calceum
1197 5224 1421 5295 quidem
1479 5227 1645 5282 istum
1697 5229 1915 5286 censuit
1943 5232 2220 5304 Histiaeus,
2248 5234 2429 5291 induit
2459 5247 2640 5295 autem
2671 5241 3080 5315 Aristagoras.)

405 5410 482 5485 (ί)
506 5412 1114 5485 gregariiNazianzeni
1152 5417 1271 5473 haec
1298 5376 1462 5475 verba
1492 5427 1642 5474 sunt.

402 5482 485 5556 (‘2)
504 5482 871 5543 Theodoritus
904 5485 1234 5545 tricennales
1270 5489 1519 5544 inducias
1558 5497 1744 5559 pactas
1771 5504 1894 5547 esse
1930 5491 2141 5549 scribit.

1934 5724 2006 5741 .d
