4056 6422
310 376 414 443 5'3

1217 378 1829 445 ECCLESIASTlC/E
1869 386 2267 450 HlSTORl/E
2301 391 2447 454 LIB.
2492 393 2561 457 XV.
3486 400 3554 463 57

307 479 529 567 χεινῆν
566 493 799 568 σπουδή.
853 496 996 551 [lict
1032 497 1147 570 γὰρ
1200 501 1375 555 ἐδόκει
1427 502 1519 555 τὸν
1575 502 1809 572 βασιλέα
1833 506 1900 576 τῇ

2018 509 2323 577 :upandum
2354 510 2461 567 sibi
2504 526 2630 567 eum
2661 524 2785 568 esse
2828 510 3013 567 studio
3067 525 3265 582 magno
3295 512 3585 582 putabant.

307 586 551 659 σφετέρᾳ
609 587 795 641 πίστει
826 588 1290 660 ιπροσθήσεσθαι,
1345 595 1479 662 παρ’
1511 594 1678 649 αὐτοῦ
1708 613 1768 650 τε
1796 596 1896 665 τὴν

2018 600 2063 656 Et
2092 617 2193 672 pro
2214 617 2273 658 se
2302 604 2540 674 quisque
2575 619 2791 670 omnes,
2845 604 3239 682 imperatorem
3294 603 3366 659 ad
3398 603 3592 659 factio-

306 679 451 735 κατά
479 678 589 734 τῶν
642 679 945 736 δοκούντων
1003 683 1190 749 αὐτοῖς
1236 687 1552 742 ἀντιπάλων
1575 692 1898 761 παρρησίαν

307 772 574 845 ὑπάρξειν
610 774 947 846 νομίζοντες,
1024 776 1086 831 '0
1115 777 1162 831 δ’
1213 777 1273 844 ἐξ
1301 780 1476 852 ἀρχῆς
1503 785 1571 853 τῇ
1600 783 1899 851 όμοουσίου

307 867 490 921 πίστει
520 868 849 936 προσέκειτο
870 885 884 900 ·
915 870 1013 923 καὶ
1043 871 1179 927 πᾶσι
1205 872 1364 925 τοῦτο
1395 875 1717 945 περιφανῶς
1746 874 1899 946 ὡμο-

307 955 479 1026 λόγει.
509 959 616 1012 Καὶ
656 961 865 1029 πρῶτοι
897 961 1120 1017 πάντων
1152 963 1413 1033 παρῆσαν
1457 963 1852 1020 Μακεδονιανοί
1879 974 1894 992 ⁸

307 1047 356 1101 οἳ
388 1049 499 1102 τῶν
532 1051 632 1120 μὲν
671 1052 972 1120 ’Λνομοίων
1005 1054 1373 1124 καλουμένων
1423 1057 1525 1128 τὴν
1555 1057 1774 1128 αἵρεσιν
1798 1060 1906 1113 ἀπ-

309 1140 659 1212 εστρέφοντο,
719 1144 782 1197 τὸ
832 1144 889 1198 δὲ
945 1147 1264 1216 ὁμοιούσιον
1314 1150 1437 1204 ἀντὶ
1483 1151 1579 1207 τοῦ
1604 1154 1896 1223 ὁμοουσίου

311 1235 559 1304 ἐδέχοντο
578 1251 592 1265 ·
635 1235 684 1289 οἳ
710 1238 805 1290 καὶ
836 1236 1047 1308 βιϐλίον
1074 1240 1287 1310 βασιλεῖ
1322 1241 1531 1308 δόντες,
1561 1246 1724 1316 χάριν
1752 1247 1898 1318 ἔχειν

310 1327 622 1397 ὡμολόγουν
652 1328 774 1399 Θεῷ
825 1331 925 1400 τῆς
948 1332 1117 1386 αὑτοῦ
1141 1332 1334 1388 ἕνεκεν
1367 1338 1675 1407 ἡγεμονίας
1697 1354 1710 1368 ·
1735 1339 1903 1411 ᾔτουν

310 1420 368 1473 δέ
393 1421 518 1482 τοὺς
539 1419 599 1472 τὸ
662 1421 921 1492 ἀνόμοιον
977 1424 1416 1494 δογματίζοντας
1453 1428 1564 1481 τῶν
1591 1430 1904 1499 ἐκκλησιῶν

311 1511 739 1580 ἀπελαύνεσθαι,
766 1515 958 1578 αὐτοῖς
984 1515 1030 1567 δ’
1053 1518 1377 1587 ἐπιτρέπειν
1430 1520 1622 1583 αὑτάς.
1661 1521 1804 1589 Πρὸς
1837 1522 1903 1593 δὴ

312 1600 671 1673 τούτοιςῆτά
689 1605 747 1657 ἐν
794 1604 1066 1677 Ἀριμίνῳ
1117 1607 1215 1660 καὶ
1261 1608 1558 1683 Σελευκείᾳ
1601 1612 1768 1683 κύρια
1811 1613 1906 1683 μέ-

317 1712 451 1761 νειν,
485 1695 581 1749 καὶ
611 1697 680 1749 τά
709 1697 803 1768 βίᾳ
835 1699 989 1769 παρά
1023 1715 1187 1752 τινων
1209 1704 1565 1772 γεγενημένα
1606 1705 1801 1775 ἀργεῖν
1823 1722 1835 1736 ·
1871 1707 1905 1777 ἢ

319 1787 413 1842 τοῦ
442 1789 634 1860 πρώην
666 1792 968 1860 σχίσματος
1003 1792 1280 1862 μένοντος,
1308 1795 1648 1866 ἐπιτρεπτέα
1672 1814 1735 1866 γε
1759 1795 1906 1853 εἶναι

2001 693 2091 749 nis
2155 710 2268 750 suae
2306 694 2467 750 fidem
2511 710 2896 761 accessurum,
2948 695 3293 766 proindeque
3335 710 3395 750 se
3443 695 3590 748 illius

2012 786 2346 842 auctoritate
2373 789 2638 858 majorem
2670 789 2979 843 libertatem
3011 796 3200 843 contra
3233 802 3337 844 eos.
3357 788 3451 858 qui
3483 787 3591 842 sibi

2001 878 2284 934 adversari
2314 879 2662 943 viderentur,
2697 879 2993 935 habituros
3022 893 3146 934 esse
3176 878 3495 933 credebant.
3519 878 3593 932 At

2000 972 2091 1028 ille
2103 972 2216 1043 jam
2233 973 2362 1027 inde
2388 973 2458 1028 ab
2489 972 2650 1029 initio
2671 974 3075 1043 τοῦὁμοουσίου
3093 970 3593 1028 consubstantialis

2004 1068 2341 1140 professioni
2399 1067 2656 1124 addictus
2685 1066 2884 1131 fuerat,
2938 1074 2996 1121 et
3050 1065 3104 1120 id
3151 1073 3265 1118 tum
3297 1063 3591 1119 manifeste

2002 1176 2117 1231 pne
2144 1175 2203 1215 se
2242 1160 2389 1216 tulit.
2428 1158 2600 1215 Primi
2648 1158 2897 1214 omnium
2927 1156 3136 1212 aﬂuere
3187 1156 3588 1220 Macedoniam,
3642 1177 3653 1183 ο

2005 1254 2100 1323 qui
2135 1252 2360 1322 quidem
2392 1251 2647 1307 haeresim
2684 1265 2881 1307 eorum
2909 1250 3004 1320 qui
3043 1249 3310 1319 ἀνόμοιοι,
3334 1249 3437 1304 hoc
3485 1257 3589 1310 est,

2004 1345 2325 1415 dissimiles,
2353 1345 2703 1411 dicebantur,
2738 1343 3084 1416 rejiciebant,
3109 1352 3166 1397 et
3195 1344 3257 1395 τὸ
3279 1341 3591 1412 ὁμοιούσιον

2003 1440 2247 1498 similem
2280 1439 2591 1495 substantia
2619 1454 2721 1507 pro
2752 1437 2871 1490 τοῦ·
2897 1436 3193 1506 ὁμοουσίου
3229 1436 3595 1489 consubstan-

2011 1533 2153 1597 tiali,
2216 1531 2581 1602 recipiebant.
2618 1531 2684 1585 Et
2719 1531 2968 1585 libellum
3010 1530 3049 1584 ii
3079 1527 3395 1599 imperatori
3431 1526 3595 1580 obtu-

2008 1623 2214 1688 lerunt,
2235 1623 2292 1677 in
2309 1638 2420 1693 quo
2448 1623 2561 1679 Deo
2584 1622 2791 1693 gratias
2813 1622 2882 1677 de
2911 1620 3147 1690 imperio
3177 1618 3296 1688 ejus
3317 1616 3552 1688 agebant
3577 1632 3593 1668 :

2011 1731 2076 1771 ac
2105 1716 2368 1785 deinceps
2394 1714 2680 1784 petebant,
2709 1723 2771 1768 ut
2800 1714 2883 1770 eis
2919 1713 3014 1783 qui
3051 1712 3322 1767 dissimile
3378 1722 3599 1763 assere-

2012 1806 2160 1872 bant,
2197 1822 2265 1861 ex
2298 1806 2555 1862 ecclesiis
2579 1805 2850 1875 expulsis,
2898 1804 3034 1874 ipsis
3063 1803 3170 1857 illae
3222 1797 3599 1871 gubernanda:

325 1882 447 1945 τοῖς,
465 1883 785 1953 ἁπανταχοῦ
834 1885 1162 1947 ἐπισκόποις
1229 1885 1345 1956 ὅπη,
1400 1886 1683 1956 βούλοιντο
1717 1891 1905 1945 συνελ-

2018 1899 2516 1954 committerentur.
2545 1896 2817 1953 Praeterea
2859 1907 2920 1951 ut
2948 1896 3034 1951 vel
3057 1909 3123 1949 ea
3175 1909 3299 1963 quae
3357 1887 3595 1948 Arimini

330 1973 454 2037 θεῖν,
493 1976 568 2044 μή
597 1992 742 2039 τινος
795 1976 1067 2045 κοσμικοῦ
1100 1978 1527 2040 κοινωνοῦντοςο
1586 1982 1683 2034 καὶ
1716 1984 1792 2053 μὴ
1822 1985 1905 2046 είς

324 2069 494 2137 πέρας
517 2068 914 2138 προϐαίνειν,εί’
936 2086 1022 2132 τις
1053 2071 1112 2122 ἐν
1139 2071 1299 2142 μέρει
1325 2090 1379 2126 τι
1415 2074 1685 2144 πράττειν
1703 2073 1902 2142 ἕλοιτο,

318 2159 351 2230 ἣ
382 2163 610 2232 ἀπκτᾷν,
634 2161 822 2233 ὥσπερ
849 2164 942 2215 ἐπὶ
968 2165 1355 2220 Κωνσταντίου
1385 2168 1612 2238 συνέϐη.
1644 2168 1905 2234 Ἐδήλουν

319 2255 377 2308 δέ
416 2256 552 2326 μηδέ
583 2258 662 2319 είς
692 2256 752 2309 τὸ
798 2256 1171 2330 στρατόπεδον
1231 2260 1553 2328 ἀφικέσθαι,
1614 2261 1703 2329 ἵνα
1732 2263 1808 2334 μὴ
1835 2262 1905 2316 δι’

320 2348 481 2417 ὄχλον
516 2345 645 2402 εἷεν.
666 2349 731 2402 Ei
753 2348 797 2401 δ’
824 2350 1136 2420 ἐπιτρέψειε
1163 2350 1437 2422 βασιλεὺς,
1462 2354 1712 2425 ἀσμένως
1732 2357 1906 2407 ποιεῖν

322 2438 544 2493 ἅπαντα
580 2439 849 2503 δαπάναις
874 2441 970 2494 καὶ
997 2441 1317 2510 ὑποζυγίοις
1351 2444 1467 2506 τοῖς.
1493 2444 1729 2497 οἴκοθεν.
1763 2444 1826 2496 Οἱ
1847 2443 1906 2495 δὲ

319 2534 383 2585 τὸ
411 2533 617 2602 βιϐλίον
649 2533 866 2604 βασιλεί
905 2534 1091 2598 δόντες
1120 2531 1264 2605 ἦσαν
1286 2529 1440 2590 οὗτοι
1461 2551 1475 2566 °
1536 2537 1827 2599 Βασίλειος
1879 2537 1907 2588 6

334 2625 635 2696 Ἀγκύρας,
666 2626 931 2690 Σιλϐανὸς
971 2628 1214 2697 Ταρσοῦ,
1240 2630 1554 2700 Σωφρόνιος
1582 2631 1907 2701 Πομπηϊου-

322 2720 552 2783 πόλεως,
613 2720 944 2784 Παυσίνικος
1000 2720 1210 2790 Ζήλων,
1286 2722 1544 2786 Λεόντιος
1607 2723 1904 2792 Κομάνων,

323 2806 713 2877 Καλλικράτης
756 2808 1269 2875 Κλαυδιουπόλεως,
1317 2810 1579 2880 Θεόφιλος
1607 2813 1910 2867 Κασταϐά-

322 2896 459 2962 λων,
486 2899 583 2951 καὶ
607 2898 812 2969 ἕτεροι.
857 2899 916 2953 '0
947 2900 1006 2953 δέ
1039 2900 1293 2971 βασιλεὺς
1335 2902 1398 2956 τὸ
1432 2903 1643 2973 βιϐλίον
1676 2904 1910 2975 δεξάμε-

325 3002 439 3053 νος,
480 2984 600 3039 οὐδὲ
632 2987 986 3058 ἀποκρίσεως
1010 2991 1179 3055 ἀξιοῖ,
1210 2989 1368 3043 τοῦτο
1410 2994 1571 3062 μόνον
1600 2992 1911 3062 φθεγξάμε-

324 3096 412 3142 νος
433 3096 447 3109 ·
484 3098 503 3131 ι
551 3078 691 3149 Ἐγὼ
720 3082 822 3151 τὴν
853 3081 951 3150 μὲν
981 3081 1325 3151 φιλονεικίαν
1355 3083 1500 3153 μισῶ
1524 3100 1536 3112 ·
1576 3086 1701 3148 τοὺς
1733 3085 1787 3137 δὲ
1808 3085 1908 3155 τὴν

322 3170 581 3238 ὁμόνοιαν
605 3170 1027 3240 ἀσπαζομένους
1064 3173 1187 3227 λίαν
1221 3174 1424 3241 ἀγαπῶ
1451 3176 1542 3227 καὶ
1573 3176 1743 3245 τιμῶ.
1782 3195 1801 3229 ι
1842 3176 1908 3229 Ὃ

324 3262 395 3335 δὴ
421 3264 516 3316 καὶ
555 3262 654 3325 τὰς
688 3261 799 3316 τῶν
826 3237 1005 3316 άλλων
1042 3237 1281 3332 φθάσαν,
1313 3265 1477 3329 εὐθὺς
1510 3237 1704 3332 ἀκοάς,
1735 3268 1794 3320 τὸ
1824 3268 1912 3321 έν-
1942 3237 1989 3300 c

326 3371 478 3423 τονον
504 3352 604 3422 τῆς
643 3353 983 3421 φιλονεικίας
1040 3356 1235 3423 ἐχάλα,
1290 3355 1393 3409 κοιλ⁸
1445 3355 1516 3409 τά
1541 3357 1686 3410 κατὰ
1715 3357 1917 3411 σκοπὸν

327 3443 409 3514 τῷ
441 3444 652 3514 βασιλεί
699 3443 990 3513 ἔπραττον.
1024 3444 1092 3497 Ὅ
1122 3462 1179 3497 τε
1237 3445 1550 3513 φιλόνεικος
1576 3446 1779 3513 αὐτῶν,
1809 3448 1917 3501 τῶν

331 3539 462 3608 περὶ
510 3538 770 3592 Ἀκάκιον
797 3536 965 3605 λέγω,
1005 3540 1209 3607 τρόπος
1244 3538 1534 3608 ἠλέγχετο,
1590 3540 1685 3593 καὶ
1714 3539 1791 3602 ὡς
1828 3541 1922 3594 ἀεὶ

330 3629 470 3701 πρὸς
499 3631 562 3683 τὸ
589 3629 782 3685 δοκοῦν
812 3632 928 3693 τοῖς
956 3628 1252 3700 κρατοῦσιν
1301 3631 1626 3698 ἀπέκλιναν,
1662 3631 1918 3701 ἐμφανῶς

333 3722 574 3787 ἔδειξαν*
599 3723 790 3791 ἐπειδὴ
826 3723 937 3792 γάρ
970 3725 1064 3776 τὸν
1132 3722 1468 3793 Ἀντιοχείας
1498 3723 1770 3777 Μελέτιον
1826 3724 1922 3776 ἐπὶ

335 3820 586 3873 πλεῖστον
638 3819 852 3889 βασιλεῖ
900 3818 991 3872 διὰ
1038 3818 1208 3889 τιμῆς
1238 3818 1368 3871 ὄντα
1416 3818 1629 3888 ἐώρων,
1662 3821 1779 3873 ἐκεῖ
1810 3823 1920 3890 γάρ

332 3910 634 3981 τηνικαῦτα
666 3911 978 3981 διέτριϐεν·
1030 3914 1111 3975 εἰς
1162 3912 1354 3981 λόγους
1410 3913 1608 3984 ἐκείνῳ
1648 3914 1922 3977 ἐλθόντες,

338 4001 587 4055 πείθουσι
616 4000 834 4053 σύνοδον
863 4004 919 4053 ἐν
955 3998 1261 4072 Ἀντιοχείᾳ
1295 4001 1455 4054 πάλιν
1491 4000 1768 4069 γενέσθαι.
1810 3997 1922 4056 Ἦν

338 4094 394 4146 δὲ
422 4092 686 4154 Μελέτιος
725 4091 905 4159 οὗτος,
945 4092 1004 4156 ὃς
1037 4093 1224 4163 μικρῷ
1271 4093 1514 4163 πρόσθεν
1541 4094 1722 4148 αὐτῶν
1756 4111 1925 4165 χωρι-

342 4184 510 4252 σθεὶς,
541 4185 617 4257 τῷ
646 4186 925 4256 ὁμοουσίῳ
958 4186 1282 4256 προσέθετο.
1325 4186 1637 4240 Καὶτοίνυν
1664 4187 1721 4249 ἐς
1751 4186 1924 4238 ταντὸ

341 4277 685 4341 συνελθόντες
709 4282 766 4331 ἐν
803 4277 1104 4349 Ἀντιοχείᾳ
1134 4278 1245 4331 τῶν
1277 4278 1483 4348 Σύρων,
1502 4279 1602 4347 τὴν
1629 4281 1686 4332 ἐν
1718 4277 1925 4349 Νικαίᾳ

345 4370 621 4441 βεϐαιοῦσι
661 4371 847 4424 πίστιν
870 4409 886 4435 ,
938 4372 1037 4424 καὶ
1067 4370 1321 4439 κυροῦσι,
1345 4371 1406 4424 τὸ
1435 4370 1727 4442 ὁμοούσιον
1749 4370 1925 4438 ἀναμ-

346 4463 630 4535 φηρὶστως
657 4462 905 4530 δοξάζειν
933 4464 1026 4517 τὸν
1058 4464 1186 4518 Υίὸν
1229 4463 1309 4533 τῷ
1340 4462 1542 4534 Πατρί.
1574 4463 1836 4517 Κοινωνοὶ
1866 4462 1926 4516 δὲ

2016 2002 2070 2047 et
2109 1991 2379 2047 Seleucia:
2413 1998 2618 2047 statuta
2675 1991 2917 2052 fuerant,
2973 1987 3130 2041 ﬁrma
3180 1989 3504 2038 manerent:
3537 1989 3601 2033 et-

2016 2100 2141 2155 quae
2171 2102 2201 2139 a
2232 2082 2515 2138 nonnullis
2554 2098 2654 2153 per
2687 2082 2797 2136 vim
2832 2089 3024 2135 contra
3058 2093 3122 2134 ea
3153 2087 3275 2131 acta
3303 2084 3484 2137 erant,
3514 2072 3594 2126 ir-

2016 2177 2123 2231 rita
2160 2185 2388 2231 essent:
2442 2174 2527 2229 vel
2565 2175 2747 2244 priore
2801 2172 3097 2227 schismate
3151 2178 3314 2237 atque
3360 2163 3601 2219 dissidio

2016 2270 2276 2330 durante,
2338 2266 2614 2337 episcopis
2673 2265 2947 2320 omnibus
2997 2276 3329 2332 quocunque
3386 2259 3603 2315 vellent-

2015 2359 2142 2416 loco
2174 2358 2474 2414 convenire
2521 2357 2735 2413 liceret.
2787 2356 2845 2410 In
2876 2369 2987 2424 quo
3017 2360 3291 2409 conventu
3350 2364 3418 2403 ne
3469 2346 3601 2416 quis

2016 2453 2296 2510 saecularis
2326 2452 2587 2518 adesset,
2618 2465 2759 2505 neve
2812 2446 2974 2504 linem
3011 2462 3168 2503 suum
3225 2456 3595 2513 consequere-

2017 2555 2131 2609 tur,
2165 2546 2212 2601 si
2242 2546 2370 2615 quis
2403 2545 2636 2600 seorsim
2681 2543 2983 2614 quidquam
3016 2542 3247 2611 egisset,
3275 2548 3377 2593 aut
3406 2537 3593 2591 fallere

2016 2640 2373 2706 instituisset,
2424 2639 2591 2695 sicuti
2642 2637 2747 2692 sub
2796 2636 3122 2693 Constantio
3178 2633 3380 2688 factum
3424 2637 3592 2688 esset.

2016 2743 2308 2804 mgarunt.
2344 2731 2486 2786 Illud
2511 2745 2736 2802 quoque
2762 2729 3165 2800 significaram,
3194 2740 3254 2780 se
3285 2724 3421 2779 citra
3449 2722 3599 2792 prin-

2016 2828 2158 2897 cipis
2174 2826 2537 2891 voluntatem,
2570 2825 2625 2879 in
2649 2825 2831 2879 aulam
2874 2831 2931 2878 et
2982 2820 3303 2876 comitatum
3340 2814 3596 2886 imperia-

2022 2920 2164 2987 lem,
2222 2934 2296 2974 ne
2362 2918 2580 2973 molesti
2626 2933 2751 2972 esse
2792 2914 3133 2979 viderentur,
3224 2927 3333 2965 non
3398 2918 3597 2963 ventu—

2016 3024 2127 3064 ros.
2185 3008 2283 3065 Sin
2355 3008 2411 3062 id
2460 3008 2543 3062 eis
2599 3006 3034 3076 permitteretur,
3137 2998 3473 3069 perlibenter
3542 2994 3599 3048 id

2016 3100 2266 3156 facturos
2320 3113 2443 3154 esse
2510 3096 2828 3167 sumptibus
2885 3105 2941 3149 et
2989 3092 3260 3164 jumentis
3332 3087 3597 3159 propriis,

2019 3191 2402 3248 ostenderunt.
2430 3190 2539 3262 97
2568 3188 2672 3256 Qui
2706 3202 2837 3242 vero
2882 3185 3119 3257 principi
3178 3184 3255 3238 ita
3320 3178 3601 3249 supplica-

2022 3293 2173 3348 runt,
2204 3284 2379 3349 fuere,
2413 3282 2650 3337 Basilius
2677 3283 3021 3351 Ancyranus,
3050 3275 3323 3347 Sylvanus
3360 3273 3605 3327 Tarsen-

2020 3378 2118 3445 sis,
2151 3374 2493 3445 Sophronias
2513 3371 3081 3444 Pompeiopolitanus,
3153 3365 3485 3422 Pausinicus
3522 3363 3598 3432 (i)

2020 3467 2296 3532 Zelorum,
2357 3465 2619 3521 Eeontius
2703 3461 3075 3518 Cumanorum
3116 3457 3214 3528 (2),
3276 3455 3601 3511 Callicrates

2019 3559 2556 3629 Claudiopolitanus,
2611 3555 2957 3625 Theophilus
3024 3550 3447 3611 Castabalenus,
3540 3556 3597 3602 et

2021 3652 2138 3708 alii.
2173 3648 2676 3722 lmperatorlibello
2711 3646 2946 3716 supplici
2988 3652 3237 3711 accepto,
3273 3653 3601 3708 reSponsum

2021 3744 2103 3798 eis
2130 3758 2237 3797 non
2262 3732 2432 3809 dedit,
2469 3740 2564 3796 sed
2595 3739 2726 3794 illud
2774 3747 2986 3792 tantum
3021 3735 3200 3790 dixit:
3235 3748 3334 3803 ego
3366 3742 3600 3785 conten-

2025 3834 2194 3888 tionis
2220 3832 2463 3888 studium
2496 3831 2610 3896 odi,
2657 3828 2968 3885 concordiae
3000 3837 3187 3881 autem
3237 3831 3615 3879 assectatores

2027 3925 2190 3981 unice
2243 3925 2548 3997 amplector
2588 3931 2645 3978 et
2691 3922 2834 3976 colo.
2865 3938 2884 3972 ι
2923 3918 3078 3984 Quod
3134 3917 3339 3972 dictum
3395 3914 3486 3969 ubi
3536 3914 3615 3973 ad

2026 4019 2265 4072 aliorum
2290 4031 2512 4085 quoque
2534 4030 2699 4069 aures
2738 4012 3014 4082 pervenit,
3054 4010 3429 4064 intentionem
3474 4022 3607 4062 con.

2029 4110 2296 4167 tentionis
2322 4108 2549 4173 laxavit,
2575 4117 2633 4161 et
2675 4114 2737 4159 ut
2770 4101 3126 4174 imperatoris
3155 4098 3451 4155 consilium
3479 4112 3606 4152 suc-

2027 4208 2277 4270 cederet,
2339 4204 2547 4260 efl‘ecit;
2578 4198 2989 4269 lAltercationis
3046 4212 3286 4267 namque
3335 4195 3603 4260 studium,

2027 4314 2218 4355 eorum
2274 4294 2582 4367 quiAcacii
2635 4293 3021 4348 auctoritatem
3071 4288 3486 4360 sequebantur,
3526 4297 3615 4341 set.

2027 4407 2245 4461 semper
2306 4388 2596 4460 opiniones
2637 4401 2765 4442 suas
2820 4384 2890 4439 ad
2948 4382 3280 4454 principum:
3317 4378 3609 4434 arbitrium

2030 4493 2219 4554 aperte
2243 4479 2756 4545 aecommodabant,
2780 4477 3189 4547 deprehensum
3206 4483 3309 4529 est.
3328 4473 3467 4527 Nam
3481 4487 3611 4525 cum

345 4546 708 4640 tﬁaauvddou
748 4555 957 4625 ταύτης
1018 4556 1351 4611 καθίσταντο
1382 4556 1410 4609 6
1444 4557 1738 4628 εἰρημένος
1780 4557 1915 4618 θεῖος

2030 4546 2310 4633 Πείθιὶυω
2334 4572 2645 4629 Antiochiae
2666 4546 2986 4640 episcopum
3018 4566 3168 4637 apud
3190 4566 3609 4634 imperatorem,

351 4624 633 4717 Μήελεέτιος,
661 4648 760 4720 τὴν
783 4650 880 4720 τῆς
907 4647 1189 4720 Ἀντιόχου
1222 4648 1362 4720 ἔχων
1392 4624 1693 4721 ἐπιτροπήν
1714 4665 1733 4684 ο
1759 4648 1928 4702 Εὐσέ-

357 4739 468 4805 ϐιός
495 4758 556 4794 τε
583 4742 612 4794 6
643 4741 1001 4811 Σαμοσάτων,
1038 4740 1304 4808 Πελάγὶος
1334 4738 1656 4802 Λαοδικείας
1683 4739 1795 4809 ’τῆς¹
1822 4737 1926 4805 Σύ-

354 4850 485 4904 ρων,
508 4834 604 4886 καὶ
652 4831 908 4895 Ἀκάκιος
937 4834 980 4885 6‘
1014 4832 1369 4902 Καισαρείας,
1388 4833 1488 4900 τῆς
1535 4832 1924 4901 Παλαιστίνης,

352 4928 445 4978 καί
467 4925 740 4996 Είρηνίων
791 4928 820 4980 6
846 4925 1049 4995 Γάζης,
1078 4924 1177 4978 καὶ
1203 4926 1239 4980 6.
1275 4925 1546 4995 Ἀγκύρας
1583 4924 1926 4990 Ἀθανάσιος,

348 5018 436 5073 διά
476 5020 733 5090 ὐρφίτου
764 5019 860 5072 καὶ
896 5018 1133 5085 ΪΑετίουν
1171 5017 1801 5089 πρεσϐυτέρωνιῖἰτος,
1829 5018 1930 5073 Βό-

351 5128 553 5180 στρων,
581 5113 845 5183 Θεότιμος
889 5112 1159 5184 Ἀράϐων,
1193 5111 1494 5176 Λουκιανὸς
1540 5111 1775 5182 ’Λρκῶν,
1833 5111 1929 5169 καὶ

347 5207 528 5277 tngo;
550 5204 794 5259 πλεῖστοι
823 5207 918 5259 καὶ
940 5205 1220 5275 ἐλλόγιμοι
1239 5204 1458 5275 ἄνδρες.
1487 5203 1674 5259 Ταῦτα
1705 5204 1765 5258 δέ
1788 5204 1930 5273 πρά-

350 5298 561 5367 ξιντες,
612 5300 705 5356 καὶ
758 5300 837 5372 τῷ
867 5300 1080 5371 βασιλεῖ
1106 5298 1193 5353 τάκ
1232 5297 1555 5369 ἐγνωσμένα
1601 5298 1785 5363 αὐτοῖς
1810 5298 1928 5352 δια-

350 5395 688 5463 πέμπονται,
720 5392 1034 5463 γράψαντες
1091 5390 1267 5456 οὕτως
1289 5409 1304 5425 ο
1345 5408 1368 5444 ι
1399 5392 1492 5461 Τῷ
1546 5391 1926 5463 εὐσεϐεστάτῳ

350 5489 447 5542 καὶ
474 5486 877 5556 θεοφιλεστάτη)
922 5488 1345 5561 ήμῶνθδεσπότῃ
1399 5488 1669 5558 Ἰοϐιανῷ,
1704 5487 1924 5558 Νικητῇ

347 5578 664 5647 Αὐγούστῳ,
691 5581 725 5649 η
744 5580 855 5634 τῶν
882 5582 940 5633 ἐν
976 5578 1286 5653 Ἀντιοχείᾳ
1309 5580 1677 5635 συνελθόντων
1698 5580 1925 5633 ἐπισκόν

348 5686 464 5723 πων
493 5671 557 5722 ἐκ
585 5669 861 5743 διαφόρων
913 5672 1198 5746 ἐπαρχ.ῶν
1239 5672 1459 5740 σύνοδος
1493 5674 1592 5746 τὴν
1626 5673 1921 5744 ἐκκλησιαο

420 5852 495 5922 (ι)
526 5851 781 5910 Socrates
810 5853 995 5921 habet,
1033 5854 1332 5912 Pasim‘cur.

2030 4670 2141 4740 qui.
2174 4680 2307 4724 tum
2337 4666 2417 4722 ibi
2441 4674 2579 4731 erat,
2616 4665 2671 4718 in
2719 4676 2919 4733 magno
2947 4660 3127 4732 pretio
3178 4672 3300 4712 esse
3335 4656 3609 4720 viderent,

2031 4777 2161 4818 eum
2189 4776 2256 4817 eo
2284 4756 2563 4825 collocuti,
2615 4763 2687 4810 ut:
2727 4768 2950 4809 rursum
3008 4749 3323 4806 Antiochiae
3367 4749 3611 4819 synodus

2024 4853 2426 4914 celebraretur,
2451 4846 2708 4903 ell'ecere.
2758 4844 3007 4899 Meletius
3048 4850 3235 4897 autem
3261 4840 3310 4896 is
3335 4840 3461 4906 fuit,
3502 4841 3598 4909 qui

2030 4946 2199 5018 paulo
2220 4954 2348 5000 ante
2374 4942 2449 4997 ab
2474 4943 2561 4997 eis
2579 4941 2883 5011 seiunctus,
2914 4935 2984 4992 ad
3026 4934 3124 4990 τοῦ
3145 4934 3440 5007 ὁμοουσίου
3472 4946 3609 4988 cou-

2030 5036 2414 5098 substantialis
2439 5033 2849 5105 professionem
2870 5037 3206 5086 accesserat.
3256 5027 3449 5097 Itaque
3479 5039 3612 5080 con-

2030 5133 2160 5189 eilio
2178 5128 2487 5186 Antiochia:
2512 5127 2780 5198 Syrorum
2835 5135 3052 5188 coacto,
3093 5121 3373 5178 Nicaanam
3425 5117 3610 5181 ﬁdem,

2033 5235 2093 5282 ut
2116 5226 2328 5281 scilicet
2357 5223 2499 5279 citra
2533 5219 2969 5278 controversiam
3022 5216 3312 5288 ὁμοούσιος
3358 5209 3608 5269 Cousub~

2027 5317 2307 5374 stamialis
2329 5314 2481 5370 Patri
2519 5313 2699 5371 Filius
2733 5312 3047 5379 diceretur,
3103 5306 3395 5363 stabiliunt
3445 5314 3611 5370 atque

2028 5408 2380 5466 confirmant.
2410 5407 2472 5462 In
2509 5422 2573 5462 ea
2598 5404 2808 5476 synodo
2830 5404 3009 5469 fuere,
3035 5400 3219 5465 divus,
3246 5411 3410 5468 quem
3467 5395 3610 5448 dixi-

2027 5518 2172 5566 mus,
2230 5499 2487 5556 Mcletius
2534 5496 2914 5552 Antiochenus
2984 5494 3256 5554 antistes,
3335 5485 3613 5543 Eusebius

2008 5592 2447 5654 .Samosate'nus,
2478 5588 2731 5658 Pelagius
2748 5586 3039 5642 Laodiceae
3054 5584 3343 5654 Syrorum,
3376 5579 3617 5633 Aeacius

2026 5687 2291 5746 Caesareae
2355 5685 2694 5749 Palaestinas,
2770 5679 2991 5737 lrenion
3078 5675 3238 5733 Gaza
3265 5713 3285 5742 ,
3359 5672 3615 5728 Athana:-

2100 5856 2176 5928 (2)
2205 5855 2331 5912 Zela
2363 5862 2419 5912 et
2451 5852 2715 5921 Comana,
2751 5849 2951 5922 oppida
2977 5846 3358 5921 Cappadocia.
3387 5843 3531 5902 l’liu.
